4120 6422
428 395 465 455 ιι
486 394 585 456 135

1328 378 1931 444 THEOPHYLACTI
1960 379 2376 441 BULGARl/E
2427 378 2787 443 ARCIIIEP.

3571 378 3707 443 1136

438 506 562 561 Filii
592 517 786 559 sctrus
822 510 902 556 est
932 497 1014 570 (ὃ.
1044 496 1383 569 Apostolus),
1422 497 1649 566 aequalis
1680 496 1826 551 Patri
1851 493 2025 549 Filius

2141 495 2390 566 5μότιμος
2425 496 2541 549 ὲστι
2586 494 2668 565 τῷ
2694 494 2869 564 “arpi
2900 494 2994 547 καὶ
3023 495 3052 546 δ
3084 493 3210 556 Tib;
3252 492 3345 546 καὶ
3375 493 3496 546 κατ’
3522 494 3713 547 οὐσίαν

440 606 527 649 ρει
554 602 612 649 et
630 594 684 648 in
711 591 952 647 essentia
971 588 1104 644 etin
1134 586 1423 658 dignitate.
1447 585 1623 657 Supra
1645 598 1862 641 onmem
1892 598 2021 640 vero

445 687 632 743 munJi
679 683 999 755 dignitatem
1031 680 1336 752 gloriantur
1390 679 1645 748 apostoli,
1701 680 1847 749 quod
1909 678 2023 735 sint

444 778 584 834 servi
618 777 751 833 Jcsu
794 775 1024 835 Christi.

483 868 646 925 Vens.
675 870 730 923 2.
766 887 784 920 ι
820 866 993 923 Omne
1020 867 1277 936 gaudium
1305 863 1616 921 existimate
1667 864 1866 919 fratres
1894 863 2024 929 mei,

443 978 568 1021 cum
601 964 655 1019 in
693 962 1021 1017 tentationes
1042 960 1222 1016 varias
1251 957 1582 1014 incideritis.
1619 975 1637 1010 ι
1669 955 2026 1013 Tentationes

445 1061 499 1109 cl
532 1052 851 1107 amictioncs
870 1066 989 1122 quae
1021 1048 1329 1107 secundum
1354 1048 1524 1105 Deum
1561 1057 1713 1116 sunt,
1753 1059 1809 1104 et
1834 1048 2027 1103 lauda-

442 1146 604 1211 biles,
634 1152 688 1198 et
725 1142 923 1214 gaudio
949 1142 1144 1214 dignas
1164 1142 1316 1198 novit
1355 1141 1652 1211 Apostolus
1687 1140 1804 1213 (l):
1839 1141 2030 1194 vincu-

444 1238 555 1289 lum
583 1236 730 1291 cnim
760 1232 1160 1291 validissimum
1200 1244 1350 1301 sunt,
1381 1240 1435 1288 et
1464 1241 1820 1305 augmentum
1843 1230 2031 1286 chari-

446 1330 575 1383 tatis
614 1342 677 1381 ac
705 1326 1174 1399 compunctionis.
1209 1323 1365 1383 Unde
1392 1325 1596 1381 dictqu
1630 1332 1715 1379 est
1737 1323 1753 1353 ¹
1788 1339 1803 1377 :
1848 1339 1867 1374 ι
1902 1321 2030 1388 Fili,

445 1426 714 1476 accedens
784 1418 853 1474 ad
919 1419 1246 1476 servitutem
1316 1417 1433 1483 Dei,
1485 1430 1731 1487 prmpara
1786 1415 2029 1469 animam

444 1522 596 1565 tuam
627 1512 693 1567 ad
727 1512 1079 1567 tentationem
1118 1526 1132 1564 :
1160 1528 1178 1561 ›
1217 1518 1271 1564 et
1301 1508 1553 1564 Christus
1581 1510 1642 1562 ἐ
1689 1526 1707 1560 ι
1731 1506 1791 1562 ιιι
1827 1507 2033 1563 mundo

448 1606 670 1678 (inquit)
704 1617 1022 1674 pressuram
1058 1599 1375 1655 habebitis:
1414 1598 1510 1654 sed
1552 1598 1835 1653 conﬁdite.
1879 1617 1898 1650 ι
1928 1596 2034 1653 Ne-

428 1690 556 1769 que
581 1697 726 1751 enim
763 1693 881 1749 ﬁeri
901 1701 1103 1764 potest,
1124 1699 1181 1745 ut
1215 1694 1423 1762 absque
1444 1690 1735 1761 multiplici
1770 1689 2037 1746 exercita-

449 1794 599 1846 tione
630 1788 754 1859 quis
788 1788 905 1843 sive
929 1785 1287 1850 mundanam,
1318 1787 1433 1839 sive
1464 1782 1743 1839 cmlcstem
1770 1796 2034 1838 coronam

2125 588 2222 641 καὶ
2268 588 2412 642 κατὰ
2437 588 2624 658 τιμὴν.
2676 586 2851 652 ’Υπὲρ
2889 586 2998 639 πᾶν
3024 586 3080 639 δὲ
3130 587 3394 653 κοσμικδν
3422 583 3636 654 ἀξίωμα
3658 588 3710 640 οἱ

2125 683 2219 736 τοῦ
2256 681 2462 751 Κυρίου
2487 678 2777 734 ἀπόστολοι
2802 678 2861 732 τὸ
2883 678 2948 750 υ.
2968 677 3070 750 τῷ]
3098 676 3277 731 δοῦλοι
3299 674 3440 732 εἴναι
3471 677 3712 749 Χριστοῦ

2127 774 2582 839 καλλωπίζονται.

2205 886 2225 920 ι
2268 870 2453 923 Πᾶσαν
2520 868 2698 940 χαρὰν
2755 869 3059 939 ἡγήσασθε,
3110 866 3329 938 ἀδελφοί
3395 883 3519 937 μου,
3583 865 3716 918 ὅταν

2129 966 2457 1037 πειρασμοῖς
2480 963 2813 1036 περιπέσητε
2847 962 3136 1024 ποικίλοις.
3182 979 3200 1011 ι
3241 959 3379 1022 Τοὺς
3419 959 3564 1011 κατᾶ
3582 957 3715 1012 Θεὸν

2130 1058 2474 1127 πειρασμοὺς
2504 1057 2596 1110 καὶ
2626 1058 2726 1127 τὴν
2768 1055 2970 1125 λύπην,
3003 1054 3223 1118 τούτους
3273 1054 3365 1105 καὶ
3399 1042 3716 1113 ἐπαινετοὺς

2131 1143 2237 1203 οἶδε
2274 1148 2371 1202 καὶ
2393 1148 2569 1219 χαρᾶς
2628 1148 2812 1213 ἀξίους
2840 1165 2852 1178 ·
2885 1145 3084 1216 δεσμὸς
3113 1146 3223 1215 γὰρ
3252 1139 3401 1197 οὗτοί
3439 1144 3580 1196 εἰσιν
3619 1142 3718 1212 ἁρ-

2130 1238 2308 1311 ραγὴς
2358 1239 2454 1293 καὶ
2502 1236 2732 1308 αΰξησις
2760 1236 2980 1308 ἀγάπης
3020 1236 3115 1287 καὶ
3149 1231 3519 1298 κατανύξεως.
3554 1229 3720 1284 Ὅθεν

2133 1333 2353 1386 κάκεῖνο
2387 1331 2635 1403 εἴρηται·
2674 1350 2691 1382 ι
2728 1329 2960 1402 Τέκνον,
3015 1329 3065 1382 εί
3110 1327 3391 1398 προσέρχῃ
3443 1322 3719 1378 δουλεύειν

2132 1425 2208 1496 τῷ
2226 1425 2438 1497 Κυρίῳ,
2472 1423 2761 1495 ὲτοίμασον
2782 1422 2880 1493 τὴν
2899 1421 3080 1493 ψυχήν
3098 1437 3189 1473 σου
3215 1419 3295 1482 είς
3325 1415 3713 1488 πειρασμοῦς..

2136 1516 2246 1572 Καὶ
2272 1519 2299 1570 ὁ
2325 1514 2561 1586 Χριστός
2581 1530 2596 1545 ⁸
2629 1533 2648 1567 ι
2707 1515 2795 1569 Ἐν
2826 1513 2903 1584 τῷ
2938 1514 3129 1582 κόσμῳ
3164 1510 3342 1580 θλίψιν
3371 1508 3545 1573 ἕξετε,
3582 1506 3721 1561 ἀλλὰ

2135 1610 2409 1683 θαρσεῖτε.
2439 1627 2459 1660 ›
2489 1607 2563 1662 Οὐ
2592 1608 2698 1677 γάρ
2721 1609 2870 1661 ἐστιν
2913 1604 3070 1668 ἐκτὸς
3107 1602 3446 1674 γυμνασίων,
3480 1599 3603 1654 οὔτε
3632 1615 3725 1654 κοο

2138 1698 2517 1773 σμικῶν,οΰτε
2545 1699 2653 1753 τῶν
2694 1699 2836 1753 κατὰ
2873 1697 3028 1765 Θεδν,
3080 1696 3364 1766 στεφάνων
3400 1691 3718 1765 ἀξιωθῆναι.

2137 1792 2562 1865 Μετριοφρονῶν
2578 1791 2635 1846 δὲ
2654 1791 2916 1861 ἀδελφοὺς
2937 1789 3157 1855 αὐτοὺς,
3184 1788 3305 1859 οὐχὶ
3333 1786 3522 1846 τέκνα,
3541 1784 3718 1840 καλεῖ.

449 1883 724 1954 acquirat.
756 1880 981 1934 Fratres
1005 1893 1158 1943 vero,
1184 1886 1239 1932 ct
1261 1892 1368 1931 non
1402 1876 1544 1930 lilios
1594 1891 1712 1942 eos,
1754 1874 2035 1932 modestiae

2141 1853 2329 1959 Χαρῖίς
2446 1885 2632 1958 πάσης
2668 1885 2719 1938 οἱ
2747 1853 3049 1955 πειρασμοὶ
3096 1853 3371 1953 παραίτιοι
3409 1880 3522 1942 τοῖς
3551 1895 3722 1930 σπου-

418 1991 638 2046 ~causa,
666 1983 846 2030 vocat.
878 1971 1053 2028 Omne
1079 1979 1260 2026 autem
1294 1969 1553 2041 gaudium
1587 1967 1823 2023 aﬂ‘erunt
1855 1975 2035 2023 tenta-

451 2068 629 2121 tiones
658 2063 898 2121 strenuis
931 2059 1247 2116 hominibus
1275 2073 1288 2110 :
1320 2057 1580 2128 quoniam
1608 2070 1704 2125 per
1723 2069 1821 2111 eas
1848 2054 2038 2126 probi-

455 2168 538 2213 tas
572 2158 819 2226 ipsorum
852 2150 1239 2207 manifestatur
1268 2166 1280 2203 :
1313 2147 1562 2220 probitas
1587 2162 1717 2202 vero
1756 2161 1893 2217 opus
1924 2161 2041 2217 per-

424 2250 653 2305 lectum
685 2248 879 2303 exerit.
903 2242 1103 2299 Verum
1144 2243 1291 2296 dicet
1317 2242 1519 2310 aliquis
1565 2256 1580 2292 :
1612 2237 1672 2293 Si
1719 2236 2039 2307 hujusmodi

449 2351 534 2397 est
585 2339 954 2395 tentationum
1004 2335 1257 2399 cﬂectus,
1318 2347 1419 2388 cur
1469 2330 1723 2386 Christus
1776 2328 2039 2386 Dominus

453 2431 615 2485 docet
650 2444 774 2494 nos,
804 2440 999 2497 regare
1028 2423 1222 2489 Deum,
1262 2441 1281 2472 ι
1314 2437 1382 2476 ne
1412 2436 1512 2475 nos
1537 2421 1762 2475 inducat
1789 2418 1841 2473 in
1866 2426 2040 2474 tenta.

426 2521 735 2578 «tioncm’?
777 2541 795 2572 ι
862 2515 1306 2587 Respondemus,
1345 2512 1584 2583 duplicis
1657 2511 1877 2583 generis
1918 2525 2041 2567 esse

456 2615 783 2671 tentationes
819 2630 833 2667 :
883 2613 1087 2682 quippe
1144 2609 1263 2663 alia:
1297 2605 1625 2677 principium
1653 2604 1905 2661 babenta
1938 2618 2043 2659 no-

456 2708 573 2772 bis;
607 2707 725 2760 aliae
761 2719 892 2760 veto
916 2718 944 2758 a
973 2702 1083 2757 Deo
1142 2703 1521 2757 immittuntur
1570 2697 1639 2751 ad
1691 2696 2041 2762 exercitium,

454 2808 770 2867 nostraeque
796 2794 1019 2851 virtutis
1053 2790 1585 2846 maniiestationem.
1629 2786 1876 2857 Duplicis
1904 2800 2045 2858 quo-

424 2907 562 2959 -que
596 2888 812 2959 generis
842 2894 979 2941 sunt
1001 2884 1333 2940 teutationes
1358 2883 1462 2936 illa:
1501 2897 1622 2951 qua:
1657 2879 1987 2950 principium
2012 2892 2044 2932 a

456 2982 617 3036 nobis
650 2980 872 3034 habent.
908 2976 1119 3046 Aliquae
1167 2975 1313 3030 enim
1354 2972 1611 3027 oriuntur
1635 2985 1703 3026 ex
1748 2970 2046 3024 irrationa-

457 3073 553 3128 bili
601 3070 947 3133 fortitudine,
1020 3082 1185 3138 quam
1223 3064 1510 3120 audaciam
1575 3050 1948 3134 appellamus}
2012 3076 2043 3115 a

422 3194 427 3199 ν
455 3178 564 3234 qua
587 3176 780 3217 cavere
821 3174 924 3215 nos
951 3158 1109 3214 docet
1136 3157 1298 3227 322
1352 3156 1617 3210 Dominus
1646 3169 1660 3206 :
1698 3153 2045 3225 quandoqui-

465 3229 589 3312 dem
631 3273 651 3307 ι
714 3253 942 3325 spiritus
1004 3270 1024 3305 ι
1072 3250 1293 3322 quidem
1330 3266 1349 3300 ι
1394 3256 1798 3318 promptus_cst
1848 3246 1893 3314 ⁸,
1933 3265 1953 3299 ι
1989 3255 2044 3301 at
2073 3229 2115 3285 ο

459 3349 781 3406 certaminis
803 3356 1046 3416 tempore
1068 3360 1129 3400 ea
1154 3341 1531 3415 promptitudo
1571 3355 1717 3411 saepe
1744 3339 2043 3410 exstingui-

462 3456 591 3512 tur;
623 3444 812 3513 sicque
837 3438 1067 3493 audacia
1126 3441 1181 3491 in
1211 3437 1415 3491 bonum
1449 3435 1665 3489 tandem
1717 3448 1825 3487 non
1877 3433 2041 3487 cedit.

420 3576 427 3577 κ
462 3535 596 3588 Alia:
624 3547 752 3587 vero
781 3531 1113 3586 tentationcs
1149 3541 1247 3583 seu
1304 3525 1633 3581 amictiones
1664 3534 1887 3596 propter
1919 3538 2046 3594 pec-

420 3655 429 3663 -
462 3636 583 3681 cata
616 3623 968 3687 inferuntur;
1008 3630 1067 3676 ut
1101 3618 1403 3675 Sodomitis
1423 3618 1699 3671 interitus.
1736 3617 1903 3669 l‘orro
1931 3624 1964 3668 ιι
1986 3630 2049 3668 ιι-

426 3719 695 3774 -tatioues
736 3713 1056 3786 ltujusmodi
1093 3711 1242 3768 omni
1298 3724 1431 3764 cura
1458 3708 1732 3780 fugiendae
1786 3722 1817 3761 a
1882 3707 2043 3761 nobis

435 3821 612 3880 .sunt,
642 3811 805 3866 vitam
840 3808 1088 3865 ducendo
1118 3824 1147 3860 a
1175 3814 1403 3878 peccato
1427 3805 1748 3858 immunem.
1790 3803 1879 3863 At.
1920 3814 2041 3870 qua}

458 3922 490 3960 a
516 3906 626 3960 Deo
660 3904 1052 3969 immittuntur,
1089 3900 1403 3969 cujusmoii
1434 3896 1677 3959 fuerunt,
1714 3911 1850 3965 quas
1871 3896 2043 3951 Julius

2134 1978 2333 2042 δαῐοις,
2361 1976 2539 2032 ὅτιτὸ
2596 1975 2842 2045 δοκίμιον
2884 1973 3063 2028 αὐτῶν
3105 1972 3194 2025 διὰ
3254 1970 3459 2025 τούτων
3510 1969 3723 2038 γίνεται

2139 2070 2392 2141 φανερόν.
2429 2070 2503 2124 Τὸ
2561 2068 2670 2139 γὰρ
2697 2067 2945 2138 δοκίμιον
2992 2068 3071 2131 είς
3108 2065 3270 2137 ἔργον
3304 2064 3508 2117 τέλειον
3542 2077 3725 2133 παροι-

2091 2210 2097 2215 .
2136 2163 2373 2235 πέμπει.
2414 2161 2687 2233 ’Δλλ’ὲρεῖ
2702 2178 2805 2225 τις·
2836 2159 2899 2213 Εἰ
2920 2157 3161 2213 τοιοῦτον
3182 2158 3241 2210 τὸ
3273 2156 3381 2211 τῶν
3401 2155 3725 2228 πειρασμῶν

2140 2252 2325 2324 ἔργον,
2353 2251 2471 2316 πῶς
2500 2252 2577 2315 είς
2606 2249 2911 2321 πειρασμὸν
2934 2251 2960 2303 ὸ
2979 2246 3212 2321 Χριστὸς
3247 2245 3321 2319 μὴ
3352 2243 3726 2315 εἰσενεχθῆναι

2141 2347 2199 2400 ὲν
2233 2348 2301 2418 τῇ
2344 2345 2477 2416 εὐχῇ
2511 2343 2754 2397 διδάσκει
2800 2342 2947 2413 ἡμᾶς
2996 2340 3086 2393 τὸν
3133 2338 3264 2391 Θεδν
3311 2335 3727 2410 παραιτεῖσθαις

2140 2438 2325 2506 Φαμὲν
2351 2430 2466 2502 οὖν,
2490 2434 2571 2487 ὅτι
2606 2431 2774 2485 διττοί
2805 2433 2945 2484 εἰσιν
2968 2433 3016 2483 οἱ
3052 2427 3375 2499 πειρασμοὶ,
3398 2427 3446 2479 oi
3482 2425 3582 2495 μὲν
3624 2425 3727 2494 τὴν

2142 2524 2317 2596 ἀρχὴν
2342 2524 2435 2594 ἀφ’
2465 2522 2622 2593 ἡμῶν
2649 2521 2887 2591 ἔχοντες,
2915 2521 2965 2573 οί
3014 2520 3071 2573 δὲ
3104 2519 3213 2571 ἀπὸ
3245 2516 3381 2570 Θεοῦ
3414 2516 3726 2588 γυμνασίας

2144 2619 2304 2689 χάριν
2354 2617 2450 2670 καὶ
2507 2615 2863 2687 ἀναρρήσεως
2909 2613 3040 2683 ἡμῖν
3065 2609 3420 2681 ἐπαγόμενοι.
3458 2609 3634 2661 Διττοί
3667 2607 3726 2659 δὲ

2145 2708 2311 2760 κοιὶοὶ
2347 2705 2443 2776 ἀφ’
2474 2703 2632 2775 ἡμῶν
2661 2703 2759 2775 τὴν
2784 2703 2959 2774 ἀρχὴν
2990 2703 3233 2772 ἔχοντες·
3267 2699 3403 2753 οἵτε
3436 2699 3503 2752 δι’
3537 2698 3730 2765 ἀλόγι-

2147 2817 2272 2854 στιν
2307 2797 2581 2870 ἀνδρείαν,
2611 2797 2639 2850 δ
2669 2799 2762 2852 καὶ
2785 2783 2984 2868 θράσος
3021 2793 3326 2864 καλοῦμεν·
3357 2793 3384 2845 ὃ
3407 2794 3498 2846 καῖ
3522 2790 3728 2861 φυλάτ-

2144 2890 2334 2945 τεσθαι
2367 2891 2671 2959 εἰσηγεῖται
2698 2890 2726 2942 ὁ
2756 2888 2983 2959 Κύριος,
3017 2887 3093 2951 ὡς
3133 2886 3227 2940 τοῦ
3281 2886 3379 2956 μὲν
3415 2884 3730 2955 πνεύματος

2146 2982 2431 3053 προθύμου
2460 2981 2634 3045 ὄντος,
2676 2979 2882 3051 μεταξὺ
2931 2979 2989 3032 δὲ
3017 2978 3245 3047 ἀγώνων
3276 2978 3376 3047 τῆς
3416 2975 3731 3048 προθυμίας

2145 3077 2603 3145 ἀποσϐεσθείσης,
2623 3077 2717 3127 καὶ
2749 3074 2851 3127 οὐκ
2882 3075 2961 3137 είς
2993 3071 3199 3136 ἀγαθὸν
3224 3074 3337 3135 τοῖς
3359 3070 3729 3142 χρησαμένοις

2146 3171 2569 3241 τελευτησάσης.
2613 3170 2737 3223 Οῖτε
2772 3167 2840 3222 δι’
2876 3166 3156 3239 ἁμαρτίας
3210 3165 3619 3234 ἐπιφερόμενοι,
3651 3162 3730 3225 ὡς

2148 3267 2258 3343 τοῖς
2290 3263 2608 3333 Σοδομίταις
2645 3262 2676 3314 δ
2707 3259 2947 3331 ὄλεθρος.
2968 3259 3202 3321 Τούτους
3237 3258 3360 3319 τοὺς
3386 3256 3730 3326 πειρασμοῡς

2149 3355 2248 3427 ὅση
2263 3353 2491 3423 δύναμις
2508 3354 2768 3423 φευκτέον
2788 3353 3188 3423 ἀναμαρτήτως
3202 3349 3409 3421 βιοῦσιν
3430 3369 3445 3381 ο
3472 3352 3589 3403 ἐπεὶ
3602 3351 3731 3413 τοῦς

2132 3448 2213 3513 ⁷γε
2234 3446 2340 3499 ἀπὸ
2362 3445 2523 3512 Θεοῦ,
2566 3445 2640 3509 ὡς
2672 3445 2749 3516 τῷ
2777 3444 2921 3507 Ἰὼϐ,
2952 3445 3028 3506 ὡς
3067 3444 3143 3514 τῷ
3185 3442 3454 3512 Ἀϐραὰμ,
3481 3442 3731 3514 μὴμόνον

2150 3535 2212 3588 οὐ
2254 3535 2539 3603 φευκτέον,
2581 3533 2694 3587 ἀλλ’
2727 3536 2774 3586 εἰ
2806 3532 3055 3599 δυνατὸν,
3097 3531 3186 3586 διὰ
3216 3534 3312 3603 τῆς
3340 3533 3612 3603 ὑπομονῆς
3636 3530 3731 3585 καὶ

2151 3623 2504 3694 εὐχαριστίας
2558 3624 2945 3687 ὲπισπαστέον,
2993 3622 3067 3684 ὡς
3103 3625 3456 3694 ἀναρρήσεως
3495 3623 3587 3675 καὶ
3608 3638 3731 3675 στε-

2151 3714 2335 3783 φάνων
2357 3713 2557 3779 ἀξίους.
2596 3732 2613 3765 ι
2652 3714 2981 3783 Πειρασμιίς
3013 3713 3069 3766 δὲ
3098 3712 3382 3777 ποικίλοις,
3418 3731 3438 3765 ι
3473 3708 3614 3778 εἷπε,
3640 3713 3726 3765 διὰ

2151 3806 2212 3858 τὸ
2240 3806 2363 3868 τοὺς
2388 3804 2752 3876 πειρασμοὺς,
2781 3803 2852 3867 ὼ,
2888 3803 3120 3874 ἔφημεν,
3154 3803 3284 3866 τοὺς
3319 3805 3418 3875 μὲν
3433 3803 3541 3857 ἀπὸ
3569 3801 3724 3869 Θεοῦ,

2153 3897 2275 3959 τοὺς
2299 3896 2355 3949 δὲ
2383 3896 2474 3965 ἁῳ’
2508 3897 2663 3967 ἡμῶν
2688 3892 2850 3952 εἶναι.

460 4012 516 4059 et
542 3999 885 4054 Abrahamus
920 3997 1349 4069 pertulerc,non
1398 3994 1577 4051 solum
1610 3992 1882 4062 fugiendae
1924 4008 2032 4045 non
2074 4001 2238 4059 sunt;
2272 4008 2457 4047 verum
2480 3993 2669 4056 etiam,
2700 3997 2744 4048 si
2776 3991 2890 4046 lieri
2940 3993 3137 4063 possit,
3189 4006 3284 4061 per
3303 3992 3618 4060 patientiam
3675 3997 3734 4047 et

464 4101 765 4171 gratiarum
797 4096 1070 4151 actionem
1094 4101 1226 4149 sunt
1259 4091 1630 4159 asciscendaz;
1701 4097 1889 4160 utpote
1922 4104 2045 4159 quae
2081 4087 2309 4157 gloriam
2376 4098 2431 4143 cl
2498 4102 2758 4143 coronam
2816 4098 3119 4144 merentur.
3194 4106 3213 4139 ι
3251 4089 3584 4144 Tentalioue:
3637 4101 3739 4140 au-

462 4211 570 4251 tem
614 4194 791 4248 varias
818 4210 837 4244 ι
881 4190 1043 4255 dixit,
1072 4202 1138 4274 ea
1182 4189 1410 4252 ratione,
1452 4200 1616 4257 quam
1656 4186 1818 4242 modo
1865 4183 2284 4255 explicavimus,
2333 4185 2463 4255 quia
2503 4185 2710 4241 scilicet
2767 4187 2888 4241 alia:
2943 4187 3160 4255 quidem
3218 4187 3544 4243 tetttationcs
3606 4189 3736 4240 sunt

464 4304 495 4344 ιι
540 4286 671 4349 Deo,
696 4285 815 4337 alia:
844 4296 973 4336 vero
993 4295 1023 4334 a
1057 4278 1236 4334 nobis.

534 4374 704 4431 Vens.
732 4375 785 4429 '5.
817 4391 835 4424 ι
869 4372 1140 4435 Scientes,
1198 4367 1346 4437 quod
1405 4365 1657 4437 probatio
1689 4373 1886 4420 vestra:
1923 4365 2044 4420 [idei

464 4467 791 4537 patientiam
823 4468 1108 4532 operatur.
1150 4476 1169 4511 ι
1205 4456 1341 4513 Cum
1393 4456 1635 4526 duplicis
1666 4455 1884 4525 generis
1914 4456 2047 4521 sint,

466 4571 523 4612 ut
548 4555 808 4619 diximus,
837 4550 1190 4612 teutatinnes,
1214 4549 1267 4601 in
1303 4548 1551 4616 utrisque
1573 4546 1725 4601 utilis
1755 4558 1816 4601 ac
1842 4559 2048 4602 conre-

464 4649 623 4703 niens
652 4660 736 4702 est
769 4644 1029 4715 patientia
1056 4657 1071 4693 :
1105 4642 1159 4696 in
1192 4641 1260 4694 iis
1282 4639 1527 4709 quidem,
1563 4649 1685 4706 qua:
1706 4650 1735 4688 a
1765 4635 1874 4688 Deo
1898 4641 2047 4698 sunt,

367 4808 371 4819 ‘
465 4740 723 4809 quoniam
761 4737 994 4807 gloriam
1034 4733 1231 4788 exinde
1258 4729 1624 4800 acquirimus,
1676 4727 1840 4784 sicuti
1872 4728 2049 4781 Abra-

2239 4384 2256 4417 ι
2298 4363 2686 4430 Γινώσκοντες,
2756 4364 2838 4418 ὅτι
2911 4363 2972 4417 τὸ
3014 4363 3261 4435 δοκίμιον
3309 4360 3476 4432 ὑμῶν
3510 4360 3611 4431 τῆς
3647 4361 3738 4416 πί-

2155 4472 2329 4519 στεως
2363 4454 2766 4525 κατεργάζεται
2791 4454 3092 4525 ὑπομονήν.
3124 4472 3145 4519 ρ
3184 4452 3391 4509 Διττῶν
3428 4451 3596 4504 ὄντων
3626 4452 3739 4506 τῶν

2158 4548 2506 4616 πειρασμῶν,
2533 4547 2606 4611 ὡς
2644 4546 2876 4616 ἔφαμεν,
2927 4547 3193 4615 συμφέρει
3250 4543 3374 4600 καθ’
3416 4544 3677 4613 ἑκάτερον
3703 4547 3738 4615 ἡ

2158 4640 2406 4711 ὑπομονὴ
2442 4656 2454 4670 °
2494 4640 2587 4691 ἐπὶ
2643 4639 2740 4710 μὲν
2769 4637 2880 4692 τῶν
2920 4638 3027 4690 ἀπὸ
3057 4637 3216 4703 Θεοῦ,
3249 4638 3331 4690 ὅτι
3377 4637 3737 4707 ἀναρρήσεως

2157 4728 2391 4780 ἐνταῦθα
2427 4726 2791 4796 τυγχάνομεν,
2853 4726 2927 4787 ὡς
2981 4727 3009 4778 ὁ
3070 4726 3343 4795 ’Δόραὲτμ,
3401 4725 3475 4789 ὡς
3509 4729 3536 4778 ὁ
3592 4725 3737 4778 ἰὡ6’

465 4834 590 4886 liam
621 4839 675 4885 et
701 4828 807 4883 Job
839 4845 856 4887 ι
895 4829 951 4882 in
993 4827 1063 4880 iis
1099 4841 1252 4891 vero,
1280 4838 1399 4892 quae
1430 4818 1558 4877 eunt
1587 4835 1616 4874 a
1640 4820 1821 4887 nobis,
1865 4827 1924 4872 ut
1957 4833 2041 4874 eas

2161 4822 2252 4873 ἐπὶ
2275 4819 2330 4873 δὲ
2360 4820 2466 4872 τῶν
2489 4818 2787 4891 ἀφ’ἡμῶν,
2832 4818 2913 4871 ὅτι
2963 4818 3362 4888 ὑπομενὸμενοι
3405 4815 3523 4886 μετ’
3569 4818 3738 4887 εὐχα-

466 4939 591 4980 cum
621 4922 922 4992 gratiarum
980 4919 1196 4973 actione
1259 4914 1621 4978 sustinentes,
1650 4914 1703 4968 in
1733 4925 2054 4983 couttpensa~

468 5020 673 5073 tionem
707 5030 802 5085 pro
827 5012 1070 5083 peccatis
1105 5025 1225 5080 quae
1272 5008 1675 5073 commisimus,
1706 5006 1817 5060 Deo
1850 5004 2050 5060 oﬂcra-

466 5124 611 5165 mus.
662 5106 763 5173 Qui
814 5106 957 5160 cnim
975 5102 1142 5174 judex
1167 5102 1373 5159 ost-sui
1402 5101 1596 5171 ipsius,
1624 5099 1825 5155 salutis
1847 5098 2051 5168 princi-

467 5204 616 5274 pium
662 5198 990 5267 sibimctipsi
1069 5205 1265 5266 parat;
1321 5194 1433 5265 jam
1488 5192 1635 5248 enim
1666 5191 1733 5245 ad
1818 5189 2051 5245 formam

465 5294 599 5364 justi
649 5292 1048 5365 quadamtenus
1102 5284 1349 5351 accedit,
1432 5283 1706 5353 siquidem
1765 5301 1784 5335 ι
1853 5280 2046 5336 Jusms

470 5387 620 5457 prior
645 5395 728 5442 est
758 5389 1048 5440 accusator
1082 5380 1168 5436 sui
1204 5378 1246 5432 ⁸.
1277 5397 1295 5429 ι

2161 4915 2366 4988 κιο-πίας
2390 4915 2554 4969 οἱονεὶ
2611 4915 2981 4984 ἁντισήκωσιν
3018 4914 3223 4981 ταύτην
3273 4912 3599 4983 εἰσφέρομεν
3626 4912 3738 4963 τῶν

2159 5008 2592 5079 ἡμαρτημένων.
2613 5006 2671 5060 Ὀ
2696 5007 2801 5077 γὰρ
2820 5003 3150 5075 ἐπιγνώμων
3168 5005 3275 5058 τῶν
3312 5003 3532 5069 ἑαυτοῦ,
3558 5003 3735 5075 ἀρχὴν

2154 5098 2336 5169 ἑαυτῷ
2371 5096 2701 5151 ητεὸἁλετο
2768 5097 3065 5168 σωτηρίας,
3132 5095 3227 5147 καὶ
3278 5094 3357 5157 εἰς
3407 5094 3738 5164 χαρακτῆρα

2154 5192 2354 5245 ἑαυτὸν
2402 5189 2737 5261 ἀφωμοίωσε
2790 5190 3026 5256 δικαίου,
3076 5189 3237 5258 εἴπερ
3274 5207 3292 5241 ι
3338 5187 3501 5260 Ἀνὴρ
3527 5187 3737 5252 δίκαιος

2166 5288 2222 5339 ἐν
2260 5286 2605 5357 πρωτολογία
2644 5284 2840 5338 ἑαυτοῦ
2877 5285 3204 5356 κατήγορος.
3237 5302 3255 5335 ι
3334 5312 3341 5319 -

580 5568 595 5598 ¹
632 5566 804 5622 Eceli.
834 5582 897 5630 ιι,
933 5565 985 5618 i.
1066 5561 1266 5617 ’Joan.
1305 5576 1417 5627 im,
1454 5558 1543 5611 55.
1626 5555 1645 5586 ⁸
1671 5553 1866 5609 Matth.
1900 5570 1975 5617 γι,
2012 5554 2030 5605 l

2175 5552 2422 5610 ‘Mattb.
2480 5569 2629 5621 xm,
2686 5552 2777 5613 42,
2855 5554 2875 5585 ⁸
2925 5550 3089 5608 Prov.
3152 5569 3312 5621 xvm,
3363 5553 3450 5608 Π.

1708 5702 2024 5774 Bonifacii
2061 5703 2291 5764 Fiuetti
2337 5711 2528 5765 notae.

549 5843 626 5914 (ι.)
658 5841 851 5898 Verbis
874 5857 995 5911 quae
1044 5852 1351 5911 sequuntur
1415 5853 1610 5895 nomen
1658 5835 2047 5908 .Clirysostomi
2090 5842 2426 5905 prreuotatur
2457 5834 2510 5891 in
2541 5832 2744 5890 Catena
2775 5830 3212 5890 Vindobonensi.
