  <div class='ocr_page' id='page_1' title='image "/cluster/home/n/w/nwhite01/storage/ocr_20150623/125:no.3/coo.31924054870302/577.png"; bbox 0 0 4120 6500; ppageno 0'>
   <div class='ocr_carea' id='block_1_1' title="bbox 455 492 598 557">
    <p class='ocr_par' dir='ltr' id='par_1_1' title="bbox 455 492 598 557">
     <span class='ocr_line' id='line_1_1' title="bbox 455 492 598 557; baseline 0 -1"><span class='ocrx_word' id='word_1_1' title='bbox 455 492 598 557; x_wconf 78' lang='lat'><strong>1139</strong></span> 
     </span>
    </p>
   </div>
   <div class='ocr_carea' id='block_1_2' title="bbox 1333 474 2761 565">
    <p class='ocr_par' dir='ltr' id='par_1_2' title="bbox 1333 474 2761 565">
     <span class='ocr_line' id='line_1_2' title="bbox 1333 474 2761 565; baseline -0.003 -14"><span class='ocrx_word' id='word_1_2' title='bbox 1333 485 1915 565; x_wconf 70' lang='lat' dir='ltr'><strong>THEOPIIYLACTI</strong></span> <span class='ocrx_word' id='word_1_3' title='bbox 1951 474 2365 546; x_wconf 59' lang='lat' dir='ltr'><strong>BULGARIJ‘E</strong></span> <span class='ocrx_word' id='word_1_4' title='bbox 2404 483 2761 547; x_wconf 70' lang='lat' dir='ltr'><strong>ARCHIEP.</strong></span> 
     </span>
    </p>
   </div>
   <div class='ocr_carea' id='block_1_3' title="bbox 3589 484 3730 552">
    <p class='ocr_par' dir='ltr' id='par_1_3' title="bbox 3589 484 3730 552">
     <span class='ocr_line' id='line_1_3' title="bbox 3589 484 3730 552; baseline 0.021 -3"><span class='ocrx_word' id='word_1_5' title='bbox 3589 484 3730 552; x_wconf 70' lang='grc'><strong>1140</strong></span> 
     </span>
    </p>
   </div>
   <div class='ocr_carea' id='block_1_4' title="bbox 450 590 2037 679">
    <p class='ocr_par' dir='ltr' id='par_1_4' title="bbox 450 590 2037 679">
     <span class='ocr_line' id='line_1_4' title="bbox 450 590 2037 679; baseline -0.009 -14"><span class='ocrx_word' id='word_1_6' title='bbox 450 609 574 679; x_wconf 84' lang='lat' dir='ltr'><strong>ejus</strong></span> <span class='ocrx_word' id='word_1_7' title='bbox 593 606 736 674; x_wconf 82' lang='lat' dir='ltr'><strong>flori,</strong></span> <span class='ocrx_word' id='word_1_8' title='bbox 752 615 810 662; x_wconf 93' lang='lat' dir='ltr'><strong>ut</strong></span> <span class='ocrx_word' id='word_1_9' title='bbox 838 605 1219 663; x_wconf 77' lang='lat' dir='ltr'><strong>brevissimam</strong></span> <span class='ocrx_word' id='word_1_10' title='bbox 1242 590 1421 676; x_wconf 81' lang='lat' dir='ltr'><strong>ipsius</strong></span> <span class='ocrx_word' id='word_1_11' title='bbox 1437 602 1780 659; x_wconf 79' lang='lat' dir='ltr'><strong>durationem</strong></span> <span class='ocrx_word' id='word_1_12' title='bbox 1809 597 2009 654; x_wconf 87' lang='lat' dir='ltr'><strong>eviden</strong></span> <span class='ocrx_word' id='word_1_13' title='bbox 2023 627 2037 637; x_wconf 86' lang='lat'><strong>-</strong></span> 
     </span>
    </p>
   </div>
   <div class='ocr_carea' id='block_1_5' title="bbox 2137 590 3725 679">
    <p class='ocr_par' dir='ltr' id='par_1_5' title="bbox 2147 594 3725 679">
     <span class='ocr_line' id='line_1_5' title="bbox 2147 594 3725 679; baseline 0.001 -29"><span class='ocrx_word' id='word_1_14' title='bbox 2147 596 2532 669; x_wconf 71' lang='grc' dir='ltr'>μευιμωτέρῳ.</span> <span class='ocrx_word' id='word_1_15' title='bbox 2570 596 2686 652; x_wconf 83' lang='grc' dir='ltr'>ἀλλ’</span> <span class='ocrx_word' id='word_1_16' title='bbox 2710 597 2886 663; x_wconf 78' lang='grc' dir='ltr'>ἄνθει,</span> <span class='ocrx_word' id='word_1_17' title='bbox 2926 597 2987 679; x_wconf 62' lang='grc' dir='ltr'><strong>τό</strong></span> <span class='ocrx_word' id='word_1_18' title='bbox 3011 596 3381 669; x_wconf 79' lang='grc' dir='ltr'>ὀλιγοχρόνιον</span> <span class='ocrx_word' id='word_1_19' title='bbox 3411 594 3577 651; x_wconf 82' lang='grc' dir='ltr'>αὐτοῦ</span> <span class='ocrx_word' id='word_1_20' title='bbox 3614 615 3725 653; x_wconf 69' lang='grc' dir='ltr'>παι-</span> 
     </span>
    </p>
   </div>
   <div class='ocr_carea' id='block_1_6' title="bbox 453 689 2044 775">
    <p class='ocr_par' dir='ltr' id='par_1_6' title="bbox 453 689 2044 775">
     <span class='ocr_line' id='line_1_6' title="bbox 453 689 2044 775; baseline -0.009 -15"><span class='ocrx_word' id='word_1_21' title='bbox 453 709 565 762; x_wconf 89' lang='lat' dir='ltr'><strong>tius</strong></span> <span class='ocrx_word' id='word_1_22' title='bbox 589 703 881 775; x_wconf 77' lang='lat' dir='ltr'><strong>exprimat.</strong></span> <span class='ocrx_word' id='word_1_23' title='bbox 914 703 987 757; x_wconf 82' lang='lat' dir='ltr'><strong>At</strong></span> <span class='ocrx_word' id='word_1_24' title='bbox 1016 717 1146 759; x_wconf 92' lang='lat' dir='ltr'><strong>vero</strong></span> <span class='ocrx_word' id='word_1_25' title='bbox 1190 715 1362 770; x_wconf 86' lang='lat' dir='ltr'><strong>quare</strong></span> <span class='ocrx_word' id='word_1_26' title='bbox 1395 699 1574 753; x_wconf 87' lang='lat' dir='ltr'><strong>dictus</strong></span> <span class='ocrx_word' id='word_1_27' title='bbox 1607 702 1692 752; x_wconf 90' lang='lat' dir='ltr'><strong>est</strong></span> <span class='ocrx_word' id='word_1_28' title='bbox 1721 694 1825 750; x_wconf 90' lang='lat' dir='ltr'><strong>iste</strong></span> <span class='ocrx_word' id='word_1_29' title='bbox 1877 711 1897 745; x_wconf 81' lang='grc' dir='ltr'><strong>ι</strong></span> <span class='ocrx_word' id='word_1_30' title='bbox 1931 689 2044 746; x_wconf 87' lang='lat' dir='ltr'><strong>Du-</strong></span> 
     </span>
    </p>
   </div>
   <div class='ocr_carea' id='block_1_7' title="bbox 448 788 2040 870">
    <p class='ocr_par' dir='ltr' id='par_1_7' title="bbox 448 788 2040 870">
     <span class='ocr_line' id='line_1_7' title="bbox 448 788 2040 870; baseline -0.009 -16"><span class='ocrx_word' id='word_1_31' title='bbox 448 800 574 870; x_wconf 82' lang='lat' dir='ltr'><strong>plex</strong></span> <span class='ocrx_word' id='word_1_32' title='bbox 608 797 792 852; x_wconf 91' lang='lat' dir='ltr'><strong>animo</strong></span> <span class='ocrx_word' id='word_1_33' title='bbox 823 795 849 849; x_wconf 85' lang='lat'><strong>?</strong></span> <span class='ocrx_word' id='word_1_34' title='bbox 894 816 912 848; x_wconf 73' lang='grc' dir='ltr'><strong>ι</strong></span> <span class='ocrx_word' id='word_1_35' title='bbox 968 792 1213 859; x_wconf 81' lang='lat' dir='ltr'><strong>Scilicet,</strong></span> <span class='ocrx_word' id='word_1_36' title='bbox 1248 793 1378 863; x_wconf 84' lang='lat' dir='ltr'><strong>quia</strong></span> <span class='ocrx_word' id='word_1_37' title='bbox 1403 804 1579 860; x_wconf 93' lang='lat' dir='ltr'><strong>neque</strong></span> <span class='ocrx_word' id='word_1_38' title='bbox 1615 788 1683 843; x_wconf 86' lang='lat' dir='ltr'><strong>ad</strong></span> <span class='ocrx_word' id='word_1_39' title='bbox 1713 794 2040 858; x_wconf 67' lang='lat' dir='ltr'><strong>praesentem</strong></span> 
     </span>
    </p>
   </div>
   <div class='ocr_carea' id='block_1_8' title="bbox 450 879 2040 960">
    <p class='ocr_par' dir='ltr' id='par_1_8' title="bbox 450 879 2040 960">
     <span class='ocr_line' id='line_1_8' title="bbox 450 879 2040 960; baseline -0.009 -14"><span class='ocrx_word' id='word_1_40' title='bbox 450 906 630 960; x_wconf 88' lang='lat' dir='ltr'><strong>neque</strong></span> <span class='ocrx_word' id='word_1_41' title='bbox 657 888 725 944; x_wconf 88' lang='lat' dir='ltr'><strong>ad</strong></span> <span class='ocrx_word' id='word_1_42' title='bbox 776 887 1019 942; x_wconf 89' lang='lat' dir='ltr'><strong>futuram</strong></span> <span class='ocrx_word' id='word_1_43' title='bbox 1051 886 1220 941; x_wconf 89' lang='lat' dir='ltr'><strong>vitam</strong></span> <span class='ocrx_word' id='word_1_44' title='bbox 1254 891 1339 940; x_wconf 90' lang='lat' dir='ltr'><strong>est</strong></span> <span class='ocrx_word' id='word_1_45' title='bbox 1379 881 1720 938; x_wconf 85' lang='lat' dir='ltr'><strong>confidenter</strong></span> <span class='ocrx_word' id='word_1_46' title='bbox 1749 879 1993 934; x_wconf 89' lang='lat' dir='ltr'><strong>directus</strong></span> <span class='ocrx_word' id='word_1_47' title='bbox 2023 893 2040 931; x_wconf 92' lang='lat'><strong>:</strong></span> 
     </span>
    </p>
   </div>
   <div class='ocr_carea' id='block_1_9' title="bbox 449 970 2039 1052">
    <p class='ocr_par' dir='ltr' id='par_1_9' title="bbox 449 970 2039 1052">
     <span class='ocr_line' id='line_1_9' title="bbox 449 970 2039 1052; baseline -0.01 -13"><span class='ocrx_word' id='word_1_48' title='bbox 449 984 508 1039; x_wconf 89' lang='lat' dir='ltr'><strong>in</strong></span> <span class='ocrx_word' id='word_1_49' title='bbox 542 982 828 1052; x_wconf 73' lang='lat' dir='ltr'><strong>Scriptura</strong></span> <span class='ocrx_word' id='word_1_50' title='bbox 864 980 1009 1036; x_wconf 90' lang='lat' dir='ltr'><strong>enim</strong></span> <span class='ocrx_word' id='word_1_51' title='bbox 1063 979 1282 1033; x_wconf 89' lang='lat' dir='ltr'><strong>animus</strong></span> <span class='ocrx_word' id='word_1_52' title='bbox 1315 992 1411 1032; x_wconf 87' lang='lat' dir='ltr'><strong>seu</strong></span> <span class='ocrx_word' id='word_1_53' title='bbox 1459 975 1640 1029; x_wconf 83' lang='lat' dir='ltr'><strong>anima</strong></span> <span class='ocrx_word' id='word_1_54' title='bbox 1674 972 1873 1028; x_wconf 86' lang='lat' dir='ltr'><strong>dicitur</strong></span> <span class='ocrx_word' id='word_1_55' title='bbox 1904 970 2039 1036; x_wconf 85' lang='lat' dir='ltr'><strong>vita,</strong></span> 
     </span>
    </p>
   </div>
   <div class='ocr_carea' id='block_1_10' title="bbox 444 1064 2043 1147">
    <p class='ocr_par' dir='ltr' id='par_1_10' title="bbox 444 1064 2043 1147">
     <span class='ocr_line' id='line_1_10' title="bbox 444 1064 2043 1147; baseline -0.008 -17"><span class='ocrx_word' id='word_1_56' title='bbox 444 1077 601 1147; x_wconf 80' lang='lat' dir='ltr'><strong>juxta</strong></span> <span class='ocrx_word' id='word_1_57' title='bbox 625 1073 817 1140; x_wconf 84' lang='lat' dir='ltr'><strong>illud&quot;,</strong></span> <span class='ocrx_word' id='word_1_58' title='bbox 857 1093 875 1125; x_wconf 89' lang='grc'><strong><em>‹</em></strong></span> <span class='ocrx_word' id='word_1_59' title='bbox 908 1071 1101 1129; x_wconf 81' lang='lat' dir='ltr'><strong>Omnia</strong></span> <span class='ocrx_word' id='word_1_60' title='bbox 1137 1086 1259 1142; x_wconf 70' lang='lat' dir='ltr'><strong>qua:</strong></span> <span class='ocrx_word' id='word_1_61' title='bbox 1315 1068 1500 1133; x_wconf 80' lang='lat' dir='ltr'><strong>habet,</strong></span> <span class='ocrx_word' id='word_1_62' title='bbox 1533 1066 1686 1121; x_wconf 91' lang='lat' dir='ltr'><strong>dabit</strong></span> <span class='ocrx_word' id='word_1_63' title='bbox 1723 1064 1888 1119; x_wconf 91' lang='lat' dir='ltr'><strong>homo</strong></span> <span class='ocrx_word' id='word_1_64' title='bbox 1943 1078 2043 1132; x_wconf 90' lang='lat' dir='ltr'><strong>pro</strong></span> 
     </span>
    </p>
   </div>
   <div class='ocr_carea' id='block_1_11' title="bbox 449 1157 2039 1237">
    <p class='ocr_par' dir='ltr' id='par_1_11' title="bbox 449 1157 2039 1237">
     <span class='ocr_line' id='line_1_11' title="bbox 449 1157 2039 1237; baseline -0.009 -13"><span class='ocrx_word' id='word_1_65' title='bbox 449 1170 631 1224; x_wconf 86' lang='lat' dir='ltr'><strong>anima</strong></span> <span class='ocrx_word' id='word_1_66' title='bbox 683 1181 805 1224; x_wconf 86' lang='lat' dir='ltr'><strong>sua.</strong></span> <span class='ocrx_word' id='word_1_67' title='bbox 846 1185 866 1218; x_wconf 69' lang='grc' dir='ltr'><strong>ι</strong></span> <span class='ocrx_word' id='word_1_68' title='bbox 931 1164 1086 1221; x_wconf 81' lang='lat' dir='ltr'><strong>Tulle</strong></span> <span class='ocrx_word' id='word_1_69' title='bbox 1134 1164 1302 1237; x_wconf 78' lang='lat' dir='ltr'><strong>igitur</strong></span> <span class='ocrx_word' id='word_1_70' title='bbox 1334 1178 1363 1217; x_wconf 89' lang='lat' dir='ltr'><strong>a</strong></span> <span class='ocrx_word' id='word_1_71' title='bbox 1406 1171 1459 1216; x_wconf 91' lang='lat' dir='ltr'><strong>te</strong></span> <span class='ocrx_word' id='word_1_72' title='bbox 1510 1158 1824 1230; x_wconf 70' lang='lat' dir='ltr'><strong>hujusmodi</strong></span> <span class='ocrx_word' id='word_1_73' title='bbox 1873 1157 2039 1210; x_wconf 86' lang='lat' dir='ltr'><strong>animi</strong></span> 
     </span>
    </p>
   </div>
   <div class='ocr_carea' id='block_1_12' title="bbox 447 1249 2039 1334">
    <p class='ocr_par' dir='ltr' id='par_1_12' title="bbox 447 1249 2039 1334">
     <span class='ocr_line' id='line_1_12' title="bbox 447 1249 2039 1334; baseline -0.01 -15"><span class='ocrx_word' id='word_1_74' title='bbox 447 1262 864 1334; x_wconf 75' lang='lat' dir='ltr'><strong>perplexitatem</strong></span> <span class='ocrx_word' id='word_1_75' title='bbox 892 1278 908 1328; x_wconf 91' lang='lat'><strong>;</strong></span> <span class='ocrx_word' id='word_1_76' title='bbox 959 1268 1015 1315; x_wconf 91' lang='lat' dir='ltr'><strong>et</strong></span> <span class='ocrx_word' id='word_1_77' title='bbox 1042 1274 1110 1313; x_wconf 90' lang='lat' dir='ltr'><strong>ne</strong></span> <span class='ocrx_word' id='word_1_78' title='bbox 1142 1257 1363 1314; x_wconf 87' lang='lat' dir='ltr'><strong>dubites</strong></span> <span class='ocrx_word' id='word_1_79' title='bbox 1393 1264 1582 1325; x_wconf 82' lang='lat' dir='ltr'><strong>petere</strong></span> <span class='ocrx_word' id='word_1_80' title='bbox 1613 1269 1643 1307; x_wconf 86' lang='lat' dir='ltr'><strong>a</strong></span> <span class='ocrx_word' id='word_1_81' title='bbox 1676 1252 1818 1315; x_wconf 90' lang='lat' dir='ltr'><strong>Deo,</strong></span> <span class='ocrx_word' id='word_1_82' title='bbox 1845 1249 2039 1304; x_wconf 79' lang='lat' dir='ltr'><strong>dicens</strong></span> 
     </span>
    </p>
   </div>
   <div class='ocr_carea' id='block_1_13' title="bbox 448 1343 2040 1423">
    <p class='ocr_par' dir='ltr' id='par_1_13' title="bbox 448 1343 2040 1423">
     <span class='ocr_line' id='line_1_13' title="bbox 448 1343 2040 1423; baseline -0.009 -16"><span class='ocrx_word' id='word_1_83' title='bbox 448 1354 504 1407; x_wconf 89' lang='lat' dir='ltr'><strong>itt</strong></span> <span class='ocrx_word' id='word_1_84' title='bbox 556 1353 871 1423; x_wconf 87' lang='lat' dir='ltr'><strong>temetipso,</strong></span> <span class='ocrx_word' id='word_1_85' title='bbox 914 1350 1202 1417; x_wconf 85' lang='lat' dir='ltr'><strong>Quomodo</strong></span> <span class='ocrx_word' id='word_1_86' title='bbox 1252 1362 1479 1418; x_wconf 90' lang='lat' dir='ltr'><strong>possum</strong></span> <span class='ocrx_word' id='word_1_87' title='bbox 1534 1362 1563 1399; x_wconf 88' lang='lat' dir='ltr'><strong>a</strong></span> <span class='ocrx_word' id='word_1_88' title='bbox 1614 1343 1728 1399; x_wconf 90' lang='lat' dir='ltr'><strong>Deo</strong></span> <span class='ocrx_word' id='word_1_89' title='bbox 1764 1350 1949 1413; x_wconf 82' lang='lat' dir='ltr'><strong>petere</strong></span> <span class='ocrx_word' id='word_1_90' title='bbox 1983 1347 2040 1394; x_wconf 91' lang='lat' dir='ltr'><strong>et</strong></span> 
     </span>
    </p>
   </div>
   <div class='ocr_carea' id='block_1_14' title="bbox 444 1429 2041 1514">
    <p class='ocr_par' dir='ltr' id='par_1_14' title="bbox 444 1429 2041 1514">
     <span class='ocr_line' id='line_1_14' title="bbox 444 1429 2041 1514; baseline -0.009 -16"><span class='ocrx_word' id='word_1_91' title='bbox 444 1445 769 1514; x_wconf 85' lang='lat' dir='ltr'><strong>impetrare,</strong></span> <span class='ocrx_word' id='word_1_92' title='bbox 810 1457 932 1513; x_wconf 80' lang='lat' dir='ltr'><strong>ego,</strong></span> <span class='ocrx_word' id='word_1_93' title='bbox 982 1441 1073 1512; x_wconf 88' lang='lat' dir='ltr'><strong>qni</strong></span> <span class='ocrx_word' id='word_1_94' title='bbox 1123 1440 1262 1496; x_wconf 87' lang='lat' dir='ltr'><strong>adeo</strong></span> <span class='ocrx_word' id='word_1_95' title='bbox 1313 1439 1369 1494; x_wconf 88' lang='lat' dir='ltr'><strong>iu</strong></span> <span class='ocrx_word' id='word_1_96' title='bbox 1421 1439 1596 1508; x_wconf 87' lang='lat' dir='ltr'><strong>ipsum</strong></span> <span class='ocrx_word' id='word_1_97' title='bbox 1639 1435 1860 1506; x_wconf 81' lang='lat' dir='ltr'><strong>peccavi</strong></span> <span class='ocrx_word' id='word_1_98' title='bbox 1890 1433 1915 1487; x_wconf 67' lang='grc' dir='ltr'><strong><em>Ἰ</em></strong></span> <span class='ocrx_word' id='word_1_99' title='bbox 1946 1429 2041 1499; x_wconf 82' lang='lat' dir='ltr'><strong>_Ne</strong></span> 
     </span>
    </p>
   </div>
   <div class='ocr_carea' id='block_1_15' title="bbox 446 1516 2039 1602">
    <p class='ocr_par' dir='ltr' id='par_1_15' title="bbox 446 1516 2039 1602">
     <span class='ocr_line' id='line_1_15' title="bbox 446 1516 2039 1602; baseline -0.008 -12"><span class='ocrx_word' id='word_1_100' title='bbox 446 1535 655 1602; x_wconf 76' lang='lat' dir='ltr'><strong>COgites</strong></span> <span class='ocrx_word' id='word_1_101' title='bbox 705 1535 809 1588; x_wconf 91' lang='lat' dir='ltr'><strong>ista</strong></span> <span class='ocrx_word' id='word_1_102' title='bbox 843 1552 858 1602; x_wconf 91' lang='lat'><strong>;</strong></span> <span class='ocrx_word' id='word_1_103' title='bbox 895 1533 990 1590; x_wconf 91' lang='lat' dir='ltr'><strong>sed</strong></span> <span class='ocrx_word' id='word_1_104' title='bbox 1031 1548 1097 1588; x_wconf 80' lang='lat' dir='ltr'><strong>ex</strong></span> <span class='ocrx_word' id='word_1_105' title='bbox 1148 1533 1297 1588; x_wconf 89' lang='lat' dir='ltr'><strong>omni</strong></span> <span class='ocrx_word' id='word_1_106' title='bbox 1354 1530 1522 1586; x_wconf 86' lang='lat' dir='ltr'><strong>corde</strong></span> <span class='ocrx_word' id='word_1_107' title='bbox 1562 1537 1658 1582; x_wconf 88' lang='lat' dir='ltr'><strong>tuo</strong></span> <span class='ocrx_word' id='word_1_108' title='bbox 1697 1526 1958 1583; x_wconf 82' lang='lat' dir='ltr'><strong>confitere</strong></span> <span class='ocrx_word' id='word_1_109' title='bbox 1984 1516 2039 1581; x_wconf 78' lang='lat' dir='ltr'><strong>e&#39;t</strong></span> 
     </span>
    </p>
   </div>
   <div class='ocr_carea' id='block_1_16' title="bbox 445 1618 2042 1692">
    <p class='ocr_par' dir='ltr' id='par_1_16' title="bbox 445 1618 2042 1692">
     <span class='ocr_line' id='line_1_16' title="bbox 445 1618 2042 1692; baseline -0.007 -9"><span class='ocrx_word' id='word_1_110' title='bbox 445 1637 773 1683; x_wconf 80' lang='lat' dir='ltr'><strong>convertere</strong></span> <span class='ocrx_word' id='word_1_111' title='bbox 797 1625 865 1680; x_wconf 90' lang='lat' dir='ltr'><strong>ad</strong></span> <span class='ocrx_word' id='word_1_112' title='bbox 892 1624 1183 1679; x_wconf 89' lang='lat' dir='ltr'><strong>Dominum</strong></span> <span class='ocrx_word' id='word_1_113' title='bbox 1206 1665 1222 1689; x_wconf 90' lang='lat'><strong>,</strong></span> <span class='ocrx_word' id='word_1_114' title='bbox 1253 1630 1307 1678; x_wconf 91' lang='lat' dir='ltr'><strong>et</strong></span> <span class='ocrx_word' id='word_1_115' title='bbox 1332 1622 1545 1692; x_wconf 86' lang='lat' dir='ltr'><strong>postula</strong></span> <span class='ocrx_word' id='word_1_116' title='bbox 1586 1620 1794 1690; x_wconf 90' lang='lat' dir='ltr'><strong>absque</strong></span> <span class='ocrx_word' id='word_1_117' title='bbox 1825 1618 2042 1673; x_wconf 81' lang='lat' dir='ltr'><strong>dubita-</strong></span> 
     </span>
    </p>
   </div>
   <div class='ocr_carea' id='block_1_17' title="bbox 449 1713 2038 1789">
    <p class='ocr_par' dir='ltr' id='par_1_17' title="bbox 449 1713 2038 1789">
     <span class='ocr_line' id='line_1_17' title="bbox 449 1713 2038 1789; baseline -0.006 -15"><span class='ocrx_word' id='word_1_118' title='bbox 449 1721 622 1784; x_wconf 89' lang='lat' dir='ltr'><strong>tione,</strong></span> <span class='ocrx_word' id='word_1_119' title='bbox 651 1728 706 1774; x_wconf 89' lang='lat' dir='ltr'><strong>et</strong></span> <span class='ocrx_word' id='word_1_120' title='bbox 741 1733 1052 1789; x_wconf 77' lang='lat' dir='ltr'><strong>cegnosces</strong></span> <span class='ocrx_word' id='word_1_121' title='bbox 1091 1716 1486 1787; x_wconf 82' lang='lat' dir='ltr'><strong>benignitatem</strong></span> <span class='ocrx_word' id='word_1_122' title='bbox 1516 1713 1687 1784; x_wconf 86' lang='lat' dir='ltr'><strong>ipsius</strong></span> <span class='ocrx_word' id='word_1_123' title='bbox 1723 1729 1738 1780; x_wconf 92' lang='lat'>;</span> <span class='ocrx_word' id='word_1_124' title='bbox 1778 1713 2038 1783; x_wconf 84' lang='lat' dir='ltr'><strong>quoniam</strong></span> 
     </span>
    </p>
   </div>
   <div class='ocr_carea' id='block_1_18' title="bbox 452 1803 2041 1881">
    <p class='ocr_par' dir='ltr' id='par_1_18' title="bbox 452 1803 2041 1881">
     <span class='ocr_line' id='line_1_18' title="bbox 452 1803 2041 1881; baseline -0.003 -18"><span class='ocrx_word' id='word_1_125' title='bbox 452 1830 473 1863; x_wconf 81' lang='grc' dir='ltr'><strong>ι</strong></span> <span class='ocrx_word' id='word_1_126' title='bbox 495 1827 605 1866; x_wconf 86' lang='lat' dir='ltr'><strong>non</strong></span> <span class='ocrx_word' id='word_1_127' title='bbox 640 1821 689 1865; x_wconf 91' lang='lat' dir='ltr'><strong>te</strong></span> <span class='ocrx_word' id='word_1_128' title='bbox 711 1811 1077 1881; x_wconf 73' lang='lat' dir='ltr'><strong>derelinquat,</strong></span> <span class='ocrx_word' id='word_1_129' title='bbox 1111 1809 1205 1864; x_wconf 90' lang='lat' dir='ltr'><strong>scd</strong></span> <span class='ocrx_word' id='word_1_130' title='bbox 1236 1807 1389 1863; x_wconf 87' lang='lat' dir='ltr'><strong>dabit</strong></span> <span class='ocrx_word' id='word_1_131' title='bbox 1406 1806 1502 1860; x_wconf 90' lang='lat' dir='ltr'><strong>tibi</strong></span> <span class='ocrx_word' id='word_1_132' title='bbox 1538 1806 1828 1874; x_wconf 85' lang='lat' dir='ltr'><strong>petitiones</strong></span> <span class='ocrx_word' id='word_1_133' title='bbox 1858 1803 2041 1858; x_wconf 82' lang='lat' dir='ltr'><strong>cordis</strong></span> 
     </span>
    </p>
   </div>
   <div class='ocr_carea' id='block_1_19' title="bbox 446 1896 2038 1971">
    <p class='ocr_par' dir='ltr' id='par_1_19' title="bbox 446 1896 2038 1971">
     <span class='ocr_line' id='line_1_19' title="bbox 446 1896 2038 1971; baseline -0.005 -15"><span class='ocrx_word' id='word_1_134' title='bbox 446 1903 528 1957; x_wconf 84' lang='lat' dir='ltr'><strong>tui</strong></span> <span class='ocrx_word' id='word_1_135' title='bbox 559 1903 622 1956; x_wconf 79' lang='grc' dir='ltr'><strong>ἰ</strong></span> <span class='ocrx_word' id='word_1_136' title='bbox 655 1920 674 1954; x_wconf 69' lang='grc' dir='ltr'><strong>ι</strong></span> <span class='ocrx_word' id='word_1_137' title='bbox 702 1900 846 1957; x_wconf 87' lang='lat' dir='ltr'><strong>Deus</strong></span> <span class='ocrx_word' id='word_1_138' title='bbox 863 1902 1007 1956; x_wconf 89' lang='lat' dir='ltr'><strong>enim</strong></span> <span class='ocrx_word' id='word_1_139' title='bbox 1036 1900 1361 1971; x_wconf 89' lang='lat' dir='ltr'><strong>injuriarum</strong></span> <span class='ocrx_word' id='word_1_140' title='bbox 1402 1898 1561 1953; x_wconf 81' lang='lat' dir='ltr'><strong>facile</strong></span> <span class='ocrx_word' id='word_1_141' title='bbox 1594 1896 1959 1959; x_wconf 79' lang='lat' dir='ltr'><strong>obliviscitur,</strong></span> <span class='ocrx_word' id='word_1_142' title='bbox 1983 1902 2038 1950; x_wconf 84' lang='lat' dir='ltr'><strong>et</strong></span> 
     </span>
    </p>
   </div>
   <div class='ocr_carea' id='block_1_20' title="bbox 445 1990 1440 2049">
    <p class='ocr_par' dir='ltr' id='par_1_20' title="bbox 445 1990 1440 2049">
     <span class='ocr_line' id='line_1_20' title="bbox 445 1990 1440 2049; baseline -0.006 -1"><span class='ocrx_word' id='word_1_143' title='bbox 445 2003 821 2049; x_wconf 85' lang='lat' dir='ltr'><strong>creaturarum</strong></span> <span class='ocrx_word' id='word_1_144' title='bbox 859 2006 1085 2047; x_wconf 88' lang='lat' dir='ltr'><strong>suarum</strong></span> <span class='ocrx_word' id='word_1_145' title='bbox 1124 1990 1440 2045; x_wconf 85' lang='lat' dir='ltr'><strong>miseretur.</strong></span> 
     </span>
    </p>
   </div>
   <div class='ocr_carea' id='block_1_21' title="bbox 517 2079 2037 2141">
    <p class='ocr_par' dir='ltr' id='par_1_21' title="bbox 517 2079 2037 2141">
     <span class='ocr_line' id='line_1_21' title="bbox 517 2079 2037 2141; baseline -0.005 0"><span class='ocrx_word' id='word_1_146' title='bbox 517 2082 682 2141; x_wconf 75' lang='lat' dir='ltr'><strong>Vsus.</strong></span> <span class='ocrx_word' id='word_1_147' title='bbox 708 2084 762 2141; x_wconf 88' lang='lat'><strong>9.</strong></span> <span class='ocrx_word' id='word_1_148' title='bbox 792 2084 1103 2141; x_wconf 70' lang='lat' dir='ltr'><strong>«Glorietur</strong></span> <span class='ocrx_word' id='word_1_149' title='bbox 1123 2093 1306 2139; x_wconf 83' lang='lat' dir='ltr'><strong>autem</strong></span> <span class='ocrx_word' id='word_1_150' title='bbox 1324 2081 1496 2137; x_wconf 89' lang='lat' dir='ltr'><strong>frater</strong></span> <span class='ocrx_word' id='word_1_151' title='bbox 1511 2081 1734 2136; x_wconf 89' lang='lat' dir='ltr'><strong>humilis</strong></span> <span class='ocrx_word' id='word_1_152' title='bbox 1753 2080 1807 2137; x_wconf 89' lang='lat' dir='ltr'><strong>in</strong></span> <span class='ocrx_word' id='word_1_153' title='bbox 1825 2079 2037 2136; x_wconf 81' lang='lat' dir='ltr'><strong>exalta-</strong></span> 
     </span>
    </p>
   </div>
   <div class='ocr_carea' id='block_1_22' title="bbox 448 2171 2039 2229">
    <p class='ocr_par' dir='ltr' id='par_1_22' title="bbox 448 2171 2039 2229">
     <span class='ocr_line' id='line_1_22' title="bbox 448 2171 2039 2229; baseline -0.001 -2"><span class='ocrx_word' id='word_1_154' title='bbox 448 2175 595 2229; x_wconf 89' lang='lat' dir='ltr'><strong>tione</strong></span> <span class='ocrx_word' id='word_1_155' title='bbox 616 2188 749 2229; x_wconf 91' lang='lat' dir='ltr'><strong>sua.</strong></span> <span class='ocrx_word' id='word_1_156' title='bbox 777 2190 797 2225; x_wconf 76' lang='grc' dir='ltr'><strong>ι</strong></span> <span class='ocrx_word' id='word_1_157' title='bbox 838 2171 1118 2228; x_wconf 88' lang='lat' dir='ltr'><strong>Bonorum</strong></span> <span class='ocrx_word' id='word_1_158' title='bbox 1165 2173 1412 2228; x_wconf 88' lang='lat' dir='ltr'><strong>onmium</strong></span> <span class='ocrx_word' id='word_1_159' title='bbox 1444 2171 1789 2227; x_wconf 81' lang='lat' dir='ltr'><strong>distributrix</strong></span> <span class='ocrx_word' id='word_1_160' title='bbox 1824 2183 1909 2227; x_wconf 88' lang='lat' dir='ltr'><strong>est</strong></span> <span class='ocrx_word' id='word_1_161' title='bbox 1937 2171 2039 2225; x_wconf 93' lang='lat' dir='ltr'><strong>hu-</strong></span> 
     </span>
    </p>
   </div>
   <div class='ocr_carea' id='block_1_23' title="bbox 445 2263 2036 2338">
    <p class='ocr_par' dir='ltr' id='par_1_23' title="bbox 445 2263 2036 2338">
     <span class='ocr_line' id='line_1_23' title="bbox 445 2263 2036 2338; baseline -0.003 -16"><span class='ocrx_word' id='word_1_162' title='bbox 445 2267 675 2332; x_wconf 87' lang='lat' dir='ltr'><strong>militas,</strong></span> <span class='ocrx_word' id='word_1_163' title='bbox 705 2275 760 2323; x_wconf 90' lang='lat' dir='ltr'><strong>et</strong></span> <span class='ocrx_word' id='word_1_164' title='bbox 784 2266 992 2338; x_wconf 83' lang='lat' dir='ltr'><strong>absque</strong></span> <span class='ocrx_word' id='word_1_165' title='bbox 1022 2266 1112 2322; x_wconf 86' lang='lat' dir='ltr'><strong>illa</strong></span> <span class='ocrx_word' id='word_1_166' title='bbox 1139 2265 1270 2322; x_wconf 93' lang='lat' dir='ltr'><strong>nihil</strong></span> <span class='ocrx_word' id='word_1_167' title='bbox 1310 2266 1439 2322; x_wconf 89' lang='lat' dir='ltr'><strong>boni</strong></span> <span class='ocrx_word' id='word_1_168' title='bbox 1476 2265 1566 2331; x_wconf 87' lang='lat' dir='ltr'><strong>ﬁt;</strong></span> <span class='ocrx_word' id='word_1_169' title='bbox 1593 2265 1799 2321; x_wconf 86' lang='lat' dir='ltr'><strong>idcirco</strong></span> <span class='ocrx_word' id='word_1_170' title='bbox 1829 2263 2036 2331; x_wconf 83' lang='lat' dir='ltr'><strong>subdit,</strong></span> 
     </span>
    </p>
   </div>
   <div class='ocr_carea' id='block_1_24' title="bbox 451 2357 2037 2424">
    <p class='ocr_par' dir='ltr' id='par_1_24' title="bbox 451 2357 2037 2424">
     <span class='ocr_line' id='line_1_24' title="bbox 451 2357 2037 2424; baseline 0 -13"><span class='ocrx_word' id='word_1_171' title='bbox 451 2379 471 2411; x_wconf 76' lang='grc' dir='ltr'><strong>ι</strong></span> <span class='ocrx_word' id='word_1_172' title='bbox 506 2359 783 2416; x_wconf 89' lang='lat' dir='ltr'><strong>Glorietur</strong></span> <span class='ocrx_word' id='word_1_173' title='bbox 834 2365 1015 2414; x_wconf 90' lang='lat' dir='ltr'><strong>autem</strong></span> <span class='ocrx_word' id='word_1_174' title='bbox 1071 2357 1298 2413; x_wconf 89' lang='lat' dir='ltr'><strong>humilis</strong></span> <span class='ocrx_word' id='word_1_175' title='bbox 1356 2359 1410 2412; x_wconf 93' lang='lat' dir='ltr'><strong>in</strong></span> <span class='ocrx_word' id='word_1_176' title='bbox 1463 2358 1819 2424; x_wconf 79' lang='lat' dir='ltr'><strong>exaltatione,</strong></span> <span class='ocrx_word' id='word_1_177' title='bbox 1860 2376 1879 2409; x_wconf 74' lang='grc' dir='ltr'><strong>ι</strong></span> <span class='ocrx_word' id='word_1_178' title='bbox 1936 2372 2037 2413; x_wconf 88' lang='lat' dir='ltr'><strong>seu</strong></span> 
     </span>
    </p>
   </div>
   <div class='ocr_carea' id='block_1_25' title="bbox 447 2450 2037 2520">
    <p class='ocr_par' dir='ltr' id='par_1_25' title="bbox 447 2450 2037 2520">
     <span class='ocr_line' id='line_1_25' title="bbox 447 2450 2037 2520; baseline -0.004 -11"><span class='ocrx_word' id='word_1_179' title='bbox 447 2452 788 2509; x_wconf 84' lang='lat' dir='ltr'><strong>sublimitate</strong></span> <span class='ocrx_word' id='word_1_180' title='bbox 812 2467 933 2508; x_wconf 89' lang='lat' dir='ltr'><strong>sua.</strong></span> <span class='ocrx_word' id='word_1_181' title='bbox 966 2451 1103 2518; x_wconf 86' lang='lat' dir='ltr'><strong>Quia</strong></span> <span class='ocrx_word' id='word_1_182' title='bbox 1152 2470 1171 2504; x_wconf 83' lang='grc' dir='ltr'><strong>ι</strong></span> <span class='ocrx_word' id='word_1_183' title='bbox 1195 2450 1380 2507; x_wconf 87' lang='lat' dir='ltr'><strong>fluctui</strong></span> <span class='ocrx_word' id='word_1_184' title='bbox 1414 2453 1604 2514; x_wconf 86' lang='lat' dir='ltr'><strong>maris,</strong></span> <span class='ocrx_word' id='word_1_185' title='bbox 1640 2468 1661 2504; x_wconf 72' lang='grc' dir='ltr'><strong>ι</strong></span> <span class='ocrx_word' id='word_1_186' title='bbox 1697 2460 1844 2515; x_wconf 82' lang='lat' dir='ltr'><strong>eum,</strong></span> <span class='ocrx_word' id='word_1_187' title='bbox 1883 2468 1903 2502; x_wconf 84' lang='grc' dir='ltr'><strong>ι</strong></span> <span class='ocrx_word' id='word_1_188' title='bbox 1942 2450 2037 2520; x_wconf 90' lang='lat' dir='ltr'><strong>qui</strong></span> 
     </span>
    </p>
   </div>
   <div class='ocr_carea' id='block_1_26' title="bbox 449 2541 2035 2614">
    <p class='ocr_par' dir='ltr' id='par_1_26' title="bbox 449 2541 2035 2614">
     <span class='ocr_line' id='line_1_26' title="bbox 449 2541 2035 2614; baseline -0.001 -15"><span class='ocrx_word' id='word_1_189' title='bbox 449 2546 670 2599; x_wconf 80' lang='lat' dir='ltr'><strong>luesitat</strong></span> <span class='ocrx_word' id='word_1_190' title='bbox 698 2563 716 2596; x_wconf 72' lang='grc' dir='ltr'><strong>ι</strong></span> <span class='ocrx_word' id='word_1_191' title='bbox 753 2545 1078 2600; x_wconf 88' lang='lat' dir='ltr'><strong>assituilavit</strong></span> <span class='ocrx_word' id='word_1_192' title='bbox 1109 2561 1124 2611; x_wconf 92' lang='lat'>;</span> <span class='ocrx_word' id='word_1_193' title='bbox 1157 2545 1249 2614; x_wconf 87' lang='lat' dir='ltr'><strong>qui</strong></span> <span class='ocrx_word' id='word_1_194' title='bbox 1281 2543 1502 2614; x_wconf 85' lang='lat' dir='ltr'><strong>quidem</strong></span> <span class='ocrx_word' id='word_1_195' title='bbox 1529 2545 1703 2599; x_wconf 80' lang='lat' dir='ltr'><strong>vetitis</strong></span> <span class='ocrx_word' id='word_1_196' title='bbox 1730 2541 1950 2599; x_wconf 86' lang='lat' dir='ltr'><strong>inﬂatus</strong></span> <span class='ocrx_word' id='word_1_197' title='bbox 1982 2543 2035 2597; x_wconf 90' lang='lat' dir='ltr'><strong>in</strong></span> 
     </span>
    </p>
   </div>
   <div class='ocr_carea' id='block_1_27' title="bbox 447 2635 2036 2707">
    <p class='ocr_par' dir='ltr' id='par_1_27' title="bbox 447 2635 2036 2707">
     <span class='ocr_line' id='line_1_27' title="bbox 447 2635 2036 2707; baseline -0.002 -14"><span class='ocrx_word' id='word_1_198' title='bbox 447 2639 617 2693; x_wconf 87' lang='lat' dir='ltr'><strong>altum</strong></span> <span class='ocrx_word' id='word_1_199' title='bbox 645 2636 871 2703; x_wconf 89' lang='lat' dir='ltr'><strong>tollitur,</strong></span> <span class='ocrx_word' id='word_1_200' title='bbox 896 2637 1062 2692; x_wconf 88' lang='lat' dir='ltr'><strong>citius</strong></span> <span class='ocrx_word' id='word_1_201' title='bbox 1086 2652 1219 2693; x_wconf 89' lang='lat' dir='ltr'><strong>vero</strong></span> <span class='ocrx_word' id='word_1_202' title='bbox 1239 2652 1400 2707; x_wconf 89' lang='lat' dir='ltr'><strong>quam</strong></span> <span class='ocrx_word' id='word_1_203' title='bbox 1430 2637 1674 2693; x_wconf 78' lang='lat' dir='ltr'><strong>elevatus</strong></span> <span class='ocrx_word' id='word_1_204' title='bbox 1703 2635 1822 2700; x_wconf 93' lang='lat' dir='ltr'><strong>fuit,</strong></span> <span class='ocrx_word' id='word_1_205' title='bbox 1851 2635 2036 2705; x_wconf 86' lang='lat' dir='ltr'><strong>depri-</strong></span> 
     </span>
    </p>
   </div>
   <div class='ocr_carea' id='block_1_28' title="bbox 446 2729 2035 2801">
    <p class='ocr_par' dir='ltr' id='par_1_28' title="bbox 446 2729 2035 2801">
     <span class='ocr_line' id='line_1_28' title="bbox 446 2729 2035 2801; baseline -0.003 -14"><span class='ocrx_word' id='word_1_206' title='bbox 446 2734 617 2788; x_wconf 90' lang='lat' dir='ltr'><strong>mitur</strong></span> <span class='ocrx_word' id='word_1_207' title='bbox 659 2745 723 2786; x_wconf 88' lang='lat' dir='ltr'><strong>ac</strong></span> <span class='ocrx_word' id='word_1_208' title='bbox 767 2730 1185 2801; x_wconf 87' lang='lat' dir='ltr'><strong>complanatur:</strong></span> <span class='ocrx_word' id='word_1_209' title='bbox 1238 2729 1419 2786; x_wconf 87' lang='lat' dir='ltr'><strong>simile</strong></span> <span class='ocrx_word' id='word_1_210' title='bbox 1467 2729 1597 2799; x_wconf 89' lang='lat' dir='ltr'><strong>qttid</strong></span> <span class='ocrx_word' id='word_1_211' title='bbox 1638 2730 1843 2800; x_wconf 87' lang='lat' dir='ltr'><strong>patitur</strong></span> <span class='ocrx_word' id='word_1_212' title='bbox 1871 2729 2035 2784; x_wconf 90' lang='lat' dir='ltr'><strong>etiam</strong></span> 
     </span>
    </p>
   </div>
   <div class='ocr_carea' id='block_1_29' title="bbox 453 2822 2034 2894">
    <p class='ocr_par' dir='ltr' id='par_1_29' title="bbox 453 2822 2034 2894">
     <span class='ocr_line' id='line_1_29' title="bbox 453 2822 2034 2894; baseline 0.001 -19"><span class='ocrx_word' id='word_1_213' title='bbox 453 2843 472 2875; x_wconf 88' lang='grc'>‹</span> <span class='ocrx_word' id='word_1_214' title='bbox 516 2823 791 2887; x_wconf 72' lang='lat' dir='ltr'><strong>haesitans,</strong></span> <span class='ocrx_word' id='word_1_215' title='bbox 836 2843 856 2876; x_wconf 76' lang='grc' dir='ltr'><strong>ι</strong></span> <span class='ocrx_word' id='word_1_216' title='bbox 892 2823 985 2894; x_wconf 87' lang='lat' dir='ltr'><strong>qui</strong></span> <span class='ocrx_word' id='word_1_217' title='bbox 1006 2839 1073 2879; x_wconf 82' lang='lat' dir='ltr'><strong>ex</strong></span> <span class='ocrx_word' id='word_1_218' title='bbox 1097 2822 1265 2878; x_wconf 89' lang='lat' dir='ltr'><strong>animi</strong></span> <span class='ocrx_word' id='word_1_219' title='bbox 1308 2822 1544 2879; x_wconf 90' lang='lat' dir='ltr'><strong>elatione</strong></span> <span class='ocrx_word' id='word_1_220' title='bbox 1580 2822 1651 2878; x_wconf 88' lang='lat' dir='ltr'><strong>ad</strong></span> <span class='ocrx_word' id='word_1_221' title='bbox 1681 2822 1816 2878; x_wconf 90' lang='lat' dir='ltr'><strong>nihil</strong></span> <span class='ocrx_word' id='word_1_222' title='bbox 1843 2834 2034 2878; x_wconf 84' lang='lat' dir='ltr'><strong>eorum</strong></span> 
     </span>
    </p>
   </div>
   <div class='ocr_carea' id='block_1_30' title="bbox 446 2914 2034 2987">
    <p class='ocr_par' dir='ltr' id='par_1_30' title="bbox 446 2914 2034 2987">
     <span class='ocr_line' id='line_1_30' title="bbox 446 2914 2034 2987; baseline -0.002 -16"><span class='ocrx_word' id='word_1_223' title='bbox 446 2932 569 2986; x_wconf 64' lang='lat' dir='ltr'><strong>quae</strong></span> <span class='ocrx_word' id='word_1_224' title='bbox 597 2915 907 2973; x_wconf 77' lang='lat' dir='ltr'><strong>necessaria</strong></span> <span class='ocrx_word' id='word_1_225' title='bbox 937 2914 1103 2987; x_wconf 65' lang='lat'><strong>324</strong></span> <span class='ocrx_word' id='word_1_226' title='bbox 1142 2923 1272 2970; x_wconf 86' lang='lat' dir='ltr'><strong>sunt</strong></span> <span class='ocrx_word' id='word_1_227' title='bbox 1294 2954 1310 2978; x_wconf 87' lang='lat'><strong>,</strong></span> <span class='ocrx_word' id='word_1_228' title='bbox 1348 2914 1643 2985; x_wconf 90' lang='lat' dir='ltr'><strong>petitiones</strong></span> <span class='ocrx_word' id='word_1_229' title='bbox 1674 2929 1804 2970; x_wconf 88' lang='lat' dir='ltr'><strong>suas</strong></span> <span class='ocrx_word' id='word_1_230' title='bbox 1833 2914 2034 2968; x_wconf 89' lang='lat' dir='ltr'><strong>firmat.</strong></span> 
     </span>
    </p>
   </div>
   <div class='ocr_carea' id='block_1_31' title="bbox 445 3002 2038 3069">
    <p class='ocr_par' dir='ltr' id='par_1_31' title="bbox 445 3002 2038 3069">
     <span class='ocr_line' id='line_1_31' title="bbox 445 3002 2038 3069; baseline -0.001 -10"><span class='ocrx_word' id='word_1_231' title='bbox 445 3004 659 3061; x_wconf 88' lang='lat' dir='ltr'><strong>Idcirco</strong></span> <span class='ocrx_word' id='word_1_232' title='bbox 686 3005 761 3060; x_wconf 88' lang='lat' dir='ltr'><strong>ait</strong></span> <span class='ocrx_word' id='word_1_233' title='bbox 789 3022 803 3059; x_wconf 90' lang='lat'><strong>:</strong></span> <span class='ocrx_word' id='word_1_234' title='bbox 846 3022 865 3056; x_wconf 79' lang='grc' dir='ltr'><strong>ι</strong></span> <span class='ocrx_word' id='word_1_235' title='bbox 912 3002 1193 3059; x_wconf 87' lang='lat' dir='ltr'><strong>Glorietur</strong></span> <span class='ocrx_word' id='word_1_236' title='bbox 1222 3005 1392 3061; x_wconf 88' lang='lat' dir='ltr'><strong>frater</strong></span> <span class='ocrx_word' id='word_1_237' title='bbox 1426 3005 1669 3069; x_wconf 88' lang='lat' dir='ltr'><strong>humilis,</strong></span> <span class='ocrx_word' id='word_1_238' title='bbox 1709 3024 1729 3058; x_wconf 76' lang='grc' dir='ltr'><strong>ι</strong></span> <span class='ocrx_word' id='word_1_239' title='bbox 1779 3019 1845 3060; x_wconf 91' lang='lat' dir='ltr'><strong>ac</strong></span> <span class='ocrx_word' id='word_1_240' title='bbox 1876 3004 1922 3059; x_wconf 96' lang='lat' dir='ltr'><strong>si</strong></span> <span class='ocrx_word' id='word_1_241' title='bbox 1953 3004 2038 3059; x_wconf 89' lang='lat' dir='ltr'><strong>di-</strong></span> 
     </span>
    </p>
   </div>
   <div class='ocr_carea' id='block_1_32' title="bbox 447 3096 2037 3169">
    <p class='ocr_par' dir='ltr' id='par_1_32' title="bbox 447 3096 2037 3169">
     <span class='ocr_line' id='line_1_32' title="bbox 447 3096 2037 3169; baseline 0 -16"><span class='ocrx_word' id='word_1_242' title='bbox 447 3108 640 3153; x_wconf 88' lang='lat' dir='ltr'><strong>ceret:</strong></span> <span class='ocrx_word' id='word_1_243' title='bbox 674 3096 778 3163; x_wconf 86' lang='lat' dir='ltr'><strong>Qui</strong></span> <span class='ocrx_word' id='word_1_244' title='bbox 811 3097 1014 3168; x_wconf 84' lang='lat' dir='ltr'><strong>aliquid</strong></span> <span class='ocrx_word' id='word_1_245' title='bbox 1046 3098 1160 3153; x_wconf 84' lang='lat' dir='ltr'><strong>vult</strong></span> <span class='ocrx_word' id='word_1_246' title='bbox 1192 3108 1401 3168; x_wconf 79' lang='lat' dir='ltr'><strong>petere,</strong></span> <span class='ocrx_word' id='word_1_247' title='bbox 1438 3106 1585 3169; x_wconf 87' lang='lat' dir='ltr'><strong>petat</strong></span> <span class='ocrx_word' id='word_1_248' title='bbox 1626 3097 1886 3169; x_wconf 89' lang='lat' dir='ltr'><strong>primum,</strong></span> <span class='ocrx_word' id='word_1_249' title='bbox 1914 3112 2037 3168; x_wconf 71' lang='lat' dir='ltr'><strong>qua:</strong></span> 
     </span>
    </p>
   </div>
   <div class='ocr_carea' id='block_1_33' title="bbox 447 3190 2032 3261">
    <p class='ocr_par' dir='ltr' id='par_1_33' title="bbox 447 3190 2032 3261">
     <span class='ocr_line' id='line_1_33' title="bbox 447 3190 2032 3261; baseline -0.001 -17"><span class='ocrx_word' id='word_1_250' title='bbox 447 3190 759 3246; x_wconf 86' lang='lat' dir='ltr'><strong>necessaria</strong></span> <span class='ocrx_word' id='word_1_251' title='bbox 790 3198 941 3255; x_wconf 92' lang='lat' dir='ltr'><strong>sunt,</strong></span> <span class='ocrx_word' id='word_1_252' title='bbox 972 3191 1025 3244; x_wconf 92' lang='lat' dir='ltr'><strong>in</strong></span> <span class='ocrx_word' id='word_1_253' title='bbox 1045 3190 1246 3261; x_wconf 87' lang='lat' dir='ltr'><strong>quibus</strong></span> <span class='ocrx_word' id='word_1_254' title='bbox 1268 3191 1584 3261; x_wconf 78' lang='lat' dir='ltr'><strong>neutiquam</strong></span> <span class='ocrx_word' id='word_1_255' title='bbox 1618 3191 1851 3261; x_wconf 74' lang='lat' dir='ltr'><strong>iis,quae</strong></span> <span class='ocrx_word' id='word_1_256' title='bbox 1879 3190 2032 3261; x_wconf 87' lang='lat' dir='ltr'><strong>petit,</strong></span> 
     </span>
    </p>
   </div>
   <div class='ocr_carea' id='block_1_34' title="bbox 2147 674 3727 762">
    <p class='ocr_par' dir='ltr' id='par_1_34' title="bbox 2147 674 3727 762">
     <span class='ocr_line' id='line_1_34' title="bbox 2147 674 3727 762; baseline 0.003 -22"><span class='ocrx_word' id='word_1_257' title='bbox 2147 687 2367 757; x_wconf 73' lang='grc' dir='ltr'>ριττῶν.</span> <span class='ocrx_word' id='word_1_258' title='bbox 2401 689 2501 741; x_wconf 65' lang='grc' dir='ltr'><strong>Διά</strong></span> <span class='ocrx_word' id='word_1_259' title='bbox 2544 689 2598 743; x_wconf 90' lang='grc' dir='ltr'><strong>τί</strong></span> <span class='ocrx_word' id='word_1_260' title='bbox 2648 689 2707 743; x_wconf 70' lang='grc' dir='ltr'>δὲ</span> <span class='ocrx_word' id='word_1_261' title='bbox 2754 708 2772 741; x_wconf 85' lang='grc' dir='ltr'><strong>ι</strong></span> <span class='ocrx_word' id='word_1_262' title='bbox 2812 674 3048 761; x_wconf 67' lang='grc' dir='ltr'>Δίιῖιυχος</span> <span class='ocrx_word' id='word_1_263' title='bbox 3079 709 3099 742; x_wconf 70' lang='grc' dir='ltr'><strong>ι</strong></span> <span class='ocrx_word' id='word_1_264' title='bbox 3162 690 3425 762; x_wconf 77' lang='grc' dir='ltr'>εἴρηται;</span> <span class='ocrx_word' id='word_1_265' title='bbox 3464 691 3553 755; x_wconf 85' lang='grc' dir='ltr'>Ὠς</span> <span class='ocrx_word' id='word_1_266' title='bbox 3600 690 3727 744; x_wconf 82' lang='grc' dir='ltr'>οῦτε</span> 
     </span>
    </p>
   </div>
   <div class='ocr_carea' id='block_1_35' title="bbox 2144 779 3727 853">
    <p class='ocr_par' dir='ltr' id='par_1_35' title="bbox 2144 779 3727 853">
     <span class='ocr_line' id='line_1_35' title="bbox 2144 779 3727 853; baseline -0.001 -18"><span class='ocrx_word' id='word_1_267' title='bbox 2144 781 2282 851; x_wconf 71' lang='grc' dir='ltr'>πρὸς</span> <span class='ocrx_word' id='word_1_268' title='bbox 2323 779 2424 851; x_wconf 84' lang='grc' dir='ltr'>τὴν</span> <span class='ocrx_word' id='word_1_269' title='bbox 2458 780 2764 851; x_wconf 86' lang='grc' dir='ltr'>παροῦσαν,</span> <span class='ocrx_word' id='word_1_270' title='bbox 2800 779 2925 835; x_wconf 74' lang='grc' dir='ltr'>οὔτε</span> <span class='ocrx_word' id='word_1_271' title='bbox 2962 782 3099 852; x_wconf 74' lang='grc' dir='ltr'>πρὸς</span> <span class='ocrx_word' id='word_1_272' title='bbox 3138 782 3238 852; x_wconf 85' lang='grc' dir='ltr'>τὴν</span> <span class='ocrx_word' id='word_1_273' title='bbox 3283 783 3586 853; x_wconf 80' lang='grc' dir='ltr'>μέλλουσαν</span> <span class='ocrx_word' id='word_1_274' title='bbox 3625 798 3727 834; x_wconf 84' lang='grc' dir='ltr'>πε-</span> 
     </span>
    </p>
   </div>
   <div class='ocr_carea' id='block_1_36' title="bbox 2145 872 3725 947">
    <p class='ocr_par' dir='ltr' id='par_1_36' title="bbox 2145 872 3725 947">
     <span class='ocr_line' id='line_1_36' title="bbox 2145 872 3725 947; baseline 0.001 -21"><span class='ocrx_word' id='word_1_275' title='bbox 2145 872 2415 936; x_wconf 79' lang='grc' dir='ltr'>ποιθότως</span> <span class='ocrx_word' id='word_1_276' title='bbox 2444 873 2883 942; x_wconf 76' lang='grc' dir='ltr'>ἀπευθυνόμενος</span> <span class='ocrx_word' id='word_1_277' title='bbox 2914 874 3083 944; x_wconf 74' lang='grc' dir='ltr'>ζωήν.</span> <span class='ocrx_word' id='word_1_278' title='bbox 3133 875 3295 947; x_wconf 82' lang='grc' dir='ltr'>Ψυχὴ</span> <span class='ocrx_word' id='word_1_279' title='bbox 3328 875 3440 946; x_wconf 70' lang='grc' dir='ltr'>γὰρ</span> <span class='ocrx_word' id='word_1_280' title='bbox 3482 875 3632 945; x_wconf 88' lang='grc' dir='ltr'><strong>παρὰ</strong></span> <span class='ocrx_word' id='word_1_281' title='bbox 3657 877 3725 944; x_wconf 76' lang='grc' dir='ltr'>τῇ</span> 
     </span>
    </p>
   </div>
   <div class='ocr_carea' id='block_1_37' title="bbox 2142 965 3730 1037">
    <p class='ocr_par' dir='ltr' id='par_1_37' title="bbox 2142 965 3730 1037">
     <span class='ocr_line' id='line_1_37' title="bbox 2142 965 3730 1037; baseline -0.001 -18"><span class='ocrx_word' id='word_1_282' title='bbox 2142 966 2333 1037; x_wconf 76' lang='grc' dir='ltr'>Γραφῇ</span> <span class='ocrx_word' id='word_1_283' title='bbox 2362 968 2394 1037; x_wconf 81' lang='grc' dir='ltr'><strong>ἡ</strong></span> <span class='ocrx_word' id='word_1_284' title='bbox 2452 965 2566 1037; x_wconf 80' lang='grc' dir='ltr'>ζωὴ</span> <span class='ocrx_word' id='word_1_285' title='bbox 2598 967 2845 1021; x_wconf 86' lang='grc' dir='ltr'>καλεῖται</span> <span class='ocrx_word' id='word_1_286' title='bbox 2872 983 2886 997; x_wconf 88' lang='grc'><strong>·</strong></span> <span class='ocrx_word' id='word_1_287' title='bbox 2923 967 2998 1031; x_wconf 82' lang='grc' dir='ltr'>ὡς</span> <span class='ocrx_word' id='word_1_288' title='bbox 3027 967 3110 1031; x_wconf 75' lang='grc' dir='ltr'><strong>τὸ,</strong></span> <span class='ocrx_word' id='word_1_289' title='bbox 3153 983 3171 1019; x_wconf 86' lang='grc' dir='ltr'><strong>ι</strong></span> <span class='ocrx_word' id='word_1_290' title='bbox 3205 968 3390 1021; x_wconf 73' lang='grc' dir='ltr'>Πάντα</span> <span class='ocrx_word' id='word_1_291' title='bbox 3415 967 3515 1021; x_wconf 84' lang='grc' dir='ltr'>ὅσα</span> <span class='ocrx_word' id='word_1_292' title='bbox 3547 967 3657 1036; x_wconf 77' lang='grc' dir='ltr'>ἔχει</span> <span class='ocrx_word' id='word_1_293' title='bbox 3699 966 3730 1018; x_wconf 90' lang='lat'><strong>6</strong></span> 
     </span>
    </p>
   </div>
   <div class='ocr_carea' id='block_1_38' title="bbox 2142 1052 3727 1130">
    <p class='ocr_par' dir='ltr' id='par_1_38' title="bbox 2142 1052 3727 1130">
     <span class='ocr_line' id='line_1_38' title="bbox 2142 1052 3727 1130; baseline -0.003 -15"><span class='ocrx_word' id='word_1_294' title='bbox 2142 1059 2452 1130; x_wconf 74' lang='grc' dir='ltr'>ἄνθρωπος,</span> <span class='ocrx_word' id='word_1_295' title='bbox 2486 1059 2650 1113; x_wconf 85' lang='grc' dir='ltr'>δώσει</span> <span class='ocrx_word' id='word_1_296' title='bbox 2708 1060 2849 1129; x_wconf 69' lang='grc' dir='ltr'>ὑπὲρ</span> <span class='ocrx_word' id='word_1_297' title='bbox 2891 1060 2989 1129; x_wconf 73' lang='grc' dir='ltr'>τῆς</span> <span class='ocrx_word' id='word_1_298' title='bbox 3043 1060 3222 1130; x_wconf 77' lang='grc' dir='ltr'>ψυχῆς</span> <span class='ocrx_word' id='word_1_299' title='bbox 3279 1058 3471 1113; x_wconf 87' lang='grc' dir='ltr'>αὐτοῦ.</span> <span class='ocrx_word' id='word_1_300' title='bbox 3500 1077 3519 1109; x_wconf 76' lang='grc' dir='ltr'><strong>ι</strong></span> <span class='ocrx_word' id='word_1_301' title='bbox 3553 1052 3727 1128; x_wconf 69' lang='grc' dir='ltr'>Ἀρον</span> 
     </span>
    </p>
   </div>
   <div class='ocr_carea' id='block_1_39' title="bbox 2145 1150 3727 1226">
    <p class='ocr_par' dir='ltr' id='par_1_39' title="bbox 2145 1150 3727 1226">
     <span class='ocr_line' id='line_1_39' title="bbox 2145 1150 3727 1226; baseline -0.003 -19"><span class='ocrx_word' id='word_1_302' title='bbox 2145 1153 2373 1208; x_wconf 80' lang='grc' dir='ltr'><strong>σεαυτοῦ</strong></span> <span class='ocrx_word' id='word_1_303' title='bbox 2434 1154 2536 1226; x_wconf 80' lang='grc' dir='ltr'>τὴν</span> <span class='ocrx_word' id='word_1_304' title='bbox 2562 1154 2837 1225; x_wconf 74' lang='grc' dir='ltr'>διψυχίαν,</span> <span class='ocrx_word' id='word_1_305' title='bbox 2871 1155 2966 1209; x_wconf 78' lang='grc' dir='ltr'><strong>καὶ</strong></span> <span class='ocrx_word' id='word_1_306' title='bbox 3014 1154 3181 1223; x_wconf 79' lang='grc' dir='ltr'>μηδὲν</span> <span class='ocrx_word' id='word_1_307' title='bbox 3230 1153 3367 1216; x_wconf 82' lang='grc' dir='ltr'>ὅλως</span> <span class='ocrx_word' id='word_1_308' title='bbox 3422 1150 3727 1223; x_wconf 69' lang='grc' dir='ltr'>διψυχήσης</span> 
     </span>
    </p>
   </div>
   <div class='ocr_carea' id='block_1_40' title="bbox 2142 1238 3726 1319">
    <p class='ocr_par' dir='ltr' id='par_1_40' title="bbox 2142 1238 3726 1319">
     <span class='ocr_line' id='line_1_40' title="bbox 2142 1238 3726 1319; baseline -0.003 -18"><span class='ocrx_word' id='word_1_309' title='bbox 2142 1248 2471 1318; x_wconf 79' lang='grc' dir='ltr'>αἰτήσασθαι</span> <span class='ocrx_word' id='word_1_310' title='bbox 2520 1248 2673 1319; x_wconf 77' lang='grc' dir='ltr'>παρὰ</span> <span class='ocrx_word' id='word_1_311' title='bbox 2714 1247 2808 1301; x_wconf 84' lang='grc' dir='ltr'><strong>τοῦ</strong></span> <span class='ocrx_word' id='word_1_312' title='bbox 2857 1246 3018 1311; x_wconf 87' lang='grc' dir='ltr'>Θεοῦ,</span> <span class='ocrx_word' id='word_1_313' title='bbox 3052 1246 3229 1313; x_wconf 81' lang='grc' dir='ltr'>λέγων</span> <span class='ocrx_word' id='word_1_314' title='bbox 3259 1247 3318 1298; x_wconf 74' lang='grc' dir='ltr'>ἐν</span> <span class='ocrx_word' id='word_1_315' title='bbox 3372 1245 3611 1312; x_wconf 80' lang='grc' dir='ltr'><strong>σεαυτῷ,</strong></span> <span class='ocrx_word' id='word_1_316' title='bbox 3644 1238 3726 1297; x_wconf 82' lang='grc' dir='ltr'><strong>ότι</strong></span> 
     </span>
    </p>
   </div>
   <div class='ocr_carea' id='block_1_41' title="bbox 2142 1335 3727 1411">
    <p class='ocr_par' dir='ltr' id='par_1_41' title="bbox 2142 1335 3727 1411">
     <span class='ocr_line' id='line_1_41' title="bbox 2142 1335 3727 1411; baseline -0.006 -15"><span class='ocrx_word' id='word_1_317' title='bbox 2142 1342 2267 1405; x_wconf 82' lang='grc' dir='ltr'>Πῶς</span> <span class='ocrx_word' id='word_1_318' title='bbox 2289 1339 2523 1409; x_wconf 88' lang='grc' dir='ltr'>δύναμαι</span> <span class='ocrx_word' id='word_1_319' title='bbox 2552 1341 2777 1411; x_wconf 81' lang='grc' dir='ltr'>αἰτῆσαι</span> <span class='ocrx_word' id='word_1_320' title='bbox 2806 1340 2960 1410; x_wconf 77' lang='grc' dir='ltr'>παρὰ</span> <span class='ocrx_word' id='word_1_321' title='bbox 2990 1339 3084 1394; x_wconf 87' lang='grc' dir='ltr'><strong>τοῦ</strong></span> <span class='ocrx_word' id='word_1_322' title='bbox 3118 1338 3350 1410; x_wconf 82' lang='grc' dir='ltr'>Κυρίου,</span> <span class='ocrx_word' id='word_1_323' title='bbox 3391 1336 3489 1390; x_wconf 71' lang='grc' dir='ltr'>καὶ</span> <span class='ocrx_word' id='word_1_324' title='bbox 3512 1335 3727 1401; x_wconf 79' lang='grc' dir='ltr'>λαϐεῖν,</span> 
     </span>
    </p>
   </div>
   <div class='ocr_carea' id='block_1_42' title="bbox 2141 1428 3725 1502">
    <p class='ocr_par' dir='ltr' id='par_1_42' title="bbox 2141 1428 3725 1502">
     <span class='ocr_line' id='line_1_42' title="bbox 2141 1428 3725 1502; baseline -0.003 -18"><span class='ocrx_word' id='word_1_325' title='bbox 2141 1430 2486 1502; x_wconf 78' lang='grc' dir='ltr'><strong>ἡμαρτηκὼς</strong></span> <span class='ocrx_word' id='word_1_326' title='bbox 2514 1431 2752 1485; x_wconf 71' lang='grc' dir='ltr'>τοσαῦτα</span> <span class='ocrx_word' id='word_1_327' title='bbox 2793 1434 2874 1493; x_wconf 88' lang='grc' dir='ltr'><strong>είς</strong></span> <span class='ocrx_word' id='word_1_328' title='bbox 2908 1431 3110 1497; x_wconf 84' lang='grc' dir='ltr'>αὐτόν;</span> <span class='ocrx_word' id='word_1_329' title='bbox 3142 1431 3234 1501; x_wconf 74' lang='grc' dir='ltr'><strong>Μὴ</strong></span> <span class='ocrx_word' id='word_1_330' title='bbox 3266 1429 3482 1497; x_wconf 79' lang='grc' dir='ltr'><strong>λογίζου</strong></span> <span class='ocrx_word' id='word_1_331' title='bbox 3528 1428 3725 1490; x_wconf 84' lang='grc' dir='ltr'>ταῦτα,</span> 
     </span>
    </p>
   </div>
   <div class='ocr_carea' id='block_1_43' title="bbox 2141 1518 3730 1595">
    <p class='ocr_par' dir='ltr' id='par_1_43' title="bbox 2141 1518 3730 1595">
     <span class='ocr_line' id='line_1_43' title="bbox 2141 1518 3730 1595; baseline -0.004 -18"><span class='ocrx_word' id='word_1_332' title='bbox 2141 1523 2257 1577; x_wconf 83' lang='grc' dir='ltr'>ἀλλ’</span> <span class='ocrx_word' id='word_1_333' title='bbox 2287 1523 2345 1589; x_wconf 80' lang='grc' dir='ltr'>ἐξ</span> <span class='ocrx_word' id='word_1_334' title='bbox 2369 1522 2497 1595; x_wconf 75' lang='grc' dir='ltr'>ὅλης</span> <span class='ocrx_word' id='word_1_335' title='bbox 2523 1523 2748 1593; x_wconf 82' lang='grc' dir='ltr'>καρδίας</span> <span class='ocrx_word' id='word_1_336' title='bbox 2779 1539 2874 1576; x_wconf 86' lang='grc' dir='ltr'><strong>σου</strong></span> <span class='ocrx_word' id='word_1_337' title='bbox 2901 1520 3250 1590; x_wconf 70' lang='grc' dir='ltr'>ἐξομολογοῦ,</span> <span class='ocrx_word' id='word_1_338' title='bbox 3274 1520 3371 1574; x_wconf 70' lang='grc' dir='ltr'>καὶ</span> <span class='ocrx_word' id='word_1_339' title='bbox 3400 1518 3730 1589; x_wconf 72' lang='grc' dir='ltr'>ὲπίστρεψον</span> 
     </span>
    </p>
   </div>
   <div class='ocr_carea' id='block_1_44' title="bbox 2143 1610 3728 1686">
    <p class='ocr_par' dir='ltr' id='par_1_44' title="bbox 2143 1610 3728 1686">
     <span class='ocr_line' id='line_1_44' title="bbox 2143 1610 3728 1686; baseline -0.004 -17"><span class='ocrx_word' id='word_1_340' title='bbox 2143 1614 2280 1686; x_wconf 84' lang='grc' dir='ltr'>πρὸς</span> <span class='ocrx_word' id='word_1_341' title='bbox 2316 1614 2543 1686; x_wconf 81' lang='grc' dir='ltr'>Κύριον,</span> <span class='ocrx_word' id='word_1_342' title='bbox 2574 1614 2669 1667; x_wconf 76' lang='grc' dir='ltr'><strong>καὶ</strong></span> <span class='ocrx_word' id='word_1_343' title='bbox 2688 1614 2839 1668; x_wconf 88' lang='grc' dir='ltr'>αίτοῦ</span> <span class='ocrx_word' id='word_1_344' title='bbox 2866 1614 2995 1685; x_wconf 75' lang='grc' dir='ltr'>παρ’</span> <span class='ocrx_word' id='word_1_345' title='bbox 3021 1612 3188 1666; x_wconf 86' lang='grc' dir='ltr'>αὐτοῦ</span> <span class='ocrx_word' id='word_1_346' title='bbox 3229 1611 3568 1672; x_wconf 76' lang='grc' dir='ltr'>ἁδιστάκτως</span> <span class='ocrx_word' id='word_1_347' title='bbox 3589 1628 3602 1642; x_wconf 90' lang='grc'><strong>·</strong></span> <span class='ocrx_word' id='word_1_348' title='bbox 3631 1610 3728 1662; x_wconf 73' lang='grc' dir='ltr'>καὶ</span> 
     </span>
    </p>
   </div>
   <div class='ocr_carea' id='block_1_45' title="bbox 2142 1702 3729 1781">
    <p class='ocr_par' dir='ltr' id='par_1_45' title="bbox 2142 1702 3729 1781">
     <span class='ocr_line' id='line_1_45' title="bbox 2142 1702 3729 1781; baseline -0.004 -21"><span class='ocrx_word' id='word_1_349' title='bbox 2142 1707 2329 1781; x_wconf 80' lang='grc' dir='ltr'><strong>γνώσῃ</strong></span> <span class='ocrx_word' id='word_1_350' title='bbox 2354 1709 2452 1780; x_wconf 75' lang='grc' dir='ltr'><strong>τὴν</strong></span> <span class='ocrx_word' id='word_1_351' title='bbox 2483 1707 2891 1778; x_wconf 76' lang='grc' dir='ltr'>εὐσπλαγχνίαν</span> <span class='ocrx_word' id='word_1_352' title='bbox 2918 1706 3105 1772; x_wconf 86' lang='grc' dir='ltr'>αὐτοῦ,</span> <span class='ocrx_word' id='word_1_353' title='bbox 3136 1707 3216 1760; x_wconf 82' lang='grc' dir='ltr'>ὅτι</span> <span class='ocrx_word' id='word_1_354' title='bbox 3254 1725 3273 1757; x_wconf 82' lang='grc' dir='ltr'><strong>ι</strong></span> <span class='ocrx_word' id='word_1_355' title='bbox 3306 1704 3366 1758; x_wconf 89' lang='grc' dir='ltr'><strong>οὐ</strong></span> <span class='ocrx_word' id='word_1_356' title='bbox 3409 1704 3483 1775; x_wconf 87' lang='grc' dir='ltr'>μή</span> <span class='ocrx_word' id='word_1_357' title='bbox 3536 1720 3594 1755; x_wconf 87' lang='grc' dir='ltr'><strong>σε</strong></span> <span class='ocrx_word' id='word_1_358' title='bbox 3637 1702 3729 1770; x_wconf 82' lang='grc' dir='ltr'><strong>ὲγ-</strong></span> 
     </span>
    </p>
   </div>
   <div class='ocr_carea' id='block_1_46' title="bbox 2143 1786 3729 1873">
    <p class='ocr_par' dir='ltr' id='par_1_46' title="bbox 2143 1786 3729 1873">
     <span class='ocr_line' id='line_1_46' title="bbox 2143 1786 3729 1873; baseline -0.008 -16"><span class='ocrx_word' id='word_1_359' title='bbox 2143 1803 2445 1873; x_wconf 75' lang='grc' dir='ltr'>καταλίπῃ,</span> <span class='ocrx_word' id='word_1_360' title='bbox 2496 1786 2634 1856; x_wconf 72' lang='grc' dir='ltr'>ἀλλὰ</span> <span class='ocrx_word' id='word_1_361' title='bbox 2671 1802 2732 1855; x_wconf 80' lang='grc' dir='ltr'><strong>τδ</strong></span> <span class='ocrx_word' id='word_1_362' title='bbox 2766 1802 2978 1870; x_wconf 77' lang='grc' dir='ltr'>αἴτημα</span> <span class='ocrx_word' id='word_1_363' title='bbox 3028 1799 3130 1870; x_wconf 82' lang='grc' dir='ltr'>τῆς</span> <span class='ocrx_word' id='word_1_364' title='bbox 3175 1796 3358 1868; x_wconf 75' lang='grc' dir='ltr'>ψυχῆς</span> <span class='ocrx_word' id='word_1_365' title='bbox 3399 1812 3491 1849; x_wconf 89' lang='grc' dir='ltr'><strong>σου</strong></span> <span class='ocrx_word' id='word_1_366' title='bbox 3525 1794 3729 1864; x_wconf 85' lang='grc' dir='ltr'>πληρο-</span> 
     </span>
    </p>
   </div>
   <div class='ocr_carea' id='block_1_47' title="bbox 2142 1886 3727 1966">
    <p class='ocr_par' dir='ltr' id='par_1_47' title="bbox 2142 1886 3727 1966">
     <span class='ocr_line' id='line_1_47' title="bbox 2142 1886 3727 1966; baseline -0.006 -18"><span class='ocrx_word' id='word_1_367' title='bbox 2142 1898 2372 1966; x_wconf 74' lang='grc' dir='ltr'>φορήεει</span> <span class='ocrx_word' id='word_1_368' title='bbox 2399 1913 2412 1925; x_wconf 63' lang='grc' dir='ltr'><strong>α</strong></span> <span class='ocrx_word' id='word_1_369' title='bbox 2450 1914 2467 1947; x_wconf 71' lang='grc' dir='ltr'><strong>ι</strong></span> <span class='ocrx_word' id='word_1_370' title='bbox 2495 1897 2522 1948; x_wconf 94' lang='lat'><strong>6</strong></span> <span class='ocrx_word' id='word_1_371' title='bbox 2560 1894 2667 1966; x_wconf 77' lang='grc' dir='ltr'>γὰρ</span> <span class='ocrx_word' id='word_1_372' title='bbox 2688 1893 2820 1956; x_wconf 83' lang='grc' dir='ltr'>Θεδς</span> <span class='ocrx_word' id='word_1_373' title='bbox 2846 1891 3221 1963; x_wconf 76' lang='grc' dir='ltr'>ἀμνησίκακός</span> <span class='ocrx_word' id='word_1_374' title='bbox 3244 1893 3380 1954; x_wconf 73' lang='grc' dir='ltr'>ἐστι,</span> <span class='ocrx_word' id='word_1_375' title='bbox 3403 1888 3495 1942; x_wconf 70' lang='grc' dir='ltr'><strong>καὶ</strong></span> <span class='ocrx_word' id='word_1_376' title='bbox 3514 1886 3727 1955; x_wconf 85' lang='grc' dir='ltr'>σπλαγ-</span> 
     </span>
    </p>
   </div>
   <div class='ocr_carea' id='block_1_48' title="bbox 2071 1977 3183 2061">
    <p class='ocr_par' dir='ltr' id='par_1_48' title="bbox 2071 1977 3183 2061">
     <span class='ocr_line' id='line_1_48' title="bbox 2071 1977 3183 2061; baseline -0.004 -20"><span class='ocrx_word' id='word_1_377' title='bbox 2071 1977 2109 2029; x_wconf 72' lang='grc' dir='ltr'><strong>Β</strong></span> <span class='ocrx_word' id='word_1_378' title='bbox 2143 1989 2384 2061; x_wconf 75' lang='grc' dir='ltr'>χνίζεται</span> <span class='ocrx_word' id='word_1_379' title='bbox 2413 1987 2506 2041; x_wconf 77' lang='grc' dir='ltr'>ἐπὶ</span> <span class='ocrx_word' id='word_1_380' title='bbox 2528 1989 2641 2051; x_wconf 79' lang='grc' dir='ltr'>τοῖς</span> <span class='ocrx_word' id='word_1_381' title='bbox 2674 1989 2974 2057; x_wconf 81' lang='grc' dir='ltr'><strong>ποιήμασιν</strong></span> <span class='ocrx_word' id='word_1_382' title='bbox 2995 1984 3183 2039; x_wconf 83' lang='grc' dir='ltr'>αὐτοῦ.</span> 
     </span>
    </p>
   </div>
   <div class='ocr_carea' id='block_1_49' title="bbox 2219 2073 3726 2151">
    <p class='ocr_par' dir='ltr' id='par_1_49' title="bbox 2219 2073 3726 2151">
     <span class='ocr_line' id='line_1_49' title="bbox 2219 2073 3726 2151; baseline -0.003 -20"><span class='ocrx_word' id='word_1_383' title='bbox 2219 2099 2239 2131; x_wconf 72' lang='grc' dir='ltr'><strong>ι</strong></span> <span class='ocrx_word' id='word_1_384' title='bbox 2274 2080 2584 2151; x_wconf 80' lang='grc' dir='ltr'>Καυχάσθω</span> <span class='ocrx_word' id='word_1_385' title='bbox 2622 2080 2678 2133; x_wconf 84' lang='grc' dir='ltr'>δὲ</span> <span class='ocrx_word' id='word_1_386' title='bbox 2712 2081 2741 2133; x_wconf 98' lang='lat'><strong>6</strong></span> <span class='ocrx_word' id='word_1_387' title='bbox 2786 2078 3021 2147; x_wconf 79' lang='grc' dir='ltr'>ἁδελφὸς</span> <span class='ocrx_word' id='word_1_388' title='bbox 3045 2080 3074 2132; x_wconf 93' lang='lat'><strong>6</strong></span> <span class='ocrx_word' id='word_1_389' title='bbox 3104 2075 3359 2139; x_wconf 75' lang='grc' dir='ltr'>ταπεινὸς</span> <span class='ocrx_word' id='word_1_390' title='bbox 3406 2077 3464 2129; x_wconf 81' lang='grc' dir='ltr'><strong>ἐν</strong></span> <span class='ocrx_word' id='word_1_391' title='bbox 3488 2074 3566 2145; x_wconf 83' lang='grc' dir='ltr'>τῷ</span> <span class='ocrx_word' id='word_1_392' title='bbox 3599 2073 3726 2145; x_wconf 77' lang='grc' dir='ltr'>ὕψει</span> 
     </span>
    </p>
   </div>
   <div class='ocr_carea' id='block_1_50' title="bbox 2141 2169 3729 2243">
    <p class='ocr_par' dir='ltr' id='par_1_50' title="bbox 2141 2169 3729 2243">
     <span class='ocr_line' id='line_1_50' title="bbox 2141 2169 3729 2243; baseline -0.004 -16"><span class='ocrx_word' id='word_1_393' title='bbox 2141 2173 2329 2227; x_wconf 82' lang='grc' dir='ltr'>αὐτοῦ.</span> <span class='ocrx_word' id='word_1_394' title='bbox 2365 2193 2383 2224; x_wconf 71' lang='grc' dir='ltr'><strong>ι</strong></span> <span class='ocrx_word' id='word_1_395' title='bbox 2431 2172 2650 2243; x_wconf 77' lang='grc' dir='ltr'>Ἐπειδὴ</span> <span class='ocrx_word' id='word_1_396' title='bbox 2704 2171 2813 2226; x_wconf 87' lang='grc' dir='ltr'><strong>τῶν</strong></span> <span class='ocrx_word' id='word_1_397' title='bbox 2847 2171 3031 2226; x_wconf 86' lang='grc' dir='ltr'>καλῶν</span> <span class='ocrx_word' id='word_1_398' title='bbox 3068 2172 3326 2225; x_wconf 78' lang='grc' dir='ltr'>ἁπάντων</span> <span class='ocrx_word' id='word_1_399' title='bbox 3358 2169 3729 2240; x_wconf 82' lang='grc' dir='ltr'>ταμιεύτριαν</span> 
     </span>
    </p>
   </div>
   <div class='ocr_carea' id='block_1_51' title="bbox 2139 2262 3726 2340">
    <p class='ocr_par' dir='ltr' id='par_1_51' title="bbox 2139 2262 3726 2340">
     <span class='ocr_line' id='line_1_51' title="bbox 2139 2262 3726 2340; baseline -0.005 -18"><span class='ocrx_word' id='word_1_400' title='bbox 2139 2262 2250 2323; x_wconf 83' lang='grc' dir='ltr'>οἶδε</span> <span class='ocrx_word' id='word_1_401' title='bbox 2281 2267 2379 2340; x_wconf 75' lang='grc' dir='ltr'><strong>τὴν</strong></span> <span class='ocrx_word' id='word_1_402' title='bbox 2410 2265 2936 2338; x_wconf 70' lang='grc' dir='ltr'>ταπεινοφροσύνην,</span> <span class='ocrx_word' id='word_1_403' title='bbox 2969 2267 3064 2320; x_wconf 71' lang='grc' dir='ltr'><strong>καὶ</strong></span> <span class='ocrx_word' id='word_1_404' title='bbox 3081 2267 3163 2319; x_wconf 83' lang='grc' dir='ltr'>ὅτι</span> <span class='ocrx_word' id='word_1_405' title='bbox 3189 2266 3317 2320; x_wconf 75' lang='grc' dir='ltr'>ἄνευ</span> <span class='ocrx_word' id='word_1_406' title='bbox 3342 2263 3546 2334; x_wconf 82' lang='grc' dir='ltr'>ταύτης</span> <span class='ocrx_word' id='word_1_407' title='bbox 3568 2262 3726 2316; x_wconf 77' lang='grc' dir='ltr'>οὐδὲν</span> 
     </span>
    </p>
   </div>
   <div class='ocr_carea' id='block_1_52' title="bbox 2141 2355 3722 2433">
    <p class='ocr_par' dir='ltr' id='par_1_52' title="bbox 2141 2355 3722 2433">
     <span class='ocr_line' id='line_1_52' title="bbox 2141 2355 3722 2433; baseline -0.006 -15"><span class='ocrx_word' id='word_1_408' title='bbox 2141 2361 2504 2433; x_wconf 78' lang='grc' dir='ltr'>κατορθοῦται</span> <span class='ocrx_word' id='word_1_409' title='bbox 2528 2360 2637 2415; x_wconf 86' lang='grc' dir='ltr'><strong>τῶν</strong></span> <span class='ocrx_word' id='word_1_410' title='bbox 2671 2360 3000 2426; x_wconf 84' lang='grc' dir='ltr'>σπουδαίων,</span> <span class='ocrx_word' id='word_1_411' title='bbox 3031 2359 3119 2413; x_wconf 72' lang='grc' dir='ltr'>διὰ</span> <span class='ocrx_word' id='word_1_412' title='bbox 3151 2359 3312 2412; x_wconf 86' lang='grc' dir='ltr'>τοῦτο</span> <span class='ocrx_word' id='word_1_413' title='bbox 3338 2357 3592 2429; x_wconf 78' lang='grc' dir='ltr'>ἐπιφέρει</span> <span class='ocrx_word' id='word_1_414' title='bbox 3636 2355 3722 2421; x_wconf 82' lang='grc' dir='ltr'><strong>τὸ,</strong></span> 
     </span>
    </p>
   </div>
   <div class='ocr_carea' id='block_1_53' title="bbox 2145 2450 3725 2526">
    <p class='ocr_par' dir='ltr' id='par_1_53' title="bbox 2145 2450 3725 2526">
     <span class='ocr_line' id='line_1_53' title="bbox 2145 2450 3725 2526; baseline -0.003 -17"><span class='ocrx_word' id='word_1_415' title='bbox 2145 2475 2167 2509; x_wconf 77' lang='lat' dir='ltr'><strong>r</strong></span> <span class='ocrx_word' id='word_1_416' title='bbox 2206 2455 2517 2526; x_wconf 71' lang='grc' dir='ltr'>Καυχάσθω</span> <span class='ocrx_word' id='word_1_417' title='bbox 2567 2457 2596 2509; x_wconf 94' lang='lat'><strong>6</strong></span> <span class='ocrx_word' id='word_1_418' title='bbox 2622 2454 2878 2517; x_wconf 78' lang='grc' dir='ltr'>ταπεινὸς</span> <span class='ocrx_word' id='word_1_419' title='bbox 2908 2455 2967 2509; x_wconf 73' lang='grc' dir='ltr'>ἐν</span> <span class='ocrx_word' id='word_1_420' title='bbox 2995 2452 3071 2523; x_wconf 86' lang='grc' dir='ltr'><strong>τῷ</strong></span> <span class='ocrx_word' id='word_1_421' title='bbox 3103 2452 3228 2523; x_wconf 75' lang='grc' dir='ltr'>ῦψει</span> <span class='ocrx_word' id='word_1_422' title='bbox 3279 2451 3468 2505; x_wconf 84' lang='grc' dir='ltr'>αὐτοῦ.</span> <span class='ocrx_word' id='word_1_423' title='bbox 3504 2469 3522 2502; x_wconf 72' lang='grc' dir='ltr'><strong>ι</strong></span> <span class='ocrx_word' id='word_1_424' title='bbox 3566 2450 3725 2505; x_wconf 75' lang='grc' dir='ltr'>Ἐπεὶ</span> 
     </span>
    </p>
   </div>
   <div class='ocr_carea' id='block_1_54' title="bbox 2138 2529 3720 2620">
    <p class='ocr_par' dir='ltr' id='par_1_54' title="bbox 2138 2529 3720 2620">
     <span class='ocr_line' id='line_1_54' title="bbox 2138 2529 3720 2620; baseline -0.005 -18"><span class='ocrx_word' id='word_1_425' title='bbox 2138 2548 2251 2620; x_wconf 78' lang='grc' dir='ltr'><strong>γὰρ</strong></span> <span class='ocrx_word' id='word_1_426' title='bbox 2277 2567 2295 2598; x_wconf 82' lang='grc' dir='ltr'><strong>ι</strong></span> <span class='ocrx_word' id='word_1_427' title='bbox 2339 2547 2568 2601; x_wconf 78' lang='grc' dir='ltr'>κλύδωνι</span> <span class='ocrx_word' id='word_1_428' title='bbox 2600 2529 2931 2617; x_wconf 40' lang='grc' dir='ltr'>θαλάσσης-ὑ</span> <span class='ocrx_word' id='word_1_429' title='bbox 2958 2541 3050 2598; x_wconf 67' lang='grc' dir='ltr'><strong>’ὢν</strong></span> <span class='ocrx_word' id='word_1_430' title='bbox 3084 2544 3502 2614; x_wconf 78' lang='grc' dir='ltr'>διακρινόμενον</span> <span class='ocrx_word' id='word_1_431' title='bbox 3559 2544 3720 2597; x_wconf 82' lang='grc' dir='ltr'>ἀπει-</span> 
     </span>
    </p>
   </div>
   <div class='ocr_carea' id='block_1_55' title="bbox 2138 2633 3723 2710">
    <p class='ocr_par' dir='ltr' id='par_1_55' title="bbox 2138 2633 3723 2710">
     <span class='ocr_line' id='line_1_55' title="bbox 2138 2633 3723 2710; baseline -0.004 -16"><span class='ocrx_word' id='word_1_432' title='bbox 2138 2640 2320 2706; x_wconf 75' lang='grc' dir='ltr'>κάζει,</span> <span class='ocrx_word' id='word_1_433' title='bbox 2341 2639 2400 2703; x_wconf 83' lang='grc' dir='ltr'>ὃς</span> <span class='ocrx_word' id='word_1_434' title='bbox 2426 2638 2820 2710; x_wconf 84' lang='grc' dir='ltr'>μετεωρίζεται</span> <span class='ocrx_word' id='word_1_435' title='bbox 2856 2639 2956 2709; x_wconf 76' lang='grc' dir='ltr'>μὲν</span> <span class='ocrx_word' id='word_1_436' title='bbox 2994 2639 3105 2701; x_wconf 83' lang='grc' dir='ltr'>τοῖς</span> <span class='ocrx_word' id='word_1_437' title='bbox 3134 2636 3441 2706; x_wconf 80' lang='grc' dir='ltr'>πνεύμασιν</span> <span class='ocrx_word' id='word_1_438' title='bbox 3464 2633 3723 2703; x_wconf 68' lang='grc' dir='ltr'>ὲξογκούο</span> 
     </span>
    </p>
   </div>
   <div class='ocr_carea' id='block_1_56' title="bbox 2142 2729 3723 2807">
    <p class='ocr_par' dir='ltr' id='par_1_56' title="bbox 2142 2729 3723 2807">
     <span class='ocr_line' id='line_1_56' title="bbox 2142 2729 3723 2807; baseline -0.004 -20"><span class='ocrx_word' id='word_1_439' title='bbox 2142 2751 2326 2807; x_wconf 88' lang='grc' dir='ltr'>μενος,</span> <span class='ocrx_word' id='word_1_440' title='bbox 2353 2734 2547 2787; x_wconf 80' lang='grc' dir='ltr'>θᾶττον</span> <span class='ocrx_word' id='word_1_441' title='bbox 2596 2732 2653 2785; x_wconf 79' lang='grc' dir='ltr'>δὲ</span> <span class='ocrx_word' id='word_1_442' title='bbox 2699 2732 2731 2799; x_wconf 82' lang='grc' dir='ltr'><strong>ἢ</strong></span> <span class='ocrx_word' id='word_1_443' title='bbox 2788 2730 3068 2801; x_wconf 68' lang='grc' dir='ltr'>ὑψωθῆναι</span> <span class='ocrx_word' id='word_1_444' title='bbox 3127 2730 3470 2799; x_wconf 75' lang='grc' dir='ltr'>κοιμίζεται·</span> <span class='ocrx_word' id='word_1_445' title='bbox 3521 2729 3723 2797; x_wconf 75' lang='grc' dir='ltr'>ὁμοίως</span> 
     </span>
    </p>
   </div>
   <div class='ocr_carea' id='block_1_57' title="bbox 2139 2820 3723 2898">
    <p class='ocr_par' dir='ltr' id='par_1_57' title="bbox 2139 2820 3723 2898">
     <span class='ocr_line' id='line_1_57' title="bbox 2139 2820 3723 2898; baseline -0.004 -18"><span class='ocrx_word' id='word_1_446' title='bbox 2139 2829 2341 2898; x_wconf 74' lang='grc' dir='ltr'>πάσχει</span> <span class='ocrx_word' id='word_1_447' title='bbox 2367 2827 2463 2881; x_wconf 77' lang='grc' dir='ltr'>καὶ</span> <span class='ocrx_word' id='word_1_448' title='bbox 2485 2828 2512 2880; x_wconf 91' lang='lat'><strong>6</strong></span> <span class='ocrx_word' id='word_1_449' title='bbox 2544 2844 2563 2879; x_wconf 79' lang='grc' dir='ltr'><strong>ι</strong></span> <span class='ocrx_word' id='word_1_450' title='bbox 2599 2825 3012 2896; x_wconf 78' lang='grc' dir='ltr'>διακρινόμενος</span> <span class='ocrx_word' id='word_1_451' title='bbox 3043 2843 3060 2874; x_wconf 74' lang='grc' dir='ltr'><strong>ι</strong></span> <span class='ocrx_word' id='word_1_452' title='bbox 3088 2824 3145 2890; x_wconf 75' lang='grc' dir='ltr'><strong>ἒξ</strong></span> <span class='ocrx_word' id='word_1_453' title='bbox 3173 2821 3555 2893; x_wconf 76' lang='grc' dir='ltr'>ὑπερηφανίας</span> <span class='ocrx_word' id='word_1_454' title='bbox 3585 2820 3723 2890; x_wconf 64' lang='grc' dir='ltr'>πρὶς</span> 
     </span>
    </p>
   </div>
   <div class='ocr_carea' id='block_1_58' title="bbox 2137 2914 3718 2994">
    <p class='ocr_par' dir='ltr' id='par_1_58' title="bbox 2137 2914 3718 2994">
     <span class='ocr_line' id='line_1_58' title="bbox 2137 2914 3718 2994; baseline -0.003 -21"><span class='ocrx_word' id='word_1_455' title='bbox 2137 2920 2291 2973; x_wconf 78' lang='grc' dir='ltr'>οὐδὲν</span> <span class='ocrx_word' id='word_1_456' title='bbox 2320 2917 2430 2972; x_wconf 86' lang='grc' dir='ltr'><strong>τῶν</strong></span> <span class='ocrx_word' id='word_1_457' title='bbox 2457 2918 2684 2972; x_wconf 87' lang='grc' dir='ltr'>δεόντων</span> <span class='ocrx_word' id='word_1_458' title='bbox 2711 2916 3083 2994; x_wconf 68' lang='grc' dir='ltr'>ἐπιστηρίζων</span> <span class='ocrx_word' id='word_1_459' title='bbox 3102 2917 3202 2978; x_wconf 66' lang='grc' dir='ltr'>τὰς</span> <span class='ocrx_word' id='word_1_460' title='bbox 3226 2914 3422 2968; x_wconf 76' lang='grc' dir='ltr'>ἑαυτοῦ</span> <span class='ocrx_word' id='word_1_461' title='bbox 3453 2915 3718 2983; x_wconf 78' lang='grc' dir='ltr'>αἰτήσεις.</span> 
     </span>
    </p>
   </div>
   <div class='ocr_carea' id='block_1_59' title="bbox 2140 3005 3723 3081">
    <p class='ocr_par' dir='ltr' id='par_1_59' title="bbox 2140 3005 3723 3081">
     <span class='ocr_line' id='line_1_59' title="bbox 2140 3005 3723 3081; baseline -0.006 -16"><span class='ocrx_word' id='word_1_462' title='bbox 2140 3012 2238 3066; x_wconf 77' lang='grc' dir='ltr'><strong>Διὰ</strong></span> <span class='ocrx_word' id='word_1_463' title='bbox 2274 3012 2432 3065; x_wconf 86' lang='grc' dir='ltr'>τοῦτο</span> <span class='ocrx_word' id='word_1_464' title='bbox 2458 3010 2711 3081; x_wconf 75' lang='grc' dir='ltr'>ἐπιφέρει</span> <span class='ocrx_word' id='word_1_465' title='bbox 2747 3008 2830 3075; x_wconf 76' lang='grc' dir='ltr'>τὸ,</span> <span class='ocrx_word' id='word_1_466' title='bbox 2872 3027 2890 3059; x_wconf 78' lang='grc' dir='ltr'><strong>ι</strong></span> <span class='ocrx_word' id='word_1_467' title='bbox 2922 3006 3234 3078; x_wconf 72' lang='grc' dir='ltr'>Καυχάσθω</span> <span class='ocrx_word' id='word_1_468' title='bbox 3282 3006 3512 3077; x_wconf 65' lang='grc' dir='ltr'>ἁδελφὲς</span> <span class='ocrx_word' id='word_1_469' title='bbox 3563 3005 3592 3057; x_wconf 91' lang='lat'><strong>6</strong></span> <span class='ocrx_word' id='word_1_470' title='bbox 3621 3021 3723 3057; x_wconf 84' lang='grc' dir='ltr'>τα-</span> 
     </span>
    </p>
   </div>
   <div class='ocr_carea' id='block_1_60' title="bbox 2139 3097 3725 3169">
    <p class='ocr_par' dir='ltr' id='par_1_60' title="bbox 2139 3097 3725 3169">
     <span class='ocr_line' id='line_1_60' title="bbox 2139 3097 3725 3169; baseline -0.005 -11"><span class='ocrx_word' id='word_1_471' title='bbox 2139 3101 2326 3165; x_wconf 86' lang='grc' dir='ltr'>πεινός</span> <span class='ocrx_word' id='word_1_472' title='bbox 2350 3118 2365 3133; x_wconf 86' lang='grc'><strong>·</strong></span> <span class='ocrx_word' id='word_1_473' title='bbox 2406 3120 2425 3153; x_wconf 70' lang='grc' dir='ltr'><strong>ι</strong></span> <span class='ocrx_word' id='word_1_474' title='bbox 2454 3099 2698 3154; x_wconf 89' lang='grc' dir='ltr'>τοιοῦτόν</span> <span class='ocrx_word' id='word_1_475' title='bbox 2741 3117 2794 3152; x_wconf 92' lang='grc' dir='ltr'><strong>τι</strong></span> <span class='ocrx_word' id='word_1_476' title='bbox 2829 3099 3006 3168; x_wconf 79' lang='grc' dir='ltr'>λέγων</span> <span class='ocrx_word' id='word_1_477' title='bbox 3029 3115 3043 3128; x_wconf 82' lang='lat'><strong><em>°</em></strong></span> <span class='ocrx_word' id='word_1_478' title='bbox 3097 3098 3156 3153; x_wconf 86' lang='lat'><strong>&#39;0</strong></span> <span class='ocrx_word' id='word_1_479' title='bbox 3189 3099 3513 3169; x_wconf 80' lang='grc' dir='ltr'>βουλόμενος</span> <span class='ocrx_word' id='word_1_480' title='bbox 3548 3097 3725 3151; x_wconf 78' lang='grc' dir='ltr'>αἰτεῖν</span> 
     </span>
    </p>
   </div>
   <div class='ocr_carea' id='block_1_61' title="bbox 2137 3187 3726 3265">
    <p class='ocr_par' dir='ltr' id='par_1_61' title="bbox 2137 3187 3726 3265">
     <span class='ocr_line' id='line_1_61' title="bbox 2137 3187 3726 3265; baseline -0.003 -15"><span class='ocrx_word' id='word_1_481' title='bbox 2137 3213 2212 3263; x_wconf 87' lang='grc' dir='ltr'><strong>τι,</strong></span> <span class='ocrx_word' id='word_1_482' title='bbox 2240 3194 2459 3265; x_wconf 84' lang='grc' dir='ltr'>πρῶτον</span> <span class='ocrx_word' id='word_1_483' title='bbox 2493 3193 2594 3265; x_wconf 77' lang='grc' dir='ltr'><strong>μὲν</strong></span> <span class='ocrx_word' id='word_1_484' title='bbox 2620 3192 2843 3248; x_wconf 76' lang='grc' dir='ltr'>αἰτείτω</span> <span class='ocrx_word' id='word_1_485' title='bbox 2871 3192 2939 3246; x_wconf 66' lang='grc' dir='ltr'>τὰ</span> <span class='ocrx_word' id='word_1_486' title='bbox 2962 3192 3177 3257; x_wconf 78' lang='grc' dir='ltr'>δέοντα,</span> <span class='ocrx_word' id='word_1_487' title='bbox 3210 3194 3269 3246; x_wconf 79' lang='grc' dir='ltr'>ὲν</span> <span class='ocrx_word' id='word_1_488' title='bbox 3298 3187 3379 3256; x_wconf 78' lang='grc' dir='ltr'>οἷς</span> <span class='ocrx_word' id='word_1_489' title='bbox 3408 3191 3531 3245; x_wconf 78' lang='grc' dir='ltr'>οὐδὲ</span> <span class='ocrx_word' id='word_1_490' title='bbox 3559 3192 3726 3245; x_wconf 67' lang='grc' dir='ltr'>ἀστοο</span> 
     </span>
    </p>
   </div>
   <div class='ocr_carea' id='block_1_62' title="bbox 449 3281 2037 3371">
    <p class='ocr_par' dir='ltr' id='par_1_62' title="bbox 449 3281 2029 3355">
     <span class='ocr_line' id='line_1_62' title="bbox 449 3281 2029 3355; baseline 0 -19"><span class='ocrx_word' id='word_1_491' title='bbox 449 3281 821 3339; x_wconf 83' lang='lat' dir='ltr'><strong>trattdabitur.</strong></span> <span class='ocrx_word' id='word_1_492' title='bbox 851 3282 977 3339; x_wconf 83' lang='lat' dir='ltr'><strong>llaec</strong></span> <span class='ocrx_word' id='word_1_493' title='bbox 1006 3294 1187 3339; x_wconf 88' lang='lat' dir='ltr'><strong>autem</strong></span> <span class='ocrx_word' id='word_1_494' title='bbox 1217 3294 1367 3351; x_wconf 87' lang='lat' dir='ltr'><strong>sunt,</strong></span> <span class='ocrx_word' id='word_1_495' title='bbox 1401 3302 1420 3336; x_wconf 81' lang='grc' dir='ltr'><strong>ι</strong></span> <span class='ocrx_word' id='word_1_496' title='bbox 1453 3282 1698 3355; x_wconf 75' lang='lat' dir='ltr'><strong>Regnum</strong></span> <span class='ocrx_word' id='word_1_497' title='bbox 1735 3286 2029 3349; x_wconf 73' lang='lat' dir='ltr'><strong>cmlorunt,</strong></span> 
     </span>
    </p>
   </div>
   <div class='ocr_carea' id='block_1_63' title="bbox 2137 3281 3724 3371">
    <p class='ocr_par' dir='ltr' id='par_1_63' title="bbox 2138 3282 3724 3361">
     <span class='ocr_line' id='line_1_63' title="bbox 2138 3282 3724 3361; baseline -0.004 -18"><span class='ocrx_word' id='word_1_498' title='bbox 2138 3292 2299 3361; x_wconf 83' lang='grc' dir='ltr'>χήσει</span> <span class='ocrx_word' id='word_1_499' title='bbox 2331 3289 2441 3343; x_wconf 86' lang='grc' dir='ltr'><strong>τῶν</strong></span> <span class='ocrx_word' id='word_1_500' title='bbox 2471 3287 2824 3358; x_wconf 80' lang='grc' dir='ltr'>ζητουμένων</span> <span class='ocrx_word' id='word_1_501' title='bbox 2849 3303 2865 3318; x_wconf 78' lang='grc' dir='ltr'><strong><em>ο</em></strong></span> <span class='ocrx_word' id='word_1_502' title='bbox 2899 3285 3076 3340; x_wconf 87' lang='grc' dir='ltr'>ταῦτα</span> <span class='ocrx_word' id='word_1_503' title='bbox 3100 3285 3156 3339; x_wconf 83' lang='grc' dir='ltr'>δέ</span> <span class='ocrx_word' id='word_1_504' title='bbox 3195 3287 3365 3350; x_wconf 79' lang='grc' dir='ltr'>ἐστιν,</span> <span class='ocrx_word' id='word_1_505' title='bbox 3401 3302 3421 3337; x_wconf 75' lang='grc' dir='ltr'><strong>ι</strong></span> <span class='ocrx_word' id='word_1_506' title='bbox 3470 3283 3534 3336; x_wconf 82' lang='grc' dir='ltr'><strong><em>Ἥ</em></strong></span> <span class='ocrx_word' id='word_1_507' title='bbox 3563 3282 3724 3353; x_wconf 77' lang='grc' dir='ltr'>βασι-</span> 
     </span>
    </p>
   </div>
   <div class='ocr_carea' id='block_1_64' title="bbox 449 3376 2034 3447">
    <p class='ocr_par' dir='ltr' id='par_1_64' title="bbox 449 3376 2034 3447">
     <span class='ocr_line' id='line_1_64' title="bbox 449 3376 2034 3447; baseline -0.001 -16"><span class='ocrx_word' id='word_1_508' title='bbox 449 3386 505 3431; x_wconf 92' lang='lat' dir='ltr'><strong>et</strong></span> <span class='ocrx_word' id='word_1_509' title='bbox 529 3376 743 3446; x_wconf 86' lang='lat' dir='ltr'><strong>justitia</strong></span> <span class='ocrx_word' id='word_1_510' title='bbox 794 3378 916 3447; x_wconf 85' lang='lat' dir='ltr'><strong>ejus</strong></span> <span class='ocrx_word' id='word_1_511' title='bbox 943 3379 1012 3432; x_wconf 82' lang='grc' dir='ltr'><strong>ἰ</strong></span> <span class='ocrx_word' id='word_1_512' title='bbox 1054 3396 1073 3428; x_wconf 77' lang='grc' dir='ltr'><strong>ι</strong></span> <span class='ocrx_word' id='word_1_513' title='bbox 1130 3377 1329 3433; x_wconf 88' lang='lat' dir='ltr'><strong>deinde</strong></span> <span class='ocrx_word' id='word_1_514' title='bbox 1365 3378 1651 3447; x_wconf 84' lang='lat' dir='ltr'><strong>postulans</strong></span> <span class='ocrx_word' id='word_1_515' title='bbox 1699 3384 2034 3447; x_wconf 70' lang='lat' dir='ltr'><strong>perseveret,</strong></span> 
     </span>
    </p>
   </div>
   <div class='ocr_carea' id='block_1_65' title="bbox 450 3468 2038 3538">
    <p class='ocr_par' dir='ltr' id='par_1_65' title="bbox 450 3468 2038 3538">
     <span class='ocr_line' id='line_1_65' title="bbox 450 3468 2038 3538; baseline -0.001 -14"><span class='ocrx_word' id='word_1_516' title='bbox 450 3483 566 3525; x_wconf 86' lang='lat' dir='ltr'><strong>non</strong></span> <span class='ocrx_word' id='word_1_517' title='bbox 606 3483 737 3525; x_wconf 86' lang='lat' dir='ltr'><strong>vero</strong></span> <span class='ocrx_word' id='word_1_518' title='bbox 778 3469 966 3525; x_wconf 89' lang='lat' dir='ltr'><strong>statim</strong></span> <span class='ocrx_word' id='word_1_519' title='bbox 1002 3483 1067 3525; x_wconf 93' lang='lat' dir='ltr'><strong>ac</strong></span> <span class='ocrx_word' id='word_1_520' title='bbox 1104 3468 1320 3525; x_wconf 91' lang='lat' dir='ltr'><strong>modice</strong></span> <span class='ocrx_word' id='word_1_521' title='bbox 1346 3469 1547 3536; x_wconf 88' lang='lat' dir='ltr'><strong>oravit,</strong></span> <span class='ocrx_word' id='word_1_522' title='bbox 1570 3469 1791 3525; x_wconf 82' lang='lat' dir='ltr'><strong>recedat</strong></span> <span class='ocrx_word' id='word_1_523' title='bbox 1818 3470 2038 3538; x_wconf 84' lang='lat' dir='ltr'><strong>(super-</strong></span> 
     </span>
    </p>
   </div>
   <div class='ocr_carea' id='block_1_66' title="bbox 448 3559 2039 3633">
    <p class='ocr_par' dir='ltr' id='par_1_66' title="bbox 448 3559 2039 3633">
     <span class='ocr_line' id='line_1_66' title="bbox 448 3559 2039 3633; baseline -0.002 -15"><span class='ocrx_word' id='word_1_524' title='bbox 448 3563 646 3619; x_wconf 87' lang='lat' dir='ltr'><strong>borum</strong></span> <span class='ocrx_word' id='word_1_525' title='bbox 683 3562 830 3617; x_wconf 90' lang='lat' dir='ltr'><strong>enim</strong></span> <span class='ocrx_word' id='word_1_526' title='bbox 862 3562 965 3617; x_wconf 90' lang='lat' dir='ltr'><strong>hoc</strong></span> <span class='ocrx_word' id='word_1_527' title='bbox 993 3571 1075 3618; x_wconf 89' lang='lat' dir='ltr'><strong>est</strong></span> <span class='ocrx_word' id='word_1_528' title='bbox 1103 3571 1122 3633; x_wconf 84' lang='lat'><strong><em>)</em></strong></span> <span class='ocrx_word' id='word_1_529' title='bbox 1166 3563 1261 3618; x_wconf 90' lang='lat' dir='ltr'><strong>sed</strong></span> <span class='ocrx_word' id='word_1_530' title='bbox 1298 3569 1641 3633; x_wconf 91' lang='lat' dir='ltr'><strong>permaneat,</strong></span> <span class='ocrx_word' id='word_1_531' title='bbox 1673 3559 1728 3617; x_wconf 88' lang='lat' dir='ltr'><strong>id</strong></span> <span class='ocrx_word' id='word_1_532' title='bbox 1760 3559 1907 3632; x_wconf 87' lang='lat' dir='ltr'><strong>quod</strong></span> <span class='ocrx_word' id='word_1_533' title='bbox 1939 3574 2039 3629; x_wconf 86' lang='lat' dir='ltr'><strong>pe-</strong></span> 
     </span>
    </p>
   </div>
   <div class='ocr_carea' id='block_1_67' title="bbox 449 3654 1580 3726">
    <p class='ocr_par' dir='ltr' id='par_1_67' title="bbox 449 3654 1580 3726">
     <span class='ocr_line' id='line_1_67' title="bbox 449 3654 1580 3726; baseline -0.001 -16"><span class='ocrx_word' id='word_1_534' title='bbox 449 3655 542 3725; x_wconf 91' lang='lat' dir='ltr'><strong>tit,</strong></span> <span class='ocrx_word' id='word_1_535' title='bbox 570 3654 852 3712; x_wconf 84' lang='lat' dir='ltr'><strong>humiliter</strong></span> <span class='ocrx_word' id='word_1_536' title='bbox 879 3670 944 3710; x_wconf 87' lang='lat' dir='ltr'><strong>ac</strong></span> <span class='ocrx_word' id='word_1_537' title='bbox 968 3655 1200 3711; x_wconf 84' lang='lat' dir='ltr'><strong>firmiter</strong></span> <span class='ocrx_word' id='word_1_538' title='bbox 1227 3665 1580 3726; x_wconf 81' lang='lat' dir='ltr'><strong>exspectans.</strong></span> 
     </span>
    </p>
   </div>
   <div class='ocr_carea' id='block_1_68' title="bbox 520 3836 2039 3909">
    <p class='ocr_par' dir='ltr' id='par_1_68' title="bbox 520 3836 2039 3909">
     <span class='ocr_line' id='line_1_68' title="bbox 520 3836 2039 3909; baseline 0 -16"><span class='ocrx_word' id='word_1_539' title='bbox 520 3836 686 3893; x_wconf 74' lang='lat' dir='ltr'><strong>Vsus.</strong></span> <span class='ocrx_word' id='word_1_540' title='bbox 716 3836 803 3905; x_wconf 81' lang='lat' dir='ltr'><strong>l0,</strong></span> <span class='ocrx_word' id='word_1_541' title='bbox 826 3837 912 3892; x_wconf 79' lang='lat' dir='ltr'><strong>ll.</strong></span> <span class='ocrx_word' id='word_1_542' title='bbox 934 3857 953 3890; x_wconf 79' lang='grc' dir='ltr'><strong>ι</strong></span> <span class='ocrx_word' id='word_1_543' title='bbox 978 3836 1139 3894; x_wconf 82' lang='lat' dir='ltr'><strong>Dives</strong></span> <span class='ocrx_word' id='word_1_544' title='bbox 1160 3847 1338 3894; x_wconf 88' lang='lat' dir='ltr'><strong>autem</strong></span> <span class='ocrx_word' id='word_1_545' title='bbox 1360 3836 1413 3893; x_wconf 91' lang='lat' dir='ltr'><strong>in</strong></span> <span class='ocrx_word' id='word_1_546' title='bbox 1436 3838 1744 3895; x_wconf 88' lang='lat' dir='ltr'><strong>humilitate</strong></span> <span class='ocrx_word' id='word_1_547' title='bbox 1758 3853 1884 3905; x_wconf 88' lang='lat' dir='ltr'><strong>sua,</strong></span> <span class='ocrx_word' id='word_1_548' title='bbox 1902 3852 2039 3909; x_wconf 81' lang='lat' dir='ltr'><strong>quo-</strong></span> 
     </span>
    </p>
   </div>
   <div class='ocr_carea' id='block_1_69' title="bbox 444 3928 2036 3989">
    <p class='ocr_par' dir='ltr' id='par_1_69' title="bbox 444 3928 2036 3989">
     <span class='ocr_line' id='line_1_69' title="bbox 444 3928 2036 3989; baseline 0 -2"><span class='ocrx_word' id='word_1_549' title='bbox 444 3931 594 3987; x_wconf 86' lang='lat' dir='ltr'><strong>niam</strong></span> <span class='ocrx_word' id='word_1_550' title='bbox 631 3928 773 3988; x_wconf 88' lang='lat' dir='ltr'><strong>sicut</strong></span> <span class='ocrx_word' id='word_1_551' title='bbox 805 3930 903 3986; x_wconf 87' lang='lat' dir='ltr'><strong>llos</strong></span> <span class='ocrx_word' id='word_1_552' title='bbox 927 3930 1058 3986; x_wconf 86' lang='lat' dir='ltr'><strong>foeni</strong></span> <span class='ocrx_word' id='word_1_553' title='bbox 1087 3931 1363 3988; x_wconf 85' lang='lat' dir='ltr'><strong>transibit.</strong></span> <span class='ocrx_word' id='word_1_554' title='bbox 1389 3931 1626 3988; x_wconf 80' lang='lat' dir='ltr'><strong>Exortus</strong></span> <span class='ocrx_word' id='word_1_555' title='bbox 1654 3940 1739 3989; x_wconf 87' lang='lat' dir='ltr'><strong>est</strong></span> <span class='ocrx_word' id='word_1_556' title='bbox 1766 3934 1912 3988; x_wconf 88' lang='lat' dir='ltr'><strong>enim</strong></span> <span class='ocrx_word' id='word_1_557' title='bbox 1954 3932 2036 3989; x_wconf 91' lang='lat' dir='ltr'><strong>sol</strong></span> 
     </span>
    </p>
   </div>
   <div class='ocr_carea' id='block_1_70' title="bbox 448 4024 2037 4097">
    <p class='ocr_par' dir='ltr' id='par_1_70' title="bbox 448 4024 2037 4097">
     <span class='ocr_line' id='line_1_70' title="bbox 448 4024 2037 4097; baseline 0.001 -18"><span class='ocrx_word' id='word_1_558' title='bbox 448 4038 574 4079; x_wconf 90' lang='lat' dir='ltr'><strong>cum</strong></span> <span class='ocrx_word' id='word_1_559' title='bbox 624 4024 843 4091; x_wconf 90' lang='lat' dir='ltr'><strong>ardore,</strong></span> <span class='ocrx_word' id='word_1_560' title='bbox 898 4033 953 4080; x_wconf 91' lang='lat' dir='ltr'><strong>et</strong></span> <span class='ocrx_word' id='word_1_561' title='bbox 1001 4024 1229 4081; x_wconf 85' lang='lat' dir='ltr'><strong>arefecit</strong></span> <span class='ocrx_word' id='word_1_562' title='bbox 1262 4026 1490 4092; x_wconf 66' lang='lat' dir='ltr'><strong>latinum,</strong></span> <span class='ocrx_word' id='word_1_563' title='bbox 1519 4036 1573 4083; x_wconf 91' lang='lat' dir='ltr'><strong>et</strong></span> <span class='ocrx_word' id='word_1_564' title='bbox 1611 4025 1713 4082; x_wconf 86' lang='lat' dir='ltr'><strong>llos</strong></span> <span class='ocrx_word' id='word_1_565' title='bbox 1743 4026 1864 4097; x_wconf 76' lang='lat' dir='ltr'><strong>ejus</strong></span> <span class='ocrx_word' id='word_1_566' title='bbox 1887 4025 2037 4082; x_wconf 84' lang='lat' dir='ltr'><strong>deci-</strong></span> 
     </span>
    </p>
   </div>
   <div class='ocr_carea' id='block_1_71' title="bbox 447 4115 2034 4184">
    <p class='ocr_par' dir='ltr' id='par_1_71' title="bbox 447 4115 2034 4184">
     <span class='ocr_line' id='line_1_71' title="bbox 447 4115 2034 4184; baseline 0.003 -13"><span class='ocrx_word' id='word_1_567' title='bbox 447 4115 550 4171; x_wconf 93' lang='lat' dir='ltr'><strong>dit.</strong></span> <span class='ocrx_word' id='word_1_568' title='bbox 595 4134 617 4169; x_wconf 71' lang='grc' dir='ltr'><strong>ι</strong></span> <span class='ocrx_word' id='word_1_569' title='bbox 648 4115 794 4172; x_wconf 84' lang='lat' dir='ltr'><strong>Flori</strong></span> <span class='ocrx_word' id='word_1_570' title='bbox 825 4115 956 4172; x_wconf 72' lang='lat' dir='ltr'><strong>freni</strong></span> <span class='ocrx_word' id='word_1_571' title='bbox 982 4117 1255 4173; x_wconf 88' lang='lat' dir='ltr'><strong>assimilat</strong></span> <span class='ocrx_word' id='word_1_572' title='bbox 1290 4118 1537 4184; x_wconf 83' lang='lat' dir='ltr'><strong>divitias,</strong></span> <span class='ocrx_word' id='word_1_573' title='bbox 1595 4119 1785 4175; x_wconf 89' lang='lat' dir='ltr'><strong>volens</strong></span> <span class='ocrx_word' id='word_1_574' title='bbox 1842 4135 2034 4177; x_wconf 87' lang='lat' dir='ltr'><strong>earum</strong></span> 
     </span>
    </p>
   </div>
   <div class='ocr_carea' id='block_1_72' title="bbox 446 4208 2036 4286">
    <p class='ocr_par' dir='ltr' id='par_1_72' title="bbox 446 4208 2036 4286">
     <span class='ocr_line' id='line_1_72' title="bbox 446 4208 2036 4286; baseline 0.005 -23"><span class='ocrx_word' id='word_1_575' title='bbox 446 4208 821 4265; x_wconf 87' lang='lat' dir='ltr'><strong>caducitatem</strong></span> <span class='ocrx_word' id='word_1_576' title='bbox 880 4208 1127 4265; x_wconf 89' lang='lat' dir='ltr'><strong>indicare</strong></span> <span class='ocrx_word' id='word_1_577' title='bbox 1160 4248 1176 4264; x_wconf 92' lang='lat'><strong>.</strong></span> <span class='ocrx_word' id='word_1_578' title='bbox 1234 4229 1254 4262; x_wconf 82' lang='grc' dir='ltr'><strong>ι</strong></span> <span class='ocrx_word' id='word_1_579' title='bbox 1309 4210 1378 4266; x_wconf 84' lang='grc' dir='ltr'>Ει</span> <span class='ocrx_word' id='word_1_580' title='bbox 1437 4211 1607 4268; x_wconf 88' lang='lat' dir='ltr'><strong>decor</strong></span> <span class='ocrx_word' id='word_1_581' title='bbox 1662 4213 1847 4270; x_wconf 84' lang='lat' dir='ltr'><strong>vultus</strong></span> <span class='ocrx_word' id='word_1_582' title='bbox 1910 4213 2036 4286; x_wconf 82' lang='lat' dir='ltr'><strong>ejus</strong></span> 
     </span>
    </p>
   </div>
   <div class='ocr_carea' id='block_1_73' title="bbox 448 4299 2035 4374">
    <p class='ocr_par' dir='ltr' id='par_1_73' title="bbox 448 4299 2035 4374">
     <span class='ocr_line' id='line_1_73' title="bbox 448 4299 2035 4374; baseline 0.004 -19"><span class='ocrx_word' id='word_1_583' title='bbox 448 4300 706 4370; x_wconf 88' lang='lat' dir='ltr'><strong>deperiit.</strong></span> <span class='ocrx_word' id='word_1_584' title='bbox 746 4318 764 4352; x_wconf 76' lang='grc' dir='ltr'><strong>ι</strong></span> <span class='ocrx_word' id='word_1_585' title='bbox 810 4299 1030 4355; x_wconf 82' lang='lat' dir='ltr'><strong>Vultum</strong></span> <span class='ocrx_word' id='word_1_586' title='bbox 1067 4300 1158 4356; x_wconf 91' lang='lat' dir='ltr'><strong>hic</strong></span> <span class='ocrx_word' id='word_1_587' title='bbox 1196 4304 1568 4374; x_wconf 90' lang='lat' dir='ltr'><strong>metaphorice</strong></span> <span class='ocrx_word' id='word_1_588' title='bbox 1606 4305 1743 4361; x_wconf 90' lang='lat' dir='ltr'><strong>dicit</strong></span> <span class='ocrx_word' id='word_1_589' title='bbox 1775 4323 1790 4361; x_wconf 88' lang='lat'><strong>:</strong></span> <span class='ocrx_word' id='word_1_590' title='bbox 1822 4306 1891 4362; x_wconf 90' lang='lat' dir='ltr'><strong>de</strong></span> <span class='ocrx_word' id='word_1_591' title='bbox 1914 4305 2035 4362; x_wconf 87' lang='lat' dir='ltr'><strong>solo</strong></span> 
     </span>
    </p>
   </div>
   <div class='ocr_carea' id='block_1_74' title="bbox 448 4391 2033 4463">
    <p class='ocr_par' dir='ltr' id='par_1_74' title="bbox 448 4391 2033 4463">
     <span class='ocr_line' id='line_1_74' title="bbox 448 4391 2033 4463; baseline 0.008 -15"><span class='ocrx_word' id='word_1_592' title='bbox 448 4392 596 4448; x_wconf 90' lang='lat' dir='ltr'><strong>enim</strong></span> <span class='ocrx_word' id='word_1_593' title='bbox 645 4391 867 4449; x_wconf 87' lang='lat' dir='ltr'><strong>homine</strong></span> <span class='ocrx_word' id='word_1_594' title='bbox 920 4394 1106 4450; x_wconf 84' lang='lat' dir='ltr'><strong>vultus</strong></span> <span class='ocrx_word' id='word_1_595' title='bbox 1149 4394 1399 4463; x_wconf 90' lang='lat' dir='ltr'><strong>dicitur;</strong></span> <span class='ocrx_word' id='word_1_596' title='bbox 1446 4412 1556 4453; x_wconf 91' lang='lat' dir='ltr'><strong>non</strong></span> <span class='ocrx_word' id='word_1_597' title='bbox 1594 4409 1777 4456; x_wconf 89' lang='lat' dir='ltr'><strong>autem</strong></span> <span class='ocrx_word' id='word_1_598' title='bbox 1812 4399 1882 4456; x_wconf 91' lang='lat' dir='ltr'><strong>de</strong></span> <span class='ocrx_word' id='word_1_599' title='bbox 1906 4401 2033 4460; x_wconf 86' lang='lat' dir='ltr'><strong>aliis</strong></span> 
     </span>
    </p>
   </div>
   <div class='ocr_carea' id='block_1_75' title="bbox 443 4486 2027 4552">
    <p class='ocr_par' dir='ltr' id='par_1_75' title="bbox 443 4486 2027 4552">
     <span class='ocr_line' id='line_1_75' title="bbox 443 4486 2027 4552; baseline 0.004 -11"><span class='ocrx_word' id='word_1_600' title='bbox 443 4486 636 4542; x_wconf 83' lang='lat' dir='ltr'><strong>rebus.</strong></span> <span class='ocrx_word' id='word_1_601' title='bbox 669 4504 690 4538; x_wconf 82' lang='grc' dir='ltr'><strong>ι</strong></span> <span class='ocrx_word' id='word_1_602' title='bbox 724 4486 804 4542; x_wconf 82' lang='lat' dir='ltr'><strong>Ita</strong></span> <span class='ocrx_word' id='word_1_603' title='bbox 834 4496 888 4544; x_wconf 91' lang='lat' dir='ltr'><strong>et</strong></span> <span class='ocrx_word' id='word_1_604' title='bbox 913 4487 1067 4543; x_wconf 85' lang='lat' dir='ltr'><strong>dives</strong></span> <span class='ocrx_word' id='word_1_605' title='bbox 1090 4487 1145 4544; x_wconf 92' lang='lat' dir='ltr'><strong>in</strong></span> <span class='ocrx_word' id='word_1_606' title='bbox 1171 4488 1462 4547; x_wconf 84' lang='lat' dir='ltr'><strong>itineribus</strong></span> <span class='ocrx_word' id='word_1_607' title='bbox 1494 4491 1614 4549; x_wconf 85' lang='lat' dir='ltr'><strong>suis</strong></span> <span class='ocrx_word' id='word_1_608' title='bbox 1647 4503 1971 4552; x_wconf 84' lang='lat' dir='ltr'><strong>marcescet.</strong></span> <span class='ocrx_word' id='word_1_609' title='bbox 2005 4513 2027 4547; x_wconf 73' lang='grc' dir='ltr'><strong>ι</strong></span> 
     </span>
    </p>
   </div>
   <div class='ocr_carea' id='block_1_76' title="bbox 444 4579 1652 4653">
    <p class='ocr_par' dir='ltr' id='par_1_76' title="bbox 444 4579 1652 4653">
     <span class='ocr_line' id='line_1_76' title="bbox 444 4579 1652 4653; baseline 0.006 -19"><span class='ocrx_word' id='word_1_610' title='bbox 444 4579 650 4636; x_wconf 82' lang='lat' dir='ltr'><strong>Itinera</strong></span> <span class='ocrx_word' id='word_1_611' title='bbox 679 4587 838 4636; x_wconf 87' lang='lat' dir='ltr'><strong>vocat</strong></span> <span class='ocrx_word' id='word_1_612' title='bbox 869 4583 1154 4653; x_wconf 65' lang='lat' dir='ltr'><strong>praesentis</strong></span> <span class='ocrx_word' id='word_1_613' title='bbox 1182 4583 1307 4640; x_wconf 76' lang='lat' dir='ltr'><strong>vita:</strong></span> <span class='ocrx_word' id='word_1_614' title='bbox 1334 4584 1652 4641; x_wconf 89' lang='lat' dir='ltr'><strong>decursum.</strong></span> 
     </span>
    </p>
   </div>
   <div class='ocr_carea' id='block_1_77' title="bbox 516 4840 2028 4920">
    <p class='ocr_par' dir='ltr' id='par_1_77' title="bbox 516 4840 2028 4920">
     <span class='ocr_line' id='line_1_77' title="bbox 516 4840 2028 4920; baseline 0.007 -23"><span class='ocrx_word' id='word_1_615' title='bbox 516 4840 685 4899; x_wconf 71' lang='lat' dir='ltr'><strong>Vsus.</strong></span> <span class='ocrx_word' id='word_1_616' title='bbox 719 4842 810 4898; x_wconf 74' lang='grc'><strong>12.</strong></span> <span class='ocrx_word' id='word_1_617' title='bbox 866 4862 888 4898; x_wconf 82' lang='grc' dir='ltr'><strong>ι</strong></span> <span class='ocrx_word' id='word_1_618' title='bbox 931 4843 1134 4903; x_wconf 88' lang='lat' dir='ltr'><strong>Beatus</strong></span> <span class='ocrx_word' id='word_1_619' title='bbox 1175 4849 1259 4902; x_wconf 85' lang='lat' dir='ltr'><strong>vir</strong></span> <span class='ocrx_word' id='word_1_620' title='bbox 1289 4849 1383 4920; x_wconf 88' lang='lat' dir='ltr'><strong>qui</strong></span> <span class='ocrx_word' id='word_1_621' title='bbox 1415 4850 1610 4906; x_wconf 79' lang='lat' dir='ltr'><strong>suffert</strong></span> <span class='ocrx_word' id='word_1_622' title='bbox 1650 4854 2028 4919; x_wconf 86' lang='lat' dir='ltr'><strong>tentationem,</strong></span> 
     </span>
    </p>
   </div>
   <div class='ocr_carea' id='block_1_78' title="bbox 444 4935 2026 5013">
    <p class='ocr_par' dir='ltr' id='par_1_78' title="bbox 444 4935 2026 5013">
     <span class='ocr_line' id='line_1_78' title="bbox 444 4935 2026 5013; baseline 0.008 -25"><span class='ocrx_word' id='word_1_623' title='bbox 444 4935 705 5007; x_wconf 87' lang='lat' dir='ltr'><strong>quoniam</strong></span> <span class='ocrx_word' id='word_1_624' title='bbox 729 4949 855 4990; x_wconf 89' lang='lat' dir='ltr'><strong>cum</strong></span> <span class='ocrx_word' id='word_1_625' title='bbox 880 4938 1143 5008; x_wconf 88' lang='lat' dir='ltr'><strong>probatus</strong></span> <span class='ocrx_word' id='word_1_626' title='bbox 1161 4939 1857 5012; x_wconf 86' lang='lat' dir='ltr'><strong>fuerit,accipietcnronam</strong></span> <span class='ocrx_word' id='word_1_627' title='bbox 1882 4945 2026 5013; x_wconf 80' lang='lat' dir='ltr'><strong>vitae,</strong></span> 
     </span>
    </p>
   </div>
   <div class='ocr_carea' id='block_1_79' title="bbox 443 5029 2031 5110">
    <p class='ocr_par' dir='ltr' id='par_1_79' title="bbox 443 5029 2031 5110">
     <span class='ocr_line' id='line_1_79' title="bbox 443 5029 2031 5110; baseline 0.006 -26"><span class='ocrx_word' id='word_1_628' title='bbox 443 5044 610 5099; x_wconf 88' lang='lat' dir='ltr'><strong>quam</strong></span> <span class='ocrx_word' id='word_1_629' title='bbox 646 5029 959 5099; x_wconf 89' lang='lat' dir='ltr'><strong>repromisit</strong></span> <span class='ocrx_word' id='word_1_630' title='bbox 984 5030 1126 5088; x_wconf 90' lang='lat' dir='ltr'><strong>Deus</strong></span> <span class='ocrx_word' id='word_1_631' title='bbox 1154 5033 1507 5105; x_wconf 80' lang='lat' dir='ltr'><strong>diligentibus</strong></span> <span class='ocrx_word' id='word_1_632' title='bbox 1538 5050 1617 5093; x_wconf 89' lang='lat' dir='ltr'><strong>se.</strong></span> <span class='ocrx_word' id='word_1_633' title='bbox 1650 5038 1822 5092; x_wconf 56' lang='lat' dir='ltr'><strong>stium</strong></span> <span class='ocrx_word' id='word_1_634' title='bbox 1847 5038 2031 5110; x_wconf 85' lang='lat' dir='ltr'><strong>dupli-</strong></span> 
     </span>
    </p>
   </div>
   <div class='ocr_carea' id='block_1_80' title="bbox 443 5116 2031 5201">
    <p class='ocr_par' dir='ltr' id='par_1_80' title="bbox 443 5116 2031 5201">
     <span class='ocr_line' id='line_1_80' title="bbox 443 5116 2031 5201; baseline 0.009 -30"><span class='ocrx_word' id='word_1_635' title='bbox 443 5116 526 5172; x_wconf 89' lang='lat' dir='ltr'><strong>cis</strong></span> <span class='ocrx_word' id='word_1_636' title='bbox 543 5121 760 5189; x_wconf 80' lang='lat' dir='ltr'><strong>generis</strong></span> <span class='ocrx_word' id='word_1_637' title='bbox 779 5122 889 5176; x_wconf 88' lang='lat' dir='ltr'><strong>siut</strong></span> <span class='ocrx_word' id='word_1_638' title='bbox 908 5124 1259 5192; x_wconf 87' lang='lat' dir='ltr'><strong>tentationes,</strong></span> <span class='ocrx_word' id='word_1_639' title='bbox 1278 5125 1611 5192; x_wconf 79' lang='lat' dir='ltr'><strong>utdixitnus,</strong></span> <span class='ocrx_word' id='word_1_640' title='bbox 1633 5130 1690 5182; x_wconf 90' lang='lat' dir='ltr'><strong>in</strong></span> <span class='ocrx_word' id='word_1_641' title='bbox 1704 5144 2031 5201; x_wconf 83' lang='lat' dir='ltr'><strong>unaquaque</strong></span> 
     </span>
    </p>
   </div>
   <div class='ocr_carea' id='block_1_81' title="bbox 443 5213 2033 5287">
    <p class='ocr_par' dir='ltr' id='par_1_81' title="bbox 443 5213 2033 5287">
     <span class='ocr_line' id='line_1_81' title="bbox 443 5213 2033 5287; baseline 0.008 -21"><span class='ocrx_word' id='word_1_642' title='bbox 443 5224 633 5267; x_wconf 90' lang='lat' dir='ltr'><strong>earum</strong></span> <span class='ocrx_word' id='word_1_643' title='bbox 667 5213 817 5271; x_wconf 90' lang='lat' dir='ltr'><strong>utilis</strong></span> <span class='ocrx_word' id='word_1_644' title='bbox 846 5224 930 5272; x_wconf 87' lang='lat' dir='ltr'><strong>est</strong></span> <span class='ocrx_word' id='word_1_645' title='bbox 954 5217 1238 5287; x_wconf 87' lang='lat' dir='ltr'><strong>patientia.</strong></span> <span class='ocrx_word' id='word_1_646' title='bbox 1266 5217 1533 5274; x_wconf 78' lang='lat' dir='ltr'><strong>Czeterum</strong></span> <span class='ocrx_word' id='word_1_647' title='bbox 1568 5236 1779 5276; x_wconf 85' lang='lat' dir='ltr'><strong>memor</strong></span> <span class='ocrx_word' id='word_1_648' title='bbox 1846 5233 2033 5281; x_wconf 62' lang='lat' dir='ltr'><strong>uoster</strong></span> 
     </span>
    </p>
   </div>
   <div class='ocr_carea' id='block_1_82' title="bbox 443 5307 2032 5384">
    <p class='ocr_par' dir='ltr' id='par_1_82' title="bbox 443 5307 2032 5384">
     <span class='ocr_line' id='line_1_82' title="bbox 443 5307 2032 5384; baseline 0.008 -25"><span class='ocrx_word' id='word_1_649' title='bbox 443 5307 727 5375; x_wconf 83' lang='lat' dir='ltr'><strong>apostolus</strong></span> <span class='ocrx_word' id='word_1_650' title='bbox 777 5327 797 5360; x_wconf 82' lang='grc' dir='ltr'><strong>ι</strong></span> <span class='ocrx_word' id='word_1_651' title='bbox 854 5307 1131 5364; x_wconf 87' lang='lat' dir='ltr'><strong>Orationis</strong></span> <span class='ocrx_word' id='word_1_652' title='bbox 1200 5309 1515 5374; x_wconf 83' lang='lat' dir='ltr'><strong>Dominicae,</strong></span> <span class='ocrx_word' id='word_1_653' title='bbox 1578 5332 1597 5366; x_wconf 72' lang='grc' dir='ltr'><strong>ι</strong></span> <span class='ocrx_word' id='word_1_654' title='bbox 1650 5329 1772 5384; x_wconf 67' lang='lat' dir='ltr'><strong>qua:</strong></span> <span class='ocrx_word' id='word_1_655' title='bbox 1809 5316 2032 5373; x_wconf 79' lang='lat' dir='ltr'><strong>exhibet</strong></span> 
     </span>
    </p>
   </div>
   <div class='ocr_carea' id='block_1_83' title="bbox 2139 3375 3722 3450">
    <p class='ocr_par' dir='ltr' id='par_1_83' title="bbox 2139 3375 3722 3450">
     <span class='ocr_line' id='line_1_83' title="bbox 2139 3375 3722 3450; baseline -0.002 -17"><span class='ocrx_word' id='word_1_656' title='bbox 2139 3380 2257 3434; x_wconf 87' lang='grc' dir='ltr'>λεία</span> <span class='ocrx_word' id='word_1_657' title='bbox 2309 3380 2418 3432; x_wconf 87' lang='grc' dir='ltr'><strong>τῶν</strong></span> <span class='ocrx_word' id='word_1_658' title='bbox 2467 3378 2735 3450; x_wconf 83' lang='grc' dir='ltr'>οὐρανῶν,</span> <span class='ocrx_word' id='word_1_659' title='bbox 2788 3377 2886 3432; x_wconf 76' lang='grc' dir='ltr'><strong>καὶ</strong></span> <span class='ocrx_word' id='word_1_660' title='bbox 2942 3379 2976 3448; x_wconf 83' lang='grc' dir='ltr'><strong>ἡ</strong></span> <span class='ocrx_word' id='word_1_661' title='bbox 3026 3376 3365 3449; x_wconf 72' lang='grc' dir='ltr'>δικαιοσύνη.</span> <span class='ocrx_word' id='word_1_662' title='bbox 3398 3395 3417 3427; x_wconf 77' lang='grc' dir='ltr'><strong>ι</strong></span> <span class='ocrx_word' id='word_1_663' title='bbox 3478 3375 3722 3430; x_wconf 83' lang='grc' dir='ltr'>Ἔπειτα</span> 
     </span>
    </p>
   </div>
   <div class='ocr_carea' id='block_1_84' title="bbox 2140 3468 3726 3543">
    <p class='ocr_par' dir='ltr' id='par_1_84' title="bbox 2140 3468 3726 3543">
     <span class='ocr_line' id='line_1_84' title="bbox 2140 3468 3726 3543; baseline -0.003 -17"><span class='ocrx_word' id='word_1_664' title='bbox 2140 3472 2478 3543; x_wconf 79' lang='grc' dir='ltr'>καρτερείτω</span> <span class='ocrx_word' id='word_1_665' title='bbox 2503 3471 2630 3541; x_wconf 72' lang='grc' dir='ltr'>περὶ</span> <span class='ocrx_word' id='word_1_666' title='bbox 2658 3469 2769 3523; x_wconf 88' lang='grc' dir='ltr'><strong>τῶν</strong></span> <span class='ocrx_word' id='word_1_667' title='bbox 2793 3468 3053 3524; x_wconf 85' lang='grc' dir='ltr'>τοιούτων</span> <span class='ocrx_word' id='word_1_668' title='bbox 3085 3469 3254 3523; x_wconf 80' lang='grc' dir='ltr'>αἰτῶν</span> <span class='ocrx_word' id='word_1_669' title='bbox 3276 3484 3292 3501; x_wconf 77' lang='grc'><em>’</em></span> <span class='ocrx_word' id='word_1_670' title='bbox 3329 3468 3467 3524; x_wconf 74' lang='grc' dir='ltr'>ἀλλὰ</span> <span class='ocrx_word' id='word_1_671' title='bbox 3516 3469 3592 3540; x_wconf 81' lang='grc' dir='ltr'>μὴ</span> <span class='ocrx_word' id='word_1_672' title='bbox 3633 3468 3726 3522; x_wconf 77' lang='grc' dir='ltr'><strong>ἐπ’</strong></span> 
     </span>
    </p>
   </div>
   <div class='ocr_carea' id='block_1_85' title="bbox 2137 3560 3724 3634">
    <p class='ocr_par' dir='ltr' id='par_1_85' title="bbox 2137 3560 3724 3634">
     <span class='ocr_line' id='line_1_85' title="bbox 2137 3560 3724 3634; baseline 0 -17"><span class='ocrx_word' id='word_1_673' title='bbox 2137 3564 2321 3634; x_wconf 85' lang='grc' dir='ltr'>ὀλίγον</span> <span class='ocrx_word' id='word_1_674' title='bbox 2348 3560 2668 3634; x_wconf 79' lang='grc' dir='ltr'>εὐξάμενος,</span> <span class='ocrx_word' id='word_1_675' title='bbox 2704 3562 2867 3626; x_wconf 80' lang='grc' dir='ltr'>εὐθὺς</span> <span class='ocrx_word' id='word_1_676' title='bbox 2893 3562 3250 3633; x_wconf 83' lang='grc' dir='ltr'>ἀναχωρείτω</span> <span class='ocrx_word' id='word_1_677' title='bbox 3280 3561 3581 3632; x_wconf 80' lang='grc' dir='ltr'>(ἀλαζόνων</span> <span class='ocrx_word' id='word_1_678' title='bbox 3612 3561 3724 3633; x_wconf 79' lang='grc' dir='ltr'>γὰρ</span> 
     </span>
    </p>
   </div>
   <div class='ocr_carea' id='block_1_86' title="bbox 2139 3653 3724 3728">
    <p class='ocr_par' dir='ltr' id='par_1_86' title="bbox 2139 3653 3724 3728">
     <span class='ocr_line' id='line_1_86' title="bbox 2139 3653 3724 3728; baseline -0.001 -17"><span class='ocrx_word' id='word_1_679' title='bbox 2139 3656 2343 3728; x_wconf 84' lang='grc' dir='ltr'>τοῦτο),</span> <span class='ocrx_word' id='word_1_680' title='bbox 2390 3655 2527 3710; x_wconf 81' lang='grc' dir='ltr'>ἀλλὰ</span> <span class='ocrx_word' id='word_1_681' title='bbox 2589 3655 2937 3726; x_wconf 82' lang='grc' dir='ltr'>περιμενέτω</span> <span class='ocrx_word' id='word_1_682' title='bbox 2971 3654 3072 3725; x_wconf 82' lang='grc' dir='ltr'>τὴν</span> <span class='ocrx_word' id='word_1_683' title='bbox 3094 3654 3259 3725; x_wconf 76' lang='grc' dir='ltr'>λῆψιν</span> <span class='ocrx_word' id='word_1_684' title='bbox 3291 3656 3349 3708; x_wconf 64' lang='grc' dir='ltr'>ιν</span> <span class='ocrx_word' id='word_1_685' title='bbox 3390 3653 3724 3709; x_wconf 79' lang='grc' dir='ltr'>ταπεινώσει</span> 
     </span>
    </p>
   </div>
   <div class='ocr_carea' id='block_1_87' title="bbox 2138 3748 2798 3821">
    <p class='ocr_par' dir='ltr' id='par_1_87' title="bbox 2138 3748 2798 3821">
     <span class='ocr_line' id='line_1_87' title="bbox 2138 3748 2798 3821; baseline -0.002 -18"><span class='ocrx_word' id='word_1_686' title='bbox 2138 3750 2313 3821; x_wconf 68' lang='grc' dir='ltr'>ψυχῆς</span> <span class='ocrx_word' id='word_1_687' title='bbox 2342 3748 2798 3820; x_wconf 86' lang='grc' dir='ltr'>προσκαρτερῶν.</span> 
     </span>
    </p>
   </div>
   <div class='ocr_carea' id='block_1_88' title="bbox 2218 3840 3718 3915">
    <p class='ocr_par' dir='ltr' id='par_1_88' title="bbox 2218 3840 3718 3915">
     <span class='ocr_line' id='line_1_88' title="bbox 2218 3840 3718 3915; baseline 0 -20"><span class='ocrx_word' id='word_1_688' title='bbox 2218 3863 2236 3895; x_wconf 80' lang='grc' dir='ltr'><strong>ι</strong></span> <span class='ocrx_word' id='word_1_689' title='bbox 2284 3844 2342 3897; x_wconf 92' lang='grc' dir='ltr'><strong>Ὀ</strong></span> <span class='ocrx_word' id='word_1_690' title='bbox 2366 3842 2422 3896; x_wconf 85' lang='grc' dir='ltr'>δὲ</span> <span class='ocrx_word' id='word_1_691' title='bbox 2462 3842 2739 3907; x_wconf 89' lang='grc' dir='ltr'>πλούσιος,</span> <span class='ocrx_word' id='word_1_692' title='bbox 2767 3844 2825 3896; x_wconf 83' lang='grc' dir='ltr'>ὲν</span> <span class='ocrx_word' id='word_1_693' title='bbox 2860 3847 2925 3915; x_wconf 77' lang='grc' dir='ltr'>τῇ</span> <span class='ocrx_word' id='word_1_694' title='bbox 2957 3841 3289 3898; x_wconf 82' lang='grc' dir='ltr'>ταπεινώσει</span> <span class='ocrx_word' id='word_1_695' title='bbox 3318 3842 3509 3905; x_wconf 82' lang='grc' dir='ltr'>αὐτοῦ,</span> <span class='ocrx_word' id='word_1_696' title='bbox 3538 3845 3621 3897; x_wconf 79' lang='grc' dir='ltr'>ὅτι</span> <span class='ocrx_word' id='word_1_697' title='bbox 3645 3840 3718 3906; x_wconf 87' lang='grc' dir='ltr'><strong>ώς</strong></span> 
     </span>
    </p>
   </div>
   <div class='ocr_carea' id='block_1_89' title="bbox 2137 3935 3720 4010">
    <p class='ocr_par' dir='ltr' id='par_1_89' title="bbox 2137 3935 3720 4010">
     <span class='ocr_line' id='line_1_89' title="bbox 2137 3935 3720 4010; baseline -0.004 -15"><span class='ocrx_word' id='word_1_698' title='bbox 2137 3938 2299 4001; x_wconf 75' lang='grc' dir='ltr'>ἄνθος</span> <span class='ocrx_word' id='word_1_699' title='bbox 2329 3938 2525 4010; x_wconf 82' lang='grc' dir='ltr'>χόρτου</span> <span class='ocrx_word' id='word_1_700' title='bbox 2580 3937 2999 4010; x_wconf 79' lang='grc' dir='ltr'>παρελεύσεται.</span> <span class='ocrx_word' id='word_1_701' title='bbox 3046 3935 3314 3991; x_wconf 78' lang='grc' dir='ltr'>Ἀνέτειλε</span> <span class='ocrx_word' id='word_1_702' title='bbox 3356 3938 3465 4008; x_wconf 81' lang='grc' dir='ltr'>γὰρ</span> <span class='ocrx_word' id='word_1_703' title='bbox 3498 3937 3527 3989; x_wconf 92' lang='lat'><strong>6</strong></span> <span class='ocrx_word' id='word_1_704' title='bbox 3573 3936 3720 4008; x_wconf 76' lang='grc' dir='ltr'>ἥλιος</span> 
     </span>
    </p>
   </div>
   <div class='ocr_carea' id='block_1_90' title="bbox 2140 4025 3723 4102">
    <p class='ocr_par' dir='ltr' id='par_1_90' title="bbox 2140 4025 3723 4102">
     <span class='ocr_line' id='line_1_90' title="bbox 2140 4025 3723 4102; baseline -0.003 -19"><span class='ocrx_word' id='word_1_705' title='bbox 2140 4032 2240 4085; x_wconf 77' lang='grc' dir='ltr'><strong>σὺν</strong></span> <span class='ocrx_word' id='word_1_706' title='bbox 2296 4028 2373 4102; x_wconf 84' lang='grc' dir='ltr'>τῷ</span> <span class='ocrx_word' id='word_1_707' title='bbox 2425 4028 2695 4093; x_wconf 85' lang='grc' dir='ltr'>καύσωνι,</span> <span class='ocrx_word' id='word_1_708' title='bbox 2742 4028 2841 4081; x_wconf 64' lang='grc' dir='ltr'>καὶ.</span> <span class='ocrx_word' id='word_1_709' title='bbox 2892 4028 3127 4098; x_wconf 76' lang='grc' dir='ltr'>ἐξήρανε</span> <span class='ocrx_word' id='word_1_710' title='bbox 3156 4027 3251 4081; x_wconf 83' lang='grc' dir='ltr'>τὸν</span> <span class='ocrx_word' id='word_1_711' title='bbox 3286 4028 3509 4097; x_wconf 88' lang='grc' dir='ltr'>χόρτον,</span> <span class='ocrx_word' id='word_1_712' title='bbox 3540 4025 3723 4080; x_wconf 75' lang='grc' dir='ltr'>καὶτὸ</span> 
     </span>
    </p>
   </div>
   <div class='ocr_carea' id='block_1_91' title="bbox 2137 4118 3725 4193">
    <p class='ocr_par' dir='ltr' id='par_1_91' title="bbox 2137 4118 3725 4193">
     <span class='ocr_line' id='line_1_91' title="bbox 2137 4118 3725 4193; baseline -0.003 -16"><span class='ocrx_word' id='word_1_713' title='bbox 2137 4122 2299 4187; x_wconf 76' lang='grc' dir='ltr'>ἄνθος</span> <span class='ocrx_word' id='word_1_714' title='bbox 2331 4122 2580 4188; x_wconf 67' lang='grc' dir='ltr'>ἐξέπεσε.</span> <span class='ocrx_word' id='word_1_715' title='bbox 2614 4140 2635 4174; x_wconf 70' lang='grc' dir='ltr'><strong>ι</strong></span> <span class='ocrx_word' id='word_1_716' title='bbox 2676 4120 2864 4176; x_wconf 67' lang='lat' dir='ltr'><strong>&quot;Aves:</strong></span> <span class='ocrx_word' id='word_1_717' title='bbox 2890 4123 3088 4193; x_wconf 82' lang='grc' dir='ltr'>χόρτου</span> <span class='ocrx_word' id='word_1_718' title='bbox 3115 4121 3409 4187; x_wconf 74' lang='grc' dir='ltr'>ἀπεικάζει</span> <span class='ocrx_word' id='word_1_719' title='bbox 3438 4122 3532 4175; x_wconf 76' lang='grc' dir='ltr'><strong>τὸν</strong></span> <span class='ocrx_word' id='word_1_720' title='bbox 3562 4118 3725 4174; x_wconf 83' lang='grc' dir='ltr'>πλοῦ-</span> 
     </span>
    </p>
   </div>
   <div class='ocr_carea' id='block_1_92' title="bbox 2135 4213 3723 4286">
    <p class='ocr_par' dir='ltr' id='par_1_92' title="bbox 2135 4213 3723 4286">
     <span class='ocr_line' id='line_1_92' title="bbox 2135 4213 3723 4286; baseline -0.001 -15"><span class='ocrx_word' id='word_1_721' title='bbox 2135 4233 2249 4282; x_wconf 88' lang='grc' dir='ltr'>τον,</span> <span class='ocrx_word' id='word_1_722' title='bbox 2301 4215 2365 4270; x_wconf 76' lang='grc' dir='ltr'>τὸ</span> <span class='ocrx_word' id='word_1_723' title='bbox 2411 4216 2692 4286; x_wconf 80' lang='grc' dir='ltr'>ἐφήμερον</span> <span class='ocrx_word' id='word_1_724' title='bbox 2744 4215 2911 4269; x_wconf 87' lang='grc' dir='ltr'>αὐτοῦ</span> <span class='ocrx_word' id='word_1_725' title='bbox 2967 4215 3323 4285; x_wconf 80' lang='grc' dir='ltr'>παραστῆσαι</span> <span class='ocrx_word' id='word_1_726' title='bbox 3373 4213 3723 4285; x_wconf 81' lang='grc' dir='ltr'>βουλόμενος.</span> 
     </span>
    </p>
   </div>
   <div class='ocr_carea' id='block_1_93' title="bbox 2142 4305 3717 4378">
    <p class='ocr_par' dir='ltr' id='par_1_93' title="bbox 2142 4305 3717 4378">
     <span class='ocr_line' id='line_1_93' title="bbox 2142 4305 3717 4378; baseline -0.001 -17"><span class='ocrx_word' id='word_1_727' title='bbox 2142 4326 2162 4361; x_wconf 83' lang='grc' dir='ltr'><strong>ι</strong></span> <span class='ocrx_word' id='word_1_728' title='bbox 2200 4308 2310 4361; x_wconf 76' lang='grc' dir='ltr'>Καὶ</span> <span class='ocrx_word' id='word_1_729' title='bbox 2344 4308 2377 4378; x_wconf 78' lang='grc' dir='ltr'><strong>ἡ</strong></span> <span class='ocrx_word' id='word_1_730' title='bbox 2409 4305 2712 4377; x_wconf 84' lang='grc' dir='ltr'>εὐπρέπεια</span> <span class='ocrx_word' id='word_1_731' title='bbox 2740 4305 2835 4360; x_wconf 87' lang='grc' dir='ltr'><strong>τοῦ</strong></span> <span class='ocrx_word' id='word_1_732' title='bbox 2871 4305 3169 4378; x_wconf 75' lang='grc' dir='ltr'>προσώπου</span> <span class='ocrx_word' id='word_1_733' title='bbox 3194 4305 3362 4360; x_wconf 83' lang='grc' dir='ltr'>αὐτοῦ</span> <span class='ocrx_word' id='word_1_734' title='bbox 3397 4305 3669 4361; x_wconf 79' lang='grc' dir='ltr'>ἀπώλετο.</span> <span class='ocrx_word' id='word_1_735' title='bbox 3696 4325 3717 4359; x_wconf 68' lang='grc' dir='ltr'><strong>ι</strong></span> 
     </span>
    </p>
   </div>
   <div class='ocr_carea' id='block_1_94' title="bbox 2137 4398 3727 4471">
    <p class='ocr_par' dir='ltr' id='par_1_94' title="bbox 2137 4398 3727 4471">
     <span class='ocr_line' id='line_1_94' title="bbox 2137 4398 3727 4471; baseline 0 -18"><span class='ocrx_word' id='word_1_736' title='bbox 2137 4399 2442 4471; x_wconf 86' lang='grc' dir='ltr'>Πρόσωπον</span> <span class='ocrx_word' id='word_1_737' title='bbox 2491 4398 2954 4468; x_wconf 78' lang='grc' dir='ltr'>καταχρηστικῶς</span> <span class='ocrx_word' id='word_1_738' title='bbox 3001 4398 3229 4469; x_wconf 75' lang='grc' dir='ltr'>εἴρηκε·</span> <span class='ocrx_word' id='word_1_739' title='bbox 3276 4398 3436 4452; x_wconf 84' lang='grc' dir='ltr'>τοῦτο</span> <span class='ocrx_word' id='word_1_740' title='bbox 3460 4400 3568 4471; x_wconf 77' lang='grc' dir='ltr'>γὰρ</span> <span class='ocrx_word' id='word_1_741' title='bbox 3627 4400 3727 4455; x_wconf 74' lang='grc' dir='ltr'><strong>ἐπὶ</strong></span> 
     </span>
    </p>
   </div>
   <div class='ocr_carea' id='block_1_95' title="bbox 2137 4488 3716 4563">
    <p class='ocr_par' dir='ltr' id='par_1_95' title="bbox 2137 4488 3716 4563">
     <span class='ocr_line' id='line_1_95' title="bbox 2137 4488 3716 4563; baseline 0.001 -20"><span class='ocrx_word' id='word_1_742' title='bbox 2137 4491 2300 4561; x_wconf 74' lang='grc' dir='ltr'>μόνου</span> <span class='ocrx_word' id='word_1_743' title='bbox 2325 4489 2545 4559; x_wconf 82' lang='grc' dir='ltr'>λέγεται</span> <span class='ocrx_word' id='word_1_744' title='bbox 2581 4488 2872 4563; x_wconf 79' lang='grc' dir='ltr'>ἀνθρώπου</span> <span class='ocrx_word' id='word_1_745' title='bbox 2909 4507 2924 4522; x_wconf 90' lang='grc'><strong>·</strong></span> <span class='ocrx_word' id='word_1_746' title='bbox 2966 4490 3062 4543; x_wconf 71' lang='grc' dir='ltr'>ἐπὶ</span> <span class='ocrx_word' id='word_1_747' title='bbox 3093 4490 3151 4544; x_wconf 77' lang='grc' dir='ltr'>δὲ</span> <span class='ocrx_word' id='word_1_748' title='bbox 3181 4489 3292 4544; x_wconf 88' lang='grc' dir='ltr'><strong>τῶν</strong></span> <span class='ocrx_word' id='word_1_749' title='bbox 3340 4489 3520 4546; x_wconf 78' lang='grc' dir='ltr'>ἄλλων</span> <span class='ocrx_word' id='word_1_750' title='bbox 3558 4489 3716 4555; x_wconf 81' lang='grc' dir='ltr'>ζώων</span> 
     </span>
    </p>
   </div>
   <div class='ocr_carea' id='block_1_96' title="bbox 2133 4582 3722 4655">
    <p class='ocr_par' dir='ltr' id='par_1_96' title="bbox 2133 4582 3722 4655">
     <span class='ocr_line' id='line_1_96' title="bbox 2133 4582 3722 4655; baseline 0.001 -18"><span class='ocrx_word' id='word_1_751' title='bbox 2133 4582 2269 4646; x_wconf 80' lang='grc' dir='ltr'>οῠ.,ι</span> <span class='ocrx_word' id='word_1_752' title='bbox 2302 4582 2461 4638; x_wconf 79' lang='grc' dir='ltr'>Οὕτω</span> <span class='ocrx_word' id='word_1_753' title='bbox 2492 4584 2588 4637; x_wconf 78' lang='grc' dir='ltr'>καὶ</span> <span class='ocrx_word' id='word_1_754' title='bbox 2625 4586 2654 4638; x_wconf 91' lang='lat'><strong>6</strong></span> <span class='ocrx_word' id='word_1_755' title='bbox 2706 4583 2960 4646; x_wconf 86' lang='grc' dir='ltr'>πλούσιος</span> <span class='ocrx_word' id='word_1_756' title='bbox 2997 4584 3057 4637; x_wconf 81' lang='grc' dir='ltr'>ὲν</span> <span class='ocrx_word' id='word_1_757' title='bbox 3089 4585 3210 4649; x_wconf 84' lang='grc' dir='ltr'>ταῖς</span> <span class='ocrx_word' id='word_1_758' title='bbox 3261 4582 3516 4655; x_wconf 86' lang='grc' dir='ltr'>πορείαις</span> <span class='ocrx_word' id='word_1_759' title='bbox 3548 4583 3722 4638; x_wconf 82' lang='grc' dir='ltr'>αὐτοῦ</span> 
     </span>
    </p>
   </div>
   <div class='ocr_carea' id='block_1_97' title="bbox 2054 4658 3727 4749">
    <p class='ocr_par' dir='ltr' id='par_1_97' title="bbox 2054 4658 3727 4749">
     <span class='ocr_line' id='line_1_97' title="bbox 2054 4658 3727 4749; baseline 0.001 -19"><span class='ocrx_word' id='word_1_760' title='bbox 2054 4658 2110 4718; x_wconf 78' lang='lat' dir='ltr'><strong>D</strong></span> <span class='ocrx_word' id='word_1_761' title='bbox 2139 4677 2570 4749; x_wconf 75' lang='grc' dir='ltr'>μαρανθήσεται.</span> <span class='ocrx_word' id='word_1_762' title='bbox 2596 4695 2617 4729; x_wconf 80' lang='grc'>›</span> <span class='ocrx_word' id='word_1_763' title='bbox 2655 4675 2907 4748; x_wconf 86' lang='grc' dir='ltr'>Πορείας,</span> <span class='ocrx_word' id='word_1_764' title='bbox 2928 4675 3031 4740; x_wconf 76' lang='grc' dir='ltr'>τὰς</span> <span class='ocrx_word' id='word_1_765' title='bbox 3053 4675 3198 4731; x_wconf 83' lang='grc' dir='ltr'>κατὰ</span> <span class='ocrx_word' id='word_1_766' title='bbox 3222 4675 3316 4731; x_wconf 84' lang='grc' dir='ltr'><strong>τόν</strong></span> <span class='ocrx_word' id='word_1_767' title='bbox 3343 4676 3587 4748; x_wconf 82' lang='grc' dir='ltr'>παρόντα</span> <span class='ocrx_word' id='word_1_768' title='bbox 3609 4675 3727 4748; x_wconf 83' lang='grc' dir='ltr'>βίον</span> 
     </span>
    </p>
   </div>
   <div class='ocr_carea' id='block_1_98' title="bbox 2137 4768 2604 4844">
    <p class='ocr_par' dir='ltr' id='par_1_98' title="bbox 2137 4768 2604 4844">
     <span class='ocr_line' id='line_1_98' title="bbox 2137 4768 2604 4844; baseline 0.004 -21"><span class='ocrx_word' id='word_1_769' title='bbox 2137 4768 2410 4844; x_wconf 71' lang='grc' dir='ltr'>διεξόδους</span> <span class='ocrx_word' id='word_1_770' title='bbox 2444 4770 2604 4840; x_wconf 84' lang='grc' dir='ltr'>φησί.</span> 
     </span>
    </p>
   </div>
   <div class='ocr_carea' id='block_1_99' title="bbox 2216 4850 3726 4938">
    <p class='ocr_par' dir='ltr' id='par_1_99' title="bbox 2216 4850 3726 4938">
     <span class='ocr_line' id='line_1_99' title="bbox 2216 4850 3726 4938; baseline 0.005 -23"><span class='ocrx_word' id='word_1_771' title='bbox 2216 4883 2235 4915; x_wconf 75' lang='grc' dir='ltr'><strong>ι</strong></span> <span class='ocrx_word' id='word_1_772' title='bbox 2266 4850 2556 4935; x_wconf 79' lang='grc' dir='ltr'>Μακάριος</span> <span class='ocrx_word' id='word_1_773' title='bbox 2585 4863 2725 4935; x_wconf 83' lang='grc' dir='ltr'>ἀνὴρ</span> <span class='ocrx_word' id='word_1_774' title='bbox 2748 4863 2806 4927; x_wconf 82' lang='grc' dir='ltr'>ὃς</span> <span class='ocrx_word' id='word_1_775' title='bbox 2828 4863 3092 4934; x_wconf 77' lang='grc' dir='ltr'>ὑπομένει</span> <span class='ocrx_word' id='word_1_776' title='bbox 3125 4866 3458 4938; x_wconf 78' lang='grc' dir='ltr'>πειρασμὸν,</span> <span class='ocrx_word' id='word_1_777' title='bbox 3508 4867 3591 4921; x_wconf 83' lang='grc' dir='ltr'>ὅτι</span> <span class='ocrx_word' id='word_1_778' title='bbox 3637 4867 3726 4922; x_wconf 84' lang='grc' dir='ltr'>δό-</span> 
     </span>
    </p>
   </div>
   <div class='ocr_carea' id='block_1_100' title="bbox 2137 4953 3721 5029">
    <p class='ocr_par' dir='ltr' id='par_1_100' title="bbox 2137 4953 3721 5029">
     <span class='ocr_line' id='line_1_100' title="bbox 2137 4953 3721 5029; baseline 0.001 -20"><span class='ocrx_word' id='word_1_779' title='bbox 2137 4971 2301 5024; x_wconf 86' lang='grc' dir='ltr'>κιμος</span> <span class='ocrx_word' id='word_1_780' title='bbox 2328 4954 2616 5024; x_wconf 86' lang='grc' dir='ltr'>γινόμενος</span> <span class='ocrx_word' id='word_1_781' title='bbox 2654 4953 2889 5025; x_wconf 74' lang='grc' dir='ltr'>λήψεται</span> <span class='ocrx_word' id='word_1_782' title='bbox 2914 4956 3007 5009; x_wconf 83' lang='grc' dir='ltr'><strong>τὸν</strong></span> <span class='ocrx_word' id='word_1_783' title='bbox 3035 4957 3302 5025; x_wconf 79' lang='grc' dir='ltr'>στέφανον</span> <span class='ocrx_word' id='word_1_784' title='bbox 3329 4958 3431 5028; x_wconf 80' lang='grc' dir='ltr'>τῆς</span> <span class='ocrx_word' id='word_1_785' title='bbox 3464 4956 3631 5029; x_wconf 77' lang='grc' dir='ltr'>ζωῆς,</span> <span class='ocrx_word' id='word_1_786' title='bbox 3661 4957 3721 5012; x_wconf 75' lang='grc' dir='ltr'>ὃν</span> 
     </span>
    </p>
   </div>
   <div class='ocr_carea' id='block_1_101' title="bbox 2136 5043 3723 5116">
    <p class='ocr_par' dir='ltr' id='par_1_101' title="bbox 2136 5043 3723 5116">
     <span class='ocr_line' id='line_1_101' title="bbox 2136 5043 3723 5116; baseline 0.003 -19"><span class='ocrx_word' id='word_1_787' title='bbox 2136 5043 2506 5115; x_wconf 81' lang='grc' dir='ltr'>ἐπηγγείλατο</span> <span class='ocrx_word' id='word_1_788' title='bbox 2538 5044 2569 5097; x_wconf 89' lang='lat'><strong>6</strong></span> <span class='ocrx_word' id='word_1_789' title='bbox 2601 5043 2805 5114; x_wconf 84' lang='grc' dir='ltr'>Κύριος</span> <span class='ocrx_word' id='word_1_790' title='bbox 2838 5048 2951 5109; x_wconf 81' lang='grc' dir='ltr'>τοῖς</span> <span class='ocrx_word' id='word_1_791' title='bbox 2990 5049 3283 5116; x_wconf 86' lang='grc' dir='ltr'>ἀγαπῶσιν</span> <span class='ocrx_word' id='word_1_792' title='bbox 3315 5049 3500 5104; x_wconf 87' lang='grc' dir='ltr'>αὐτόν.</span> <span class='ocrx_word' id='word_1_793' title='bbox 3535 5069 3554 5102; x_wconf 73' lang='grc' dir='ltr'><strong>ι</strong></span> <span class='ocrx_word' id='word_1_794' title='bbox 3599 5051 3723 5102; x_wconf 88' lang='grc' dir='ltr'>Διτ-</span> 
     </span>
    </p>
   </div>
   <div class='ocr_carea' id='block_1_102' title="bbox 2134 5136 3726 5213">
    <p class='ocr_par' dir='ltr' id='par_1_102' title="bbox 2134 5136 3726 5213">
     <span class='ocr_line' id='line_1_102' title="bbox 2134 5136 3726 5213; baseline 0.004 -23"><span class='ocrx_word' id='word_1_795' title='bbox 2134 5137 2244 5190; x_wconf 84' lang='grc' dir='ltr'>τῶν</span> <span class='ocrx_word' id='word_1_796' title='bbox 2268 5136 2441 5190; x_wconf 78' lang='grc' dir='ltr'>όντων</span> <span class='ocrx_word' id='word_1_797' title='bbox 2500 5136 2608 5190; x_wconf 86' lang='grc' dir='ltr'><strong>τῶν</strong></span> <span class='ocrx_word' id='word_1_798' title='bbox 2664 5139 3011 5210; x_wconf 84' lang='grc' dir='ltr'>πειρασμῶν,</span> <span class='ocrx_word' id='word_1_799' title='bbox 3048 5139 3123 5203; x_wconf 86' lang='grc' dir='ltr'>ὡς</span> <span class='ocrx_word' id='word_1_800' title='bbox 3158 5140 3392 5211; x_wconf 74' lang='grc' dir='ltr'>ἔφαμεν,</span> <span class='ocrx_word' id='word_1_801' title='bbox 3452 5142 3726 5213; x_wconf 81' lang='grc' dir='ltr'>συμφέρει</span> 
     </span>
    </p>
   </div>
   <div class='ocr_carea' id='block_1_103' title="bbox 2134 5228 3726 5306">
    <p class='ocr_par' dir='ltr' id='par_1_103' title="bbox 2134 5228 3726 5306">
     <span class='ocr_line' id='line_1_103' title="bbox 2134 5228 3726 5306; baseline 0.004 -24"><span class='ocrx_word' id='word_1_802' title='bbox 2134 5229 2257 5283; x_wconf 80' lang='grc' dir='ltr'>καθ’</span> <span class='ocrx_word' id='word_1_803' title='bbox 2284 5230 2548 5300; x_wconf 73' lang='grc' dir='ltr'>ἑκάτερον</span> <span class='ocrx_word' id='word_1_804' title='bbox 2583 5231 2618 5298; x_wconf 83' lang='grc' dir='ltr'><strong>ἠ</strong></span> <span class='ocrx_word' id='word_1_805' title='bbox 2649 5232 2922 5302; x_wconf 72' lang='grc' dir='ltr'>ὑπομονὴ.</span> <span class='ocrx_word' id='word_1_806' title='bbox 2948 5228 3082 5287; x_wconf 78' lang='grc' dir='ltr'>Εἶτα</span> <span class='ocrx_word' id='word_1_807' title='bbox 3108 5234 3208 5305; x_wconf 83' lang='grc' dir='ltr'>τῆς</span> <span class='ocrx_word' id='word_1_808' title='bbox 3234 5234 3329 5288; x_wconf 84' lang='grc' dir='ltr'><strong>τοῦ</strong></span> <span class='ocrx_word' id='word_1_809' title='bbox 3352 5235 3561 5306; x_wconf 82' lang='grc' dir='ltr'>Κυρίου</span> <span class='ocrx_word' id='word_1_810' title='bbox 3588 5251 3726 5305; x_wconf 86' lang='grc' dir='ltr'>μνη-</span> 
     </span>
    </p>
   </div>
   <div class='ocr_carea' id='block_1_104' title="bbox 2135 5321 3723 5399">
    <p class='ocr_par' dir='ltr' id='par_1_104' title="bbox 2135 5321 3723 5399">
     <span class='ocr_line' id='line_1_104' title="bbox 2135 5321 3723 5399; baseline 0.006 -25"><span class='ocrx_word' id='word_1_811' title='bbox 2135 5321 2284 5385; x_wconf 76' lang='grc' dir='ltr'>σθεὶς</span> <span class='ocrx_word' id='word_1_812' title='bbox 2316 5323 2503 5394; x_wconf 83' lang='grc' dir='ltr'>εὐχῆς,</span> <span class='ocrx_word' id='word_1_813' title='bbox 2534 5323 2657 5387; x_wconf 74' lang='grc' dir='ltr'>ἥτις</span> <span class='ocrx_word' id='word_1_814' title='bbox 2688 5323 2764 5396; x_wconf 81' lang='grc' dir='ltr'>μὴ</span> <span class='ocrx_word' id='word_1_815' title='bbox 2816 5327 2898 5389; x_wconf 88' lang='grc' dir='ltr'><strong>είς</strong></span> <span class='ocrx_word' id='word_1_816' title='bbox 2930 5327 3239 5398; x_wconf 76' lang='grc' dir='ltr'>πειρασμὸν</span> <span class='ocrx_word' id='word_1_817' title='bbox 3274 5330 3536 5382; x_wconf 73' lang='grc' dir='ltr'>ἐκπεσεῖν</span> <span class='ocrx_word' id='word_1_818' title='bbox 3571 5329 3723 5399; x_wconf 77' lang='grc' dir='ltr'>ἡμᾶς</span> 
     </span>
    </p>
   </div>
   <div class='ocr_carea' id='block_1_105' title="bbox 444 5400 2037 5492">
    <p class='ocr_par' dir='ltr' id='par_1_105' title="bbox 444 5400 2029 5489">
     <span class='ocr_line' id='line_1_105' title="bbox 444 5400 2029 5489; baseline 0.008 -37"><span class='ocrx_word' id='word_1_819' title='bbox 444 5400 865 5489; x_wconf 72' lang='lat' dir='ltr'><strong>quod-securius</strong></span> <span class='ocrx_word' id='word_1_820' title='bbox 885 5409 991 5467; x_wconf 89' lang='lat' dir='ltr'><strong>est,</strong></span> <span class='ocrx_word' id='word_1_821' title='bbox 1017 5412 1075 5456; x_wconf 91' lang='lat' dir='ltr'><strong>ut</strong></span> <span class='ocrx_word' id='word_1_822' title='bbox 1113 5412 1310 5473; x_wconf 87' lang='lat' dir='ltr'><strong>nempe</strong></span> <span class='ocrx_word' id='word_1_823' title='bbox 1340 5419 1584 5470; x_wconf 87' lang='lat' dir='ltr'><strong>oremus,</strong></span> <span class='ocrx_word' id='word_1_824' title='bbox 1622 5420 1691 5462; x_wconf 89' lang='lat' dir='ltr'><strong>ne</strong></span> <span class='ocrx_word' id='word_1_825' title='bbox 1720 5406 2029 5465; x_wconf 85' lang='lat' dir='ltr'><strong>incidamus</strong></span> 
     </span>
    </p>
   </div>
   <div class='ocr_carea' id='block_1_106' title="bbox 2137 5400 3725 5492">
    <p class='ocr_par' dir='ltr' id='par_1_106' title="bbox 2137 5413 3725 5492">
     <span class='ocr_line' id='line_1_106' title="bbox 2137 5413 3725 5492; baseline 0.005 -26"><span class='ocrx_word' id='word_1_826' title='bbox 2137 5413 2273 5479; x_wconf 62' lang='lat' dir='ltr'><strong>sane</strong></span> <span class='ocrx_word' id='word_1_827' title='bbox 2282 5415 2483 5484; x_wconf 82' lang='grc' dir='ltr'>μένους</span> <span class='ocrx_word' id='word_1_828' title='bbox 2497 5414 2617 5486; x_wconf 71' lang='lat' dir='ltr'><strong>(sic)</strong></span> <span class='ocrx_word' id='word_1_829' title='bbox 2641 5417 2702 5469; x_wconf 89' lang='grc' dir='ltr'><strong>τὸ</strong></span> <span class='ocrx_word' id='word_1_830' title='bbox 2722 5419 2971 5485; x_wconf 77' lang='grc' dir='ltr'>κρεῖττον</span> <span class='ocrx_word' id='word_1_831' title='bbox 2995 5437 3066 5471; x_wconf 83' lang='grc' dir='ltr'><strong>πα</strong></span> <span class='ocrx_word' id='word_1_832' title='bbox 3074 5422 3308 5492; x_wconf 62' lang='grc' dir='ltr'>ρεγγυᾷ,</span> <span class='ocrx_word' id='word_1_833' title='bbox 3329 5420 3725 5492; x_wconf 74' lang='grc' dir='ltr'>ἐπαναλαμόά-</span> 
     </span>
    </p>
   </div>
   <div class='ocr_carea' id='block_1_107' title="bbox 444 5473 2026 5565">
    <p class='ocr_par' dir='ltr' id='par_1_107' title="bbox 444 5473 2026 5565">
     <span class='ocr_line' id='line_1_107' title="bbox 444 5473 2026 5565; baseline 0.006 -24"><span class='ocrx_word' id='word_1_834' title='bbox 444 5491 502 5541; x_wconf 91' lang='lat' dir='ltr'><strong>in</strong></span> <span class='ocrx_word' id='word_1_835' title='bbox 526 5473 881 5553; x_wconf 74' lang='lat' dir='ltr'><strong>tentatiou‘es,</strong></span> <span class='ocrx_word' id='word_1_836' title='bbox 915 5494 1210 5546; x_wconf 85' lang='lat' dir='ltr'><strong>reassumit</strong></span> <span class='ocrx_word' id='word_1_837' title='bbox 1238 5508 1335 5563; x_wconf 89' lang='lat' dir='ltr'><strong>per</strong></span> <span class='ocrx_word' id='word_1_838' title='bbox 1375 5496 1655 5565; x_wconf 85' lang='lat' dir='ltr'><strong>proposita</strong></span> <span class='ocrx_word' id='word_1_839' title='bbox 1677 5510 1985 5553; x_wconf 85' lang='lat' dir='ltr'><strong>sermonem</strong></span> <span class='ocrx_word' id='word_1_840' title='bbox 2011 5515 2026 5557; x_wconf 84' lang='lat'><strong>:</strong></span> 
     </span>
    </p>
   </div>
   <div class='ocr_carea' id='block_1_108' title="bbox 448 5578 2027 5656">
    <p class='ocr_par' dir='ltr' id='par_1_108' title="bbox 448 5578 2027 5656">
     <span class='ocr_line' id='line_1_108' title="bbox 448 5578 2027 5656; baseline 0.008 -25"><span class='ocrx_word' id='word_1_841' title='bbox 448 5578 824 5648; x_wconf 85' lang='lat' dir='ltr'><strong>declaratque,</strong></span> <span class='ocrx_word' id='word_1_842' title='bbox 870 5597 1120 5653; x_wconf 68' lang='lat' dir='ltr'><strong>quaenam</strong></span> <span class='ocrx_word' id='word_1_843' title='bbox 1167 5585 1239 5640; x_wconf 92' lang='lat' dir='ltr'><strong>sit</strong></span> <span class='ocrx_word' id='word_1_844' title='bbox 1280 5587 1529 5649; x_wconf 82' lang='lat' dir='ltr'><strong>tentatio,</strong></span> <span class='ocrx_word' id='word_1_845' title='bbox 1565 5601 1688 5656; x_wconf 75' lang='lat' dir='ltr'><strong>qua:</strong></span> <span class='ocrx_word' id='word_1_846' title='bbox 1719 5602 1747 5641; x_wconf 87' lang='lat' dir='ltr'><strong>a</strong></span> <span class='ocrx_word' id='word_1_847' title='bbox 1789 5587 1899 5645; x_wconf 90' lang='lat' dir='ltr'><strong>Deo</strong></span> <span class='ocrx_word' id='word_1_848' title='bbox 1924 5590 2027 5644; x_wconf 91' lang='lat' dir='ltr'><strong>itu-</strong></span> 
     </span>
    </p>
   </div>
   <div class='ocr_carea' id='block_1_109' title="bbox 447 5666 2028 5747">
    <p class='ocr_par' dir='ltr' id='par_1_109' title="bbox 447 5666 2028 5747">
     <span class='ocr_line' id='line_1_109' title="bbox 447 5666 2028 5747; baseline 0.007 -26"><span class='ocrx_word' id='word_1_849' title='bbox 447 5666 703 5732; x_wconf 84' lang='lat' dir='ltr'><strong>mittitur,</strong></span> <span class='ocrx_word' id='word_1_850' title='bbox 729 5679 785 5725; x_wconf 84' lang='lat' dir='ltr'><strong>et</strong></span> <span class='ocrx_word' id='word_1_851' title='bbox 812 5688 933 5742; x_wconf 70' lang='lat' dir='ltr'><strong>qua:</strong></span> <span class='ocrx_word' id='word_1_852' title='bbox 955 5687 986 5728; x_wconf 85' lang='lat' dir='ltr'><strong>a</strong></span> <span class='ocrx_word' id='word_1_853' title='bbox 1018 5673 1174 5729; x_wconf 86' lang='lat' dir='ltr'><strong>nobis</strong></span> <span class='ocrx_word' id='word_1_854' title='bbox 1189 5675 1420 5740; x_wconf 87' lang='lat' dir='ltr'><strong>oriatur,</strong></span> <span class='ocrx_word' id='word_1_855' title='bbox 1449 5675 1694 5747; x_wconf 87' lang='lat' dir='ltr'><strong>adeoque</strong></span> <span class='ocrx_word' id='word_1_856' title='bbox 1722 5679 2028 5734; x_wconf 81' lang='lat' dir='ltr'><strong>voluntaria</strong></span> 
     </span>
    </p>
   </div>
   <div class='ocr_carea' id='block_1_110' title="bbox 2133 5503 3722 5580">
    <p class='ocr_par' dir='ltr' id='par_1_110' title="bbox 2133 5503 3722 5580">
     <span class='ocr_line' id='line_1_110' title="bbox 2133 5503 3722 5580; baseline 0.005 -25"><span class='ocrx_word' id='word_1_857' title='bbox 2133 5520 2215 5555; x_wconf 89' lang='grc' dir='ltr'><strong>νει</strong></span> <span class='ocrx_word' id='word_1_858' title='bbox 2242 5504 2332 5556; x_wconf 81' lang='grc' dir='ltr'>διὰ</span> <span class='ocrx_word' id='word_1_859' title='bbox 2365 5503 2476 5557; x_wconf 88' lang='grc' dir='ltr'><strong>τῶν</strong></span> <span class='ocrx_word' id='word_1_860' title='bbox 2502 5509 2887 5576; x_wconf 86' lang='grc' dir='ltr'>προκειμένων</span> <span class='ocrx_word' id='word_1_861' title='bbox 2917 5510 3008 5562; x_wconf 73' lang='grc' dir='ltr'>τὶν</span> <span class='ocrx_word' id='word_1_862' title='bbox 3043 5509 3223 5578; x_wconf 81' lang='grc' dir='ltr'>λόγον,</span> <span class='ocrx_word' id='word_1_863' title='bbox 3258 5510 3594 5580; x_wconf 78' lang='grc' dir='ltr'>σαφηνίζων,</span> <span class='ocrx_word' id='word_1_864' title='bbox 3635 5511 3722 5575; x_wconf 82' lang='grc' dir='ltr'><strong>τίς</strong></span> 
     </span>
    </p>
   </div>
   <div class='ocr_carea' id='block_1_111' title="bbox 2134 5593 3721 5672">
    <p class='ocr_par' dir='ltr' id='par_1_111' title="bbox 2134 5593 3721 5672">
     <span class='ocr_line' id='line_1_111' title="bbox 2134 5593 3721 5672; baseline 0.006 -26"><span class='ocrx_word' id='word_1_865' title='bbox 2134 5593 2234 5663; x_wconf 84' lang='grc' dir='ltr'><strong>μὲν</strong></span> <span class='ocrx_word' id='word_1_866' title='bbox 2266 5593 2294 5644; x_wconf 94' lang='lat'><strong>6</strong></span> <span class='ocrx_word' id='word_1_867' title='bbox 2324 5593 2432 5647; x_wconf 83' lang='grc' dir='ltr'>ἀπὸ</span> <span class='ocrx_word' id='word_1_868' title='bbox 2460 5595 2596 5649; x_wconf 88' lang='grc' dir='ltr'>Θεοῦ</span> <span class='ocrx_word' id='word_1_869' title='bbox 2625 5600 2955 5668; x_wconf 82' lang='grc' dir='ltr'>πειρασμὸς,</span> <span class='ocrx_word' id='word_1_870' title='bbox 3007 5599 3093 5664; x_wconf 90' lang='grc' dir='ltr'><strong>τίς</strong></span> <span class='ocrx_word' id='word_1_871' title='bbox 3120 5599 3176 5654; x_wconf 80' lang='grc' dir='ltr'>δὲ</span> <span class='ocrx_word' id='word_1_872' title='bbox 3214 5602 3243 5655; x_wconf 94' lang='lat'><strong>6</strong></span> <span class='ocrx_word' id='word_1_873' title='bbox 3276 5602 3406 5670; x_wconf 72' lang='grc' dir='ltr'>παρ’</span> <span class='ocrx_word' id='word_1_874' title='bbox 3437 5601 3595 5672; x_wconf 82' lang='grc' dir='ltr'>ἡμῶν</span> <span class='ocrx_word' id='word_1_875' title='bbox 3621 5602 3721 5655; x_wconf 86' lang='grc' dir='ltr'>αὐ·-</span> 
     </span>
    </p>
   </div>
   <div class='ocr_carea' id='block_1_112' title="bbox 2132 5684 3718 5765">
    <p class='ocr_par' dir='ltr' id='par_1_112' title="bbox 2132 5684 3718 5765">
     <span class='ocr_line' id='line_1_112' title="bbox 2132 5684 3718 5765; baseline 0.006 -29"><span class='ocrx_word' id='word_1_876' title='bbox 2132 5684 2404 5755; x_wconf 82' lang='grc' dir='ltr'>οαίρετος.</span> <span class='ocrx_word' id='word_1_877' title='bbox 2459 5687 2606 5757; x_wconf 75' lang='grc' dir='ltr'>Πλὴν</span> <span class='ocrx_word' id='word_1_878' title='bbox 2655 5689 2836 5754; x_wconf 83' lang='grc' dir='ltr'>καλῶς</span> <span class='ocrx_word' id='word_1_879' title='bbox 2897 5691 3033 5763; x_wconf 80' lang='grc' dir='ltr'>εχει,</span> <span class='ocrx_word' id='word_1_880' title='bbox 3090 5694 3183 5747; x_wconf 67' lang='grc' dir='ltr'>τὸν</span> <span class='ocrx_word' id='word_1_881' title='bbox 3231 5694 3330 5765; x_wconf 83' lang='grc' dir='ltr'>μὲν</span> <span class='ocrx_word' id='word_1_882' title='bbox 3368 5694 3574 5764; x_wconf 88' lang='grc' dir='ltr'>Κύριον</span> <span class='ocrx_word' id='word_1_883' title='bbox 3621 5694 3718 5747; x_wconf 78' lang='grc' dir='ltr'>καὶ</span> 
     </span>
    </p>
   </div>
   <div class='ocr_carea' id='block_1_113' title="bbox 449 5759 2037 5860">
    <p class='ocr_par' dir='ltr' id='par_1_113' title="bbox 449 5759 2023 5837">
     <span class='ocr_line' id='line_1_113' title="bbox 449 5759 2023 5837; baseline 0.01 -27"><span class='ocrx_word' id='word_1_884' title='bbox 449 5766 552 5812; x_wconf 82' lang='lat' dir='ltr'><strong>est.</strong></span> <span class='ocrx_word' id='word_1_885' title='bbox 588 5759 909 5831; x_wconf 85' lang='lat' dir='ltr'><strong>Quanquam</strong></span> <span class='ocrx_word' id='word_1_886' title='bbox 942 5774 996 5820; x_wconf 91' lang='lat' dir='ltr'><strong>et</strong></span> <span class='ocrx_word' id='word_1_887' title='bbox 1028 5777 1175 5822; x_wconf 81' lang='lat' dir='ltr'><strong>recte</strong></span> <span class='ocrx_word' id='word_1_888' title='bbox 1207 5783 1265 5823; x_wconf 88' lang='lat' dir='ltr'><strong>se</strong></span> <span class='ocrx_word' id='word_1_889' title='bbox 1286 5768 1465 5833; x_wconf 89' lang='lat' dir='ltr'><strong>habet,</strong></span> <span class='ocrx_word' id='word_1_890' title='bbox 1494 5770 1537 5823; x_wconf 90' lang='lat' dir='ltr'><strong>si</strong></span> <span class='ocrx_word' id='word_1_891' title='bbox 1571 5770 2023 5837; x_wconf 84' lang='lat' dir='ltr'><strong>dicamus,Dcum</strong></span> 
     </span>
    </p>
   </div>
   <div class='ocr_carea' id='block_1_114' title="bbox 2137 5759 3718 5860">
    <p class='ocr_par' dir='ltr' id='par_1_114' title="bbox 2137 5759 3718 5860">
     <span class='ocr_line' id='line_1_114' title="bbox 2137 5759 3718 5860; baseline 0.009 -31"><span class='ocrx_word' id='word_1_892' title='bbox 2137 5777 2262 5831; x_wconf 76' lang='grc' dir='ltr'>Θεὸν</span> <span class='ocrx_word' id='word_1_893' title='bbox 2290 5779 2427 5851; x_wconf 70' lang='grc' dir='ltr'>πρὸς</span> <span class='ocrx_word' id='word_1_894' title='bbox 2456 5781 2521 5834; x_wconf 85' lang='grc' dir='ltr'><strong>τὸ</strong></span> <span class='ocrx_word' id='word_1_895' title='bbox 2547 5759 3066 5857; x_wconf 17' lang='grc' dir='ltr'>ἀσθενέστερονήτῆς</span> <span class='ocrx_word' id='word_1_896' title='bbox 3088 5759 3442 5860; x_wconf 77' lang='grc' dir='ltr'>ἀνθρωπίνης</span> <span class='ocrx_word' id='word_1_897' title='bbox 3459 5759 3718 5843; x_wconf 43' lang='grc' dir='ltr'>-ἀποσκοτ</span> 
     </span>
    </p>
   </div>
   <div class='ocr_carea' id='block_1_115' title="bbox 530 5935 2089 6031">
    <p class='ocr_par' dir='ltr' id='par_1_115' title="bbox 530 5935 2089 6031">
     <span class='ocr_line' id='line_1_115' title="bbox 530 5935 2089 6031; baseline 0.008 -40"><span class='ocrx_word' id='word_1_898' title='bbox 530 5936 552 5969; x_wconf 88' lang='grc'><strong>⁷</strong></span> <span class='ocrx_word' id='word_1_899' title='bbox 592 5935 696 5992; x_wconf 75' lang='lat' dir='ltr'><strong>Joh</strong></span> <span class='ocrx_word' id='word_1_900' title='bbox 744 5955 805 6005; x_wconf 87' lang='lat' dir='ltr'><strong>tt,</strong></span> <span class='ocrx_word' id='word_1_901' title='bbox 837 5941 889 5995; x_wconf 70' lang='grc'><strong>4.</strong></span> <span class='ocrx_word' id='word_1_902' title='bbox 965 5944 987 5974; x_wconf 79' lang='grc'><strong>⁸</strong></span> <span class='ocrx_word' id='word_1_903' title='bbox 1028 5942 1173 6001; x_wconf 83' lang='lat' dir='ltr'><strong>Psal.</strong></span> <span class='ocrx_word' id='word_1_904' title='bbox 1236 5961 1420 6012; x_wconf 70' lang='lat' dir='ltr'><strong>mm,</strong></span> <span class='ocrx_word' id='word_1_905' title='bbox 1469 5948 1524 6003; x_wconf 67' lang='grc'><strong>4.</strong></span> <span class='ocrx_word' id='word_1_906' title='bbox 1566 5949 1621 6031; x_wconf 15' lang='grc'><strong>1⁸</strong></span> <span class='ocrx_word' id='word_1_907' title='bbox 1661 5946 1850 6003; x_wconf 82' lang='lat' dir='ltr'><strong>Matth.</strong></span> <span class='ocrx_word' id='word_1_908' title='bbox 1885 5965 1962 6016; x_wconf 73' lang='lat' dir='ltr'><strong>Vt,</strong></span> <span class='ocrx_word' id='word_1_909' title='bbox 1999 5948 2089 6004; x_wconf 80' lang='lat'><strong>55.</strong></span> 
     </span>
    </p>
   </div>
  </div>
