4120 6452
414 447 545 512 1ἷ47

1339 430 1917 502 ΤΗΕΟΡΠΥΞΑΟΤΙ
1950 433 2365 494 BULGARLE
2407 431 2762 495 ARCHIEP.

3529 420 3549 484 1
3566 420 3676 485 1‘48

409 563 458 616 si
491 560 618 630 quis
649 559 870 613 auditor
899 564 983 611 est
1011 553 1184 616 verbi,
1216 562 1271 606 et
1303 567 1411 605 non
1444 549 1640 614 factor,
1667 549 1754 601 hic
1777 560 1999 616 compa—

2113 543 2379 616 ἀκροατὴς
2439 544 2600 614 λόγου
2651 544 2790 608 ἐστὶ,
2880 540 2976 595 καὶ
3046 541 3106 592 οὐ
3175 537 3434 608 ποιητὴς,
3517 532 3673 600 οὗτος

411 655 627 708 rabitur
655 653 771 706 viro
800 647 1168 705 consideranti
1196 645 1408 700 vultum
1455 640 1756 698 nativitatis
1796 655 1910 694 suae
1934 638 1986 692 in

412 743 658 812 speculo.
699 760 718 792 ι
766 738 1135 794 Considerare
1172 755 1190 786 ‹
1226 735 1433 788 vultum
1487 728 1796 785 nativitatis
1829 746 1847 779 ι
1881 734 1986 789 est,

413 833 772 902 semetipsum
823 846 921 900 per
974 832 1146 899 legem
1192 838 1544 896 cognoscere,
1596 831 1651 877 et
1694 820 1816 875 ideo
1879 833 1990 873 non

413 926 552 980 dixit
578 922 961 978 tantummodo
997 941 1014 972 ι
1053 920 1282 980 vultum,
1313 937 1330 967 )
1362 916 1454 970 sed
1495 934 1513 966 ι
1538 914 1748 968 vultum
1790 910 1992 965 nativi-

413 1019 580 1078 tatis;
622 1037 640 1068 ι
681 1032 774 1083 per
813 1017 983 1084 legem
1013 1013 1156 1067 enim
1205 1009 1494 1071 discimus,
1527 1007 1717 1076 quales
1750 1004 1863 1058 nati
1897 1018 1994 1057 su-

415 1125 538 1164 mus
583 1116 635 1160 ct
689 1107 1060 1176 intelligimus,
1112 1103 1304 1173 quales
1336 1109 1526 1170 postea
1574 1094 1878 1167 spiritualis
1912 1094 1994 1148 lex

416 1217 513 1270 per
536 1211 784 1255 naturam
829 1196 1271 1268 regenerationis
1303 1208 1404 1248 nos
1427 1191 1688 1247 effecerit.
1712 1189 1780 1242 At
1801 1189 1996 1242 deinde

417 1309 524 1347 non
560 1301 975 1363 perseverantes
1007 1292 1059 1344 in
1107 1291 1210 1344 hac
1255 1287 1596 1356 inspectione
1634 1299 1728 1354 per
1760 1281 1994 1353 praxim,

415 1385 612 1454 ipsius,
657 1382 804 1452 quod
834 1381 1168 1451 recepimus,
1203 1377 1510 1449 Spiritualis
1552 1373 1680 1430 doni
1725 1371 2000 1426 oblivisci-

417 1492 562 1530 mur.
604 1475 709 1541 Qui
749 1475 894 1528 enim
935 1489 994 1528 se
1025 1473 1211 1542 pravis
1251 1468 1668 1540 operationibus
1700 1465 1871 1528 dedit,
1905 1479 2000 1518 ne-

418 1584 524 1637 que
559 1568 980 1631 beneficiorum,
1031 1565 1234 1635 quibus
1277 1577 1399 1617 eum
1442 1560 1590 1615 Deus
1649 1557 1855 1622 affecit,
1890 1573 2002 1610 am-

416 1660 560 1730 plius
592 1659 984 1713 reminiscitur.
1020 1657 1076 1710 Si
1102 1659 1248 1710 enim
1280 1653 1542 1706 memoria
1581 1658 1814 1713 teneret,
1855 1648 2003 1718 quod

419 1764 662 1819 superne
709 1749 1009 1818 regenitus,
1055 1746 1410 1816 justifieatus,
1447 1751 1500 1796 et
1544 1745 1683 1797 inter
1721 1743 1862 1796 filios
1908 1741 2003 1795 Dei

419 1849 711 1910 cooptatus
737 1839 829 1902 sit,
863 1837 1112 1908 profecto
1145 1849 1484 1906 nequaquam
1519 1849 1578 1888 se
1608 1833 1843 1886 traderet
1869 1848 2004 1902 ope-

2094 642 2270 696 ἐοικεν
2303 640 2457 710 ἀνδρί
2491 636 2843 692 κατανοοῦντι
2864 634 2925 688 τὸ
2956 633 3248 705 πρόσωπον
3279 631 3374 700 τῆς
3408 631 3682 698 γενέσεως

2095 732 2262 787 αὑτοῦ
2306 734 2364 785 ἐν
2430 731 2700 800 ἐσόπτρῳ.
2743 747 2762 781 ›
2825 757 2896 766 -—-
2968 744 2988 778 ι
3025 725 3322 794 Πρόσωπον
3383 725 3678 793 γενέσεως,

2097 822 2436 898 [κατανοεῖν]
2468 842 2486 874 ›
2523 823 2584 874 τὸ
2619 821 2708 875 διὰ
2739 820 2831 873 τοῦ
2859 820 3028 886 νόμου
3063 820 3257 873 ἐαυτὸν
3279 819 3675 887 ἐπεγνωκέναι.

2096 920 2187 971 Διὸ
2217 917 2312 972 καὶ
2368 917 2446 986 τῷ
2476 934 2495 968 ι
2530 914 2814 986 προσώπῳ
2833 913 3082 983 ἐπήγαγε
3125 931 3141 962 ι
3182 912 3283 981 τῆς
3327 912 3610 980 γενέσεως.
3653 929 3681 962 ι·

2097 1009 2199 1062 Διά
2247 1008 2357 1078 γὰρ
2421 1005 2513 1060 τοῦ
2570 1005 2738 1074 νόμου
2784 1003 3132 1074 μανθάνομεν
3183 998 3287 1054 οἷοι
3349 1002 3675 1070 γεγόναμεν,

2098 1103 2193 1155 καὶ
2224 1097 2598 1166 κατανοοῦμεν
2651 1097 2798 1158 οἵους
2845 1094 3179 1163 γενομένους
3227 1095 3256 1146 ό
3309 1092 3680 1162 πνευματικὸς

2099 1191 2249 1260 ἡμᾶς
2282 1187 2536 1242 ἀποτελεῖ
2580 1187 2746 1254 νόμος
2786 1185 2874 1238 διὰ
2905 1183 3000 1236 τοῦ
3041 1182 3253 1254 λυτροῦζ
3279 1183 3379 1252 τῆς
3415 1183 3681 1249 παλιγγε·

2099 1283 2305 1343 νεσὶας.
2339 1277 2467 1334 Εἶτα
2508 1280 2583 1350 μὴ
2619 1279 2952 1350 ἐμμένοντες
2981 1281 3048 1348 τῇ
3079 1277 3307 1349 τοιαύτῃ
3339 1278 3438 1349 θέα
3468 1279 3556 1330 διὰ
3582 1278 3696 1347 τῆς

2103 1375 2377 1444 πράξεως,
2409 1373 2502 1426 καὶ
2558 1371 2650 1424 τοῦ
2683 1371 3022 1440 χαρίσματος
3080 1370 3573 1440 ἐπιλανθανόμεθα.
3624 1370 3682 1421 '0

2103 1466 2212 1536 γὰρ
2266 1465 2534 1535 πράξεσιν
2590 1463 2831 1525 ἐκδιδοὺς
2874 1461 3068 1514 ἑαυτὸν
3121 1463 3410 1532 πονηραῖς,
3445 1461 3567 1515 οὐδὲ
3599 1463 3683 1514 ὃτι

2103 1559 2471 1630 εύηργέτηται
2527 1557 2678 1627 παρὰ
2733 1555 2826 1608 τοῦ
2859 1555 2996 1610 Θεοῦ
3051 1555 3404 1625 μνημονεύει.
3450 1557 3512 1609 Εἰ
3573 1556 3683 1626 γὰρ

2105 1650 2495 1720 ἐμνημόνευεν,
2516 1651 2598 1702 ὅτι
2613 1647 2820 1702 ἀνωθεν
2836 1646 3124 1717 ἐγεννήθη,
3141 1647 3235 1700 καὶ
3257 1647 3574 1716 ἐδικαιώθη,
3592 1650 3687 1702 καὶ

2107 1741 2165 1791 ἐν
2184 1739 2318 1801 υἰοῖς
2349 1738 2603 1806 ἐλογίσθη
2630 1738 2786 1800 Θεοῦ,
2820 1738 2920 1790 οὐκ
2949 1737 3012 1790 ἃν
3047 1738 3238 1790 ἑαυτὸν
3257 1739 3542 1809 παρεδίδου
3576 1742 3691 1802 τοῖς

2107 1829 2394 1884 ἀθετοῦσιν
2412 1829 2592 1899 ἔργοις
2615 1829 2713 1898 τὴν
2726 1827 2908 1897 χάριν.
2930 1828 3061 1880 Ἀπὸ
3081 1828 3137 1880 δέ
3162 1827 3254 1880 τοῦ
3275 1830 3537 1899 συνήθους
3567 1829 3692 1882 τούο

419 1933 593 1996 ribus,
624 1948 744 2001 quae
777 1938 1052 2000 receptam
1083 1930 1316 2000 gratiam
1358 1928 1561 1982 delent.
1593 1929 1859 1982 Caeterum
1882 1942 2006 1996 apo-

2113 1940 2202 1975 του
2251 1926 2542 1992 ἐσόπτρου,
2582 1922 2673 1974 ἐπὶ
2695 1922 2753 1972 τὸ
2784 1920 2970 1988 νοητὸν
3040 1919 3326 1990 ἔσοπτρον,
3387 1921 3690 1985 διαὸιέάζει

420 2025 596 2079 stolus
627 2023 697 2076 ab
737 2022 942 2078 usitato
984 2021 1234 2092 speculo,
1274 2019 1341 2074 ad
1389 2019 1677 2092 Spirituale
1720 2018 2003 2089 speculum

421 2129 727 2170 sermonem
811 2112 1182 2177 transferens,
1266 2113 1499 2166 alterum
1577 2109 2004 2180 comparationis

421 2206 725 2261 membrum
751 2205 894 2259 haud
925 2205 1198 2274 expressit
1227 2224 1240 2270 ;
1269 2204 1344 2258 ita
1375 2203 1520 2258 enim
1569 2217 1628 2257 se
1662 2202 1890 2256 haberet
1922 2204 2004 2257 in-

423 2305 572 2365 tegra
601 2295 940 2364 comparatio
1000 2310 1013 2346 :
1076 2294 1132 2349 Si
1174 2295 1300 2364 quis
1341 2294 1558 2349 auditor
1605 2294 1741 2364 legis
1783 2303 1890 2358 cst,
1951 2303 2006 2349 ct

421 2401 528 2441 non
590 2387 784 2448 factor,
839 2386 929 2440 hic
974 2385 1175 2440 similis
1227 2395 1311 2441 est
1364 2386 1569 2441 homini
1633 2386 2004 2441 consideranti

419 2480 629 2532 vultum
667 2495 825 2533 suum
853 2479 908 2536 in
934 2479 1189 2547 speculo;
1235 2479 1698 2548 quemadmodum
1740 2478 1884 2532 enim
1917 2479 2007 2532 ille

421 2569 792 2624 consideravit
825 2585 907 2632 se,
937 2577 990 2623 et
1016 2570 1169 2635 abiit,
1203 2579 1257 2626 et
1289 2573 1473 2624 statim
1499 2570 1704 2626 oblitus
1731 2579 1837 2634 est,
1866 2587 2006 2640 qua—

425 2663 492 2717 lis
530 2663 693 2732 328
728 2663 863 2730 fuit;
897 2663 968 2718 ita
999 2679 1057 2718 se
1086 2665 1251 2718 habet
1280 2664 1391 2724 ille,
1441 2664 1534 2733 qtti
1566 2679 1634 2718 ex
1670 2664 1788 2733 lege
1840 2663 2007 2718 Mosis

422 2752 687 2808 additlicit
740 2754 814 2819 id,
860 2763 1084 2824 propter
1123 2753 1272 2824 quod
1326 2752 1508 2808 factus
1547 2754 1640 2816 sit,
1696 2769 1890 2823 nempe
1940 2756 2005 2807 a.l

422 2847 517 2902 Dei
541 2848 794 2918 gloriam,
828 2857 881 2903 et
923 2850 1156 2919 utjuxla
1191 2848 1482 2920 imaginem
1513 2849 1607 2904 Dei
1645 2847 1869 2904 factoris
1896 2851 2004 2914 sui,

419 2948 649 3002 viveret,
684 2957 743 2994 se
779 2941 978 2995 factum
1015 2956 1155 3007 esse,
1186 2942 1444 3012 cognovit
1471 2960 1486 3003 ς
1518 2951 1710 3011 postea
1750 2941 1885 2995 nihil
1907 2941 2007 2995 ho-

421 3051 543 3090 rum
587 3036 734 3101 facit,
762 3037 854 3092 sed
891 3037 1080 3092 eodem
1109 3038 1273 3092 modo
1309 3053 1370 3092 se
1402 3038 1564 3108 gerit,
1595 3052 1658 3091 ac
1704 3037 1796 3108 qui
1827 3037 2007 3091 consi-

420 3129 576 3183 derat
629 3129 836 3184 VnItum
891 3145 1072 3185 suum.
1138 3130 1252 3185 Hoc
1321 3130 1490 3200 igitur
1557 3131 1901 3199 exemplum,
1951 3141 2008 3180 ut.

421 3231 678 3292 cportere
724 3222 1035 3284 videbatur,
1083 3221 1403 3292 neutiquam
1461 3221 1671 3291 integre
1725 3225 2008 3291 pr0posuit

421 3313 556 3368 ille:
590 3328 697 3368 non
732 3323 910 3368 tamen
955 3315 1165 3384 absque
1194 3330 1359 3368 causa
1396 3332 1409 3370 :
1448 3314 1659 3371 scilicet
1691 3314 1895 3384 aliquid
1923 3331 2010 3368 re-

423 3405 644 3460 ticendo
681 3406 987 3461 auditorem
1020 3407 1367 3462 attentiorem
1415 3407 1645 3462 reddere
1679 3414 1735 3461 et
1770 3407 2013 3460 excitare

423 3497 618 3561 voluit,
654 3513 722 3551 ne
745 3499 920 3553 otiose
957 3498 1060 3554 ista
1099 3499 1336 3554 audiret.
1364 3499 1483 3553 Non
1515 3500 1662 3553 enim
1701 3499 1843 3552 beati
1884 3507 2015 3552 sunt

424 3588 737 3655 auditores;
801 3592 896 3646 sed
965 3592 1058 3661 qui
1123 3592 1334 3646 auditui
1388 3592 1599 3661 praxim
1659 3591 2010 3660 adjttugunl:

424 3680 866 3750 quandoquidem
901 3693 956 3738 et
988 3683 1246 3738 Pharisaei
1299 3683 1523 3739 fuerunt
1546 3683 1868 3748 auditores;
1915 3682 2011 3736 sed

2106 2017 2400 2083 τὸνλόγον,
2463 2015 2628 2086 μηδὲν
2675 2015 2986 2082 ἀπενέγκας
3035 2014 3145 2066 τῶν
3199 2017 3278 2078 εἰς
3337 2015 3691 2086 παράδειγμα

2107 2110 2477 2179 ἀφοριζόντων
2529 2109 2589 2162 τὸ
2631 2108 2942 2178 εἰρημένον.
2991 2101 3117 2161 Οἷον
3165 2108 3251 2162 ἵνα
3302 2108 3430 2179 εἴπῃ
3473 2108 3646 2171 οὕτως
3674 2125 3686 2139 ’

2108 2204 2176 2257 Εἴ
2212 2221 2295 2265 τις
2360 2201 2637 2274 ἀκροατὴς
2700 2202 2864 2270 νόμου
2897 2201 3013 2253 ἐστὶ
3046 2201 3140 2253 καὶ
3163 2200 3229 2253 ού
3249 2200 3501 2271 ποιητὴς,
3535 2197 3691 2264 οὗτος

2109 2298 2288 2350 ἔοικεν
2304 2297 2459 2366 ἀνδρὶ
2486 2293 2843 2348 κατανοοῦντι
2875 2293 2936 2346 τὸ
2971 2296 3264 2364 πρόσωπον
3287 2293 3456 2346 αὐτοῦ
3484 2296 3541 2346 ἐν
3573 2295 3693 2346 ἐσόο

2109 2404 2286 2458 πτρῳ.
2329 2387 2417 2448 Ὠς
2452 2387 2560 2456 γὰρ
2599 2386 2804 2447 ἐκεῖνος
2841 2387 3172 2456 κατενόησεν
3205 2385 3398 2438 ἐαυτὸν
3426 2385 3519 2438 καὶ
3582 2386 3692 2438 ἀπ-

2111 2480 2356 2550 ελήλυθε,
2383 2480 2479 2532 καὶ
2513 2478 2674 2540 εὐθὺς
2707 2477 3005 2531 ἐπελάθετο
3057 2480 3240 2540 όποῖος
3268 2473 3336 2549 ἦν
3364 2493 3378 2508 ’
3412 2478 3556 2531 οὕτω
3601 2478 3693 2531 καὶ

2110 2569 2263 2636 οὗτος
2296 2573 2323 2624 ό
2349 2572 2436 2625 διὰ
2461 2570 2553 2624 τοῦ
2586 2570 2849 2634 Μωῦσὲος
2880 2571 3048 2639 νόμου
3083 2571 3436 2640 κατανοήσας
3459 2570 3520 2623 τὸ
3549 2571 3692 2623 διατί

2110 2666 2356 2736 γέγονεν,
2383 2666 2464 2718 ὅτι
2497 2663 2630 2734 πρὸς
2663 2662 2820 2727 δόξαν
2846 2664 3002 2725 Θεοῦ,
3031 2665 3123 2716 καὶ
3153 2663 3213 2716 τὸ
3237 2665 3357 2717 κατ’
3386 2664 3571 2718 εἰκόνα
3597 2683 3691 2732 γε-

2111 2756 2297 2812 νέσθαι
2327 2756 2422 2809 τοῦ
2459 2755 2824 2824 πεποιηκότος
2863 2756 3021 2821 Θεοῦ,
3061 2757 3201 2825 μετά
3233 2758 3292 2810 τὺ
3332 2758 3691 2826 κατανοῆσαι,

2111 2849 2266 2903 οὐδὲν
2293 2850 2402 2902 τῶν
2438 2848 2893 2917 κατανοηθὲντων
2927 2850 3241 2919 εἰργάσατο,
3283 2849 3400 2903 ἀλλ’
3429 2848 3694 2911 ὡσαύτως

2110 2943 2185 3013 τῷ
2231 2941 2584 2994 κατανοοῦντι
2642 2939 2701 2991 τὸ
2729 2941 2922 2994 ἑαυτοῦ
2961 2941 3274 3012 πρόσωπον.
3312 2940 3500 3011 Τούτῳ
3521 2939 3696 3003 οὕτως

2113 3035 2423 3107 χρήσασθαι
2448 3035 2586 3100 δέον,
2641 3036 2741 3087 οὐκ
2777 3035 3068 3106 ἐχρήσατο.
3098 3035 3209 3088 Καὶ
3234 3034 3295 3087 ού
3336 3034 3513 3104 μάτην
3536 3032 3696 3086 τοῦτο

2114 3131 2263 3182 ποιεῖ
2290 3128 2318 3180 ὁ
2357 3127 2682 3192 ἀπόστολος,
2711 3128 2962 3196 συνάγων
2992 3127 3083 3181 τὸν
3111 3127 3392 3199 ἀκροατὴν
3446 3128 3540 3180 καὶ
3568 3145 3697 3180 συν-

2115 3221 2306 3275 τείνων
2345 3223 2425 3285 εἰς
2452 3221 2512 3274 τὸ
2545 3222 2620 3290 μὴ
2649 3221 2945 3291 παρέργως
2974 3219 3180 3273 τούτων
3211 3219 3450 3273 ἀκούειν.
3486 3221 3558 3272 Οὐ
3590 3217 3715 3289 γὰρ’

2117 3315 2312 3366 ἐκεῖνοι
2345 3315 2609 3384 μακάριοι
2652 3313 2702 3366 ei
2756 3313 3051 3381 ἀκροαταὶ,
3089 3312 3204 3366 ἀλλ’
3261 3314 3308 3364 οἱ
3336 3313 3702 3375 συνάπτοντες

2119 3410 2186 3478 τῇ
2215 3407 2474 3476 ἀκροάσει
2507 3405 2605 3475 τὴν
2640 3404 2863 3476 πρᾶξιν.
2912 3404 3062 3456 Ἐπεὶ
3091 3404 3250 3457 καὶοί
3276 3394 3720 3474 Φαρισαῖοιέγέέ

2117 3515 2272 3551 νοντο
2307 3499 2595 3568 ἀκροατοῦ,
2631 3497 2746 3551 ἀλλ’
2784 3499 2906 3550 ἐπεὶ
2938 3498 2998 3550 ού
3036 3498 3257 3568 ποιηταὶ
3310 3493 3468 3566 ἦσαν,
3519 3497 3706 3549 ούκὲτι

2123 3591 2404 3662 μακάριοι.
2434 3609 2451 3642 ι
2493 3591 2999 3661 ῐίλραλογιζόμενοι
3045 3591 3293 3651 ἑαυτούς.
3325 3610 3342 3642 ι
3401 3591 3546 3648 ’Δντὶ
3585 3589 3702 3652 τοῦ,

2119 3681 2519 3747 ἐξαπατῶντες,
2542 3682 3015 3752 καταφρονοῦντες
3048 3683 3146 3752 τῆς
3162 3683 3373 3736 ἑαυτῶν
3403 3680 3700 3751 σωτηρίας.

426 3775 682 3843 quoniam
709 3775 944 3832 factores
973 3795 1080 3833 nun
1113 3787 1290 3842 erant,
1319 3794 1666 3849 nequaquam
1703 3777 1850 3833 beati
1919 3787 2239 3833 evaserunt.
2282 3795 2299 3828 ι
2351 3776 2622 3833 Fallentes
2698 3779 3099 3848 vosmetipsos;
3134 3795 3153 3829 ι
3223 3775 3327 3831 hoc
3396 3783 3501 3840 est,
3557 3774 3706 3830 deci-

424 3869 636 3939 pientcs
661 3869 1047 3940 vosmetipsos,
1083 3871 1236 3941 parvi
1285 3870 1576 3942 pendendo
1603 3880 1840 3926 vestram
1873 3871 2148 3943 propriam
2176 3872 2430 3928 salutem.

498 3959 663 4016 Vsus.
699 3962 790 4016 2L
839 3981 858 4013 ι
900 3961 1285 4017 Consideravit
1323 3962 1470 4017 enim
1531 3979 1611 4029 se,
1656 3973 1711 4018 et
1759 3966 1913 4029 abiit,
1959 3973 2014 4019 ct

425 4052 612 4106 statim
654 4053 859 4108 oblitus
892 4062 979 4109 cst
1016 4055 1198 4125 qualis
1231 4053 1417 4109 fuerit.
1462 4073 1480 4107 ι
1518 4055 1804 4112 Auditioni
1832 4056 2016 4128 jungit

426 4144 782 4200 oblivionem.
827 4147 1096 4213 Quoniam
1127 4147 1195 4202 ad
1233 4151 1430 4204 animae
1468 4148 1700 4204 salutem
1737 4165 1846 4204 non
1892 4150 2010 4205 suf-

428 4236 544 4290 ﬁcit
583 4237 792 4291 auditio
831 4238 988 4308 legis,
1034 4238 1140 4293 nisi
1187 4240 1352 4293 etiant
1389 4240 1656 4310 operatio,
1698 4256 1821 4312 qua:
1857 4240 2015 4295 audi-

427 4328 634 4383 tionem
669 4328 979 4395 confirmet,
1013 4329 1402 4401 subsequatur.

500 4420 668 4477 Vens.
710 4422 802 4476 25.
842 4440 860 4474 ι
886 4421 990 4489 Qui
1028 4431 1206 4478 autem
1228 4424 1571 4493 perspexerit
1597 4424 1650 4478 in
1683 4426 1856 4494 legem
1895 4439 2017 4496 per-

430 4515 627 4570 fectam
663 4513 958 4578 libertatis,
987 4525 1041 4570 et
1073 4517 1439 4584 permanserit
1463 4517 1514 4571 in
1542 4533 1626 4580 ea,
1658 4533 1767 4571 nan
1795 4518 2016 4572 auditor

428 4605 736 4661 obliviosus
780 4605 981 4673 factus,
1014 4607 1110 4662 sed
1150 4609 1323 4662 factor
1357 4610 1562 4678 operis,
1607 4609 1698 4662 hic
1743 4609 1931 4664 beatus
1961 4609 2013 4662 in

2203 3983 2222 4015 ι
2261 3961 2577 4033 Κατενόησε
2612 3959 2721 4029 γὰρ
2756 3960 2971 4025 ἑαυτὸν,
3013 3959 3110 4016 καὶ
3136 3959 3464 4030 ἀπελήλυθε,
3501 3961 3594 4014 καὶ
3615 3963 3706 4015 εύ-

2123 4056 2262 4120 θὲως
2307 4055 2604 4109 ἐπελάθετο
2645 4054 2831 4117 ὁποῖος
2876 4047 2966 4122 ἦν.
3002 4071 3020 4105 ι
3057 4053 3138 4124 Τῇ
3197 4054 3462 4124 ἀκροᾶσει
3499 4056 3706 4126 συνῆψε

2120 4146 2221 4216 τὴν
2246 4144 2638 4217 ἐπιλησμονὴν,
2664 4143 2738 4206 ὡς
2764 4145 2865 4197 οὐκ
2888 4141 3167 4214 ἀρκούσης
3190 4144 3358 4214 μόνης
3385 4145 3707 4216 ἀκροάσεως

2124 4237 2292 4306 νόμου
2339 4237 2475 4306 πρὸς
2533 4235 2772 4307 ψυχικὴν
2805 4235 3106 4304 σωτηρίαν,
3165 4236 3214 4288 εἰ
3268 4234 3344 4306 μὴ
3397 4236 3490 4288 καὶ
3545 4235 3708 4306 ποίη-

2127 4347 2210 4394 σις
2241 4329 2677 4400 ἐπακολουθήσει
2718 4329 2858 4401 πρὸς
2897 4329 3189 4400 βεϐαίωσιν
3221 4329 3330 4400 ,τῆς
3362 4330 3706 4400 ἀκροάσεως.

2201 4441 2220 4474 ι
2244 4423 2302 4475 ’0
2321 4421 2379 4476 δέ
2397 4421 2730 4492 παρακύψας
2752 4423 2832 4483 εἰς
2855 4422 3017 4492 νόμον
3035 4420 3240 4476 ’τέλειον
3267 4422 3357 4474 τὸν
3376 4420 3476 4491 τῆς
3494 4419 3710 4475 ἐλευθε-

2127 4523 2249 4593 ρίας
2281 4521 2377 4575 καὶ
2395 4519 2766 4591 παραμείνας,
2795 4513 2950 4582 οὗτος
2973 4521 3073 4572 ούκ
3095 4517 3375 4589 ἀκροατής
3406 4518 3708 4588 ἐπιλησμοο

2123 4612 2219 4681 νῆς
2236 4611 2548 4680 γενόμενος,
2563 4610 2700 4664 ἀλλὰ
2713 4609 2942 4680 ποιητὴς
2961 4609 3146 4680 ἔργου,
3178 4603 3334 4668 οὗτος
3359 4611 3631 4681 μακάριος
3651 4613 3709 4664 ἐν

430 4696 579 4752 facto
606 4712 708 4752 suo
729 4698 856 4753 erit.
893 4718 912 4750 ι
940 4727 1013 4738 -
1039 4717 1058 4750 ι
1097 4698 1200 4764 Qui
1235 4700 1578 4769 perspexerit
1609 4699 1711 4769 (9),
1755 4718 1774 4752 ι
1811 4701 2006 4770 inquit,

2120 4705 2185 4773 τῇ
2236 4702 2455 4774 ποιήσει
2476 4700 2648 4754 αὐτοῦ
2667 4700 2842 4754 ἐσται.
2880 4719 2898 4751 ι
2935 4717 3044 4750 -ι
3075 4700 3437 4770 Παρακύψας,
3472 4720 3490 4750 ι
3528 4697 3708 4762 εἶπεν,

427 4800 638 4855 etnon,
676 4789 779 4856 Qui
814 4790 1096 4860 ingressus
1139 4790 1323 4846 fuerit.
1372 4791 1690 4862 Spiritualis
1735 4791 2012 4860 enimlcx,

429 4899 556 4938 cum
592 4883 796 4952 ubique
830 4883 1089 4938 eximium
1114 4891 1166 4939 et
1197 4898 1454 4954 magnum
1487 4885 1618 4953 quid
1647 4884 1918 4953 praeferat,
1948 4901 2013 4940 ex

429 4972 645 5027 modica
668 4973 831 5026 etiam
862 4975 947 5028 sui
995 4975 1438 5029 consideratione
1497 4985 1676 5044 potest
1719 4977 2018 5046 quemlibet

430 5063 496 5118 ad
524 5080 582 5118 se
605 5064 778 5134 ipsam
800 5067 1042 5121 allicere.
1077 5066 1375 5136 Postquam
1403 5081 1531 5122 vero
1569 5066 1732 5131 dixit,
1766 5088 1784 5120 ι
1817 5068 2014 5132 Legem

431 5155 754 5226 perfectam,
790 5175 809 5208 ι
850 5156 1057 5220 subdit,
1092 5175 1109 5207 ι
1147 5157 1441 5223 libertatis,
1483 5177 1500 5209 ι
1535 5165 1594 5210 ttt
1640 5159 1813 5228 ipsius
1851 5159 2018 5213 liber-

433 5248 559 5302 tatis
589 5249 770 5304 dotem
823 5248 1180 5318 signiﬁcaret.
1233 5248 1340 5303 Lex
1393 5250 1539 5303 cnim
1587 5249 1783 5304 Christi
1832 5265 1957 5304 cmn
1991 5265 2018 5302 a

434 5341 722 5408 servitute,
751 5356 872 5410 qua:
911 5341 1214 5396 seettndmn
1264 5357 1486 5395 carnem
1537 5353 1643 5403 est,
1683 5342 2022 5406 liberaverit,

434 5434 783 5489 accedentem
809 5433 874 5487 ad
899 5449 957 5488 se
982 5435 1037 5487 in
1069 5434 1316 5488 libertate
1345 5434 1635 5489 constituit
1664 5449 1678 5484 :
1707 5449 1817 5502 quo
1851 5434 2020 5488 illicio

433 5541 560 5582 eum
599 5529 950 5582 attentiorem
995 5528 1196 5590 reddit,
1238 5537 1403 5596 atque
1453 5529 1520 5582 ab
1567 5530 1863 5592 oblivione,
1897 5543 2018 5597 quae

436 5618 580 5672 bona
605 5621 786 5671 omnia
824 5619 1148 5688 corrumpit,
1189 5618 1405 5672 liberat.

2125 4793 2244 4847 ἀλλ’
2268 4794 2389 4858 ούκ,
2418 4793 2692 4846 Εἰσελθὼν
2719 4809 2734 4824 ο
2784 4796 2812 4847 ὀ
2843 4793 2954 4861 γὰρ
3011 4795 3387 4864 πνευματικὸς
3426 4793 3613 4863 νόμος,
3647 4793 3711 4845 τὸ

2128 4887 2320 4955 ἐφετὸν
2356 4889 2634 4958 πανταχοῦ
2653 4888 2747 4941 καὶ
2779 4889 3072 4957 μεγαλεῖον
3095 4889 3257 4960 ἔχων,
3291 4889 3385 4942 καὶ
3407 4887 3504 4941 ἀπ’
3537 4887 3712 4953 αύτῆς

2125 4979 2227 5047 τῆς
2258 4979 2518 5049 βραχείας
2546 4979 2798 5050 ἐντυχίας
2844 4974 2990 5032 οἶδεν
3024 4979 3374 5050 ἐφέλκεσθαι,
3412 4978 3597 5032 Εἰπὼν
3627 4979 3706 5044 δὲ,

2134 5091 2152 5126 ι
2186 5073 2369 5143 Νόμον
2413 5073 2639 5141 τέλειον,
2677 5091 2695 5125 ι
2762 5075 3058 5145 ἐπήνεγκε,
3099 5093 3116 5126 ι
3157 5074 3258 5144 τῆς
3314 5072 3648 5142 ἐλευθερίας,
3684 5089 3708 5123 ο

2128 5167 2229 5237 τὴν
2258 5167 2575 5237 ἐλευθερίαν
2602 5167 2877 5237 ἐπίσημον
2906 5167 3068 5220 αὐτοῦ
3106 5166 3448 5236 ποιούμενος.
3495 5163 3556 5217 ’0
3599 5164 3712 5231 γὰρ

2133 5260 2276 5312 κατά
2313 5259 2551 5330 Χριστὸν
2574 5259 2739 5322 νόμος
2772 5258 2868 5328 τῆς
2905 5259 3032 5328 περὶ
3059 5258 3155 5329 τήν
3185 5258 3363 5328 σάρκα
3391 5254 3711 5320 ἀπαλλάξας

2131 5351 2398 5415 δουλείας,
2431 5353 2488 5404 ἐν
2516 5351 2801 5423 ἐλευθερίᾳ
2822 5355 2910 5404 τὸν
2935 5351 3231 5420 προσιόντα
3266 5349 3578 5420 καθίστησι,
3616 5349 3712 5400 καὶ

2129 5443 2216 5497 διὰ
2247 5444 2306 5497 τὸ
2335 5444 2663 5515 ἐλευθέριον,
2720 5444 2817 5497 καὶ
2848 5443 3211 5515 προσεκτικὸν
3257 5442 3555 5511 εἰργάσατο
3583 5437 3707 5491 τοῦθ

2128 5549 2243 5596 τον,
2277 5534 2368 5586 καὶ
2397 5535 2491 5604 τῆς
2529 5533 2936 5605 ὶνμαινομένης
2963 5533 3137 5587 ἅπασι
3168 5534 3282 5596 τοῖς
3317 5532 3500 5595 καλοῖς
3527 5527 3709 5599 ἀπῂλο

2128 5621 2289 5689 λαξεν
2321 5625 2715 5695 ἐπιλησμονῆς.

1680 5735 1983 5796 Bonifacii
2022 5733 2245 5798 Finetti
2297 5745 2487 5798 nota).

511 5833 593 5902 (9)
634 5830 876 5886 Verbum
908 5833 1502 5910 παρακύπτωντοριοίο
1533 5835 1828 5910 εἰδιιὶΙὶ-πιιι,
1850 5836 2016 5889 obiter
2052 5843 2100 5888 et
2122 5849 2213 5904 per
2239 5845 2578 5894 trzmscnmuu
2610 5839 2842 5904 intueri;
2890 5839 2980 5894 cui
3055 5829 3456 5910 signiﬁcationi
3524 5835 3706 5895 nititur

442 5918 680 5976 sequens
710 5905 1159 5958 conuucntatoris
1186 5903 1609 5961 animadversio.
