4120 6454
433 444 576 513 1ιὶξί

1248 450 1656 514 EXPOSITIO
1690 449 1775 511 IN
1805 447 2045 510 EPIST.
2081 450 2145 511 S.
2172 449 2457 515 JACOBL
2485 478 2556 488 —
2588 454 2748 517 CAP.
2799 456 2848 515 Ι.

3565 455 3702 522 1150

508 578 530 614 ι
568 558 736 623 Είτις
771 558 918 612 δοκεί
962 558 1201 630 ορῆσκος
1229 554 1371 612 εἶναι
1412 562 1468 613 ὲν
1499 560 1651 630 ὑμῖν,
1691 558 1766 630 μὴ
1828 557 2011 628 χαλιν-

2187 556 2356 617 Vens.
2391 561 2482 615 26.
2528 581 2549 613 ι
2584 562 2642 618 Si
2676 562 2805 633 quis
2845 570 3029 618 autem
3058 573 3231 635 putat,
3274 581 3334 622 se
3381 566 3695 637 religiosum

428 653 654 723 αγαγῶν
676 651 932 721 γλῶσσαν
962 651 1181 716 ἑαυτοῦ,
1218 652 1333 706 ἀλλ’
1366 652 1595 707 ἀπατῶν
1632 651 1858 722 καρδίαν
1881 652 2009 704 ἑαυ-

424 745 545 811 τοῦ,
614 744 807 798 τούτου
891 745 1122 815 μάταιος
1218 747 1245 818 ἢ
1305 745 1590 817 θρησκεία.
1645 762 1664 795 ι
1757 742 2010 813 Θρῆσκός

427 840 545 893 ἐστι
588 837 741 909 παρά
784 836 1062 902 Ἰουδαίοις
1096 840 1123 891 6
1159 836 1344 891 πίστιν
1408 836 1548 907 ἔχων
1608 837 1666 888 ἐν
1717 834 1900 906 ἔργοις
1928 832 2009 903 τῷ

422 931 600 984 δοκεῖν
632 929 1031 1001 ἀδημοσίευιεον
1051 947 1064 962 ·
1098 930 1196 984 καὶ
1227 929 1414 1000 ἐπειδὴ
1452 929 1597 999 μέγα
1643 926 1908 997 ἐφρόνουν
1959 927 2008 978 οἰ

424 1021 677 1076 Ἰουδαῖοι
708 1024 829 1086 ταῖς
862 1022 1307 1093 παρατηρήσεσι,
1340 1021 1437 1075 καὶ
1462 1021 1523 1073 ὲν
1556 1022 1781 1083 ταύταις
1806 1018 1867 1071 τὸ
1899 1018 2008 1071 πᾶν

425 1114 523 1183 τῆς
554 1114 682 1181 περὶ
708 1112 841 1166 Θεὸν
875 1113 1159 1175 εὐσεϐείας
1206 1111 1508 1180 κατορθοῦν
1541 1109 1730 1182 ᾤοντο,
1755 1111 1849 1163 καὶ
1879 1109 2010 1179 περὶ

425 1201 624 1264 ταύτας
649 1201 1037 1272 ἀσχολούμενοι
1065 1203 1254 1271 μόνας,
1275 1203 1457 1265 αὐτοῖς
1474 1203 1533 1256 τὸ
1558 1202 1828 1273 μακάριον
1849 1217 1915 1253 πε
1925 1217 2010 1272 ρι-

427 1293 602 1344 ποιεῖν
655 1292 997 1361 ὲλογίζοντο·
1059 1295 1193 1364 πρὸς
1227 1293 1284 1347 δὲ
1335 1294 1460 1358 τοὺς
1483 1293 1678 1355 ἄλλους
1718 1294 2008 1348 ὁνειδιστι⁸

426 1378 670 1450 κὼτερεν
694 1381 978 1447 διέκειντο,
1005 1381 1079 1445 ὡς
1109 1382 1265 1451 δῆλον
1289 1385 1397 1437 ἀπὸ
1430 1384 1524 1437 τοῦ
1558 1386 1614 1438 ἐν
1649 1384 2008 1453 Εὑαγγελίοις

424 1471 744 1542 Φαρισαίου,
783 1474 877 1525 καὶ
912 1466 988 1527 ὦν
1037 1475 1166 1546 περὶ
1217 1474 1313 1527 τοῦ
1366 1475 1598 1530 τελώνου
1649 1475 2008 1546 ἀπηυθαδιά-

428 1580 565 1616 σατο
585 1579 599 1593 ·
630 1563 834 1633 ταύτην
853 1563 951 1636 τὴν
980 1565 1155 1635 οἴησιν
1176 1566 1558 1619 καταστέλλων
1590 1570 1617 1620 6
1638 1567 1933 1629 ἀπόστολος
1946 1568 2007 1621 τὸ

426 1654 788 1727 προκείμενόν
820 1673 986 1726 φησι·
1030 1656 1289 1728 μνησθεὶς
1323 1657 1432 1729 γὰρ
1487 1676 1504 1709 ι
1535 1657 1761 1728 ποιητοῦ
1805 1657 2006 1728 ἔργων,

426 1747 523 1800 καὶ
553 1749 867 1819 μακαρίσας
896 1748 1083 1809 αὐτὸν.
1112 1749 1506 1820 ἐπανορθοῦται
1553 1750 1714 1812 εὐθὺς
1750 1750 1843 1803 καὶ
1870 1750 1930 1803 τι
1951 1752 2009 1804 ἐν

424 1841 492 1911 τῇ
543 1841 757 1912 ποιήσει
811 1841 964 1912 παρά
994 1843 1108 1905 τοῖς
1141 1841 1357 1905 πολλοῖς
1413 1842 1786 1913 ἐπιφυόμενον
1814 1844 2004 1910 κακὸν,

2117 666 2261 718 esse,
2294 668 2402 708 non
2437 653 2727 710 refrenans
2769 655 3012 726 linguam
3056 671 3236 725 suam,
3281 657 3379 713 sed
3427 657 3699 714 seducens

2115 760 2215 801 cor
2252 760 2459 810 suum,
2515 744 2685 817 hujus
2778 762 2917 801 vana
2962 756 3046 803 est
3109 748 3321 819 religio.
3361 766 3379 801 ι
3459 749 3700 820 lleligio-

2116 854 2213 894 sus
2244 839 2575 894 censebatur
2607 838 2751 909 apud
2785 837 3032 904 Judaws,
3056 839 3151 908 qui
3184 838 3346 893 [idem
3378 838 3616 894 habebat
3641 838 3694 892 in

2116 928 2378 999 cperibus
2414 927 2529 999 (10)
2567 934 2863 998 propterea
2903 929 3049 998 quod
3083 927 3129 985 is
3171 929 3256 984 vir
3283 928 3425 983 baud
3459 928 3698 998 volgaris

2115 1019 2453 1077 conditionis
2499 1020 2799 1090 videretur.
2841 1020 2909 1074 Et
2963 1022 3226 1091 quoniam
3270 1019 3442 1075 .ludmi
3477 1030 3700 1091 propter

2117 1113 2317 1186 legales
2355 1114 2737 1170 observantias
2763 1113 2832 1169 de
2856 1129 2916 1170 se
2947 1114 3235 1184 magnilice
3260 1113 3596 1179 sentiebant,
3641 1112 3697 1166 in

2116 1207 2304 1278 eisque
2344 1221 2563 1260 omnem
2593 1220 2721 1275 erga
2758 1206 2929 1260 Deum
2974 1206 3228 1276 pietatem
3261 1206 3425 1260 sitam
3446 1219 3571 1259 esse
3597 1219 3700 1274 pu-

2117 1296 2347 1358 tabant;
2379 1294 2629 1364 adeoque
2663 1293 2772 1348 illis
2808 1294 3190 1348 tantummodo
3219 1307 3441 1363 operam
3477 1293 3696 1354 dantes,

2114 1403 2174 1442 se
2197 1386 2591 1441 beatitudinem
2619 1394 2976 1442 assecuturos
3003 1384 3448 1443 arbitrabantur.
3484 1382 3696 1438 etalios

2115 1479 2356 1550 superbe
2379 1478 2759 1550 despiciebant
2793 1493 2858 1532 ac
2891 1478 3301 1548 vituperabant,
3365 1484 3426 1531 ut
3457 1484 3604 1545 patet
3631 1490 3699 1530 ex

2117 1575 2185 1631 iis
2210 1588 2331 1645 qua:
2360 1572 2672 1626 Pharisaeus
2698 1570 3002 1640 Evangelii,
3040 1571 3305 1625 adversus
3341 1569 3697 1639 publicanum

2116 1676 2441 1738 arroganter
2471 1665 2703 1735 protulit
2748 1681 2761 1717 :
2798 1678 3044 1718 errorem
3090 1662 3238 1717 hunc
3281 1669 3340 1715 ut
3367 1660 3699 1716 convelleret

2117 1759 2419 1829 apostolus,
2453 1758 2615 1812 allata
2652 1756 2817 1813 verba
2884 1755 3045 1810 dixit.
3099 1754 3238 1811 Cum
3282 1752 3430 1809 enim
3473 1749 3701 1805 factoris

2115 1868 2342 1924 operum
2415 1851 2752 1907 mentionem
2827 1849 3085 1913 fecisset,
3145 1862 3384 1919 eumque
3479 1846 3700 1900 beatum

418 1932 514 1987 καί
544 1948 729 2002 φησιν,
753 1933 836 1987 ὃτι
862 1935 955 2005 Μὴ
1002 1933 1375 2004 ὑπολάμϐανε,
1407 1936 1436 1988 6
1469 1934 1578 1987 ἀπὸ
1607 1936 1707 2004 τῆς
1734 1936 2009 1999 ποιήσεως

2115 1943 2492 2014 praedicasset,
2534 1942 2721 1999 statim
2772 1941 3004 2012 corrigit
3044 1940 3274 2004 malum,
3326 1936 3472 2007 quod
3504 1934 3704 1992 exinde

416 2023 513 2078 τοῦ
533 2024 700 2094 νόμου
725 2025 930 2095 αὐχῶν,
966 2025 1028 2078 τὸ
1062 2029 1335 2095 μακάριον
1358 2025 1496 2079 κατά
1525 2027 1695 2097 μόνην
1728 2030 1827 2097 τὴν
1849 2028 2006 2098 ποίη-

419 2133 507 2170 σιν
537 2115 702 2188 ἔχειν.
742 2118 817 2171 Οὐ
852 2118 960 2189 γὰρ
990 2117 1288 2171 ἀποδεκτὸν
1317 2119 1478 2171 τοῦτο
1520 2119 1670 2191 Θεῷ·
1705 2120 1819 2173 ἀλλ’
1860 2122 2005 2175 ἐκεῖ-

419 2225 513 2269 νος
541 2209 863 2274 ἀποδεκτὸς,
899 2211 927 2262 6
961 2212 1131 2265 ποιῶν
1165 2212 1286 2282 μὲν,
1335 2214 1411 2283 μὴ
1434 2212 1492 2277 ἐξ
1524 2215 1753 2284 οἰήσεως
1780 2214 1836 2269 δὲ
1865 2216 2006 2267 ὀνει-

415 2301 673 2366 διστικῶς
707 2305 821 2369 τοῖς
857 2302 932 2375 μὴ
963 2305 1177 2360 ποιοῦσι
1208 2305 1530 2377 φερόμενος.
1556 2306 1633 2359 Τὸ
1670 2306 1753 2373 δὲ,
1796 2325 1814 2357 ι
1837 2308 2005 2361 Ἀπα-

415 2392 527 2447 τῶν
556 2392 786 2465 καρδίαν
821 2394 1039 2461 ἑαυτοῦ,
1077 2414 1096 2448 ›
1132 2397 1295 2452 οἰονεί
1306 2438 1318 2464 ,
1350 2398 1688 2470 Κατάγχων,
1712 2401 1809 2453 καὶ
1829 2401 1903 2470 μὴ
1942 2403 2000 2466 ἐξ

417 2485 649 2556 οἰήσεως
707 2487 783 2551 ὡς
812 2506 831 2539 ι
883 2489 1115 2560 ποιητὴς
1149 2490 1315 2559 νόμου
1356 2508 1376 2541 ›
1429 2490 1658 2545 ἀπατῶν
1698 2492 2005 2563 συνείδησιν

418 2577 611 2632 αὐτοῦ.
644 2577 818 2632 Τοῦτο
841 2579 1004 2651 γάρὴ
1033 2580 1231 2652 καρδία
1261 2579 1511 2651 βούλεται
1543 2583 1779 2638 ἐνταῦθα
1801 2584 2006 2655 σημαί-

416 2686 553 2738 νειν,
581 2671 656 2735 ὡς
691 2672 784 2725 καὶ
812 2673 870 2724 ἐν
897 2671 999 2743 τῷ,
1033 2692 1051 2724 ι
1103 2673 1349 2746 Καρδίαν
1402 2678 1879 2747 συντετριμμένην
1911 2676 2007 2729 καὶ

415 2764 916 2837 τεταπεινωμένην.
956 2784 976 2818 ›

2114 2034 2278 2107 329
2306 2035 2559 2104 cuiquam
2606 2032 2867 2088 subnasci
2898 2037 3101 2102 potest,
3144 2028 3375 2098 perinde
3409 2041 3477 2081 ac
3518 2025 3565 2082 si
3615 2024 3704 2079 di-

2113 2137 2263 2186 ceret
2293 2144 2307 2182 :
2336 2127 2416 2183 Ne
2451 2137 2633 2195 putes,
2668 2126 2985 2197 quicunque
3014 2137 3077 2176 ex
3119 2121 3381 2191 operibus
3416 2117 3555 2188 legis
3583 2116 3701 2184 glo-

2112 2222 2297 2283 riaris,
2333 2227 2387 2274 te
2430 2219 2648 2274 beatum
2700 2224 2923 2286 propter
2959 2211 3275 2283 bujusmodi
3316 2223 3484 2278 opera
3526 2206 3643 2259 fore
3678 2221 3695 2257 :

2111 2326 2223 2366 non
2271 2309 2416 2364 enim
2453 2310 2556 2362 hoc
2604 2308 2745 2363 satis
2794 2312 2900 2369 est,
2947 2311 3006 2358 ut
3033 2310 3292 2372 acceptus
3324 2299 3402 2356 sis
3440 2299 3570 2353 Deo.
3602 2296 3697 2349 Ille

2112 2404 2261 2460 enim
2306 2410 2564 2471 acceptus
2613 2397 2995 2453 tantummodo
3046 2403 3156 2459 est,
3205 2392 3299 2464 qui
3341 2406 3466 2447 cum
3526 2388 3698 2444 multa

2111 2496 2252 2552 bona
2284 2503 2567 2565 operetur,
2617 2507 2731 2547 non
2758 2498 2943 2546 tamen
2969 2487 3179 2543 idcirco
3201 2500 3267 2542 ex
3300 2498 3441 2539 vana
3472 2482 3559 2538 sui
3589 2482 3703 2537 exi-

2111 2589 2432 2644 stimatione
2457 2586 2698 2658 despicit
2740 2585 2905 2649 alios,
2938 2582 3031 2651 qui
3070 2580 3265 2636 eadem
3304 2593 3416 2633 non
3461 2590 3700 2659 operanc

2113 2688 2226 2734 tur.
2276 2679 2414 2734 Illud
2465 2672 2706 2732 autem:
2743 2673 3034 2730 Seducens
3088 2687 3187 2728 cor
3219 2689 3239 2724 ι
3277 2666 3701 2739 intelligendum

2113 2779 2220 2834 est,
2251 2784 2316 2824 ac
2353 2769 2401 2824 si
2434 2768 2666 2833 diceret,
2712 2763 3006 2835 Jugulans,
3046 2770 3103 2817 et
3138 2775 3206 2815 ex
3251 2756 3419 2813 animi
3460 2755 3702 2810 elatione

418 2864 680 2927 tanquam
723 2878 743 2911 ι
782 2860 958 2915 factor
999 2859 1159 2931 legis.
1208 2879 1229 2914 ι
1273 2860 1558 2932 decipiens
1602 2863 2003 2918 conscientiam
2045 2879 2241 2932 suam;
2289 2863 2435 2919 banc
2464 2864 2612 2918 enim
2663 2860 2769 2915 hoc
2818 2860 2941 2914 loco
3010 2855 3285 2929 significat
3326 2867 3446 2920 cor,
3512 2865 3706 2924 quem-

415 2949 712 3006 admodum
744 2963 952 3008 etcum
1002 2952 1209 3008 dicitur
1234 2953 1278 2985 “
1313 2970 1329 3007 :
1371 2972 1390 3006 ι
1433 2953 1545 3009 Cor
1578 2956 1909 3017 contritum,
1945 2964 2001 3010 et
2037 2956 2405 3011 humiliatum.
2436 2973 2457 3006 ι

497 3065 517 3100 ι
554 3047 838 3119 Θρησκεία
885 3048 1107 3121 καθαρά
1135 3050 1230 3103 καὶ
1279 3049 1539 3120 ἀμίαντος
1586 3049 1739 3122 πειρά
1766 3051 1885 3122 Θεῷ
1916 3052 2011 3107 καὶ

2188 3051 2357 3107 Vens.
2386 3050 2479 3105 97.
2518 3068 2538 3102 ι
2573 3047 2791 3119 Religio
2829 3045 3058 3106 munda.
3086 3050 3144 3100 et
3183 3038 3536 3096 immaculata
3558 3035 3704 3101 apud

417 3140 598 3212 Πατρὶ
649 3141 791 3210 αὕτη
842 3140 1010 3207 ἐστιν,
1047 3142 1448 3196 ὲπισκέπτεσθε
1475 3143 1641 3216 [vulg.
1668 3174 1740 3184 -—
1763 3143 1879 3216 θαι]
1908 3145 2006 3214 ὀρ-

2114 3143 2284 3199 Deum
2308 3151 2366 3198 et
2412 3142 2629 3197 Patrem
2663 3141 2779 3196 haec
2811 3149 2920 3207 est,
2967 3137 3195 3193 visitare
3239 3132 3482 3205 pupillos
3538 3138 3595 3184 et
3622 3130 3705 3183 vi-

417 3232 622 3300 φανοὺς
648 3232 743 3284 καὶ
770 3232 946 3304 χήρας
970 3234 1028 3286 ἐν
1055 3235 1123 3304 τῇ
1156 3231 1332 3302 Θλίψει
1360 3233 1559 3287 αὐτῶν.
1600 3252 1619 3284 ι
1655 3233 1720 3285 Ἥ
1742 3232 2009 3304 θρησκεία

2114 3236 2249 3292 duas
2277 3235 2331 3289 in
2373 3234 2736 3290 tribulatione
2780 3247 2997 3287 eorum.
3032 3248 3051 3282 ι
3087 3225 3369 3300 Θρησκεία
3419 3227 3439 3295 (
3473 3219 3699 3291 religio)

417 3323 580 3378 πλέον
608 3341 661 3378 τι
695 3324 844 3379 δοκεῖ
881 3326 981 3395 τῆς
1022 3326 1259 3389 πίστεως
1298 3325 1462 3396 ἔχειν.
1518 3326 1778 3398 Κρνφίων
1835 3325 2000 3378 τινῶν

2114 3329 2233 3402 plus
2281 3329 2493 3399 aliquid
2535 3327 2839 3398 importare
2882 3323 3126 3386 videtur,
3169 3334 3335 3391 quam
3379 3317 3540 3372 ﬁdes.
3580 3312 3701 3367 Vox

417 3411 624 3483 γνῶσιν
651 3413 760 3483 γὰρ
797 3414 858 3467 16
879 3413 1051 3484 ὄνομα
1079 3414 1501 3482 ἐπαγγέλλεται,
1546 3416 1638 3467 καὶ
1675 3415 2004 3485 βεϐαιότητα

2114 3421 2255 3476 enim
2286 3420 2602 3491 huiusmodi
2639 3416 2995 3493 occultorum.
3038 3412 3293 3470 notitiam
3344 3410 3593 3473 denotat,
3629 3407 3703 3462 si-

418 3505 532 3559 τῶν
566 3505 709 3560 κατά
739 3505 927 3559 πίστιν
983 3507 1456 3579 ἐνθεωρουμένων.
1488 3508 1589 3562 Διά
1617 3508 1830 3561 τοιοῦτο
1855 3508 1950 3562 κα1⁸
1980 3508 2007 3560 6

419 3597 744 3661 Ἀπόστολος
776 3601 841 3668 τῇ
883 3598 1028 3663 λέξει
1061 3598 1233 3671 ταύτῃ
1258 3600 1553 3672 ἐχρήσατο,
1598 3617 1617 3651 ι
1672 3599 1945 3669 Θρῆσκος,
1985 3619 2004 3651 ι

418 3690 612 3761 εἰπὼν,
667 3692 857 3763 ὥσπερ
894 3696 942 3747 εἰ
979 3693 1167 3763 ἔλεγε·
1218 3692 1473 3764 Γνὼστην
1518 3693 1712 3748 ἑαυτὸν
1761 3696 1865 3748 οἴει
1902 3694 2011 3748 τῶν

419 3786 754 3858 ἀπορρήτων
807 3787 864 3838 ἐν
909 3786 987 3857 τῷ
1015 3787 1164 3857 νόμῳ
1197 3785 1292 3839 καὶ
1319 3785 1527 3857 ἀκριϐῆ
1568 3784 1808 3853 φύλακα.
1845 3787 2002 3851 Πῶς,

417 3875 479 3942 ὃς
512 3875 613 3948 τὴν
644 3876 899 3947 γλῶσσαν
938 3877 1038 3930 οὐκ
1080 3876 1376 3930 ἐπίστασαι
1410 3877 1830 3948 χαλιναγωγεῖν,
1878 3895 2011 3931 κατ-

418 3973 647 4042 ηγορεῖς
676 3969 771 4026 τοῦ
803 3971 1053 4040 πλησίον,
1086 3972 1178 4023 καὶ
1200 3970 1588 4042 ὑπεροπτικῶς
1615 3970 1882 4036 διαϐιοὺς,
1916 3971 2009 4024 οὺ-

420 4061 546 4115 δένα
578 4061 687 4115 τῶν
735 4061 1092 4134 ἀπορούντων
1131 4061 1458 4130 οἰκτείρεις·
1491 4060 1589 4115 τοῦ
1642 4060 1813 4131 νόμου
1864 4060 2007 4131 μήτε

421 4153 516 4208 τὸν
549 4152 962 4207 καταλαλοῦντα
993 4153 1383 4224 προσιεμένου,
1426 4153 1566 4207 ἀλλά
1601 4157 1695 4207 καὶ
1734 4156 1862 4214 τοὺς
1917 4156 2011 4225 ἐχ-

424 4245 590 4317 θροὺς
627 4245 922 4316 οἰκτείρειν
981 4244 1327 4310 κελεύοντοςς
1384 4247 1559 4318 Εἴπερ
1622 4242 1716 4300 οὖν
1776 4246 2010 4317 θρῆσκος

421 4332 563 4392 εἶναι
613 4338 819 4408 βούλει,
850 4338 926 4410 μὴ
964 4339 1022 4392 ὲν
1078 4340 1145 4410 τῇ
1176 4340 1485 4408 ἀναγνώσει
1529 4338 1628 4393 τοῦ
1671 4339 1839 4409 νόμου
1889 4339 2012 4391 ἐπι-

419 4434 672 4491 δείκνυσο
697 4437 790 4491 τὸν
818 4435 1083 4507 θρῆσκον,
1130 4436 1247 4491 ἀλλ’
1287 4439 1345 4490 ὲν
1377 4439 1444 4508 τῇ
1480 4437 1718 4508 ποιήσει.
1755 4432 1927 4489 Τοῦτο
1952 4432 2010 4487 δέ

421 4530 562 4592 ἔστι,
626 4529 690 4584 τδ
717 4529 843 4593 τοὺς
903 4528 1137 4601 πλησίον
1175 4529 1494 4600 οἰκτείρειν.
1530 4528 1590 4583 '0
1649 4531 1758 4600 γὰρ
1790 4531 1871 4594 εἰς
1914 4530 2009 4583 τὸν

423 4621 657 4693 πλησίον
689 4622 1007 4695 οἰκτειρμδς
1050 4621 1390 4694 ἀφομοίωσίς
1415 4623 1530 4675 ἐστι
1552 4621 1690 4692 πρὸς
1723 4620 1816 4673 τὸν
1848 4622 2007 4677 Θεόν.

432 4733 454 4769 ι
487 4714 713 4770 Γίνεσθε
742 4715 875 4787 γὰρ,
904 4717 1093 4787 φησὶν,
1125 4713 1495 4785 οἰκτίρμονες,
1518 4713 1597 4776 ὡς
1630 4715 1728 4768 καὶ
1756 4716 1784 4768 6
1820 4714 2014 4785 Πατὴρ

2114 3514 2336 3581 mnlqne
2366 3513 2419 3566 in
2457 3512 2549 3578 iis,
2584 3525 2706 3581 quae
2738 3524 2840 3580 per
2862 3507 3021 3563 ﬁdem
3064 3511 3497 3575 cognoscuntur,
3532 3497 3707 3553 [ιι-ιιιί-

2113 3613 2281 3661 tatem
2312 3604 2447 3673 (ll).
2482 3602 2696 3659 Idcirco
2739 3603 2907 3659 etiam
2947 3600 3232 3671 apostolus
3271 3597 3376 3652 hac
3403 3609 3539 3650 voce
3570 3608 3704 3648 usus

2112 3706 2218 3763 est,
2257 3715 2277 3748 ι
2318 3695 2656 3767 Religiosum
2691 3714 2710 3746 ι
2757 3694 2998 3758 dicens;
3044 3707 3109 3746 ac
3162 3691 3208 3746 si
3242 3689 3471 3753 diceret,
3505 3682 3709 3755 Cogni-

2114 3797 2290 3842 torem
2342 3794 2397 3841 te
2430 3799 2595 3855 putas
2620 3797 2950 3839 arcanorum
2986 3781 3145 3852 legis,
3174 3786 3229 3834 et
3267 3776 3571 3849 perfectum
3606 3774 3707 3830 ob-

2113 3887 2474 3935 servatorem.
2513 3876 2621 3931 Sed
2657 3873 2941 3947 quomodo
2963 3915 2980 3939 ,
3030 3872 3080 3929 si
3117 3871 3367 3943 linguam
3417 3879 3566 3924 tuam
3599 3866 3709 3922 ire-

2113 3985 2246 4026 nare
2274 3984 2386 4025 non
2417 3971 2630 4034 valens,
2673 3966 2929 4038 proximo
2956 3974 3051 4019 tuo
3072 3960 3408 4019 conviciaris
3436 3998 3453 4026 ,
3480 3969 3538 4015 et
3577 3973 3707 4014 cum

2116 4063 2263 4118 fastu
2291 4062 2507 4125 vivens,
2537 4058 2903 4130 indigentium
2954 4072 3064 4112 non
3103 4054 3411 4118 misereris.
3456 4068 3582 4110 cum
3620 4053 3707 4108 lex

2112 4150 2409 4221 nequidem
2456 4150 2847 4221 obloquentem
2898 4146 3058 4206 ferat.
3123 4154 3181 4202 et
3241 4148 3487 4216 ipsorum
3535 4142 3703 4199 etiam

2114 4244 2466 4301 inimicorum
2499 4258 2604 4298 nos
2637 4240 2888 4297 misereri
2919 4238 3240 4310 praecipiat?
3286 4237 3344 4293 Si
3380 4237 3546 4310 igitur
3577 4235 3707 4294 reli-

2112 4341 2305 4413 giosus
2349 4353 2476 4397 esse
2508 4339 2617 4403 vis,
2652 4353 2765 4394 non
2800 4336 2859 4394 in
2906 4335 3144 4393 lectione
3170 4334 3334 4407 legis,
3367 4333 3464 4391 sed
3495 4333 3552 4388 in
3575 4346 3707 4403 ope-

2115 4434 2330 4491 ratione
2379 4432 2700 4504 religioncm
2736 4440 2886 4487 tuam
2930 4429 3237 4493 ostendito,
3298 4426 3446 4497 quod
3482 4425 3705 4496 petissi-

2114 4542 2265 4581 mum
2306 4528 2367 4582 lit
2409 4524 2770 4581 miseratione
2800 4538 2932 4594 erga
2961 4522 3271 4593 proximum
3296 4558 3314 4586 ,
3346 4535 3471 4590 qua:
3493 4516 3712 4575 assimi-

2117 4618 2380 4674 lationem
2425 4618 2722 4690 quamdam
2783 4614 2853 4670 ad
2900 4614 3072 4671 Deum
3123 4613 3287 4684 parit,
3334 4612 3491 4683 juxta
3540 4609 3698 4675 illud,

2123 4728 2144 4764 ι
2205 4711 2397 4768 Estote
2439 4708 2855 4775 misericordes,
2907 4707 3050 4763 sicut
3076 4708 3154 4771 fet
3183 4705 3347 4762 Pater
3389 4713 3571 4761 vester
3598 4717 3714 4759 ea:-

426 4808 585 4880 ὖμῶν
636 4810 666 4862 6
693 4806 967 4877 οὐράνιος.
1009 4825 1028 4860 ι
1080 4805 1243 4860 Ἀλλά
1271 4806 1368 4860 καὶ
1398 4806 1427 4858 6
1476 4805 1794 4878 οἰκτειρμὺς
1856 4807 2012 4876 ὑμῶν

2119 4804 2276 4861 lestts
2307 4805 2625 4861 misericors
2649 4812 2737 4860 est
2760 4801 2826 4857 “.
2865 4820 2885 4855 ι
2928 4801 2999 4858 At
3026 4817 3157 4858 vero
3203 4800 3491 4856 miseratio
3531 4805 3715 4853 vestra

431 4903 509 4974 μὴ
540 4903 599 4957 ἐν
623 4899 1062 4972 προσωποληψίᾳ
1091 4897 1261 4951 ἔστω·
1291 4897 1414 4951 ἐπεὶ
1439 4896 1578 4967 μηδὲ
1596 4897 1624 4949 6
1648 4897 1783 4961 Θεὸς
1802 4898 2014 4968 ἀπομε-

430 4995 775 5066 μερισμένας
838 4994 1074 5046 ποιεῖται
1117 4992 1217 5055 τὰς
1267 4990 1466 5044 ἑαυτοῦ
1514 4991 1860 5062 εὐεργεσίας,
1894 4991 2011 5049 ἀλλ’

435 5103 455 5137 ι
498 5083 786 5140 ἀνατέλλει
812 5083 904 5137 τὸν
926 5083 1079 5154 ἥλιον
1122 5102 1141 5135 ι
1168 5084 1261 5136 ἐπὶ
1301 5081 1592 5145 πλουσίους
1621 5084 1716 5137 καὶ
1748 5084 2010 5157 πένητας,

2120 4912 2232 4953 non
2263 4913 2389 4953 cum
2434 4897 2756 4968 acceptione
2789 4909 3155 4968 personarum
3200 4895 3317 4960 sit;
3365 4890 3716 4964 quandoqui-

2121 4989 2246 5046 dem
2289 5005 2472 5061 neque
2500 4989 2665 5053 Deus,
2691 4989 3025 5061 quibusdam
3071 4996 3284 5042 tantum
3326 4986 3581 5057 personis
3612 4985 3712 5041 be-

2119 5082 2319 5139 neﬁcia
2334 5097 2437 5138 sua
2461 5082 2727 5153 impertit,
2758 5081 2855 5138 sed
2883 5100 2902 5135 ι
2928 5080 3064 5137 oriri
3083 5079 3220 5135 facit
3245 5078 3470 5135 solem“
3494 5096 3515 5131 ι
3542 5091 3712 5147 supra

427 5174 524 5230 xui.
568 5190 588 5224 ι
614 5173 800 5246 βρέχει
831 5173 926 5226 ἐπὶ
948 5172 1189 5237 δικαίους
1215 5172 1314 5226 καὶ
1336 5172 1611 5236 ἀδίκους.»
1637 5173 2013 5228 -ιἊσπιλον

2120 5175 2341 5240 divites,
2387 5184 2444 5230 et
2477 5189 2770 5247 pauperes,
2805 5191 2826 5227 ι
2861 5180 2921 5229 et
2952 5174 3093 5245 pluit
3133 5188 3301 5244 super
3320 5173 3502 5241 iustos
3535 5178 3590 5225 et
3626 5169 3714 5224 in-

429 5265 622 5321 ἑαυτδν
641 5266 830 5336 τηρεῖν
846 5264 953 5320 ἀπὸ
982 5264 1075 5319 τοῦ
1102 5265 1333 5337 κόσμου.
1360 5283 1380 5318 ι
1411 5264 1636 5332 Κόσμον
1666 5264 1903 5320 ἐνταῦθα
1920 5265 2015 5320 τὸν

2115 5263 2321 5333 justos.
2362 5284 2382 5319 ι
2412 5293 2481 5341 έ-
2509 5283 2529 5318 ι
2568 5263 2636 5320 Ει
2659 5264 3075 5322 immaculatum
3112 5278 3175 5320 se
3211 5260 3496 5319 custodire
3513 5259 3583 5314 ab
3604 5257 3712 5315 hoc

502 5402 551 5435 ιδ
598 5401 746 5459 Psal.
795 5418 852 5468 1.,
909 5402 999 5458 19.
1077 5400 1385 5467 "Luc.vt,
1415 5399 1506 5456 '56.
1587 5401 1631 5435 ¹⁶
1651 5398 1847 5457 Matth.
1880 5416 1936 5465 v,
1991 5401 2082 5459 45.

1674 5536 1982 5601 Bonifacii
2027 5541 2257 5605 Finetti
2303 5521 2496 5607 notae.

502 5639 616 5713 (Ill)
658 5637 848 5694 Fidem
876 5635 1067 5692 habere
1094 5635 1150 5690 in
1195 5635 1442 5706 operibus
1472 5633 1704 5713 perinde
1734 5650 1860 5690 esse
1890 5645 2028 5713 puto
2126 5656 2242 5694 cere
2268 5648 2323 5696 et
2366 5643 2642 5713 obseruare
2671 5639 2993 5713 signiticatL
3001 5636 3223 5713 dempto
3260 5655 3321 5713 α,
3356 5634 3657 5713 deduxisse
3684 5635 3702 5659 ’

429 5705 576 5778 apud
598 5705 873 5766 'nostrum
923 5705 1415 5763 commentatorem
1464 5719 1529 5762 ac
1577 5705 1730 5760 bouis
1773 5707 2025 5775 operibus
2123 5727 2251 5780 cum
2287 5720 2470 5765 tamen
2503 5705 2749 5780 plerique
2776 5710 2866 5764 alii
2895 5725 2924 5763 a
2952 5705 3247 5763 Thraribus
3278 5708 3547 5780 derivent,
3576 5723 3692 5780 παρ

430 5774 725 5837 abundare.
826 5848 837 5850 _
1101 5846 1184 5850 ,μ
1380 5845 1396 5850 _
1597 5845 1609 5850 _
1713 5845 1725 5850 ,

2118 5774 2196 5834 ὦν
2228 5783 2288 5835 τὸ
2322 5774 2672 5850 θρησκεύειν,
2697 5780 2774 5845 ὼς
2802 5782 2831 5834 6
2857 5780 3035 5847 λόγος,
3069 5797 3103 5833 a
3128 5780 3352 5850 quibus,
3377 5780 3453 5831 ait
3471 5774 3705 5850 Nazian-

507 5851 621 5921 (11)
661 5851 799 5906 Cum
823 5848 967 5906 hanc
995 5848 1113 5921 voci
1142 5846 1350 5903 Grmcat
1376 5845 1647 5921 θρησκεία
1678 5845 1784 5901 vim
1810 5847 2020 5921 tribuat

2116 5867 2314 5920 zcnus,
2352 5845 2571 5911 deorum
2604 5845 2802 5920 cultus,
2839 5860 2898 5905 ut
2928 5845 3122 5921 fertur,
3141 5845 3377 5919 sumpsit
3401 5849 3700 5905 exordium.

436 5916 527 5978 hic
545 5916 969 5991 commentator,
996 5919 1342 5976 videtuream
1378 5916 1446 5974 ab
1461 5916 1665 5989 ἀορέω,
1686 5917 1832 5990 quod
1856 5916 2020 5987 dispi—
