4120 6418
437 413 568 479 1151

1356 416 1938 479 THEOPHYLACTI
1978 419 2393 480 BULGARl/E
2427 422 2785 482 ARCHIEP.

3576 421 3723 486 H5?

435 528 665 584 mundo.
703 547 722 581 ι
760 528 997 586 Mundus
1031 530 1121 584 hic
1168 530 1561 601 intelligendus
1592 538 1673 586 est
1695 530 1941 600 uulgaris
1971 537 2026 585 et

2155 530 2351 602 ῑημώδη
2386 532 2481 585 καὶ
2514 531 2785 601 συρφετὸν
2809 527 2967 602 δχλον
2995 530 3310 597 ἀκουστέον,
3330 533 3422 587 τὸν
3452 531 3593 586 κατά
3614 533 3715 596 τὰς

436 622 789 691 promiscuus
831 623 1095 693 populus,
1141 624 1236 694 qui
1275 623 1739 693 concupiscentiis
1783 632 1839 677 et
1872 635 2027 678 erro-

440 715 594 770 ribus
633 714 1007 770 deformatur.

1060 804 1295 863 CAPUT
1335 805 1399 860 II.

510 897 676 953 Vsus.
723 897 775 954 i.
829 914 849 951 ι
886 896 1109 954 Fratres
1156 900 1285 964 mei,
1328 898 1497 954 nolite
1548 898 1635 953 in'
1665 912 2029 969 personarum

443 991 767 1061 acceptione
795 990 999 1046 habere
1033 990 1193 1046 ﬁdem
1226 990 1445 1047 Domini
1496 992 1677 1047 nostri
1710 988 1841 1046 Jesn
1870 990 2033 1045 Chri-

441 1085 515 1140 sti
540 1083 744 1153 gloriae.
785 1102 803 1134 ι
844 1083 948 1149 Qui
986 1084 1135 1139 enim
1157 1098 1285 1139 cum
1317 1098 1680 1153 personarum
1710 1082 2032 1153 acceptione

443 1176 742 1245 quidquam
777 1176 928 1240 facit,
961 1191 1021 1231 se
1060 1176 1410 1230 immunditia
1464 1176 1665 1245 replet,
1710 1184 1905 1245 utpote
1939 1174 2033 1245 qui

440 1269 687 1339 ejusdem
734 1277 1051 1325 consortem
1103 1278 1339 1335 natum,
1373 1251 1484 1324 imo
1522 1284 1632 1339 prae
1673 1269 1791 1332 illo,
1830 1276 2037 1323 semet-

440 1364 620 1432 ipsum
670 1362 968 1431 ignominia
1018 1360 1183 1417 aﬂicit
1222 1380 1240 1419 :
1275 1362 1721 1433 quandoquidem
1769 1362 2036 1433 quidquid

439 1454 609 1507 simili
653 1455 739 1509 sui
783 1452 908 1523 quis
943 1453 1093 1520 facit,
1126 1454 1258 1508 illud
1303 1455 1358 1509 in
1412 1470 1472 1509 se
1522 1456 1706 1525 ipsum
1747 1455 2036 1510 fucirntem

442 1552 746 1616 retorquet.

514 1637 682 1694 Vens.
729 1640 785 1704 2,
817 1640 872 1696 3.
917 1658 938 1692 ‹
977 1638 1195 1695 Etenim
1239 1640 1285 1696 si
1321 1638 1600 1695 introierit
1631 1640 1682 1693 in
1706 1646 2037 1695 conventum

439 1738 689 1786 vestrum
724 1732 809 1786 vir
836 1745 1066 1787 aureum
1110 1734 1378 1788 annulum
1406 1732 1616 1787 habens
1647 1732 1703 1786 in
1736 1741 1888 1787 veste
1915 1747 2044 1787 can-

445 1823 596 1887 dida,
639 1821 955 1879 introiverit
989 1834 1170 1880 autem
1204 1833 1258 1880 et
1296 1840 1506 1895 pauper
1533 1825 1698 1896 33o
1736 1825 1789 1879 in
1816 1825 2039 1881 sordido

448 1918 664 1984 habitu,
707 1925 763 1972 et
794 1917 1099 1974 inundatis
1133 1918 1188 1973 in
1219 1934 1369 1983 eum,
1394 1918 1487 1988 qui
1523 1917 1753 1973 indutus
1777 1926 1861 1973 est
1891 1926 2040 1973 veste

448 2010 734 2080 praeclara,
781 2017 836 2064 et
865 2009 1116 2066 dixeritis
1142 2010 1191 2065 ei
1223 2027 1238 2065 :
1272 2006 1352 2064 Tu
1394 2009 1529 2066 sede
1572 2009 1661 2065 hic
1700 2009 1876 2079 bene;
1911 2026 2045 2083 pau-

447 2102 565 2171 peri
597 2111 781 2155 autem
813 2100 1012 2157 dicatis
1038 2116 1052 2152 :
1097 2098 1179 2155 Tu
1213 2109 1295 2156 sta
1326 2101 1439 2155 illic
1462 2143 1476 2167 ,
1511 2109 1607 2156 aut
1635 2101 1767 2157 sede
1796 2101 1899 2157 sub
1921 2117 2044 2158 sca-

447 2190 593 2247 bello
647 2192 847 2263 pedum
904 2206 1178 2249 meorum.
1215 2214 1233 2245 ι
1270 2194 1499 2250 Videtur
1561 2196 1913 2251 consuetudo
1962 2197 2044 2252 le-

448 2282 606 2338 reudi
637 2283 901 2338 annulum
944 2284 1184 2339 maxime
1210 2284 1352 2352 apud
1376 2282 1599 2340 Iudaeos
1630 2287 1896 2354 viguisse.
1935 2287 2042 2342 Sed

452 2374 710 2429 fortassis
763 2373 974 2443 inquiet
1031 2373 1121 2428 hic
1171 2373 1373 2443 aliquis
1412 2389 1427 2427 :
1476 2373 1535 2429 Si
1578 2373 1821 2431 Jacobus
1857 2375 2048 2431 Testa-

451 2463 625 2516 menti
663 2461 798 2517 Iesu
847 2461 1058 2519 Christi
1104 2460 1301 2519 doctor
1344 2472 1447 2529 est,
1495 2479 1673 2533 quare
1722 2465 1886 2521 modo
1935 2482 2044 2521 non

454 2553 685 2623 abrogat
708 2569 771 2609 ea
801 2568 922 2625 quae
950 2554 1087 2626 legis
1110 2564 1273 2625 sunt;
1306 2558 1400 2612 sed
1433 2557 1618 2629 potius
1649 2558 1880 2623 extollit,
1911 2559 2049 2615 reci-

455 2646 613 2715 piens
633 2662 751 2713 eos,
789 2649 881 2718 qui
913 2649 968 2702 in
1001 2648 1161 2719 legali
1192 2649 1341 2703 cultu
1381 2642 1704 2717 versantur,
1745 2667 1925 2722 neque
1952 2668 2048 2709 eos

455 2737 572 2793 ullo
599 2748 760 2809 pacto
790 2740 1183 2811 reprehendit?
1216 2741 1295 2797 Ad
1326 2758 1491 2813 quem
1540 2744 1886 2814 reponimus,
1922 2761 2046 2800 eum

457 2844 580 2885 sese
612 2830 934 2887 insinuandi
979 2833 1157 2904 gratia
1206 2834 1283 2889 ita
1314 2850 1440 2891 cum
1476 2836 1589 2892 illis
1618 2837 1793 2908 loqui,
1826 2847 1879 2894 et
1907 2839 2053 2910 ipso-

456 2937 580 2977 rum
623 2924 989 2979 imbecillitati
1034 2919 1507 2994 condescendere,
1546 2945 1615 2984 ne
1655 2929 1703 2984 si
1741 2929 1928 2986 statim
1980 2935 2053 2987 le-

453 3028 578 3086 gem
615 3022 909 3082 everteret,
942 3017 1214 3075 doctrinae
1260 3021 1506 3077 novitate
1535 3021 1660 3078 illos
1695 3023 1792 3080 abs
1819 3038 1879 3078 se
1920 3026 2050 3079 aba-

458 3106 716 3162 lienaret.
775 3109 997 3165 Scilicet
1035 3112 1293 3181 prudenti
1355 3114 1670 3169 oeconomia
1722 3115 1962 3170 admittit
1992 3117 2050 3173 in

2132 625 2428 692 ἐπιθυμίας
2465 628 2563 698 τῆς
2597 625 2813 695 ἀπάτης
2840 622 3006 677 αὐτοῦ
3035 624 3415 696 φθειρόμενον.

2738 804 2966 859 ΚΕΦΛΛ
2978 847 2990 858 .
3036 806 3112 857 Β.

2211 917 2230 949 ι
2276 898 2526 967 ’Λδελφοί
2553 914 2677 969 μου,
2713 897 2789 966 μὴ
2820 897 2877 949 ἐν
2913 895 3404 967 προσωποληψίαις
3432 893 3583 965 ἔχετε
3619 893 3731 967 τὴν

2135 992 2318 1047 πίστιν
2338 991 2433 1046 τοῦ
2470 992 2675 1063 Κυρίου
2698 993 2858 1064 ἡμῶν
2902 990 3079 1061 Ἰησοῦ
3107 990 3345 1062 Χριστοῦ
3375 989 3664 1059 τῆςδόξης.
3693 1008 3719 1039 ι

2146 1086 2204 1140 '0
2238 1086 2347 1156 γαρ
2406 1087 2465 1139 ἐν
2505 1084 2945 1156 προσωποληψίᾳ
2981 1084 3153 1138 ποιῶν
3182 1102 3256 1148 τι,
3290 1081 3494 1136 πολλοῦ
3527 1081 3721 1137 σπίλου

2138 1177 2331 1232 ἑαυτὸν
2360 1177 2690 1248 ἐμπίπλησι,
2723 1176 2785 1229 τὸ
2828 1175 3092 1246 ὁμογενὲς
3129 1173 3419 1246 ἀτιμάζων
3468 1175 3563 1228 καὶ
3615 1174 3724 1243 πρὸ

2139 1269 2350 1323 ἐκείνου
2386 1269 2597 1334 ἑαυτὸν,
2627 1269 2740 1336 είγε
2773 1268 2807 1339 ἡ
2857 1268 2995 1339 πρὸς
3023 1266 3085 1320 τὸ
3116 1268 3305 1336 ὅμοιον
3329 1266 3593 1332 ἐπίδειξις
3628 1267 3733 1319 καὶ

2141 1361 2280 1434 πρὸς
2308 1362 2503 1415 ἐαυτὸν
2537 1362 2972 1435 παραπέμπεται
2994 1361 3087 1415 τὸν
3105 1362 3434 1431 πράττοντα.

2222 1646 2242 1679 ι
2275 1626 2405 1681 Ἐὰν
2438 1627 2548 1699 γὰρ
2576 1627 2794 1701 εἰσέλθῃ
2825 1629 2907 1691 είς
2936 1626 3039 1700 τὴν
3072 1626 3396 1698 συναγωγὴν
3418 1626 3571 1697 ὑμῶν
3588 1626 3730 1698 ἀνὴρ

2145 1721 2610 1792 χρυσοδακτύλιος
2660 1722 2717 1775 ἐν
2747 1721 2942 1791 ἐσθῆτι
2990 1721 3243 1792 λαμπρᾷ,
3293 1717 3512 1793 εἰσέλθῃ
3547 1719 3604 1772 δὲ
3633 1719 3731 1772 καὶ

2145 1813 2363 1885 πτωχὸς
2405 1814 2464 1867 ἐν
2499 1815 2723 1886 ῥυπαρᾷ
2764 1813 2975 1885 ἐσθῆτι,
3024 1811 3357 1885 ἐπιϐλέψητε
3408 1812 3465 1865 δὲ
3515 1811 3609 1865 ἐπὶ
3639 1812 3733 1864 τὸν

2072 1884 2114 1939 Β
2146 1884 2417 1976 φορδῧντα
2448 1884 2546 1975 ﬁl"
2586 1884 2792 1976 ἐσθῆτα
2820 1884 2921 1977 τὴν
2950 1905 3237 1976 λαμπρὰν,
3270 1884 3366 1958 καὶ
3403 1905 3626 1975 εἴπητε,
3655 1904 3733 1957 Σὺ

2146 2001 2314 2056 κάθου
2344 1995 2447 2054 ὧδε
2478 2000 2659 2064 καλῶς
2680 2015 2693 2029 ⁸
2727 2001 2823 2054 καὶ
2852 2000 2933 2072 τῷ
2973 1999 3176 2071 πτωχῷ
3200 1998 3394 2071 εἴπητε
3416 2014 3431 2031 ο
3465 1999 3538 2051 Σὺ
3574 1996 3733 2067 στῆθι

2148 2093 2349 2165 ἐκεῖ,ἢ
2394 2091 2562 2148 κάθου
2590 2086 2692 2146 ὧδε
2737 2092 2842 2145 ὑπὸ
2887 2093 2949 2146 τὸ
2982 2092 3276 2146 ὑποπόδιόν
3325 2106 3451 2162 μου.
3487 2110 3504 2143 ι
3546 2090 3735 2143 Ἐοικε

2146 2186 2205 2239 τδ
2226 2186 2672 2258 δακτυλιοφορεῖν
2704 2185 2940 2256 μάλιστα
2967 2186 3100 2257 παρ’
3169 2183 3445 2254 Ἑϐραίοις
3480 2182 3594 2248 ἕξιν
3619 2184 3733 2236 κεῖ-

2152 2280 2294 2335 σθαι.
2325 2280 2485 2345 Ἰσως
2510 2280 2568 2334 δὲ
2617 2281 2735 2350 ἐρεῖ
2765 2295 2849 2343 τις
2876 2277 3114 2332 ἐνταῦθα
3134 2291 3151 2309 ·
3184 2277 3247 2331 Ei
3274 2277 3374 2349 τῆς
3401 2275 3541 2331 κατά
3578 2275 3739 2349 [Χρι-

2148 2371 2265 2445 τδν]
2301 2372 2574 2446 Διαθήκης
2625 2372 2889 2437 Ἰάκωὸος
2943 2371 3286 2436 διδάσκαλος,
3320 2371 3438 2435 πῶς
3484 2369 3579 2425 νῦν
3617 2370 3740 2441 οὐχὶ

2149 2465 2459 2520 καταπαύει
2483 2466 2553 2519 τὰ
2577 2462 2671 2519 τοῦ
2695 2464 2885 2537 νόμου,
2930 2464 3069 2517 ἀλλὰ
3099 2463 3300 2534 μᾶλλον
3328 2462 3557 2534 ἐξαίρει,
3608 2462 3740 2525 τοὺς

2151 2560 2210 2612 ἐν
2231 2560 2298 2628 τῇ
2327 2557 2420 2611 τού
2445 2555 2613 2627 νόμου
2639 2557 2912 2629 θρησκείᾳ
2942 2556 3362 2627 ἀποδεχόμενος,
3387 2558 3483 2610 καὶ
3506 2554 3581 2627 μὴ
3615 2556 3738 2607 ἐπι-

2151 2649 2328 2721 τιμῶν
2361 2649 2604 2717 τούτοις;
2640 2648 2783 2721 Πρὸς
2842 2649 2901 2703 δν
2930 2649 3105 2704 ἐκεῖνο
3128 2648 3384 2720 ἐροῦμεν,
3408 2647 3480 2711 ὡς
3498 2649 3738 2716 εἰσαγω-

2152 2744 2454 2816 γικώτερον
2497 2745 2682 2807 αὐτοῖς
2715 2743 2811 2797 νῦν
2860 2745 3191 2813 διαλέγεται,
3242 2743 3336 2797 καὶ
3374 2739 3742 2811 συγκαταϐαί-

2153 2850 2235 2887 νει
2263 2835 2328 2904 τῇ
2359 2832 2568 2887 τούτων
2593 2833 2869 2906 ἀσθενείᾳ,
2902 2834 2990 2888 ἵνα
3022 2832 3100 2906 μὴ
3123 2833 3187 2888 ἐκ
3209 2832 3393 2905 θυρῶν
3413 2832 3742 2904 ἀνατρέπων

2154 2925 2249 2979 τὸν
2275 2925 2462 2996 νόμον,
2516 2924 2694 2978 ὀπίσω
2720 2924 2920 2997 χωρεῖν
2978 2926 3184 2998 ποιήσῃ
3217 2927 3282 2995 τῇ
3315 2924 3596 2993 καινότητι
3626 2922 3745 2976 τῶν

2153 3017 2523 3088 διδαγμάτων.
2561 3016 3072 3088 Οίκονομικώτερον
3119 3017 3175 3070 δέ
3214 3017 3744 3089 μεταχειρισάμενος

2154 3111 2216 3163 τὸ
2261 3112 2515 3182 πρᾶγμα,
2547 3110 2640 3164 καὶ
2692 3108 2956 3174 ύπενδοῦς
2977 3108 3103 3164 ὅσον
3138 3110 3300 3164 αὐτὸν
3343 3111 3443 3165 οὐκ
3474 3108 3744 3162 ἔϐλαπτεν

457 3198 612 3256 Novo
673 3199 1034 3258 Testamento
1082 3204 1285 3275 legales
1335 3209 1729 3271 caeremonias,
1784 3222 2050 3281 quantum

2158 3204 2239 3267 είς
2268 3204 2368 3271 τὴν
2394 3204 2605 3275 Καινὴν
2644 3202 2923 3275 Διαθήκην
2968 3204 3087 3266 ταῖς
3133 3206 3387 3273 νομικαῖς
3428 3201 3745 3265 δεισιθείαις

362 3338 372 3358 ,
460 3294 684 3363 quidem
737 3294 950 3364 absque
1005 3296 1255 3367 ejusdem
1318 3298 1647 3356 detrimento
1691 3310 1943 3373 poterat;
1977 3304 2053 3376 (et

460 3398 597 3440 sane
629 3385 760 3455 quid
797 3386 919 3442 ﬁdei
956 3386 1161 3443 Christi
1202 3398 1298 3444 aut
1336 3388 1746 3458 Sabbatismus,
1781 3404 1880 3451 aut
1908 3396 2054 3465 Jeju-

460 3473 641 3538 nium,
687 3483 784 3528 aut
826 3484 1106 3532 certorum
1144 3477 1479 3533 abstinentia
1526 3480 1778 3537 ciborum
1830 3484 2060 3558 deroga-

464 3567 558 3620 bat
575 3567 623 3635 7)
657 3581 897 3638 cumque
928 3569 1029 3623 hac
1062 3570 1280 3625 ratione
1305 3572 1477 3642 magis
1517 3573 1834 3645 benevolos,
1862 3580 2060 3649 magis-

461 3671 570 3728 que
595 3661 779 3713 verbis
811 3659 929 3716 suis
971 3670 1214 3717 attentos
1242 3663 1607 3731 jreddidisset,
1671 3676 1785 3722 tum
1835 3671 2055 3726 demum

462 3750 729 3822 paulatim
768 3750 1041 3819 hortatur,
1077 3761 1136 3807 ut
1173 3769 1202 3807 a
1233 3755 1527 3826 legalibus,
1563 3759 1708 3815 velut
1742 3761 2054 3830 inutilibus,

461 3860 528 3902 ac
556 3860 679 3917 qum
716 3847 893 3917 magis
922 3846 989 3902 ad
1033 3848 1382 3917 servitutem,
1413 3866 1578 3920 quam
1621 3852 1689 3908 ad
1723 3852 2052 3925 libertatem,

469 3953 591 4010 quae
622 3939 674 3994 in
703 3940 924 3995 Christo
954 3947 1059 4006 est,
1095 3939 1410 4008 conferunt,
1457 3944 1791 4001 abstineant.
1825 3947 2057 4020 Sapien-

472 4042 557 4089 ter
593 4034 760 4103 igitur
787 4034 1055 4090 brevibus
1076 4036 1539 4092 alternationibus
1578 4052 1736 4105 usus,
1766 4049 2056 4112 postquam

470 4123 705 4180 obtinuit
733 4139 821 4189 ne,
848 4139 972 4194 quae
999 4125 1080 4179 eis
1107 4123 1348 4190 dicebat,
1374 4128 1615 4197 graviter
1648 4127 1874 4200 ferrent,
1929 4142 2058 4189 tunc

464 4224 587 4283 quae
622 4212 956 4267 Christianis
984 4214 1342 4279 conveniunt,
1386 4218 1697 4285 proposuit.

539 4304 705 4358 Vsus.
738 4304 791 4358 4.
840 4322 860 4355 ι
894 4304 961 4358 Ει
997 4318 1179 4361 nonne
1224 4304 1579 4376 dijudicastis
1617 4309 1730 4380 (l2)
1759 4311 1903 4380 apud
1934 4327 2061 4369 vos-

464 4397 783 4466 metipsos,»
819 4395 1091 4452 Particula
1123 4398 1435 4467 copulativa
1467 4410 1519 4453 et
1552 4401 1639 4456 hic
1656 4402 1901 4458 abundat
1922 4405 2058 4476 (15),

463 4497 553 4544 est
609 4488 758 4543 enim
803 4488 1192 4543 tantummodo
1230 4502 1296 4544 ex
1346 4498 1569 4545 vetusto
1598 4488 1859 4559 loquendi
1910 4506 2061 4547 more

2160 3294 2233 3368 (τί
2262 3295 2372 3367 γὰρ
2429 3296 2593 3350 αὑτὸν
2633 3295 2916 3368 παρέφερε
2974 3296 3379 3366 Σαϐϐατισμδς,
3437 3295 3469 3367 ἦ
3519 3295 3745 3368 νηστεία

2160 3391 2254 3445 καὶ
2309 3389 2492 3461 ἀποχὴ
2521 3388 2833 3460 βρωμάτων
2880 3391 2980 3461 τῆς
3011 3388 3153 3442 κατὰ
3196 3390 3433 3459 Χριστὸν
3461 3388 3743 3455 πίστεως),

2159 3485 2258 3536 καὶ
2287 3483 2499 3547 τούτοις
2519 3482 2656 3545 τέως
2679 3482 3220 3554 προσεκτικωτέρους
3250 3482 3451 3545 αὐτοὺς
3482 3481 3577 3534 τοῦ
3612 3480 3744 3534 ἐαυ-

2159 3572 2253 3628 τοῦ
2288 3574 2447 3642 λόγου
2498 3573 2701 3642 λαϐὼν,
2730 3573 2904 3638 οὕτως
2933 3574 3075 3627 κατὰ
3115 3573 3314 3645 μικρὸν
3346 3572 3454 3626 τῶν
3488 3573 3587 3644 μέν
3643 3572 3748 3641 ἀφ-

2164 3670 2416 3724 ίστασθαι
2443 3669 2731 3739 παραινεῖν
2758 3670 2822 3739 [Ῑ.
2848 3698 2918 3708 —-
2946 3666 3074 3739 vei],
3122 3668 3232 3721 τῶν
3275 3668 3371 3723 τοῦ
3420 3667 3610 3736 νόμου,
3671 3664 3749 3729 ὡς

2161 3763 2478 3834 ἀνωφελῶν,
2516 3763 2611 3816 καὶ
2653 3762 2790 3833 πρθις
2827 3760 3095 3827 δουλείαν,
3132 3762 3194 3815 ού
3233 3761 3370 3833 πρὸς
3425 3761 3749 3834 ἐλευθερίαν

2163 3840 2632 3926 μετακαλούντων,
2658 3856 2758 3917 τὴν
2780 3855 2837 3908 ἐν
2850 3855 2895 3907 Χ
2904 3854 3092 3926 ριστῷ.
3112 3853 3303 3923 Σοφῶς
3315 3853 3608 3926 τοιγαροῦν
3630 3855 3753 3918 ταῖς

2163 3948 2450 4021 βραχείαις
2476 3947 2817 4017 ύπαλλαγαῖς
2845 3949 3149 4020 χρώμενος,
3187 3948 3275 4001 ὅτε
3310 3948 3384 4019 μὴ
3411 3949 3750 4017 δυσαιασχε-

2160 4040 2389 4103 τοῦντας
2419 4035 2585 4111 εἶλαι[
2615 4041 2653 4110 f.
2681 4034 2819 4111 εἷλε]
2838 4041 2947 4102 τοῖς
2977 4037 3318 4108 λεγομένοις,
3346 4038 3465 4093 τότε
3489 4038 3557 4091 τὰ
3576 4056 3749 4110 προσ·

2160 4134 2363 4203 ήκοντα
2391 4132 2736 4202 Χριστιανοῖς
2773 4128 3106 4201 παρέθηκεν.

2176 4297 2260 4362 ⁸(
2300 4307 2495 4383 [Καὶ]
2553 4311 2615 4363 οὗ
2682 4307 2992 4379 διεκρίθητε
3051 4308 3108 4362 ἐν
3167 4309 3401 4371 ἑαυτοῖς.
3436 4325 3454 4359 ι
3504 4308 3563 4360 Ὀ
3650 4307 3754 4361 καί

2166 4403 2460 4473 σύνδεσμος
2511 4401 2775 4472 παρέλκει
2816 4400 3051 4455 ἐνταῦθα
3097 4400 3344 4474 συνήθως
3394 4397 3748 4473 ἀρχαϊζούσῃ

2167 4493 2389 4565 φράσει,
2420 4492 2543 4547 ἐπεὶ
2575 4492 2887 4554 ἀποδόσεως
2936 4489 3105 4561 οὔσης
3140 4492 3376 4546 ἐνταῦθα
3406 4490 3500 4544 τοῦ
3526 4492 3638 4546 ἅνω
3677 4492 3755 4544 εξ-

465 4581 736 4651 apposita.
764 4580 901 4635 Cum
930 4580 1076 4637 enim
1119 4580 1224 4637 hoc
1249 4580 1325 4635 sit
1357 4595 1711 4652 consequens
1747 4584 2050 4653 praeceden-

2170 4584 2430 4657 ρημίονυ.
2466 4583 2722 4655 περιττὸς
2762 4586 2790 4638 ὁ
2835 4582 3174 4654 σύνδεσμοςο
3209 4582 3326 4636 ἔστι
3375 4584 3483 4654 γὰρ
3537 4582 3711 4646 οὓτως
3737 4599 3751 4613 .

464 4676 538 4730 tis
567 4674 839 4729 orationis
872 4674 1206 4739 membrum,
1249 4675 1531 4745 superﬂua
1581 4683 1668 4730 est
1716 4676 2057 4746 conjunctio.

465 4768 547 4825 lta
578 4768 722 4821 enim
770 4782 831 4823 se
868 4766 1072 4822 habet:
1110 4782 1130 4820 ι
1166 4766 1225 4821 Si
1256 4767 1531 4831 introierit
1576 4767 1704 4833 quis
1739 4767 1794 4821 in
1824 4782 2062 4825 conven-

467 4872 581 4917 tum
624 4869 892 4921 vestrum,
934 4875 954 4910 ι
985 4866 1094 4913 etc.
1126 4858 1369 4915 Deinde:
1410 4876 1431 4911 ι
1464 4858 1658 4913 Nonne
1707 4858 2063 4927 dijudicastis

466 4946 610 5017 apud
643 4946 1100 5013 vosmetipsos?»
1136 4946 1272 5003 Cum
1317 4948 1421 5003 hoc
1443 4947 1518 5004 sit
1568 4948 1802 5003 alterum
1851 4950 2063 5019 periodi

460 5038 797 5099 membrum,
834 5039 1055 5108 phrasis
1090 5040 1426 5110 postulabat,
1464 5048 1525 5095 ut
1572 5040 1784 5111 absque
1824 5039 2062 5111 conjun-

460 5130 648 5187 ctione
669 5140 720 5187 ει
748 5132 1092 5203 proferretur
1114 5172 1132 5197 ,
1185 5141 1247 5187 ut
1281 5132 1604 5203 huiusmodi
1649 5147 1848 5190 sensus
1873 5149 2063 5189 exsur-

466 5229 623 5296 geret
656 5243 669 5278 :
706 5226 980 5292 Quoniam
1038 5240 1177 5290 non,
1220 5234 1282 5281 ut
1341 5226 1654 5295 oportebat,
1687 5226 2055 5296 dijudicastis,

474 5336 493 5368 a
525 5316 652 5373 facti
673 5318 807 5373 estis
833 5316 1053 5387 judices
1079 5317 1481 5388 cogitationum
1514 5331 1826 5387 pravarum.
1861 5336 1879 5368 ι
1921 5317 2056 5371 Illud

469 5422 674 5478 autem,
713 5428 731 5462 ι
770 5408 962 5465 Nonne
993 5408 1361 5479 dijudicastis,
1400 5428 1418 5461 ι
1461 5409 1690 5479 perinde
1733 5420 1839 5473 est,
1872 5425 1936 5465 ac
1963 5407 2060 5463 Ju-

472 5504 680 5561 dicium
704 5513 972 5568 vestrum,
997 5503 1148 5558 nulla
1178 5504 1331 5574 prius
1361 5503 1753 5574 disquisitione
1796 5504 1961 5571 facta,
1997 5519 2065 5559 an

2167 4699 2186 4731 ι
2226 4677 2358 4732 Ἐάν
2393 4694 2478 4740 τις
2506 4676 2728 4747 εἰσέλθῃ
2763 4676 2844 4739 είς
2877 4676 2978 4746 τὴν
3011 4674 3337 4747 συναγωγὴν
3392 4674 3566 4743 ὑμῶν,
3610 4693 3628 4726 ι
3658 4678 3756 4729 καὶ

2161 4772 2315 4841 ἑξῆς·
2353 4767 2494 4834 εἶτα,
2533 4788 2551 4818 ι
2589 4770 2666 4822 Ob
2689 4768 3002 4841 διεκρίθητε
3038 4768 3096 4821 ἐν
3137 4768 3371 4831 ἑαυτοῖς.
3414 4786 3432 4820 ι
3489 4767 3756 4821 Ἐνταῦοα

2156 4862 2263 4930 τῆς
2311 4858 2622 4922 ἀποδόσεως
2685 4856 2888 4929 οὔσης,
2977 4858 3135 4921 ἐκτὸς
3185 4859 3414 4911 άπαιτεῖ
3473 4857 3591 4923 τοῦ,
3654 4858 3757 4911 καί

2168 4953 2473 5023 συνδέσμου
2531 4953 2564 5021 ἡ
2626 4950 2826 5023 φράσις
2888 4948 3270 5021 προσενεχθῇο
3325 4949 3414 5004 ἴνα
3463 4948 3635 5010 οὕτως

2183 5041 2402 5112 Ἐπειδὴ
2432 5042 2492 5094 οὐ
2523 5042 2584 5095 τὸ
2597 5041 2717 5095 δέον
2747 5040 3023 5109 ἐκρίνατε,
3048 5058 3065 5091 ι
3093 5037 3347 5108 ἐγένεσθε
3368 5040 3556 5111 κριταὶ
3575 5036 3760 5092 διαλοο

2169 5133 2387 5204 γισμῶν
2402 5131 2674 5202 πονηρῶν.
2701 5148 2718 5182 ι
2745 5130 2819 5183 Τὸ
2840 5130 2921 5194 δὲ,
2948 5148 2966 5181 ι
2992 5130 3069 5183 Οὐ
3096 5129 3428 5201 διεκρίθητε,
3453 5149 3471 5182 ι
3493 5129 3614 5183 ἀντὶ
3640 5128 3759 5196 τοῦ,

2168 5227 2244 5280 Τὸ
2267 5225 2608 5295 διακριτικὸν
2644 5220 2802 5293 ὑμῶν
2838 5221 3212 5293 διεφθείρατε,
3253 5221 3531 5292 μηδεμίαν
3584 5220 3755 5291 συζή-

2168 5336 2327 5390 τησιν
2367 5318 2698 5388 ποιήσαντες
2737 5315 3027 5386 πρότερον,
3065 5314 3157 5369 τὸν
3190 5314 3398 5387 πένητα
3424 5313 3546 5385 μὲν,
3590 5329 3758 5368 σπου-

2172 5412 2321 5466 δαῖον
2349 5410 2428 5477 δὲ,
2457 5410 2490 5478 ἢ
2540 5408 2632 5463 τὸν
2690 5406 2946 5461 πλούσιον
2995 5407 3114 5477 μὲν,
3141 5406 3384 5478 ῥᾴθυμον
3409 5406 3466 5459 δέ
3493 5423 3507 5436 ·
3541 5404 3675 5457 ἀλλὰ
3696 5404 3759 5456 τὸ

2177 5503 2493 5575 ἀδιάκριτον
2514 5501 2543 5555 ὑ
2553 5500 2669 5574 μῶν
2691 5499 3010 5570 ὑπηγάγετο
3034 5499 3178 5569 ὑμᾶς
3203 5499 3261 5552 ἐν
3296 5495 3758 5569 προσωποληψίᾳ,

1738 5642 2047 5706 Bonitacii
2091 5622 2322 5706 Finetti
2367 5650 2558 5705 notae.

544 5738 661 5813 (ἰῇ)
705 5739 937 5813 vulgata
973 5743 1136 5797 habet
1166 5743 1445 5810 judicans.
1490 5745 1672 5813 Aliqui
1721 5746 1809 5801 hic
1840 5754 2063 5799 vertunt

473 5810 757 5887 rlijtttticati
810 5813 947 5887 estis
983 5815 1037 5865 in
1093 5815 1496 5882 rob.smetipsis,
1548 5810 1692 5886 quod
1751 5816 2061 5887 διεκρίθητε

473 5882 546 5935 sit
578 5882 770 5935 forma:
803 5882 1055 5964 passivae.

2248 5746 2359 5815 (15)
2404 5745 2463 5826 Et
2516 5744 2619 5797 hac
2658 5741 2895 5798 fortasse
2932 5740 2999 5797 de
3045 5752 3212 5796 causa
3249 5752 3280 5793 a
3320 5736 3545 5808 vulgato
3589 5734 3760 5789 inter-

2175 5827 2327 5886 prete
2358 5822 2563 5871 omissa
2594 5822 2696 5868 est.
