4120 6428
493 375 635 446 1155

1383 366 1971 432 THEOPIIYLACTI
2012 362 2430 426 BULGARIIE
2461 361 2819 423 ARCHIEP.

3617 353 3763 421 1156

460 489 705 566 νιιιιὶιιειιι
739 484 856 558 qui,
886 498 975 540 ex.
1005 495 1058 539 e.
1092 479 1407 538 castitatem
1437 478 1703 542 custodit,
1735 475 2077 548 quandoque

2191 473 2625 546 ωποληπτοῦντα
2663 470 2900 535 ἐλλιπῶς
2930 469 3319 541 αἰτὴνάνύειν,
3339 468 3455 525 ἀλλ’
3483 470 3768 536 ὁλοτελῶς.

483 582 727 643 vincitur
746 579 815 634 ab
848 578 966 634 ira:
1006 584 1066 633 et
1097 575 1190 646 qui
1215 576 1621 646 eleemosynam
1661 570 1818 635 facit,
1851 569 2075 625 invidus

485 685 574 733 est
611 690 722 729 non
764 686 913 728 raro.
969 668 1155 737 Quare
1184 683 1297 722 non
1360 664 1511 720 omni
1546 663 1945 735 pra-scribitur,
2010 670 2073 716 ut

484 765 765 821 defectum
797 761 1012 817 nullum
1038 762 1094 814 in
1126 758 1423 813 virtutibus
1460 756 1680 816 habeat,
1708 753 1804 809 sed
1845 768 1915 808 ne
1941 753 2075 807 cha-

486 859 732 921 ritatem.
786 869 884 925 per
942 864 1304 922 personarum
1363 847 1742 917 acceptionetn
1801 843 2076 901 diminute

486 954 769 1016 exerceat,
830 944 926 1001 sed
981 943 1211 1011 integre.
1242 939 1359 995 lloc
1415 946 1599 992 autem
1623 938 1788 992 etiam
1827 937 1895 991 de
1951 935 2075 991 aliis

486 1039 792 1094 virtutibus
829 1036 1016 1090 dicere
1068 1046 1398 1105 possumus.
1464 1030 1568 1097 Qui
1608 1029 1755 1084 enim
1793 1044 1903 1083 non
1948 1042 2076 1098 pcr-

487 1129 629 1184 feete
695 1124 1137 1196 temperantiam,
1195 1122 1280 1178 vel
1311 1120 1585 1192 justitiam
1634 1119 1798 1190 332
1860 1125 2075 1183 servat,

487 1219 583 1275 sed
646 1218 953 1281 imniiuute,
1015 1224 1190 1270 totum
1248 1213 1477 1269 virtutis
1546 1227 1751 1282 corpus
1832 1210 2080 1281 graviter

487 1311 654 1367 laedit.
686 1309 793 1365 Per
826 1317 995 1366 totam
1028 1308 1197 1380 igitur
1233 1307 1406 1377 legem
1463 1301 1822 1373 intelligenda
1861 1309 1947 1356 est
1993 1301 2083 1356 hic

488 1403 579 1458 lex
604 1402 922 1468 charitatis,
958 1415 1081 1471 qua:
1105 1397 1419 1470 prmeipuus
1473 1409 1679 1465 scopus
1713 1394 1945 1464 apostoli
1978 1403 2083 1450 est.

2178 568 2351 623 Τοῦτο
2379 568 2436 621 δὲ
2465 568 2560 622 καὶ
2619 567 2750 638 περὶ
2794 566 2906 620 τῶν
2937 565 3113 621 ἄλλων
3171 566 3385 636 ἀρετῶν
3429 583 3631 635 φαμεν.
3670 568 3771 632 ’ος

2178 663 2287 732 γὰρ
2319 660 2394 733 μὴ
2419 660 2509 715 διὰ
2537 660 2726 721 τέλους
2753 658 2862 712 τῶν
2889 658 3269 729 σωφρονικῶν,
3297 657 3331 727 ἢ
3380 658 3490 712 τῶν
3536 657 3768 712 δικαίων

2178 752 2524 822 ἁντίσχηται,
2548 749 2663 803 ἀλλ’
2684 748 3067 818 ἐλλιπέστερον
3083 749 3350 818 χρίσεται
3371 747 3436 819 Π.
3459 779 3532 788 -
3553 747 3764 822 σηται],

2175 835 2332 907 οὗτος
2369 842 2625 915 χωλεύων
2657 844 2788 915 περὶ
2814 842 2917 912 τὴν
2954 840 3332 912 μεταχείρισιν
3356 840 3435 911 τῷ
3466 842 3633 896 παντὶ
3660 842 3762 912 τῆς

2177 936 2381 1007 ἀρετῆς
2415 936 2726 1007 ἐλυμήνατο
2773 933 3009 1007 σώματι.
3042 934 3209 989 Ὀλον
3242 929 3336 989 οὖν
3363 934 3456 989 τδν
3485 936 3650 1006 νόμον
3669 936 3765 989 τὸν

2179 1030 2309 1098 περὶ
2342 1027 2441 1097 τῆς
2465 1027 2691 1097 ἀγάπης
2740 1027 3058 1093 ἀκουστέον,
3087 1029 3217 1099 περὶ
3233 1022 3303 1101 ἦς
3332 1028 3768 1101 προηγουμένως

2179 1119 2331 1187 αὐτῷ
2361 1122 2389 1173 ὁ
2425 1118 2649 1182 σκοπός.
2682 1118 2869 1189 Νόμον
2899 1120 2956 1173 δὲ
3015 1120 3340 1191 ἐλευθερίας
3376 1120 3468 1175 τὸν
3516 1121 3774 1191 ἀπροσω-

2180 1210 2462 1281 πόληπτόν
2499 1225 2665 1281 φησιο
2709 1213 2739 1264 ὁ
2768 1211 2878 1281 γὰρ
2905 1211 3388 1282 προσωπολήπτης
3427 1212 3529 1266 οὐκ
3555 1211 3774 1265 ἐλεύθε-

2188 1319 2301 1374 ροῖ,
2330 1301 2471 1356 ἀλλὰ
2524 1301 2732 1367 δοῦλοςι
2770 1296 2844 1374 ᾯ
2901 1302 3013 1374 γάρ
3044 1319 3130 1366 τις
3157 1303 3418 1375 ἥττηται,
3470 1303 3648 1375 τούτῳ
3676 1306 3775 1359 καὶ

2185 1394 2533 1451 δεδούλωται.
3452 1383 3475 1392 ’
3622 1382 3647 1394 ”

488 1480 689 1565 Πρεειιι
750 1508 883 1549 vero
941 1489 1219 1545 libertatis
1284 1495 1446 1543 vocat
1497 1500 1643 1551 eam,
1698 1499 1823 1555 quze
1866 1499 1896 1538 a
1964 1499 2355 1573 personarum.
2387 1487 2712 1558 acceptione
2760 1486 2935 1542 libera
2991 1497 3117 1544 est:
3182 1492 3453 1558 siquidem
3520 1500 3779 1562 acceptor

489 1599 877 1657 personarum,
918 1597 1026 1636 non
1058 1581 1198 1635 liber
1254 1586 1359 1644 est,
1416 1576 1514 1633 sed
1562 1591 1800 1632 servus:
1836 1595 1855 1630 ι
1889 1575 1935 1629 Α
1967 1592 2079 1646 quo
2115 1578 2262 1634 enim
2294 1579 2419 1647 quis
2469 1591 2766 1651 superatus
2809 1592 2915 1647 est,
2946 1582 3114 1653 hujus
3136 1592 3191 1637 et
3231 1598 3427 1640 servus
3449 1594 3534 1639 est
3560 1585 3626 1640 ".
3677 1608 3695 1637 ι

568 1680 740 1736 Vsus.
770 1679 861 1734 ιι.
905 1696 924 1729 ι
969 1675 1112 1743 Quid
1144 1674 1412 1746 proderit,
1450 1675 1648 1730 fratres
1685 1673 1816 1739 mei,
1849 1673 1896 1728 si
1923 1671 2084 1728 fidem

2271 1695 2289 1728 ι
2322 1674 2390 1730 Τί
2416 1676 2479 1730 τὸ
2507 1676 2726 1747 δφελος,
2756 1678 2978 1747 ἀδελφοί
3004 1695 3129 1747 μου,
3162 1678 3257 1732 ἐὰν
3300 1679 3487 1732 πίστιν
3528 1678 3665 1752 λέγῃ
3693 1696 3781 1743 τις

495 1774 621 1841 quis
651 1771 801 1826 dicat
834 1784 893 1826 se
954 1769 1182 1836 habere,
1222 1782 1391 1838 opera
1454 1775 1636 1823 autem
1673 1781 1784 1822 non
1839 1764 2084 1821 habeat?

2192 1765 2362 1839 ἔχειν,
2403 1768 2541 1842 ἔργα
2571 1769 2631 1823 δὲ
2666 1769 2742 1840 μὴ
2766 1770 2867 1841 ἔχῃ
2893 1787 2909 1836 ;
2949 1771 3044 1842 Μὴ
3065 1770 3351 1841 δύναταιή
3386 1771 3572 1835 πίστις
3603 1771 3779 1825 σῶσαι

493 1863 756 1935 Nunquid
789 1860 991 1932 poterit
1015 1860 1149 1916 fides
1179 1860 1398 1916 salvare
1449 1859 1625 1915 eum?
1663 1879 1683 1913 ι
1721 1859 1779 1915 Si
1830 1858 2084 1930 proximo

2191 1862 2388 1928 αὐτόνς
2424 1881 2445 1915 ι
2477 1861 2600 1916 Τῶν
2655 1864 2733 1927 είς
2765 1864 3003 1928 ἑαυτοὺς
3056 1863 3479 1935 ἁμαρτημάτων
3535 1863 3778 1933 ἀφέντας

494 1963 691 2011 nostro
721 1953 965 2009 offensas
1004 1950 1415 2018 remiserimus,
1448 1961 1615 2020 atque
1649 1966 1777 2005 cum
1838 1949 2090 2020 indigeno

2191 1956 2340 2028 ἡμᾶς
2358 1958 2472 2019 τοῖς
2505 1956 2757 2027 πλησίον,
2797 1959 2891 2011 καὶ
2928 1958 3030 2027 τὴν
3068 1958 3176 2012 τῶν
3211 1957 3571 2029 ὑπαρχόντων
3620 1956 3782 2029 ἡμῶν

493 2047 642 2102 tibus
668 2046 812 2101 bona
846 2055 1039 2101 nostra
1073 2043 1697 2108 communicaverimus,
1725 2042 1893 2099 etiam
1921 2042 2089 2100 mise-

2193 2048 2482 2119 μετάδοσιν
2529 2050 2928 2114 κοινωνοῦντας
2978 2052 3093 2113 τοῖς
3152 2050 3418 2114 ἐνδεέσιν,
3478 2052 3507 2104 ὁ
3540 2050 3650 2103 άπὸ
3682 2050 3811 2110 τοῦ,

493 2138 734 2196 ricordia
787 2138 884 2194 Dei
941 2152 1045 2194 nos
1086 2135 1325 2209 benigne
1363 2136 1638 2207 suscipiet
1701 2136 1758 2191 in
1830 2135 1940 2203 die,
1979 2150 2089 2206 qua

2191 2138 2329 2193 Θεοῦ
2368 2140 2521 2206 ἕλεος
2538 2141 2689 2212 ἡμᾶς
2710 2143 2773 2195 ἐν
2805 2144 2872 2213 τῇ
2908 2141 3018 2195 τῶν
3051 2140 3405 2213 βεϐιωμένων
3442 2143 3784 2213 ἀναλήψεται

493 2231 1125 2301 ύὶεειιιὶοιιιιιιεοιιιιιιιιε
1156 2244 1189 2283 a
1229 2228 1391 2284 nobis
1442 2229 1500 2283 in
1560 2227 1665 2283 hac
1720 2227 1833 2282 vita
1894 2242 2091 2299 perpe-

2191 2231 2484 2303 διαγνώσει
2527 2248 2541 2263 '
2577 2234 2723 2307 μέγα
2748 2234 2859 2306 γὰρ
2901 2234 2962 2288 τὸ
2987 2234 3290 2307 διόρθωμα·
3320 2234 3513 2306 ὥσπερ
3546 2236 3787 2291 ἀπεναν-

496 2331 637 2380 trata
668 2322 895 2380 fuerint.
923 2322 1180 2393 Magnum
1211 2322 1362 2377 enim
1387 2329 1441 2378 et
1465 2321 1796 2392 praeclarum
1825 2330 1912 2378 est
1942 2321 2088 2377 istud

2191 2323 2311 2388 τίας
2339 2323 2479 2395 βαρὺ
2510 2323 2571 2377 τὸ
2623 2322 2947 2396 κατάκριμα
2974 2326 3090 2384 τοῖς
3140 2324 3216 2395 μὴ
3256 2325 3395 2397 πρὸς
3433 2326 3495 2379 τὸ
3542 2326 3785 2397 ὀμοῳυές

494 2417 734 2473 facinus.
771 2412 1253 2483 Quemadmodum
1299 2428 1330 2468 e
1380 2422 1607 2480 contra,
1670 2413 1859 2485 gravis
1886 2412 2092 2467 conde-

2191 2415 2581 2479 εὐσυνειδότως
2610 2414 2962 2470 διατεθεϊσιν.
3007 2415 3132 2469 Ἐπί
3162 2434 3222 2470 τε
3257 2417 3367 2488 γὰρ
3396 2417 3506 2470 τῶν
3530 2418 3610 2481 είς
3648 2419 3785 2472 ἐαυ-

495 2499 705 2564 nutatio
734 2506 840 2562 erit
867 2505 957 2570 iis,
983 2506 1079 2577 qui
1115 2520 1244 2576 erga
1278 2504 1531 2575 ejusdem
1560 2514 1856 2560 consortes
1879 2511 2091 2558 natura:

2191 2510 2320 2572 τοὺς
2342 2508 2451 2562 ἀπὸ
2481 2509 2590 2563 τῶν
2630 2509 2859 2580 πλησίον
2893 2508 3406 2581 πλημμεληθέντων
3432 2510 3785 2582 άσυμπαθῶς

495 2597 733 2670 benigne
779 2596 962 2653 affecti
1002 2612 1113 2653 non
1169 2596 1406 2652 fuerint.
1459 2594 1570 2652 Eos
1618 2594 1788 2662 enim,
1838 2597 1932 2666 qui
1960 2609 2088 2667 erga

2191 2600 2623 2672 διαγενομένων,
2666 2602 2728 2655 τὸ
2778 2601 2873 2655 τοῦ
2937 2601 3180 2671 πονηροῦ
3229 2601 3419 2657 δούλου
3463 2605 3787 2674 κατάκριμα

493 2706 612 2758 eos,
639 2691 735 2762 qui
793 2692 850 2745 in
905 2691 1060 2763 ipsos
1112 2696 1510 2761 peccaverunt,
1567 2686 1814 2743 immites
1860 2685 2090 2753 fuerint,

2194 2696 2629 2766 περιστοιχήσει,
2666 2696 2808 2765 μετὰ
2855 2695 2952 2749 καὶ
2979 2694 3075 2749 τοῦ
3122 2696 3180 2749 ἐν
3215 2698 3281 2767 τῇ
3313 2696 3446 2768 εὐχῇ
3483 2698 3787 2752 ἀνταποδό-

495 2782 622 2836 mali
697 2782 843 2837 illius
932 2780 1077 2836 servi
1156 2778 1552 2834 condemnatio
1624 2776 2089 2848 comprehendet,

2197 2804 2388 2859 ματος.
2435 2788 2545 2841 Καὶ
2600 2786 2710 2858 γὰρ
2755 2787 2980 2858 ἀφιέναι
3027 2788 3162 2858 ἡμῖν
3187 2789 3360 2860 ἐκεῐή
3399 2791 3618 2860 αἴτησις
3648 2790 3786 2861 πρὸς

492 2890 668 2947 eaque
696 2873 1009 2938 retributio,
1047 2887 1172 2944 quae
1196 2872 1248 2927 in
1286 2870 1551 2927 Oratione
1583 2870 1871 2926 Dominica
1898 2870 2093 2925 subin-

2194 2880 2350 2944 Θεὸν,
2377 2899 2395 2931 ι
2408 2878 2589 2944 καθὼς
2606 2880 2880 2951 καὶδήμεῖς
2893 2898 2911 2932 ι
2934 2881 3048 2943 τοῖς
3065 2882 3145 2945 είς
3160 2882 3193 2951 ή
3204 2882 3311 2951 μᾶς
3327 2882 3790 2954 πλημμελήσασιν

492 2966 740 3031 dicatur,
781 2967 836 3022 in
870 2982 981 3038 qua
1012 2980 1277 3037 rogamus
1313 2963 1509 3030 Deum,
1543 2970 1605 3018 ut
1657 2982 1677 3016 ι
1714 2964 1875 3019 nobis
1898 2963 2091 3019 dimit-

2200 2994 2222 3025 τ
2253 2972 2509 3044 ἀφίεμεν.
2546 2991 2565 3024 ι
2609 2972 2719 3026 Καὶ
2744 2973 2861 3036 τοῖς
2886 2972 3156 3043 ἀνηλεῶς,
3182 2975 3304 3044 ἦτοι
3337 2974 3615 3046 σκληρῶς,
3649 2975 3788 3048 πρὸς

495 3070 599 3129 tat,
622 3063 768 3119 sicut
792 3070 848 3117 et
875 3077 979 3117 nos
1001 3060 1340 3117 dimittimus
1361 3058 1712 3115 debitoribus
1730 3058 1939 3114 nostris
1966 3059 2032 3112 ¹⁹;
2066 3074 2087 3109 ι

2196 3061 2323 3126 τοὺς
2359 3060 2667 3132 χρῄζοντας
2701 3066 3027 3135 σωματικῆς
3091 3064 3446 3137 παραμυθίας
3502 3066 3790 3138 διακειμέν-

494 3163 551 3209 et
597 3153 1135 3209 immisericordibus
1202 3153 1325 3223 (seu
1380 3152 1449 3206 iis
1484 3149 1581 3221 qui
1628 3150 1767 3205 dure
1796 3164 1854 3206 se
1892 3149 2097 3203 habent
2123 3133 2166 3192 (ἶ

493 3263 625 3318 erga
654 3246 965 3318 indigentes
1002 3245 1312 3317 corporalis
1378 3244 1616 3315 alicujus
1672 3242 2094 3314 consolationis)

506 3358 522 3394 ι
583 3339 857 3410 judicium
916 3339 1039 3394 sine
1093 3339 1475 3394 misericordia
1512 3337 1629 3397 ﬁet.
1662 3356 1681 3389 ι
1710 3367 1779 3377 -—
1816 3355 1835 3389 ι
1892 3336 2100 3406 Super-

496 3434 704 3489 exaltat
734 3440 919 3488 autem
949 3431 1324 3486 misericordia
1350 3432 1641 3501 judicium.
1674 3450 1693 3483 ι
1724 3461 1796 3472 --
1827 3449 1845 3481 ι
1885 3429 2100 3484 Miseri-

497 3524 698 3581 cordes
738 3543 757 3577 ι
792 3524 963 3588 enim,
1001 3524 1160 3595 juxta
1212 3524 1430 3578 Domini
1467 3524 1827 3588 sententiam,
1865 3540 1884 3574 ι
1929 3523 2098 3578 mise-

500 3616 799 3671 ricordiam
844 3623 1259 3685 consequentur
1285 3616 1353 3670 ὀ.
1395 3634 1414 3667 ι
1455 3615 1692 3669 Aliunde
1742 3630 1872 3669 vero
1935 3614 2101 3668 etiam

500 3710 818 3766 infidelibus
874 3708 1176 3780 aliquando
1246 3708 1630 3765 misericordia
1708 3707 1765 3763 in
1812 3722 2098 3779 pauperes

498 3805 718 3859 veniam
745 3805 997 3859 obtinere
1020 3803 1195 3858 valuit
1226 3803 1367 3874 (16),
1394 3811 1453 3856 ιιι
1488 3818 1553 3857 ex
1593 3800 1825 3856 historia
1861 3800 2099 3856 Danielis

501 3898 921 3968 cognoscimus.
957 3896 1101 3963 Quid
1142 3896 1313 3967 igitur
1341 3896 1397 3950 in
1453 3894 1708 3950 ﬁdelibus
1774 3894 2094 3948 hominibus

502 3994 770 4055 praestare
817 4003 926 4042 non
963 3986 1206 4057 poterit?
1231 3985 1378 4042 Sane
1434 3986 1569 4039 mihi
1598 3983 1819 4040 videtur
1869 3983 2092 4039 miseri-

498 4079 693 4133 cordia
752 4077 983 4149 perinde
1043 4093 1103 4133 se
1134 4077 1362 4143 habere,
1401 4091 1467 4132 ac
1531 4076 1584 4131 in
1614 4076 1840 4131 athletis
1887 4074 2091 4138 oleum,

500 4170 651 4239 quod
674 4186 744 4225 ex
772 4170 1068 4226 arboribus
1096 4169 1407 4239 colligitur:
1442 4168 1588 4223 istud
1632 4183 1871 4238 namque
1894 4167 2092 4221 illitum

501 4260 748 4322 azhletis.
793 4271 1021 4328 pra:5tat
1057 4260 1188 4323 illis,
1238 4267 1297 4313 ut
1351 4274 1581 4314 suorum
1641 4258 2090 4314 adversariorum

2200 3172 2334 3220 νοις,
2361 3172 2380 3206 ι
2412 3152 2655 3225 ἀνηλεῶς
2686 3156 2719 3226 ἡ
2751 3154 2936 3225 κρίσις
2974 3155 3370 3228 άπαντήσεται.
3408 3176 3428 3211 ι
3457 3189 3522 3200 -
3547 3177 3565 3211 ι
3601 3160 3793 3213 Κατα-

2202 3248 2477 3318 καυχᾶται
2504 3246 2561 3301 δὲ
2591 3246 2740 3312 ἕλεος
2755 3248 3016 3319 κρίσεως.
3049 3268 3069 3300 ι
3100 3278 3171 3290 --
3199 3269 3216 3302 ι
3247 3251 3310 3303 Οἱ
3330 3252 3439 3322 γὰρ
3470 3251 3789 3321 ἐλεήμονες,

2201 3335 2456 3407 atati.th
2477 3336 2571 3389 τοῦ
2588 3337 2795 3405 Κυρίου
2824 3338 3123 3407 ἀπόρασιν,
3144 3360 3163 3390 ι
3182 3340 3624 3411 ἐλεηθήσονται.»
3654 3343 3789 3398 Ἀλ-

2202 3428 2310 3490 λως
2339 3445 2424 3494 τε,
2461 3432 2556 3483 καὶ
2584 3427 2646 3502 If.
2685 3430 2814 3485 add.
2844 3431 2915 3504 εί]
2977 3432 3397 3505 είδωλολάτραις
3451 3436 3479 3488 ὁ
3526 3436 3606 3498 είς
3660 3437 3791 3502 τοὺς

2205 3520 2448 3590 πένητας
2474 3520 2623 3578 ἕλεος
2651 3521 2846 3591 ἄφεσιν
2869 3519 2978 3577 οἶδε
3014 3525 3285 3595 πορίζειν,
3313 3527 3387 3591 ὡς
3412 3531 3470 3581 ἐν
3499 3526 3575 3598 τῷ
3588 3529 3793 3600 Δανιὴλ

2202 3609 2543 3681 ἠκούσαμεν,
2569 3611 2622 3664 τί
2657 3614 2758 3666 οὐκ
2790 3612 2856 3668 ἂν
2885 3615 3183 3685 ἐργάσαιτο
3212 3619 3307 3670 ἐπὶ
3340 3619 3549 3673 πιστῶν
3576 3618 3794 3691 ἀνθρώ·-

2200 3719 2348 3771 πων;
2391 3703 2617 3759 Τοιοῦτο
2656 3706 2714 3760 δέ
2769 3724 2863 3777 μοι
2903 3708 3053 3762 δοκεῖ
3085 3703 3244 3773 οὗτος
3273 3713 3300 3764 ὀ
3334 3711 3485 3775 ἔλεος
3516 3713 3791 3785 διαπράτ-

2197 3795 2410 3861 τεσθαι,
2446 3795 2639 3866 ὥσπερ
2699 3798 2796 3853 ἐπὶ
2833 3798 2943 3852 τῶν
2977 3801 3037 3853 ἐν
3071 3802 3311 3866 σταδίοις
3358 3802 3690 3870 ἀθλούντων,
3726 3804 3791 3857 τὸ

2194 3889 2303 3942 ἀπὸ
2341 3888 2451 3942 τῶν
2502 3890 2737 3963 δένδρων
2786 3892 2998 3946 ἔλαιον*
3048 3894 3485 3965 ἐπαλειφᾶμενον
3513 3900 3623 3968 γὰρ
3672 3900 3791 3962 τοῖς

2195 3978 2478 4051 ἀθληταῖς,
2536 3980 2920 4037 διολισθαίνειν
2952 3983 3139 4039 δίδωσι
3180 3986 3279 4050 τὰς
3315 3987 3424 4040 τῶν
3471 3988 3790 4043 ἀντιπάλων

2197 4066 2367 4131 λαΰάς
2394 4085 2406 4100 ·
2443 4067 2616 4134 οὕτως
2649 4072 2747 4125 καλ⁸
2774 4072 2831 4124 ἐν
2877 4075 2944 4144 τῇ
2974 4074 3176 4144 κρίσει,
3208 4078 3236 4128 ὁ
3270 4078 3352 4140 είς
3396 4077 3523 4139 τοὺς
3550 4078 3792 4148 πένητας

2210 4161 2371 4230 ὴμῶν
2400 4162 2571 4229 ἕλεος,
2624 4164 2726 4229 τὰς
2756 4165 2868 4221 τῶν
2905 4166 3181 4238 δαιμόνων
3223 4169 3496 4240 ἐπιφορὰς
3526 4171 3796 4242 διαδιδρά-

2162 4309 2185 4329 .
2210 4270 2363 4307 σχειν
2391 4256 2711 4328 παρέξεται.

502 4353 901 4425 prehensiones
950 4352 1266 4416 elabantnr,
1315 4350 1455 4407 adeo
1516 4359 1575 4406 ut
1610 4351 1786 4406 teneri
1833 4349 1902 4405 ab
1932 4349 2069 4420 ipsis
2106 4362 2217 4403 non
2252 4350 2489 4418 possint.
2519 4347 2595 4405 lta
2627 4352 2757 4406 etin
2785 4351 3017 4422 judicio,
3095 4355 3141 4411 si
3206 4372 3369 4428 quam
3435 4357 3795 4413 habuerimus

502 4450 559 4503 in
626 4461 900 4519 pauperes
948 4443 1413 4511 misericordiam,
1466 4458 1531 4499 ca
1593 4443 1877 4515 praestabit
1935 4442 2122 4510 nobis,
2202 4450 2260 4495 ιιι
2312 4443 2624 4499 daemonum
2691 4445 2952 4517 impetus,
3008 4459 3174 4519 atque
3241 4451 3483 4507 insultus
3552 4450 3796 4521 effugere

498 4545 809 4602 valeamus.
1262 4604 1271 4613 δ

577 4640 743 4693 Vsus.
772 4636 862 4702 15,
891 4635 976 4689 16.
1007 4651 1027 4686 ι
1062 4633 1121 4688 Si
1151 4642 1334 4688 autem
1363 4632 1529 4688 frater
1545 4640 1601 4687 et
1624 4646 1784 4688 soror
1806 4630 1938 4685 nudi
1968 4631 2095 4697 sint,

2287 4650 2305 4683 ι
2347 4631 2472 4685 Ἐὰν
2502 4630 2558 4685 δὲ
2592 4631 2845 4701 ἀδελφὸς,
2897 4631 2930 4702 ἢ
2974 4630 3179 4706 ἀδελφὴ
3219 4633 3418 4705 γυμνοὶ
3479 4634 3793 4705 ὑπάρχωσι,

503 4740 557 4786 et
588 4731 869 4799 indigeant
896 4729 1046 4783 victu
1080 4726 1423 4797 quotidiano,
1487 4725 1639 4779 dicat
1684 4734 1866 4779 autem
1895 4723 2095 4793 aliquis

2204 4722 2301 4776 καὶ
2339 4723 2654 4794 λειπόμενοι
2708 4718 2933 4795 ὧτιτῆς
2967 4725 3250 4796 ἐφημέρου
3300 4725 3542 4797 τροφῆς,
3576 4727 3710 4799 εἴπῃ
3734 4727 3798 4780 δέ

502 4837 573 4876 ex
604 4820 764 4875 vobis
797 4820 927 4882 illis,
971 4815 1052 4872 ite
1080 4818 1132 4871 in
1167 4832 1302 4888 pace
1327 4854 1342 4881 ,
1377 4813 1770 4879 ca‘lelacimini,
1802 4822 1855 4869 et
1882 4822 2095 4869 satura-

2202 4834 2288 4880 τις
2341 4818 2529 4881 αὐτοῖς
2560 4816 2620 4884 ἐξ
2645 4817 2832 4886 ὑμῶν·
2876 4817 3151 4886 Ὑπάγετε
3207 4821 3267 4871 ἐν
3299 4820 3516 4890 εἰρήνῃ,
3559 4818 3797 4889 θερμαί-

506 4914 670 4981 mini,
729 4931 837 4969 non
893 4913 1159 4969 dederitis
1212 4924 1396 4967 autem
1441 4913 1543 4976 eis,
1604 4927 1726 4982 quae
1782 4912 2095 4967 necessaria

2201 4908 2359 4964 νεσθε
2400 4911 2496 4963 καὶ
2529 4909 2885 4981 χορτάζεσθε,
2933 4910 3010 4982 μὴ
3036 4910 3160 4963 δότε
3205 4909 3263 4964 δὲ
3296 4911 3479 4973 αὐτοῖς
3508 4909 3576 4963 τὰ
3599 4911 3795 4980 ἐπιτή-

505 5014 641 5064 suut
669 5004 912 5075 corpori,
942 5002 1077 5075 quid
1118 5002 1380 5073 prodest?
1420 5020 1440 5055 ι
1477 5002 1723 5058 Observa
1751 5003 2094 5073 Spiritualem

2201 4998 2321 5053 δεια
2361 5001 2456 5053 τοῦ
2505 4999 2778 5071 σώματος,
2809 5000 2864 5053 τί
2893 5001 2953 5055 τὸ
2980 5001 3206 5071 δφελος;
3248 5021 3267 5053 ι
3308 5001 3506 5055 Σκόπει
3540 5017 3793 5071 πνευμα-

505 5113 756 5155 sensum.
794 5096 913 5152 Non
941 5096 1089 5152 enim
1142 5096 1283 5150 dixit
1327 5094 1734 5160 tantummodo,
1773 5112 1793 5146 ι
1837 5094 1895 5149 Si
1934 5094 2095 5149 fidem

2198 5095 2361 5163 τικὴν
2412 5094 2650 5149 σύνεσιν.
2685 5096 2759 5147 Οὐ
2806 5094 2915 5165 γὰρ
2963 5090 3084 5148 εἷπε
3133 5095 3317 5166 μόνον,
3354 5113 3373 5147 ι
3424 5095 3551 5148 Ἐάν
3604 5094 3796 5148 πίστιν

508 5194 738 5256 habeas,
777 5211 795 5244 ι
850 5191 947 5247 sed
988 5209 1008 5242 ι
1047 5190 1187 5257 Quid
1252 5189 1523 5259 prodest?
1563 5207 1582 5240 ι
1624 5203 1689 5245 ae
1741 5189 1787 5244 si
1854 5188 2095 5245 diceret:

2202 5186 2356 5258 ἔχῃς,
2391 5205 2410 5240 ι
2452 5186 2610 5253 ἀλλὰ,
2647 5206 2664 5237 ι
2720 5185 2785 5239 Τί
2826 5186 2886 5239 τὸ
2916 5185 3141 5254 ὅφελος;
3194 5204 3213 5238 ι
3270 5186 3460 5258 ὥσπερ
3504 5188 3553 5239 εί
3603 5186 3793 5255 ἔλεγε·

508 5286 755 5343 Ostende
787 5286 919 5340 mihi
952 5300 1115 5355 opus,
1151 5284 1221 5339 ob
1256 5284 1403 5353 quod
1437 5283 1598 5339 talem
1646 5283 1743 5337 tibi
1773 5281 2095 5353 appellatio-

2204 5278 2388 5344 Δείξόν
2422 5297 2514 5349 μοι
2542 5279 2604 5333 τὸ
2633 5281 2871 5351 πρᾶγμα
2902 5278 2997 5349 ἀφ’
3020 5273 3080 5332 οὗ
3118 5277 3249 5352 [σοι]
3274 5278 3373 5351 τὴν
3420 5276 3798 5349 προσηγορίαν

513 5395 636 5434 nem
698 5377 1045 5447 adjudicem:
1085 5377 1189 5431 hoc
1229 5382 1315 5430 est
1339 5374 1486 5429 enim
1543 5388 1686 5444 opus
1739 5372 1888 5427 fidei.
1940 5370 2095 5438 Quod

2204 5371 2414 5444 ταύτην
2460 5373 2775 5444 λογίσομαι.
2816 5373 2988 5427 Τοῦτο
3039 5373 3147 5444 γὰρ
3180 5375 3283 5443 τῆς
3332 5372 3570 5435 πίστεως
3609 5371 3796 5443 ἔργον.

511 5469 589 5524 ait
616 5469 801 5541 igitur,
831 5467 1147 5539 bujnsmodi
1173 5476 1291 5522 est:
1325 5465 1380 5520 Si
1421 5464 1547 5535 quis
1577 5479 1741 5535 opere
1773 5479 1883 5519 non
1912 5470 2095 5520 osten-

2213 5468 2279 5519 Ὃ
2304 5466 2359 5520 δὲ
2392 5466 2565 5535 λέγει,
2597 5467 2840 5523 τοιοῦτόν
2874 5468 3053 5522 ἐστιν’
3094 5466 3219 5520 Ἐὰν
3257 5466 3332 5540 μὴ
3366 5466 3512 5538 ἔργῳ
3533 5465 3683 5538 δείξῃ
3714 5481 3799 5531 τις

587 5608 632 5642 ⁸⁸
657 5608 703 5663 ll
745 5606 890 5662 Petr.
925 5624 987 5673 ιι,
1023 5607 1109 5663 19.
1190 5607 1233 5639 ¹⁹
1269 5605 1459 5661 Matth.
1493 5620 1569 5670 \‘l,
1607 5602 1692 5657 l2.
1770 5603 1814 5633 ²⁰
1840 5600 2032 5655 Matth.
2064 5616 2117 5667 ν,
2149 5601 2205 5657 7.

1754 5734 2063 5799 Bonifacii
2112 5733 2337 5796 Finetti
2386 5739 2574 5795 notae.

586 5848 703 5921 (16)
734 5846 980 5917 lntellige
1007 5846 1185 5917 quoad
1219 5859 1435 5915 pinnam
1472 5844 1885 5914 temporariam.
