  <div class='ocr_page' id='page_1' title='image "/cluster/home/n/w/nwhite01/storage/ocr_20150623/125:no.3/coo.31924054870302/586.png"; bbox 0 0 4120 6424; ppageno 0'>
   <div class='ocr_carea' id='block_1_1' title="bbox 349 367 494 436">
    <p class='ocr_par' dir='ltr' id='par_1_1' title="bbox 349 367 494 436">
     <span class='ocr_line' id='line_1_1' title="bbox 349 367 494 436; baseline 0.007 -4"><span class='ocrx_word' id='word_1_1' title='bbox 349 367 494 436; x_wconf 65' lang='grc'><strong>1457</strong></span> 
     </span>
    </p>
   </div>
   <div class='ocr_carea' id='block_1_2' title="bbox 1170 370 2827 442">
    <p class='ocr_par' dir='ltr' id='par_1_2' title="bbox 1170 370 2827 442">
     <span class='ocr_line' id='line_1_2' title="bbox 1170 370 2827 442; baseline 0.004 -7"><span class='ocrx_word' id='word_1_2' title='bbox 1170 372 1577 435; x_wconf 80' lang='lat' dir='ltr'><strong>EXPOSITIO</strong></span> <span class='ocrx_word' id='word_1_3' title='bbox 1601 371 1684 434; x_wconf 88' lang='lat' dir='ltr'><strong>IN</strong></span> <span class='ocrx_word' id='word_1_4' title='bbox 1723 370 1962 433; x_wconf 87' lang='lat' dir='ltr'><strong>EPIST.</strong></span> <span class='ocrx_word' id='word_1_5' title='bbox 1998 373 2060 434; x_wconf 93' lang='lat' dir='ltr'><strong>S.</strong></span> <span class='ocrx_word' id='word_1_6' title='bbox 2111 371 2395 436; x_wconf 84' lang='lat' dir='ltr'><strong>IACOBI.</strong></span> <span class='ocrx_word' id='word_1_7' title='bbox 2437 397 2508 412; x_wconf 84' lang='lat'>-</span> <span class='ocrx_word' id='word_1_8' title='bbox 2540 376 2701 442; x_wconf 83' lang='lat' dir='ltr'><strong>CAP.</strong></span> <span class='ocrx_word' id='word_1_9' title='bbox 2740 377 2827 441; x_wconf 92' lang='grc' dir='ltr'><strong>ΙΙ.</strong></span> 
     </span>
    </p>
   </div>
   <div class='ocr_carea' id='block_1_3' title="bbox 3481 379 3619 447">
    <p class='ocr_par' dir='ltr' id='par_1_3' title="bbox 3481 379 3619 447">
     <span class='ocr_line' id='line_1_3' title="bbox 3481 379 3619 447; baseline 0.022 -3"><span class='ocrx_word' id='word_1_10' title='bbox 3481 379 3619 447; x_wconf 88' lang='grc'><strong>1158</strong></span> 
     </span>
    </p>
   </div>
   <div class='ocr_carea' id='block_1_4' title="bbox 352 483 1965 560">
    <p class='ocr_par' dir='ltr' id='par_1_4' title="bbox 352 483 1933 557">
     <span class='ocr_line' id='line_1_4' title="bbox 352 483 1933 557; baseline 0 -19"><span class='ocrx_word' id='word_1_11' title='bbox 352 486 438 538; x_wconf 83' lang='grc' dir='ltr'>ὃτι</span> <span class='ocrx_word' id='word_1_12' title='bbox 473 483 722 537; x_wconf 81' lang='grc' dir='ltr'><strong>πιστεύει</strong></span> <span class='ocrx_word' id='word_1_13' title='bbox 749 483 825 553; x_wconf 82' lang='grc' dir='ltr'><strong>τῷ</strong></span> <span class='ocrx_word' id='word_1_14' title='bbox 855 483 996 554; x_wconf 82' lang='grc' dir='ltr'><strong>Θεῷ,</strong></span> <span class='ocrx_word' id='word_1_15' title='bbox 1028 487 1258 557; x_wconf 81' lang='grc' dir='ltr'>περιττὴ</span> <span class='ocrx_word' id='word_1_16' title='bbox 1289 487 1385 538; x_wconf 77' lang='grc' dir='ltr'>καὶ</span> <span class='ocrx_word' id='word_1_17' title='bbox 1427 485 1461 555; x_wconf 76' lang='grc' dir='ltr'><strong>ἡ</strong></span> <span class='ocrx_word' id='word_1_18' title='bbox 1501 484 1808 556; x_wconf 72' lang='grc' dir='ltr'><strong>κατηγορία</strong></span> <span class='ocrx_word' id='word_1_19' title='bbox 1837 484 1933 538; x_wconf 73' lang='grc' dir='ltr'><strong>τοῦ</strong></span> 
     </span>
    </p>
   </div>
   <div class='ocr_carea' id='block_1_5' title="bbox 2053 483 3622 560">
    <p class='ocr_par' dir='ltr' id='par_1_5' title="bbox 2053 485 3622 560">
     <span class='ocr_line' id='line_1_5' title="bbox 2053 485 3622 560; baseline 0.009 -21"><span class='ocrx_word' id='word_1_20' title='bbox 2053 485 2154 551; x_wconf 76' lang='lat' dir='ltr'><strong>iat,</strong></span> <span class='ocrx_word' id='word_1_21' title='bbox 2216 501 2278 542; x_wconf 89' lang='lat' dir='ltr'><strong>se</strong></span> <span class='ocrx_word' id='word_1_22' title='bbox 2331 487 2559 544; x_wconf 90' lang='lat' dir='ltr'><strong>credere</strong></span> <span class='ocrx_word' id='word_1_23' title='bbox 2616 488 2749 556; x_wconf 87' lang='lat' dir='ltr'><strong>Deo,</strong></span> <span class='ocrx_word' id='word_1_24' title='bbox 2801 488 3136 560; x_wconf 88' lang='lat' dir='ltr'><strong>superﬁuum</strong></span> <span class='ocrx_word' id='word_1_25' title='bbox 3197 490 3361 549; x_wconf 89' lang='lat' dir='ltr'><strong>etiam</strong></span> <span class='ocrx_word' id='word_1_26' title='bbox 3419 507 3504 551; x_wconf 88' lang='lat' dir='ltr'><strong>est</strong></span> <span class='ocrx_word' id='word_1_27' title='bbox 3560 513 3622 552; x_wconf 86' lang='lat' dir='ltr'><strong>se</strong></span> 
     </span>
    </p>
   </div>
   <div class='ocr_carea' id='block_1_6' title="bbox 357 575 1940 648">
    <p class='ocr_par' dir='ltr' id='par_1_6' title="bbox 357 575 1940 648">
     <span class='ocr_line' id='line_1_6' title="bbox 357 575 1940 648; baseline 0.001 -20"><span class='ocrx_word' id='word_1_28' title='bbox 357 577 550 631; x_wconf 73' lang='grc' dir='ltr'>πιστὸν</span> <span class='ocrx_word' id='word_1_29' title='bbox 597 575 876 643; x_wconf 81' lang='grc' dir='ltr'>λέγεσθαι.</span> <span class='ocrx_word' id='word_1_30' title='bbox 929 578 1006 630; x_wconf 82' lang='grc' dir='ltr'><strong>Οὐ</strong></span> <span class='ocrx_word' id='word_1_31' title='bbox 1051 579 1162 648; x_wconf 87' lang='grc' dir='ltr'>γὰρ</span> <span class='ocrx_word' id='word_1_32' title='bbox 1210 577 1240 630; x_wconf 99' lang='lat'><strong>6</strong></span> <span class='ocrx_word' id='word_1_33' title='bbox 1289 577 1476 642; x_wconf 82' lang='grc' dir='ltr'>ἁπλῶς</span> <span class='ocrx_word' id='word_1_34' title='bbox 1523 577 1698 645; x_wconf 83' lang='grc' dir='ltr'>λέγων</span> <span class='ocrx_word' id='word_1_35' title='bbox 1746 576 1940 630; x_wconf 75' lang='grc' dir='ltr'>ἑαυτὸν</span> 
     </span>
    </p>
   </div>
   <div class='ocr_carea' id='block_1_7' title="bbox 355 660 1940 739">
    <p class='ocr_par' dir='ltr' id='par_1_7' title="bbox 355 660 1940 739">
     <span class='ocr_line' id='line_1_7' title="bbox 355 660 1940 739; baseline 0.001 -18"><span class='ocrx_word' id='word_1_36' title='bbox 355 664 496 724; x_wconf 75' lang='grc' dir='ltr'>εἶναι</span> <span class='ocrx_word' id='word_1_37' title='bbox 528 667 622 720; x_wconf 79' lang='grc' dir='ltr'>τοῦ</span> <span class='ocrx_word' id='word_1_38' title='bbox 658 669 884 739; x_wconf 84' lang='grc' dir='ltr'>Κυρίου,</span> <span class='ocrx_word' id='word_1_39' title='bbox 919 660 1074 732; x_wconf 73' lang='grc' dir='ltr'>οὗτός</span> <span class='ocrx_word' id='word_1_40' title='bbox 1106 669 1223 722; x_wconf 76' lang='grc' dir='ltr'>ἔστι</span> <span class='ocrx_word' id='word_1_41' title='bbox 1271 671 1484 735; x_wconf 75' lang='grc' dir='ltr'>πιστὸς,</span> <span class='ocrx_word' id='word_1_42' title='bbox 1537 669 1653 721; x_wconf 80' lang='grc' dir='ltr'>ἀλλ’</span> <span class='ocrx_word' id='word_1_43' title='bbox 1699 670 1728 720; x_wconf 91' lang='lat'><strong>6</strong></span> <span class='ocrx_word' id='word_1_44' title='bbox 1767 668 1940 732; x_wconf 70' lang='grc' dir='ltr'>οὔτως</span> 
     </span>
    </p>
   </div>
   <div class='ocr_carea' id='block_1_8' title="bbox 357 760 1942 832">
    <p class='ocr_par' dir='ltr' id='par_1_8' title="bbox 357 760 1942 832">
     <span class='ocr_line' id='line_1_8' title="bbox 357 760 1942 832; baseline -0.001 -18"><span class='ocrx_word' id='word_1_45' title='bbox 357 761 589 826; x_wconf 81' lang='grc' dir='ltr'><strong>ἀγαπῶν</strong></span> <span class='ocrx_word' id='word_1_46' title='bbox 611 760 703 813; x_wconf 83' lang='grc' dir='ltr'><strong>τὸν</strong></span> <span class='ocrx_word' id='word_1_47' title='bbox 738 760 943 828; x_wconf 80' lang='grc' dir='ltr'>Κύριον</span> <span class='ocrx_word' id='word_1_48' title='bbox 978 761 1054 824; x_wconf 82' lang='grc' dir='ltr'>ὡς</span> <span class='ocrx_word' id='word_1_49' title='bbox 1079 760 1170 814; x_wconf 73' lang='grc' dir='ltr'><strong>διὰ</strong></span> <span class='ocrx_word' id='word_1_50' title='bbox 1201 761 1298 832; x_wconf 86' lang='grc' dir='ltr'>τὴν</span> <span class='ocrx_word' id='word_1_51' title='bbox 1328 763 1408 824; x_wconf 84' lang='grc' dir='ltr'><strong>είς</strong></span> <span class='ocrx_word' id='word_1_52' title='bbox 1441 761 1606 816; x_wconf 78' lang='grc' dir='ltr'>αὑτὸν</span> <span class='ocrx_word' id='word_1_53' title='bbox 1641 761 1824 814; x_wconf 78' lang='grc' dir='ltr'>πίστιν</span> <span class='ocrx_word' id='word_1_54' title='bbox 1849 760 1942 814; x_wconf 81' lang='grc' dir='ltr'><strong>καὶ</strong></span> 
     </span>
    </p>
   </div>
   <div class='ocr_carea' id='block_1_9' title="bbox 359 850 1941 927">
    <p class='ocr_par' dir='ltr' id='par_1_9' title="bbox 359 850 1941 927">
     <span class='ocr_line' id='line_1_9' title="bbox 359 850 1941 927; baseline 0.001 -21"><span class='ocrx_word' id='word_1_55' title='bbox 359 853 590 908; x_wconf 80' lang='grc' dir='ltr'>θανάτου</span> <span class='ocrx_word' id='word_1_56' title='bbox 633 854 992 924; x_wconf 71' lang='grc' dir='ltr'><strong>κατατολμῶν</strong></span> <span class='ocrx_word' id='word_1_57' title='bbox 1042 853 1104 927; x_wconf 81' lang='grc' dir='ltr'><strong>[Ῑ.</strong></span> <span class='ocrx_word' id='word_1_58' title='bbox 1137 853 1333 927; x_wconf 81' lang='grc' dir='ltr'>-μᾷν]·</span> <span class='ocrx_word' id='word_1_59' title='bbox 1385 855 1481 909; x_wconf 79' lang='grc' dir='ltr'>καὶ</span> <span class='ocrx_word' id='word_1_60' title='bbox 1511 854 1593 908; x_wconf 80' lang='grc' dir='ltr'>ὅτι</span> <span class='ocrx_word' id='word_1_61' title='bbox 1641 850 1800 918; x_wconf 71' lang='grc' dir='ltr'>οὗτος</span> <span class='ocrx_word' id='word_1_62' title='bbox 1833 855 1941 908; x_wconf 85' lang='grc' dir='ltr'><strong>τῶν</strong></span> 
     </span>
    </p>
   </div>
   <div class='ocr_carea' id='block_1_10' title="bbox 359 944 1939 1016">
    <p class='ocr_par' dir='ltr' id='par_1_10' title="bbox 359 944 1939 1016">
     <span class='ocr_line' id='line_1_10' title="bbox 359 944 1939 1016; baseline 0.003 -20"><span class='ocrx_word' id='word_1_63' title='bbox 359 944 793 1015; x_wconf 74' lang='grc' dir='ltr'>προκειμένωνὸ</span> <span class='ocrx_word' id='word_1_64' title='bbox 836 944 1061 1009; x_wconf 73' lang='grc' dir='ltr'>σκοπὸς,</span> <span class='ocrx_word' id='word_1_65' title='bbox 1116 944 1187 998; x_wconf 73' lang='grc' dir='ltr'><strong>τὰ</strong></span> <span class='ocrx_word' id='word_1_66' title='bbox 1233 944 1614 1015; x_wconf 73' lang='grc' dir='ltr'><strong>ὑποδείγματα</strong></span> <span class='ocrx_word' id='word_1_67' title='bbox 1662 945 1939 1016; x_wconf 82' lang='grc' dir='ltr'><strong>δηλοῦσιν.</strong></span> 
     </span>
    </p>
   </div>
   <div class='ocr_carea' id='block_1_11' title="bbox 369 1034 1942 1106">
    <p class='ocr_par' dir='ltr' id='par_1_11' title="bbox 369 1034 1942 1106">
     <span class='ocr_line' id='line_1_11' title="bbox 369 1034 1942 1106; baseline 0.001 -20"><span class='ocrx_word' id='word_1_68' title='bbox 369 1034 623 1104; x_wconf 80' lang='grc' dir='ltr'>Ἀϐραὰμ</span> <span class='ocrx_word' id='word_1_69' title='bbox 645 1034 774 1105; x_wconf 75' lang='grc' dir='ltr'>γὰρ,</span> <span class='ocrx_word' id='word_1_70' title='bbox 809 1036 996 1106; x_wconf 74' lang='grc' dir='ltr'>φησὶν,</span> <span class='ocrx_word' id='word_1_71' title='bbox 1027 1035 1177 1106; x_wconf 83' lang='grc' dir='ltr'>ἔργῳ</span> <span class='ocrx_word' id='word_1_72' title='bbox 1207 1034 1408 1101; x_wconf 78' lang='grc' dir='ltr'>ἔδειξεν</span> <span class='ocrx_word' id='word_1_73' title='bbox 1434 1037 1515 1089; x_wconf 84' lang='grc' dir='ltr'>ὅτι</span> <span class='ocrx_word' id='word_1_74' title='bbox 1547 1034 1835 1089; x_wconf 75' lang='grc' dir='ltr'>ἐπίστευσε</span> <span class='ocrx_word' id='word_1_75' title='bbox 1863 1035 1942 1106; x_wconf 83' lang='grc' dir='ltr'><strong>τῷ</strong></span> 
     </span>
    </p>
   </div>
   <div class='ocr_carea' id='block_1_12' title="bbox 350 1126 1938 1201">
    <p class='ocr_par' dir='ltr' id='par_1_12' title="bbox 350 1126 1938 1201">
     <span class='ocr_line' id='line_1_12' title="bbox 350 1126 1938 1201; baseline 0.003 -22"><span class='ocrx_word' id='word_1_76' title='bbox 350 1126 500 1197; x_wconf 73' lang='grc' dir='ltr'>Θεῷ,</span> <span class='ocrx_word' id='word_1_77' title='bbox 551 1126 860 1196; x_wconf 85' lang='grc' dir='ltr'>ἀνενεγκὼν</span> <span class='ocrx_word' id='word_1_78' title='bbox 910 1131 992 1192; x_wconf 80' lang='grc' dir='ltr'><strong>είς</strong></span> <span class='ocrx_word' id='word_1_79' title='bbox 1035 1129 1418 1201; x_wconf 82' lang='grc' dir='ltr'>ὁλοκάρπωσιν</span> <span class='ocrx_word' id='word_1_80' title='bbox 1449 1130 1542 1184; x_wconf 74' lang='grc' dir='ltr'>τὸν</span> <span class='ocrx_word' id='word_1_81' title='bbox 1572 1130 1938 1200; x_wconf 83' lang='grc' dir='ltr'>πρωτότοκον.</span> 
     </span>
    </p>
   </div>
   <div class='ocr_carea' id='block_1_13' title="bbox 365 1217 1941 1295">
    <p class='ocr_par' dir='ltr' id='par_1_13' title="bbox 365 1217 1941 1295">
     <span class='ocr_line' id='line_1_13' title="bbox 365 1217 1941 1295; baseline 0.003 -23"><span class='ocrx_word' id='word_1_82' title='bbox 365 1218 603 1289; x_wconf 82' lang='grc' dir='ltr'>Ὁμοίως</span> <span class='ocrx_word' id='word_1_83' title='bbox 653 1217 711 1273; x_wconf 75' lang='grc' dir='ltr'>δὲ</span> <span class='ocrx_word' id='word_1_84' title='bbox 756 1222 849 1274; x_wconf 73' lang='grc' dir='ltr'>καὶ</span> <span class='ocrx_word' id='word_1_85' title='bbox 916 1219 1088 1274; x_wconf 72' lang='grc' dir='ltr'>Ῥαὰϐ</span> <span class='ocrx_word' id='word_1_86' title='bbox 1145 1220 1496 1278; x_wconf 77' lang='grc' dir='ltr'><strong>πιστεύσασα</strong></span> <span class='ocrx_word' id='word_1_87' title='bbox 1561 1223 1941 1295; x_wconf 78' lang='grc' dir='ltr'>κατεφρόνησε</span> 
     </span>
    </p>
   </div>
   <div class='ocr_carea' id='block_1_14' title="bbox 359 1314 611 1369">
    <p class='ocr_par' dir='ltr' id='par_1_14' title="bbox 359 1314 611 1369">
     <span class='ocr_line' id='line_1_14' title="bbox 359 1314 611 1369; baseline -0.004 -1"><span class='ocrx_word' id='word_1_88' title='bbox 359 1314 611 1369; x_wconf 78' lang='grc' dir='ltr'>Θανάτου.</span> 
     </span>
    </p>
   </div>
   <div class='ocr_carea' id='block_1_15' title="bbox 437 1405 1942 1480">
    <p class='ocr_par' dir='ltr' id='par_1_15' title="bbox 437 1405 1942 1480">
     <span class='ocr_line' id='line_1_15' title="bbox 437 1405 1942 1480; baseline 0.001 -22"><span class='ocrx_word' id='word_1_89' title='bbox 437 1425 456 1457; x_wconf 80' lang='grc' dir='ltr'><strong>ι</strong></span> <span class='ocrx_word' id='word_1_90' title='bbox 492 1405 650 1460; x_wconf 80' lang='grc' dir='ltr'>Οὕτω</span> <span class='ocrx_word' id='word_1_91' title='bbox 669 1405 764 1460; x_wconf 69' lang='grc' dir='ltr'><strong>καὶ</strong></span> <span class='ocrx_word' id='word_1_92' title='bbox 797 1407 832 1476; x_wconf 81' lang='grc' dir='ltr'><strong>ἡ</strong></span> <span class='ocrx_word' id='word_1_93' title='bbox 863 1405 1066 1470; x_wconf 87' lang='grc' dir='ltr'>πίστις,</span> <span class='ocrx_word' id='word_1_94' title='bbox 1094 1406 1190 1461; x_wconf 75' lang='grc' dir='ltr'><strong>ἐὰν</strong></span> <span class='ocrx_word' id='word_1_95' title='bbox 1219 1407 1296 1478; x_wconf 82' lang='grc' dir='ltr'>μὴ</span> <span class='ocrx_word' id='word_1_96' title='bbox 1325 1405 1461 1480; x_wconf 75' lang='grc' dir='ltr'>ἔργα</span> <span class='ocrx_word' id='word_1_97' title='bbox 1483 1406 1602 1480; x_wconf 84' lang='grc' dir='ltr'><strong>ἔχῃ,</strong></span> <span class='ocrx_word' id='word_1_98' title='bbox 1629 1407 1799 1479; x_wconf 81' lang='grc' dir='ltr'>νεκρά</span> <span class='ocrx_word' id='word_1_99' title='bbox 1825 1407 1942 1462; x_wconf 76' lang='grc' dir='ltr'>ἔστι</span> 
     </span>
    </p>
   </div>
   <div class='ocr_carea' id='block_1_16' title="bbox 358 1499 1943 1572">
    <p class='ocr_par' dir='ltr' id='par_1_16' title="bbox 358 1499 1943 1572">
     <span class='ocr_line' id='line_1_16' title="bbox 358 1499 1943 1572; baseline 0.001 -19"><span class='ocrx_word' id='word_1_100' title='bbox 358 1501 482 1554; x_wconf 86' lang='grc' dir='ltr'>καθ’</span> <span class='ocrx_word' id='word_1_101' title='bbox 515 1501 738 1570; x_wconf 77' lang='grc' dir='ltr'>ἑαυτήν.</span> <span class='ocrx_word' id='word_1_102' title='bbox 783 1500 922 1554; x_wconf 84' lang='grc' dir='ltr'>Ἀλλ’</span> <span class='ocrx_word' id='word_1_103' title='bbox 955 1501 1072 1572; x_wconf 75' lang='grc' dir='ltr'>ἐρεῖ</span> <span class='ocrx_word' id='word_1_104' title='bbox 1098 1518 1182 1565; x_wconf 85' lang='grc' dir='ltr'><strong>τις</strong></span> <span class='ocrx_word' id='word_1_105' title='bbox 1203 1518 1221 1534; x_wconf 86' lang='grc'><strong>·</strong></span> <span class='ocrx_word' id='word_1_106' title='bbox 1270 1502 1343 1555; x_wconf 80' lang='grc' dir='ltr'><strong>Σὺ</strong></span> <span class='ocrx_word' id='word_1_107' title='bbox 1373 1502 1554 1556; x_wconf 83' lang='grc' dir='ltr'>πίστιν</span> <span class='ocrx_word' id='word_1_108' title='bbox 1602 1501 1747 1572; x_wconf 85' lang='grc' dir='ltr'>ἔχεις</span> <span class='ocrx_word' id='word_1_109' title='bbox 1784 1499 1943 1570; x_wconf 80' lang='grc' dir='ltr'><strong>κάγὼ</strong></span> 
     </span>
    </p>
   </div>
   <div class='ocr_carea' id='block_1_17' title="bbox 358 1592 1943 1667">
    <p class='ocr_par' dir='ltr' id='par_1_17' title="bbox 358 1592 1943 1667">
     <span class='ocr_line' id='line_1_17' title="bbox 358 1592 1943 1667; baseline 0.002 -22"><span class='ocrx_word' id='word_1_110' title='bbox 358 1592 496 1663; x_wconf 84' lang='grc' dir='ltr'>ἔργα</span> <span class='ocrx_word' id='word_1_111' title='bbox 525 1592 654 1664; x_wconf 83' lang='grc' dir='ltr'>ἔχω.</span> <span class='ocrx_word' id='word_1_112' title='bbox 700 1592 881 1660; x_wconf 79' lang='grc' dir='ltr'><strong>Δεῖξόν</strong></span> <span class='ocrx_word' id='word_1_113' title='bbox 917 1611 1010 1665; x_wconf 86' lang='grc' dir='ltr'><strong>μοι</strong></span> <span class='ocrx_word' id='word_1_114' title='bbox 1051 1595 1153 1664; x_wconf 79' lang='grc' dir='ltr'>τὴν</span> <span class='ocrx_word' id='word_1_115' title='bbox 1183 1593 1369 1650; x_wconf 88' lang='grc' dir='ltr'>πίστιν</span> <span class='ocrx_word' id='word_1_116' title='bbox 1409 1612 1502 1648; x_wconf 90' lang='grc' dir='ltr'><strong>σου</strong></span> <span class='ocrx_word' id='word_1_117' title='bbox 1533 1597 1598 1649; x_wconf 83' lang='grc' dir='ltr'>ὲκ</span> <span class='ocrx_word' id='word_1_118' title='bbox 1624 1596 1734 1650; x_wconf 82' lang='grc' dir='ltr'><strong>τῶν</strong></span> <span class='ocrx_word' id='word_1_119' title='bbox 1765 1596 1943 1667; x_wconf 89' lang='grc' dir='ltr'>ἔργων</span> 
     </span>
    </p>
   </div>
   <div class='ocr_carea' id='block_1_18' title="bbox 360 1681 1944 1757">
    <p class='ocr_par' dir='ltr' id='par_1_18' title="bbox 360 1681 1944 1757">
     <span class='ocr_line' id='line_1_18' title="bbox 360 1681 1944 1757; baseline 0.003 -21"><span class='ocrx_word' id='word_1_120' title='bbox 360 1701 483 1748; x_wconf 81' lang='grc' dir='ltr'>σου,</span> <span class='ocrx_word' id='word_1_121' title='bbox 517 1681 674 1751; x_wconf 82' lang='grc' dir='ltr'><strong>κάγὼ</strong></span> <span class='ocrx_word' id='word_1_122' title='bbox 703 1682 864 1749; x_wconf 80' lang='grc' dir='ltr'>δείξω</span> <span class='ocrx_word' id='word_1_123' title='bbox 896 1701 980 1738; x_wconf 92' lang='grc' dir='ltr'><strong>σοι</strong></span> <span class='ocrx_word' id='word_1_124' title='bbox 1028 1685 1093 1738; x_wconf 82' lang='grc' dir='ltr'>ὲκ</span> <span class='ocrx_word' id='word_1_125' title='bbox 1125 1685 1235 1739; x_wconf 85' lang='grc' dir='ltr'><strong>τῶν</strong></span> <span class='ocrx_word' id='word_1_126' title='bbox 1265 1685 1447 1757; x_wconf 88' lang='grc' dir='ltr'>ἔργων</span> <span class='ocrx_word' id='word_1_127' title='bbox 1480 1703 1583 1756; x_wconf 91' lang='grc' dir='ltr'><strong>μου</strong></span> <span class='ocrx_word' id='word_1_128' title='bbox 1615 1685 1715 1756; x_wconf 75' lang='grc' dir='ltr'>τὴν</span> <span class='ocrx_word' id='word_1_129' title='bbox 1761 1686 1944 1741; x_wconf 84' lang='grc' dir='ltr'>πίστιν</span> 
     </span>
    </p>
   </div>
   <div class='ocr_carea' id='block_1_19' title="bbox 362 1773 1940 1846">
    <p class='ocr_par' dir='ltr' id='par_1_19' title="bbox 362 1773 1940 1846">
     <span class='ocr_line' id='line_1_19' title="bbox 362 1773 1940 1846; baseline 0.003 -18"><span class='ocrx_word' id='word_1_130' title='bbox 362 1793 490 1846; x_wconf 89' lang='grc' dir='ltr'>μου.</span> <span class='ocrx_word' id='word_1_131' title='bbox 529 1777 602 1830; x_wconf 75' lang='grc' dir='ltr'><strong>Σὺ</strong></span> <span class='ocrx_word' id='word_1_132' title='bbox 642 1777 922 1841; x_wconf 81' lang='grc' dir='ltr'>πιστεύεις</span> <span class='ocrx_word' id='word_1_133' title='bbox 946 1779 1029 1832; x_wconf 84' lang='grc' dir='ltr'>ὅτι</span> <span class='ocrx_word' id='word_1_134' title='bbox 1052 1773 1136 1842; x_wconf 74' lang='grc' dir='ltr'>εἷς</span> <span class='ocrx_word' id='word_1_135' title='bbox 1171 1777 1304 1842; x_wconf 82' lang='grc' dir='ltr'>Θεός</span> <span class='ocrx_word' id='word_1_136' title='bbox 1324 1779 1444 1832; x_wconf 75' lang='grc' dir='ltr'>ἔστι</span> <span class='ocrx_word' id='word_1_137' title='bbox 1464 1793 1479 1807; x_wconf 88' lang='grc'><strong>·</strong></span> <span class='ocrx_word' id='word_1_138' title='bbox 1519 1779 1701 1843; x_wconf 85' lang='grc' dir='ltr'>καλῶς</span> <span class='ocrx_word' id='word_1_139' title='bbox 1732 1782 1905 1844; x_wconf 86' lang='grc' dir='ltr'>ποιεῖς</span> <span class='ocrx_word' id='word_1_140' title='bbox 1924 1796 1940 1812; x_wconf 75' lang='grc'><em>’</em></span> 
     </span>
    </p>
   </div>
   <div class='ocr_carea' id='block_1_20' title="bbox 2043 577 3623 651">
    <p class='ocr_par' dir='ltr' id='par_1_20' title="bbox 2043 577 3623 651">
     <span class='ocr_line' id='line_1_20' title="bbox 2043 577 3623 651; baseline 0.007 -20"><span class='ocrx_word' id='word_1_141' title='bbox 2043 577 2324 647; x_wconf 82' lang='lat' dir='ltr'><strong>appellare</strong></span> <span class='ocrx_word' id='word_1_142' title='bbox 2351 578 2588 635; x_wconf 88' lang='lat' dir='ltr'><strong>ﬁdelem.</strong></span> <span class='ocrx_word' id='word_1_143' title='bbox 2615 579 2733 634; x_wconf 84' lang='lat' dir='ltr'><strong>Non</strong></span> <span class='ocrx_word' id='word_1_144' title='bbox 2757 579 2903 634; x_wconf 90' lang='lat' dir='ltr'><strong>enim</strong></span> <span class='ocrx_word' id='word_1_145' title='bbox 2937 582 3028 651; x_wconf 92' lang='lat' dir='ltr'><strong>qui</strong></span> <span class='ocrx_word' id='word_1_146' title='bbox 3057 581 3200 638; x_wconf 91' lang='lat' dir='ltr'><strong>nude</strong></span> <span class='ocrx_word' id='word_1_147' title='bbox 3224 584 3379 647; x_wconf 90' lang='lat' dir='ltr'><strong>dicit,</strong></span> <span class='ocrx_word' id='word_1_148' title='bbox 3411 600 3470 640; x_wconf 88' lang='lat' dir='ltr'><strong>se</strong></span> <span class='ocrx_word' id='word_1_149' title='bbox 3499 602 3623 642; x_wconf 89' lang='lat' dir='ltr'><strong>esse</strong></span> 
     </span>
    </p>
   </div>
   <div class='ocr_carea' id='block_1_21' title="bbox 2043 665 3625 746">
    <p class='ocr_par' dir='ltr' id='par_1_21' title="bbox 2043 665 3625 746">
     <span class='ocr_line' id='line_1_21' title="bbox 2043 665 3625 746; baseline 0.008 -27"><span class='ocrx_word' id='word_1_150' title='bbox 2043 665 2286 733; x_wconf 83' lang='lat' dir='ltr'><strong>Domini,</strong></span> <span class='ocrx_word' id='word_1_151' title='bbox 2354 669 2403 725; x_wconf 88' lang='lat' dir='ltr'><strong>is</strong></span> <span class='ocrx_word' id='word_1_152' title='bbox 2437 670 2612 724; x_wconf 83' lang='lat' dir='ltr'><strong>ﬁdelis</strong></span> <span class='ocrx_word' id='word_1_153' title='bbox 2645 679 2766 738; x_wconf 80' lang='lat' dir='ltr'><strong>est;</strong></span> <span class='ocrx_word' id='word_1_154' title='bbox 2827 671 2924 726; x_wconf 89' lang='lat' dir='ltr'><strong>scd</strong></span> <span class='ocrx_word' id='word_1_155' title='bbox 2981 673 3073 743; x_wconf 89' lang='lat' dir='ltr'><strong>qui</strong></span> <span class='ocrx_word' id='word_1_156' title='bbox 3132 673 3299 729; x_wconf 90' lang='lat' dir='ltr'><strong>Deum</strong></span> <span class='ocrx_word' id='word_1_157' title='bbox 3350 676 3512 746; x_wconf 87' lang='lat'><strong>333</strong></span> <span class='ocrx_word' id='word_1_158' title='bbox 3550 677 3625 732; x_wconf 85' lang='lat' dir='ltr'><strong>ita</strong></span> 
     </span>
    </p>
   </div>
   <div class='ocr_carea' id='block_1_22' title="bbox 2039 758 3619 834">
    <p class='ocr_par' dir='ltr' id='par_1_22' title="bbox 2039 758 3619 834">
     <span class='ocr_line' id='line_1_22' title="bbox 2039 758 3619 834; baseline 0.006 -20"><span class='ocrx_word' id='word_1_159' title='bbox 2039 758 2244 828; x_wconf 79' lang='lat' dir='ltr'><strong>diligit,</strong></span> <span class='ocrx_word' id='word_1_160' title='bbox 2278 769 2338 814; x_wconf 91' lang='lat' dir='ltr'><strong>ut</strong></span> <span class='ocrx_word' id='word_1_161' title='bbox 2367 769 2590 832; x_wconf 76' lang='lat' dir='ltr'><strong>propter</strong></span> <span class='ocrx_word' id='word_1_162' title='bbox 2629 763 2788 816; x_wconf 86' lang='lat' dir='ltr'><strong>ﬁdem</strong></span> <span class='ocrx_word' id='word_1_163' title='bbox 2849 763 2904 817; x_wconf 92' lang='lat' dir='ltr'><strong>in</strong></span> <span class='ocrx_word' id='word_1_164' title='bbox 2953 763 3134 834; x_wconf 90' lang='lat' dir='ltr'><strong>ipsum</strong></span> <span class='ocrx_word' id='word_1_165' title='bbox 3185 767 3348 820; x_wconf 84' lang='lat' dir='ltr'><strong>etiam</strong></span> <span class='ocrx_word' id='word_1_166' title='bbox 3386 778 3619 822; x_wconf 90' lang='lat' dir='ltr'><strong>mortem</strong></span> 
     </span>
    </p>
   </div>
   <div class='ocr_carea' id='block_1_23' title="bbox 2043 851 3665 928">
    <p class='ocr_par' dir='ltr' id='par_1_23' title="bbox 2043 851 3665 928">
     <span class='ocr_line' id='line_1_23' title="bbox 2043 851 3665 928; baseline 0.007 -24"><span class='ocrx_word' id='word_1_167' title='bbox 2043 851 2231 905; x_wconf 88' lang='lat' dir='ltr'><strong>subire</strong></span> <span class='ocrx_word' id='word_1_168' title='bbox 2263 861 2487 921; x_wconf 86' lang='lat' dir='ltr'><strong>paratus</strong></span> <span class='ocrx_word' id='word_1_169' title='bbox 2511 853 2602 908; x_wconf 88' lang='lat' dir='ltr'><strong>sit.</strong></span> <span class='ocrx_word' id='word_1_170' title='bbox 2643 853 2706 907; x_wconf 83' lang='lat' dir='ltr'><strong>Et</strong></span> <span class='ocrx_word' id='word_1_171' title='bbox 2740 855 2883 924; x_wconf 90' lang='lat' dir='ltr'><strong>quod</strong></span> <span class='ocrx_word' id='word_1_172' title='bbox 2936 855 3253 924; x_wconf 90' lang='lat' dir='ltr'><strong>hujusmodi</strong></span> <span class='ocrx_word' id='word_1_173' title='bbox 3313 858 3386 912; x_wconf 90' lang='lat' dir='ltr'><strong>sit</strong></span> <span class='ocrx_word' id='word_1_174' title='bbox 3417 873 3622 928; x_wconf 87' lang='lat' dir='ltr'><strong>propo-</strong></span> 
     </span>
    </p>
   </div>
   <div class='ocr_carea' id='block_1_24' title="bbox 2042 943 3656 1033">
    <p class='ocr_par' dir='ltr' id='par_1_24' title="bbox 2042 943 3656 1033">
     <span class='ocr_line' id='line_1_24' title="bbox 2042 943 3656 1033; baseline 0.005 -36"><span class='ocrx_word' id='word_1_175' title='bbox 2042 943 2275 997; x_wconf 90' lang='lat' dir='ltr'><strong>sitorum</strong></span> <span class='ocrx_word' id='word_1_176' title='bbox 2325 959 2549 1014; x_wconf 84' lang='lat' dir='ltr'><strong>scapus,</strong></span> <span class='ocrx_word' id='word_1_177' title='bbox 2602 950 2874 1016; x_wconf 84' lang='lat' dir='ltr'><strong>exempla,</strong></span> <span class='ocrx_word' id='word_1_178' title='bbox 2907 961 3028 1016; x_wconf 69' lang='lat' dir='ltr'><strong>qua:</strong></span> <span class='ocrx_word' id='word_1_179' title='bbox 3071 947 3395 1014; x_wconf 71' lang='lat' dir='ltr'><strong>afferuntur,</strong></span> <span class='ocrx_word' id='word_1_180' title='bbox 3436 951 3656 1033; x_wconf 55' lang='lat' dir='ltr'><strong>decla-g</strong></span> 
     </span>
    </p>
   </div>
   <div class='ocr_carea' id='block_1_25' title="bbox 2044 1034 3626 1111">
    <p class='ocr_par' dir='ltr' id='par_1_25' title="bbox 2044 1034 3626 1111">
     <span class='ocr_line' id='line_1_25' title="bbox 2044 1034 3626 1111; baseline 0.006 -22"><span class='ocrx_word' id='word_1_181' title='bbox 2044 1043 2190 1089; x_wconf 89' lang='lat' dir='ltr'><strong>rant.</strong></span> <span class='ocrx_word' id='word_1_182' title='bbox 2226 1034 2498 1090; x_wconf 87' lang='lat' dir='ltr'><strong>Abraham</strong></span> <span class='ocrx_word' id='word_1_183' title='bbox 2554 1037 2729 1102; x_wconf 88' lang='lat' dir='ltr'><strong>enim,</strong></span> <span class='ocrx_word' id='word_1_184' title='bbox 2787 1038 2990 1109; x_wconf 77' lang='lat' dir='ltr'><strong>inquit,</strong></span> <span class='ocrx_word' id='word_1_185' title='bbox 3039 1055 3207 1110; x_wconf 89' lang='lat' dir='ltr'><strong>opere</strong></span> <span class='ocrx_word' id='word_1_186' title='bbox 3245 1042 3513 1111; x_wconf 89' lang='lat' dir='ltr'><strong>ostendit,</strong></span> <span class='ocrx_word' id='word_1_187' title='bbox 3565 1057 3626 1099; x_wconf 89' lang='lat' dir='ltr'><strong>se</strong></span> 
     </span>
    </p>
   </div>
   <div class='ocr_carea' id='block_1_26' title="bbox 2042 1125 3627 1205">
    <p class='ocr_par' dir='ltr' id='par_1_26' title="bbox 2042 1125 3627 1205">
     <span class='ocr_line' id='line_1_26' title="bbox 2042 1125 3627 1205; baseline 0.006 -25"><span class='ocrx_word' id='word_1_188' title='bbox 2042 1125 2351 1182; x_wconf 89' lang='lat' dir='ltr'><strong>credidisse</strong></span> <span class='ocrx_word' id='word_1_189' title='bbox 2385 1127 2520 1194; x_wconf 90' lang='lat' dir='ltr'><strong>Deo,</strong></span> <span class='ocrx_word' id='word_1_190' title='bbox 2553 1144 2678 1185; x_wconf 91' lang='lat' dir='ltr'><strong>cum</strong></span> <span class='ocrx_word' id='word_1_191' title='bbox 2727 1132 2928 1187; x_wconf 90' lang='lat' dir='ltr'><strong>obtulit</strong></span> <span class='ocrx_word' id='word_1_192' title='bbox 2970 1133 3026 1187; x_wconf 93' lang='lat' dir='ltr'><strong>in</strong></span> <span class='ocrx_word' id='word_1_193' title='bbox 3069 1133 3452 1189; x_wconf 81' lang='lat' dir='ltr'><strong>holocaustum</strong></span> <span class='ocrx_word' id='word_1_194' title='bbox 3510 1135 3627 1205; x_wconf 88' lang='lat' dir='ltr'><strong>pri-</strong></span> 
     </span>
    </p>
   </div>
   <div class='ocr_carea' id='block_1_27' title="bbox 2043 1219 3624 1292">
    <p class='ocr_par' dir='ltr' id='par_1_27' title="bbox 2043 1219 3624 1292">
     <span class='ocr_line' id='line_1_27' title="bbox 2043 1219 3624 1292; baseline 0.008 -22"><span class='ocrx_word' id='word_1_195' title='bbox 2043 1219 2379 1288; x_wconf 75' lang='lat' dir='ltr'><strong>mogenitum</strong></span> <span class='ocrx_word' id='word_1_196' title='bbox 2427 1234 2612 1276; x_wconf 91' lang='lat' dir='ltr'><strong>suum.</strong></span> <span class='ocrx_word' id='word_1_197' title='bbox 2652 1221 2918 1278; x_wconf 89' lang='lat' dir='ltr'><strong>Similiter</strong></span> <span class='ocrx_word' id='word_1_198' title='bbox 2953 1233 3008 1280; x_wconf 90' lang='lat' dir='ltr'><strong>et</strong></span> <span class='ocrx_word' id='word_1_199' title='bbox 3059 1225 3234 1292; x_wconf 80' lang='lat' dir='ltr'><strong>Raab,</strong></span> <span class='ocrx_word' id='word_1_200' title='bbox 3267 1241 3392 1282; x_wconf 87' lang='lat' dir='ltr'><strong>cum</strong></span> <span class='ocrx_word' id='word_1_201' title='bbox 3443 1226 3624 1282; x_wconf 84' lang='lat' dir='ltr'><strong>credi-</strong></span> 
     </span>
    </p>
   </div>
   <div class='ocr_carea' id='block_1_28' title="bbox 2043 1309 2912 1384">
    <p class='ocr_par' dir='ltr' id='par_1_28' title="bbox 2043 1309 2912 1384">
     <span class='ocr_line' id='line_1_28' title="bbox 2043 1309 2912 1384; baseline 0.005 -19"><span class='ocrx_word' id='word_1_202' title='bbox 2043 1309 2239 1375; x_wconf 89' lang='lat' dir='ltr'><strong>disset,</strong></span> <span class='ocrx_word' id='word_1_203' title='bbox 2281 1318 2514 1366; x_wconf 86' lang='lat' dir='ltr'><strong>mortem</strong></span> <span class='ocrx_word' id='word_1_204' title='bbox 2559 1315 2912 1384; x_wconf 80' lang='lat' dir='ltr'><strong>contempsit.</strong></span> 
     </span>
    </p>
   </div>
   <div class='ocr_carea' id='block_1_29' title="bbox 2116 1401 3622 1479">
    <p class='ocr_par' dir='ltr' id='par_1_29' title="bbox 2116 1401 3622 1479">
     <span class='ocr_line' id='line_1_29' title="bbox 2116 1401 3622 1479; baseline 0.005 -23"><span class='ocrx_word' id='word_1_205' title='bbox 2116 1401 2287 1458; x_wconf 74' lang='lat' dir='ltr'><strong>Vens.</strong></span> <span class='ocrx_word' id='word_1_206' title='bbox 2320 1403 2506 1459; x_wconf 68' lang='lat'><strong>17-19.</strong></span> <span class='ocrx_word' id='word_1_207' title='bbox 2546 1425 2565 1457; x_wconf 80' lang='grc' dir='ltr'><strong>ι</strong></span> <span class='ocrx_word' id='word_1_208' title='bbox 2611 1406 2703 1462; x_wconf 90' lang='lat' dir='ltr'><strong>Sic</strong></span> <span class='ocrx_word' id='word_1_209' title='bbox 2728 1413 2782 1460; x_wconf 83' lang='lat' dir='ltr'><strong>et</strong></span> <span class='ocrx_word' id='word_1_210' title='bbox 2812 1405 2968 1472; x_wconf 89' lang='lat' dir='ltr'><strong>ﬁdes,</strong></span> <span class='ocrx_word' id='word_1_211' title='bbox 3000 1406 3044 1461; x_wconf 87' lang='lat' dir='ltr'><strong>si</strong></span> <span class='ocrx_word' id='word_1_212' title='bbox 3073 1422 3180 1461; x_wconf 91' lang='lat' dir='ltr'><strong>non</strong></span> <span class='ocrx_word' id='word_1_213' title='bbox 3213 1407 3414 1462; x_wconf 89' lang='lat' dir='ltr'><strong>habeat</strong></span> <span class='ocrx_word' id='word_1_214' title='bbox 3435 1424 3622 1479; x_wconf 85' lang='lat' dir='ltr'><strong>opera,</strong></span> 
     </span>
    </p>
   </div>
   <div class='ocr_carea' id='block_1_30' title="bbox 2044 1499 3624 1572">
    <p class='ocr_par' dir='ltr' id='par_1_30' title="bbox 2044 1499 3624 1572">
     <span class='ocr_line' id='line_1_30' title="bbox 2044 1499 3624 1572; baseline 0.004 -20"><span class='ocrx_word' id='word_1_215' title='bbox 2044 1509 2263 1554; x_wconf 86' lang='lat' dir='ltr'><strong>mortua</strong></span> <span class='ocrx_word' id='word_1_216' title='bbox 2288 1502 2452 1555; x_wconf 89' lang='lat' dir='ltr'><strong>estin</strong></span> <span class='ocrx_word' id='word_1_217' title='bbox 2483 1501 2798 1571; x_wconf 87' lang='lat' dir='ltr'><strong>semetipsa.</strong></span> <span class='ocrx_word' id='word_1_218' title='bbox 2854 1499 2962 1555; x_wconf 88' lang='lat' dir='ltr'><strong>Sed</strong></span> <span class='ocrx_word' id='word_1_219' title='bbox 3002 1500 3148 1556; x_wconf 89' lang='lat' dir='ltr'><strong>dicet</strong></span> <span class='ocrx_word' id='word_1_220' title='bbox 3175 1502 3318 1572; x_wconf 90' lang='lat' dir='ltr'><strong>quis,</strong></span> <span class='ocrx_word' id='word_1_221' title='bbox 3347 1500 3428 1556; x_wconf 88' lang='lat' dir='ltr'><strong>Tu</strong></span> <span class='ocrx_word' id='word_1_222' title='bbox 3465 1503 3624 1558; x_wconf 86' lang='lat' dir='ltr'><strong>ﬁdem</strong></span> 
     </span>
    </p>
   </div>
   <div class='ocr_carea' id='block_1_31' title="bbox 2045 1589 3624 1660">
    <p class='ocr_par' dir='ltr' id='par_1_31' title="bbox 2045 1589 3624 1660">
     <span class='ocr_line' id='line_1_31' title="bbox 2045 1589 3624 1660; baseline 0.002 -15"><span class='ocrx_word' id='word_1_223' title='bbox 2045 1589 2241 1655; x_wconf 87' lang='lat' dir='ltr'><strong>babes,</strong></span> <span class='ocrx_word' id='word_1_224' title='bbox 2301 1598 2358 1645; x_wconf 91' lang='lat' dir='ltr'><strong>et</strong></span> <span class='ocrx_word' id='word_1_225' title='bbox 2389 1606 2488 1660; x_wconf 77' lang='lat' dir='ltr'><strong>ego</strong></span> <span class='ocrx_word' id='word_1_226' title='bbox 2543 1606 2708 1660; x_wconf 91' lang='lat' dir='ltr'><strong>opera</strong></span> <span class='ocrx_word' id='word_1_227' title='bbox 2747 1591 2954 1646; x_wconf 88' lang='lat' dir='ltr'><strong>habeo:</strong></span> <span class='ocrx_word' id='word_1_228' title='bbox 3009 1597 3236 1648; x_wconf 84' lang='lat' dir='ltr'><strong>ostende</strong></span> <span class='ocrx_word' id='word_1_229' title='bbox 3283 1594 3414 1647; x_wconf 91' lang='lat' dir='ltr'><strong>mihi</strong></span> <span class='ocrx_word' id='word_1_230' title='bbox 3463 1593 3624 1649; x_wconf 90' lang='lat' dir='ltr'><strong>ﬁdem</strong></span> 
     </span>
    </p>
   </div>
   <div class='ocr_carea' id='block_1_32' title="bbox 2045 1682 3627 1754">
    <p class='ocr_par' dir='ltr' id='par_1_32' title="bbox 2045 1682 3627 1754">
     <span class='ocr_line' id='line_1_32' title="bbox 2045 1682 3627 1754; baseline 0.001 -17"><span class='ocrx_word' id='word_1_231' title='bbox 2045 1690 2194 1737; x_wconf 83' lang='lat' dir='ltr'><strong>tuam</strong></span> <span class='ocrx_word' id='word_1_232' title='bbox 2251 1698 2320 1738; x_wconf 84' lang='lat' dir='ltr'><strong>ex</strong></span> <span class='ocrx_word' id='word_1_233' title='bbox 2351 1682 2649 1752; x_wconf 88' lang='lat' dir='ltr'><strong>operibus;</strong></span> <span class='ocrx_word' id='word_1_234' title='bbox 2678 1691 2733 1738; x_wconf 92' lang='lat' dir='ltr'><strong>et</strong></span> <span class='ocrx_word' id='word_1_235' title='bbox 2787 1699 2888 1754; x_wconf 80' lang='lat' dir='ltr'><strong>ego</strong></span> <span class='ocrx_word' id='word_1_236' title='bbox 2917 1684 3204 1740; x_wconf 83' lang='lat' dir='ltr'><strong>ostendam</strong></span> <span class='ocrx_word' id='word_1_237' title='bbox 3255 1684 3352 1738; x_wconf 89' lang='lat' dir='ltr'><strong>tibi</strong></span> <span class='ocrx_word' id='word_1_238' title='bbox 3381 1700 3449 1740; x_wconf 82' lang='lat' dir='ltr'><strong>ex</strong></span> <span class='ocrx_word' id='word_1_239' title='bbox 3495 1699 3627 1754; x_wconf 83' lang='lat' dir='ltr'><strong>ope-</strong></span> 
     </span>
    </p>
   </div>
   <div class='ocr_carea' id='block_1_33' title="bbox 2047 1773 3626 1846">
    <p class='ocr_par' dir='ltr' id='par_1_33' title="bbox 2047 1773 3626 1846">
     <span class='ocr_line' id='line_1_33' title="bbox 2047 1773 3626 1846; baseline 0.001 -16"><span class='ocrx_word' id='word_1_240' title='bbox 2047 1775 2200 1830; x_wconf 88' lang='lat' dir='ltr'><strong>ribus</strong></span> <span class='ocrx_word' id='word_1_241' title='bbox 2237 1774 2394 1830; x_wconf 89' lang='lat' dir='ltr'><strong>ﬁdem</strong></span> <span class='ocrx_word' id='word_1_242' title='bbox 2427 1790 2626 1830; x_wconf 86' lang='lat' dir='ltr'><strong>meam.</strong></span> <span class='ocrx_word' id='word_1_243' title='bbox 2665 1773 2746 1828; x_wconf 85' lang='lat' dir='ltr'><strong>Tu</strong></span> <span class='ocrx_word' id='word_1_244' title='bbox 2778 1775 2978 1842; x_wconf 89' lang='lat' dir='ltr'><strong>credis,</strong></span> <span class='ocrx_word' id='word_1_245' title='bbox 3009 1775 3154 1846; x_wconf 89' lang='lat' dir='ltr'><strong>quod</strong></span> <span class='ocrx_word' id='word_1_246' title='bbox 3184 1790 3328 1831; x_wconf 90' lang='lat' dir='ltr'><strong>unus</strong></span> <span class='ocrx_word' id='word_1_247' title='bbox 3355 1786 3434 1830; x_wconf 89' lang='lat' dir='ltr'><strong>est</strong></span> <span class='ocrx_word' id='word_1_248' title='bbox 3461 1773 3626 1831; x_wconf 85' lang='lat' dir='ltr'><strong>Deus:</strong></span> 
     </span>
    </p>
   </div>
   <div class='ocr_carea' id='block_1_34' title="bbox 361 1837 1965 1942">
    <p class='ocr_par' dir='ltr' id='par_1_34' title="bbox 361 1837 1942 1942">
     <span class='ocr_line' id='line_1_34' title="bbox 361 1837 1942 1942; baseline 0.001 -20"><span class='ocrx_word' id='word_1_249' title='bbox 361 1837 457 1922; x_wconf 77' lang='grc' dir='ltr'>καὶ</span> <span class='ocrx_word' id='word_1_250' title='bbox 491 1868 560 1922; x_wconf 83' lang='grc' dir='ltr'><strong>τὰ</strong></span> <span class='ocrx_word' id='word_1_251' title='bbox 613 1868 870 1940; x_wconf 83' lang='grc' dir='ltr'>δαιμόνια</span> <span class='ocrx_word' id='word_1_252' title='bbox 901 1837 1232 1925; x_wconf 36' lang='grc' dir='ltr'>’πιστεύουσι</span> <span class='ocrx_word' id='word_1_253' title='bbox 1279 1837 1374 1924; x_wconf 71' lang='grc' dir='ltr'>καὶ</span> <span class='ocrx_word' id='word_1_254' title='bbox 1419 1837 1727 1942; x_wconf 64' lang='grc' dir='ltr'>φρίττουσι.</span> <span class='ocrx_word' id='word_1_255' title='bbox 1775 1891 1794 1924; x_wconf 76' lang='grc' dir='ltr'><strong>ι</strong></span> <span class='ocrx_word' id='word_1_256' title='bbox 1828 1837 1942 1925; x_wconf 79' lang='grc' dir='ltr'>Ούκ</span> 
     </span>
    </p>
   </div>
   <div class='ocr_carea' id='block_1_35' title="bbox 2053 1837 3630 1942">
    <p class='ocr_par' dir='ltr' id='par_1_35' title="bbox 2053 1866 3630 1932">
     <span class='ocr_line' id='line_1_35' title="bbox 2053 1866 3630 1932; baseline 0.001 -10"><span class='ocrx_word' id='word_1_257' title='bbox 2053 1868 2182 1922; x_wconf 90' lang='lat' dir='ltr'><strong>bene</strong></span> <span class='ocrx_word' id='word_1_258' title='bbox 2216 1866 2392 1923; x_wconf 79' lang='lat' dir='ltr'><strong>facis:</strong></span> <span class='ocrx_word' id='word_1_259' title='bbox 2457 1876 2513 1924; x_wconf 91' lang='lat' dir='ltr'><strong>et</strong></span> <span class='ocrx_word' id='word_1_260' title='bbox 2583 1869 2863 1924; x_wconf 63' lang='lat' dir='ltr'><strong>daemones</strong></span> <span class='ocrx_word' id='word_1_261' title='bbox 2909 1868 3164 1932; x_wconf 86' lang='lat' dir='ltr'><strong>credunt.</strong></span> <span class='ocrx_word' id='word_1_262' title='bbox 3219 1880 3274 1922; x_wconf 82' lang='lat' dir='ltr'><strong>et</strong></span> <span class='ocrx_word' id='word_1_263' title='bbox 3331 1871 3630 1925; x_wconf 85' lang='lat' dir='ltr'><strong>contremi-</strong></span> 
     </span>
    </p>
   </div>
   <div class='ocr_carea' id='block_1_36' title="bbox 360 1959 1944 2036">
    <p class='ocr_par' dir='ltr' id='par_1_36' title="bbox 360 1959 1944 2036">
     <span class='ocr_line' id='line_1_36' title="bbox 360 1959 1944 2036; baseline 0.003 -22"><span class='ocrx_word' id='word_1_264' title='bbox 360 1959 685 2029; x_wconf 80' lang='grc' dir='ltr'>ἀντιφάσκει</span> <span class='ocrx_word' id='word_1_265' title='bbox 714 1961 889 2016; x_wconf 79' lang='grc' dir='ltr'>ταῦτα</span> <span class='ocrx_word' id='word_1_266' title='bbox 936 1961 1016 2033; x_wconf 84' lang='grc' dir='ltr'><strong>τῷ</strong></span> <span class='ocrx_word' id='word_1_267' title='bbox 1069 1962 1327 2036; x_wconf 84' lang='grc' dir='ltr'>μακαρίῳ</span> <span class='ocrx_word' id='word_1_268' title='bbox 1385 1963 1618 2033; x_wconf 85' lang='grc' dir='ltr'>Παύλῳ·</span> <span class='ocrx_word' id='word_1_269' title='bbox 1664 1965 1807 2018; x_wconf 74' lang='grc' dir='ltr'>κατὰ</span> <span class='ocrx_word' id='word_1_270' title='bbox 1849 1965 1944 2018; x_wconf 81' lang='grc' dir='ltr'><strong>δύο</strong></span> 
     </span>
    </p>
   </div>
   <div class='ocr_carea' id='block_1_37' title="bbox 361 2051 1945 2130">
    <p class='ocr_par' dir='ltr' id='par_1_37' title="bbox 361 2051 1945 2130">
     <span class='ocr_line' id='line_1_37' title="bbox 361 2051 1945 2130; baseline 0.004 -26"><span class='ocrx_word' id='word_1_271' title='bbox 361 2051 473 2122; x_wconf 80' lang='grc' dir='ltr'>γὰρ</span> <span class='ocrx_word' id='word_1_272' title='bbox 506 2055 922 2124; x_wconf 77' lang='grc' dir='ltr'>σημαινομένων</span> <span class='ocrx_word' id='word_1_273' title='bbox 954 2053 1049 2108; x_wconf 81' lang='grc' dir='ltr'><strong>τοῦ</strong></span> <span class='ocrx_word' id='word_1_274' title='bbox 1088 2055 1188 2125; x_wconf 84' lang='grc' dir='ltr'><strong>τῆς</strong></span> <span class='ocrx_word' id='word_1_275' title='bbox 1227 2055 1463 2121; x_wconf 87' lang='grc' dir='ltr'>πίστεως</span> <span class='ocrx_word' id='word_1_276' title='bbox 1493 2057 1759 2128; x_wconf 83' lang='grc' dir='ltr'>ὀνόματος</span> <span class='ocrx_word' id='word_1_277' title='bbox 1787 2075 1945 2130; x_wconf 81' lang='grc' dir='ltr'>φερο-</span> 
     </span>
    </p>
   </div>
   <div class='ocr_carea' id='block_1_38' title="bbox 360 2143 1944 2218">
    <p class='ocr_par' dir='ltr' id='par_1_38' title="bbox 360 2143 1944 2218">
     <span class='ocr_line' id='line_1_38' title="bbox 360 2143 1944 2218; baseline 0.005 -23"><span class='ocrx_word' id='word_1_278' title='bbox 360 2143 528 2213; x_wconf 74' lang='grc' dir='ltr'>μένου</span> <span class='ocrx_word' id='word_1_279' title='bbox 551 2145 641 2198; x_wconf 85' lang='grc' dir='ltr'>ὲπί</span> <span class='ocrx_word' id='word_1_280' title='bbox 669 2162 729 2198; x_wconf 88' lang='grc' dir='ltr'><strong>τε</strong></span> <span class='ocrx_word' id='word_1_281' title='bbox 770 2144 868 2216; x_wconf 89' lang='grc' dir='ltr'><strong>τῆς</strong></span> <span class='ocrx_word' id='word_1_282' title='bbox 891 2145 1069 2216; x_wconf 79' lang='grc' dir='ltr'>ἁπλῆς</span> <span class='ocrx_word' id='word_1_283' title='bbox 1115 2145 1208 2200; x_wconf 80' lang='grc' dir='ltr'><strong>τοῦ</strong></span> <span class='ocrx_word' id='word_1_284' title='bbox 1236 2147 1566 2218; x_wconf 79' lang='grc' dir='ltr'>φαινομένου</span> <span class='ocrx_word' id='word_1_285' title='bbox 1604 2149 1944 2216; x_wconf 81' lang='grc' dir='ltr'>συγκαταθέ-</span> 
     </span>
    </p>
   </div>
   <div class='ocr_carea' id='block_1_39' title="bbox 360 2236 1945 2309">
    <p class='ocr_par' dir='ltr' id='par_1_39' title="bbox 360 2236 1945 2309">
     <span class='ocr_line' id='line_1_39' title="bbox 360 2236 1945 2309; baseline 0.006 -22"><span class='ocrx_word' id='word_1_286' title='bbox 360 2252 522 2298; x_wconf 86' lang='grc' dir='ltr'>σεως.</span> <span class='ocrx_word' id='word_1_287' title='bbox 577 2236 768 2290; x_wconf 82' lang='grc' dir='ltr'>Πίστιν</span> <span class='ocrx_word' id='word_1_288' title='bbox 798 2237 909 2308; x_wconf 76' lang='grc' dir='ltr'><strong>γὰρ</strong></span> <span class='ocrx_word' id='word_1_289' title='bbox 947 2237 1222 2309; x_wconf 74' lang='grc' dir='ltr'>εἰώθαμεν</span> <span class='ocrx_word' id='word_1_290' title='bbox 1253 2238 1350 2293; x_wconf 72' lang='grc' dir='ltr'><strong>καὶ</strong></span> <span class='ocrx_word' id='word_1_291' title='bbox 1388 2239 1546 2294; x_wconf 85' lang='grc' dir='ltr'>τοῦτο</span> <span class='ocrx_word' id='word_1_292' title='bbox 1573 2240 1774 2309; x_wconf 84' lang='grc' dir='ltr'>λέγειν,</span> <span class='ocrx_word' id='word_1_293' title='bbox 1809 2241 1945 2296; x_wconf 81' lang='grc' dir='ltr'>καθὸ</span> 
     </span>
    </p>
   </div>
   <div class='ocr_carea' id='block_1_40' title="bbox 362 2325 1942 2402">
    <p class='ocr_par' dir='ltr' id='par_1_40' title="bbox 362 2325 1942 2402">
     <span class='ocr_line' id='line_1_40' title="bbox 362 2325 1942 2402; baseline 0.006 -25"><span class='ocrx_word' id='word_1_294' title='bbox 362 2325 458 2378; x_wconf 75' lang='grc' dir='ltr'>καὶ</span> <span class='ocrx_word' id='word_1_295' title='bbox 503 2329 629 2390; x_wconf 72' lang='grc' dir='ltr'>τοὺς</span> <span class='ocrx_word' id='word_1_296' title='bbox 673 2327 936 2398; x_wconf 84' lang='grc' dir='ltr'>δαίμονας</span> <span class='ocrx_word' id='word_1_297' title='bbox 984 2328 1231 2400; x_wconf 78' lang='grc' dir='ltr'>ἔγνωμεν</span> <span class='ocrx_word' id='word_1_298' title='bbox 1265 2329 1544 2384; x_wconf 84' lang='grc' dir='ltr'>πιστεύειν</span> <span class='ocrx_word' id='word_1_299' title='bbox 1573 2331 1652 2395; x_wconf 85' lang='grc' dir='ltr'><strong>είς</strong></span> <span class='ocrx_word' id='word_1_300' title='bbox 1685 2333 1942 2402; x_wconf 83' lang='grc' dir='ltr'>Χριστὸν,</span> 
     </span>
    </p>
   </div>
   <div class='ocr_carea' id='block_1_41' title="bbox 361 2419 1945 2493">
    <p class='ocr_par' dir='ltr' id='par_1_41' title="bbox 361 2419 1945 2493">
     <span class='ocr_line' id='line_1_41' title="bbox 361 2419 1945 2493; baseline 0.004 -23"><span class='ocrx_word' id='word_1_301' title='bbox 361 2419 444 2471; x_wconf 78' lang='grc' dir='ltr'>ὅτι</span> <span class='ocrx_word' id='word_1_302' title='bbox 475 2419 603 2482; x_wconf 77' lang='grc' dir='ltr'><strong>Υἱός</strong></span> <span class='ocrx_word' id='word_1_303' title='bbox 632 2421 750 2473; x_wconf 80' lang='grc' dir='ltr'>ἐστι</span> <span class='ocrx_word' id='word_1_304' title='bbox 779 2419 872 2474; x_wconf 85' lang='grc' dir='ltr'>τοῦ</span> <span class='ocrx_word' id='word_1_305' title='bbox 907 2421 1042 2474; x_wconf 82' lang='grc' dir='ltr'>Θεοῦ</span> <span class='ocrx_word' id='word_1_306' title='bbox 1067 2439 1081 2452; x_wconf 88' lang='grc'><strong>·</strong></span> <span class='ocrx_word' id='word_1_307' title='bbox 1120 2422 1211 2477; x_wconf 68' lang='grc' dir='ltr'>καὶ</span> <span class='ocrx_word' id='word_1_308' title='bbox 1233 2421 1400 2476; x_wconf 81' lang='grc' dir='ltr'>πάλιν</span> <span class='ocrx_word' id='word_1_309' title='bbox 1429 2423 1528 2493; x_wconf 74' lang='grc' dir='ltr'>τὴν</span> <span class='ocrx_word' id='word_1_310' title='bbox 1557 2424 1623 2476; x_wconf 78' lang='grc' dir='ltr'>ἐκ</span> <span class='ocrx_word' id='word_1_311' title='bbox 1651 2423 1945 2489; x_wconf 73' lang='grc' dir='ltr'>διαθέσεως</span> 
     </span>
    </p>
   </div>
   <div class='ocr_carea' id='block_1_42' title="bbox 357 2505 1947 2586">
    <p class='ocr_par' dir='ltr' id='par_1_42' title="bbox 357 2505 1947 2586">
     <span class='ocr_line' id='line_1_42' title="bbox 357 2505 1947 2586; baseline 0.006 -28"><span class='ocrx_word' id='word_1_312' title='bbox 357 2505 794 2579; x_wconf 74' lang='grc' dir='ltr'>ἐπακολούθησιν</span> <span class='ocrx_word' id='word_1_313' title='bbox 851 2510 991 2580; x_wconf 81' lang='grc' dir='ltr'>μετὰ</span> <span class='ocrx_word' id='word_1_314' title='bbox 1051 2509 1276 2580; x_wconf 83' lang='grc' dir='ltr'>βεϐαίας</span> <span class='ocrx_word' id='word_1_315' title='bbox 1335 2511 1788 2580; x_wconf 83' lang='grc' dir='ltr'>συγκαταθέσεως</span> <span class='ocrx_word' id='word_1_316' title='bbox 1845 2512 1947 2586; x_wconf 75' lang='grc' dir='ltr'>[τῷ</span> 
     </span>
    </p>
   </div>
   <div class='ocr_carea' id='block_1_43' title="bbox 365 2597 1947 2678">
    <p class='ocr_par' dir='ltr' id='par_1_43' title="bbox 365 2597 1947 2678">
     <span class='ocr_line' id='line_1_43' title="bbox 365 2597 1947 2678; baseline 0.006 -27"><span class='ocrx_word' id='word_1_317' title='bbox 365 2597 469 2666; x_wconf 74' lang='grc' dir='ltr'><strong>τῆς</strong></span> <span class='ocrx_word' id='word_1_318' title='bbox 509 2600 745 2664; x_wconf 83' lang='grc' dir='ltr'>πίστεως</span> <span class='ocrx_word' id='word_1_319' title='bbox 781 2603 1134 2674; x_wconf 79' lang='grc' dir='ltr'>προσρήματι</span> <span class='ocrx_word' id='word_1_320' title='bbox 1173 2603 1484 2657; x_wconf 73' lang='grc' dir='ltr'>καλούντων</span> <span class='ocrx_word' id='word_1_321' title='bbox 1513 2603 1720 2678; x_wconf 60' lang='lat' dir='ltr'><strong>inuith</strong></span> <span class='ocrx_word' id='word_1_322' title='bbox 1751 2606 1780 2659; x_wconf 91' lang='lat'><strong>6</strong></span> <span class='ocrx_word' id='word_1_323' title='bbox 1804 2605 1947 2671; x_wconf 86' lang='grc' dir='ltr'>θεῖος</span> 
     </span>
    </p>
   </div>
   <div class='ocr_carea' id='block_1_44' title="bbox 378 2690 1946 2770">
    <p class='ocr_par' dir='ltr' id='par_1_44' title="bbox 378 2690 1946 2770">
     <span class='ocr_line' id='line_1_44' title="bbox 378 2690 1946 2770; baseline 0.005 -27"><span class='ocrx_word' id='word_1_324' title='bbox 378 2690 635 2755; x_wconf 81' lang='grc' dir='ltr'>Ἰάκωϐος</span> <span class='ocrx_word' id='word_1_325' title='bbox 658 2692 757 2764; x_wconf 80' lang='grc' dir='ltr'><strong>τὴν</strong></span> <span class='ocrx_word' id='word_1_326' title='bbox 784 2693 965 2764; x_wconf 81' lang='grc' dir='ltr'>ἁπλῆν</span> <span class='ocrx_word' id='word_1_327' title='bbox 987 2693 1398 2763; x_wconf 80' lang='grc' dir='ltr'>συγκατάϐασιν</span> <span class='ocrx_word' id='word_1_328' title='bbox 1420 2697 1622 2765; x_wconf 80' lang='grc' dir='ltr'>νεκρὰν</span> <span class='ocrx_word' id='word_1_329' title='bbox 1651 2693 1790 2752; x_wconf 81' lang='grc' dir='ltr'>εἷναί</span> <span class='ocrx_word' id='word_1_330' title='bbox 1815 2715 1946 2770; x_wconf 84' lang='grc' dir='ltr'>φησι</span> 
     </span>
    </p>
   </div>
   <div class='ocr_carea' id='block_1_45' title="bbox 361 2781 1947 2860">
    <p class='ocr_par' dir='ltr' id='par_1_45' title="bbox 361 2781 1947 2860">
     <span class='ocr_line' id='line_1_45' title="bbox 361 2781 1947 2860; baseline 0.006 -25"><span class='ocrx_word' id='word_1_331' title='bbox 361 2781 600 2855; x_wconf 81' lang='grc' dir='ltr'>Ἰπίστιν]</span> <span class='ocrx_word' id='word_1_332' title='bbox 632 2783 707 2848; x_wconf 86' lang='grc' dir='ltr'><strong>ὡς</strong></span> <span class='ocrx_word' id='word_1_333' title='bbox 731 2784 1068 2856; x_wconf 81' lang='grc' dir='ltr'>ἀμοιροῦσαν</span> <span class='ocrx_word' id='word_1_334' title='bbox 1089 2786 1198 2840; x_wconf 85' lang='grc' dir='ltr'><strong>τῶν</strong></span> <span class='ocrx_word' id='word_1_335' title='bbox 1224 2788 1728 2860; x_wconf 77' lang='grc' dir='ltr'>ἀναζωπυρούντων</span> <span class='ocrx_word' id='word_1_336' title='bbox 1747 2789 1947 2860; x_wconf 82' lang='grc' dir='ltr'>ἔργων.</span> 
     </span>
    </p>
   </div>
   <div class='ocr_carea' id='block_1_46' title="bbox 367 2873 1950 2950">
    <p class='ocr_par' dir='ltr' id='par_1_46' title="bbox 367 2873 1950 2950">
     <span class='ocr_line' id='line_1_46' title="bbox 367 2873 1950 2950; baseline 0.003 -22"><span class='ocrx_word' id='word_1_337' title='bbox 367 2873 576 2938; x_wconf 83' lang='grc' dir='ltr'>Παῦλος</span> <span class='ocrx_word' id='word_1_338' title='bbox 612 2874 666 2927; x_wconf 80' lang='grc' dir='ltr'>δὲ</span> <span class='ocrx_word' id='word_1_339' title='bbox 717 2876 888 2946; x_wconf 78' lang='grc' dir='ltr'>αὐτὴν</span> <span class='ocrx_word' id='word_1_340' title='bbox 917 2879 981 2930; x_wconf 85' lang='grc' dir='ltr'>ὲκ</span> <span class='ocrx_word' id='word_1_341' title='bbox 1039 2877 1332 2942; x_wconf 81' lang='grc' dir='ltr'>διαθέσεως</span> <span class='ocrx_word' id='word_1_342' title='bbox 1382 2877 1528 2948; x_wconf 82' lang='grc' dir='ltr'>λέγει</span> <span class='ocrx_word' id='word_1_343' title='bbox 1570 2879 1776 2944; x_wconf 84' lang='grc' dir='ltr'>πίστιν,</span> <span class='ocrx_word' id='word_1_344' title='bbox 1825 2880 1950 2950; x_wconf 81' lang='grc' dir='ltr'>ἧτις</span> 
     </span>
    </p>
   </div>
   <div class='ocr_carea' id='block_1_47' title="bbox 371 2965 1948 3045">
    <p class='ocr_par' dir='ltr' id='par_1_47' title="bbox 371 2965 1948 3045">
     <span class='ocr_line' id='line_1_47' title="bbox 371 2965 1948 3045; baseline 0.003 -25"><span class='ocrx_word' id='word_1_345' title='bbox 371 2965 606 3036; x_wconf 79' lang='grc' dir='ltr'>μάλιστα</span> <span class='ocrx_word' id='word_1_346' title='bbox 653 2968 752 3022; x_wconf 83' lang='grc' dir='ltr'>οὐκ</span> <span class='ocrx_word' id='word_1_347' title='bbox 786 2969 1081 3040; x_wconf 77' lang='grc' dir='ltr'>ἐπέρηται</span> <span class='ocrx_word' id='word_1_348' title='bbox 1133 2970 1346 3040; x_wconf 78' lang='grc' dir='ltr'>ἔργων·</span> <span class='ocrx_word' id='word_1_349' title='bbox 1402 2971 1501 3024; x_wconf 80' lang='grc' dir='ltr'>οὐκ</span> <span class='ocrx_word' id='word_1_350' title='bbox 1531 2970 1597 3024; x_wconf 82' lang='grc' dir='ltr'>ἂν</span> <span class='ocrx_word' id='word_1_351' title='bbox 1645 2972 1752 3042; x_wconf 74' lang='grc' dir='ltr'><strong>γὰρ</strong></span> <span class='ocrx_word' id='word_1_352' title='bbox 1809 2971 1948 3045; x_wconf 82' lang='grc' dir='ltr'>αὕτη</span> 
     </span>
    </p>
   </div>
   <div class='ocr_carea' id='block_1_48' title="bbox 366 3058 1950 3136">
    <p class='ocr_par' dir='ltr' id='par_1_48' title="bbox 366 3058 1950 3136">
     <span class='ocr_line' id='line_1_48' title="bbox 366 3058 1950 3136; baseline 0.005 -25"><span class='ocrx_word' id='word_1_353' title='bbox 366 3059 598 3130; x_wconf 82' lang='grc' dir='ltr'>διακένῳ</span> <span class='ocrx_word' id='word_1_354' title='bbox 628 3058 840 3129; x_wconf 67' lang='grc' dir='ltr'>σεμνῷύ</span> <span class='ocrx_word' id='word_1_355' title='bbox 871 3060 1047 3132; x_wconf 81' lang='grc' dir='ltr'>ἔργων</span> <span class='ocrx_word' id='word_1_356' title='bbox 1071 3062 1368 3131; x_wconf 81' lang='grc' dir='ltr'>ἐγγένοιτο.</span> <span class='ocrx_word' id='word_1_357' title='bbox 1396 3062 1533 3117; x_wconf 73' lang='grc' dir='ltr'><strong>Οὐδὲ</strong></span> <span class='ocrx_word' id='word_1_358' title='bbox 1557 3063 1665 3135; x_wconf 76' lang='grc' dir='ltr'><strong>γὰρ</strong></span> <span class='ocrx_word' id='word_1_359' title='bbox 1701 3064 1950 3136; x_wconf 81' lang='grc' dir='ltr'>Ἀϐραὰμ</span> 
     </span>
    </p>
   </div>
   <div class='ocr_carea' id='block_1_49' title="bbox 2052 1957 3629 2016">
    <p class='ocr_par' dir='ltr' id='par_1_49' title="bbox 2052 1957 3629 2016">
     <span class='ocr_line' id='line_1_49' title="bbox 2052 1957 3629 2016; baseline 0.001 -2"><span class='ocrx_word' id='word_1_360' title='bbox 2052 1967 2235 2014; x_wconf 85' lang='lat' dir='ltr'><strong>scunt.</strong></span> <span class='ocrx_word' id='word_1_361' title='bbox 2279 1979 2299 2012; x_wconf 72' lang='grc' dir='ltr'><strong>ι</strong></span> <span class='ocrx_word' id='word_1_362' title='bbox 2333 1957 2452 2014; x_wconf 79' lang='lat' dir='ltr'><strong>Non</strong></span> <span class='ocrx_word' id='word_1_363' title='bbox 2484 1970 2616 2016; x_wconf 86' lang='lat' dir='ltr'><strong>sunt</strong></span> <span class='ocrx_word' id='word_1_364' title='bbox 2668 1960 2772 2014; x_wconf 90' lang='lat' dir='ltr'><strong>ista</strong></span> <span class='ocrx_word' id='word_1_365' title='bbox 2798 1959 3073 2014; x_wconf 85' lang='lat' dir='ltr'><strong>contraria</strong></span> <span class='ocrx_word' id='word_1_366' title='bbox 3099 1959 3226 2015; x_wconf 91' lang='lat' dir='ltr'><strong>divo</strong></span> <span class='ocrx_word' id='word_1_367' title='bbox 3271 1959 3459 2016; x_wconf 89' lang='lat' dir='ltr'><strong>Paulo.</strong></span> <span class='ocrx_word' id='word_1_368' title='bbox 3491 1960 3629 2016; x_wconf 90' lang='lat' dir='ltr'><strong>Cum</strong></span> 
     </span>
    </p>
   </div>
   <div class='ocr_carea' id='block_1_50' title="bbox 2044 2051 3628 2121">
    <p class='ocr_par' dir='ltr' id='par_1_50' title="bbox 2044 2051 3628 2121">
     <span class='ocr_line' id='line_1_50' title="bbox 2044 2051 3628 2121; baseline 0.001 -16"><span class='ocrx_word' id='word_1_369' title='bbox 2044 2051 2190 2105; x_wconf 89' lang='lat' dir='ltr'><strong>enim</strong></span> <span class='ocrx_word' id='word_1_370' title='bbox 2228 2066 2424 2107; x_wconf 90' lang='lat' dir='ltr'><strong>nomen</strong></span> <span class='ocrx_word' id='word_1_371' title='bbox 2465 2051 2587 2106; x_wconf 89' lang='lat' dir='ltr'><strong>ﬁdei</strong></span> <span class='ocrx_word' id='word_1_372' title='bbox 2646 2051 2758 2107; x_wconf 93' lang='lat' dir='ltr'><strong>duo</strong></span> <span class='ocrx_word' id='word_1_373' title='bbox 2794 2051 3111 2121; x_wconf 80' lang='lat' dir='ltr'><strong>signiﬁcare</strong></span> <span class='ocrx_word' id='word_1_374' title='bbox 3159 2053 3370 2108; x_wconf 87' lang='lat' dir='ltr'><strong>valeat:</strong></span> <span class='ocrx_word' id='word_1_375' title='bbox 3404 2067 3532 2107; x_wconf 91' lang='lat' dir='ltr'><strong>nam</strong></span> <span class='ocrx_word' id='word_1_376' title='bbox 3569 2063 3628 2108; x_wconf 88' lang='lat' dir='ltr'><strong>et</strong></span> 
     </span>
    </p>
   </div>
   <div class='ocr_carea' id='block_1_51' title="bbox 2046 2142 3630 2214">
    <p class='ocr_par' dir='ltr' id='par_1_51' title="bbox 2046 2142 3630 2214">
     <span class='ocr_line' id='line_1_51' title="bbox 2046 2142 3630 2214; baseline 0.001 -16"><span class='ocrx_word' id='word_1_377' title='bbox 2046 2142 2348 2212; x_wconf 86' lang='lat' dir='ltr'><strong>simplicem</strong></span> <span class='ocrx_word' id='word_1_378' title='bbox 2379 2146 2581 2200; x_wconf 86' lang='lat' dir='ltr'><strong>mentis</strong></span> <span class='ocrx_word' id='word_1_379' title='bbox 2600 2144 2679 2200; x_wconf 88' lang='lat' dir='ltr'><strong>rei</strong></span> <span class='ocrx_word' id='word_1_380' title='bbox 2705 2146 2988 2214; x_wconf 84' lang='lat' dir='ltr'><strong>apparenti</strong></span> <span class='ocrx_word' id='word_1_381' title='bbox 3024 2159 3314 2200; x_wconf 69' lang='lat' dir='ltr'><strong>aSSOIhUI“</strong></span> <span class='ocrx_word' id='word_1_382' title='bbox 3349 2143 3630 2199; x_wconf 89' lang='lat' dir='ltr'><strong>interdum</strong></span> 
     </span>
    </p>
   </div>
   <div class='ocr_carea' id='block_1_52' title="bbox 2047 2234 3632 2306">
    <p class='ocr_par' dir='ltr' id='par_1_52' title="bbox 2047 2234 3632 2306">
     <span class='ocr_line' id='line_1_52' title="bbox 2047 2234 3632 2306; baseline 0.002 -18"><span class='ocrx_word' id='word_1_383' title='bbox 2047 2235 2355 2304; x_wconf 72' lang='lat' dir='ltr'><strong>signiﬁcat;</strong></span> <span class='ocrx_word' id='word_1_384' title='bbox 2407 2236 2568 2291; x_wconf 85' lang='lat' dir='ltr'><strong>ﬁdem</strong></span> <span class='ocrx_word' id='word_1_385' title='bbox 2618 2250 2857 2306; x_wconf 85' lang='lat' dir='ltr'><strong>namque</strong></span> <span class='ocrx_word' id='word_1_386' title='bbox 2902 2243 2958 2290; x_wconf 94' lang='lat' dir='ltr'><strong>ct</strong></span> <span class='ocrx_word' id='word_1_387' title='bbox 2991 2234 3098 2290; x_wconf 86' lang='lat' dir='ltr'><strong>hoc</strong></span> <span class='ocrx_word' id='word_1_388' title='bbox 3157 2235 3344 2289; x_wconf 88' lang='lat' dir='ltr'><strong>dicere</strong></span> <span class='ocrx_word' id='word_1_389' title='bbox 3385 2235 3632 2292; x_wconf 79' lang='lat' dir='ltr'><strong>solemus</strong></span> 
     </span>
    </p>
   </div>
   <div class='ocr_carea' id='block_1_53' title="bbox 2049 2327 3626 2398">
    <p class='ocr_par' dir='ltr' id='par_1_53' title="bbox 2049 2327 3626 2398">
     <span class='ocr_line' id='line_1_53' title="bbox 2049 2327 3626 2398; baseline 0.001 -17"><span class='ocrx_word' id='word_1_390' title='bbox 2049 2329 2177 2398; x_wconf 86' lang='lat' dir='ltr'><strong>(qua</strong></span> <span class='ocrx_word' id='word_1_391' title='bbox 2229 2327 2443 2382; x_wconf 88' lang='lat' dir='ltr'><strong>ratione</strong></span> <span class='ocrx_word' id='word_1_392' title='bbox 2470 2335 2526 2383; x_wconf 91' lang='lat' dir='ltr'><strong>et</strong></span> <span class='ocrx_word' id='word_1_393' title='bbox 2579 2327 2859 2384; x_wconf 70' lang='lat' dir='ltr'><strong>daemones</strong></span> <span class='ocrx_word' id='word_1_394' title='bbox 2911 2327 3137 2383; x_wconf 84' lang='lat' dir='ltr'><strong>credere</strong></span> <span class='ocrx_word' id='word_1_395' title='bbox 3169 2328 3442 2391; x_wconf 83' lang='lat' dir='ltr'><strong>novimus,</strong></span> <span class='ocrx_word' id='word_1_396' title='bbox 3479 2329 3626 2398; x_wconf 90' lang='lat' dir='ltr'><strong>quod</strong></span> 
     </span>
    </p>
   </div>
   <div class='ocr_carea' id='block_1_54' title="bbox 2047 2419 3628 2491">
    <p class='ocr_par' dir='ltr' id='par_1_54' title="bbox 2047 2419 3628 2491">
     <span class='ocr_line' id='line_1_54' title="bbox 2047 2419 3628 2491; baseline -0.002 -14"><span class='ocrx_word' id='word_1_397' title='bbox 2047 2421 2303 2477; x_wconf 90' lang='lat' dir='ltr'><strong>Christus</strong></span> <span class='ocrx_word' id='word_1_398' title='bbox 2333 2419 2405 2476; x_wconf 91' lang='lat' dir='ltr'><strong>sit</strong></span> <span class='ocrx_word' id='word_1_399' title='bbox 2434 2419 2608 2476; x_wconf 85' lang='lat' dir='ltr'><strong>Filius</strong></span> <span class='ocrx_word' id='word_1_400' title='bbox 2643 2419 2762 2491; x_wconf 93' lang='lat' dir='ltr'><strong>Dei)</strong></span> <span class='ocrx_word' id='word_1_401' title='bbox 2797 2438 2813 2488; x_wconf 84' lang='lat'><strong>;</strong></span> <span class='ocrx_word' id='word_1_402' title='bbox 2848 2429 2902 2476; x_wconf 90' lang='lat' dir='ltr'><strong>et</strong></span> <span class='ocrx_word' id='word_1_403' title='bbox 2938 2435 3132 2475; x_wconf 89' lang='lat' dir='ltr'><strong>rursus</strong></span> <span class='ocrx_word' id='word_1_404' title='bbox 3183 2419 3628 2476; x_wconf 85' lang='lat' dir='ltr'><strong>consecutionem</strong></span> 
     </span>
    </p>
   </div>
   <div class='ocr_carea' id='block_1_55' title="bbox 2047 2510 3629 2575">
    <p class='ocr_par' dir='ltr' id='par_1_55' title="bbox 2047 2510 3629 2575">
     <span class='ocr_line' id='line_1_55' title="bbox 2047 2510 3629 2575; baseline -0.004 -4"><span class='ocrx_word' id='word_1_405' title='bbox 2047 2531 2112 2571; x_wconf 86' lang='lat' dir='ltr'><strong>ex</strong></span> <span class='ocrx_word' id='word_1_406' title='bbox 2174 2513 2468 2570; x_wconf 86' lang='lat' dir='ltr'><strong>aﬁ&#39;ectione</strong></span> <span class='ocrx_word' id='word_1_407' title='bbox 2524 2513 2689 2570; x_wconf 89' lang='lat' dir='ltr'><strong>simul</strong></span> <span class='ocrx_word' id='word_1_408' title='bbox 2747 2527 2873 2567; x_wconf 92' lang='lat' dir='ltr'><strong>cum</strong></span> <span class='ocrx_word' id='word_1_409' title='bbox 2949 2510 3108 2566; x_wconf 90' lang='lat' dir='ltr'><strong>ﬁrmo</strong></span> <span class='ocrx_word' id='word_1_410' title='bbox 3187 2526 3441 2575; x_wconf 90' lang='lat' dir='ltr'><strong>assensu,</strong></span> <span class='ocrx_word' id='word_1_411' title='bbox 3503 2510 3629 2566; x_wconf 89' lang='lat' dir='ltr'><strong>ﬁdei</strong></span> 
     </span>
    </p>
   </div>
   <div class='ocr_carea' id='block_1_56' title="bbox 2049 2603 3632 2676">
    <p class='ocr_par' dir='ltr' id='par_1_56' title="bbox 2049 2603 3632 2676">
     <span class='ocr_line' id='line_1_56' title="bbox 2049 2603 3632 2676; baseline -0.001 -16"><span class='ocrx_word' id='word_1_412' title='bbox 2049 2605 2276 2660; x_wconf 87' lang='lat' dir='ltr'><strong>nomine</strong></span> <span class='ocrx_word' id='word_1_413' title='bbox 2316 2605 2660 2676; x_wconf 86' lang='lat' dir='ltr'><strong>appellamus</strong></span> <span class='ocrx_word' id='word_1_414' title='bbox 2708 2622 2722 2659; x_wconf 91' lang='lat'><strong>:</strong></span> <span class='ocrx_word' id='word_1_415' title='bbox 2774 2611 3002 2660; x_wconf 87' lang='lat' dir='ltr'><strong>sanctus</strong></span> <span class='ocrx_word' id='word_1_416' title='bbox 3044 2603 3284 2660; x_wconf 83' lang='lat' dir='ltr'><strong>Jacobus</strong></span> <span class='ocrx_word' id='word_1_417' title='bbox 3328 2604 3632 2674; x_wconf 81' lang='lat' dir='ltr'><strong>simplicem</strong></span> 
     </span>
    </p>
   </div>
   <div class='ocr_carea' id='block_1_57' title="bbox 2050 2697 3634 2766">
    <p class='ocr_par' dir='ltr' id='par_1_57' title="bbox 2050 2697 3634 2766">
     <span class='ocr_line' id='line_1_57' title="bbox 2050 2697 3634 2766; baseline -0.001 -13"><span class='ocrx_word' id='word_1_418' title='bbox 2050 2698 2204 2753; x_wconf 91' lang='lat' dir='ltr'><strong>illum</strong></span> <span class='ocrx_word' id='word_1_419' title='bbox 2237 2713 2527 2752; x_wconf 88' lang='lat' dir='ltr'><strong>assensum</strong></span> <span class='ocrx_word' id='word_1_420' title='bbox 2551 2697 2710 2752; x_wconf 83' lang='lat' dir='ltr'><strong>ﬁdem</strong></span> <span class='ocrx_word' id='word_1_421' title='bbox 2742 2714 2760 2748; x_wconf 82' lang='grc' dir='ltr'><strong>ι</strong></span> <span class='ocrx_word' id='word_1_422' title='bbox 2794 2709 3069 2751; x_wconf 85' lang='lat' dir='ltr'><strong>mortuam</strong></span> <span class='ocrx_word' id='word_1_423' title='bbox 3107 2715 3125 2747; x_wconf 74' lang='grc' dir='ltr'><strong>ι</strong></span> <span class='ocrx_word' id='word_1_424' title='bbox 3152 2697 3414 2766; x_wconf 88' lang='lat' dir='ltr'><strong>appellat,</strong></span> <span class='ocrx_word' id='word_1_425' title='bbox 3440 2705 3634 2766; x_wconf 88' lang='lat' dir='ltr'><strong>utpote</strong></span> 
     </span>
    </p>
   </div>
   <div class='ocr_carea' id='block_1_58' title="bbox 2053 2789 3631 2860">
    <p class='ocr_par' dir='ltr' id='par_1_58' title="bbox 2053 2789 3631 2860">
     <span class='ocr_line' id='line_1_58' title="bbox 2053 2789 3631 2860; baseline -0.002 -16"><span class='ocrx_word' id='word_1_426' title='bbox 2053 2789 2467 2845; x_wconf 86' lang='lat' dir='ltr'><strong>viviﬁcantibus</strong></span> <span class='ocrx_word' id='word_1_427' title='bbox 2515 2789 2778 2860; x_wconf 87' lang='lat' dir='ltr'><strong>operibus</strong></span> <span class='ocrx_word' id='word_1_428' title='bbox 2811 2790 3156 2845; x_wconf 89' lang='lat' dir='ltr'><strong>destitutam.</strong></span> <span class='ocrx_word' id='word_1_429' title='bbox 3188 2789 3393 2846; x_wconf 88' lang='lat' dir='ltr'><strong>Paulus</strong></span> <span class='ocrx_word' id='word_1_430' title='bbox 3447 2798 3631 2844; x_wconf 89' lang='lat' dir='ltr'><strong>autem</strong></span> 
     </span>
    </p>
   </div>
   <div class='ocr_carea' id='block_1_59' title="bbox 2051 2878 3636 2948">
    <p class='ocr_par' dir='ltr' id='par_1_59' title="bbox 2051 2878 3636 2948">
     <span class='ocr_line' id='line_1_59' title="bbox 2051 2878 3636 2948; baseline -0.001 -15"><span class='ocrx_word' id='word_1_431' title='bbox 2051 2893 2171 2933; x_wconf 87' lang='lat' dir='ltr'><strong>eam</strong></span> <span class='ocrx_word' id='word_1_432' title='bbox 2195 2895 2316 2948; x_wconf 68' lang='lat' dir='ltr'><strong>qua:</strong></span> <span class='ocrx_word' id='word_1_433' title='bbox 2355 2894 2422 2935; x_wconf 89' lang='lat' dir='ltr'><strong>ex</strong></span> <span class='ocrx_word' id='word_1_434' title='bbox 2458 2879 2750 2934; x_wconf 79' lang='lat' dir='ltr'><strong>aliectione</strong></span> <span class='ocrx_word' id='word_1_435' title='bbox 2775 2889 2880 2940; x_wconf 89' lang='lat' dir='ltr'><strong>est,</strong></span> <span class='ocrx_word' id='word_1_436' title='bbox 2917 2886 3079 2934; x_wconf 88' lang='lat' dir='ltr'><strong>vocat</strong></span> <span class='ocrx_word' id='word_1_437' title='bbox 3139 2878 3325 2945; x_wconf 88' lang='lat' dir='ltr'><strong>ﬁdem,</strong></span> <span class='ocrx_word' id='word_1_438' title='bbox 3353 2895 3474 2948; x_wconf 78' lang='lat' dir='ltr'><strong>quae</strong></span> <span class='ocrx_word' id='word_1_439' title='bbox 3501 2893 3636 2934; x_wconf 89' lang='lat' dir='ltr'><strong>sane</strong></span> 
     </span>
    </p>
   </div>
   <div class='ocr_carea' id='block_1_60' title="bbox 2051 2970 3637 3041">
    <p class='ocr_par' dir='ltr' id='par_1_60' title="bbox 2051 2970 3637 3041">
     <span class='ocr_line' id='line_1_60' title="bbox 2051 2970 3637 3041; baseline 0.001 -16"><span class='ocrx_word' id='word_1_440' title='bbox 2051 2979 2261 3027; x_wconf 89' lang='lat' dir='ltr'><strong>nonest</strong></span> <span class='ocrx_word' id='word_1_441' title='bbox 2288 2971 2551 3041; x_wconf 88' lang='lat' dir='ltr'><strong>operibus</strong></span> <span class='ocrx_word' id='word_1_442' title='bbox 2581 2986 2752 3026; x_wconf 89' lang='lat' dir='ltr'><strong>vacua</strong></span> <span class='ocrx_word' id='word_1_443' title='bbox 2777 2971 2888 3041; x_wconf 79' lang='grc' dir='ltr'><strong>(ΓΙ)</strong></span> <span class='ocrx_word' id='word_1_444' title='bbox 2921 2987 2936 3024; x_wconf 90' lang='lat'><strong>:</strong></span> <span class='ocrx_word' id='word_1_445' title='bbox 2965 2985 3143 3040; x_wconf 92' lang='lat' dir='ltr'><strong>neque</strong></span> <span class='ocrx_word' id='word_1_446' title='bbox 3163 2971 3310 3025; x_wconf 91' lang='lat' dir='ltr'><strong>enim</strong></span> <span class='ocrx_word' id='word_1_447' title='bbox 3343 2971 3433 3024; x_wconf 86' lang='lat' dir='ltr'><strong>illa</strong></span> <span class='ocrx_word' id='word_1_448' title='bbox 3465 2970 3637 3026; x_wconf 90' lang='lat' dir='ltr'><strong>hone-</strong></span> 
     </span>
    </p>
   </div>
   <div class='ocr_carea' id='block_1_61' title="bbox 2054 3060 3637 3132">
    <p class='ocr_par' dir='ltr' id='par_1_61' title="bbox 2054 3060 3637 3132">
     <span class='ocr_line' id='line_1_61' title="bbox 2054 3060 3637 3132; baseline 0 -14"><span class='ocrx_word' id='word_1_449' title='bbox 2054 3065 2154 3118; x_wconf 88' lang='lat' dir='ltr'><strong>stis</strong></span> <span class='ocrx_word' id='word_1_450' title='bbox 2191 3062 2453 3132; x_wconf 85' lang='lat' dir='ltr'><strong>operibus</strong></span> <span class='ocrx_word' id='word_1_451' title='bbox 2487 3077 2658 3116; x_wconf 86' lang='lat' dir='ltr'><strong>vacuo</strong></span> <span class='ocrx_word' id='word_1_452' title='bbox 2686 3062 3104 3131; x_wconf 73' lang='lat' dir='ltr'><strong>ingeneraretur</strong></span> <span class='ocrx_word' id='word_1_453' title='bbox 3128 3062 3266 3131; x_wconf 85' lang='lat' dir='ltr'><strong>(i8).</strong></span> <span class='ocrx_word' id='word_1_454' title='bbox 3295 3060 3431 3115; x_wconf 77' lang='lat' dir='ltr'><strong>Nam</strong></span> <span class='ocrx_word' id='word_1_455' title='bbox 3458 3077 3637 3132; x_wconf 91' lang='lat' dir='ltr'><strong>neque</strong></span> 
     </span>
    </p>
   </div>
   <div class='ocr_carea' id='block_1_62' title="bbox 365 3151 1965 3248">
    <p class='ocr_par' dir='ltr' id='par_1_62' title="bbox 365 3151 1948 3227">
     <span class='ocr_line' id='line_1_62' title="bbox 365 3151 1948 3227; baseline 0.005 -23"><span class='ocrx_word' id='word_1_456' title='bbox 365 3152 523 3224; x_wconf 81' lang='grc' dir='ltr'>ἔτυχε</span> <span class='ocrx_word' id='word_1_457' title='bbox 569 3152 773 3224; x_wconf 82' lang='grc' dir='ltr'>ταύτης</span> <span class='ocrx_word' id='word_1_458' title='bbox 808 3151 882 3224; x_wconf 84' lang='grc' dir='ltr'>μὴ</span> <span class='ocrx_word' id='word_1_459' title='bbox 917 3156 1181 3226; x_wconf 82' lang='grc' dir='ltr'>πρότερον</span> <span class='ocrx_word' id='word_1_460' title='bbox 1234 3155 1658 3227; x_wconf 83' lang='grc' dir='ltr'>διηγωνισμένος</span> <span class='ocrx_word' id='word_1_461' title='bbox 1708 3158 1806 3227; x_wconf 81' lang='grc' dir='ltr'>τὴν</span> <span class='ocrx_word' id='word_1_462' title='bbox 1841 3175 1948 3212; x_wconf 81' lang='grc' dir='ltr'>πα-</span> 
     </span>
    </p>
   </div>
   <div class='ocr_carea' id='block_1_63' title="bbox 2053 3151 3638 3248">
    <p class='ocr_par' dir='ltr' id='par_1_63' title="bbox 2054 3155 3638 3224">
     <span class='ocr_line' id='line_1_63' title="bbox 2054 3155 3638 3224; baseline 0 -16"><span class='ocrx_word' id='word_1_463' title='bbox 2054 3155 2332 3210; x_wconf 85' lang='lat' dir='ltr'><strong>Abrabam</strong></span> <span class='ocrx_word' id='word_1_464' title='bbox 2366 3156 2508 3209; x_wconf 87' lang='lat' dir='ltr'><strong>hanc</strong></span> <span class='ocrx_word' id='word_1_465' title='bbox 2530 3165 2863 3209; x_wconf 88' lang='lat' dir='ltr'><strong>consecutus</strong></span> <span class='ocrx_word' id='word_1_466' title='bbox 2899 3163 3002 3218; x_wconf 90' lang='lat' dir='ltr'><strong>est,</strong></span> <span class='ocrx_word' id='word_1_467' title='bbox 3037 3161 3330 3224; x_wconf 86' lang='lat' dir='ltr'><strong>antequam</strong></span> <span class='ocrx_word' id='word_1_468' title='bbox 3367 3161 3638 3208; x_wconf 81' lang='lat' dir='ltr'><strong>certasset</strong></span> 
     </span>
    </p>
   </div>
   <div class='ocr_carea' id='block_1_64' title="bbox 365 3241 1944 3322">
    <p class='ocr_par' dir='ltr' id='par_1_64' title="bbox 365 3241 1944 3322">
     <span class='ocr_line' id='line_1_64' title="bbox 365 3241 1944 3322; baseline 0.004 -25"><span class='ocrx_word' id='word_1_469' title='bbox 365 3245 560 3316; x_wconf 84' lang='grc' dir='ltr'>τρικὴν</span> <span class='ocrx_word' id='word_1_470' title='bbox 607 3244 935 3300; x_wconf 86' lang='grc' dir='ltr'>ἀπώσασθαι</span> <span class='ocrx_word' id='word_1_471' title='bbox 981 3247 1289 3311; x_wconf 77' lang='grc' dir='ltr'>ἀσθένειαν,</span> <span class='ocrx_word' id='word_1_472' title='bbox 1340 3241 1495 3316; x_wconf 82' lang='grc' dir='ltr'>ᾧτινι</span> <span class='ocrx_word' id='word_1_473' title='bbox 1535 3249 1944 3322; x_wconf 77' lang='grc' dir='ltr'>ἁγωνίσματιή</span> 
     </span>
    </p>
   </div>
   <div class='ocr_carea' id='block_1_65' title="bbox 369 3337 1948 3414">
    <p class='ocr_par' dir='ltr' id='par_1_65' title="bbox 369 3337 1948 3414">
     <span class='ocr_line' id='line_1_65' title="bbox 369 3337 1948 3414; baseline 0.004 -24"><span class='ocrx_word' id='word_1_474' title='bbox 369 3337 554 3401; x_wconf 79' lang='grc' dir='ltr'>πίστις</span> <span class='ocrx_word' id='word_1_475' title='bbox 615 3337 849 3391; x_wconf 78' lang='grc' dir='ltr'>ἔπαθλον</span> <span class='ocrx_word' id='word_1_476' title='bbox 915 3339 1264 3408; x_wconf 81' lang='grc' dir='ltr'>ὲϐραϐεύετο.</span> <span class='ocrx_word' id='word_1_477' title='bbox 1312 3340 1450 3393; x_wconf 82' lang='grc' dir='ltr'>Ἀλλ’</span> <span class='ocrx_word' id='word_1_478' title='bbox 1502 3342 1678 3410; x_wconf 82' lang='grc' dir='ltr'>ἔργων</span> <span class='ocrx_word' id='word_1_479' title='bbox 1742 3345 1948 3414; x_wconf 77' lang='grc' dir='ltr'>ταύτην</span> 
     </span>
    </p>
   </div>
   <div class='ocr_carea' id='block_1_66' title="bbox 369 3429 1947 3503">
    <p class='ocr_par' dir='ltr' id='par_1_66' title="bbox 369 3429 1947 3503">
     <span class='ocr_line' id='line_1_66' title="bbox 369 3429 1947 3503; baseline 0.004 -21"><span class='ocrx_word' id='word_1_480' title='bbox 369 3431 695 3499; x_wconf 78' lang='grc' dir='ltr'>προέκρινεν</span> <span class='ocrx_word' id='word_1_481' title='bbox 724 3433 750 3484; x_wconf 87' lang='grc' dir='ltr'>ὁ</span> <span class='ocrx_word' id='word_1_482' title='bbox 783 3429 993 3494; x_wconf 79' lang='grc' dir='ltr'>Παῦλος</span> <span class='ocrx_word' id='word_1_483' title='bbox 1035 3430 1145 3484; x_wconf 85' lang='grc' dir='ltr'><strong>τῶν</strong></span> <span class='ocrx_word' id='word_1_484' title='bbox 1171 3431 1315 3484; x_wconf 74' lang='grc' dir='ltr'>κατὰ</span> <span class='ocrx_word' id='word_1_485' title='bbox 1341 3432 1505 3502; x_wconf 83' lang='grc' dir='ltr'>νόμον</span> <span class='ocrx_word' id='word_1_486' title='bbox 1538 3433 1947 3503; x_wconf 73' lang='grc' dir='ltr'>σαϐϐατισμῶν,</span> 
     </span>
    </p>
   </div>
   <div class='ocr_carea' id='block_1_67' title="bbox 367 3528 1950 3603">
    <p class='ocr_par' dir='ltr' id='par_1_67' title="bbox 367 3528 1950 3603">
     <span class='ocr_line' id='line_1_67' title="bbox 367 3528 1950 3603; baseline 0.002 -21"><span class='ocrx_word' id='word_1_487' title='bbox 367 3529 463 3582; x_wconf 73' lang='grc' dir='ltr'>καὶ</span> <span class='ocrx_word' id='word_1_488' title='bbox 496 3530 822 3600; x_wconf 81' lang='grc' dir='ltr'>περιτομῆς,</span> <span class='ocrx_word' id='word_1_489' title='bbox 855 3529 949 3583; x_wconf 73' lang='grc' dir='ltr'>καὶ</span> <span class='ocrx_word' id='word_1_490' title='bbox 979 3528 1088 3582; x_wconf 85' lang='grc' dir='ltr'><strong>τῶν</strong></span> <span class='ocrx_word' id='word_1_491' title='bbox 1125 3528 1329 3582; x_wconf 83' lang='grc' dir='ltr'>λοιπῶν</span> <span class='ocrx_word' id='word_1_492' title='bbox 1361 3530 1668 3600; x_wconf 78' lang='grc' dir='ltr'>ἁγνισμῶν.</span> <span class='ocrx_word' id='word_1_493' title='bbox 1700 3529 1806 3583; x_wconf 88' lang='grc' dir='ltr'><strong>Δύο</strong></span> <span class='ocrx_word' id='word_1_494' title='bbox 1839 3532 1950 3603; x_wconf 82' lang='grc' dir='ltr'>γὰρ</span> 
     </span>
    </p>
   </div>
   <div class='ocr_carea' id='block_1_68' title="bbox 370 3621 1952 3693">
    <p class='ocr_par' dir='ltr' id='par_1_68' title="bbox 370 3621 1952 3693">
     <span class='ocr_line' id='line_1_68' title="bbox 370 3621 1952 3693; baseline 0 -19"><span class='ocrx_word' id='word_1_495' title='bbox 370 3621 466 3674; x_wconf 71' lang='grc' dir='ltr'><strong>καὶ</strong></span> <span class='ocrx_word' id='word_1_496' title='bbox 495 3622 585 3673; x_wconf 73' lang='grc' dir='ltr'><strong>ἐπὶ</strong></span> <span class='ocrx_word' id='word_1_497' title='bbox 617 3621 726 3674; x_wconf 81' lang='grc' dir='ltr'>τῶν</span> <span class='ocrx_word' id='word_1_498' title='bbox 769 3621 948 3691; x_wconf 83' lang='grc' dir='ltr'>ἔργων</span> <span class='ocrx_word' id='word_1_499' title='bbox 981 3622 1176 3693; x_wconf 85' lang='grc' dir='ltr'>ὁρᾶται</span> <span class='ocrx_word' id='word_1_500' title='bbox 1222 3621 1292 3675; x_wconf 82' lang='grc' dir='ltr'><strong>τὰ</strong></span> <span class='ocrx_word' id='word_1_501' title='bbox 1341 3621 1737 3693; x_wconf 67' lang='grc' dir='ltr'>σημαινόμενα.</span> <span class='ocrx_word' id='word_1_502' title='bbox 1773 3623 1952 3692; x_wconf 87' lang='grc' dir='ltr'>Ἔργα</span> 
     </span>
    </p>
   </div>
   <div class='ocr_carea' id='block_1_69' title="bbox 364 3704 1952 3784">
    <p class='ocr_par' dir='ltr' id='par_1_69' title="bbox 364 3704 1952 3784">
     <span class='ocr_line' id='line_1_69' title="bbox 364 3704 1952 3784; baseline -0.001 -20"><span class='ocrx_word' id='word_1_503' title='bbox 364 3711 478 3784; x_wconf 85' lang='grc' dir='ltr'><strong>γὰρ</strong></span> <span class='ocrx_word' id='word_1_504' title='bbox 511 3713 604 3766; x_wconf 74' lang='grc' dir='ltr'><strong>καὶ</strong></span> <span class='ocrx_word' id='word_1_505' title='bbox 641 3711 709 3781; x_wconf 75' lang='grc' dir='ltr'>τὰ</span> <span class='ocrx_word' id='word_1_506' title='bbox 739 3713 837 3784; x_wconf 75' lang='grc' dir='ltr'>τὴν</span> <span class='ocrx_word' id='word_1_507' title='bbox 862 3711 1047 3764; x_wconf 84' lang='grc' dir='ltr'>πίστιν</span> <span class='ocrx_word' id='word_1_508' title='bbox 1073 3710 1396 3781; x_wconf 83' lang='grc' dir='ltr'>βεϐαιοῦντα</span> <span class='ocrx_word' id='word_1_509' title='bbox 1418 3711 1658 3779; x_wconf 73' lang='grc' dir='ltr'>λέγεται,</span> <span class='ocrx_word' id='word_1_510' title='bbox 1685 3704 1760 3764; x_wconf 84' lang='grc' dir='ltr'>ὧν</span> <span class='ocrx_word' id='word_1_511' title='bbox 1789 3713 1952 3781; x_wconf 83' lang='grc' dir='ltr'>ἀμοι-</span> 
     </span>
    </p>
   </div>
   <div class='ocr_carea' id='block_1_70' title="bbox 2057 3247 3637 3319">
    <p class='ocr_par' dir='ltr' id='par_1_70' title="bbox 2057 3247 3637 3319">
     <span class='ocr_line' id='line_1_70' title="bbox 2057 3247 3637 3319; baseline -0.001 -16"><span class='ocrx_word' id='word_1_512' title='bbox 2057 3250 2122 3304; x_wconf 87' lang='lat' dir='ltr'><strong>ad</strong></span> <span class='ocrx_word' id='word_1_513' title='bbox 2158 3258 2445 3319; x_wconf 87' lang='lat' dir='ltr'><strong>paternam</strong></span> <span class='ocrx_word' id='word_1_514' title='bbox 2500 3248 2864 3319; x_wconf 85' lang='lat' dir='ltr'><strong>repellendam</strong></span> <span class='ocrx_word' id='word_1_515' title='bbox 2921 3247 3352 3302; x_wconf 85' lang='lat' dir='ltr'><strong>imbecillitatem</strong></span> <span class='ocrx_word' id='word_1_516' title='bbox 3385 3247 3520 3317; x_wconf 90' lang='lat' dir='ltr'><strong>(i9),</strong></span> <span class='ocrx_word' id='word_1_517' title='bbox 3547 3248 3637 3302; x_wconf 89' lang='lat' dir='ltr'><strong>cui</strong></span> 
     </span>
    </p>
   </div>
   <div class='ocr_carea' id='block_1_71' title="bbox 2057 3339 3639 3411">
    <p class='ocr_par' dir='ltr' id='par_1_71' title="bbox 2057 3339 3639 3411">
     <span class='ocr_line' id='line_1_71' title="bbox 2057 3339 3639 3411; baseline -0.001 -15"><span class='ocrx_word' id='word_1_518' title='bbox 2057 3341 2346 3396; x_wconf 89' lang='lat' dir='ltr'><strong>certamini</strong></span> <span class='ocrx_word' id='word_1_519' title='bbox 2374 3341 2506 3396; x_wconf 89' lang='lat' dir='ltr'><strong>ﬁdes</strong></span> <span class='ocrx_word' id='word_1_520' title='bbox 2525 3342 2578 3395; x_wconf 92' lang='lat' dir='ltr'><strong>iu</strong></span> <span class='ocrx_word' id='word_1_521' title='bbox 2606 3339 2889 3411; x_wconf 61' lang='lat' dir='ltr'><strong>praemium</strong></span> <span class='ocrx_word' id='word_1_522' title='bbox 2906 3340 3030 3394; x_wconf 86' lang='lat' dir='ltr'><strong>data</strong></span> <span class='ocrx_word' id='word_1_523' title='bbox 3054 3348 3134 3393; x_wconf 91' lang='lat' dir='ltr'><strong>est</strong></span> <span class='ocrx_word' id='word_1_524' title='bbox 3166 3339 3300 3411; x_wconf 66' lang='grc' dir='ltr'>(ΞΟ).</span> <span class='ocrx_word' id='word_1_525' title='bbox 3331 3339 3480 3394; x_wconf 89' lang='lat' dir='ltr'><strong>llauc</strong></span> <span class='ocrx_word' id='word_1_526' title='bbox 3508 3355 3639 3394; x_wconf 89' lang='lat' dir='ltr'><strong>vero</strong></span> 
     </span>
    </p>
   </div>
   <div class='ocr_carea' id='block_1_72' title="bbox 2057 3431 3642 3502">
    <p class='ocr_par' dir='ltr' id='par_1_72' title="bbox 2057 3431 3642 3502">
     <span class='ocr_line' id='line_1_72' title="bbox 2057 3431 3642 3502; baseline -0.001 -15"><span class='ocrx_word' id='word_1_527' title='bbox 2057 3433 2262 3488; x_wconf 85' lang='lat' dir='ltr'><strong>Paulus</strong></span> <span class='ocrx_word' id='word_1_528' title='bbox 2292 3432 2450 3488; x_wconf 87' lang='lat' dir='ltr'><strong>ﬁdem</strong></span> <span class='ocrx_word' id='word_1_529' title='bbox 2478 3431 2772 3502; x_wconf 64' lang='lat' dir='ltr'><strong>praeposuit</strong></span> <span class='ocrx_word' id='word_1_530' title='bbox 2801 3432 3083 3500; x_wconf 86' lang='lat' dir='ltr'><strong>operibus,</strong></span> <span class='ocrx_word' id='word_1_531' title='bbox 3117 3447 3316 3501; x_wconf 88' lang='lat' dir='ltr'><strong>nempe</strong></span> <span class='ocrx_word' id='word_1_532' title='bbox 3365 3431 3642 3487; x_wconf 84' lang='lat' dir='ltr'><strong>sabbatis-</strong></span> 
     </span>
    </p>
   </div>
   <div class='ocr_carea' id='block_1_73' title="bbox 2059 3525 3646 3597">
    <p class='ocr_par' dir='ltr' id='par_1_73' title="bbox 2059 3525 3646 3597">
     <span class='ocr_line' id='line_1_73' title="bbox 2059 3525 3646 3597; baseline -0.002 -15"><span class='ocrx_word' id='word_1_533' title='bbox 2059 3531 2190 3588; x_wconf 84' lang='lat' dir='ltr'><strong>mis.</strong></span> <span class='ocrx_word' id='word_1_534' title='bbox 2209 3527 2643 3592; x_wconf 88' lang='lat' dir='ltr'><strong>circumcisioni,</strong></span> <span class='ocrx_word' id='word_1_535' title='bbox 2663 3527 2998 3596; x_wconf 87' lang='lat' dir='ltr'><strong>reliquisque</strong></span> <span class='ocrx_word' id='word_1_536' title='bbox 3023 3525 3272 3579; x_wconf 74' lang='lat' dir='ltr'><strong>Mosaica:</strong></span> <span class='ocrx_word' id='word_1_537' title='bbox 3295 3526 3427 3597; x_wconf 78' lang='lat' dir='ltr'><strong>legis</strong></span> <span class='ocrx_word' id='word_1_538' title='bbox 3452 3527 3646 3581; x_wconf 85' lang='lat' dir='ltr'><strong>obser-</strong></span> 
     </span>
    </p>
   </div>
   <div class='ocr_carea' id='block_1_74' title="bbox 2061 3619 3641 3689">
    <p class='ocr_par' dir='ltr' id='par_1_74' title="bbox 2061 3619 3641 3689">
     <span class='ocr_line' id='line_1_74' title="bbox 2061 3619 3641 3689; baseline 0.001 -17"><span class='ocrx_word' id='word_1_539' title='bbox 2061 3620 2284 3674; x_wconf 80' lang='lat' dir='ltr'><strong>vantiis.</strong></span> <span class='ocrx_word' id='word_1_540' title='bbox 2313 3619 2770 3689; x_wconf 82' lang='lat' dir='ltr'><strong>Quandoquidem</strong></span> <span class='ocrx_word' id='word_1_541' title='bbox 2806 3619 2969 3672; x_wconf 89' lang='lat' dir='ltr'><strong>etiam</strong></span> <span class='ocrx_word' id='word_1_542' title='bbox 3014 3632 3240 3686; x_wconf 90' lang='lat' dir='ltr'><strong>operum</strong></span> <span class='ocrx_word' id='word_1_543' title='bbox 3290 3633 3492 3672; x_wconf 88' lang='lat' dir='ltr'><strong>nomen</strong></span> <span class='ocrx_word' id='word_1_544' title='bbox 3529 3619 3641 3674; x_wconf 88' lang='lat' dir='ltr'><strong>duo</strong></span> 
     </span>
    </p>
   </div>
   <div class='ocr_carea' id='block_1_75' title="bbox 2061 3709 3638 3781">
    <p class='ocr_par' dir='ltr' id='par_1_75' title="bbox 2061 3709 3638 3781">
     <span class='ocr_line' id='line_1_75' title="bbox 2061 3709 3638 3781; baseline -0.001 -16"><span class='ocrx_word' id='word_1_545' title='bbox 2061 3712 2378 3781; x_wconf 81' lang='lat' dir='ltr'><strong>signiﬁcat:</strong></span> <span class='ocrx_word' id='word_1_546' title='bbox 2418 3728 2541 3766; x_wconf 89' lang='lat' dir='ltr'><strong>nam</strong></span> <span class='ocrx_word' id='word_1_547' title='bbox 2591 3718 2645 3765; x_wconf 90' lang='lat' dir='ltr'><strong>et</strong></span> <span class='ocrx_word' id='word_1_548' title='bbox 2675 3725 2842 3778; x_wconf 81' lang='lat' dir='ltr'><strong>opera</strong></span> <span class='ocrx_word' id='word_1_549' title='bbox 2874 3709 3133 3763; x_wconf 91' lang='lat' dir='ltr'><strong>dicuntur</strong></span> <span class='ocrx_word' id='word_1_550' title='bbox 3186 3710 3277 3762; x_wconf 86' lang='lat' dir='ltr'><strong>illa</strong></span> <span class='ocrx_word' id='word_1_551' title='bbox 3330 3726 3453 3780; x_wconf 77' lang='lat' dir='ltr'><strong>qua:</strong></span> <span class='ocrx_word' id='word_1_552' title='bbox 3483 3709 3638 3764; x_wconf 77' lang='lat' dir='ltr'><strong>[idem</strong></span> 
     </span>
    </p>
   </div>
   <div class='ocr_carea' id='block_1_76' title="bbox 1593 3887 2413 3954">
    <p class='ocr_par' dir='ltr' id='par_1_76' title="bbox 1593 3887 2413 3954">
     <span class='ocr_line' id='line_1_76' title="bbox 1593 3887 2413 3954; baseline 0 -4"><span class='ocrx_word' id='word_1_553' title='bbox 1593 3887 1902 3953; x_wconf 87' lang='lat' dir='ltr'><strong>Bonifacii</strong></span> <span class='ocrx_word' id='word_1_554' title='bbox 1947 3892 2171 3954; x_wconf 89' lang='lat' dir='ltr'><strong>Finetli</strong></span> <span class='ocrx_word' id='word_1_555' title='bbox 2222 3897 2413 3952; x_wconf 70' lang='lat' dir='ltr'><strong>noue.</strong></span> 
     </span>
    </p>
   </div>
   <div class='ocr_carea' id='block_1_77' title="bbox 446 3993 1945 4065">
    <p class='ocr_par' dir='ltr' id='par_1_77' title="bbox 446 3993 1945 4065">
     <span class='ocr_line' id='line_1_77' title="bbox 446 3993 1945 4065; baseline -0.001 -16"><span class='ocrx_word' id='word_1_556' title='bbox 446 3995 558 4065; x_wconf 85' lang='lat' dir='ltr'><strong>(l7)</strong></span> <span class='ocrx_word' id='word_1_557' title='bbox 592 3993 778 4049; x_wconf 81' lang='lat' dir='ltr'><strong>Fidem</strong></span> <span class='ocrx_word' id='word_1_558' title='bbox 804 4010 868 4050; x_wconf 76' lang='lat' dir='ltr'><strong>ex</strong></span> <span class='ocrx_word' id='word_1_559' title='bbox 903 3994 1179 4064; x_wconf 77' lang='lat' dir='ltr'><strong>affectione</strong></span> <span class='ocrx_word' id='word_1_560' title='bbox 1207 3993 1326 4065; x_wconf 87' lang='lat' dir='ltr'><strong>(seu</strong></span> <span class='ocrx_word' id='word_1_561' title='bbox 1362 3993 1529 4047; x_wconf 87' lang='lat' dir='ltr'><strong>animi</strong></span> <span class='ocrx_word' id='word_1_562' title='bbox 1561 3993 1945 4064; x_wconf 87' lang='lat' dir='ltr'><strong>dispositione)</strong></span> 
     </span>
    </p>
   </div>
   <div class='ocr_carea' id='block_1_78' title="bbox 374 4064 1950 4133">
    <p class='ocr_par' dir='ltr' id='par_1_78' title="bbox 374 4064 1950 4133">
     <span class='ocr_line' id='line_1_78' title="bbox 374 4064 1950 4133; baseline -0.001 -13"><span class='ocrx_word' id='word_1_563' title='bbox 374 4064 532 4120; x_wconf 79' lang='lat' dir='ltr'><strong>vocat</strong></span> <span class='ocrx_word' id='word_1_564' title='bbox 581 4065 671 4119; x_wconf 90' lang='lat' dir='ltr'><strong>hic</strong></span> <span class='ocrx_word' id='word_1_565' title='bbox 726 4075 1127 4120; x_wconf 86' lang='lat' dir='ltr'><strong>commentator</strong></span> <span class='ocrx_word' id='word_1_566' title='bbox 1194 4064 1352 4118; x_wconf 89' lang='lat' dir='ltr'><strong>ﬁdem</strong></span> <span class='ocrx_word' id='word_1_567' title='bbox 1411 4079 1534 4133; x_wconf 73' lang='lat' dir='ltr'><strong>qua:</strong></span> <span class='ocrx_word' id='word_1_568' title='bbox 1590 4080 1619 4117; x_wconf 89' lang='lat' dir='ltr'><strong>a</strong></span> <span class='ocrx_word' id='word_1_569' title='bbox 1663 4064 1950 4133; x_wconf 85' lang='lat' dir='ltr'><strong>_theologis</strong></span> 
     </span>
    </p>
   </div>
   <div class='ocr_carea' id='block_1_79' title="bbox 369 4131 1950 4206">
    <p class='ocr_par' dir='ltr' id='par_1_79' title="bbox 369 4131 1950 4206">
     <span class='ocr_line' id='line_1_79' title="bbox 369 4131 1950 4206; baseline -0.003 -16"><span class='ocrx_word' id='word_1_570' title='bbox 369 4138 614 4206; x_wconf 73' lang='lat' dir='ltr'><strong>{armata</strong></span> <span class='ocrx_word' id='word_1_571' title='bbox 668 4134 893 4206; x_wconf 81' lang='lat' dir='ltr'><strong>dicitur,</strong></span> <span class='ocrx_word' id='word_1_572' title='bbox 950 4150 1226 4206; x_wconf 88' lang='lat' dir='ltr'><strong>quamque</strong></span> <span class='ocrx_word' id='word_1_573' title='bbox 1279 4134 1340 4206; x_wconf 15' lang='lat' dir='ltr'><strong>VS.</strong></span> <span class='ocrx_word' id='word_1_574' title='bbox 1383 4131 1580 4206; x_wconf 48' lang='lat' dir='ltr'><strong>[lanius</strong></span> <span class='ocrx_word' id='word_1_575' title='bbox 1619 4131 1764 4206; x_wconf 77' lang='lat' dir='ltr'><strong>(Gal.</strong></span> <span class='ocrx_word' id='word_1_576' title='bbox 1800 4149 1854 4197; x_wconf 93' lang='lat' dir='ltr'><strong>v,</strong></span> 
     </span>
    </p>
   </div>
   <div class='ocr_carea' id='block_1_80' title="bbox 377 4203 1954 4274">
    <p class='ocr_par' dir='ltr' id='par_1_80' title="bbox 377 4203 1954 4274">
     <span class='ocr_line' id='line_1_80' title="bbox 377 4203 1954 4274; baseline -0.001 -14"><span class='ocrx_word' id='word_1_577' title='bbox 377 4203 456 4261; x_wconf 79' lang='lat' dir='ltr'><strong>ait</strong></span> <span class='ocrx_word' id='word_1_578' title='bbox 518 4222 612 4274; x_wconf 87' lang='lat' dir='ltr'><strong>per</strong></span> <span class='ocrx_word' id='word_1_579' title='bbox 685 4203 999 4259; x_wconf 83' lang='lat' dir='ltr'><strong>charitatem</strong></span> <span class='ocrx_word' id='word_1_580' title='bbox 1072 4205 1309 4274; x_wconf 81' lang='lat' dir='ltr'><strong>operari.</strong></span> <span class='ocrx_word' id='word_1_581' title='bbox 1385 4203 1571 4259; x_wconf 82' lang='lat' dir='ltr'><strong>Fidem</strong></span> <span class='ocrx_word' id='word_1_582' title='bbox 1633 4203 1954 4270; x_wconf 85' lang='lat' dir='ltr'><strong>hujusmodi</strong></span> 
     </span>
    </p>
   </div>
   <div class='ocr_carea' id='block_1_81' title="bbox 372 4275 1952 4346">
    <p class='ocr_par' dir='ltr' id='par_1_81' title="bbox 372 4275 1952 4346">
     <span class='ocr_line' id='line_1_81' title="bbox 372 4275 1952 4346; baseline -0.004 -14"><span class='ocrx_word' id='word_1_583' title='bbox 372 4277 639 4346; x_wconf 84' lang='lat' dir='ltr'><strong>operibus</strong></span> <span class='ocrx_word' id='word_1_584' title='bbox 703 4291 935 4330; x_wconf 83' lang='lat' dir='ltr'><strong>vacuam</strong></span> <span class='ocrx_word' id='word_1_585' title='bbox 997 4290 1122 4331; x_wconf 88' lang='lat' dir='ltr'><strong>esse</strong></span> <span class='ocrx_word' id='word_1_586' title='bbox 1175 4290 1285 4329; x_wconf 89' lang='lat' dir='ltr'><strong>non</strong></span> <span class='ocrx_word' id='word_1_587' title='bbox 1341 4288 1536 4344; x_wconf 85' lang='lat' dir='ltr'><strong>posse,</strong></span> <span class='ocrx_word' id='word_1_588' title='bbox 1594 4275 1952 4344; x_wconf 85' lang='lat' dir='ltr'><strong>perspicuum</strong></span> 
     </span>
    </p>
   </div>
   <div class='ocr_carea' id='block_1_82' title="bbox 372 4356 482 4403">
    <p class='ocr_par' dir='ltr' id='par_1_82' title="bbox 372 4356 482 4403">
     <span class='ocr_line' id='line_1_82' title="bbox 372 4356 482 4403; baseline 0.009 -1"><span class='ocrx_word' id='word_1_589' title='bbox 372 4356 482 4403; x_wconf 82' lang='lat' dir='ltr'><strong>est.</strong></span> 
     </span>
    </p>
   </div>
   <div class='ocr_carea' id='block_1_83' title="bbox 447 4413 1957 4486">
    <p class='ocr_par' dir='ltr' id='par_1_83' title="bbox 447 4413 1957 4486">
     <span class='ocr_line' id='line_1_83' title="bbox 447 4413 1957 4486; baseline -0.002 -16"><span class='ocrx_word' id='word_1_590' title='bbox 447 4416 561 4486; x_wconf 87' lang='lat' dir='ltr'><strong>(l8)</strong></span> <span class='ocrx_word' id='word_1_591' title='bbox 603 4416 678 4471; x_wconf 87' lang='lat' dir='ltr'><strong>De</strong></span> <span class='ocrx_word' id='word_1_592' title='bbox 702 4431 768 4470; x_wconf 91' lang='lat' dir='ltr'><strong>eo</strong></span> <span class='ocrx_word' id='word_1_593' title='bbox 793 4415 940 4485; x_wconf 89' lang='lat' dir='ltr'><strong>quod</strong></span> <span class='ocrx_word' id='word_1_594' title='bbox 997 4413 1281 4486; x_wconf 65' lang='lat' dir='ltr'><strong>ordinat-ie</strong></span> <span class='ocrx_word' id='word_1_595' title='bbox 1314 4413 1604 4486; x_wconf 76' lang='lat' dir='ltr'><strong>contingit,</strong></span> <span class='ocrx_word' id='word_1_596' title='bbox 1648 4414 1802 4486; x_wconf 79' lang='lat' dir='ltr'><strong>loqui</strong></span> <span class='ocrx_word' id='word_1_597' title='bbox 1869 4414 1957 4467; x_wconf 89' lang='lat' dir='ltr'><strong>hic</strong></span> 
     </span>
    </p>
   </div>
   <div class='ocr_carea' id='block_1_84' title="bbox 2054 3992 3638 4064">
    <p class='ocr_par' dir='ltr' id='par_1_84' title="bbox 2054 3992 3638 4064">
     <span class='ocr_line' id='line_1_84' title="bbox 2054 3992 3638 4064; baseline -0.003 -13"><span class='ocrx_word' id='word_1_598' title='bbox 2054 3997 2200 4052; x_wconf 90' lang='lat' dir='ltr'><strong>enim</strong></span> <span class='ocrx_word' id='word_1_599' title='bbox 2242 3995 2400 4062; x_wconf 83' lang='lat' dir='ltr'><strong>video</strong></span> <span class='ocrx_word' id='word_1_600' title='bbox 2458 3996 2735 4064; x_wconf 88' lang='lat' dir='ltr'><strong>quomodo</strong></span> <span class='ocrx_word' id='word_1_601' title='bbox 2771 3997 2891 4052; x_wconf 86' lang='lat' dir='ltr'><strong>haec</strong></span> <span class='ocrx_word' id='word_1_602' title='bbox 2942 3995 3131 4051; x_wconf 61' lang='lat' dir='ltr'><strong>Graeca</strong></span> <span class='ocrx_word' id='word_1_603' title='bbox 3166 3992 3352 4056; x_wconf 82' lang='lat' dir='ltr'><strong>verba,</strong></span> <span class='ocrx_word' id='word_1_604' title='bbox 3381 4063 3389 4064; x_wconf 14' lang='grc' dir='ltr'>ί</span> <span class='ocrx_word' id='word_1_605' title='bbox 3417 4007 3539 4061; x_wconf 72' lang='lat' dir='ltr'><strong>qua:</strong></span> <span class='ocrx_word' id='word_1_606' title='bbox 3583 3993 3638 4047; x_wconf 90' lang='lat' dir='ltr'><strong>iu</strong></span> 
     </span>
    </p>
   </div>
   <div class='ocr_carea' id='block_1_85' title="bbox 2057 4063 3642 4136">
    <p class='ocr_par' dir='ltr' id='par_1_85' title="bbox 2057 4063 3642 4136">
     <span class='ocr_line' id='line_1_85' title="bbox 2057 4063 3642 4136; baseline -0.003 -16"><span class='ocrx_word' id='word_1_607' title='bbox 2057 4069 2210 4120; x_wconf 59' lang='lat' dir='ltr'><strong>tortu</strong></span> <span class='ocrx_word' id='word_1_608' title='bbox 2267 4063 2556 4136; x_wconf 29' lang='lat' dir='ltr'><strong>{irmco’e</strong></span> <span class='ocrx_word' id='word_1_609' title='bbox 2597 4069 2820 4136; x_wconf 80' lang='lat' dir='ltr'><strong>regione</strong></span> <span class='ocrx_word' id='word_1_610' title='bbox 2877 4065 3000 4136; x_wconf 83' lang='lat' dir='ltr'><strong>ejus</strong></span> <span class='ocrx_word' id='word_1_611' title='bbox 3044 4064 3322 4136; x_wconf 79' lang='lat' dir='ltr'><strong>versionis</strong></span> <span class='ocrx_word' id='word_1_612' title='bbox 3379 4063 3642 4136; x_wconf 72' lang='lat' dir='ltr'><strong>leguntur</strong></span> 
     </span>
    </p>
   </div>
   <div class='ocr_carea' id='block_1_86' title="bbox 2060 4132 3638 4207">
    <p class='ocr_par' dir='ltr' id='par_1_86' title="bbox 2060 4132 3638 4207">
     <span class='ocr_line' id='line_1_86' title="bbox 2060 4132 3638 4207; baseline -0.004 -18"><span class='ocrx_word' id='word_1_613' title='bbox 2060 4137 2226 4206; x_wconf 80' lang='lat' dir='ltr'><strong>(Edit.</strong></span> <span class='ocrx_word' id='word_1_614' title='bbox 2261 4135 2382 4190; x_wconf 85' lang='lat' dir='ltr'><strong>Par.</strong></span> <span class='ocrx_word' id='word_1_615' title='bbox 2411 4135 2590 4205; x_wconf 79' lang='grc'><strong>1651),</strong></span> <span class='ocrx_word' id='word_1_616' title='bbox 2622 4132 2722 4207; x_wconf 73' lang='grc' dir='ltr'><strong>τῆν</strong></span> <span class='ocrx_word' id='word_1_617' title='bbox 2774 4132 3050 4206; x_wconf 76' lang='grc' dir='ltr'>πατρικὴν</span> <span class='ocrx_word' id='word_1_618' title='bbox 3100 4133 3392 4207; x_wconf 38' lang='grc' dir='ltr'>ἀπώ-σαθαι</span> <span class='ocrx_word' id='word_1_619' title='bbox 3425 4132 3638 4201; x_wconf 78' lang='grc' dir='ltr'>ἁθείαν,</span> 
     </span>
    </p>
   </div>
   <div class='ocr_carea' id='block_1_87' title="bbox 2058 4205 3324 4276">
    <p class='ocr_par' dir='ltr' id='par_1_87' title="bbox 2058 4205 3324 4276">
     <span class='ocr_line' id='line_1_87' title="bbox 2058 4205 3324 4276; baseline -0.002 -16"><span class='ocrx_word' id='word_1_620' title='bbox 2058 4205 2220 4260; x_wconf 83' lang='lat' dir='ltr'><strong>talem</strong></span> <span class='ocrx_word' id='word_1_621' title='bbox 2253 4205 2760 4276; x_wconf 85' lang='lat' dir='ltr'><strong>interpretationem</strong></span> <span class='ocrx_word' id='word_1_622' title='bbox 2802 4205 3047 4276; x_wconf 84' lang='lat' dir='ltr'><strong>recipere</strong></span> <span class='ocrx_word' id='word_1_623' title='bbox 3087 4205 3324 4274; x_wconf 85' lang='lat' dir='ltr'><strong>possint.</strong></span> 
     </span>
    </p>
   </div>
   <div class='ocr_carea' id='block_1_88' title="bbox 2135 4272 3642 4346">
    <p class='ocr_par' dir='ltr' id='par_1_88' title="bbox 2135 4272 3642 4346">
     <span class='ocr_line' id='line_1_88' title="bbox 2135 4272 3642 4346; baseline -0.001 -16"><span class='ocrx_word' id='word_1_624' title='bbox 2135 4275 2248 4344; x_wconf 78' lang='lat'><strong>(‘20)</strong></span> <span class='ocrx_word' id='word_1_625' title='bbox 2279 4275 2334 4330; x_wconf 88' lang='lat' dir='ltr'><strong>Si</strong></span> <span class='ocrx_word' id='word_1_626' title='bbox 2392 4272 2796 4331; x_wconf 81' lang='lat' dir='ltr'><strong>commentator</strong></span> <span class='ocrx_word' id='word_1_627' title='bbox 2857 4272 2930 4333; x_wconf 74' lang='lat' dir='ltr'><strong>de</strong></span> <span class='ocrx_word' id='word_1_628' title='bbox 2987 4272 3162 4346; x_wconf 83' lang='lat' dir='ltr'><strong>prima</strong></span> <span class='ocrx_word' id='word_1_629' title='bbox 3211 4273 3502 4346; x_wconf 36' lang='lat' dir='ltr'><strong>Abrahae”</strong></span> <span class='ocrx_word' id='word_1_630' title='bbox 3538 4272 3642 4328; x_wconf 87' lang='lat' dir='ltr'><strong>ﬁde</strong></span> 
     </span>
    </p>
   </div>
   <div class='ocr_carea' id='block_1_89' title="bbox 2061 4344 3642 4418">
    <p class='ocr_par' dir='ltr' id='par_1_89' title="bbox 2061 4344 3642 4418">
     <span class='ocr_line' id='line_1_89' title="bbox 2061 4344 3642 4418; baseline -0.003 -18"><span class='ocrx_word' id='word_1_631' title='bbox 2061 4347 2326 4418; x_wconf 88' lang='lat' dir='ltr'><strong>loquitur,</strong></span> <span class='ocrx_word' id='word_1_632' title='bbox 2357 4347 2638 4418; x_wconf 66' lang='lat' dir='ltr'><strong>prmmium</strong></span> <span class='ocrx_word' id='word_1_633' title='bbox 2671 4349 2891 4417; x_wconf 87' lang='lat' dir='ltr'><strong>proprie</strong></span> <span class='ocrx_word' id='word_1_634' title='bbox 2929 4344 3152 4418; x_wconf 80' lang='lat' dir='ltr'><strong>dictum</strong></span> <span class='ocrx_word' id='word_1_635' title='bbox 3185 4344 3299 4418; x_wconf 72' lang='grc' dir='ltr'><strong>ΔΙιὶιι</strong></span> <span class='ocrx_word' id='word_1_636' title='bbox 3323 4344 3642 4418; x_wconf 79' lang='lat' dir='ltr'><strong>intelligere</strong></span> 
     </span>
    </p>
   </div>
   <div class='ocr_carea' id='block_1_90' title="bbox 2062 4412 3641 4486">
    <p class='ocr_par' dir='ltr' id='par_1_90' title="bbox 2062 4412 3641 4486">
     <span class='ocr_line' id='line_1_90' title="bbox 2062 4412 3641 4486; baseline -0.004 -14"><span class='ocrx_word' id='word_1_637' title='bbox 2062 4412 2172 4472; x_wconf 77' lang='lat' dir='ltr'><strong>non</strong></span> <span class='ocrx_word' id='word_1_638' title='bbox 2207 4412 2407 4486; x_wconf 75' lang='lat' dir='ltr'><strong>potest,</strong></span> <span class='ocrx_word' id='word_1_639' title='bbox 2460 4415 2554 4471; x_wconf 91' lang='lat' dir='ltr'><strong>sed</strong></span> <span class='ocrx_word' id='word_1_640' title='bbox 2597 4412 3004 4481; x_wconf 82' lang='lat' dir='ltr'><strong>tantummodo,</strong></span> <span class='ocrx_word' id='word_1_641' title='bbox 3051 4413 3196 4486; x_wconf 69' lang='lat' dir='ltr'><strong>quod</strong></span> <span class='ocrx_word' id='word_1_642' title='bbox 3250 4412 3468 4467; x_wconf 86' lang='lat' dir='ltr'><strong>cuidam</strong></span> <span class='ocrx_word' id='word_1_643' title='bbox 3503 4429 3641 4486; x_wconf 73' lang='lat' dir='ltr'><strong>con-</strong></span> 
     </span>
    </p>
   </div>
   <div class='ocr_carea' id='block_1_91' title="bbox 377 4484 3637 4559">
    <p class='ocr_par' dir='ltr' id='par_1_91' title="bbox 377 4484 3637 4559">
     <span class='ocr_line' id='line_1_91' title="bbox 377 4484 3637 4559; baseline -0.002 -18"><span class='ocrx_word' id='word_1_644' title='bbox 377 4484 824 4559; x_wconf 5' lang='lat' dir='ltr'><strong>putoqauctorem</strong></span> <span class='ocrx_word' id='word_1_645' title='bbox 863 4486 1051 4559; x_wconf 65' lang='lat' dir='ltr'><strong>istumt</strong></span> <span class='ocrx_word' id='word_1_646' title='bbox 1110 4484 1404 4559; x_wconf 83' lang='lat' dir='ltr'><strong>Ordinarie</strong></span> <span class='ocrx_word' id='word_1_647' title='bbox 1439 4485 1586 4538; x_wconf 89' lang='lat' dir='ltr'><strong>enim</strong></span> <span class='ocrx_word' id='word_1_648' title='bbox 1638 4485 1774 4559; x_wconf 80' lang='lat' dir='ltr'><strong>ﬁdes</strong></span> <span class='ocrx_word' id='word_1_649' title='bbox 1824 4500 1954 4537; x_wconf 85' lang='lat' dir='ltr'><strong>vera</strong></span> <span class='ocrx_word' id='word_1_650' title='bbox 1989 4505 2032 4559; x_wconf 78' lang='grc' dir='ltr'><strong>ι)</strong></span> <span class='ocrx_word' id='word_1_651' title='bbox 2064 4484 2312 4559; x_wconf 26' lang='lat' dir='ltr'><strong>gruit-ali,</strong></span> <span class='ocrx_word' id='word_1_652' title='bbox 2351 4501 2448 4541; x_wconf 88' lang='lat' dir='ltr'><strong>seu</strong></span> <span class='ocrx_word' id='word_1_653' title='bbox 2487 4501 2748 4556; x_wconf 73' lang='lat' dir='ltr'><strong>congruae</strong></span> <span class='ocrx_word' id='word_1_654' title='bbox 2787 4484 3172 4559; x_wconf 78' lang='lat' dir='ltr'><strong>tlispositimii_</strong></span> <span class='ocrx_word' id='word_1_655' title='bbox 3200 4484 3637 4559; x_wconf 84' lang='lat' dir='ltr'><strong>correspoudet:</strong></span> 
     </span>
    </p>
   </div>
   <div class='ocr_carea' id='block_1_92' title="bbox 380 4555 1956 4625">
    <p class='ocr_par' dir='ltr' id='par_1_92' title="bbox 380 4555 1956 4625">
     <span class='ocr_line' id='line_1_92' title="bbox 380 4555 1956 4625; baseline -0.004 -13"><span class='ocrx_word' id='word_1_656' title='bbox 380 4555 491 4614; x_wconf 75' lang='lat' dir='ltr'><strong>non</strong></span> <span class='ocrx_word' id='word_1_657' title='bbox 523 4556 833 4612; x_wconf 87' lang='lat' dir='ltr'><strong>innascitur</strong></span> <span class='ocrx_word' id='word_1_658' title='bbox 863 4556 930 4611; x_wconf 72' lang='lat' dir='ltr'><strong>i‘s</strong></span> <span class='ocrx_word' id='word_1_659' title='bbox 961 4555 1053 4624; x_wconf 87' lang='lat' dir='ltr'><strong>qui</strong></span> <span class='ocrx_word' id='word_1_660' title='bbox 1091 4565 1240 4609; x_wconf 90' lang='lat' dir='ltr'><strong>recte</strong></span> <span class='ocrx_word' id='word_1_661' title='bbox 1267 4555 1497 4625; x_wconf 84' lang='lat' dir='ltr'><strong>etjuxta</strong></span> <span class='ocrx_word' id='word_1_662' title='bbox 1551 4555 1783 4625; x_wconf 81' lang='lat' dir='ltr'><strong>rationis</strong></span> <span class='ocrx_word' id='word_1_663' title='bbox 1812 4571 1956 4625; x_wconf 73' lang='lat' dir='ltr'><strong>pra:-</strong></span> 
     </span>
    </p>
   </div>
   <div class='ocr_carea' id='block_1_93' title="bbox 382 4622 1960 4698">
    <p class='ocr_par' dir='ltr' id='par_1_93' title="bbox 382 4622 1960 4698">
     <span class='ocr_line' id='line_1_93' title="bbox 382 4622 1960 4698; baseline -0.004 -15"><span class='ocrx_word' id='word_1_664' title='bbox 382 4629 589 4698; x_wconf 86' lang='lat' dir='ltr'><strong>scripta</strong></span> <span class='ocrx_word' id='word_1_665' title='bbox 622 4622 993 4698; x_wconf 65' lang='lat' dir='ltr'><strong>nouvivuntj</strong></span> <span class='ocrx_word' id='word_1_666' title='bbox 1022 4639 1188 4694; x_wconf 86' lang='lat' dir='ltr'><strong>prava</strong></span> <span class='ocrx_word' id='word_1_667' title='bbox 1227 4624 1372 4698; x_wconf 81' lang='lat' dir='ltr'><strong>enim</strong></span> <span class='ocrx_word' id='word_1_668' title='bbox 1403 4622 1620 4678; x_wconf 84' lang='lat' dir='ltr'><strong>vivendi</strong></span> <span class='ocrx_word' id='word_1_669' title='bbox 1655 4626 1794 4678; x_wconf 89' lang='lat' dir='ltr'><strong>ratio</strong></span> <span class='ocrx_word' id='word_1_670' title='bbox 1815 4622 1960 4679; x_wconf 40' lang='lat' dir='ltr'><strong>’vali-</strong></span> 
     </span>
    </p>
   </div>
   <div class='ocr_carea' id='block_1_94' title="bbox 376 4695 1328 4752">
    <p class='ocr_par' dir='ltr' id='par_1_94' title="bbox 376 4695 1328 4752">
     <span class='ocr_line' id='line_1_94' title="bbox 376 4695 1328 4752; baseline -0.006 0"><span class='ocrx_word' id='word_1_671' title='bbox 376 4695 646 4752; x_wconf 83' lang='lat' dir='ltr'><strong>dissimns</strong></span> <span class='ocrx_word' id='word_1_672' title='bbox 683 4696 806 4749; x_wconf 88' lang='lat' dir='ltr'><strong>ﬁdei</strong></span> <span class='ocrx_word' id='word_1_673' title='bbox 839 4695 976 4749; x_wconf 85' lang='lat' dir='ltr'><strong>obex</strong></span> <span class='ocrx_word' id='word_1_674' title='bbox 1012 4709 1135 4748; x_wconf 89' lang='lat' dir='ltr'><strong>esse</strong></span> <span class='ocrx_word' id='word_1_675' title='bbox 1163 4695 1328 4748; x_wconf 91' lang='lat' dir='ltr'><strong>solet.</strong></span> 
     </span>
    </p>
   </div>
   <div class='ocr_carea' id='block_1_95' title="bbox 452 4764 1964 4838">
    <p class='ocr_par' dir='ltr' id='par_1_95' title="bbox 452 4764 1964 4838">
     <span class='ocr_line' id='line_1_95' title="bbox 452 4764 1964 4838; baseline -0.002 -16"><span class='ocrx_word' id='word_1_676' title='bbox 452 4767 566 4838; x_wconf 89' lang='lat' dir='ltr'><strong>(l9)</strong></span> <span class='ocrx_word' id='word_1_677' title='bbox 603 4767 707 4821; x_wconf 84' lang='lat' dir='ltr'><strong>Per</strong></span> <span class='ocrx_word' id='word_1_678' title='bbox 734 4775 1012 4835; x_wconf 83' lang='lat' dir='ltr'><strong>paternam</strong></span> <span class='ocrx_word' id='word_1_679' title='bbox 1053 4764 1740 4838; x_wconf 70' lang='lat' dir='ltr'><strong>imbecillitatemintelligo</strong></span> <span class='ocrx_word' id='word_1_680' title='bbox 1761 4781 1964 4834; x_wconf 90' lang='lat' dir='ltr'><strong>paren-</strong></span> 
     </span>
    </p>
   </div>
   <div class='ocr_carea' id='block_1_96' title="bbox 379 4833 1960 4904">
    <p class='ocr_par' dir='ltr' id='par_1_96' title="bbox 379 4833 1960 4904">
     <span class='ocr_line' id='line_1_96' title="bbox 379 4833 1960 4904; baseline -0.001 -13"><span class='ocrx_word' id='word_1_681' title='bbox 379 4833 494 4892; x_wconf 83' lang='lat' dir='ltr'><strong>tum</strong></span> <span class='ocrx_word' id='word_1_682' title='bbox 526 4833 792 4901; x_wconf 80' lang='lat' dir='ltr'><strong>amorem,</strong></span> <span class='ocrx_word' id='word_1_683' title='bbox 837 4851 997 4904; x_wconf 89' lang='lat' dir='ltr'><strong>quem</strong></span> <span class='ocrx_word' id='word_1_684' title='bbox 1031 4849 1292 4904; x_wconf 88' lang='lat' dir='ltr'><strong>superare</strong></span> <span class='ocrx_word' id='word_1_685' title='bbox 1324 4833 1519 4888; x_wconf 78' lang='lat' dir='ltr'><strong>debuit</strong></span> <span class='ocrx_word' id='word_1_686' title='bbox 1565 4833 1868 4901; x_wconf 76' lang='lat' dir='ltr'><strong>Abraham,</strong></span> <span class='ocrx_word' id='word_1_687' title='bbox 1899 4845 1960 4889; x_wconf 93' lang='lat' dir='ltr'><strong>ut</strong></span> 
     </span>
    </p>
   </div>
   <div class='ocr_carea' id='block_1_97' title="bbox 380 4903 1960 4976">
    <p class='ocr_par' dir='ltr' id='par_1_97' title="bbox 380 4903 1960 4976">
     <span class='ocr_line' id='line_1_97' title="bbox 380 4903 1960 4976; baseline -0.001 -16"><span class='ocrx_word' id='word_1_688' title='bbox 380 4908 476 4962; x_wconf 86' lang='lat' dir='ltr'><strong>Dei</strong></span> <span class='ocrx_word' id='word_1_689' title='bbox 514 4908 773 4961; x_wconf 85' lang='lat' dir='ltr'><strong>mandato</strong></span> <span class='ocrx_word' id='word_1_690' title='bbox 803 4903 1103 4976; x_wconf 72' lang='lat' dir='ltr'><strong>egrediendt&#39;</strong></span> <span class='ocrx_word' id='word_1_691' title='bbox 1141 4903 1204 4957; x_wconf 87' lang='lat' dir='ltr'><strong>de</strong></span> <span class='ocrx_word' id='word_1_692' title='bbox 1231 4913 1374 4976; x_wconf 64' lang='lat' dir='ltr'><strong>terra</strong></span> <span class='ocrx_word' id='word_1_693' title='bbox 1399 4912 1470 4976; x_wconf 28' lang='lat' dir='ltr'><strong>“et</strong></span> <span class='ocrx_word' id='word_1_694' title='bbox 1501 4906 1816 4974; x_wconf 81' lang='lat' dir='ltr'><strong>cognatione</strong></span> <span class='ocrx_word' id='word_1_695' title='bbox 1862 4922 1960 4958; x_wconf 81' lang='lat' dir='ltr'><strong>sua</strong></span> 
     </span>
    </p>
   </div>
   <div class='ocr_carea' id='block_1_98' title="bbox 380 4974 1960 5046">
    <p class='ocr_par' dir='ltr' id='par_1_98' title="bbox 380 4974 1960 5046">
     <span class='ocr_line' id='line_1_98' title="bbox 380 4974 1960 5046; baseline -0.002 -15"><span class='ocrx_word' id='word_1_696' title='bbox 380 4977 535 5046; x_wconf 80' lang='lat' dir='ltr'><strong>(Gen.</strong></span> <span class='ocrx_word' id='word_1_697' title='bbox 581 4993 678 5042; x_wconf 90' lang='lat' dir='ltr'><strong>xu,</strong></span> <span class='ocrx_word' id='word_1_698' title='bbox 733 4980 784 5045; x_wconf 83' lang='lat' dir='ltr'><strong>l)</strong></span> <span class='ocrx_word' id='word_1_699' title='bbox 836 4974 1273 5043; x_wconf 77' lang='lat' dir='ltr'><strong>obtemperaret.</strong></span> <span class='ocrx_word' id='word_1_700' title='bbox 1334 4974 1526 5046; x_wconf 82' lang='lat' dir='ltr'><strong>Editus</strong></span> <span class='ocrx_word' id='word_1_701' title='bbox 1575 4977 1685 5046; x_wconf 83' lang='lat' dir='ltr'><strong>sub</strong></span> <span class='ocrx_word' id='word_1_702' title='bbox 1732 4976 1960 5046; x_wconf 85' lang='lat' dir='ltr'><strong>nomine</strong></span> 
     </span>
    </p>
   </div>
   <div class='ocr_carea' id='block_1_99' title="bbox 375 5043 1960 5112">
    <p class='ocr_par' dir='ltr' id='par_1_99' title="bbox 375 5043 1960 5112">
     <span class='ocr_line' id='line_1_99' title="bbox 375 5043 1960 5112; baseline -0.005 -9"><span class='ocrx_word' id='word_1_703' title='bbox 375 5043 702 5103; x_wconf 75' lang='lat' dir='ltr'><strong>(Ecumenii</strong></span> <span class='ocrx_word' id='word_1_704' title='bbox 759 5043 1193 5100; x_wconf 81' lang='lat' dir='ltr'><strong>commentarius</strong></span> <span class='ocrx_word' id='word_1_705' title='bbox 1229 5059 1328 5112; x_wconf 84' lang='lat' dir='ltr'><strong>pro</strong></span> <span class='ocrx_word' id='word_1_706' title='bbox 1368 5043 1676 5106; x_wconf 86' lang='grc' dir='ltr'>ἀσθενείαν,</span> <span class='ocrx_word' id='word_1_707' title='bbox 1723 5045 1960 5097; x_wconf 81' lang='lat' dir='ltr'><strong>imbecil-</strong></span> 
     </span>
    </p>
   </div>
   <div class='ocr_carea' id='block_1_100' title="bbox 379 5115 1956 5185">
    <p class='ocr_par' dir='ltr' id='par_1_100' title="bbox 379 5115 1956 5185">
     <span class='ocr_line' id='line_1_100' title="bbox 379 5115 1956 5185; baseline -0.002 -14"><span class='ocrx_word' id='word_1_708' title='bbox 379 5121 608 5182; x_wconf 82' lang='lat' dir='ltr'><strong>litatem,</strong></span> <span class='ocrx_word' id='word_1_709' title='bbox 629 5121 712 5172; x_wconf 84' lang='lat' dir='ltr'><strong>vel</strong></span> <span class='ocrx_word' id='word_1_710' title='bbox 738 5115 1128 5185; x_wconf 83' lang='lat' dir='ltr'><strong>inﬁrmitatem,</strong></span> <span class='ocrx_word' id='word_1_711' title='bbox 1159 5115 1340 5185; x_wconf 88' lang='lat' dir='ltr'><strong>habet,</strong></span> <span class='ocrx_word' id='word_1_712' title='bbox 1367 5115 1686 5185; x_wconf 75' lang='lat' dir='ltr'><strong>etl‘ortasse</strong></span> <span class='ocrx_word' id='word_1_713' title='bbox 1739 5115 1956 5185; x_wconf 86' lang='lat' dir='ltr'><strong>melius,</strong></span> 
     </span>
    </p>
   </div>
   <div class='ocr_carea' id='block_1_101' title="bbox 381 5183 1956 5255">
    <p class='ocr_par' dir='ltr' id='par_1_101' title="bbox 381 5183 1956 5255">
     <span class='ocr_line' id='line_1_101' title="bbox 381 5183 1956 5255; baseline -0.003 -13"><span class='ocrx_word' id='word_1_714' title='bbox 381 5189 595 5247; x_wconf 80' lang='grc' dir='ltr'>ἁθείαν,</span> <span class='ocrx_word' id='word_1_715' title='bbox 652 5183 1029 5255; x_wconf 72' lang='lat' dir='ltr'><strong>impietatem:</strong></span> <span class='ocrx_word' id='word_1_716' title='bbox 1088 5200 1209 5252; x_wconf 69' lang='lat' dir='ltr'><strong>quaa</strong></span> <span class='ocrx_word' id='word_1_717' title='bbox 1271 5184 1316 5239; x_wconf 91' lang='lat' dir='ltr'><strong>si</strong></span> <span class='ocrx_word' id='word_1_718' title='bbox 1376 5183 1707 5255; x_wconf 81' lang='lat' dir='ltr'><strong>admittatur</strong></span> <span class='ocrx_word' id='word_1_719' title='bbox 1773 5184 1956 5249; x_wconf 86' lang='lat' dir='ltr'><strong>lectio,</strong></span> 
     </span>
    </p>
   </div>
   <div class='ocr_carea' id='block_1_102' title="bbox 385 5254 1960 5327">
    <p class='ocr_par' dir='ltr' id='par_1_102' title="bbox 385 5254 1960 5327">
     <span class='ocr_line' id='line_1_102' title="bbox 385 5254 1960 5327; baseline -0.003 -14"><span class='ocrx_word' id='word_1_720' title='bbox 385 5260 696 5327; x_wconf 78' lang='lat' dir='ltr'><strong>respexisse</strong></span> <span class='ocrx_word' id='word_1_721' title='bbox 728 5254 945 5310; x_wconf 78' lang='lat' dir='ltr'><strong>videtur</strong></span> <span class='ocrx_word' id='word_1_722' title='bbox 969 5255 1058 5308; x_wconf 86' lang='lat' dir='ltr'><strong>hic</strong></span> <span class='ocrx_word' id='word_1_723' title='bbox 1104 5263 1296 5308; x_wconf 91' lang='lat' dir='ltr'><strong>auctor</strong></span> <span class='ocrx_word' id='word_1_724' title='bbox 1322 5254 1388 5308; x_wconf 89' lang='lat' dir='ltr'><strong>ad</strong></span> <span class='ocrx_word' id='word_1_725' title='bbox 1430 5269 1578 5327; x_wconf 62' lang='lat' dir='ltr'><strong>eam,</strong></span> <span class='ocrx_word' id='word_1_726' title='bbox 1609 5267 1731 5324; x_wconf 77' lang='lat' dir='ltr'><strong>qua:</strong></span> <span class='ocrx_word' id='word_1_727' title='bbox 1757 5255 1960 5309; x_wconf 91' lang='lat' dir='ltr'><strong>multo-</strong></span> 
     </span>
    </p>
   </div>
   <div class='ocr_carea' id='block_1_103' title="bbox 382 5323 1955 5395">
    <p class='ocr_par' dir='ltr' id='par_1_103' title="bbox 382 5323 1955 5395">
     <span class='ocr_line' id='line_1_103' title="bbox 382 5323 1955 5395; baseline -0.004 -12"><span class='ocrx_word' id='word_1_728' title='bbox 382 5323 506 5383; x_wconf 84' lang='lat' dir='ltr'><strong>rum</strong></span> <span class='ocrx_word' id='word_1_729' title='bbox 565 5337 671 5392; x_wconf 88' lang='lat' dir='ltr'><strong>est,</strong></span> <span class='ocrx_word' id='word_1_730' title='bbox 733 5327 1072 5395; x_wconf 87' lang='lat' dir='ltr'><strong>opinionem,</strong></span> <span class='ocrx_word' id='word_1_731' title='bbox 1136 5339 1366 5395; x_wconf 86' lang='lat' dir='ltr'><strong>nempe,</strong></span> <span class='ocrx_word' id='word_1_732' title='bbox 1429 5323 1663 5395; x_wconf 84' lang='lat' dir='ltr'><strong>Tharem</strong></span> <span class='ocrx_word' id='word_1_733' title='bbox 1745 5333 1955 5391; x_wconf 87' lang='lat' dir='ltr'><strong>patrem</strong></span> 
     </span>
    </p>
   </div>
   <div class='ocr_carea' id='block_1_104' title="bbox 380 5393 1954 5465">
    <p class='ocr_par' dir='ltr' id='par_1_104' title="bbox 380 5393 1954 5465">
     <span class='ocr_line' id='line_1_104' title="bbox 380 5393 1954 5465; baseline -0.003 -12"><span class='ocrx_word' id='word_1_734' title='bbox 380 5399 638 5461; x_wconf 81' lang='lat' dir='ltr'><strong>Abrahae,</strong></span> <span class='ocrx_word' id='word_1_735' title='bbox 668 5393 782 5450; x_wconf 83' lang='lat' dir='ltr'><strong>imo</strong></span> <span class='ocrx_word' id='word_1_736' title='bbox 802 5397 961 5465; x_wconf 81' lang='lat' dir='ltr'><strong>juxta</strong></span> <span class='ocrx_word' id='word_1_737' title='bbox 1007 5393 1330 5465; x_wconf 72' lang='lat' dir='ltr'><strong>nonnullus,</strong></span> <span class='ocrx_word' id='word_1_738' title='bbox 1365 5395 1544 5463; x_wconf 90' lang='lat' dir='ltr'><strong>ipsum</strong></span> <span class='ocrx_word' id='word_1_739' title='bbox 1581 5394 1954 5465; x_wconf 82' lang='lat' dir='ltr'><strong>Abraliamuni</strong></span> 
     </span>
    </p>
   </div>
   <div class='ocr_carea' id='block_1_105' title="bbox 382 5463 1955 5538">
    <p class='ocr_par' dir='ltr' id='par_1_105' title="bbox 382 5463 1955 5538">
     <span class='ocr_line' id='line_1_105' title="bbox 382 5463 1955 5538; baseline -0.003 -15"><span class='ocrx_word' id='word_1_740' title='bbox 382 5468 703 5538; x_wconf 85' lang='lat' dir='ltr'><strong>aliquando,</strong></span> <span class='ocrx_word' id='word_1_741' title='bbox 760 5463 920 5538; x_wconf 83' lang='lat' dir='ltr'><strong>idolis</strong></span> <span class='ocrx_word' id='word_1_742' title='bbox 975 5465 1256 5538; x_wconf 28' lang='lat' dir='ltr'><strong>serviis‘se.</strong></span> <span class='ocrx_word' id='word_1_743' title='bbox 1300 5463 1420 5530; x_wconf 85' lang='lat' dir='ltr'><strong>Quo</strong></span> <span class='ocrx_word' id='word_1_744' title='bbox 1466 5464 1771 5534; x_wconf 83' lang='lat' dir='ltr'><strong>supposito,</strong></span> <span class='ocrx_word' id='word_1_745' title='bbox 1824 5464 1955 5533; x_wconf 88' lang='lat' dir='ltr'><strong>quid</strong></span> 
     </span>
    </p>
   </div>
   <div class='ocr_carea' id='block_1_106' title="bbox 383 5532 1955 5603">
    <p class='ocr_par' dir='ltr' id='par_1_106' title="bbox 383 5532 1955 5603">
     <span class='ocr_line' id='line_1_106' title="bbox 383 5532 1955 5603; baseline -0.006 -8"><span class='ocrx_word' id='word_1_746' title='bbox 383 5532 492 5595; x_wconf 82' lang='lat' dir='ltr'><strong>sibi</strong></span> <span class='ocrx_word' id='word_1_747' title='bbox 530 5540 657 5593; x_wconf 79' lang='lat' dir='ltr'><strong>velit</strong></span> <span class='ocrx_word' id='word_1_748' title='bbox 678 5552 800 5590; x_wconf 89' lang='lat' dir='ltr'><strong>cum</strong></span> <span class='ocrx_word' id='word_1_749' title='bbox 830 5537 926 5602; x_wconf 90' lang='lat' dir='ltr'><strong>ait,</strong></span> <span class='ocrx_word' id='word_1_750' title='bbox 958 5532 1331 5589; x_wconf 74' lang='lat' dir='ltr'><strong>Abraha‘mum</strong></span> <span class='ocrx_word' id='word_1_751' title='bbox 1363 5549 1469 5589; x_wconf 91' lang='lat' dir='ltr'><strong>non</strong></span> <span class='ocrx_word' id='word_1_752' title='bbox 1498 5532 1650 5603; x_wconf 82' lang='lat' dir='ltr'><strong>prius</strong></span> <span class='ocrx_word' id='word_1_753' title='bbox 1685 5532 1955 5588; x_wconf 87' lang='lat' dir='ltr'><strong>consecu-</strong></span> 
     </span>
    </p>
   </div>
   <div class='ocr_carea' id='block_1_107' title="bbox 387 5606 1952 5675">
    <p class='ocr_par' dir='ltr' id='par_1_107' title="bbox 387 5606 1952 5675">
     <span class='ocr_line' id='line_1_107' title="bbox 387 5606 1952 5675; baseline -0.004 -11"><span class='ocrx_word' id='word_1_754' title='bbox 387 5621 500 5666; x_wconf 90' lang='lat' dir='ltr'><strong>tum</strong></span> <span class='ocrx_word' id='word_1_755' title='bbox 552 5623 672 5663; x_wconf 88' lang='lat' dir='ltr'><strong>esse</strong></span> <span class='ocrx_word' id='word_1_756' title='bbox 724 5607 903 5669; x_wconf 85' lang='lat' dir='ltr'><strong>ﬁdem,</strong></span> <span class='ocrx_word' id='word_1_757' title='bbox 957 5621 1121 5675; x_wconf 89' lang='lat' dir='ltr'><strong>quam</strong></span> <span class='ocrx_word' id='word_1_758' title='bbox 1181 5607 1248 5659; x_wconf 91' lang='lat' dir='ltr'><strong>ad</strong></span> <span class='ocrx_word' id='word_1_759' title='bbox 1301 5615 1581 5672; x_wconf 85' lang='lat' dir='ltr'><strong>paternam</strong></span> <span class='ocrx_word' id='word_1_760' title='bbox 1628 5606 1952 5675; x_wconf 70' lang='lat' dir='ltr'><strong>impietatem</strong></span> 
     </span>
    </p>
   </div>
   <div class='ocr_carea' id='block_1_108' title="bbox 387 5672 1955 5748">
    <p class='ocr_par' dir='ltr' id='par_1_108' title="bbox 387 5672 1955 5748">
     <span class='ocr_line' id='line_1_108' title="bbox 387 5672 1955 5748; baseline -0.004 -12"><span class='ocrx_word' id='word_1_761' title='bbox 387 5672 1098 5748; x_wconf 35' lang='lat' dir='ltr'><strong>repellendam“certaverit,</strong></span> <span class='ocrx_word' id='word_1_762' title='bbox 1162 5677 1506 5743; x_wconf 87' lang='lat' dir='ltr'><strong>perspicuum</strong></span> <span class='ocrx_word' id='word_1_763' title='bbox 1589 5686 1711 5748; x_wconf 84' lang='lat' dir='ltr'><strong>est._</strong></span> <span class='ocrx_word' id='word_1_764' title='bbox 1755 5672 1955 5748; x_wconf 59' lang='lat' dir='ltr'><strong>Nescio</strong></span> 
     </span>
    </p>
   </div>
   <div class='ocr_carea' id='block_1_109' title="bbox 385 5743 1954 5818">
    <p class='ocr_par' dir='ltr' id='par_1_109' title="bbox 385 5743 1954 5818">
     <span class='ocr_line' id='line_1_109' title="bbox 385 5743 1954 5818; baseline -0.005 -12"><span class='ocrx_word' id='word_1_765' title='bbox 385 5743 568 5806; x_wconf 63' lang='lat' dir='ltr'><strong>autem</strong></span> <span class='ocrx_word' id='word_1_766' title='bbox 595 5751 723 5818; x_wconf 84' lang='lat' dir='ltr'><strong>quid</strong></span> <span class='ocrx_word' id='word_1_767' title='bbox 760 5746 1060 5801; x_wconf 80' lang='lat' dir='ltr'><strong>l-lentenius</strong></span> <span class='ocrx_word' id='word_1_768' title='bbox 1127 5748 1337 5814; x_wconf 81' lang='lat' dir='ltr'><strong>legerit,</strong></span> <span class='ocrx_word' id='word_1_769' title='bbox 1397 5745 1778 5818; x_wconf 33' lang='lat' dir='ltr'><strong>cumnvertit:</strong></span> <span class='ocrx_word' id='word_1_770' title='bbox 1839 5743 1954 5808; x_wconf 84' lang='lat' dir='ltr'><strong>Quo</strong></span> 
     </span>
    </p>
   </div>
   <div class='ocr_carea' id='block_1_110' title="bbox 387 5814 1952 5896">
    <p class='ocr_par' dir='ltr' id='par_1_110' title="bbox 387 5814 1952 5896">
     <span class='ocr_line' id='line_1_110' title="bbox 387 5814 1952 5896; baseline -0.007 -17"><span class='ocrx_word' id='word_1_771' title='bbox 387 5814 729 5896; x_wconf 72' lang='lat' dir='ltr'><strong>(certamine)</strong></span> <span class='ocrx_word' id='word_1_772' title='bbox 777 5827 999 5887; x_wconf 77' lang='lat' dir='ltr'><strong>paterna</strong></span> <span class='ocrx_word' id='word_1_773' title='bbox 1044 5819 1358 5886; x_wconf 84' lang='lat' dir='ltr'><strong>cognatione</strong></span> <span class='ocrx_word' id='word_1_774' title='bbox 1404 5814 1786 5881; x_wconf 64' lang='lat' dir='ltr'><strong>expelleretur:</strong></span> <span class='ocrx_word' id='word_1_775' title='bbox 1845 5829 1952 5870; x_wconf 89' lang='lat' dir='ltr'><strong>non</strong></span> 
     </span>
    </p>
   </div>
   <div class='ocr_carea' id='block_1_111' title="bbox 2067 4553 3642 4616">
    <p class='ocr_par' dir='ltr' id='par_1_111' title="bbox 2067 4553 3642 4616">
     <span class='ocr_line' id='line_1_111' title="bbox 2067 4553 3642 4616; baseline -0.004 -4"><span class='ocrx_word' id='word_1_776' title='bbox 2067 4553 2176 4612; x_wconf 72' lang='lat' dir='ltr'><strong>non</strong></span> <span class='ocrx_word' id='word_1_777' title='bbox 2209 4558 2356 4611; x_wconf 90' lang='lat' dir='ltr'><strong>enim</strong></span> <span class='ocrx_word' id='word_1_778' title='bbox 2396 4553 2802 4611; x_wconf 45' lang='lat' dir='ltr'><strong>verum—ullum</strong></span> <span class='ocrx_word' id='word_1_779' title='bbox 2840 4553 3098 4611; x_wconf 81' lang='lat' dir='ltr'><strong>meritum</strong></span> <span class='ocrx_word' id='word_1_780' title='bbox 3145 4553 3332 4616; x_wconf 89' lang='lat' dir='ltr'><strong>tidem,</strong></span> <span class='ocrx_word' id='word_1_781' title='bbox 3389 4553 3498 4606; x_wconf 90' lang='lat' dir='ltr'><strong>imo</strong></span> <span class='ocrx_word' id='word_1_782' title='bbox 3541 4569 3642 4606; x_wconf 85' lang='lat' dir='ltr'><strong>nec</strong></span> 
     </span>
    </p>
   </div>
   <div class='ocr_carea' id='block_1_112' title="bbox 2065 4621 3645 4695">
    <p class='ocr_par' dir='ltr' id='par_1_112' title="bbox 2065 4621 3645 4695">
     <span class='ocr_line' id='line_1_112' title="bbox 2065 4621 3645 4695; baseline -0.004 -12"><span class='ocrx_word' id='word_1_783' title='bbox 2065 4629 2413 4690; x_wconf 84' lang='lat' dir='ltr'><strong>charitatem,</strong></span> <span class='ocrx_word' id='word_1_784' title='bbox 2449 4625 2755 4695; x_wconf 61' lang='lat' dir='ltr'><strong>praecedere</strong></span> <span class='ocrx_word' id='word_1_785' title='bbox 2789 4635 2988 4694; x_wconf 86' lang='lat' dir='ltr'><strong>potest.</strong></span> <span class='ocrx_word' id='word_1_786' title='bbox 3019 4625 3075 4678; x_wconf 90' lang='lat' dir='ltr'><strong>Si</strong></span> <span class='ocrx_word' id='word_1_787' title='bbox 3118 4639 3245 4677; x_wconf 88' lang='lat' dir='ltr'><strong>vero</strong></span> <span class='ocrx_word' id='word_1_788' title='bbox 3276 4625 3344 4674; x_wconf 89' lang='lat' dir='ltr'><strong>de</strong></span> <span class='ocrx_word' id='word_1_789' title='bbox 3385 4621 3645 4695; x_wconf 81' lang='lat' dir='ltr'><strong>uberioie</strong></span> 
     </span>
    </p>
   </div>
   <div class='ocr_carea' id='block_1_113' title="bbox 2065 4691 3644 4767">
    <p class='ocr_par' dir='ltr' id='par_1_113' title="bbox 2065 4691 3644 4767">
     <span class='ocr_line' id='line_1_113' title="bbox 2065 4691 3644 4767; baseline -0.003 -17"><span class='ocrx_word' id='word_1_790' title='bbox 2065 4699 2248 4767; x_wconf 89' lang='lat' dir='ltr'><strong>aliqua</strong></span> <span class='ocrx_word' id='word_1_791' title='bbox 2276 4696 2402 4756; x_wconf 80' lang='lat' dir='ltr'><strong>ﬁde.</strong></span> <span class='ocrx_word' id='word_1_792' title='bbox 2438 4691 2918 4767; x_wconf 4' lang='lat' dir='ltr'><strong>seiiqprmccdentis</strong></span> <span class='ocrx_word' id='word_1_793' title='bbox 2943 4695 3062 4767; x_wconf 80' lang='lat' dir='ltr'><strong>ﬁdei</strong></span> <span class='ocrx_word' id='word_1_794' title='bbox 3097 4691 3644 4767; x_wconf 52' lang='lat' dir='ltr'><strong>auginentolibralne</strong></span> 
     </span>
    </p>
   </div>
   <div class='ocr_carea' id='block_1_114' title="bbox 2063 4760 3642 4831">
    <p class='ocr_par' dir='ltr' id='par_1_114' title="bbox 2063 4760 3642 4831">
     <span class='ocr_line' id='line_1_114' title="bbox 2063 4760 3642 4831; baseline -0.006 -9"><span class='ocrx_word' id='word_1_795' title='bbox 2063 4768 2134 4822; x_wconf 79' lang='lat' dir='ltr'><strong>ob</strong></span> <span class='ocrx_word' id='word_1_796' title='bbox 2161 4760 2443 4822; x_wconf 74' lang='lat' dir='ltr'><strong>certamen</strong></span> <span class='ocrx_word' id='word_1_797' title='bbox 2484 4760 2568 4817; x_wconf 8' lang='lat' dir='ltr'><strong>adi</strong></span> <span class='ocrx_word' id='word_1_798' title='bbox 2604 4765 2955 4831; x_wconf 83' lang='lat' dir='ltr'><strong>repellendam</strong></span> <span class='ocrx_word' id='word_1_799' title='bbox 3017 4765 3132 4818; x_wconf 87' lang='lat' dir='ltr'><strong>sive</strong></span> <span class='ocrx_word' id='word_1_800' title='bbox 3177 4760 3642 4827; x_wconf 74' lang='lat' dir='ltr'><strong>imbecillitatem,</strong></span> 
     </span>
    </p>
   </div>
   <div class='ocr_carea' id='block_1_115' title="bbox 2063 4833 3644 4904">
    <p class='ocr_par' dir='ltr' id='par_1_115' title="bbox 2063 4833 3644 4904">
     <span class='ocr_line' id='line_1_115' title="bbox 2063 4833 3644 4904; baseline -0.005 -12"><span class='ocrx_word' id='word_1_801' title='bbox 2063 4839 2181 4892; x_wconf 89' lang='lat' dir='ltr'><strong>sive</strong></span> <span class='ocrx_word' id='word_1_802' title='bbox 2214 4838 2539 4904; x_wconf 85' lang='lat' dir='ltr'><strong>impietatem</strong></span> <span class='ocrx_word' id='word_1_803' title='bbox 2566 4845 2846 4901; x_wconf 80' lang='lat' dir='ltr'><strong>paternam</strong></span> <span class='ocrx_word' id='word_1_804' title='bbox 2865 4849 3133 4890; x_wconf 90' lang='lat' dir='ltr'><strong>concesso</strong></span> <span class='ocrx_word' id='word_1_805' title='bbox 3163 4833 3443 4904; x_wconf 80' lang='lat' dir='ltr'><strong>loquatur,</strong></span> <span class='ocrx_word' id='word_1_806' title='bbox 3463 4833 3644 4900; x_wconf 91' lang='lat' dir='ltr'><strong>potuit</strong></span> 
     </span>
    </p>
   </div>
   <div class='ocr_carea' id='block_1_116' title="bbox 2064 4902 3646 4976">
    <p class='ocr_par' dir='ltr' id='par_1_116' title="bbox 2064 4902 3646 4976">
     <span class='ocr_line' id='line_1_116' title="bbox 2064 4902 3646 4976; baseline -0.004 -15"><span class='ocrx_word' id='word_1_807' title='bbox 2064 4907 2116 4961; x_wconf 89' lang='lat' dir='ltr'><strong>id</strong></span> <span class='ocrx_word' id='word_1_808' title='bbox 2163 4902 2390 4976; x_wconf 81' lang='lat' dir='ltr'><strong>quidem</strong></span> <span class='ocrx_word' id='word_1_809' title='bbox 2442 4905 2648 4976; x_wconf 79' lang='lat' dir='ltr'><strong>praemii</strong></span> <span class='ocrx_word' id='word_1_810' title='bbox 2720 4905 3294 4976; x_wconf 68' lang='lat' dir='ltr'><strong>rationeinhabere;</strong></span> <span class='ocrx_word' id='word_1_811' title='bbox 3350 4902 3403 4956; x_wconf 93' lang='lat' dir='ltr'><strong>id</strong></span> <span class='ocrx_word' id='word_1_812' title='bbox 3461 4913 3646 4976; x_wconf 79' lang='lat' dir='ltr'><strong>tamen</strong></span> 
     </span>
    </p>
   </div>
   <div class='ocr_carea' id='block_1_117' title="bbox 2062 4972 3647 5040">
    <p class='ocr_par' dir='ltr' id='par_1_117' title="bbox 2062 4972 3647 5040">
     <span class='ocr_line' id='line_1_117' title="bbox 2062 4972 3647 5040; baseline -0.003 -10"><span class='ocrx_word' id='word_1_813' title='bbox 2062 4972 2206 5030; x_wconf 83' lang='lat' dir='ltr'><strong>haud</strong></span> <span class='ocrx_word' id='word_1_814' title='bbox 2258 4974 2497 5038; x_wconf 86' lang='lat' dir='ltr'><strong>conﬁcit,</strong></span> <span class='ocrx_word' id='word_1_815' title='bbox 2553 4973 2710 5028; x_wconf 89' lang='lat' dir='ltr'><strong>ﬁdem</strong></span> <span class='ocrx_word' id='word_1_816' title='bbox 2770 4976 2824 5028; x_wconf 93' lang='lat' dir='ltr'><strong>in</strong></span> <span class='ocrx_word' id='word_1_817' title='bbox 2884 4975 3107 5030; x_wconf 89' lang='lat' dir='ltr'><strong>homine</strong></span> <span class='ocrx_word' id='word_1_818' title='bbox 3155 4972 3317 5026; x_wconf 90' lang='lat' dir='ltr'><strong>bonis</strong></span> <span class='ocrx_word' id='word_1_819' title='bbox 3387 4973 3647 5040; x_wconf 87' lang='lat' dir='ltr'><strong>operibus</strong></span> 
     </span>
    </p>
   </div>
   <div class='ocr_carea' id='block_1_118' title="bbox 2060 5043 3644 5113">
    <p class='ocr_par' dir='ltr' id='par_1_118' title="bbox 2060 5043 3644 5113">
     <span class='ocr_line' id='line_1_118' title="bbox 2060 5043 3644 5113; baseline -0.004 -13"><span class='ocrx_word' id='word_1_820' title='bbox 2060 5061 2238 5100; x_wconf 83' lang='lat' dir='ltr'><strong>vacuo</strong></span> <span class='ocrx_word' id='word_1_821' title='bbox 2273 5044 2584 5113; x_wconf 78' lang='lat' dir='ltr'><strong>ingenerari</strong></span> <span class='ocrx_word' id='word_1_822' title='bbox 2628 5060 2736 5097; x_wconf 87' lang='lat' dir='ltr'><strong>n0u</strong></span> <span class='ocrx_word' id='word_1_823' title='bbox 2765 5060 2949 5113; x_wconf 87' lang='lat' dir='ltr'><strong>posse.</strong></span> <span class='ocrx_word' id='word_1_824' title='bbox 2991 5045 3055 5096; x_wconf 87' lang='lat' dir='ltr'><strong>ad</strong></span> <span class='ocrx_word' id='word_1_825' title='bbox 3088 5047 3236 5112; x_wconf 81' lang='lat' dir='ltr'><strong>quod</strong></span> <span class='ocrx_word' id='word_1_826' title='bbox 3298 5043 3644 5113; x_wconf 80' lang='lat' dir='ltr'><strong>probandum</strong></span> 
     </span>
    </p>
   </div>
   <div class='ocr_carea' id='block_1_119' title="bbox 2060 5110 3644 5184">
    <p class='ocr_par' dir='ltr' id='par_1_119' title="bbox 2060 5110 3644 5184">
     <span class='ocr_line' id='line_1_119' title="bbox 2060 5110 3644 5184; baseline -0.006 -13"><span class='ocrx_word' id='word_1_827' title='bbox 2060 5115 2310 5184; x_wconf 84' lang='lat' dir='ltr'><strong>exemplo</strong></span> <span class='ocrx_word' id='word_1_828' title='bbox 2338 5110 2584 5168; x_wconf 53' lang='lat' dir='ltr'><strong>&#39;Abrahae</strong></span> <span class='ocrx_word' id='word_1_829' title='bbox 2607 5115 2684 5167; x_wconf 92' lang='lat' dir='ltr'><strong>uti</strong></span> <span class='ocrx_word' id='word_1_830' title='bbox 2711 5110 2926 5168; x_wconf 73' lang='lat' dir='ltr'><strong>videtur</strong></span> <span class='ocrx_word' id='word_1_831' title='bbox 2952 5110 3378 5184; x_wconf 79' lang='lat' dir='ltr'><strong>commentator.</strong></span> <span class='ocrx_word' id='word_1_832' title='bbox 3421 5110 3644 5184; x_wconf 64' lang='lat' dir='ltr'><strong>Yet-um,</strong></span> 
     </span>
    </p>
   </div>
   <div class='ocr_carea' id='block_1_120' title="bbox 2061 5180 3649 5254">
    <p class='ocr_par' dir='ltr' id='par_1_120' title="bbox 2061 5180 3649 5254">
     <span class='ocr_line' id='line_1_120' title="bbox 2061 5180 3649 5254; baseline -0.006 -14"><span class='ocrx_word' id='word_1_833' title='bbox 2061 5194 2184 5240; x_wconf 93' lang='lat' dir='ltr'><strong>utut</strong></span> <span class='ocrx_word' id='word_1_834' title='bbox 2223 5180 2392 5240; x_wconf 65' lang='lat' dir='ltr'><strong>incus</strong></span> <span class='ocrx_word' id='word_1_835' title='bbox 2435 5186 2610 5254; x_wconf 91' lang='lat' dir='ltr'><strong>ipsius</strong></span> <span class='ocrx_word' id='word_1_836' title='bbox 2657 5185 2759 5239; x_wconf 91' lang='lat' dir='ltr'><strong>hoc</strong></span> <span class='ocrx_word' id='word_1_837' title='bbox 2799 5186 2918 5240; x_wconf 89' lang='lat' dir='ltr'><strong>loco</strong></span> <span class='ocrx_word' id='word_1_838' title='bbox 2958 5200 3019 5238; x_wconf 86' lang='lat' dir='ltr'><strong>se</strong></span> <span class='ocrx_word' id='word_1_839' title='bbox 3043 5183 3264 5242; x_wconf 89' lang='lat' dir='ltr'><strong>habeat,</strong></span> <span class='ocrx_word' id='word_1_840' title='bbox 3305 5180 3437 5254; x_wconf 80' lang='lat' dir='ltr'><strong>illud</strong></span> <span class='ocrx_word' id='word_1_841' title='bbox 3469 5183 3649 5254; x_wconf 77' lang='lat' dir='ltr'><strong>omni-</strong></span> 
     </span>
    </p>
   </div>
   <div class='ocr_carea' id='block_1_121' title="bbox 2058 5250 3648 5322">
    <p class='ocr_par' dir='ltr' id='par_1_121' title="bbox 2058 5250 3648 5322">
     <span class='ocr_line' id='line_1_121' title="bbox 2058 5250 3648 5322; baseline -0.005 -12"><span class='ocrx_word' id='word_1_842' title='bbox 2058 5256 2161 5313; x_wconf 88' lang='lat' dir='ltr'><strong>bus</strong></span> <span class='ocrx_word' id='word_1_843' title='bbox 2205 5267 2384 5310; x_wconf 89' lang='lat' dir='ltr'><strong>ratum</strong></span> <span class='ocrx_word' id='word_1_844' title='bbox 2409 5250 2534 5310; x_wconf 81' lang='lat' dir='ltr'><strong>esse</strong></span> <span class='ocrx_word' id='word_1_845' title='bbox 2566 5255 2743 5317; x_wconf 87' lang='lat' dir='ltr'><strong>debet,</strong></span> <span class='ocrx_word' id='word_1_846' title='bbox 2776 5254 3356 5322; x_wconf 86' lang='lat' dir='ltr'><strong>ﬁdemjustilicantem</strong></span> <span class='ocrx_word' id='word_1_847' title='bbox 3405 5251 3456 5302; x_wconf 92' lang='lat' dir='ltr'><strong>in</strong></span> <span class='ocrx_word' id='word_1_848' title='bbox 3492 5250 3648 5303; x_wconf 89' lang='lat' dir='ltr'><strong>adul-</strong></span> 
     </span>
    </p>
   </div>
   <div class='ocr_carea' id='block_1_122' title="bbox 2061 5325 3644 5402">
    <p class='ocr_par' dir='ltr' id='par_1_122' title="bbox 2061 5325 3644 5402">
     <span class='ocr_line' id='line_1_122' title="bbox 2061 5325 3644 5402; baseline -0.005 -22"><span class='ocrx_word' id='word_1_849' title='bbox 2061 5328 2134 5382; x_wconf 91' lang='lat' dir='ltr'><strong>tis</strong></span> <span class='ocrx_word' id='word_1_850' title='bbox 2205 5340 2384 5402; x_wconf 82' lang='lat' dir='ltr'><strong>neque</strong></span> <span class='ocrx_word' id='word_1_851' title='bbox 2454 5325 2938 5402; x_wconf 83' lang='lat' dir='ltr'><strong>bo_nis_operibu_s</strong></span> <span class='ocrx_word' id='word_1_852' title='bbox 2992 5337 3237 5402; x_wconf 44' lang='lat' dir='ltr'><strong>vacuam.</strong></span> <span class='ocrx_word' id='word_1_853' title='bbox 3295 5335 3644 5401; x_wconf 85' lang='lat' dir='ltr'><strong>permanere,</strong></span> 
     </span>
    </p>
   </div>
   <div class='ocr_carea' id='block_1_123' title="bbox 2059 5396 3650 5468">
    <p class='ocr_par' dir='ltr' id='par_1_123' title="bbox 2059 5396 3650 5468">
     <span class='ocr_line' id='line_1_123' title="bbox 2059 5396 3650 5468; baseline -0.006 -18"><span class='ocrx_word' id='word_1_854' title='bbox 2059 5396 2682 5468; x_wconf 25' lang='lat' dir='ltr'><strong>neque&#39;absque‘bouis</strong></span> <span class='ocrx_word' id='word_1_855' title='bbox 2743 5396 3006 5468; x_wconf 84' lang='lat' dir='ltr'><strong>operibus</strong></span> <span class='ocrx_word' id='word_1_856' title='bbox 3064 5401 3120 5468; x_wconf 82' lang='lat' dir='ltr'><strong>et</strong></span> <span class='ocrx_word' id='word_1_857' title='bbox 3152 5396 3319 5444; x_wconf 90' lang='lat' dir='ltr'><strong>animi</strong></span> <span class='ocrx_word' id='word_1_858' title='bbox 3379 5403 3650 5459; x_wconf 62' lang='lat' dir='ltr'><strong>praepara-</strong></span> 
     </span>
    </p>
   </div>
   <div class='ocr_carea' id='block_1_124' title="bbox 2059 5465 3648 5541">
    <p class='ocr_par' dir='ltr' id='par_1_124' title="bbox 2059 5465 3648 5541">
     <span class='ocr_line' id='line_1_124' title="bbox 2059 5465 3648 5541; baseline -0.006 -21"><span class='ocrx_word' id='word_1_859' title='bbox 2059 5465 2230 5530; x_wconf 79' lang='lat' dir='ltr'><strong>tione,</strong></span> <span class='ocrx_word' id='word_1_860' title='bbox 2289 5483 2386 5522; x_wconf 86' lang='lat' dir='ltr'><strong>seu</strong></span> <span class='ocrx_word' id='word_1_861' title='bbox 2445 5466 2659 5541; x_wconf 83' lang='lat' dir='ltr'><strong>absque</strong></span> <span class='ocrx_word' id='word_1_862' title='bbox 2728 5467 3038 5541; x_wconf 79' lang='lat' dir='ltr'><strong>preposito,</strong></span> <span class='ocrx_word' id='word_1_863' title='bbox 3110 5465 3254 5516; x_wconf 89' lang='lat' dir='ltr'><strong>bona</strong></span> <span class='ocrx_word' id='word_1_864' title='bbox 3317 5475 3485 5541; x_wconf 73' lang='lat' dir='ltr'><strong>opera</strong></span> <span class='ocrx_word' id='word_1_865' title='bbox 3545 5475 3648 5513; x_wconf 87' lang='lat' dir='ltr'><strong>suo</strong></span> 
     </span>
    </p>
   </div>
   <div class='ocr_carea' id='block_1_125' title="bbox 2060 5532 3650 5609">
    <p class='ocr_par' dir='ltr' id='par_1_125' title="bbox 2060 5532 3650 5609">
     <span class='ocr_line' id='line_1_125' title="bbox 2060 5532 3650 5609; baseline -0.006 -19"><span class='ocrx_word' id='word_1_866' title='bbox 2060 5546 2327 5609; x_wconf 88' lang='lat' dir='ltr'><strong>tempore,</strong></span> <span class='ocrx_word' id='word_1_867' title='bbox 2362 5532 2712 5609; x_wconf 54' lang='lat' dir='ltr'><strong>etpro&#39;data</strong></span> <span class='ocrx_word' id='word_1_868' title='bbox 2749 5532 3040 5609; x_wconf 70' lang='lat' dir='ltr'><strong>occasione</strong></span> <span class='ocrx_word' id='word_1_869' title='bbox 3097 5532 3390 5587; x_wconf 72' lang='lat' dir='ltr'><strong>exercendi</strong></span> <span class='ocrx_word' id='word_1_870' title='bbox 3413 5532 3650 5609; x_wconf 67' lang='lat' dir='ltr'><strong>ingene-</strong></span> 
     </span>
    </p>
   </div>
   <div class='ocr_carea' id='block_1_126' title="bbox 2059 5599 3652 5677">
    <p class='ocr_par' dir='ltr' id='par_1_126' title="bbox 2059 5599 3652 5677">
     <span class='ocr_line' id='line_1_126' title="bbox 2059 5599 3652 5677; baseline -0.004 -17"><span class='ocrx_word' id='word_1_871' title='bbox 2059 5599 2382 5677; x_wconf 62' lang='lat' dir='ltr'><strong>rari&#39;posse.</strong></span> <span class='ocrx_word' id='word_1_872' title='bbox 2415 5599 2481 5661; x_wconf 80' lang='lat' dir='ltr'><strong>Et</strong></span> <span class='ocrx_word' id='word_1_873' title='bbox 2511 5608 2592 5663; x_wconf 90' lang='lat' dir='ltr'><strong>sic</strong></span> <span class='ocrx_word' id='word_1_874' title='bbox 2621 5606 3036 5677; x_wconf 78' lang='lat' dir='ltr'><strong>intelligendus,</strong></span> <span class='ocrx_word' id='word_1_875' title='bbox 3057 5615 3376 5677; x_wconf 83' lang='lat' dir='ltr'><strong>quanquam</strong></span> <span class='ocrx_word' id='word_1_876' title='bbox 3411 5599 3652 5653; x_wconf 80' lang='lat' dir='ltr'><strong>fortasse</strong></span> 
     </span>
    </p>
   </div>
   <div class='ocr_carea' id='block_1_127' title="bbox 2059 5673 3650 5744">
    <p class='ocr_par' dir='ltr' id='par_1_127' title="bbox 2059 5673 3650 5744">
     <span class='ocr_line' id='line_1_127' title="bbox 2059 5673 3650 5744; baseline -0.005 -13"><span class='ocrx_word' id='word_1_877' title='bbox 2059 5673 2218 5733; x_wconf 74' lang='lat' dir='ltr'><strong>haud</strong></span> <span class='ocrx_word' id='word_1_878' title='bbox 2263 5679 2404 5732; x_wconf 85' lang='lat' dir='ltr'><strong>satis</strong></span> <span class='ocrx_word' id='word_1_879' title='bbox 2458 5688 2714 5732; x_wconf 85' lang='lat' dir='ltr'><strong>accurate</strong></span> <span class='ocrx_word' id='word_1_880' title='bbox 2769 5673 2829 5730; x_wconf 78' lang='lat' dir='ltr'><strong>se</strong></span> <span class='ocrx_word' id='word_1_881' title='bbox 2892 5675 3154 5744; x_wconf 71' lang='lat' dir='ltr'><strong>explicet,</strong></span> <span class='ocrx_word' id='word_1_882' title='bbox 3214 5673 3301 5725; x_wconf 91' lang='lat' dir='ltr'><strong>hic</strong></span> <span class='ocrx_word' id='word_1_883' title='bbox 3362 5683 3650 5724; x_wconf 80' lang='lat' dir='ltr'><strong>commen-</strong></span> 
     </span>
    </p>
   </div>
   <div class='ocr_carea' id='block_1_128' title="bbox 2058 5757 2222 5802">
    <p class='ocr_par' dir='ltr' id='par_1_128' title="bbox 2058 5757 2222 5802">
     <span class='ocr_line' id='line_1_128' title="bbox 2058 5757 2222 5802; baseline 0.006 -1"><span class='ocrx_word' id='word_1_884' title='bbox 2058 5757 2222 5802; x_wconf 84' lang='lat' dir='ltr'><strong>lator.</strong></span> 
     </span>
    </p>
   </div>
  </div>
