4120 6424
551 373 689 440 1163
1476 372 1579 432 ΤΗ
1592 366 2056 430 EOPHYLAC'I‘I
2097 369 2100 425 Ῑ

2206 369 2512 430 LGARLE
2542 370 2900 433 ARCHIEP.
3660 373 3797 439 1164

546 503 675 541 rcus
705 499 827 541 esse
850 483 1218 539 convincitur.
1276 483 1432 551 Quod
1464 492 1523 536 ut
1580 480 1753 551 magis
1806 480 2088 534 conﬁrmet

2220 497 2333 533 νειν
2363 480 2421 546 ἐξ
2448 480 2801 550 ἀπροσεξξας,
2832 476 2911 535 ὧν
2940 480 3036 536 καὶ
3074 480 3134 537 τὸ
3161 484 3335 554 κρῖμα
3374 483 3474 537 οὐκ
3502 484 3793 554 ἀπιδοόρά-

542 577 772 633 subdit:
812 575 861 631 si
892 590 1018 629 cum
1049 575 1234 644 lingua
1255 575 1438 628 nativa
1481 572 1788 627 lubricitate
1838 585 1962 633 sua,
2020 579 2100 624 aut

2223 571 2393 622 σκειὸ
2419 568 2626 640 ταύτην
2668 572 3004 641 κεκτημένος
3039 572 3136 643 (ὡς
3164 576 3194 627 ὁ
3232 573 3485 645 Σολομὼν
3514 574 3755 630 διδάσκει
3777 595 3791 609 ·

546 685 612 724 ex
644 666 973 738 negligentia
1026 666 1252 732 labitur,
1306 666 1375 730 is,
1403 665 1494 732 qui
1535 678 1599 718 ca
1655 663 1734 716 sic
1760 662 1954 726 utitur,
2005 676 2100 716 nor

2226 679 2244 711 ι
2283 661 2361 715 Δι’
2393 662 2670 732 ἁμαρτίαν
2695 665 2921 733 χειλέων
2957 666 3223 735 ἐμπίπτει
3266 666 3348 729 είς
3379 666 3580 734 παγίδα
3609 668 3794 739 ἁμαρ-

547 761 734 833 etl‘ugit
761 760 1036 831 judicium
1065 759 1164 831 (ait
1189 759 1333 814 enim
1367 756 1650 811 Salomon:
1677 772 1695 805 ι
1735 752 1965 822 Propter
1993 767 2100 823 pecl

2218 750 2388 814 τωλός
2416 769 2436 802 ›
2466 751 2520 821 )·
2565 747 2708 820 ἦπου
2738 754 2804 807 ἂν
2834 755 2863 805 6
2897 755 2962 806 ἐκ
2993 754 3252 824 προνοίας
3281 754 3632 826 ἁμαρτάνων,
3655 755 3796 808 διδὼ

442 868 451 877 '
543 864 665 907 cata
694 853 960 908 labiorum
993 852 1148 905 ruina
1210 849 1477 917 proximat
1524 848 1668 902 malo
1692 846 1817 913 ’τἰ),
1852 844 1942 915 qui
1998 844 2100 898 ﬁeri

2218 857 2365 895 σκων
2394 843 2460 912 τῇ
2495 843 2735 916 γλώσσῃ,
2779 843 2816 899 ἃ
2863 844 2937 914 μὴ
2978 848 3043 915 τῇ
3075 846 3242 917 πείρᾳ
3286 846 3627 919 μεμάθηκεν,
3654 846 3790 899 ἀποο

545 957 746 1016 putest,
783 957 842 1000 ut
872 947 962 1017 qui
1006 944 1303 999 deliberate
1333 942 1519 1012 lingua
1546 956 1643 996 sua
1668 948 1873 1009 peccat,
1908 939 2100 992 docent

2217 932 2364 1006 φύγῃ
2391 934 2493 1007 τὴν
2529 936 2885 1007 ἀδιάδραστον
2914 937 3109 1007 δίκην;

543 1037 595 1091 id
651 1036 793 1106 quod
867 1034 1203 1105 experientia
1272 1048 1382 1088 non
1449 1032 1683 1097 didicit,
1736 1029 2110 1085 inevitabilem

541 1143 759 1199 poenam
794 1125 1057 1197 cll'ugiat?

615 1214 775 1273 Vsas.
808 1217 863 1271 2.
901 1235 918 1268 ι
959 1215 1018 1269 In
1058 1214 1249 1271 multis
1283 1212 1429 1270 enim
1471 1209 1802 1268 offendimus
1832 1223 2042 1264 omnes.
2085 1226 2100 1259 ι

2292 1219 2311 1252 ι
2350 1199 2526 1254 Πολλὰ
2556 1199 2663 1271 γὰρ
2686 1199 2951 1271 πταίομεν
2977 1201 3236 1266 ἅπαντες.
3270 1220 3311 1285 ι.
3336 1203 3425 1270 Ἐξ
3455 1203 3788 1275 ἀπροσεξίας

542 1308 784 1375 Scilicet,
813 1323 909 1378 per
929 1307 1256 1362 attentionis
1279 1304 1553 1361 defectum
1578 1302 1917 1375 negligenter
1940 1301 2100 1355 vitam

2213 1290 2432 1360 ἀμελῶς
2480 1291 2815 1362 διακείμενοι
2868 1293 2947 1363 τῷ
2978 1292 3099 1364 βίῳ.
3150 1313 3169 1346 ι
3224 1294 3293 1349 Εἴ
3315 1312 3400 1359 τις
3449 1297 3508 1349 ἐν
3553 1296 3697 1366 λόγῳ
3722 1297 3785 1349 οὐ

537 1397 825 1452 ducentes.
869 1414 888 1449 ι
926 1396 982 1452 Si
1037 1397 1164 1467 quis
1221 1395 1278 1450 in
1337 1395 1502 1450 verbo
1550 1408 1659 1448 non
1706 1390 1958 1457 oll‘endit,
2021 1389 2100 1442 hic

2213 1382 2414 1444 πταίει,
2449 1379 2602 1447 οὗτος
2630 1383 2837 1447 τέλειος
2879 1386 3038 1456 ἀνὴρ,
3083 1386 3384 1455 δυνάμενος
3409 1388 3788 1461 χαλιναγωίῆο

539 1487 820 1559 perlectus
883 1495 970 1542 est
1029 1487 1137 1549 vir,
1197 1493 1394 1554 potens
1456 1484 1622 1538 etiam
1690 1480 2100 1536 circumducere

2213 1490 2304 1528 σαι
2332 1476 2426 1528 καὶ
2475 1475 2596 1527 ὅλον
2650 1475 2713 1529 τὸ
2763 1475 2948 1545 σῶμα.
2989 1494 3009 1527 ι
3062 1477 3135 1531 Τὸ
3175 1477 3534 1544 ἀδιάφευκτον
3561 1479 3656 1533 τοῦ
3708 1484 3785 1551 μή

537 1588 710 1633 totam
739 1592 958 1646 corpus.
990 1594 1008 1627 ι
1037 1575 1322 1629 Neminem
1353 1574 1422 1629 ab
1448 1573 1595 1627 omni
1623 1572 1853 1628 crimine
1874 1570 2100 1626 liberum

2210 1581 2334 1620 τινα
2365 1565 2518 1628 ἐκτὸς
2569 1565 2844 1637 ἁμαρτίας
2885 1566 3035 1637 βιοῦν
3068 1567 3368 1638 ἀνθρώπων
3403 1570 3511 1623 ἀπὸ
3556 1570 3649 1624 τοῦ
3683 1560 3785 1640 τῆς

537 1670 721 1725 vivere
752 1684 938 1739 posse,
968 1683 1034 1723 ex
1090 1668 1291 1737 linguae
1323 1666 1635 1721 Iubricitate
1683 1664 1921 1720 evincit:
1950 1671 2006 1718 et
2040 1677 2100 1716 ex

2210 1655 2461 1728 γλώσσης
2491 1658 2770 1711 εὐολίσθου
2816 1658 3103 1713 πιστοῦται
3128 1676 3143 1689 ’
3180 1662 3245 1714 ἐκ
3288 1660 3479 1715 τούτου
3513 1663 3569 1716 δὲ
3602 1664 3695 1718 καὶ
3723 1665 3786 1715 τὸ

540 1762 645 1815 hoc
696 1760 970 1815 neminem
1011 1758 1314 1829 perfectum
1376 1772 1499 1812 esse
1551 1755 1915 1811 demonstrat.
1967 1751 2100 1819 Quis

2214 1750 2403 1822 μηδενὶ
2444 1753 2726 1821 προσεῖναι
2756 1752 2817 1806 τὸ
2848 1753 3057 1807 τέλειον
3083 1754 3403 1826 παρίστησι.
3446 1756 3543 1819 Τίς
3585 1756 3694 1826 γὰρ
3724 1757 3785 1820 ὃς

537 1853 682 1908 enim
712 1853 897 1921 lingua
937 1866 1039 1905 sua
1064 1865 1170 1905 non
1204 1848 1367 1920 336
1409 1846 1701 1917 aliquando
1734 1843 2020 1917 peccavit?
2049 1841 2100 1897 Si

2208 1844 2308 1914 οὐχ
2337 1844 2587 1915 ἥμαρτεν
2611 1846 2671 1899 ιν
2709 1843 2933 1918 γλώσσῃ
2956 1845 3158 1913 αὐτοῦ;
3195 1848 3257 1901 Ei
3287 1847 3345 1901 δὲ
3371 1847 3465 1901 τοῦ
3500 1849 3781 1902 εὺολίσθου

538 1956 725 1999 autem
751 1943 877 2014 quis
912 1943 1109 2015 lingua:
1159 1956 1271 1997 sua:
1329 1938 1694 1994 lubricitatem
1739 1934 2103 2007 superaverit,

534 2039 811 2109 quomodo
851 2044 1027 2090 totum
1058 2049 1262 2106 corpus
1293 2048 1455 2089 suum
1480 2040 1626 2086 recte
1656 2029 1964 2099 gubernare
1993 2042 2101 2081 non

535 2127 780 2198 poterit?
807 2126 909 2192 Qui
939 2126 1086 2181 enim
1115 2127 1190 2191 id,
1218 2122 1368 2194 quod
1411 2121 1480 2176 ad
1527 2116 1818 2174 labendum
1875 2116 2104 2187 pronius

536 2227 640 2281 est,
708 2217 860 2279 vicit,
917 2215 1092 2269 multo
1136 2214 1313 2285 magis
1379 2211 1519 2282 ejus,
1567 2207 1711 2277 quod
1778 2205 1832 2260 in
1890 2207 2100 2274 lapsum

534 2310 757 2378 segnius
787 2308 981 2371 tendit,
1011 2303 1403 2360 dominabitur.

605 2400 770 2457 Vsus.
802 2399 857 2454 5.
902 2416 922 2452 ι
967 2396 1100 2454 Vide
1130 2397 1265 2467 (25),
1298 2392 1694 2465 equorumaﬁ)
1730 2390 1881 2447 frma
1909 2392 1963 2447 in
2003 2405 2099 2445 ora

534 2492 808 2549 mittimus
837 2489 903 2546 ad
941 2488 1401 2545 consentiendum
1437 2486 1616 2551 nobis,
1642 2493 1697 2539 et
1719 2498 1880 2538 omne
1900 2496 2102 2552 corpus

535 2584 671 2639 illud
728 2582 1191 2639 cireunil‘erimus.
1229 2599 1248 2632 ι
1307 2578 1779 2635 Similitudinibus
1811 2575 2101 2631 conﬁrmat

534 2676 589 2732 id
618 2675 764 2747 quod
791 2675 930 2730 dixit
955 2692 969 2728 :
1015 2692 1033 2727 ι
1061 2672 1266 2727 Potens
1293 2672 1459 2727 etiam
1492 2669 1908 2725 circumducere
1925 2675 2098 2722 totum

532 2782 754 2837 corpus,
824 2785 843 2819 ι
900 2782 965 2823 ex
1019 2778 1288 2834 equorum
1348 2761 1520 2817 frenis
1600 2768 1656 2814 et
1712 2757 2102 2830 gubernaculis

534 2859 781 2914 navium.
808 2856 944 2912 lllud
980 2862 1162 2911 autem
1199 2872 1219 2908 ι
1263 2852 1401 2909 Vide
1446 2871 1464 2905 ι
1499 2852 1643 2908 idem
1677 2863 1759 2908 est
1796 2867 1881 2914 ac,
1913 2851 2103 2907 consi-

534 2951 683 3002 dera.
713 2946 851 3001 illud
881 2961 1010 3001 vero
1043 2962 1062 2997 ι
1097 2957 1364 3015 equorum
1424 2942 1580 2997 frena
1616 2960 1636 2995 ι
1680 2942 1754 2996 ita
1775 2954 2103 2996 construen-

536 3040 666 3094 dum
692 3038 916 3094 inverso
955 3037 1238 3108 paululum
1291 3036 1582 3091 verborum
1629 3035 1867 3090 ordine:
1904 3035 1957 3089 in
2003 3048 2100 3089 ora

532 3140 801 3197 equorum
850 3125 1122 3181 mittimus
1178 3124 1369 3179 frena:
1406 3124 1453 3179 si
1493 3125 1639 3179 enim
1681 3124 1755 3178 ita
1809 3139 1916 3178 non
1968 3138 2101 3178 con-

533 3189 786 3276 struatur
819 3216 1020 3283 oratio,
1062 3216 1288 3287 intelligi
1331 3231 1439 3271 non
1483 3221 1686 3286 potest,
1705 3214 1863 3284 cujus
1907 3216 1995 3270 hic
2018 3189 2171 3270 estC

532 3326 764 3367 sensus:
826 3308 1150 3373 Considera,
1200 3308 1344 3379 quod
1381 3308 1435 3363 in
1489 3322 1587 3362 ora
1642 3323 1911 3381 equorum
1946 3307 2101 3363 l‘rena

532 3405 901 3467 lmmittimus,
935 3408 991 3457 et
1043 3416 1210 3456 naves
1261 3415 1429 3470 parvo
1475 3400 1869 3471 gubernaculo,
1909 3414 2104 3470 quem-

535 3479 836 3551 admodum
888 3504 944 3549 et
1009 3508 1181 3563 equos
1212 3490 1428 3547 modico
1462 3492 1640 3556 freno,
1672 3505 1782 3562 quo
1825 3491 2100 3557 volumus,

536 3588 792 3643 ducimus
814 3627 830 3654 ,
865 3585 947 3641 sic
974 3585 1141 3657 igitur
1175 3593 1229 3640 et
1259 3584 1447 3654 lingua
1471 3591 1619 3639 recta
1650 3582 1868 3638 ratione
1900 3583 2100 3654 guber-

536 3680 715 3734 nanda
753 3686 855 3745 est,
884 3679 1134 3749 quamvis
1180 3677 1251 3732 sit
1286 3695 1304 3728 t
1341 3675 1579 3731 mundus
1625 3696 1645 3729 ι
1683 3690 1779 3732 seu
1817 3694 1835 3728 ι
1874 3676 2098 3751 univer-

535 3773 674 3829 sitas
713 3772 1038 3843 iniquitatis,
1083 3789 1101 3822 ι
1140 3779 1300 3840 prout
1332 3786 1359 3823 a
1410 3769 1730 3841 vulgaribus
1785 3768 2099 3826 hominibus

533 3865 850 3919 adhibetur.
881 3862 1104 3918 Scilicet
1134 3876 1229 3932 per
1269 3860 1533 3917 mundqu
1564 3860 1654 3916 hic
1692 3859 2097 3915 multitudinem

531 3957 802 4028 intelligit.
835 3958 947 4025 (27)
973 3954 1068 4010 Vel
1112 3958 1217 4009 ita:
1259 3955 1512 4025 quamvis
1563 3952 1635 4009 sit
1681 3952 1956 4017 mundus,
2004 3966 2097 4007 seu

533 4055 917 4103 ornamentum
953 4044 1088 4116 (28),
1118 4044 1267 4115 quod
1298 4055 1548 4100 naturam
1582 4044 1875 4099 humanam
1913 4049 2095 4102 ornat:

536 4143 641 4195 hac
660 4140 805 4194 enim
835 4138 997 4192 nobis
1020 4137 1254 4192 invicem
1288 4136 1660 4207 cogitationes
1696 4144 1914 4191 nostras
1945 4148 2100 4189 com-

534 4229 882 4284 municamus
935 4228 1084 4297 (nam
1129 4236 1184 4282 et
1235 4228 1291 4281 in
1323 4227 1426 4282 hac
1478 4226 1877 4297 significatione
1929 4224 2097 4294 aliqui

534 4323 727 4376 volunt
754 4320 841 4375 hic
874 4319 1139 4374 mundum
1175 4309 1469 4390 accipere),
1499 4329 1739 4374 attamen
1796 4318 1950 4388 juxta
1982 4316 2090 4371 vul-

532 4413 871 4483 garisturbse
917 4427 1101 4475 usum,
1141 4425 1325 4477 nocet,
1355 4430 1372 4461 ι
1406 4411 1820 4465 eommaculans
1861 4427 1881 4461 ι
1923 4421 2100 4478 quan-

2213 1936 2569 2007 περιγένηται
2601 1937 2704 2007 τῆς
2744 1938 2997 2011 γλώσσης
3031 1939 3225 1993 ἑαυτοῦ
3250 1957 3355 2007 τις,
3390 1940 3506 2004 πῶς
3536 1942 3660 2013 οὐχὶ
3688 1944 3787 1995 καὶ

2210 2027 2331 2080 ὅλον
2367 2021 2520 2091 οὗτος
2577 2028 2760 2093 ἱκανὸς
2813 2030 2876 2083 τὸ
2926 2029 3086 2100 σῶμα
3137 2032 3425 2100 περιάγειν
3465 2032 3678 2100 καλῶς
3723 2034 3786 2086 '0

2211 2122 2319 2193 γὰρ
2352 2123 2445 2177 τοῦ
2478 2123 2614 2194 πρὸς
2639 2124 2701 2176 τὸ
2733 2122 2944 2177 πταίειν
2963 2124 3186 2179 εὐκόλου
3208 2125 3508 2197 κρατήσας,
3532 2124 3695 2197 σχολῇ
3718 2142 3751 2193 γ

2209 2214 2275 2268 ἂν
2305 2217 2353 2268 εί
2384 2214 2479 2269 τοῦ
2509 2215 2844 2286 νωθεστέρου
2878 2216 2954 2287 μὴ
2988 2216 3239 2287 κυριεύῃ.
3734 2246 3737 2247 ν

2287 2416 2305 2449 ι
2348 2397 2475 2462 Ἴδε,
2512 2397 2620 2451 τῶν
2661 2397 2845 2452 ἵππων
2872 2399 3000 2463 τοὺς
3031 2399 3285 2471 χαλινοὺς
3316 2401 3396 2465 εις
3422 2401 3494 2456 τὰ
3535 2402 3779 2473 στόματα

2213 2488 2480 2560 βάλλομεν
2517 2489 2654 2560 πρὸς
2700 2489 2760 2544 τὸ
2791 2489 3075 2546 πείθεσθαι
3116 2492 3315 2556 αὐτοὺς
3344 2494 3496 2563 ἡμῖν,
3537 2495 3630 2548 καὶ
3658 2495 3779 2549 ὅλον

2209 2581 2271 2635 τὸ
2303 2580 2464 2651 σῶμα
2494 2580 2673 2635 αὐτῶν
2721 2581 3052 2651 μετάγομεν.
3094 2600 3113 2634 ι
3153 2582 3635 2656 Παραδειγματικὴ
3683 2585 3781 2640 πί-

2213 2691 2329 2736 στις
2356 2673 2497 2745 αῦτη
2542 2675 2659 2738 τοῦ,
2701 2692 2721 2727 ι
2757 2675 2992 2739 Δυνατὸς
3030 2674 3476 2747 χαλιναγωγῆσαι
3524 2677 3620 2732 καὶ
3658 2676 3781 2731 ὅλον

2206 2764 2269 2817 τὸ
2319 2764 2496 2834 σῶμα,
2534 2782 2553 2816 ι
2591 2764 2699 2819 ἀπὸ
2746 2764 2855 2822 τῶν
2884 2765 3067 2817 ἵππων
3096 2766 3202 2818 τῶν
3248 2765 3501 2835 χαλινῶν,
3537 2767 3644 2822 ἀπὸ
3675 2768 3785 2821 τῶν

2209 2853 2484 2923 πηδαλίων
2533 2853 2643 2907 τῶν
2698 2853 2921 2909 πλοίων.
2973 2855 3084 2910 Καὶ
3119 2855 3231 2911 ἔστι
3269 2856 3329 2909 τὸ
3359 2857 3480 2926 μὲν,
3516 2876 3535 2909 ι
3581 2858 3706 2922 Ἴδε,
3753 2877 3776 2911 a

2207 2946 2329 3000 ἀντὶ
2355 2942 2472 3009 τοῦ,
2530 2946 2744 3001 σκόπει.
2778 2945 2850 2998 Τὸ
2896 2944 2977 3012 δὲ,
3012 2963 3033 2997 ι
3070 2947 3180 2999 τῶν
3220 2946 3401 3002 ἵππων
3446 2950 3573 3012 τοὺς
3624 2950 3779 3020 χαλι-

2208 3038 2353 3103 νοὺς,
2392 3056 2415 3089 ι
2449 3037 2591 3090 οὕτω
2620 3038 2974 3102 συντακτέον,
3013 3040 3422 3111 ἀναστρέφοντα
3453 3040 3551 3111 τὴν
3584 3040 3780 3095 σύνταο

2210 3126 2312 3194 ξιν,
2342 3131 2423 3194 εἰς
2449 3130 2518 3182 τὰ
2567 3129 2811 3200 στόματα
2855 3129 2964 3183 τῶν
3014 3129 3198 3184 ἵππων
3263 3131 3607 3203 ἐμϐάλλομεν
3652 3132 3780 3195 τοὺς

2202 3220 2474 3291 χαλινούς.
2529 3220 2593 3275 Ei
2644 3220 2754 3292 γὰρ
2792 3220 2871 3293 μὴ
2916 3221 3059 3278 οὕτω
3108 3224 3428 3293 συνταγειη,
3464 3222 3782 3293 ἀδιανόητός

2204 3315 2352 3367 ἐστιν
2381 3315 2408 3366 ὁ
2452 3312 2616 3383 λὸγος
2635 3330 2650 3346 ·
2688 3314 2815 3379 Ἴδε,
2846 3313 2956 3367 τῶν
3006 3315 3189 3368 ἵππων
3221 3316 3347 3379 τοὺς
3386 3315 3637 3386 χαλινοῖς
3675 3318 3780 3387 ἒμ-

2204 3404 2499 3475 6άλλομεν,
2529 3405 2627 3460 καὶ
2650 3406 2719 3458 τὰ
2745 3404 2904 3461 πλοῖα
2934 3406 3115 3477 μικρῷ
3145 3406 3407 3478 πηδαλίῳ,
3439 3406 3515 3469 ὡς
3536 3411 3627 3461 καὶ
3650 3409 3780 3473 τοὺς

2206 3496 2406 3561 ἵππους
2448 3497 2538 3550 διὰ
2587 3496 2786 3568 μικροῦ
2817 3497 3060 3568 χαλινοῦ,
3091 3500 3226 3553 ὅπου
3273 3497 3520 3570 θέλομεν,
3547 3501 3781 3571 μετάγου-

2206 3605 2325 3661 μεν.
2362 3585 2551 3649 Οῦτως
2576 3582 2670 3640 οὖν
2713 3588 2807 3643 καὶ
2849 3588 2882 3659 ή
2925 3588 3151 3656 γλῶσσα.
3183 3592 3504 3660 μεταγέσθω
3528 3593 3605 3663 τῷ
3631 3593 3778 3665 ὀρθῷ

2202 3679 2365 3752 λόγῳ,
2416 3680 2523 3735 κᾶν
2578 3679 2687 3752 γὰρ
2729 3697 2750 3732 ι
2795 3681 2997 3750 κόσμος
3030 3699 3049 3732 ι
3093 3682 3214 3736 ἐστὶ
3272 3701 3292 3735 ι
3336 3683 3435 3753 τῆς
3473 3685 3707 3753 ἀδικίας,
3753 3707 3774 3739 ι

2200 3774 2364 3831 οῑονεὶ
2393 3774 2529 3842 πρὸς
2556 3772 2648 3827 τὸν
2676 3772 2940 3843 συρφετὸν
2971 3772 3127 3844 ὄχλον
3150 3775 3498 3846 ἐκφερομένη
3530 3777 3624 3829 καὶ
3653 3777 3779 3846 βλὲ-

2202 3882 2381 3921 πουσα
2412 3866 2639 3936 (κόσμον
2664 3865 2773 3937 γὰρ
2801 3863 3034 3919 ἐνταῦθα
3062 3867 3123 3919 τὸ
3152 3866 3356 3937 πλῆθος
3382 3866 3550 3939 λέγει)
3575 3883 3593 3901 ο
3623 3868 3654 3938 ἦ
3682 3870 3776 3922 καὶ

2201 3958 2282 4012 ὅτι
2313 3956 2413 4011 κᾶν
2442 3957 2645 4026 κόσμος
2675 3955 2823 4009 ἐστὶν
2848 3956 2966 4027 ἦτοι
2997 3956 3277 4026 κοσμοῦσα
3299 3956 3396 4028 τὴν
3427 3959 3774 4029 ἀνθρωπίνην

2201 4050 2365 4119 φύσιν
2395 4049 2591 4120 (ταύτῃ
2629 4048 2737 4119 γὰρ
2765 4048 3014 4117 ἀλλήλοις
3040 4047 3408 4119 κοινωνοῦμεν
3434 4050 3547 4103 τῶν
3565 4050 3777 4107 ἑαυτῶν

2200 4136 2513 4208 νοημάτων,
2553 4136 2675 4188 ἐπεὶ
2707 4137 2800 4191 καὶ
2855 4136 2997 4192 οὕτω
3058 4137 3201 4199 τινὲς
3234 4136 3512 4208 βούλονται
3550 4140 3645 4193 τὸν
3681 4140 3779 4194 κό-

2202 4243 2339 4297 σμον
2369 4224 2668 4299 λαμϐάνειν
2713 4226 2848 4297 πρὸς
2882 4227 3207 4298 σημασίαν),
3250 4228 3365 4282 ἀλλ’
3394 4224 3487 4282 οῦν
3521 4230 3658 4301 πρὸς
3681 4232 3775 4283 τὸν

2199 4317 2419 4390 δημώδη
2468 4318 2626 4389 ὄχλον
2665 4318 2961 4390 φερομένη,
3008 4320 3206 4385 ἀδικεῖ,
3245 4338 3265 4371 ι
3303 4320 3569 4374 σπιλοῦσα
3603 4342 3622 4374 ι
3658 4322 3773 4375 ἐσθ’

2198 4407 2287 4459 ὅτε
2325 4424 2343 4458 ι
2381 4404 2501 4461 ὅλον
2553 4407 2613 4458 τὸ
2663 4405 2843 4477 σῶμα,
2875 4410 2968 4461 καὶ
2998 4407 3329 4477 φλογίζουσα
3371 4411 3491 4464 ὅλον
3526 4411 3618 4465 τὸν
3641 4428 3774 4483 τρα-

532 4503 712 4573 doque
773 4520 792 4554 ι
834 4511 1007 4557 totum
1049 4518 1268 4573 corpus,
1339 4510 1393 4555 et
1437 4502 1783 4557 inﬁammans
1830 4504 2095 4570 integram

2203 4497 2295 4569 χόν
2319 4496 2417 4568 τῆς
2452 4497 2738 4565 γενέσεως,
2792 4498 2889 4550 καὶ
2947 4499 3310 4571 φλογιζομένη
3364 4502 3469 4555 ὑπὸ
3496 4503 3595 4573 τῆς
3624 4506 3776 4572 γεένε

531 4606 709 4654 rotam
762 4595 1087 4661 nativitatis,
1136 4605 1190 4651 et
1255 4594 1583 4651 inﬂammata
1644 4610 1674 4649 a
1730 4594 2005 4666 gehenna.
2067 4610 2087 4644 ι

2203 4604 2319 4657 νης.
2369 4605 2390 4641 ι
2442 4588 2630 4659 Ὅμως
2678 4589 2737 4643 οὐ
2787 4589 3021 4661 χαλεπὸν
3069 4592 3550 4669 μεταχειρίσασθαι
3600 4594 3772 4673 ταύτῃ

635 4757 680 4787 ’³
703 4754 862 4811 Prov.
899 4769 997 4819 xu,
1033 4753 1119 4807 15.

1741 4889 2049 4953 Bonifacii
2086 4890 2308 4953 Finetti
2356 4896 2548 4952 notae.

605 5022 719 5104 (9.5)
760 5021 1033 5104 ιιοεοίοιιυι
1060 5028 1304 5104 .noster;
1363 5016 1539 5104 habet!
1557 5017 1886 5104 ite-nimios,
1937 5015 2093 5104 (quod

532 5085 752 5168 proprie
813 5090 929 5144 vide
992 5089 1074 5144 vel
1134 5090 1309 5168 aspice
1365 5085 1671 5168 signiﬁcat,
1704 5085 2092 5168 quanquaiuna

534 5155 724 5222 inultis
761 5176 857 5229 per
877 5175 992 5213 ecce
1029 5155 1353 5227 explicetur.
1376 5155 1513 5229 Cum
1554 5155 1743 5229 nostro
1780 5155 1972 5212 codice
1997 5156 2090 5210 alii

533 5236 690 5290 nitilti
715 5223 936 5301 optimae
983 5223 1124 5301 nota:
1173 5228 1546 5301 consentiunt.
1610 5223 1868 5301 U__sitat_us_
1907 5236 2090 5283 textus

534 5296 771 5360 Grateus'
790 5299 951 5354 habet
1004 5298 1138 5360 ἰδοῦ,
1170 5313 1304 5363 ecce,
1352 5296 1568 5350 modico
1620 5296 1973 5351 discrimine:
2031 5304 2089 5350 at

539 5374 827 5443 Vulgatum
881 5371 1236 5438 interpretem
1276 5369 1471 5438 legisse
1525 5375 1740 5435 oportet
1773 5368 1823 5420 εἰ
1857 5367 1936 5434 δὲ,
1965 5381 2093 5421 cum

529 5440 754 5499 verterit
781 5440 827 5494 si
858 5448 1054 5492 autem.

604 5511 715 5582 (26)
761 5508 989 5582 Vulgata
1024 5507 1187 5562 habet
1215 5507 1382 5576 equis,
1416 5516 1469 5582 et
1515 5507 1737 5582 quidem
1792 5505 1998 5582 optime
2030 5506 2099 5561 ad

531 5574 1015 5647 cla‘ritatemflpse
1045 5589 1225 5632 autem
1256 5574 1629 5646 "preSsins'ad
1685 5574 1890 5631 textum
1947 5574 2099 5631 Grae-

531 5665 679 5713 cum,
717 5649 810 5719 qui
833 5647 996 5702 habet
1032 5647 1220 5701 ῖππων
1250 5647 1302 5701 in
1334 5649 1593 5711 genitivo,
1638 5647 1791 5715 posui
1820 5662 2093 5719 Aequorum

531 5723 603 5774 ob
630 5716 771 5781 caui,
797 5733 916 5787 quae
956 5719 1226 5787 sequitur,
1265 5722 1710 5771 commentatoris
1745 5716 2093 5769 animadver-

532 5804 764 5845 SlOllelll.

2275 5016 2384 5088 (27)
2417 5015 2541 5071 llaec
2577 5018 2854 5089 expositio
2896 5026 3106 5089 spectat
3139 5016 3207 5074 ad
3232 5017 3569 5074 versiculum
3605 5017 3638 5074 ϐ
3670 5020 3764 5088 qui

2199 5087 2390 5156 postea
2462 5088 2733 5156 sequitur.
2817 5087 3043 5144 Videtur
3109 5105 3238 5144 vero
3312 5104 3377 5143 ea
3432 5091 3578 5143 sicut
3638 5087 3764 5158 quae

2196 5167 2505 5227 sequuntur
2536 5172 2711 5226 usque
2765 5158 2832 5212 ad
2866 5175 2919 5212 ν.
2965 5159 2999 5212 4
3029 5173 3058 5211 a
3090 5160 3261 5214 sciolo
3307 5159 3493 5226 aliqua
3538 5158 3770 5216 librario

2195 5225 2416 5283 aliunde
2444 5225 2755 5297 desumpta,
2786 5238 2842 5283 et
2874 5230 2963 5282 hic
2983 5228 3363 5297 intempestive
3391 5225 3619 5283 inserta.

2269 5296 2382 5367 (28)
2412 5296 2651 5351 Mundus
2671 5296 2862 5352 Graece
2886 5297 3089 5352 dicitur
3127 5296 3355 5367 κόσμος,
3401 5313 3520 5367 qua:
3570 5314 3670 5367 vox
3698 5314 3767 5355 ex

2195 5366 2298 5421 suo
2317 5375 2500 5436 etymo
2530 5378 2895 5437 ornamentum
2954 5367 3246 5437 signiﬁcat.
3273 5366 3455 5432 Quare
3483 5366 3540 5423 S.
3572 5366 3764 5424 Jacobi

2194 5438 2358 5508 verba
2373 5451 2509 5508 (qua:
2543 5436 2706 5491 habet
2731 5437 2799 5491 de
2830 5436 3090 5508 linguav.
3119 5439 3152 5490 6
3197 5448 3463 5508 Sequente
3489 5439 3517 5490 ὁ
3557 5438 3767 5506 κόσμος

2195 5507 2296 5575 τῆς
2327 5506 2563 5573 ἀδικίας,
2602 5521 2755 5575 mque
2789 5506 2929 5561 verti
2963 5518 3215 5575 possunt.
3246 5506 3474 5559 mundus
3518 5522 3612 5561 seu
3644 5508 3769 5560 uni-

2194 5574 2414 5629 versitas
2438 5576 2519 5645 (ut
2538 5574 2697 5630 habet
2723 5574 2973 5646 Vulgata)
2989 5578 3308 5645 iniquitatis,
3326 5586 3380 5631 et
3400 5589 3769 5631 ornamentum

2195 5646 2532 5717 iniquitatis;
2581 5647 2725 5699 unde
2750 5649 2927 5717 oritur
2950 5647 3149 5717 duplex
3193 5648 3486 5716 expositio,
3524 5662 3646 5717 qua:
3678 5648 3769 5702 hic

2195 5725 2251 5769 et
2277 5716 2503 5769 inferius
2530 5716 2878 5788 proponitur.
