4120 6430
526 390 670 453 .1167
1454 386 1555 447 TI]
1569 385 2029 447 EOPHYLACTI
2073 383 2482 447 BULGARLE
2516 382 2873 443 ARCHIEP-
3684 379 3824 443 1168

598 504 772 556 “Vens.
809 500 860 554 5.
904 518 921 551 ι
961 499 1036 553 ita
1072 508 1125 554 ct
1153 498 1338 570 lingua
1373 499 1651 551 modicum
1686 496 1908 566 quidem
1957 513 2129 551 mem-
2159 506 2202 561 Α

2197 546 2202 560 _
2313 514 2331 546 ι
2355 494 2513 570 ρῦτω
2536 494 2926 567 καὶὴγλῶσσα
2957 493 3152 565 μικρὸν
3178 495 3339 566 μέλος
3370 495 3491 550 ἐστὶ
3542 501 3637 550 καὶ
3721 518 3824 566 με-

525 593 694 647 'ltrum
742 600 846 655 est,
907 597 961 643 et
1014 604 1208 659 magna
1252 588 1479 643 exultat.
1517 588 1680 651 Ecce,
1731 594 1971 655 quantus
2008 586 2120 653 (52)

2231 586 2523 656 γαλαυχεῖ.
2574 586 2708 640 Ἰδοὺ
2743 587 2922 655 ὀλίγον
2949 586 3081 657 πῦρ,
3109 586 3308 657 ἡλίκην
3328 586 3463 658 ὓλην
3502 589 3756 644 ἀνάπτει.
3797 608 3816 640 ι

535 682 681 752 ignis
714 695 878 752 quam
906 695 1155 751 magnam
1188 680 1377 734 silvam
1419 678 1683 733 incendit.
1726 696 1743 728 ι
1790 705 1859 716 -
1899 695 1917 728 ι
1955 676 2041 731 [ta
2069 688 2123 732 et

2245 682 2412 748 Ἀντὶ,
2453 680 2657 734 Τοῦτον
2712 681 2801 733 τιν
2828 680 3029 751 τρόπον
3053 680 3146 732 καὶ
3175 679 3453 750 ἡγλῶσσα
3494 678 3701 750 ὀφείλει
3732 698 3821 735 κι-

445 836 458 849 '
528 776 744 847 lingua,
790 794 809 827 ι
848 776 950 829 hoc
995 780 1103 842 est,
1139 773 1327 829 eodem
1365 772 1526 826 modo
1579 773 1740 825 etiam
1788 771 1972 840 lingua
2003 787 2072 823 nu

2230 774 2437 827 νεῖσθαι
2485 774 2632 825 κατὰ
2672 772 2895 840 τρόπον.
2956 772 3211 841 «Μικρὶν
3253 772 3363 839 γὰρ
3403 771 3562 840 μέλος
3585 772 3757 834 ἐστὶν,
3794 788 3814 823 ι

530 868 650 923 reri
705 867 865 921 debet
908 868 1063 935 juxta
1122 866 1431 919 rationem:
1472 883 1490 916 ι
1527 865 1803 918 modicum
1857 864 2002 919 enim
2037 870 2123 917 est

2231 867 2367 921 ἀλλά
2401 866 2614 935 μεγάλα
2642 865 2959 936 ἐργάζεται,
2996 866 3144 917 κακά
3179 863 3380 934 δηλαδὴ
3411 863 3509 917 καὶ⁸
3543 864 3685 918 καλά
3708 880 3722 896 ⁸
3756 865 3821 917 τὸ

537 961 889 1023 membrum;
935 977 953 1009 ι
990 966 1230 1011 attamen
1287 971 1503 1023 magna,
1566 955 1777 1010 scilicet
1829 955 1913 1008 vel
1958 957 2120 1021 mala,

2077 971 2120 1021 λι,
2230 960 2307 1023 δὲ,
2359 979 2375 1009 ι
2406 957 2778 1028 Μεγαλαυχεῑ,
2799 976 2817 1004 ι
2856 958 2975 1009 ἀντὶ
3008 955 3124 1022 τοῦ,
3158 954 3372 1026 μεγάλα
3402 954 3540 1026 ἔργα
3569 954 3704 1026 ἔχει.

539 1055 622 1107 vel
656 1054 817 1116 bona,
864 1058 1147 1121 Operatur.
1189 1049 1324 1103 Illud
1371 1049 1514 1102 enim
1551 1069 1569 1100 ι
1605 1050 1804 1121 Magna
1855 1048 2059 1103 exultat
2098 1067 2117 1099 ι

534 1146 681 1197 idem
718 1152 802 1197 est
840 1157 903 1195 ac
936 1156 1130 1211 magna
1172 1154 1362 1210 opera-
1388 1148 1636 1210 praestat.

615 1232 776 1289 Vens.
807 1233 860 1287 6.
898 1251 918 1285 ι
958 1208 1231 1301 Etvliugua
1275 1208 1419 1299 ignis
1470 1239 1578 1293 est,
1617 1230 1858 1285 mundus
1885 1230 1997 1300 (35)
2023 1230 2125 1283 ini—

2308 1250 2326 1282 ι
2359 1232 2468 1285 Καὶ
2493 1234 2524 1303 ἡ
2556 1232 2773 1299 γλῶσσα
2804 1229 2934 1301 πῦρ,
2960 1233 2987 1285 ὁ
3010 1231 3216 1299 κόσμος
3241 1230 3344 1300 τῆς
3369 1228 3603 1291 ἀδικίας.
3628 1227 3826 1290 Οὕτως
3882 1208 3896 1218 ⁸

536 1326 788 1395 quitatis.
832 1323 1047 1394 Lingua
1084 1321 1447 1376 constituitur
1494 1322 1547 1375 in
1593 1322 1855 1376 membris
1894 1322 2122 1389 nostris,

2233 1327 2265 1395 ἡ
2296 1325 2517 1394 γλῶσσα
2563 1324 2891 1381 καθίσταται
2925 1326 2982 1377 ὲν
3014 1325 3125 1387 τοῖς
3167 1323 3387 1392 μέλεσιν
3429 1322 3586 1392 ἡμῶν
3615 1323 3648 1391 ἠ
3686 1338 3818 1373 σπι-

534 1433 658 1487 quae
712 1416 957 1471 maculat
1009 1422 1184 1468 totum
1231 1427 1456 1482 corpus,
1507 1420 1563 1467 et
1596 1409 1899 1466 inﬂammat
1944 1419 2121 1465 rotam

2231 1418 2398 1472 λοῦσαι
2426 1418 2546 1475 ὅλον
2576 1418 2634 1471 τὸ
2660 1419 2840 1487 σῶμα,
2872 1417 2965 1470 καὶ
2998 1416 3332 1485 φλογίζουσα
3365 1414 3455 1468 τὸν
3494 1417 3687 1485 τροχὸν
3721 1416 3823 1482 τῆς

534 1510 840 1565 nativitatis
886 1518 1090 1563 nostra;
1129 1505 1467 1561 inﬂammata
1514 1521 1544 1560 a
1597 1503 1868 1574 gehenna.
1907 1522 1925 1555 ι
1977 1502 2125 1558 Ordo

2232 1508 2523 1574 γενέσεως,
2567 1507 2661 1560 καλ⁸
2704 1506 3067 1577 φλογιζομένη
3110 1507 3218 1560 ἀπὸ
3260 1504 3361 1575 τῆς
3413 1504 3659 1574 γεέννης.
3691 1523 3710 1557 ι
3746 1506 3823 1557 Τὸ

536 1604 805 1655 orationis
837 1601 925 1654 hic
957 1609 1043 1656 est
1072 1619 1085 1654 :
1113 1599 1190 1654 Ita
1221 1608 1276 1654 et
1316 1599 1498 1668 lingua
1530 1596 1770 1652 mundus
1796 1597 2122 1665 iniquitatis,

2232 1598 2393 1668 ἑξῆςο
2435 1597 2591 1652 Οὖτω
2624 1598 2721 1651 καὶ
2754 1600 2785 1666 ἡ
2812 1597 3033 1666 γλῶσσα
3066 1597 3161 1651 οὖν
3186 1599 3211 1650 ὁ
3237 1599 3441 1666 κόσμος
3472 1597 3570 1665 τῆς
3600 1596 3821 1659 ἀδικίας

537 1696 683 1763 ignis
706 1701 811 1749 est.
844 1691 1156 1746 Sicutenim
1185 1691 1326 1759 ignis
1343 1689 1525 1744 omnia
1557 1688 1812 1753 destruit;
1842 1688 1922 1742 sic
1940 1687 2120 1742 etilla.

2235 1691 2345 1762 πῦρ
2387 1693 2556 1744 ἐστιν.
2602 1691 2689 1753 Ὠς
2735 1689 2846 1760 γὰρ
2894 1689 2953 1742 τὸ
2993 1688 3104 1759 πῦρ
3150 1690 3403 1757 ἀφανίζει
3441 1689 3641 1754 πάντα,
3673 1688 3822 1741 οὕτω

534 1785 643 1841 Per
672 1785 933 1838 mundum
985 1792 1168 1837 autem
1204 1782 1422 1852 quidem
1469 1782 1558 1835 hic
1601 1780 2007 1837 multitudinem
2041 1782 2125 1834 in-

2234 1784 2328 1837 καὶ
2372 1782 2535 1849 αὐτή.
2572 1782 2791 1851 Κόσμον
2825 1782 2879 1834 δέ
2919 1799 3065 1844 τινες
3104 1782 3344 1835 ἐνταῦθα
3387 1782 3449 1836 τὸ
3497 1782 3703 1852 πλῆθος
3738 1782 3822 1834 λέ-

536 1876 809 1947 te'ligunt,
868 1871 1329 1943 quemadmodum
1388 1879 1442 1926 et
1492 1871 1547 1924 in
1603 1886 1669 1925 eo
1713 1871 1835 1925 loco
1862 1871 1907 1902 ²⁶
1945 1888 1957 1923 :
2001 1890 2019 1922 ι
2065 1871 2134 1925 Ει

2195 1883 2446 1945 ιγουσιν,
2482 1875 2671 1946 ὥσπερ
2714 1875 2809 1929 καὶ
2860 1877 2918 1929 ὲν
2967 1875 3063 1943 τῷ,
3109 1893 3126 1927 ι
3170 1875 3228 1928 Ὀ
3281 1880 3487 1946 κόσμος
3524 1876 3687 1929 αὐτὸν
3717 1877 3822 1928 οὐκ

537 1968 782 2024 mundus
821 1981 944 2021 eum
991 1980 1099 2020 non
1152 1963 1430 2033 cognovit.
1474 1981 1492 2015 ι
1536 1961 1776 2019 Mundus
1825 1961 2013 2033 itaque
2047 1972 2131 2017 est

2231 1966 2393 2034 ἔγνω.
2417 1987 2434 2017 ι
2466 1968 2683 2035 Κόσμος
2710 1965 2803 2021 οὖν
2832 1967 2979 2036 καὶὴ
3009 1965 3255 2035 γλῶσσα,
3289 1964 3431 2021 τοῦτ’
3464 1966 3580 2020 ἐστι
3611 1966 3823 2036 πλῆθος

536 2065 698 2117 etiam
729 2061 895 2132 338
926 2060 1134 2129 lingua,
1169 2058 1275 2113 hoc
1304 2066 1386 2113 est
1434 2056 1747 2123 multitudo,
1778 2071 1875 2112 seu
1910 2057 2130 2111 uuiver-
2232 2058 2470 2125 ἀδικίας,

537 2157 671 2211 sitas
703 2151 1009 2222 iniquitatis
1043 2149 1178 2223 (54).

609 2242 777 2297 Vens.
828 2242 886 2306 7,
914 2240 968 2295 8.
1020 2259 1039 2293 ι
1077 2238 1271 2294 Omnis
1319 2239 1462 2294 enim
1510 2247 1705 2295 natura
1746 2239 2045 2296 bestiarum
2077 2247 2131 2297 et

2308 2263 2327 2296 ι
2348 2244 2508 2298 Πᾶσα
2553 2243 2663 2316 γὰρ
2687 2243 2849 2313 φύσις
2882 2244 3089 2315 Θηρίων
3128 2246 3223 2298 καὶ
3249 2244 3518 2312 ἑρπετῶν,
3550 2246 3821 2297 πετεινῶν

537 2338 824 2392 volucrum
866 2342 921 2389 et
959 2333 1296 2404 serpentium
1329 2340 1383 2387 et
1418 2332 1756 2386 marinorum
1786 2331 1900 2403 (33)
1937 2333 2129 2387 doma-

2231 2353 2288 2389 τε
2310 2337 2407 2390 καὶ
2432 2336 2681 2399 ἐναλίων,
2716 2336 3023 2404 δαμάζεται
3067 2338 3158 2389 καὶ
3189 2337 3523 2406 δεδάμασται
3556 2340 3622 2407 τῇ
3657 2335 3822 2405 φύσει

547 2439 637 2485 tur
664 2436 720 2484 et
750 2427 958 2482 domita
984 2436 1068 2479 est
1106 2440 1135 2478 a
1162 2433 1358 2479 natura
1395 2423 1655 2477 humana.
1691 2422 1958 2494 Linguam
2023 2440 2125 2479 au-

2232 2431 2296 2499 τῇ
2338 2429 2680 2502 ἀνθρωπίνῃ.
2718 2430 2831 2502 Τὴν
2870 2430 2927 2483 δὲ
2968 2429 3222 2498 γλῶσσαν
3266 2430 3440 2492 οὐδεὶς
3474 2429 3697 2483 δύναται
3726 2430 3826 2482 ἀν-

540 2531 647 2577 tem
679 2518 1159 2575 nullushominum
1190 2518 1413 2572 domare
1439 2524 1619 2587 potest
1645 2533 1659 2570 :
1687 2516 1990 2586 inquietum
2014 2517 2128 2590 (56)

2233 2519 2471 2590 θρὼπων
2506 2522 2771 2590 δαμάσαι.
2807 2523 3204 2591 Ἀκατάσχετον
3260 2523 3461 2576 κακόνο
3525 2521 3695 2593 μεστὴ
3738 2522 3820 2575 ίοῦ

539 2618 769 2678 malum,
806 2613 964 2682 plena
993 2624 1205 2664 veneno
1239 2606 1549 2661 mortifero.
1584 2625 1603 2659 ι
1636 2606 2130 2666 Conlimnatioha-c

2234 2609 2639 2683 θανατηφόρου.
2668 2630 2687 2663 ›
2720 2612 2802 2665 Τὰ
2831 2614 2931 2681 τῆς
2970 2612 3303 2680 αἰτιολογίας
3334 2611 3539 2682 ταύτης
3578 2613 3717 2683 πρὸς
3749 2612 3822 2665 τὰ

539 2705 607 2760 ad
643 2705 898 2776 superius
929 2703 1073 2758 dicta
1098 2698 1385 2755 referenda
1408 2707 1513 2753 est.
1541 2697 1680 2753 Cum
1715 2699 1862 2752 enim
1898 2699 2130 2753 dixisset

2231 2702 2344 2756 ἀνω
2389 2704 2655 2774 εἰρημένα
2698 2704 3016 2757 ἀκουστέον.
3050 2703 3235 2757 Εἰπὼν
3292 2704 3402 2773 γὰρ
3451 2706 3550 2758 καὶ
3599 2701 3822 2768 διδάξας

539 2806 596 2851 et
625 2796 926 2859 dot-uisset,
975 2793 1121 2865 quod
1169 2808 1267 2863 per
1316 2792 1528 2847 frenum
1566 2801 1619 2846 et
1666 2792 2127 2860 gubernaculum,

2232 2796 2326 2849 ﬁtﬁt
2383 2795 2477 2849 τοῦ
2527 2796 2770 2866 χαλινοῦ,
2805 2797 2893 2851 διὰ
2942 2796 3036 2850 τοῦ
3092 2796 3375 2862 πηδαλίου,
3409 2796 3445 2850 ἃ
3482 2795 3656 2867 μικρά
3717 2795 3819 2865 μέν

539 2889 644 2945 etsi
677 2890 730 2943 in
756 2903 878 2944 sese
920 2901 1109 2958 parva,
1142 2885 1524 2949 nihilominus,
1550 2883 1596 2940 si
1643 2895 1786 2938 recte
1821 2884 2127 2938 adhibean-

2233 2887 2372 2947 ἐστι,
2424 2886 2636 2955 μεγάλα
2702 2885 2759 2939 δὲ
2807 2885 3067 2955 κατορθοῖ
3114 2885 3295 2948 καλῶς
3357 2884 3671 2953 κινούμενα,
3719 2885 3818 2938 καὶ

540 2996 651 3045 tur,
697 2998 894 3054 magna
925 2990 978 3037 et
1012 2981 1274 3054 prasclara
1316 2980 1466 3045 ﬁant,
1514 2994 1578 3034 ac
1614 2977 2012 3048 subjunxisset,
2054 2978 2128 3031 ita

2234 2976 2563 3046 ἐπενέγκας,
2618 2978 2701 3030 ὃτι
2733 2975 2875 3029 οὕτω
2905 2978 3000 3030 καί
3028 2978 3060 3046 ἠ
3087 2974 3311 3044 γλῶσσα
3345 2977 3549 3044 ὀφείλει
3582 2977 3820 3046 μετάγε-

541 3084 596 3127 et
627 3074 866 3141 linguam
897 3081 1153 3145 oportere
1197 3080 1347 3124 recta
1394 3068 1610 3123 ratione
1636 3067 1947 3134 moderari;
1980 3082 2127 3121 nunc

2235 3068 2363 3120 σθαι
2389 3066 2469 3138 τῷ
2497 3067 2644 3139 ὀρθῷ
2675 3067 2842 3138 λόγῳ,
2875 3067 3118 3120 δείκνυσι
3164 3067 3251 3121 διὰ
3281 3067 3391 3121 τῶν
3425 3069 3711 3138 παρόντων
3739 3067 3817 3130 ὡς

542 3167 722 3219 allatis
750 3164 1016 3233 exemplis
1043 3162 1306 3226 ostendit,
1345 3175 1405 3216 se
1449 3159 1766 3229 neutiquam
1809 3159 2127 3229 impossibi-
2161 3223 2169 3233 Α

2192 3220 2199 3233 _
2233 3162 2333 3215 οὐκ
2363 3160 2603 3216 ἀδύνατα
2636 3162 2970 3233 προστάσσει
3005 3160 3092 3215 διὰ
3124 3162 3233 3215 τῶν
3272 3161 3649 3232 ὑποκειμένων
3680 3162 3819 3214 ὑπο-

541 3261 614 3315 lia
649 3218 968 3328 praecipere,
1007 3252 1234 3324 perinde
1271 3267 1334 3306 ac
1369 3252 1415 3306 si
1445 3218 1649 3304 diceret
1680 3268 1693 3303 :
1739 3218 1982 3324 Reponet
2018 3220 2168 3303 [οι-⁴

2192 3220 2567 3326 ιδειγμάτων.
2608 3218 2821 3327 Ὥσπερ
2877 3257 2927 3308 εἰ
2984 3256 3201 3323 ἔλεγεν·
3254 3255 3394 3310 Ἀλλ’
3428 3218 3546 3326 ἐρεῖ
3572 3273 3678 3319 τις,
3731 3255 3819 3308 an

544 3363 693 3407 tasse
716 3348 1018 3419 quispiam:
1044 3344 1283 3400 Tametsi
1302 3344 1487 3414 lingua
1520 3345 1795 3398 modicum
1823 3344 2130 3398 membrum

2234 3348 2336 3400 xiv
2371 3348 2568 3420 μικρὸν
2602 3348 2764 3417 μέλος
2795 3348 2827 3418 ἡ
2853 3348 3099 3417 γλῶσςα,
3129 3347 3244 3401 ἀλλ’
3274 3346 3365 3401 οὖν
3400 3346 3614 3418 μεγάλα
3655 3348 3826 3418 ἐργα-

545 3444 640 3506 sit,
670 3454 794 3493 cum
828 3448 1011 3492 tamen
1044 3450 1237 3506 magna
1287 3452 1383 3491 seu
1430 3435 1597 3503 bona,
1627 3450 1723 3489 seu
1759 3435 1900 3489 mala
1934 3450 2129 3506 opere-

2234 3437 2438 3511 ζομένη
2488 3440 2630 3493 καλὰ
2686 3440 2781 3493 καὶ
2816 3441 2984 3503 κακὰ,
3016 3441 3117 3496 οὐκ
3164 3439 3424 3511 εὐπειθής
3462 3441 3578 3494 ἐστι
3625 3440 3822 3511 πρὸςᾶ

548 3541 637 3584 tur
661 3568 676 3595 ,
711 3540 1057 3598 nequaquam
1094 3539 1155 3579 se
1193 3524 1304 3592 regi
1346 3524 1605 3593 patietur,
1644 3531 1703 3577 ut
1749 3524 2022 3579 volumus.
2064 3526 2129 3576 At

2236 3529 2563 3599 βουλόμεθα.
2604 3530 2773 3583 Οὐδὲν
2816 3531 2974 3584 τοῦτο
3020 3532 3156 3602 πρὸς
3204 3531 3524 3600 ἀπολογίαν.
3584 3532 3647 3584 Et
3706 3531 3815 3601 γὰρ

546 3623 592 3678 si
623 3620 827 3675 bestias
859 3634 889 3674 ιι
922 3626 1114 3672 natura
1139 3631 1238 3671 sua
1263 3615 1467 3669 alienas
1492 3614 1680 3669 domat
1715 3615 1879 3669 homo
1906 3652 1922 3678 ,
1959 3616 2132 3669 multo

2235 3620 2481 3674 ἀνοίκειοι
2517 3624 2585 3692 τῇ
2619 3621 2816 3675 ἑαυτοῦ
2868 3621 3028 3691 φύσει
3063 3621 3297 3692 δαμάζει
3339 3623 3367 3675 ὀ
3397 3622 3685 3693 ἅνθρωπος
3715 3620 3819 3693 οη-

544 3714 720 3783 taagis
754 3711 1061 3769 membrum
1111 3723 1272 3763 suum
1318 3707 1388 3761 ah
1432 3706 1552 3777 ipso
1583 3708 1792 3761 domari
1831 3721 2014 3777 posse,
2048 3707 2133 3761 di-

2237 3717 2351 3788 ρία,
2387 3716 2567 3788 πολλῷ
2625 3718 2827 3789 μᾶλλον
2883 3720 2944 3773 τὸ
2984 3718 3181 3772 ἑαυτοῦ
3242 3719 3425 3790 μέλος.
3461 3736 3479 3770 ι
3509 3718 3699 3783 Οὐδεὶς
3732 3719 3822 3772 ἁν-

545 3807 781 3862 cendum
833 3811 939 3858 est.
1001 3798 1272 3868 Quocirca
1328 3798 1501 3853 illud:
1562 3820 1580 3849 ι
1626 3798 1891 3881 Linguam
1948 3812 2129 3856 autem

2236 3805 2470 3877 θρώπων
2526 3808 2750 3862 δύναται
2800 3808 3126 3878 δαμάσαι.»
3194 3808 3268 3880 μὴ
3309 3809 3450 3863 κατά
3512 3810 3819 3878 ἀπόφανσιν

546 3899 732 3954 nullus
782 3896 1067 3951 hominum
1114 3893 1343 3947 domare
1379 3899 1579 3960 potest,
1625 3909 1643 3942 ι
1687 3908 1794 3946 non
1836 3893 2127 3959 asset-live,

2234 3898 2630 3965 ἀναγνωστέον,
2671 3898 2808 3950 ἀλλά
2855 3899 2973 3951 κατ’
3008 3898 3389 3969 ἐπαπόρησιν’
3425 3899 3511 3951 ἵνα
3607 3896 3780 3962 οὔτως
3801 3915 3814 3932 ·

544 3991 639 4047 sed
698 4004 796 4058 per
847 3985 1329 4055 interrogationem
1382 3985 1587 4040 dictum
1640 3999 1785 4048 esse,
1830 3986 2128 4054 putandum

2236 3992 2299 4044 Εἰ
2327 3990 2395 4043 τὰ
2426 3990 2699 4044 ἀτίθασσα
2755 3988 2971 4062 [θηρία]
3012 3989 3300 4059 ἄνθρωπος
3338 3988 3675 4062 [τιθασσεύει
3700 3989 3815 4067 καὶ]

544 4092 653 4149 est,
684 4091 744 4134 ut
789 4080 891 4135 iste
932 4079 1008 4132 sit
1041 4093 1239 4133 sensus
1277 4093 1289 4129 :
1324 4075 1379 4131 Si
1418 4076 1581 4130 homo
1632 4074 1839 4131 ferocia
1873 4078 2129 4132 animalia

2303 4080 2499 4153 ιροήθη
2533 4081 2697 4146 ποιεῖ,
2734 4081 2843 4150 ἀρα
2878 4079 2977 4151 τὴν
2996 4077 3191 4134 ἑαυτοῦ
3224 4080 3481 4148 γλῶσσαν
3512 4081 3574 4134 οὐ
3623 4081 3698 4152 μὴ
3730 4081 3824 4135 δας
3923 4084 3925 4088 ⁴

549 4171 933 4236 mansuefaeit,
966 4185 1030 4226 ac
1058 4169 1369 4225 tractabilia
1397 4166 1547 4234 facit,
1578 4185 1677 4223 cur
1707 4169 1947 4240 linguam
1972 4186 2129 4225 suam

2238 4174 2432 4243 μάσει;
2470 4172 2661 4236 Οὕτως
2702 4172 3102 4242 ἀναγνωστέον.
3147 4174 3209 4226 Εἰ
3264 4175 3371 4245 γὰρ
3395 4175 3537 4229 κατά
3572 4175 3821 4242 ἀποφαν.

548 4271 776 4321 domare
810 4278 918 4317 non
968 4261 1208 4332 poterit?
1256 4261 1331 4317 lta
1376 4278 1509 4315 sane
1550 4261 1858 4334 legendum.
1894 4262 1951 4315 Si
1986 4265 2129 4317 enim

2237 4283 2342 4328 σιν,
2378 4266 2479 4318 οὐκ
2516 4265 2581 4318 ἂν
2628 4264 2754 4336 δόξῃ
2796 4266 2979 4329 καλῶς
3018 4266 3223 4337 προῖὼν
3253 4262 3557 4337 κεχρῆσθαι
3591 4266 3670 4337 τῷ
3697 4284 3821 4320 νου-

549 4359 681 4414 illud
712 4353 1008 4410 asserenda
1033 4352 1376 4423 protulisset,
1409 4350 1550 4405 haud
1578 4350 1861 4405 videretur
1892 4365 2133 4421 congrue

2235 4358 2502 4427 θετήματι
2520 4374 2534 4389 ο
2559 4357 2700 4425 λέγω
2727 4357 2784 4410 δὲ
2806 4356 2904 4428 τῷ,
2928 4376 2947 4409 ι
2977 4355 3055 4411 Οὐ
3079 4357 3207 4428 χρὴ,
3239 4357 3459 4427 ἀδελφοί
3488 4375 3612 4428 μου,
3643 4358 3820 4412 ταῦτα

547 4467 611 4505 ea
654 4456 840 4518 postea
878 4459 1010 4501 usus
1045 4444 1429 4498 adhortatione
1462 4461 1475 4495 :
1512 4460 1531 4494 ι
1570 4442 1690 4496 Non
1738 4449 1978 4514 oportet,
2015 4444 2129 4493 l‘ra-

2234 4448 2379 4502 οὕτω
2433 4449 2743 4516 γίνεσθαι.»
2806 4449 2869 4503 Ei
2914 4449 3024 4520 γὰρ
3070 4447 3336 4503 ἀδύνατον
3399 4449 3498 4521 τὴν
3560 4450 3817 4518 γλῶσσαν

548 4555 660 4597 tres
696 4540 821 4604 mei,
857 4540 970 4591 haec
1015 4536 1085 4591 ita
1130 4536 1269 4591 ﬁeri.
1322 4556 1341 4589 ι
1378 4534 1435 4589 Si
1468 4535 1613 4590 enim
1656 4534 1998 4605 impossibile
2026 4543 2129 4597 est,
2160 4552 2175 4611 ]

2189 4554 2211 4610 )
2243 4539 2674 4611 μεταρυθμίσαι,
2709 4537 2780 4611 [ὁ]
2814 4538 3100 4601 ἀδυνάτοις
3148 4539 3447 4610 ἐπιχειρεῖν
3480 4539 3816 4613 [παραινῶν]

548 4639 787 4708 linguam
825 4635 890 4690 ad
921 4641 1126 4688 rectam
1163 4642 1415 4684 normam
1443 4628 1681 4699 dirigere
1707 4665 1722 4691 ,
1752 4641 2035 4697 perperam
2065 4626 2128 4680 ad

2238 4634 2338 4686 οὐκ
2396 4632 2612 4701 ἀσφαλῆ
2644 4630 2746 4701 τὴν
2787 4630 3113 4702 παραίνεσιν
3154 4636 3318 4696 ποιεῖ,
3344 4632 3570 4703 φήσειέν
3596 4649 3703 4694 τις.
3738 4633 3814 4685 Τὸ

548 4728 602 4782 id
652 4728 1010 4779 hortaretur:
1044 4722 1137 4791 qui
1181 4721 1325 4776 enim
1368 4719 1731 4790 impossibilia
1783 4721 1997 4778 suadet,
2044 4719 2130 4771 iu-

2236 4724 2308 4786 δὲ,
2359 4744 2376 4774 ι
2415 4724 2814 4793 Ἀκατάσχετον
2864 4722 3065 4776 κακόν·
3128 4725 3300 4792 μεστὴ
3357 4721 3438 4776 toﬁ
3513 4723 3821 4795 θανατηφόο

544 4836 768 4875 nassum
805 4817 1021 4873 suadet.
1052 4815 1190 4869 lllud
1219 4824 1399 4868 autem
1424 4824 1457 4864 ἰ
1486 4811 1840 4868 lncoereibile
1874 4812 2076 4866 malum
2107 4830 2156 4886 ι⁸

1734 4812 1840 4868 bile
1874 4812 2076 4866 malum
2107 4830 2156 4886 ι⁸
2238 4833 2354 4886 pou,
2387 4832 2404 4864 ι
2448 4813 2590 4866 κατά
2617 4813 2923 4881 ἀπόφανσιν
2947 4814 3355 4884 προσενεκτέον.

548 4911 887 4966 enuntiative
913 4909 1122 4962 dictum
1157 4904 1569 4975 intelligendum
1600 4911 1703 4957 est.
2129 4881 2161 4913 ⁸

628 5001 789 5055 Vens.
821 5000 972 5055 9-12.
1011 5017 1028 5050 ι
1074 4999 1130 5053 In
1175 4999 1289 5068 ipsa
1326 4995 1703 5051 bent-dicimus
1735 4994 1904 5049 Deum
1942 5001 1995 5048 et
2016 4993 2130 5048 Pa-

2315 5009 2332 5043 ι
2368 4992 2456 5045 Ἐν
2492 4990 2629 5061 αὐτῇ
2673 4989 3004 5060 εὐλογοῦμεν
3028 4991 3119 5045 τὸν
3150 4992 3283 5045 Θεὸν
3323 4993 3418 5046 καὶ
3448 4994 3688 5065 Πατέρα,
3722 4998 3818 5049 καὶ

548 5106 710 5156 trem.
739 5103 792 5148 et
830 5094 882 5146 in
921 5093 1036 5162 ipsa
1087 5089 1466 5145 maledicimus
1512 5089 1785 5149 homines,
1819 5087 1911 5157 qui
1956 5085 2021 5139 ad
2057 5086 2133 5139 si-

2237 5084 2294 5134 ὲν
2343 5084 2479 5151 αὐτῇ
2535 5081 2911 5154 καταρώμεθα
2952 5083 3079 5145 τοὺς
3135 5084 3463 5154 ἀνθρώπους
3507 5089 3635 5148 τοὺς
3690 5087 3817 5139 καθ’

552 5187 914 5241 tnilitudtnem
954 5183 1047 5238 Dei
1101 5183 1225 5236 facti
1277 5189 1427 5236 sunt.
1476 5178 1552 5233 Ex
1605 5181 1724 5247 ipso
1760 5194 1854 5231 ore
1886 5176 2134 5247 procedit

2236 5175 2497 5244 ὁμοίωσιν
2538 5173 2675 5226 Θεοῦ
2727 5175 3040 5243 γεγονότας.
3087 5176 3183 5229 Ἐκ
3213 5177 3307 5229 τοῦ
3342 5176 3507 5229 αὑτοῦ
3547 5179 3820 5248 στόματος

552 5280 861 5336 benedictio
890 5289 939 5333 et
985 5277 1319 5331 maledictio.
1358 5273 1476 5327 Non
1505 5279 1741 5342 oportet,
1779 5271 1976 5324 fratres
2002 5268 2129 5335 mei,

2236 5270 2518 5340 ἐξέρχεται
2540 5268 2760 5337 εὐλογία
2791 5270 2885 5323 καὶ
2916 5269 3153 5339 κατάρα.
3182 5269 3257 5321 Οὐ
3292 5270 3418 5340 χρὴ,
3451 5270 3669 5340 ἀδελφοί
3687 5288 3818 5343 μου,

627 5464 672 5494 ’⁵
706 5460 868 5515 Joan.
918 5475 958 5525 t,
994 5458 1080 5510 l0.

1774 5544 2078 5607 Bonifacii
2125 5543 2350 5607 Finetti
2399 5552 2587 5606 nota).

625 5672 736 5745 (3'2)
777 5672 1001 5745 Graecus
1030 5671 1191 5745 habet
1221 5671 1423 5738 ὀλίγον,
1459 5669 1742 5745 modicus._
1870 5739 1880 5745 _
2111 5737 2126 5745 Α
2270 5740 2279 5745 .
2312 5669 2424 5739 (5i)
2466 5670 2611 5745 (ium
2644 5669 3004 5745 hicrproprio
3042 5672 3096 5745 in
3138 5672 3282 5727 loco
3311 5682 3619 5743 exponatur
3682 5678 3820 5745 quid

626 5737 739 5811 (53;
785 5743 1046 5813 Vulgatus
1084 5737 1350 5816 interpres
1404 5743 1597 5802 vertit,
1651 5739 1999 5816 universitas,
2062 5737 2129 5792 ad
2237 5737 2565 5816 sit—mundus
2596 5737 2915 5816 iniquitatis,
2941 5743 3183 5809 profecto
3216 5761 3338 5813 quze
3369 5737 3495 5802 ante
3526 5763 3574 5800 ν.
3608 5747 3641 5801 4
3678 5737 3819 5816 pra:—

557 5827 777 5870 :cnsum
812 5811 986 5881 magis
1010 5827 1170 5879 quam
1201 5813 1265 5865 ad
1298 5824 1483 5865 vocem
1519 5811 1841 5879 respiciens.
2239 5814 2405 5863 cessit
2441 5814 2718 5878 expositio
2744 5816 2983 5866 ascuitta
3012 5829 3135 5868 esu:
3167 5811 3348 5869 debet.
