4120 6412
283 407 416 471 Ῑίτῖθ

1110 413 1513 475 EXPOSITIO
1552 416 1626 476 ΙΝ
1665 416 1899 476 EPiST.
1938 418 1998 477 S.
2037 419 2319 481 JACOBI.
2348 444 2417 455 —
2446 421 2602 480 CAP.
2640 420 2749 483 lil.

3410 392 3542 493 ιιτο

277 525 454 578 ταῦτα
482 523 625 578 οὕτω
661 524 929 590 γίνεσἽαι.
982 528 1131 596 Μήτι
1184 530 1216 598 ή
1279 528 1429 599 πηγὴ
1461 531 1523 582 ἐκ
1555 529 1653 594 τῆς
1691 530 1863 597 αὑτῆς

1972 532 2084 586 Ιισιο
2132 534 2202 586 ita
2259 533 2399 587 ﬁeri.
2460 532 2713 603 Nunquid
2772 533 2893 589 [nus
2943 535 3008 591 de
3049 540 3239 591 colem
3275 538 3544 597 formnfne

277 614 425 684 όπῆς
482 615 637 688 βρύει
668 617 730 670 τδ
776 617 949 684 γλυκὺ
983 620 1076 672 καὶ
1104 619 1165 672 τὸ
1206 621 1439 691 πικρόν;
1471 620 1554 690 Μὴ
1610 620 1855 686 δύναται,

278 706 496 772 ἀδελφοί
528 724 651 775 μου,
692 708 828 778 συκῆ
853 707 1037 769 ἐλαίας
1061 710 1306 780 ποιῆσαι,
1357 710 1388 781 ἢ
1423 712 1667 781 ἀμπελος
1697 711 1857 776 σῦκας

278 796 469 864 Οὕτως
515 802 635 856 οὐδὲ
695 803 793 873 μξα
848 803 999 873 πηγὴ
1032 804 1218 858 ἀλικδν
1265 806 1357 858 καὶ
1409 806 1583 874 γλυκ“ι
1632 807 1858 877 ποιῆσαι

282 894 429 964 ὕδωρ
480 894 726 949 δύναται.
757 914 776 945 ι
813 896 922 949 Καὶ
955 897 1115 950 τοῦτο
1145 900 1286 951 κατὰ
1319 900 1667 969 ἐπαπόρησιν
1693 901 1859 953 ἀκου-

282 987 436 1038 στέον
454 1001 468 1015 ο
500 987 855 1057 ἐντρέποντος
880 990 987 1059 γάρ
1018 992 1134 1043 ἐστι
1158 991 1283 1053 τοὺς
1314 991 1591 1061 ἀκροατάς
1616 1011 1627 1024 ·
1665 992 1739 1055 ὡς
1763 994 1859 1045 καὶ

276 1076 341 1129 τὸ
389 1077 588 1146 ἐφεξῆς
622 1078 704 1139 τὸ.
738 1098 756 1131 ι
795 1080 888 1133 Ἐκ
932 1081 1026 1134 τοῦ
1076 1081 1243 1134 αὑτοῦ
1278 1084 1544 1151 στόματος
1577 1082 1857 1153 ἐξέρχεται

277 1167 498 1234 εὐλογία
540 1169 633 1220 καὶ
654 1169 891 1239 κατάρα.
916 1191 934 1222 ο
969 1171 1031 1224 Et
1062 1173 1169 1243 γὰρ
1203 1172 1447 1240 εὐλογεῖν
1503 1173 1711 1236 πάντας
1766 1191 1859 1227 κε·

278 1258 555 1329 λευὸμεθα
588 1283 604 1312 ς
630 1262 893 1334 (Λοίδοροι
944 1263 1053 1334 γὰρ
1101 1264 1377 1333 βασιλείαν
1406 1260 1542 1319 Θεοῦ
1574 1266 1634 1318 οὐ
1660 1262 1857 1335 κληρο·

278 1355 679 1424 νομήσουσι,ι)
710 1354 819 1426 ἄρα
866 1357 962 1409 οὐκ
1015 1357 1248 1430 αἰσχύνῃ
1296 1358 1375 1429 τῷ
1433 1357 1583 1430 αὐτῷ
1640 1359 1858 1429 ὀργάνῳ

278 1444 518 1515 χρῆσθαι
544 1440 805 1517 ὑπουργῷ
857 1443 1056 1510 κάκίας
1103 1449 1198 1503 καὶ
1244 1449 1635 1521 ἀγαθωσύνης;
1667 1450 1857 1515 Οὐδεὶς

278 1533 393 1587 τῶν
442 1535 865 1606 σωφρονούντων
899 1537 974 1608 τῷ
1002 1538 1152 1609 αὐτῷ
1191 1540 1408 1611 ὀργάνῳ
1457 1540 1717 1611 βόρϐορον
1743 1541 1860 1594 δια-

276 1626 538 1696 ταράξειε
590 1631 684 1681 καὶ
734 1630 927 1699 μύρον.
979 1630 1263 1703 Προσεύχῃ
1303 1649 1317 1699 ;
1354 1631 1445 1703 Μὴ
1477 1631 1703 1703 καταρῶ
1761 1633 1855 1687 τοῦ

280 1718 506 1788 ἐχθροῦ.
545 1718 694 1791 Εὖχὴ
732 1720 841 1791 γὰρ
876 1722 971 1774 καὶ
1014 1724 1227 1793 κατάρα
1259 1723 1392 1777 πολὺ
1417 1722 1477 1777 τι
1508 1723 1674 1793 μέσον
1696 1724 1854 1795 ἐχου-

281 1827 390 1863 σιν.
450 1811 509 1864 Ei
562 1814 636 1881 μὴ
691 1813 892 1881 ἀφήσει
922 1811 986 1884 if.
1009 1813 1221 1887 -σεις]
1244 1814 1322 1883 τῷ
1353 1812 1702 1887 λελυπηκότι,
1736 1816 1856 1870 οὐδὲ

1966 633 2185 679 emanat
2236 626 2450 681 dulcem
2489 634 2543 680 et
2591 641 2832 680 amaram
2885 629 3121 696 aquam?
3161 630 3414 699 Nunquid
3449 650 3547 704 poo

1960 724 2097 780 test,
2136 716 2334 773 fratres
2363 718 2489 783 mei,
2531 718 2667 775 licus
2695 735 2828 773 uvas
2863 718 3065 783 facere,
3097 730 3191 775 aut
3218 722 3345 776 vitis
3368 725 3543 779 ficus?

1968 808 2059 861 Sir:
2093 809 2275 863 nullus
2302 809 2424 866 fons
2452 811 2652 865 salsam
2687 822 2739 865 et
2769 811 2982 865 dulcem
3019 821 3196 881 potest
3227 813 3405 869 facere
3428 816 3543 887 (ὅτ)

1966 913 2163 966 aquam
2199 897 2332 969 (58).
2368 920 2384 952 ι
2440 900 2506 955 Ει
2550 900 2693 955 istud
2725 901 3026 956 Secondum
3059 904 3542 976 interrogationem

1967 991 2343 1060 accipiendum
2380 999 2500 1047 est:
2535 993 2702 1048 verba
2733 993 2877 1048 enim
2909 1002 3038 1049 sunt
3071 995 3416 1052 adhortantis
3446 1013 3544 1051 au-

1967 1084 2173 1138 ditores
2206 1124 2220 1148 ,
2280 1084 2424 1137 sicut
2465 1091 2518 1137 et
2561 1086 2706 1155 quod
2756 1086 3048 1154 sequitur:
3107 1107 3125 1140 ‹
3164 1087 3239 1142 Ex
3278 1091 3398 1158 ipso
3448 1106 3545 1145 ore

1966 1176 2216 1245 procedit
2266 1174 2580 1229 benediczio
2639 1185 2693 1231 et
2745 1177 3078 1233 maledictio.
3135 1199 3155 1232 ›
3203 1179 3339 1234 Cum
3396 1182 3541 1235 enim

1975 1263 2236 1318 omnibus
2264 1263 2403 1317 bene
2437 1264 2644 1329 dicere}
2673 1263 2929 1330 iubeatur
2988 1268 3006 1335 (
3037 1285 3055 1316 ο
3109 1265 3351 1322 Malcdici
3398 1269 3543 1323 enim

1964 1369 2192 1424 regnum
2242 1352 2333 1408 Dei
2377 1369 2482 1409 non
2515 1355 2872 1425 possidebunt
2909 1356 2954 1387 ’⁷
2991 1356 3057 1426 ›),
3117 1374 3223 1413 non
3266 1360 3546 1414 erubescis

1964 1449 2153 1501 eadem
2189 1461 2247 1500 re
2280 1445 2345 1500 ad
2371 1446 2597 1510 malum,
2639 1458 2693 1503 et
2728 1447 2792 1501 ad
2830 1429 3030 1502 bonum
3067 1451 3185 1504 uti?
3211 1449 3379 1505 Nemo
3413 1468 3545 1518 prn-

1964 1538 2100 1594 dens
2164 1538 2353 1593 eodem
2426 1538 2791 1593 instrumento
2854 1555 3070 1595 caenum
3127 1549 3182 1596 et
3240 1542 3541 1597 baISannnn

1964 1630 2306 1686 commiscet.
2353 1628 2532 1684 Oras?
2579 1629 2658 1684 Ne
2713 1631 3012 1686 maledicas
3066 1631 3330 1686 inimico:
3370 1636 3545 1689 oratio

1964 1724 2110 1780 enim
2133 1731 2189 1779 ct
2212 1721 2526 1777 maledictio
2558 1736 2756 1792 magno
2796 1722 3083 1777 intervallo
3107 1724 3175 1777 ab
3201 1725 3429 1778 invicem
3464 1727 3547 1778 tli-

1965 1824 2131 1870 stant.
2173 1813 2229 1869 Si
2271 1826 2381 1867 non
2408 1811 2692 1868 dimiseris
2724 1813 2797 1879 ei,
2835 1813 2929 1883 qui
2966 1823 3017 1869 te
3049 1814 3215 1885 339
3248 1817 3548 1871 contrista-

276 1900 619 1972 ἀφεθήσεταί
658 1918 739 1955 σοι
764 1914 779 1933 δ
810 1902 946 1956 ἀλλὰ
975 1885 1364 1976 καταρώμενος
1396 1885 1619 1961 σεαυτὸν
1678 1907 1864 1981 ἀλώσῃ

1967 1908 2063 1975 vit,
2098 1919 2274 1976 neque
2307 1903 2616 1960 dimittetur
2646 1905 2743 1959 tibi
2782 1923 2795 1957 :
2838 1906 2976 1975 ‘quin
3026 1906 3357 1963 maledicens
3390 1910 3546 1964 alteri

277 1992 470 2066 [ηνίκα
500 1992 636 2067 εὔχῃ
669 1995 940 2067 ἀφεθῆναί
970 2009 1050 2050 σοι
1081 1999 1149 2052 τά
1176 2000 1546 2070 ὀφειλήματα,
1578 1999 1764 2064 καθὼς
1795 2000 1861 2056 ἂν

278 2086 380 2139 καὶ
414 2080 585 2156 αὐτῆς
616 2087 781 2157 ἀφίης
804 2092 916 2151 τοῖς
948 2089 1177 2142 σεαυτοῦ
1208 2090 1558 2163 oecos-tate].

360 2198 377 2228 ι
408 2178 503 2241 Τίς
546 2179 707 2249 σοφὸς
743 2180 838 2234 καὶ
877 2182 1200 2251 ἐπιστήμων
1249 2184 1307 2236 ἐν
1336 2184 1467 2254 ὑμῖν
1497 2202 1512 2251 ;
1540 2184 1769 2252 δειξάτω
1797 2186 1863 2239 ἐκ

279 2268 382 2336 τῆς
419 2268 588 2338 καλῆς
642 2270 991 2342 ἀναστροφῆς
1020 2273 1088 2326 τά
1112 2273 1250 2342 ἔργα
1282 2274 1448 2329 αὕτοῦ
1496 2277 1554 2330 ἐν
1587 2277 1862 2348 πραΰτητι

281 2359 497 2427 σοφίας.
529 2358 590 2414 Εἰ
619 2361 675 2415 δὲ
710 2361 871 2433 ζῆλον
892 2366 1086 2435 πικρὸν
1116 2366 1291 2438 ἔχετε,
1315 2369 1409 2423 xei.
1432 2369 1671 2440 ὲρίθειαν
1698 2372 1756 2426 ἐν
1793 2374 1860 2442 τῇ

280 2450 485 2523 καρδίᾳ
515 2452 691 2522 ὑμῶν,
739 2454 813 2525 μὴ
854 2459 1277 2529 κατακαυχᾶσθε
1305 2458 1399 2513 καὶ
1426 2460 1690 2530 ψεύδεσθε
1717 2462 1862 2517 κατά

277 2540 385 2610 τῆς
414 2542 690 2614 ἀληθείας.
738 2545 851 2598 Οὔκ
878 2545 1023 2600 ἐστιν
1050 2548 1082 2619 ἡ
1118 2549 1279 2617 σοφία
1312 2550 1450 2621 αὕτη
1487 2552 1693 2606 ἀνωθεν
1728 2571 1862 2608 κατ-

280 2636 598 2707 ερχομένη,
656 2636 771 2691 ἀλλ’
830 2639 1105 2707 ἐπίγειος,
1167 2640 1377 2712 ψυχικὴ
1408 2683 1422 2705 ,
1471 2643 1858 2716 δαιμονιώδης.

281 2725 466 2779 Ὅπου
498 2728 605 2798 γὰρ
637 2727 796 2799 ζῆλος
825 2731 919 2784 καὶ
950 2732 1183 2801 ἐρίθεια,
1220 2734 1336 2785 ἐκεῖ
1355 2734 1738 2790 ἀκαταστασία
1767 2737 1863 2792 καὶ

283 2818 401 2870 πᾶν
424 2814 627 2888 φαῦλον
659 2818 914 2891 πρᾶγμα.
950 2841 969 2873 ι
994 2824 1254 2893 Φίλαρχοι
1306 2823 1458 2889 ὄντες
1477 2828 1526 2879 0t
1557 2826 1862 2898 ἄνθρωποι,

281 2910 382 2963 καὶ
432 2911 496 2979 τῇ
543 2909 703 2982 σοφίᾳ
749 2911 845 2965 τοῦ
880 2913 1090 2980 κόσμου
1142 2913 1334 2969 τοῦτον
1392 2917 1705 2988 αὐχοῦντες,
1740 2919 1863 2973 κατ’

284 3002 408 3074 ἔριν
455 3004 551 3057 καὶ
584 3002 909 3074 ζῆλον-τῶν
939 3008 1116 3077 ὀρθῶν
1160 3009 1496 3064 διδασκάλων
1542 3013 1861 3082 ἐκήρυττον,

284 3092 487 3160 φθόνον
540 3094 675 3165 πρὸς
711 3096 933 3161 τούτους
984 3097 1221 3169 ἔχοντες,
1271 3103 1366 3155 καὶ
1422 3103 1865 3175 παραμιγνύντες

285 3188 410 3257 τοῖς
451 3183 617 3249 θείοις
645 3187 983 3258 ἀνθρώπινα,
1015 3190 1099 3245 ἵνα
1122 3194 1188 3263 τῇ
1221 3194 1498 3263 καινότητι
1548 3191 1658 3247 τῶν
1706 3195 1932 3288 λεγο-οο

288 3277 470 3346 μένων
500 3279 837 3333 ἐπισπῶνται
892 3281 1019 3345 τοὺς
1073 3282 1367 3347 ἀκούοντας
1395 3324 1409 3347 ,
1437 3284 1558 3337 ὅθεν
1590 3284 1684 3338 καὶ
1712 3284 1863 3355 αἱρέ-

288 3383 409 3431 σεις
453 3368 696 3439 ἐξῆλθον.
749 3372 1055 3445 Πληρώσας
1094 3375 1188 3429 οὖν
1237 3376 1331 3429 τὸν
1376 3378 1504 3448 περὶ
1539 3376 1862 3448 προπετείας

284 3462 448 3528 λόγον
488 3463 581 3516 καὶ
611 3463 883 3535 ἀκρασίας
939 3466 1213 3536 γλώσσης,
1278 3468 1493 3538 μέτεισι
1535 3468 1722 3522 λοιπὸν
1769 3469 1864 3522 καὶ

287 3554 385 3606 ἐπὶ
420 3553 512 3607 τὸν
564 3552 623 3619 ἐξ
668 3554 863 3625 ὁμοίας
906 3556 1210 3627 ἐμπληξίας
1242 3559 1597 3629 ἐγγινόμενον
1647 3560 1864 3631 ἀνθρώ-

290 3664 416 3710 ποις
446 3647 663 3716 φθόνον,
694 3650 784 3702 καί
833 3667 987 3722 φησι,
1037 3650 1243 3714 ταύτας
1286 3650 1384 3714 τὰς
1418 3649 1765 3716 διδασκαλίας
1802 3654 1864 3707 οὐ

290 3738 712 3810 καθεστηκότων
755 3736 916 3804 εἶναι,
975 3741 1070 3795 ἅτε
1136 3742 1271 3812 μηδὲ
1332 3744 1397 3796 ὲκ
1447 3743 1639 3813 σοφίας
1700 3742 1868 3805 οὔσας

292 3830 470 3897 θείας,
503 3831 640 3885 ἀλλά
682 3832 1093 3903 δαιμονιὼδους.
1142 3834 1328 3888 Ταῦτα
1359 3834 1415 3887 δὲ
1446 3832 1569 3887 εἷπε
1602 3851 1867 3904 προεπαι-

290 3925 457 3988 νέσας
495 3924 587 3978 τόν
631 3926 837 3995 ἀγαθὸν
873 3926 1210 3981 διδάσκαλον.
1258 3925 1480 3995 Ἐπειδὴ
1545 3926 1600 3979 δέ
1651 3925 1714 3979 τὸ
1770 3925 1865 3980 τοῦ

291 4015 457 4086 ζήλου
483 4014 653 4087 ὄνομα
677 4019 735 4070 ἐν
759 4016 1017 4087 μεσότητι
1055 4019 1249 4088 ὁρᾶται
1288 4017 1541 4088 χρηστῶν
1572 4017 1667 4070 καὶ
1724 4017 1866 4086 φαύ-

294 4108 406 4160 λων
441 4107 714 4180 (ἔστιγὰρ
744 4107 906 4179 ζῆλος
940 4110 1154 4179 κίνησις
1178 4111 1356 4181 ψυχῆς
1390 4110 1749 4181 ἐνθουσιώδης
1778 4111 1868 4164 ἐπί

292 4219 347 4253 τι
379 4202 543 4272 [μετά
584 4218 730 4264 τινος
781 4201 1175 4273 ἁφομοιὼσεως
1220 4202 1313 4256 τοῦ
1368 4203 1503 4275 πρὸς
1529 4203 1556 4257 ὃ
1590 4204 1624 4274 ἡ
1665 4204 1867 4274 σπουδὴ

293 4292 487 4365 tam,”
523 4294 613 4348 διὰ
645 4294 799 4347 τοῦτο
844 4295 925 4359 τὸ,
969 4313 987 4346 ι
1016 4295 1233 4364 πικρὸν.
1260 4315 1277 4346 ι
1312 4297 1604 4366 ἐπήνεγκε,
1656 4295 1871 4357 δεικνὺς

293 4388 357 4440 τι
393 4388 527 4457 πρὸς
584 4387 636 4440 τί
680 4389 708 4440 ό
761 4386 943 4457 ζῆλος.
990 4386 1230 4456 Ἐρίθεια
1295 4386 1351 4440 δέ
1412 4387 1560 4440 ἐστιν
1606 4386 1868 4456 ἐπίψογος

294 4479 645 4547 φιλονεικία*
693 4478 912 4548 λέγεται
971 4479 1029 4532 δὲ
1085 4481 1179 4534 καὶ
1242 4479 1546 4535 καταλαλιὰ
1577 4482 1673 4535 σὺν
1704 4498 1871 4535 κακο-

292 4571 471 4642 λογίᾳ.

380 4866 398 4897 ι
429 4846 496 4899 'H
531 4846 589 4900 δὲ
623 4844 833 4902 ἄνωθεν
878 4843 1039 4916 σοφία
1094 4844 1312 4916 πρῶτον
1349 4845 1448 4915 μὲν
1506 4844 1643 4916 ἀγνὴ
1681 4846 1870 4912 ἐστιν,

300 4941 494 4992 ἔπειτα
547 4939 835 5010 είρηνικὴ,
874 4938 1143 5007 ἐπιεικὴς,
1180 4938 1458 5009 εὐπειθὴς,
1494 4939 1665 5009 μεστὴ
1691 4939 1875 5003 ἐλέους

302 5032 402 5083 καὶ
434 5031 664 5101 καρπῶν
696 5031 937 5099 ἀγαθῶν,
974 5032 1284 5102 ἀδιάκριτος
1339 5032 1433 5085 καὶ
1492 5031 1875 5102 ἀνυπόκριτος.

306 5120 528 5192 Καρπδς
580 5121 638 5174 δὲ
679 5121 1028 5192 δικαιοσύνης
1071 5124 1128 5175 ἐν
1179 5123 1372 5196 εἰρήνῃ
1426 5121 1707 5192 σπείρεται
1763 5123 1876 5184 τοῖς

373 5233 420 5263 ’⁷
455 5233 626 5288 lCor.
650 5248 724 5301 vt,
772 5234 855 5289 t0.
929 5234 976 5266 "
1008 5233 1197 5290 Matth.
1232 5251 1304 5300 vt,
1340 5236 1423 5289 12.

1964 2006 2017 2053 te
2036 2000 2210 2068 ipsum
2230 1998 2446 2066 perdes,
2472 2011 2594 2051 cum
2618 1996 2826 2052 scilicet
2864 2012 3009 2062 oras,
3042 2006 3099 2050 ut
3123 1998 3169 2029 ’⁸
3196 1999 3540 2054 dimittantur

1964 2092 2058 2148 tibi
2086 2091 2267 2145 debita
2295 2098 2407 2151 tua,
2434 2089 2576 2143 sicut
2599 2096 2653 2143 et
2684 2096 2741 2142 tu
2789 2086 3015 2141 dimittis
3039 2087 3380 2142 debitoribus
3411 2090 3541 2144 tuis.

2034 2184 2204 2239 Vnus.
2251 2181 2430 2238 1546.
2470 2201 2487 2233 ι
2518 2180 2654 2247 Quis
2682 2180 2900 2250 sapiens
2923 2189 2976 2235 et
2999 2179 3376 2250 diseiplinatus
3405 2181 3548 2236 inter

1964 2276 2104 2330 vos?
2134 2273 2390 2330 ostendat
2424 2288 2488 2326 ex
2527 2272 2669 2326 bona
2703 2273 3122 2325 conversatione
3168 2272 3546 2349 operationem

1965 2381 2121 2421 suam
2171 2366 2226 2417 in
2280 2361 2708 2417 mansuetudine
2756 2359 3060 2429 sapientiae.
3100 2357 3255 2425 Quod
3292 2359 3335 2415 si
3370 2360 3548 2415 zelum

1963 2471 2210 2511 amarum
2250 2455 2489 2520 habetis,
2518 2465 2571 2508 et
2607 2453 2986 2508 contentiones
3038 2452 3148 2506 sint
3192 2451 3249 2507 in
3286 2450 3546 2507 cordibus

1966 2549 2161 2604 vestris
2182 2588 2197 2612 ,
2238 2547 2405 2601 nolite
2435 2545 2685 2614 gloriari,
2718 2552 2772 2598 et
2813 2544 3102 2599 mendaces
3131 2559 3255 2600 esse
3281 2544 3560 2599 adversus

1965 2640 2277 2694 veritatem.
2331 2635 2447 2691 Non
2491 2628 2759 2691 estenim
2808 2635 3082 2704 sapientia
3126 2635 3414 2690 desursum
3450 2636 3549 2689 de-

1966 2729 2258 2792 scendens,
2307 2728 2400 2782 sed
2449 2737 2687 2790 terrena,
2747 2726 3024 2790 animalis,
3086 2725 3377 2780 diabolica.
3443 2724 3545 2780 Ubi

1964 2823 2110 2879 enim
2142 2822 2296 2875 zelus
2355 2828 2409 2874 et
2440 2820 2740 2880 contentio,
2771 2818 2844 2871 ibi
2884 2816 3252 2872 inconstantia
3287 2827 3341 2872 et
3386 2833 3547 2872 oume

1965 2930 2105 2985 Opus
2151 2926 2401 2983 pravum.
2442 2930 2461 2963 ι
2511 2909 2771 2965 Ηοιιιὶηεε
2821 2909 3120 2976 ambitiosi,
3169 2917 3224 2963 et
3267 2909 3546 2963 nnmdana

1915 3016 1924 3024 '
1966 3005 2231 3077 sapientia
2258 3005 2473 3069 tumidi,
2496 3003 2865 3059 contentionis
2889 3012 2941 3058 et
2971 3002 3093 3067 zeli,
3120 3016 3215 3057 seu
3247 3001 3553 3056 aemulatio-

1965 3102 2053 3158 nis
2085 3108 2258 3157 (nstro
2288 3098 2501 3170 perciti,
2541 3096 2804 3152 adversus
2847 3095 3022 3151 bonos
3068 3094 3325 3149 doctores
3352 3092 3551 3163 praedi-

1966 3194 2184 3255 cabant,
2228 3191 2294 3245 iis
2329 3188 2661 3252 invidentes,
2692 3192 2747 3240 et
2785 3184 2991 3240 divinis
3026 3183 3267 3238 humana
3310 3185 3549 3238 miscen-

1966 3294 2074 3346 tes,
2117 3293 2176 3339 ut
2203 3283 2472 3339 doctrina:
2517 3279 2759 3335 novitate
2804 3277 3087 3334 auditores
3122 3277 3190 3333 ad
3228 3292 3286 3333 se
3328 3278 3549 3348 pellice-

1964 3388 2087 3434 rent
2120 3393 2183 3433 ex
2215 3391 2326 3446 quo
2366 3374 2530 3430 etiam
2568 3371 2808 3427 haereses
2841 3372 3188 3441 prodierunt.
3216 3370 3351 3425 Cum
3387 3371 3554 3441 igitur

1968 3471 2035 3527 de
2063 3468 2363 3540 petulantia
2393 3474 2447 3523 et
2471 3466 2871 3522 incontinentia
2896 3464 3098 3536 lingua!
3125 3480 3434 3520 sermonem
3462 3465 3553 3520 ab‘

1968 3561 2248 3626 solvisset,
2277 3558 2477 3613 transit
2506 3557 2572 3611 ad
2603 3572 2722 3612 eam
2752 3571 2871 3627 quae
2893 3571 2957 3611 ex
2992 3555 3157 3610 simili
3187 3554 3398 3609 insania
3434 3570 3563 3625 pro_

1966 3652 2247 3724 gignitur,
2294 3647 2589 3713 invidiam;
2644 3645 2852 3714 aitque,
2907 3644 3222 3715 huiusmodi
3273 3646 3556 3703 doctrinas

1969 3757 2160 3799 eorum
2194 3755 2302 3795 non
2326 3755 2471 3805 esse,
2510 3739 2604 3808 qui
2646 3737 2846 3792 mentis
2877 3744 3159 3806 compotes
3201 3737 3333 3796 sint,
3368 3746 3559 3807 utpote

1968 3851 2090 3903 qua:
2130 3849 2236 3888 non
2283 3841 2409 3887 sunt
2454 3847 2522 3886 ex
2570 3830 2836 3899 sapientia
2870 3828 3080 3891 divina,
3126 3830 3220 3884 sed
3257 3829 3552 3885 diabolic-i.

1970 3927 2097 3982 llaec
2153 3940 2284 3981 vero
2339 3923 2492 3987 dicit,
2548 3937 2672 3977 cum
2725 3922 2959 3991 primum
3017 3921 3220 3975 bonum
3271 3920 3557 3976 doctorem

1971 4018 2427 4075 commendasset.
2486 4012 2759 4081 Quoniam
2806 4028 2934 4068 vero
2974 4013 3077 4067 zeli
3125 4028 3324 4068 nomen
3376 4014 3554 4068 ambi-

1972 4125 2136 4182 guttai
2169 4119 2272 4173 est,
2322 4116 2377 4163 et
2407 4107 2461 4161 in
2499 4108 2696 4162 bonam
2782 4106 3091 4176 malamque
3137 4116 3347 4176 partem
3382 4107 3560 4176 accipi

1974 4209 2154 4272 potest
2187 4207 2291 4267 (est
2329 4199 2474 4254 enim
2508 4197 2682 4265 zelus,
2715 4206 2895 4253 motus
2927 4198 3149 4267 quidam
3183 4198 3379 4252 animae
3406 4200 3558 4254 inca-

1972 4293 2231 4348 lescentis
2266 4306 2395 4361 erga
2458 4288 2668 4359 aliquid
2709 4304 2832 4343 cmn
2890 4288 3125 4358 quadam
3158 4290 3560 4347 assimilatione

1974 4384 2041 4438 ad
2073 4384 2125 4438 id
2157 4397 2285 4452 erga
2316 4381 2459 4452 quod
2477 4391 2555 4436 est
2582 4378 3154 4449 alfectus).propterea
3182 4379 3332 4432 addit
3367 4400 3384 4432 ι
3412 4396 3562 4435 ama-

1978 4488 2155 4538 ram,»
2189 4471 2476 4526 declarans
2523 4468 2831 4538 cuiusmodi
2871 4466 3010 4521 foret
3056 4468 3144 4520 hic
3191 4468 3360 4523 zelus.
3417 4470 3563 4524 Con-

1912 4571 1953 4628 D
1983 4563 2154 4616 lentio
2195 4569 2376 4615 autem
2435 4559 2539 4613 hoc
2595 4558 2713 4612 loco
2769 4564 2854 4612 cst
2897 4556 3255 4625 vituperabile
3307 4557 3561 4613 vincendi

1984 4654 2247 4712 Studium.
2285 4651 2495 4705 Dicitur
2538 4664 2668 4704 vero
2697 4649 2858 4703 etiam
2912 4647 3188 4703 oblocutio
3219 4663 3349 4702 cum
3391 4649 3561 4705 male-

1982 4745 2248 4801 dictione.

2055 4835 2220 4895 Vsns.
2254 4835 2339 4897 t7,
2387 4832 2471 4887 18.
2508 4850 2526 4883 ι
2562 4831 2693 4897 Quae
2719 4837 2898 4885 autem
2924 4829 3214 4886 desursum
3237 4841 3320 4886 cst
3345 4833 3565 4902 sapit-n-

1986 4933 2081 4997 tia,
2121 4934 2355 5002 primum
2405 4929 2624 4998 quidem
2673 4926 2870 4998 pudica
2933 4933 3037 4989 est,
3088 4925 3286 4981 deinde
3310 4929 3560 4997 pacifica,

1989 5027 2258 5090 modesta,
2311 5019 2620 5082 suadibilis,
2650 5019 2807 5073 bonis
2851 5015 3225 5081 consentiens,
3266 5019 3424 5086 plena
3460 5019 3566 5071 mi-

1986 5115 2283 5175 sericordia
2327 5122 2382 5169 et
2437 5110 2711 5167 fructibus
2756 5110 2935 5176 bonis,
2977 5126 3085 5165 non
3118 5110 3399 5179 iudicans,
3440 5111 3561 5166 sine

1526 5352 1824 5414 Bonifacii
1870 5349 2095 5412 Finetti
2144 5354 2333 5410 notae.

384 5503 495 5571 (55)
540 5502 614 5554 lla
666 5499 889 5555 Grmcus
937 5510 1135 5553 textus.
1189 5499 1256 5552 At
1305 5500 1558 5569 vulgatus
1610 5499 1882 5571 interpres

308 5568 796 5627 baln-t'cwterorum
820 5588 839 5636 ;
865 5570 1006 5623 unde
1036 5571 1231 5638 legisse
1259 5568 1561 5624 cretlendns
1584 5581 1684 5629 est,
1708 5568 1882 5622 ἄλλων

308 5661 407 5713 pro
428 5641 969 5713 etaltwvauisiipse
996 5641 1278 5708 scripserit
1314 5649 1562 5694 ceterum
1597 5655 1695 5708 pro
1724 5648 1850 5692 crete

307 5711 530 5775 rarum;
563 5711 706 5779 quod
746 5711 968 5776 quidam
1001 5718 1312 5763 autumant.

379 5781 492 5849 ('56)
534 5782 574 5835 G
586 5796 717 5835 ηιξεο
747 5779 1137 5848 ἀκατάσχετον,
1160 5780 1503 5833 incoercibile.

382 5848 496 5921 (2'37)
540 5849 800 5921 Vulgatus
837 5851 1109 5920 interpres
1150 5851 1346 5905 habet:
1405 5850 1491 5904 Sic
1538 5865 1698 5918 neque
1727 5848 1873 5905 salsa

1984 5496 2189 5549 dulcem
2233 5504 2402 5563 potest
2451 5492 2623 5561 facere
2671 5507 2907 5563 aquam:
2943 5489 3424 5563 adeoqueiegisse
3464 5490 3560 5543 de-

1984 5569 2094 5628 bet,
2126 5559 2297 5628 οὖτῶς
2330 5559 2459 5619 οὑδέ
2486 5563 2672 5633 eum
2700 5559 2873 5633 γλυκὺ
2916 5559 3315 5633 ποιῆσαιμΰδωρ
3346 5574 3362 5591 ο
3391 5574 3555 5627 quam

1981 5637 2270 5690 let-tionem
2307 5629 2639 5687 confirmant
2669 5629 3025 5685 vetustissimi
3051 5629 3295 5694 codices,
3322 5644 3558 5696 praeser-

1980 5710 2073 5758 tim
2112 5706 2536 5766 Alexandrinus,
2588 5712 2642 5757 et
2698 5704 2936 5770 antiqua:
2978 5702 3257 5755 vcrsioncs
3308 5699 3556 5770 Syriaca,

1975 5774 2439 5849 Etltiolvica,etc.
2604 5840 2617 5849 _
2741 5840 2768 5849 ,,
2822 5838 2850 5849 ..
2893 5837 2903 5849 .

2048 5838 2177 5912 (38t'
2200 5845 2442 5909 Scilicet,
2475 5840 2621 5902 auod
2657 5857 2707 5896 v.
2739 5840 2774 5895 9
2806 5838 3019 5895 dicitur.
