4120 6402
599 345 730 424 1171

1519 359 2098 422 TIIEOPIIYLACTI
2139 363 2546 424 BULGARUE
2578 366 2934 427 ΑΒΟΗΙΕΡ⁸

3710 369 3849 433 11⁸ἳὲ

600 474 977 532 simulatione.
1010 473 1251 531 Fructus
1296 482 1477 530 autem
1510 474 1738 544 iustitiae
1777 475 1830 529 in
1859 489 1993 546 pace
2019 474 2180 529 semi-

2287 478 2532 531 ποιοῦσιν
2558 479 2846 551 εἰρήνην.»
2884 478 3116 550 Καθαρὰ
3145 480 3238 535 καὶ
3278 476 3584 553 ἀρύπαρος,
3623 482 3858 554 μηδενὸς

603 578 769 622 natur
799 567 1133 623 facientibus
1167 581 1381 639 pacem.
1426 586 1445 619 ι
1476 567 1661 632 Casta,
1693 567 1797 623 hoc
1844 576 1929 622 est
1959 581 2091 638 pura
2123 574 2178 621 et

602 660 811 730 absque
841 660 1080 723 macula,
1115 660 1249 716 nulli
1282 661 1358 715 rei
1402 660 1608 716 carnali
1654 659 1962 715 adhaerens.
2004 677 2028 710 ‹
2056 656 2175 712 Non

596 753 873 823 judicans,
907 773 927 808 ι
970 755 1075 810 hoc
1115 764 1220 820 est,
1251 766 1361 810 non
1394 754 1718 811 discernens
1762 754 2177 810 observationes

601 842 851 898 ciborum
878 852 931 900 et
964 847 1238 899 variarum
1266 845 1551 900 lotionum.
1585 844 1858 899 Accurate
1897 855 2078 899 autem
2109 843 2178 899 de

601 934 690 991 his
711 935 933 993 disserit
966 936 1164 993 Paulus
1195 938 1248 990 in
1272 935 1514 1006 Epistola
1549 936 1613 992 ad
1632 936 2006 992 Colossenses.

1198 1026 1427 1084 CAPUT
1474 1026 1565 1084 ιν.

672 1106 840 1173 Vsus.
875 1119 926 1173 l.
964 1132 984 1171 ι
1022 1117 1177 1175 Unde
1227 1120 1369 1176 bella
1413 1131 1467 1175 et
1503 1122 1627 1178 lites
1664 1122 1719 1177 in
1760 1123 1960 1178 vobis?
1984 1122 2178 1182 Nonne

603 1198 769 1262 hinc?
818 1208 900 1262 Ex
949 1209 1325 1281 voluptatibus
1356 1211 1472 1282 (39)
1504 1212 1730 1276 vestris,
1780 1226 1902 1283 quae
1940 1213 2179 1269 militant

600 1297 657 1353 in
689 1298 953 1356 membris
990 1301 1214 1357 vestris.
1256 1320 1274 1354 ι
1309 1300 1587 1369 Ostendit,
1634 1303 1779 1372 quod
1826 1304 2039 1359 etiamsi
2078 1305 2178 1359 do-

598 1397 779 1442 ctores
827 1402 949 1445 sese
994 1404 1117 1446 esse
1174 1392 1521 1462 portendant,
1559 1395 1657 1448 toti
1700 1402 1879 1448 tamen
1930 1394 2179 1451 carnales

600 1478 732 1543 sint,
759 1488 813 1534 et
848 1481 1088 1550 pessima
1142 1491 1461 1553 operentur,
1505 1485 1877 1554 voluptatibus
1920 1501 2040 1542 sese
2069 1496 2179 1541 tra-

602 1570 836 1639 dentes;
870 1580 925 1628 et
972 1572 1063 1627 alii
1115 1575 1334 1644 quidem
1387 1591 1589 1631 mensa:
1628 1577 1963 1634 dclicatioris
2019 1578 2180 1648 (quos

601 1652 806 1719 Paulus
836 1664 1158 1735 vituperans
1196 1666 1338 1719 ait”
1377 1683 1392 1720 :
1421 1683 1440 1711 ι
1489 1666 1813 1739 llujttsmodi
1844 1669 1988 1723 enim
2016 1664 2179 1724 Chri-

603 1758 688 1808 sto
714 1753 945 1809 Domino
982 1764 1170 1810 nostro
1201 1771 1310 1810 non
1338 1758 1605 1822 serviunt,
1645 1758 1741 1815 sed
1770 1774 1872 1815 suo
1902 1759 2126 1825 ventri),
2152 1776 2169 1810 ι

2281 570 2394 624 τῶν
2420 570 2704 640 σαρκικῶν
2733 572 3092 643 ἀντεχομένη.
3130 589 3149 623 t
3187 572 3544 643 ’Δδιάκριτος,
3577 590 3596 624 ι
3627 575 3702 643 μὴ
3733 572 3858 625 δια-

2282 661 2541 730 κρίνουσα
2587 664 3003 734 παρατηρήσεις
3063 663 3372 734 βρωμάτων
3425 664 3523 717 καὶ
3575 663 3857 733 διαφόρων

2281 754 2625 826 βαπτισμῶν.
2670 756 2937 827 ’Δκριὸῶς
2971 757 3026 811 δὲ
3056 756 3187 826 περὶ
3236 756 3442 811 τούτων
3486 757 3544 811 ἐν
3595 756 3661 826 τῇ
3719 756 3860 826 πρὸς

2281 847 2621 912 Κολασσαεῖς
2666 848 2975 918 διαλέγεται
3002 845 3233 913 Παῦλος.

2901 1022 3152 1079 ΚΕΦΑΛ.
3188 1023 3262 1080 Δ’.

2356 1133 2374 1169 t
2406 1107 2577 1171 Πόθεν
2624 1116 2870 1186 πόλεμοι,
2913 1119 3008 1171 καὶ
3045 1117 3209 1172 πόθεν
3234 1118 3405 1189 μάχαι
3446 1133 3504 1172 εν
3533 1116 3705 1188 ύμῖν;
3741 1116 3857 1168 03κ

2279 1209 2549 1274 ἐντεῦθεν,
2587 1211 2651 1262 ἐκ
2680 1209 2791 1262 τῶν
2840 1209 3044 1279 ἡδονῶν
3076 1210 3249 1275 ὑμῶν,
3280 1210 3390 1263 τῶν
3411 1207 3859 1279 στρατευομένων

2279 1300 2338 1354 ἐν
2359 1301 2470 1363 τοῖς
2501 1299 2717 1370 μέλεσιν
2742 1300 2927 1368 ύμῶν;
2958 1319 2977 1350 ι
3006 1299 3311 1365 Δείκνυσιν,
3336 1300 3411 1364 ὡς
3446 1299 3550 1353 κᾶν
3581 1296 3857 1352 ὑποπλάτδ·

2279 1408 2479 1445 τωνται
2513 1390 2670 1458 λόγον
2698 1390 3097 1454 διδασκαλικὸν,
3128 1391 3277 1461 ὅμως
3309 1390 3420 1444 ὅλοι
3453 1388 3702 1461 σαρκικοί
3725 1388 3856 1450 εἰσι,

2282 1480 2398 1555 [καὶ
2444 1481 2513 1536 τὰ
2564 1481 2932 1553 χαλεπώτατα
2970 1479 3349 1553 πράττουσιν,]
3398 1479 3589 1550 ἡδονὰς
3646 1480 3860 1540 ἑαυτοῖς

2280 1573 2663 1644 ποριζόμενοι·
2715 1575 2765 1627 οἱ
2822 1571 2942 1643 μὲν,
2993 1571 3299 1644 ἁδροτέρας
3357 1571 3634 1643 τραπέζης
3671 1558 3737 1639 (δ
3767 1568 3861 1621 καὶ

2280 1664 2495 1730 Παῦλος
2546 1664 2974 1735 καταγινώσκων
3038 1664 3240 1735 φησίνο
3284 1683 3303 1716 t
3330 1665 3395 1717 Οἱ
3446 1664 3569 1734 γὰρ.
3623 1661 3860 1715 τοιοῦτοι

2280 1757 2360 1828 τῷ
2390 1758 2580 1830 Κυρίῳ
2612 1759 2672 1812 οὐ
2705 1758 3071 1821 δουλεύουσιν,
3103 1756 3239 1813 ἀλλὰ
3258 1760 3325 1829 τῇ
3346 1755 3557 1810 ἑαυτῶν
3583 1754 3855 1827 κοιλίᾳ)ἰ

602 1843 697 1898 alii
758 1859 888 1899 vero
953 1845 1323 1916 possessionis
1389 1846 1552 1918 340
1592 1862 1847 1918 agrorum
1901 1855 2030 1902 sunt
2086 1863 2180 1902 cu-

2284 1849 2332 1901 ol
2359 1848 2436 1911 δὲ,
2473 1829 2723 1918 κτήσεως
2763 1847 2952 1917 ἀγρῶν
2979 1846 3298 1918 ὀρεγόμενοι
3319 1860 3333 1875 ’
3364 1844 3564 1915 ἕτεροι,
3587 1844 3863 1916 λαμπρῶν

602 1936 751 2006 pidi;
790 1936 880 1991 alii
928 1937 1242 2007 splendidas
1288 1938 1479 1993 domos
1511 1939 1780 2005 ambiunt,
1824 1939 2001 1995 et.alii
2032 1939 2181 1996 aliud

601 2028 886 2100 quidpiam
912 2047 973 2085 ex
1008 2030 1097 2098 iis,
1127 2044 1245 2102 qum
1283 2031 1420 2101 ipsis
1446 2032 1723 2103 malignus
1749 2034 1994 2103 suggerit
2025 2036 2184 2105 spiri-

601 2132 715 2188 tus,
756 2138 974 2177 omnem
1005 2132 1266 2178 conatum
1317 2123 1606 2193 adhibens,
1650 2132 1708 2180 ut
1737 2134 1994 2182 aeternam
2031 2128 2180 2184 salu-

602 2218 709 2270 tem
746 2213 991 2284 ipsorum
1020 2213 1385 2284 depracdetur.

673 2303 843 2361 Vens.
873 2305 929 2359 2.
970 2323 989 2358 ι
1023 2306 1429 2378 Concupiscitis
1455 2312 1510 2362 et
1539 2321 1645 2362 nou
1677 2306 1889 2362 habetis
1925 2326 1939 2363 :
1976 2308 2182 2364 occidi-

600 2398 699 2465 tis,
732 2405 787 2453 et
833 2397 1060 2464 zel'atis;
1097 2406 1151 2454 et
1210 2413 1319 2455 non
1351 2400 1585 2469 potestis
1631 2398 1861 2471 adipisci
1893 2420 1907 2456 :
1938 2400 2180 2472 litigatis,

602 2498 657 2545 et
690 2489 1061 2562 belligeratis:
1103 2497 1157 2546 et
1200 2503 1308 2544 non
1352 2490 1588 2555 habetis,
1628 2498 1853 2562 propter
1892 2492 2037 2563 quod
2071 2505 2179 2549 non

605 2582 912 2652 postulatis.
943 2600 963 2634 ι
999 2582 1104 2638 Per
1155 2583 1572 2641 aﬂirmationem
1615 2596 1672 2642 et
1713 2587 2050 2658 negationem
2090 2589 2182 2646 hic

602 2674 871 2743 procedit,
901 2665 1262 2730 aﬂirmatione
1283 2676 1499 2732 sublata
1518 2685 1739 2749 propter
1758 2678 2174 2735 absurditatem.

600 2767 931 2824 Absurditas
959 2782 1090 2825 vero
1117 2768 1170 2823 iu
1202 2782 1267 2825 eo
1312 2770 1492 2839 posita
1522 2777 1628 2836 est,
1680 2771 1825 2839 quod
1879 2786 1941 2827 ea
1973 2786 2094 2842 quae.
2126 2772 2181 2827 in

601 2860 964 2916 amrmatione
1008 2861 1448 2930 considerantur,
1481 2864 1591 2918 sint
1641 2852 1998 2939 incitamcn'ita
2028 2864 2184 2919 volu-

600 2955 792 3023 ptatis.
814 2955 1272 3026 Concupiscentia
1298 2957 1441 3012 enim
1474 2957 1527 3011 in
1558 2955 1900 3027 voluptatum
1927 2971 2183 3012 consum-

602 3046 847 3102 matione
877 3046 1106 3113 desinit,
1155 3056 1210 3103 et
1260 3048 1461 3115 cades,
1495 3057 1550 3104 et
1596 3048 1767 3111 zelus,
1801 3053 1857 3103 et
1895 3062 2097 3120 pugna,
2129 3056 2183 3104 et

2281 1934 2469 1990 οἰκιῶν
2490 1952 2503 1967 ·
2538 1936 2698 2000 ἄλλος
2731 1936 2858 1992 ἄλλο
2902 1953 2955 1989 τι
2987 1937 3116 2007 περὶ
3150 1935 3186 1991 ἃ
3229 1938 3257 1989 ὁ
3280 1934 3517 2003 πονηρὸς
3544 1934 3863 2004 ὑποτίθησιν

2283 2029 2467 2092 αὐτοῖς
2507 2027 2787 2099 ἁποσυλᾷν
2825 2026 3026 2091 αὐτοὺς
3059 2024 3506 2100 [μηχανώμενος]
3534 2028 3634 2098 τῆς
3672 2042 3857 2080 σωτη-

2282 2121 2405 2192 ρίας
2437 2118 2639 2175 αὐτῶν.

2359 2325 2377 2358 ι
2416 2302 2789 2372 Ἐπιθυμεῖτε,
2839 2302 2933 2356 καὶ
2982 2300 3084 2355 οὐκ
3135 2300 3316 2372 ἔχετε·
3350 2298 3608 2370 φονεύετε
3638 2298 3732 2353 καὶ
3762 2297 3862 2369 ξη-

2280 2398 2458 2459 λοῦτε,
2487 2397 2583 2451 καὶ
2631 2395 2694 2449 οὐ
2749 2388 2979 2449 δύνασθε
3025 2394 3302 2464 ἐπιτυχεῖν
3321 2410 3336 2426 ο
3367 2391 3609 2464 μάχεσθε
3638 2391 3733 2445 καὶ
3761 2408 3863 2444 aro-'-

2279 2491 2522 2560 λεμεῖτε,
2554 2487 2649 2542 καὶ
2679 2488 2779 2541 οὐκ
2808 2486 2983 2557 ἔχετε,
3013 2484 3101 2539 διὰ
3128 2483 3190 2538 τὸ
3245 2484 3321 2556 μὴ
3358 2482 3628 2537 αἰτεῖσθαι
3661 2482 3859 2552 ὑμᾶς.»

2282 2584 2439 2641 Κατὰ
2470 2584 2620 2638 θέσιν
2645 2582 2739 2636 καὶ
2768 2580 2931 2652 ἄρσιν
2965 2578 3203 2649 πρόεισι,
3238 2578 3341 2648 τῆς
3373 2575 3575 2639 θέσεως
3602 2576 3864 2643 ἀναιρουά

2285 2675 2456 2746 μένης
2481 2673 2569 2728 διὰ
2607 2671 2668 2725 τὸ
2708 2671 2927 2725 ἄτοπον.
2964 2666 3063 2741 [Τὸ
3100 2667 3156 2721 δὲ
3189 2667 3409 2732 ἄτοπον,
3454 2664 3545 2719 διὰ
3577 2663 3637 2717 τὸ
3664 2662 3862 2732 ἡδονῆς

2284 2764 2688 2835 ὑπεκκαύματα
2722 2758 2937 2835 μέλλειν
2975 2759 3192 2814 ἔσεσθαι
3234 2759 3304 2812 τὰ
3337 2757 3429 2811 ἐπὶ
3478 2758 3546 2827 τῇ
3590 2755 3736 2809 θέσει
3773 2754 3862 2806 ἐν·
3899 2820 3911 2831 γ

2283 2853 2684 2930 θεωρούμενα.]
2723 2855 2787 2908 Ἥ
2816 2854 2928 2925 γὰρ
2953 2851 3218 2922 ἐπιθυμία
3243 2852 3301 2904 ἐν
3328 2841 3529 2921 ἡδονῶν
3559 2844 3864 2901 ἐπιτελέςει

2290 2947 2727 3019 ἀποτελευτᾷ.⁶’0
2751 2963 2812 3000 τε
2843 2945 3025 3016 φόνος,
3053 2944 3150 2998 καὶ
3178 2942 3361 3012 ζῆλος,
3388 2940 3479 2994 καὶ
3507 2940 3541 3009 ἡ
3573 2937 3744 3008 μάχη,
3769 2936 3866 2990 καὶ

2283 3047 2311 3100 ὁ
2338 3044 2596 3114 πόλεμος,
2621 3041 2722 3096 οὐκ
2756 3040 2969 3110 ἀγαθάο
2996 3037 3188 3109 διόπερ
3218 3034 3340 3091 οὐδὲ
3371 3035 3699 3105 τυγχάνουσι
3735 3031 3865 3085 τού-ι

606 3137 810 3193 bellum
845 3152 952 3193 non
1005 3146 1133 3193 sunt
1157 3138 1347 3194 bona:
1395 3146 1450 3194 et
1475 3139 1596 3194 ideo
1628 3154 1806 3209 neque
1845 3154 1908 3195 ea
1948 3155 2180 3210 quorum

2286 3151 2415 3198 των,
2451 3127 2526 3187 ὧν
2574 3132 2739 3187 ἕνεκα
2790 3129 2966 3184 ταῦτα
2997 3127 3432 3199 ἐπιτηδεύουσιν.
3477 3123 3674 3177 Ἰστέον
3698 3121 3754 3175 δὲ
3781 3121 3865 3174 ὅτι

604 3230 779 3299 gratia
816 3230 918 3285 ista
943 3237 1221 3294 exercent,
1261 3238 1651 3300 assequuntur.
1704 3228 1995 3286 Sciendum
2028 3245 2179 3299 vero,

604 3317 751 3387 quod
780 3333 888 3373 non
914 3318 984 3372 de
1009 3319 1217 3373 carnali
1245 3319 1391 3374 caede
1421 3313 1628 3375 bellove
1681 3320 1768 3375 hie
1798 3320 2092 3390 loquatur;
2128 3321 2182 3376 id

606 3410 750 3461 enim
793 3409 1059 3462 absonum
1107 3406 1248 3463 l‘oret
1281 3409 1363 3464 vel
1416 3409 1485 3465 de
1513 3411 1821 3467 latronibus
1857 3412 2181 3483 intelligere,

607 3496 806 3552 nedum
837 3496 905 3552 de
935 3497 1025 3564 iis,
1075 3497 1167 3568 qui
1215 3498 1399 3569 aliquo
1451 3508 1613 3556 tenus
1646 3501 1837 3556 saltem
1891 3500 2077 3556 ﬁdeles
2129 3512 2185 3556 ct

608 3587 675 3643 ad
706 3588 878 3644 Deum
914 3589 1166 3643 conversi
1194 3598 1343 3645 sunt.
1385 3588 1454 3644 Ut
1486 3589 1656 3659 igitur
1686 3591 1819 3645 mihi
1854 3591 2075 3662 quidem
2106 3593 2185 3647 vi-

610 3681 792 3747 detur,
826 3680 1078 3735 occidere
1125 3678 1260 3734 dicit
1314 3695 1429 3745 eos,
1486 3681 1582 3750 qui
1634 3682 1912 3753 prepriam
1945 3686 2181 3738 animam

607 3771 866 3829 occidunt
897 3773 1204 3828 temerariis
1236 3773 1301 3827 iis
1330 3774 1642 3841 conatibus,
1668 3774 1868 3844 quibus
1902 3776 2066 3831 etiam
2089 3776 2185 3832 ad-

605 3877 800 3918 versus
848 3861 1104 3933 pietatem
1153 3863 1354 3918 bellum
1408 3871 1624 3932 gerunt.
1662 3863 1881 3920 Scilicet
1925 3865 2185 3935 quemad-

607 3954 832 4009 modum
859 3960 1047 4024 postea
1082 3968 1101 4008 ι
1141 3953 1421 4011 adulteros
1453 3963 1508 4010 et
1532 3955 1810 4012 adulteras
1840 3975 1858 4008 ι
1894 3956 2182 4021 dicit,non

608 4046 702 4116 qui
737 4045 916 4117 reipsa
956 4047 1092 4100 tales
1114 4055 1277 4112 sunt,-
1307 4045 1403 4101 scd
1452 4047 1545 4116 qui
1596 4047 1650 4102 in
1701 4047 1884 4103 divina
1924 4049 2181 4103 mandata

608 4137 924 4207 spuriarum
960 4136 1280 4207 Opinionum
1333 4136 1740 4193 introductione
1792 4136 2177 4193 fornicantur:

608 4228 795 4298 (nemo
847 4227 1033 4292 enim,
1082 4228 1300 4282 tametsi
1361 4229 1554 4284 suibus
1609 4230 1957 4285 fmculentior
2005 4237 2172 4298 esset,

609 4319 923 4375 adulterum
963 4318 1101 4373 [erat
1137 4318 1439 4391 doctorem)
1483 4321 1562 4377 sic
1599 4329 1654 4376 et
1704 4322 1882 4379 caedes
1920 4330 1976 4378 et
2014 4324 2176 4389 bella,

609 4425 718 4466 mn
755 4410 1083 4480 corporalia,
1115 4410 1209 4465 sed
1242 4411 1546 4480 Spiritualia
1586 4412 1859 4482 intelligit.

2287 3228 2447 3297 φόνον
2477 3224 2733 3291 ἐνταῦθα,
2767 3223 2864 3277 καὶ
2893 3221 3152 3291 πόλεμον,
3186 3219 3248 3272 ού
3283 3217 3376 3271 τὸν
3406 3216 3672 3288 σαρκικόν
3704 3229 3864 3283 φησι.

2285 3317 2457 3372 Τοῦτο
2486 3315 2595 3387 γὰρ
2626 3314 2762 3386 βαρὺ
2804 3312 2901 3366 καὶ
2956 3311 3100 3365 κατὰ
3144 3308 3358 3380 λῃστῶν
3400 3307 3624 3369 ἐννοεῖν,
3660 3303 3734 3373 μὴ
3780 3302 3864 3355 ὅτι

2284 3425 2347 3477 γε
2373 3407 2514 3462 κατὰ
2547 3400 2780 3476 [ποσῶς]
2809 3400 3018 3454 πιστῶν
3052 3398 3173 3472 [καὶ
3204 3397 3282 3468 τῷ
3323 3396 3512 3470 Κυρίῳ
3560 3410 3865 3466 προσερχοά

2288 3494 2509 3568 μένων].
2561 3495 2698 3548 Ἀλλ’
2729 3494 2805 3557 ὠς
2871 3493 2994 3563 ἐμοὶ
3041 3491 3208 3554 δοκεῖ,
3251 3487 3496 3559 φονεύειν
3532 3488 3689 3558 φησι,
3723 3485 3853 3549 τοὺς

2283 3589 2382 3662 τὴν
2438 3588 2647 3642 ἑαυτῶν
2697 3586 2876 3657 ψυχὴν
2938 3582 3368 3646 ἀποκτιννύντας
3419 3583 3540 3644 ταῖς
3583 3579 3863 3642 τοιαύταις

2284 3680 2681 3751 ἐπιχειρήσεσι,
2723 3678 2790 3730 δι’
2819 3674 2886 3741 ἃς
2923 3675 3019 3730 καὶ
3049 3676 3078 3729 0
3123 3674 3260 3747 πρὸς
3305 3674 3404 3746 τὴν
3451 3671 3733 3726 εὐσέϐειαν
3762 3669 3861 3722 αὖ·

2282 3776 2397 3838 τοῖς
2463 3772 2720 3843 πόλεμος.
2789 3772 2898 3826 Καὶ
2955 3769 3146 3840 ὥσπερ
3187 3768 3390 3840 προῖὼν
3423 3786 3441 3821 t
3468 3766 3687 3838 μοιχοὺς
3762 3763 3861 3816 καὶ

2286 3868 2598 3941 μοιχαλίδας
2623 3886 2641 3919 ι
2674 3862 2849 3931 εἶπεν,
2889 3866 2950 3919 οὑ
2982 3865 3203 3929 παντως
3225 3863 3501 3926 τοιούτους
3531 3861 3732 3924 αὐτοὺς
3764 3858 3859 3912 δνο

2282 3974 2405 4024 τας,
2434 3960 2548 4013 ἀλλ’
2578 3959 2654 4023 ὡς
2686 3960 2765 4022 εἰς
2809 3956 2879 4011 τὰ
2912 3956 3033 4010 θεῖα
3074 3955 3472 4027 προστάγματα
3504 3949 3864 4021 ἐκπορνεύον-

2282 4068 2381 4115 τας
2418 4049 2506 4103 διὰ
2533 4049 2634 4118 τῆς
2664 4047 2775 4103 τῶν
2794 4047 2965 4101 νόθων
2998 4046 3337 4117 εἰσηγήσεως
3369 4061 3382 4074 ·
3409 4043 3508 4096 οὐκ
3543 4042 3609 4096 ἂν
3638 4039 3745 4111 γάρ
3774 4055 3863 4102 τις

2282 4143 2482 4212 πόρνου
2530 4140 2819 4210 ἀνάσχοιτο
2866 4136 3183 4192 διδασκάλου
3214 4135 3339 4209 [κᾶν
3373 4129 3628 4207 χοερωνῇ
3665 4130 3862 4202 30960-

2286 4229 2673 4304 ρωδέστερος]⁸
2707 4228 2855 4283 οὕτω
2907 4228 3003 4283 καὶ
3055 4228 3249 4298 φόνους
3305 4226 3399 4279 καὶ
3452 4224 3742 4294 πολέμους,
3795 4220 3859 4274 οὗ

2281 4327 2405 4390 τοὺς
2438 4325 2802 4395 σωματικοὺς,
2834 4321 2969 4376 ἀλλὰ
3008 4320 3131 4384 τοὺς
3149 4318 3415 4391 ψυχικοὺς
3443 4316 3611 4387 λέγει.

678 4501 846 4559 Vens.
897 4500 952 4557 '5.
985 4521 1005 4556 ι
1051 4497 1267 4565 Petitis,
1332 4510 1387 4558 et
1449 4517 1557 4558 non
1625 4503 1900 4573 accipitis;
1940 4518 2007 4558 eo
2033 4504 2178 4573 quod

2363 4525 2382 4557 ι
2409 4504 2641 4566 Αἰτεῖτε,
2662 4501 2756 4556 καὶ
2775 4502 2837 4554 οὗ
2869 4498 3200 4570 λαμϐάνετε,
3230 4497 3364 4551 διοτι
3387 4497 3574 4560 κακῶς
3594 4492 3857 4559 αἰτεῖσθε,

580 4654 586 4659 _
612 4595 754 4650 male
785 4593 1007 4665 petatis,
1033 4601 1092 4648 ut
1128 4593 1183 4648 in
1214 4593 1683 4663 concupiscentiis
1711 4596 1909 4649 vestris
1939 4595 2183 4651 insuma-

607 4684 701 4739 tis.
743 4701 762 4735 ι
791 4682 940 4737 Talis
971 4690 1091 4737 erat
1121 4680 1435 4737 Pliarlsacus
1461 4682 1514 4735 in
1549 4681 1710 4736 Lucae
1739 4681 2033 4753 Evangelio
2066 4698 2179 4737 tneo

578 4838 583 4844 ,
609 4779 851 4828 moratus
876 4789 889 4826 :
922 4772 1015 4842 qui
1043 4780 1250 4842 quanto
1277 4773 1443 4842 plura“
1461 4771 1602 4828 bona
1635 4787 1800 4842 opera
1827 4787 1858 4826 a
1891 4789 1950 4829 se
1973 4783 2186 4844 patrata

611 4863 955 4928 recensebat,
1003 4872 1153 4918 tanto
1184 4864 1358 4934 magis
1388 4864 1634 4919 divinum
1672 4864 1997 4920 obstruebat
2030 4866 2184 4921 audi-

611 4966 761 5020 tum;
800 4955 993 5023 sicque
1018 4955 1312 5011 verborum
1348 4962 1533 5013 tumor
1563 4970 1771 5011 vacuus
1809 4972 1903 5027 per
1927 4956 2070 5011 labia
2101 4957 2183 5011 di-

606 5047 833 5112 lluebat,
855 5055 909 5102 et
940 5047 991 5100 in
1017 5061 1267 5116 spumam
1289 5047 1433 5102 vellit
1463 5046 1748 5101 aestuantis
1776 5047 1943 5101 maris
1985 5045 2182 5103 ﬂuctus

607 5137 1034 5193 dissolvebatur.
1058 5134 1125 5192 At
1147 5136 1357 5207 inquiet
1377 5137 1684 5208 quispiam:
1719 5137 1778 5191 Si
1810 5138 2022 5192 Domini
2050 5136 2181 5193 Jesu

607 5228 837 5292 Christi,
867 5228 961 5295 qui
986 5227 1173 5283 fallere
1197 5244 1306 5283 non
1340 5236 1539 5298 potest,
1578 5244 1706 5284 vera
1722 5238 1808 5284 est
1828 5228 1916 5283 illa
1943 5230 2182 5299 promis-

609 5319 693 5376 sio
715 5319 761 5352 ³⁰
790 5338 803 5375 :
835 5340 852 5372 ε
874 5321 1065 5376 annis
1086 5322 1176 5390 qui
1195 5321 1329 5390 petit
1355 5322 1552 5391 accipit
1585 5340 1604 5373 ι
1633 5337 1648 5386 ;
1703 5322 1978 5391 quomodo
2033 5336 2180 5376 nunc

610 5409 891 5479 apostolus
939 5413 1041 5465 iste
1072 5411 1200 5465 talia
1237 5410 1420 5466 fatur?
1455 5411 1871 5483 Respondemus
1903 5430 1918 5467 :
1952 5411 2189 5478 Quicun-

682 5586 728 5620 ι’
762 5584 923 5645 Rom.
964 5606 1076 5655 xvi,
1104 5590 1191 5646 18.
1267 5589 1311 5622 ³ο
1330 5590 1518 5647 Matth.
1546 5609 1644 5658 vu,
1666 5592 1718 5647 5.

2287 4597 2373 4651 ἴνα
2396 4599 2453 4650 ἐν
2483 4597 2602 4658 ταῖς
2625 4594 2839 4664 ἡδοναῖς
2862 4590 3019 4662 ὑμῶν
3049 4591 3421 4660 δαπανήσητε.
3447 4607 3466 4641 ι
3517 4588 3604 4651 Ὠς
3634 4590 3663 4641 0
3680 4588 3856 4657 Φαρι-

2289 4690 2439 4751 σαῖος
2482 4689 2508 4739 0
2546 4687 2605 4738 ἐν
2649 4683 2726 4754 τῷ
2771 4682 2914 4738 κατὰ
2960 4682 3177 4736 Λουκᾶν
3206 4680 3546 4751 Εὐαγγελίῳ.
3574 4680 3724 4747 Ὀσῳ
3747 4676 3863 4746 γὰρ

2287 4778 2458 4832 πολλὰ
2486 4776 2743 4844 κατέλεγε
2759 4774 2869 4827 τῶν
2898 4772 3093 4827 ἐαυτοῦ
3128 4772 3590 4842 κατορθωμάτων,
3621 4770 3863 4839 τοσούτῳ

2287 4869 2453 4923 πλέον
2496 4865 2703 4922 ἀπέθυε
2742 4862 2842 4934 τὴν
2873 4862 3026 4917 θείαν
3060 4863 3252 4931 ἀκοὴν,
3287 4863 3380 4915 καὶ
3404 4864 3432 4915 0
3459 4860 3568 4913 τῶν
3597 4859 3864 4929 ῥημάτων

2287 4960 2450 5029 δγκος
2491 4957 2648 5021 κενὸς
2686 4957 2814 5027 περὶ
2845 4955 2913 5009 τὰ
2933 4956 3084 5027 χειλη
3113 4949 3204 5027 ἦν,
3243 4953 3341 5008 καὶ
3380 4955 3459 5018 εἰς
3493 4953 3668 5024 ἀφρὸν
3698 4950 3868 5024 [κατ-

2288 5051 2462 5124 ἑρῥει,
2516 5049 2610 5102 καὶ
2657 5048 2899 5101 διελύετο
2952 5047 3205 5119 καθάπερ
3242 5046 3618 5117 παφλάζοντος
3678 5042 3869 5113 κύμαο

2288 5139 2425 5212 τος].
2473 5139 2613 5193 Ἀλλ’
2645 5139 2763 5207 ἐρεῖ
2798 5153 2881 5199 τις
2901 5152 2915 5165 ·
2945 5130 3009 5189 El
3042 5136 3138 5189 τοῦ
3169 5134 3376 5206 Κυρίου
3422 5133 3595 5205 Ἰησοῦ
3625 5136 3869 5199 ἐπαγγες

2288 5232 2378 5284 λια
2420 5229 2623 5300 ἀληθὴς
2654 5228 2750 5281 τοῦ
2780 5227 3047 5298 ἀψευδοῦς
3092 5227 3437 5290 διδασκάλου,
3484 5227 3567 5290 τὸ,
3624 5244 3643 5277 t
3669 5225 3783 5286 Πᾶς
3833 5225 3872 5277 ὁ

2288 5323 2457 5377 αἰτῶν
2501 5320 2769 5392 λάμϐανει
2793 5360 2807 5382 ,
2842 5339 2861 5370 ι
2899 5319 3015 5383 πῶς
3061 5320 3156 5375 νῦν
3199 5320 3375 5374 ταῦτά
3413 5335 3575 5389 φησιν
3609 5319 3638 5371 0
3668 5314 3871 5383 παρὼν

2298 5414 2663 5481 Ἀπόστολος;
2705 5410 2866 5466 Ἀλλά
2917 5428 3116 5483 φαμεν,
3171 5411 3246 5476 ὡς
3273 5413 3301 5467 0
3327 5409 3431 5483 ὀδῷ
3466 5411 3534 5482 τῇ
3581 5407 3871 5478 ἀκολούθῳ

1835 5685 2141 5751 Bonifacii
2184 5685 2407 5751 Fiuetti
2440 5693 2629 5752 noue.

681 5771 798 5849 (39)
835 5776 1063 5851 Vulgata
1099 5781 1277 5852 habet,
1306 5797 1371 5838 ea:
1396 5782 1845 5854 concupiscentiis.
