4120 6416
726 304 757 319 ά

378 359 516 429 11⁸13

1232 362 1638 428 EXPOSlTlO
1677 366 1760 430 IN
1800 368 2036 436 EPIST.
2078 372 2137 430 S.
2169 370 2449 434 JACOB'.
2482 400 2548 410 --
2582 376 2740 436 CAP.
2764 369 2859 437 ιν.

3507 372 3641 436 Ιίῖέ

379 474 576 545 χωρῶν
604 473 696 528 ἐπὶ
725 473 786 527 τὸ
816 474 1007 537 αἰτεῖν,
1046 474 1161 546 ἔχει
1193 476 1288 530 καὶ
1317 477 1418 546 τὴν
1446 477 1786 549 ἐπαγγελίαν
1816 480 1950 536 ἀκε-

2065 498 2169 553 que
2200 496 2349 542 recta
2374 488 2459 542 via
2489 488 2554 542 ad
2594 488 2886 558 petendum
2923 489 3160 555 accedir,
3194 503 3444 546 securam
3476 490 3643 545 habet

382 566 567 636 ραίαν,
605 566 834 637 μηδενὸς
863 567 1112 637 ἀστοχῶν
1161 569 1271 623 τῶν
1311 571 1669 640 αἰτουμένων.
1702 573 1762 627 Εἰ
1793 573 1851 628 δέ
1873 591 1958 638 τις

376 657 484 725 ἔξω
513 659 768 730 χωρήσας
816 659 911 714 τοῦ
959 661 1163 716 σκοποῦ
1212 663 1315 733 τῆς
1368 663 1765 735 παραδοθείσης
1801 666 1960 738 αἰτή-

381 768 520 816 σεως
565 752 706 821 δόξει
740 756 932 822 αἰτεῖν,
974 757 1097 826 οὐχὶ
1149 758 1316 812 αἰτῶν
1342 757 1402 812 δν
1431 759 1516 813 δεῖ
1542 760 1768 831 τρόπον,
1804 757 1960 827 οὗτος

377 841 503 895 οὐδὲ
525 845 671 898 αἰτεῖ
691 859 704 873 ·
743 845 824 899 διὸ
875 849 971 902 καὶ
1000 846 1122 902 οὐδὲ
1151 848 1405 920 λήψεται.
1450 847 1538 915 Ὠς
1563 852 1675 923 γὰρ
1701 850 1959 908 διδασκά-

374 932 494 996 λου.
530 938 684 1009 φέρε,
716 942 1107 1012 γραμματικοῦ
1161 944 1641 1014 ἐπαγγελλομένου
1671 946 1848 1001 πάντα
1868 947 1960 1001 τὸν

377 1030 672 1098 προσιόντα
697 1032 846 1103 αὐτῷ
883 1034 1095 1102 διδάξαι
1122 1037 1223 1108 τὴν
1254 1037 1365 1091 τῶν
1408 1039 1813 1110 γραμματικῶν
1840 1042 1963 1094 ἐπι·-

380 1122 619 1190 στήμην.
651 1124 814 1188 αὐτὸς
848 1125 904 1179 δὲ
937 1127 1188 1197 ἐκμελῶς
1236 1129 1535 1202 προσέλθῃ,
1591 1131 1684 1186 καὶ
1721 1132 1796 1203 μὴ
1830 1149 1959 1186 συνο

376 1210 554 1269 τείνας
583 1214 773 1267 ἑαυτὸν
793 1216 822 1269 δ
853 1217 1137 1290 μαθητιῶν
1168 1222 1304 1293 πρὸς
1326 1223 1425 1294 τὴν
1454 1224 1565 1277 τῶν
1614 1224 1960 1296 ἐπηγγελμέο

373 1317 483 1392 νων
510 1304 803 1378 ἀνάληψιν,
845 1307 965 1365 εἶτα
993 1314 1180 1382 ὅμοιος
1207 1315 1545 1389 ἀποφανθείη
1575 1321 1642 1389 τῇ
1673 1318 1956 1392 ἑκμελεὲᾳ,

377 1391 491 1465 ἆρά
525 1413 589 1464 γε
634 1399 861 1465 δικαίως
881 1402 947 1458 ἄν
979 1421 1061 1468 τις
1090 1405 1323 1474 ψεύδους
1351 1409 1516 1463 αὑτὸν
1549 1410 1829 1480 γράψεται
1868 1391 1958 1464 τδν

379 1487 735 1558 διδασκαλονς
766 1493 841 1547 Οὐ
875 1493 1092 1566 σῶφρον
1117 1491 1275 1562 οὗτος
1322 1501 1515 1555 ποιῶν.
1548 1502 1625 1556 Οὐ
1654 1503 1763 1574 γάρ
1787 1519 1957 1574 προσ-

374 1580 539 1650 ῆλθεν
568 1585 595 1636 ὁ
626 1585 838 1655 μέλλων
904 1590 1197 1659 μανθάνειν
1232 1593 1310 1657 ώς
1391 1595 1420 1649 ό
1449 1595 1770 1660 διδάσκαλος
1826 1614 1958 1668 προ-

377 1674 668 1745 ετρέψατο.
706 1680 819 1734 Καὶ
876 1682 994 1746 πῶς
1019 1684 1096 1748 δὲ,
1128 1685 1160 1756 ἢ
1193 1686 1246 1739 τί
1271 1688 1439 1758 ἐχρῆν
1465 1687 1672 1756 αἰτεῐνς
1712 1689 1857 1743 εἴποι
1876 1707 1960 1754 τις

2064 579 2515 648 promissionem,
2561 590 2614 636 et
2644 582 2795 637 nullo
2834 598 3049 646 eorum,
3080 599 3203 652 quae
3239 583 3392 652 petit,
3426 583 3646 637 fraudaa

2062 679 2173 726 tur.
2198 669 2268 725 At
2294 672 2339 728 si
2364 688 2395 726 ιι
2429 686 2597 743 scopo
2632 688 2911 730 concessae
2960 673 3241 745 petitionis
3272 674 3510 738 aberret,
3537 672 3643 729 etsi

2062 762 2309 817 videatur
2339 771 2542 832 petere,
2577 781 2701 821 cum
2754 772 2938 821 tamen
2988 781 3054 821 eo
3093 766 3277 830 modo,
3313 781 3425 835 quo
3458 764 3640 831 debet,

2062 871 2167 910 non
2201 866 2371 926 petat,
2405 872 2595 913 revera
2634 874 2743 913 non
2781 859 2949 928 petit,
3004 857 3255 926 adeoque
3290 872 3392 912 nec
3418 855 3642 927 accipit.

2061 946 2534 1014 Quemadmodum
2570 951 2616 1005 si
2653 949 2850 1006 doctor
2878 950 3102 1020 aliquis,
3136 958 3291 1020 puta,
3318 947 3641 1020 grammati-

2061 1054 2182 1102 cus,
2232 1040 2518 1108 promittat
2556 1056 2616 1095 se
2646 1056 2890 1106 omnem,
2922 1041 3019 1111 qui
3052 1041 3231 1110 ipsius
3259 1039 3513 1096 scholam
3541 1038 3646 1094 l're-

2060 1134 2424 1202 quentaverit,
2451 1132 2743 1188 doctorum
2779 1133 3225 1203 grammaticam;
3263 1131 3310 1189 is
3340 1140 3522 1186 autem
3547 1130 3648 1202 qui

2060 1224 2276 1280 discere
2304 1225 2474 1295 cupit,
2509 1225 2752 1297 segniter
2782 1226 2850 1282 ad
2886 1227 3065 1296 ipsum
3105 1225 3352 1288 accedat,
3386 1222 3644 1277 minime-

2059 1332 2171 1388 que
2214 1333 2277 1374 se
2327 1326 2514 1389 aptum
2553 1319 2619 1374 ad
2662 1321 2717 1376 id
2748 1320 2893 1390 quod
2936 1321 3029 1375 ille
3082 1318 3356 1390 promisit,
3407 1314 3641 1374 reddat:

2061 1426 2204 1467 anne
2234 1413 2361 1482 quis
2402 1414 2668 1467 mendacii
2721 1412 3004 1468 doctorem
3056 1411 3234 1481 ipsum
3288 1410 3437 1479 juste
3486 1423 3645 1462 coztr-
3740 1426 3745 1432 ·

2060 1502 2426 1574 gnatiNemo
2456 1506 2548 1574 qui
2585 1505 2753 1575 sapit,
2797 1505 2904 1560 hoc
2938 1503 3153 1559 fecerit.
3179 1500 3639 1570 Quandoquidem

2062 1596 2178 1661 ille,
2203 1599 2295 1668 qui
2327 1597 2611 1652 docendus
2653 1606 2794 1664 erat,
2830 1613 2940 1671 non
2971 1611 3039 1651 eo
3064 1596 3231 1649 modo
3261 1592 3328 1649 ad
3360 1594 3639 1648 doctorem

2064 1691 2318 1752 accessit,
2346 1690 2488 1744 sicut
2522 1690 2570 1747 is
2621 1690 2878 1745 hortatus
2914 1686 3075 1760 351
3112 1686 3315 1741 fuerat.
3372 1682 3476 1737 Sed
3503 1697 3644 1752 quo-

378 1765 466 1822 ἄν.
498 1768 671 1822 Αὑτοῦ
700 1771 796 1825 τοῦ
824 1773 923 1844 τὴν
944 1776 1283 1845 ἐπαγγελίαν
1310 1782 1685 1850 ποιησαμένου
1720 1781 1965 1837 ἐπάκου-

2066 1783 2227 1838 modo
2281 1783 2469 1854 igitur,
2495 1791 2551 1838 et
2584 1781 2717 1853 quid
2755 1790 2937 1852 petere
2970 1779 3235 1851 Oportet?
3270 1784 3497 1847 reponet
3538 1774 3644 1832 ali.

380 1876 507 1913 σονο
553 1881 572 1914 ι
601 1864 811 1919 Αἰτεῖτε
861 1866 962 1937 τὴν
1017 1868 1299 1939 βασιλείαν
1350 1872 1446 1927 τοῦ
1513 1874 1650 1928 Θεοῦ
1715 1876 1810 1929 καὶ
1856 1879 1956 1948 τὴν

374 1947 730 2025 δικαιοσύνην
782 1955 969 2012 αὐτοῦ.
1001 1977 1021 2010 ι
1057 1960 1229 2030 Δῆλον
1274 1960 1371 2016 οὖν
1404 1962 1480 2027 ὡς
1508 1964 1537 2017 ὅ
1577 1980 1640 2033 γε
1668 1964 1838 2029 οὕτως
1868 1947 1957 2021 ai-

377 2042 509 2110 τῶν,
546 2046 642 2099 καὶ
679 2051 1110 2120 προηγουμένως
1165 2054 1298 2125 περὶ
1357 2056 1639 2123 τοιούτων,
1691 2058 1814 2113 οὐδὲ
1848 2059 1957 2113 τῶν

375 2135 553 2191 ἄλλων
605 2139 897 2211 ἀστοχήσει
922 2158 936 2174 ·
965 2136 1040 2198 ὧν
1059 2145 1089 2198 δ
1116 2146 1410 2217 λαμϐάνων
1438 2150 1538 2203 οὐκ
1572 2150 1678 2217 ἔξω
1708 2153 1955 2205 πεσεῖται

376 2231 478 2301 ’τῆς
525 2235 718 2288 ἑαυτοῦ
752 2226 1052 2310 σωτηρίας.
1095 2240 1154 2294 Ὀ
1184 2240 1240 2294 δὲ
1272 2241 1585 2307 ἐπιϐλαδῶς
1629 2244 1723 2298 καὶ
1763 2244 1958 2315 ἐπιζη-

378 2325 518 2395 μίως
565 2328 756 2396 αἰτῶν,
806 2330 905 2402 οὐχ
951 2330 1066 2397 ἕξει
1121 2333 1432 2404 παρέχοντα
1487 2334 1699 2400 τοῦτον,
1732 2338 1863 2407 παρ’
1892 2329 1954 2390 οὗ

381 2436 401 2470 ι
427 2420 585 2473 πᾶσα
627 2421 775 2486 δόσις
832 2425 1035 2496 ἀγαθή.
1066 2444 1086 2477 ι
1135 2425 1298 2479 Ἀλλὰ
1351 2426 1447 2480 καὶ⁵
1494 2427 1699 2495 γνῶσιν
1752 2423 1958 2501 [θείαν]

375 2510 564 2575 αἰτῶν,
609 2514 701 2566 καὶ
754 2513 829 2584 μὴ
879 2515 1199 2587 λαμϐάνων,
1229 2517 1264 2588 ἡ
1309 2535 1361 2571 τι
1395 2519 1770 2586 πνευματικὸν
1802 2520 1959 2591 χάρι-

374 2617 490 2669 σμα
522 2603 612 2657 διὰ
657 2604 971 2677 φιληδονίαν
998 2608 1188 2673 αἰτῶν,
1219 2611 1281 2662 οὐ
1324 2609 1580 2680 λήψεται.
1618 2611 1816 2673 Κακῶς
1848 2612 1959 2683 γὰρ

375 2693 520 2746 αἰτεῖ
571 2692 691 2765 [καὶ
738 2697 912 2750 κακὸν
949 2697 1038 2751 ἐπ’
1078 2698 1329 2771 ἀπωλείᾳ
1396 2695 1620 2769 ἑαυτοῦ]
1643 2714 1654 2727 ·
1688 2700 1783 2752 καὶ
1824 2699 1960 2765 Θεὸς

374 2783 562 2838 κακῶν
589 2787 831 2858 πάροχος
855 2788 955 2842 οὐκ
985 2788 1157 2848 ἐστιν.

453 2985 471 3018 ι
507 2967 701 3037 Μοιχοὶ
731 2967 826 3022 καὶ
857 2968 1187 3041 μοιχαλίδες,
1228 2971 1329 3026 οὐκ
1373 2969 1553 3028 οἴδατε
1601 2974 1684 3027 ὅτι
1727 2975 1761 3044 ἡ
1806 2973 1959 3039 φιλία

374 3056 472 3109 τοῦ
547 3059 752 3127 κόσμου
809 3059 983 3131 ἔχθρα
1038 3062 1134 3115 τοῦ
1169 3062 1306 3116 Θεοῦ
1340 3066 1536 3130 ὲστινς
1597 3067 1693 3128 Ὃς
1747 3064 1814 3118 ἂν
1862 3064 1958 3120 οῦν

370 3146 610 3247 ,βουληθῇ
664 3150 820 3219 φίλος
861 3149 1018 3247 ⁸εἶναι
1048 3151 1144 3207 τοῦ
1176 3154 1406 3224 κόσμου,
1443 3155 1637 3227 ἐχθρὸς
1680 3156 1775 3209 τοῦ
1816 3156 1954 3210 Θεοῦ
1984 3188 2026 3247 c

375 3240 725 3295 καθίσταται.
763 3260 784 3294 ι
861 3241 1080 3314 Ἐπειδὴ
1144 3245 1406 3316 ἀνωτέρω
1460 3247 1656 3317 μικρὸν
1705 3247 1953 3317 διήλεγξέ

375 3347 524 3393 τινας
545 3330 935 3400 ψευδοσόφους,
964 3332 1064 3402 τὴν
1100 3332 1251 3387 θείαν
1275 3334 1783 3403 καταπορνεύονιας
1813 3338 1956 3408 Γρα-

376 3421 505 3491 φὴν,
561 3424 657 3475 καὶ
711 3424 1115 3494 ὲνδιαστρόφως
1162 3426 1301 3496 αὐτῇ
1335 3427 1655 3497 χρωμένους
1704 3430 1841 3499 πρὸς
1896 3429 1959 3482 τὸ

370 3510 584 3566 ἑαυτῶν
609 3513 858 3586 βούλημα
921 3514 1031 3588 [ἶνα
1059 3515 1256 3587 ἔχωσιν
1284 3518 1348 3571 ὲκ
1383 3516 1576 3572 τούτου
1619 3519 1831 3588 ἐφόδιον
1860 3520 1960 3590 τῆς

376 3607 586 3660 ἑαυτῶν
615 3606 868 3678 ὲνηδόνου
899 3608 1093 3682 ζωῆς],
1124 3610 1285 3664 τοῦτο
1311 3608 1368 3666 δὲ
1387 3613 1488 3667 οὐκ
1513 3613 1642 3667 ἄλλο
1665 3614 1720 3667 τί
1755 3615 1873 3666 ὲστι
1899 3613 1960 3667 τὸ

377 3701 568 3768 κακὸν,
611 3701 644 3771 ἢ
688 3702 1006 3766 ἀλαζονείας
1046 3696 1189 3766 εἶδος
1216 3721 1232 3737 ο
1261 3703 1351 3758 διὰ
1378 3705 1537 3759 τοῦτο
1572 3705 1670 3759 νῦν
1699 3705 1962 3775 ἐμϐριθε-

379 3794 588 3865 στέρως
670 3796 885 3866 πρόεισι
946 3793 1064 3867 [καὶ
1125 3795 1553 3867 ἀλλοτριώτερον
1607 3798 1710 3867 τῆς
1764 3798 1959 3852 ἑαυτοῦ

380 3887 694 3958 πραΰτητος
719 3886 985 3957 κέχρηται
1024 3889 1136 3951 τοῖς
1164 3889 1543 3952 ὀνειδιστικοῖς
1575 3888 1801 3962 λόγοι;],
1842 3907 1963 3959 μοι·

376 3979 509 4049 χοῦς
542 3979 639 4031 καὶ
672 3977 993 4049 μοιχαλίδας
1019 3979 1313 4032 ἀποκαλῶν
1334 3982 1459 4044 τοὺς
1482 3979 1758 4043 τοιούτους
1788 3979 1962 4034 τοιού-

375 4086 492 4134 τοις
540 4071 729 4140 σχεδὸν
774 4071 1119 4141 κεχρημένος
1169 4071 1417 4141 ἐλέγχοις
1447 4089 1460 4102 ο
1515 4072 1653 4125 Εἰπέ
1702 4089 1814 4142 μοι,
1861 4073 1965 4142 μά·

379 4177 522 4224 ταιε,
550 4161 714 4230 σοφὸν
745 4163 975 4217 σεαυτὸν
1003 4162 1329 4230 ἀποφαίνειν
1376 4161 1558 4233 βούλει
1584 4178 1601 4230 ;
1649 4164 1759 4217 Καὶ
1798 4162 1965 4217 πόθεν

381 4255 511 4322 ὑμῖν
535 4254 597 4308 τὸ
623 4256 741 4325 μετ’
774 4254 952 4326 ἔριδος
982 4255 1078 4309 καὶ
1121 4256 1404 4327 διηνεκοῦς
1437 4256 1678 4327 πολέμου
1711 4257 1831 4327 ζῇν,
1868 4259 1965 4310 καὶ

379 4347 442 4399 τὸ
473 4347 561 4400 ἀεὶ
592 4347 1039 4418 προσπεφυκέναι
1077 4349 1191 4410 τοῖς
1218 4346 1477 4418 παροῦσι,
1511 4348 1606 4401 καὶ
1642 4348 1703 4402 τὸ
1735 4348 1833 4419 ἡδὺ
1870 4347 1965 4402 τοῦ

382 4438 652 4509 παρόντος
709 4439 827 4509 βίου
884 4440 1100 4494 διώκειν
1155 4438 1645 4512 [ἀμεταστρεπτί];
1696 4441 1810 4494 Οὐκ
1850 4439 1965 4495 ἔστι

2062 1874 2210 1944 quis.
2250 1873 2389 1927 Audi
2417 1873 2594 1942 ipsum
2624 1871 2719 1943 qui
2743 1870 3167 1943 proutissionem
3191 1868 3317 1923 fecit
3338 1867 3391 1922 id
3414 1866 3652 1921 edocen-

2065 1974 2275 2021 rentem
2297 1964 2375 2019 "z
2405 1982 2424 2017 ι
2464 1963 2705 2031 Quaerite
2728 1976 2955 2034 regnum
2985 1960 3075 2017 Dei
3098 1969 3155 2015 et
3174 1952 3639 2030 jhstitiamejus.»
3708 2004 3719 2012 .

2063 2055 2413 2112 Manifestum
2451 2070 2582 2111 vero
2610 2065 2718 2121 est,
2744 2069 2893 2118 eum,
2925 2053 3021 2123 qui
3051 2052 3151 2116 ita,
3201 2059 3254 2106 et
3292 2050 3407 2104 htec
3431 2046 3645 2118 princi-

2064 2147 2261 2218 paliter
2302 2145 2536 2217 petierit,
2560 2146 2683 2201 aliis
2711 2145 2876 2201 etiam
2912 2144 3075 2199 rebus
3117 2139 3483 2196 [laudandum
3516 2152 3627 2191 non

2065 2240 2201 2308 fore,
2231 2241 2281 2298 si
2313 2248 2497 2296 tamen
2538 2238 2808 2310 ejusmodi
2834 2237 2967 2302 sint,
2997 2248 3121 2307 qua:
3149 2242 3369 2288 aeterna;
3395 2230 3520 2300 ejus
3553 2244 3644 2283 sa~

2065 2333 2167 2388 luti
2205 2348 2313 2389 non
2348 2332 2609 2389 olliciant.
2643 2330 2748 2397 Qui
2795 2343 2927 2385 vero
2976 2327 3140 2383 noxia
3169 2325 3272 2381 sibi
3310 2322 3472 2395 petit,
3496 2319 3645 2376 haud

2066 2425 2313 2495 profecto
2350 2424 2595 2480 datorem
2642 2421 2873 2478 habebit
2920 2434 3071 2484 eum,
3114 2417 3275 2488 cujus
3309 2434 3327 2468 ι
3361 2428 3523 2471 onme
3546 2413 3644 2468 da.

2066 2527 2179 2573 tum
2207 2518 2476 2588 optimum
2496 2517 2562 2571 ³³.
2586 2535 2604 2568 ι
2628 2516 2826 2571 Verum
2848 2511 3063 2567 etiamsi
3090 2508 3363 2580 quispiam
3396 2506 3478 2563 vel
3510 2505 3646 2561 divi-

2066 2623 2192 2662 nam
2224 2607 2620 2679 cognitionem,
2649 2605 2734 2660 vel
2770 2602 2920 2659 aliud
2948 2600 3182 2673 quodvis
3213 2598 3508 2670 spirituale
3537 2597 3641 2652 do-

2064 2715 2221 2765 num,
2254 2698 2549 2769 voluptatis
2568 2696 2771 2752 exinde
2799 2692 3088 2767 gliscentis
3120 2706 3312 2746 amore
3335 2697 3506 2759 petat,
3530 2702 3643 2741 non

2064 2791 2342 2862 accipiet:
2395 2789 2535 2844 male
2579 2788 2725 2843 enim
2774 2786 2934 2858 petit,
2973 2784 3120 2855 quod
3155 2785 3211 2837 in
3262 2782 3346 2837 sui
3384 2779 3646 2849 perditio»

2062 2898 2190 2940 nem
2221 2882 2446 2938 caderet
2482 2898 2498 2936 :
2545 2880 2691 2936 Deus
2727 2888 2909 2935 autem
2943 2877 3072 2932 mali
3103 2877 3263 2931 dator
3293 2889 3400 2929 non
3429 2880 3535 2928 est.

2135 2976 2301 3032 Vens.
2322 2978 2376 3032 4.
2401 2992 2420 3026 ι
2451 2973 2696 3030 Adulteri
2715 2981 2771 3030 et
2789 2970 3071 3036 adulterae,
3104 2967 3326 3022 nescitis
3358 2963 3484 3035 quia
3507 2962 3647 3017 ami-

2066 3069 2196 3125 citia
2226 3068 2394 3138 hujus
2415 3065 2606 3122 mundi
2639 3065 2865 3120 inimica
2891 3070 2975 3118 est
3009 3061 3103 3116 Dei
3132 3058 3500 3126 iQuicunque
3517 3069 3649 3125 ergo

2066 3161 2303 3216 voluerit
2337 3157 2549 3214 amicus
2607 3170 2730 3213 esse
2782 3153 2949 3223 hujus
2997 3150 3203 3211 steculi,
3249 3148 3503 3203 inimicus
3553 3143 3649 3199 Dei

2060 3252 2439 3309 constituitur.
2477 3268 2496 3301 ι
2517 3248 2791 3315 Quoniam
2823 3243 3084 3317 superius
3109 3239 3351 3297 breviter
3373 3236 3650 3308 perstrin-

2058 3355 2213 3401 xerat
2245 3344 2411 3399 l‘alsos
2441 3336 2710 3412 quosdam
2731 3333 3029 3407 sapientes,
3050 3332 3291 3389 divinam
3326 3328 3647 3384 adulteran-

2060 3446 2143 3492 tes
2174 3434 2539 3505 Scripturam,
2567 3445 2743 3501 eaque
2775 3442 3034 3499 perverse
3057 3425 3122 3479 ad
3150 3422 3425 3494 propriam
3447 3421 3645 3473 volun-

2061 3539 2228 3584 tatem
2297 3528 2612 3591 abutentes,
2653 3530 2715 3578 ut
2764 3522 2962 3576 exinde
3030 3517 3193 3573 vitam
3264 3512 3653 3583 voluptuosius

2062 3620 2370 3690 transigere
2397 3623 2648 3688 possent,
2683 3614 2789 3670 hoc
2817 3618 2999 3666 autem
3037 3623 3142 3663 non
3168 3606 3318 3660 aliud
3346 3614 3454 3667 est,
3479 3617 3643 3672 quam

2062 3709 2337 3780 quoddam
2378 3706 2650 3776 superbi:e
2686 3718 2899 3774 genus;
2954 3700 3158 3754 idcirco
3192 3709 3340 3751 nunc
3396 3693 3655 3765 asperius

2063 3804 2342 3871 aliquanto
2375 3796 2621 3870 procedit
2646 3837 2662 3863 ,
2684 3804 2739 3871 et
2769 3800 3049 3850 consuetae
3075 3788 3319 3845 lenitatis
3345 3803 3459 3843 suae
3490 3795 3648 3840 trant-

2062 3894 2254 3948 siliens
2276 3891 2567 3956 terminos,
2598 3868 3019 3943 contumeliosis
3051 3884 3212 3938 etiam
3249 3881 3424 3934 utitur
3444 3877 3646 3944 verbis,

2067 4006 2087 4038 ι
2129 3985 2408 4059 adulteros
2446 3990 2501 4038 et
2544 3981 2822 4037 adulteras
2850 3998 2869 4032 ι
2910 3977 3050 4032 tales
3109 3989 3331 4038 vocans,
3353 3980 3411 4027 et
3456 3970 3649 4041 hujus-

2065 4078 2211 4133 modi
2239 4058 2411 4131 ferme
2449 4073 2505 4128 in
2540 4087 2639 4129 eos
2673 4072 2858 4127 vibrat
2890 4068 3377 4139 reprehensionem
3411 4086 3425 4122 :
3471 4065 3649 4120 Dicito

2065 4169 2222 4235 mihi,
2268 4168 2518 4231 demens,
2543 4180 2686 4221 anne
2708 4164 3014 4234 sapientem
3063 4172 3115 4217 te
3142 4159 3437 4217 ostendere
3466 4158 3669 4228 cupis?"

2068 4262 2175 4318 Sed
2203 4260 2347 4316 unde
2398 4269 2485 4316 est
2515 4274 2670 4329 ergo,
2707 4257 2858 4328 quod
2883 4257 2938 4311 in
2966 4253 3320 4310 contentione
3352 4257 3650 4322 perpetuo-

2067 4371 2175 4427 que
2202 4355 2347 4412 bello
2374 4354 2542 4410 vitam
2577 4352 2771 4417 ducas,
2791 4357 3116 4420 semperque
3150 4347 3316 4401 rebus
3366 4342 3654 4413 praesenti-

2070 4451 2176 4505 bus
2209 4449 2517 4514 adhaerens,
2550 4445 2931 4518 acpraasentis
2982 4442 3107 4497 vita:
3157 4440 3385 4495 delicias
3443 4438 3654 4507 absque

381 4531 542 4585 τοῦτο
580 4531 785 4602 σοφῶν,
832 4532 971 4586 ἀλλὰ
1010 4532 1245 4603 χυδαίων
1276 4532 1509 4604 ἀνδρῶν,
1556 4535 1652 4587 καὶ
1689 4532 1826 4604 πρὸς
1863 4532 1960 4604 τὴν

2073 4543 2180 4596 ulla
2205 4540 2621 4597 intermissione
2651 4535 2925 4594 secteris?
2947 4534 3067 4589 Non
3096 4539 3183 4587 est
3213 4545 3301 4586 res
3333 4526 3650 4598 hujusmodi

382 4624 568 4690 φιλίαν
599 4624 694 4678 τοῦ
744 4624 955 4695 κόσμου
999 4625 1409 4680 ἀποκλινάντων
1431 4643 1445 4657 ·
1506 4624 1536 4678 δ
1590 4626 1687 4678 καὶ
1747 4625 1970 4697 μοιχοὺς

381 4714 531 4785 ὑμᾶς
580 4713 857 4769 δείκνυσιν
933 4714 1053 4788 [τοῦ
1102 4717 1451 4782 ὲναποθὲτου,
1507 4716 1604 4771 καλ⁸
1652 4714 1822 4781 θείου,
1874 4717 1971 4770 καὶ

386 4808 666 4879 σώφρονος
708 4810 962 4875 κάλλους,
1005 4809 1068 4862 τὸ
1116 4809 1370 4879 δημίῶδες
1408 4809 1815 4880 προτιμῶντας,
1875 4811 1971 4865 καὶ

387 4899 635 4970 βέϐηλον,
671 4901 768 4954 καὶ
809 4902 1058 4970 αἰσχρὸν,
1117 4903 1213 4954 καὶ
1271 4903 1336 4971 τῇ
1391 4901 1527 4970 πρὸς
1577 4900 1681 4967 τον,
1723 4901 1972 4972 παρόντα

385 4993 732 5064 προσπαθείᾳ
753 4993 853 5062 τὴν
874 4992 1011 5064 πρὸς
1036 4991 1169 5047 Θεδν
1197 4992 1401 5063 ἔχθραν
1417 4992 1962 5066 ὲπαναιρουμένους].

390 5085 462 5136 ’Ἡ
496 5103 514 5135 ι
553 5087 655 5139 οὐκ
683 5085 863 5139 οἴδατε
893 5125 909 5150 ,
945 5086 1028 5138 ὃτι
1068 5087 1102 5156 ἡ
1132 5083 1229 5138 τοῦ
1257 5085 1464 5155 κόσμου
1495 5083 1645 5152 φιλία
1682 5085 1851 5156 ἔχθρα
1882 5087 1964 5148 εἰς

388 5177 521 5229 Θ.όν
577 5178 750 5241 ἐστιν,
789 5194 808 5229 ι
864 5175 1224 5249 ἀλλοτριοῦσα
1274 5176 1373 5245 τῆς
1416 5176 1566 5241 θείας
1612 5177 1814 5245 φιλίας,
1869 5178 1964 5232 καὶ

389 5268 621 5341 ἐχθροὺς
643 5270 1026 5339 ἀποφαίνουσα
1047 5288 1062 5337 ;
1094 5270 1315 5339 Κόσμον
1339 5271 1449 5342 γάρ
1474 5272 1710 5326 ἐνταῦθα
1736 5271 1964 5347 [πᾶσαν]

388 5364 488 5433 τὴν
519 5362 714 5432 ὑλικὴν
746 5361 893 5432 ζωὴν
921 5363 1209 5427 ἀποκαλεῖ,
1250 5362 1326 5427 ώς
1362 5364 1574 5437 μητέρα
1611 5366 1711 5435 τῆς
1738 5366 1967 5437 φθορᾶς,

388 5449 457 5526 ἧς
494 5456 522 5507 ὁ
560 5457 852 5525 μετασχεῖν
895 5454 1142 5509 σπεύδων
1188 5456 1379 5528 ἐχθρὸς
1416 5459 1626 5525 γίνεται
1663 5458 1757 5511 τοῦ
1809 5457 1968 5514 Θεοῦ.

386 5547 511 5619 ῙΔιά
538 5546 650 5618 γὰρ
669 5552 768 5618 τὴν
792 5550 922 5620 περὶ
973 5550 1041 5603 τά
1091 5549 1341 5621 ἀνωφελῆ
1393 5551 1629 5622 σπουδὴν
1688 5551 1970 5623 ὀλιγώρως

386 5642 504 5713 ἔχει
552 5642 662 5696 τῶν
708 5642 872 5698 θείων
910 5645 1005 5698 καὶ
1035 5645 1420 5716 ὑπεροπτικῶς
1450 5658 1464 5673 ·
1506 5644 1535 5697 ὃ
1590 5644 1724 5718 πρὸς
1771 5646 1966 5717 μόνους

465 5841 506 5873 ³¹
533 5839 724 5896 Matth.
751 5836 938 5906 “,35.
1022 5839 1064 5873 ³²
1095 5837 1212 5895 Jac.
1259 5854 1299 5906 ι,
1338 5839 1420 5897 l7.

2075 4635 2414 4707 sapientum,
2453 4633 2548 4689 sed
2577 4630 2891 4700 vulgarium
2922 4627 3226 4695 vitiumque
3269 4622 3577 4685 hominum,
3597 4630 3654 4676 et

2069 4745 2262 4785 eorum
2308 4726 2402 4797 qui
2446 4724 2705 4779 amicitia:
2733 4719 2899 4789 hujus
2945 4715 3137 4772 mundi
3166 4730 3292 4771 sese
3330 4712 3604 4768 tradidere
3635 4726 3655 4764 ι

2071 4821 2220 4893 quod
2252 4835 2350 4876 vos
2375 4816 2657 4872 adulteros
2686 4829 2810 4870 esse
2839 4814 3204 4877 demonstrat,
3237 4817 3426 4880 utpote
3457 4806 3549 4878 qui
3576 4822 3656 4861 re-

2071 4912 2326 4973 conditae,
2368 4909 2567 4963 divina;
2626 4921 2692 4962 ac
2754 4913 2922 4961 castae
2970 4902 3368 4974 pulchritudini
3419 4900 3472 4954 id
3508 4899 3655 4971 quod

2070 5005 2312 5074 vulgare,
2335 4998 2625 5072 profanum
2661 5012 2723 5051 ac
2747 5006 2904 5065 turpe
2931 5000 3037 5057 est,
3063 4992 3455 5060 antefertis,ac
3487 4989 3663 5045 nimio.

2071 5095 2137 5151 ad
2162 5102 2482 5164 praesentem
2513 5089 2775 5145 mundum
2801 5086 2996 5142 all‘ectu
3018 5082 3361 5140 inimicitiam
3393 5084 3662 5138 adversus

2072 5187 2216 5244 Deus
2243 5200 2432 5257 gerere
2458 5200 2562 5240 non
2589 5182 2874 5239 veremini.
2901 5182 2983 5235 An
3015 5195 3148 5236 vero
3177 5198 3196 5230 ι
3230 5177 3475 5237 nescitis,
3504 5179 3649 5245 quod

2073 5276 2317 5332 amicitia
2362 5273 2525 5342 hujus
2559 5270 2748 5326 mundi
2783 5270 3009 5325 inimica
3049 5280 3134 5323 est
3162 5266 3275 5321 Dei.
3321 5284 3341 5318 ι
3390 5263 3655 5318 Alienans

2074 5380 2104 5420 a
2127 5363 2311 5419 divina
2332 5360 2671 5427 amicitia,‘et
2688 5360 2943 5415 inimicos
2968 5357 3206 5413 reddens
3230 5354 3321 5408 Dei
3342 5356 3367 5408 ?
3394 5352 3657 5408 Mnndum

2072 5457 2218 5513 enim
2252 5455 2356 5509 hoc
2391 5454 2514 5509 loco
2553 5468 2770 5508 onmem
2808 5449 3146 5504 materialem
3187 5447 3355 5501 vitam
3391 5445 3654 5515 appellat,

2071 5550 2221 5605 velut
2271 5546 2643 5617 corruptionis
2689 5551 2942 5607 matrem,
3005 5541 3284 5611 quamqui
3317 5537 3649 5609 participare

2069 5640 2274 5708 studet,
2333 5661 2352 5691 ι
2387 5639 2644 5696 inimicus
2700 5637 2791 5693 Dei
2845 5624 3225 5690 constituitur:
3257 5650 3275 5683 ι
3310 5629 3657 5703 quandoqui-
