4120 6442
455 369 591 446 1175

1369 378 1953 440 THEOPHYLACTI
1985 378 2395 437 BUI.GARI.‘E
2432 379 2768 439 ARCHIEP

3578 379 3714 442 1t76

454 497 578 550 dem
612 509 797 549 rerum
831 494 1105 549 inutilium
1156 493 1339 549 studio
1363 502 1419 548 et
1462 507 1651 548 amore
1691 492 2028 563 parvipendit

2139 493 2267 555 τοὺς
2308 496 2636 563 μισομένους
2662 494 2756 547 καὶ
2787 492 3014 562 ἐχθροὺς
3044 493 3201 563 ἡμῶν
3248 493 3576 565 πάσχομεν.”ι
3609 495 3715 547 Δόο

460 591 681 656 divina,
706 590 787 645 Vel
814 591 977 646 etiam
1020 606 1084 647 ea
1142 590 1364 646 fastidio
1414 590 1576 644 habet
1612 607 1624 642 :
1656 604 1762 659 qua
1820 589 2032 643 ratione

461 699 589 753 erga
622 698 717 739 eos
747 683 893 740 solos
916 699 1055 753 quos
1087 683 1215 739 odio
1248 684 1537 746 habemus,
1589 682 1769 751 iisque
1826 680 2030 734 inimici

460 791 678 840 sumus,
720 791 821 830 nos
862 792 1054 846 gerere
1085 776 1350 830 solemus.
1381 772 1516 830 Cum
1552 774 1720 845 igitur
1757 772 1869 827 duo
1897 771 2029 833 sint,

455 869 658 938 quibus
684 883 904 938 operam
926 871 1055 922 dant
1084 869 1354 932 homines,
1394 867 1537 922 Deus
1566 866 1845 920 scilicetet
1874 879 2031 917 mun-

455 958 561 1012 dus
590 995 605 1021 ,
634 972 698 1011 ac
735 963 846 1013 duo
901 973 1121 1026 quoque
1169 960 1275 1012 sint
1318 957 1521 1027 quibus
1558 958 1702 1012 circa
1736 963 2032 1025 utrumque

454 1063 643 1105 eorum
675 1049 879 1104 versari
905 1064 1004 1104 nos
1026 1064 1346 1120 possumus.
1365 1063 1561 1117 nempe
1582 1062 1735 1102 amor
1753 1055 1805 1101 et
1822 1047 2028 1111 odium,

453 1155 584 1209 erga
622 1139 938 1194 utrumlibet
974 1140 1164 1194 horum
1196 1141 1426 1196 studiosi
1461 1156 1561 1195 nos
1617 1139 1792 1194 simus
1863 1152 2032 1207 Opor-

452 1238 547 1292 tet,
576 1235 635 1284 ut
695 1230 931 1284 alterum
975 1231 1335 1301 negligamus.
1389 1230 1563 1285 Porro
1602 1228 1842 1283 studium
1890 1228 2030 1297 parit

449 1320 610 1391 342
649 1322 946 1377 amicitiam
975 1361 990 1386 ,
1034 1324 1324 1394 neglectus
1371 1339 1501 1378 vero
1531 1323 1740 1377 odium.
1769 1320 2030 1390 Quisquis

449 1414 617 1480 igitur
643 1414 828 1469 divina
872 1415 1243 1485 amplectitur,
1278 1417 1491 1469 amicus
1548 1415 1639 1469 Dei
1703 1423 1758 1469 et
1812 1420 1917 1478 est,
1976 1421 2031 1466 et

448 1501 673 1557 dicitur.
700 1503 802 1568 Qui
836 1519 968 1560 vero
996 1506 1165 1560 Deum
1218 1503 1611 1575 parvifaciens,
1643 1503 1906 1557 mundum
1948 1502 2029 1555 di-

448 1594 708 1663 ligit,hie
762 1596 907 1652 inter
969 1597 1226 1652 inimicos
1277 1595 1371 1652 Dei
1436 1597 1560 1666 jure
1600 1595 2025 1665 conputabitur.

446 1685 718 1751 Quoniam
756 1702 887 1744 vero
917 1689 1032 1743 haec
1050 1689 1233 1742 omnia
1267 1704 1333 1743 ex
1390 1688 1703 1759 arrogantia
1752 1698 1801 1741 et
1832 1702 2027 1757 super-

450 1782 537 1835 bia
562 1782 707 1840 falso
736 1786 1047 1856 sapientum
1073 1786 1363 1842 doctorum
1388 1784 1523 1841 oriri
1585 1790 1872 1839 ostensum
1908 1788 2022 1845 est,

2135 586 2427 657 τοιγαροῦν
2458 588 2627 640 ὄντων
2656 586 2763 638 τῶν
2785 587 2915 656 περὶ
2934 586 2970 639 ἃ
2998 586 3385 649 σπουδάζουσιν
3408 586 3709 656 ἄνθρωποι,

2134 678 2273 731 Θεοῦ
2329 678 2428 732 καὶ
2461 678 2693 748 κόσμου,
2738 679 2835 731 καὶ
2887 677 3011 732 καθ’
3061 677 3325 749 ἑκάτερον
3367 676 3573 730 τούτων
3600 679 3711 730 τῶν

2134 770 2228 823 δύο
2261 771 2625 841 στεφομένων,
2659 770 2840 839 φιλίας
2882 772 2976 824 καὶ
3024 772 3236 839 μίσους,
3279 774 3408 841 περὶ
3451 773 3713 841 ὁπότερον

2134 863 2339 916 τούτων
2388 863 2783 927 σπουδάζοντες
2821 863 3326 933 καταληφθείημεν,
3364 863 3580 927 πάντως
3616 863 3709 915 τοῦ

2133 954 2324 1024 ἐτέρου
2349 953 2692 1022 ἀφειδοῦντες
2713 954 2992 1024 όρώμεθα.
3020 956 3170 1008 Ποιεῖ
3197 955 3253 1009 δὲ
3310 957 3343 1024 ἡ
3378 952 3475 1026 μὲν
3510 955 3713 1026 σπουδὴ

2134 1046 2318 1113 φιλίαν
2351 1062 2367 1078 ο
2402 1048 2435 1115 ἡ
2466 1045 2522 1097 δὲ
2554 1045 2840 1115 ὀλιγωρία,
2874 1047 3054 1114 μῖσος.
3090 1048 3187 1109 ’0;
3239 1045 3335 1100 οῦν
3387 1046 3496 1101 τῶν
3551 1047 3713 1098 θείων

2135 1138 2479 1207 ἀντίσχηται,
2519 1136 2671 1205 φίλος
2704 1136 2840 1190 Θεοῦ
2870 1137 2967 1190 καὶ
2998 1138 3115 1190 ἐστι
3146 1139 3242 1191 καὶ
3269 1138 3490 1206 λέγεται
3523 1156 3537 1170 ·
3566 1138 3624 1201 ὃς
3652 1140 3712 1193 δὲ

2133 1228 2268 1281 Θεοῦ
2299 1228 2397 1298 μὲν
2420 1228 2893 1299 κατολιγωρήσας,
2917 1231 3123 1299 κόσμον
3143 1231 3200 1283 δὲ
3225 1232 3535 1299 ἠγάπησεν,
3556 1225 3714 1293 οὗτος

2132 1322 2189 1373 ἐν
2216 1322 2329 1383 τοῖς
2359 1320 2576 1388 ἐχθροῖς
2598 1321 2691 1375 τοῦ
2718 1320 2854 1374 Θεοῦ
2882 1321 3436 1393 καταλογισθήσεται.
3476 1323 3628 1375 Ἐπεὶ
3654 1320 3711 1374 δὲ

2132 1409 2301 1463 ταῦτα
2335 1410 2512 1464 πάντα
2544 1410 2602 1477 ἐξ
2638 1411 2956 1475 ἀλαζονείας
2988 1411 3108 1483 [καὶ⁵
3150 1413 3553 1485 ὑπερηφανίας]
3602 1414 3712 1467 τῶν

2130 1502 2481 1571 ψευδοσόφων
2511 1503 2726 1574 ἐδείχθη
2762 1503 3125 1575 [διδασκάλων
3156 1503 3448 1575 φυόμενα],
3474 1505 3715 1575 δευτέρῳ

2134 1594 2297 1648 πάλιν
2330 1594 2536 1665 ἐλέγχῳ
2592 1596 2877 1665 κέχρηται,
2932 1596 3205 1665 ἀνανῆψαι
3258 1596 3577 1667 βουλόμενος
3610 1596 3715 1664 τῆς

2137 1686 2306 1757 μέθης
2328 1687 2529 1751 αὐτῶν,
2565 1685 2685 1759 [καὶ
2708 1686 2801 1741 τοῦ
2830 1688 3000 1758 κάρου
3028 1687 3363 1761 ἀπαλλάξαι]
3386 1691 3512 1753 τοὺς
3540 1688 3714 1742 τοιοὺ-

2131 1795 2256 1841 τους
2285 1795 2299 1809 ·
2339 1777 2433 1831 καί
2452 1795 2618 1847 φησιν
2648 1796 2664 1812 ο

447 1874 557 1929 alio
578 1889 772 1931 rursus
800 1877 972 1931 utitur
991 1884 1335 1949 argumento,
1358 1875 1587 1946 cupiens
1616 1871 1887 1942 ejusmodi
1919 1869 2167 1924 homines
2199 1868 2268 1922 ab
2295 1868 2562 1926 ebrietate
2603 1868 2669 1923 ad
2744 1870 3095 1927 sobrietatem
3157 1872 3357 1941 redire,
3421 1886 3581 1945 atque
3644 1873 3714 1931 ab

448 1966 559 2021 alto
589 1967 1064 2037 soporeliberare,
1085 1981 1139 2023 et
1168 1967 1243 2022 ait
1267 1986 1281 2021 :

518 2058 685 2115 Vsus.
713 2059 768 2125 5,
804 2058 858 2114 6.
891 2078 909 2111 ι
941 2061 1023 2113 An
1059 2060 1267 2130 putatis
1297 2061 1442 2131 quod
1473 2062 1712 2119 inaniter
1736 2061 2022 2129 Scriptura
2059 2057 2099 2114 Β

447 2147 633 2203 dicat:
668 2149 749 2205 Ad
783 2149 1044 2204 invidiam
1079 2151 1429 2221 concupiscit
1462 2151 1687 2221 spiritus
1740 2150 1832 2220 qui
1871 2148 2028 2203 habi-

447 2248 526 2294 tat
559 2240 610 2295 in
645 2240 847 2297 vobis?
878 2239 1140 2309 Maiorem
1182 2251 1364 2297 autem
1396 2242 1491 2297 dat
1513 2242 1768 2313 gratiam.
1798 2242 2029 2309 Propter

448 2329 593 2400 quod
629 2331 763 2386 dicit
792 2348 806 2385 :
834 2330 978 2388 Deus
1014 2331 1267 2402 superbis
1295 2333 1523 2399 resistit,
1582 2334 1885 2388 humilibus
1924 2347 2027 2386 au-

448 2433 557 2477 tem
589 2423 684 2478 dat
709 2425 962 2493 gratiam.
996 2443 1014 2474 ι
1050 2424 1182 2480 Tale
1204 2426 1483 2495 quidpiam
1508 2426 1595 2480 hic
1612 2440 1709 2496 per
1732 2427 1836 2481 ista
1861 2425 2030 2495 signi.

450 2517 600 2580 ﬂeat,
641 2515 882 2585 elliptico
906 2524 1068 2587 atque
1102 2517 1421 2573 ahbreviato
1450 2533 1704 2574 sermone
1733 2526 1915 2581 utens,
1964 2532 2029 2573 ae

450 2607 498 2660 si
523 2607 732 2661 diceret
765 2622 778 2657 :
814 2604 929 2677 Ego
957 2607 1177 2678 quidem
1230 2609 1470 2679 propriis
1500 2608 1685 2663 verbis
1706 2624 1802 2663 vos
1822 2608 2028 2662 hucus-

449 2712 556 2767 que
581 2700 918 2764 cmumonui,
944 2710 1000 2755 ut
1053 2710 1201 2755 reete
1226 2709 1281 2754 et
1317 2701 1720 2771 inculpabiliter
1762 2700 2026 2770 sapientia

448 2798 632 2845 vestra
661 2791 912 2853 utamini.
941 2808 1077 2847 neve
1100 2808 1197 2864 per
1214 2794 1527 2863 superbiam
1560 2795 1677 2865 ipsa
1710 2796 2024 2859 abutentes,

448 2880 675 2934 verbum
750 2881 1015 2938 doctrinm
1070 2884 1415 2941 adulteretis.
1475 2884 1530 2939 Si
1597 2900 1725 2940 vero
1779 2886 1942 2940 etiam
1994 2900 2025 2939 a

449 2983 607 3024 sacra
642 2971 930 3042 Scriptura
964 2973 1017 3027 id
1051 2976 1258 3029 rescire
1283 2975 1500 3045 cupitis,
1560 2975 1744 3031 audite
1775 2993 1789 3029 :
1823 2995 1841 3027 ι
1882 2975 2025 3031 Deus

448 3061 704 3130 superbis
725 3062 930 3120 resistit
964 3065 1029 3118 ³³.
1073 3084 1092 3118 ›
1132 3064 1186 3119 Si
1219 3066 1384 3135 igitur
1420 3084 1439 3118 ι
1480 3066 1622 3122 Dens
1657 3068 1906 3136 superbis
1932 3082 2021 3122 re-

450 3150 634 3218 sistit,
663 3170 680 3203 »
717 3168 817 3209 nos
845 3161 1025 3208 autem
1056 3154 1296 3209 inimicis
1325 3156 1581 3211 resistere
1613 3156 1874 3220 solemus,
1900 3171 2025 3227 pro-

450 3243 594 3298 fer-to
628 3245 850 3315 superbi
880 3245 1022 3300 inter
1065 3246 1321 3303 inimicos
1369 3246 1463 3302 Dei
1498 3249 2019 3318 eomputandisunt.

447 3333 568 3388 Non
590 3336 735 3390 enim
792 3350 929 3390 vane
961 3352 1023 3390 ac
1053 3338 1339 3401 stulte,vel
1369 3337 1436 3392 ad
1466 3338 1728 3393 invidiam
1758 3339 2020 3409 impossio

2206 2067 2224 2099 ι
2268 2049 2331 2101 Et
2387 2048 2597 2102 δοκεῖτε
2646 2048 2727 2102 ὅτι
2763 2049 2937 2113 κενῶς
2987 2049 3021 2119 ἡ
3082 2048 3271 2121 Γραφὴ
3322 2050 3516 2120 λέγει’
3569 2054 3717 2124 Πρὸς

2130 2140 2327 2208 φθόνον
2355 2139 2612 2194 ἐπιποθεῖ
2636 2140 2697 2193 τὸ
2737 2140 2979 2211 πνεῦμα,
3013 2142 3042 2195 ὃ
3068 2143 3391 2214 κατῴκησεν
3434 2146 3490 2198 ὲν
3528 2146 3657 2217 ὑμῖν
3693 2164 3711 2213 ;

2130 2232 2374 2297 Μείζονα
2410 2234 2467 2287 δὲ
2503 2233 2684 2287 δίδωσι
2714 2235 2896 2305 χάριν.
2924 2235 3014 2287 Διὸ
3043 2236 3193 2303 λέγει
3222 2253 3236 2266 ’
3284 2237 3344 2289 '0
3383 2237 3514 2301 Θεὸς
3540 2239 3715 2309 ὑπερ-

2130 2327 2360 2397 ηφάνοις
2392 2326 2799 2391 ἀντιτάσσεται,
2844 2329 3122 2390 ταπεινοῖς
3167 2328 3223 2380 δὲ
3255 2328 3440 2383 δίδωσι
3472 2332 3650 2403 χάριν.
3688 2350 3710 2384 ι

2130 2418 2381 2472 Τοιοῦτόν
2408 2435 2459 2470 τι
2490 2418 2664 2487 λέγων
2700 2419 2796 2473 καὶ
2827 2419 3004 2485 δηλῶν
3048 2420 3135 2475 διὰ
3167 2421 3392 2487 τούτων,
3443 2424 3715 2477 ὲλλειπτι-

2131 2511 2242 2574 κῶς
2276 2511 2475 2581 χρῆται
2512 2510 2589 2580 τῷ
2626 2511 2772 2580 λόγῳ
2800 2509 2919 2583 [καὶ
2949 2512 3163 2585 πάλιν],
3201 2514 3292 2567 διὰ
3331 2518 3430 2585 τὴν
3460 2516 3555 2569 τοῦ
3585 2534 3713 2569 συν-

2128 2604 2476 2675 τετμημένου
2503 2603 2665 2671 λόγου
2701 2604 2920 2673 χρῆσιν,
2963 2602 3105 2672 Ἐγὼ
3143 2605 3264 2675 μὲν,
3288 2607 3533 2673 φάσκων,
3568 2608 3715 2676 ὑμᾶς

2128 2697 2240 2755 τοῖς
2274 2694 2497 2757 οἰκείοις
2549 2694 2829 2765 ἐπέστησα
2878 2694 3079 2763 λόγοις,
3135 2697 3265 2767 περὶ
3307 2698 3369 2749 τὸ
3410 2696 3565 2759 eoos;
3618 2701 3714 2754 καὶ

2129 2787 2552 2852 ἀκατάγνωστον
2577 2786 2677 2855 τῆς
2704 2787 2955 2856 χρήσεως
2983 2787 3084 2858 τῆς
3107 2788 3299 2857 σοφίας
3326 2788 3501 2858 ὑμῶν,
3530 2790 3604 2851 ώς
3642 2789 3714 2843 ἂν

2132 2878 2206 2948 μὴ
2253 2878 2312 2942 ἐξ
2362 2878 2742 2948 ὑπερηφανίας
2774 2880 3202 2950 παραχρώμενοι
3235 2880 3405 2951 ταύτῃ
3453 2881 3710 2951 νοθεύητε

2128 2968 2221 3022 καὶ
2254 2969 2454 3021 δολοῖτε
2500 2968 2592 3020 τὸν
2624 2966 2725 3037 τῆς
2776 2967 3128 3033 διδασκαλίας
3175 2970 3355 3037 λόγον.
3406 2971 3469 3023 Εἰ
3513 2970 3569 3023 δὲ
3615 2973 3711 3023 καὶ

2128 3061 2235 3114 ἀπό
2259 3059 2359 3129 τῆς
2393 3059 2615 3131 Γραφῆς
2645 3058 2803 3112 τοῦτο
2836 3058 3067 3129 ζητεῖτε,
3096 3060 3366 3114 ἀκούσατε
3394 3077 3408 3093 ο
3453 3081 3471 3113 ι
3505 3062 3709 3133 Κύριος

2129 3152 2497 3225 ὑπερηφάοοῖς
2540 3153 2941 3206 ἀντιτάσσεται.
2966 3170 2984 3204 ι
3025 3153 3088 3205 El
3115 3148 3209 3206 οὖν
3262 3148 3377 3217 τοῖς
3426 3155 3715 3227 ὑπερηορά-

2127 3263 2238 3309 νοις
2312 3245 2972 3317 ἀντιτάσσεται,“ὲχθροῖ;
3031 3245 3095 3316 δὴ
3163 3245 3224 3317 If.
3303 3245 3382 3318 δὲ]
3437 3247 3715 3318 εἰώθαμεν

2126 3336 2510 3393 ἀντηάσσεθαι
2544 3354 2557 3367 ·
2621 3338 2842 3400 πάντως
2910 3355 3011 3391 που
3084 3340 3178 3391 καὶ
3239 3339 3577 3409 ὑπερήφανοι
3650 3340 3717 3394 ὲν

430 3424 583 3493 ,ιιίιίε
617 3426 778 3481 nobis
820 3427 1104 3498 Scriptura
1136 3430 1412 3500 proponit,
1443 3430 1537 3486 sed
1568 3431 1715 3499 quod
1766 3433 2026 3487 exhorta-

2131 3434 2240 3493 τοῖς
2294 3430 2509 3500 ἐχθροῖς
2564 3430 3025 3498 καταλογισθεῖεν.
3084 3432 3161 3484 Οὐ
3198 3431 3304 3502 γὰρ
3339 3432 3531 3496 κενῶς,
3589 3432 3709 3503 ἦτοι

452 3516 601 3571 tione
624 3532 725 3571 sua
756 3517 977 3572 edicere
1004 3520 1209 3589 cupiat,
1245 3528 1305 3575 ut
1340 3522 1392 3575 in
1419 3522 1582 3578 nobis
1607 3522 1870 3577 inhabitet
1899 3537 2025 3593 gra-

451 3609 555 3662 tia.
578 3607 761 3675 Quare
796 3610 847 3665 si
877 3611 1176 3680 Scriptura!
1197 3613 1568 3683 obsequentes
1592 3613 1748 3679 estis,
1771 3611 2029 3667 humilia-

455 3698 590 3753 mini
651 3713 837 3753 coram
898 3701 1027 3765 Deo,
1055 3709 1118 3768 et,
1160 3701 1451 3759 invenietis
1491 3704 1748 3773 gratiam,
1802 3704 1895 3758 illo
1929 3720 2028 3759 vos

447 3790 749 3846 exultante.
797 3791 1062 3862 Superbia
1094 3803 1179 3849 est
1225 3804 1603 3866 consummata
1637 3794 1883 3864 nequitia
1911 3835 1927 3861 ,
1963 3809 2027 3850 ac

448 3880 632 3937 differt
660 3897 693 3936 a
721 3898 859 3937 vana
892 3884 976 3937 sui
1002 3884 1428 3948 existimatione,
1477 3884 1623 3953 quod
1668 3886 1923 3955 superbia
1955 3886 2028 3941 sit

449 3973 618 4028 animi
656 3973 822 4029 elatio
868 3989 933 4029 ex
992 3976 1082 4042 iis,
1118 3991 1240 4044 quae
1274 3977 1412 4031 alias
1444 3977 1657 4042 insunt;
1691 3977 1783 4030 illa
1806 3991 1939 4032 vero
1961 3991 2027 4030 ex

448 4064 542 4129 iis,
601 4080 724 4134 quae
763 4066 912 4121 nullo
950 4068 1110 4121 modo
1140 4067 1434 4122 habentur.
1471 4067 1657 4122 Diﬂ'ert
1711 4083 1836 4124 vero
1861 4068 2025 4123 etiam

449 4157 720 4214 modestia
745 4158 813 4213 ab
852 4158 1185 4225 humilitate,
1217 4163 1481 4231 quoniam
1510 4176 1574 4229 ea
1595 4162 1886 4230 quidem...
1914 4161 2025 4231 (40)

449 4249 583 4317 Quae
611 4257 800 4305 autem
825 4268 856 4307 e
878 4252 1145 4307 diametro
1167 4254 1435 4323 superbia:
1465 4256 1782 4324 opponitur,
1843 4253 2028 4308 mode-

452 4344 558 4398 stia
588 4358 684 4398 seu
712 4343 1016 4410 humilitas,
1051 4355 1135 4398 est
1193 4359 1444 4414 magnum
1483 4345 1709 4400 bonum.
1758 4344 2026 4410 Quoniam

449 4449 583 4489 vero
623 4444 856 4505 utraque
897 4434 952 4489 in
982 4434 1142 4489 nobis
1172 4434 1483 4490 voluntarie
1517 4435 1880 4506 progignitnr,
1905 4434 2031 4504 qui-

449 4543 669 4597 cunque
697 4543 762 4582 ex
815 4527 1071 4598 superbia
1110 4542 1170 4582 se
1204 4528 1380 4597 ipsum
1443 4528 1667 4591 exultat,
1708 4542 1737 4580 a
1802 4526 2030 4580 Domino

449 4618 851 4674 condemnatur
886 4628 943 4675 et
1001 4620 1373 4674 bumiliatur:
1434 4636 1559 4674 cum
1618 4636 1648 4674 e
1696 4628 1886 4675 contra
1927 4636 2029 4675 suo

2136 3521 2399 3591 ματαίως,
2428 3523 2461 3591 ἡ
2492 3521 2707 3591 Γραφὴ,
2738 3521 2771 3591 ἢ
2812 3522 2947 3591 πρὸς
2978 3521 3173 3592 φθόνον
3203 3524 3270 3577 τὰ
3295 3526 3550 3595 ἀμήχανα
3577 3528 3715 3596 ἡμῖν

2138 3612 2470 3684 διαγορεύει,
2514 3612 2628 3665 ἀλλ’
2658 3612 2997 3666 ἑπιποθοῦσα
3036 3615 3133 3683 τὴν
3165 3615 3252 3668 διὰ
3284 3616 3383 3685 τῆς
3420 3618 3708 3686 παρακλήδ

2132 3722 2272 3769 σεως
2307 3706 2474 3775 αὐτῆς
2502 3706 3025 3776 ὲγκατοικιζομένην
3071 3710 3206 3778 ἡμῖν
3246 3710 3432 3781 χάριν.
3469 3711 3632 3763 Ὥστε
3659 3711 3708 3764 εί

2134 3798 2406 3869 πειθήνιοί
2439 3799 2561 3850 ἐστε
2594 3800 2660 3868 τῇ
2688 3798 2901 3867 Γραφῇ,
2935 3798 3310 3871 ταπεινώθητε
3350 3800 3582 3855 ἐνώπιον
3613 3802 3708 3855 τοῦ

2130 3889 2289 3958 Θεοῦ,
2325 3890 2423 3943 καὶ
2470 3889 2737 3959 εὑρήσετε
2792 3889 2890 3959 τὴν
2947 3890 3034 3943 διὰ
3095 3893 3193 3961 τῆς
3243 3893 3409 3946 αὑτοῦ
3448 3894 3708 3963 ὑφώσεως

2129 3984 2311 4056 χάριν.
2359 3982 2742 4053 ’Υπερηφανία
2774 3983 2830 4036 δέ
2861 3986 3008 4036 ἐστιν
3049 3985 3081 4053 η
3112 3987 3193 4048 εἰς
3232 3986 3383 4050 τέλος
3418 3989 3707 4058 ἐπηρμένη

2130 4075 2319 4139 κακία,
2347 4074 2697 4145 ιδιαφέρουσα
2743 4074 2841 4144 τῆς
2884 4076 3134 4143 οἰήσεως,
3169 4077 3248 4130 ὅτι
3289 4079 3321 4146 ἡ
3365 4078 3462 4147 μὲν
3497 4080 3711 4151 ὑπερη-

2131 4166 2298 4235 φανία
2331 4166 2424 4217 ἐπὶ
2474 4166 2586 4227 τοῖς
2640 4165 3014 4235 ὑπηργμένοις
3065 4166 3201 4236 αὐτῇ
3259 4168 3654 4239 κατεπαίρεται
3690 4209 3706 4233 ,

2131 4258 2165 4325 ἡ
2207 4255 2383 4326 οἴησις
2416 4255 2472 4307 δὲ
2502 4254 2593 4307 ἐπὶ
2633 4255 2743 4307 τῶν
2775 4255 2911 4326 μηδὲ
2945 4256 3079 4319 ὅλως
3107 4257 3482 4326 ὑπαρχόντων.
3512 4261 3710 4329 Διαφέ-

2133 4365 2218 4418 ρει
2237 4348 2294 4400 δὲ
2329 4346 2424 4399 καὶ
2458 4346 2663 4415 ἀτυφία
2697 4347 2794 4416 τῆς
2817 4346 3221 4413 ταπεινώσεως,
3251 4350 3334 4402 ὅτι
3373 4353 3404 4421 ή
3442 4351 3539 4421 μὲν
3570 4352 3714 4406 κατά

2131 4440 2424 4509 διάμετρον
2454 4441 2487 4509 ἡ
2515 4439 2739 4507 ἀτυφία,
2773 4440 2890 4509 ἦτοι
2922 4440 3274 4506 ταπείνωσις,
3308 4441 3715 4515 [ἀντικειμένηῖ

2132 4532 2197 4599 τῇ
2228 4530 2599 4600 ὑπερηφανίᾳ,
2631 4530 2748 4582 ἐστι
2795 4530 2938 4598 μέγα
2980 4531 3185 4598 ἀγαθόν
3213 4548 3226 4562 ·
3263 4535 3355 4587 καὶ
3386 4534 3573 4605 ἐπειδὴ
3603 4535 3713 4605 ἀμ-

2135 4619 2341 4687 φότερα
2391 4618 2791 4688 προαψετικῶς
2821 4621 2952 4687 ἡμῖν
2982 4622 3278 4688 ἐγγίνεται,
3329 4626 3435 4685 πᾶς
3489 4623 3518 4674 ὀ
3566 4622 3713 4677 κατὰ

451 4718 698 4779 tempore
729 4712 1058 4766 exaltandus
1084 4711 1153 4766 sit
1182 4712 1293 4775 ille,
1334 4710 1424 4781 qui
1458 4727 1515 4766 se
1545 4711 1724 4780 ipsum
1783 4725 1879 4778 per
1913 4726 2028 4764 mo-

2136 4709 2459 4774 ἀλαζονείαν
2489 4710 2639 4779 ὑψῶν
2662 4709 2876 4774 ἑαυτὸν,
2901 4711 3038 4780 πρὸς
3077 4711 3156 4781 τῷ
3201 4713 3307 4766 ὑπὸ
3351 4712 3447 4766 τοῦ
3498 4713 3713 4783 Κυρίου

451 4800 680 4855 destiam
718 4802 1106 4869 humiliavcrit,
1156 4812 1342 4873 utpote
1373 4801 1520 4873 quod
1583 4803 1673 4855 illa
1716 4802 2021 4856 certamina

452 4905 574 4956 quat
603 4892 1016 4961 propteripsam
1045 4892 1332 4957 subiverit,
1360 4893 1538 4961 ipsum
1570 4892 1637 4945 ad
1685 4892 2030 4961 spiritualem

453 4978 1196 5053 sublimitatem,prehensa
1253 4983 1420 5035 veluti
1484 4997 1674 5044 manu,
1734 4981 2032 5036 deducent.

451 5072 650 5128 Aliter.
683 5073 894 5142 Cyrilli.
938 5091 957 5123 ι
1014 5074 1070 5127 Si
1104 5073 1308 5129 invidia
1362 5075 1561 5128 diaboli
1600 5073 1843 5127 introivit
1885 5089 2031 5127 mors

456 5166 510 5218 in
539 5164 728 5219 urbem
756 5173 1026 5221 terrarum
1065 5164 1132 5231 ⁸⁸,
1172 5185 1191 5217 ι
1222 5175 1276 5221 et
1308 5167 1352 5222 si
1414 5166 1468 5219 in
1524 5165 1788 5220 interiore
1837 5173 2026 5218 nostro

454 5255 677 5312 homine
705 5257 972 5311 habitavit
1001 5256 1255 5312 Christus
1291 5256 1593 5312 secundum
1656 5254 1973 5325 Seripturas
2009 5295 2024 5319 ,

452 5348 662 5405 ideirco
720 5350 985 5405 habitavit
1020 5350 1074 5402 in
1116 5350 1299 5416 nobis,
1335 5358 1392 5403 ut
1428 5350 1786 5405 invectamab
1820 5349 2025 5403 invidia

527 5526 573 5559 ³³
600 5526 761 5583 Prov.
800 5543 879 5590 ιιι,
908 5526 997 5580 54.
1074 5525 1115 5557 ³³
1160 5524 1289 5596 Sap.
1341 5542 1402 5591 ιι,
1435 5527 1521 5583 Ξιί.

2135 4801 2567 4871 κατακεκρῖσθαι
2609 4800 2689 4853 ἔτι
2729 4800 2824 4854 καὶ
2848 4803 3195 4856 ταπεινοῦται
3224 4803 3314 4856 ὑπ’
3348 4804 3511 4857 αὑτοῦ
3541 4805 3707 4873 ὑψου-

2137 4892 2300 4962 μένου
2355 4893 2434 4968 ὲν⁸
2462 4890 2639 4959 καιρῷ
2668 4891 2761 4942 τοῦ
2790 4891 2933 4945 κατά
2984 4893 3219 4961 ἀτυφίαν
3271 4895 3708 4958 ταπεινώσαντος

2133 4983 2344 5047 ἑαυτὸν,
2397 4982 2494 5035 ἅτε
2545 4982 2653 5034 τῶν
2686 4982 2771 5034 ἐπ’
2801 4984 2938 5052 αὐτῇ
2979 4983 3157 5036 ἄθλων
3207 4984 3708 5055 ξεναγωγησάντων

2131 5076 2221 5128 τὸν
2265 5074 2607 5145 κεχρημένον
2648 5076 2783 5143 πρὸς
2841 5075 2973 5145 ὕφος
3025 5078 3419 5147 πνευματικόν.
3476 5077 3704 5142 Ἄλλως,

2134 5168 2462 5233 Κυρίλλου.
2510 5167 2573 5218 Εἰ
2601 5166 2779 5237 φθόνῳ
2807 5167 3051 5220 διαϐόλου
3087 5167 3317 5230 θάνατος
3348 5168 3593 5237 εἰσῆλθεν
3626 5168 3708 5232 είς

2133 5257 2226 5311 τὸν
2266 5257 2489 5326 κόσμον,
2527 5261 2622 5311 καὶ
2662 5260 2711 5311 εί
2763 5258 3080 5331 κατῴκησεν
3126 5261 3206 5321 εἰς
3259 5260 3350 5312 τὸν
3394 5261 3501 5313 ἔσω
3549 5259 3708 5328 ήμῶν

2134 5347 2419 5403 ἄνθρωπον
2449 5348 2476 5398 ό
2523 5350 2779 5420 Χριστὸς,
2818 5353 2956 5405 κατά
3000 5351 3098 5407 τάξ
3143 5351 3387 5422 Γραφάς,
3431 5350 3520 5406 διὰ
3547 5350 3707 5406 τοῦτο

1711 5666 2015 5729 Bonifaeii
2052 5664 2288 5727 Finetti
2333 5671 2516 5727 nota).

527 5786 641 5857 (l0)
671 5788 769 5844 Hic
802 5790 1057 5845 nonnulla
1094 5790 1305 5855 deesse,
1339 5792 1687 5863 perspizuum
1722 5803 1825 5849 est.
