4120 6452
445 395 579 465 1177

1277 404 1599 472 EXPOSIT
1608 412 1683 471 ιο
1721 410 1801 473 ΙΝ
1839 412 2074 476 EPIST.
2118 416 2178 477 S'.
2222 417 2771 481 JACOBI.—CAP.
2803 418 2906 484 IV.

3554 427 3693 494 “78

439 513 783 586 κατῴκησεν,
844 517 929 572 ἵνα
972 519 1064 573 τὸν
1114 521 1176 574 ὲκ
1222 522 1314 575 τοῦ
1363 524 1556 593 φθόνου
1590 526 2012 596 προσγινόμενον

2120 537 2349 583 mortem
2385 531 2437 584 in
2472 531 2633 586 nobis
2667 531 2991 589 destrueret.
3030 528 3227 591 Verum
3253 552 3360 593 non
3395 535 3691 598 bocsolum

442 607 677 662 θάνατον
734 613 1081 685 καταργήσῃ.
1137 614 1247 668 Καὶ
1305 617 1364 669 οὑ
1421 618 1581 688 μόνον
1627 620 1824 682 τοῦτο,
1880 621 2013 674 ἀλλὰ

448 718 466 750 ι
495 703 592 754 καὶ
652 700 877 787 μείζονα
928 705 1113 760 δίδωσι
1164 709 1345 778 χάριν.
1394 729 1412 761 ι
1466 710 1608 779 Ἐγὼ
1642 712 1749 783 γὰρ
1780 732 1798 763 ι
1828 709 2012 783 ἦλθον,

441 792 628 860 φησιν,
662 790 749 844 ἵνα
798 792 943 864 ζωὴν
974 793 1138 863 ἔχωσι
1173 799 1268 851 καὶ
1295 801 1554 869 περισσὸν
1585 802 1798 870 ἔχωσιν.
1837 822 1855 853 ι
1892 804 2013 857 ’Ότι

439 882 498 934 δὲ
547 885 887 952 ἐπιποθήσας
933 889 1081 956 ἡμᾶς
1134 891 1162 942 ὁ
1216 890 1345 953 Θεὸς
1397 892 1720 962 κατῴκησεν
1770 896 1829 946 ἐν
1858 898 2011 965 ἡμῖν,

453 972 518 1025 Ἦ
531 974 681 1035 sata;
711 974 977 1043 ἐδήλωσεν
1011 979 1208 1032 είπώψ
1238 982 1352 1033 Οὐκ
1375 982 1624 1052 ἄγγελος,
1658 986 1718 1037 οὐ
1748 986 2011 1055 πρέσϐυς,

439 1064 555 1116 ἀλλ’
585 1085 603 1116 ι
645 1066 806 1129 αὐτὸς
844 1088 862 1120 ι
900 1070 928 1121 ὁ
970 1070 1174 1140 Κύριος
1213 1092 1230 1125 ι
1266 1072 1468 1128 ἔσωσεν
1525 1078 1671 1145 ἡμᾶς
1708 1098 1725 1128 ι
1768 1078 1878 1151 [διὰ
1917 1081 2011 1134 τοῦ

438 1160 499 1226 ἀγ
514 1161 659 1230 απᾷν
693 1162 840 1231 ἡμᾶς
875 1164 966 1216 καὶ
994 1164 1254 1233 κήδεσθαι
1284 1167 1490 1238 ἡμῶνῖ.
1544 1171 1663 1229 Πῶς
1692 1171 1749 1224 δὲ
1782 1174 1876 1225 καὶ
1909 1173 2012 1225 σώ-

439 1268 539 1316 σας
589 1253 756 1308 ἔδωκε
808 1273 826 1306 ι
866 1257 1026 1327 χάριν
1079 1259 1339 1326 μείζονας
1373 1280 1391 1312 ι
1463 1263 1723 1316 Καθελὼν
1771 1265 1863 1319 τὸν
1894 1268 2014 1319 ἐπι-

439 1342 808 1397 ϐουλεύσαντα
867 1346 1132 1402 Σατανᾶν.
1186 1351 1283 1402 Διὰ
1312 1349 1470 1404 τοῦτο
1522 1353 1631 1425 γὰρ
1687 1355 1966 1425 ἐπήγαγεν
1993 1372 2008 1387 ·

448 1434 509 1489 '0
538 1436 671 1498 Θεὸς
699 1436 1072 1507 ὑπερηφάνοις
1100 1442 1504 1497 ἀντιτάσσεται.
1540 1463 1560 1498 ι
1610 1447 1731 1509 Πῶς
1764 1446 1874 1517 γὰρ
1913 1448 2012 1518 οὐχ

439 1528 793 1598 ὑπερήφανος
821 1532 850 1583 ό
878 1528 1018 1602 βοῶν
1048 1551 1063 1566 ο
1111 1553 1131 1586 ι
1169 1530 1280 1607 Τὴν
1307 1538 1636 1609 οἰκουμένην
1678 1538 1806 1611 ὃλην
1848 1558 2017 1596 κατα-

437 1620 678 1691 λήψομαι
707 1625 773 1692 τῇ
815 1623 960 1694 χειρὶ
993 1624 1068 1685 ὡς
1098 1629 1349 1694 νοσσιάνς
1392 1645 1413 1681 ι

516 1733 536 1764 ι
565 1713 903 1786 Ὑποτάγητε
924 1711 1017 1770 οὗν
1040 1716 1119 1786 τῷ
1140 1717 1258 1789 Θεῷ
1279 1734 1293 1749 ο
1335 1719 1622 1792 ἀντίστητε
1648 1722 1726 1793 τῷ
1755 1724 2006 1796 διαϐόλῳ,

439 1806 536 1860 καὶ
568 1807 825 1875 φεύξεται
847 1809 940 1877 ἀφ’
974 1809 1151 1879 ὑμῶν.
1199 1812 1486 1880 Ἐγγίσατε
1515 1814 1594 1882 τῷ
1623 1815 1763 1882 Θεῷ,
1795 1818 1892 1871 καὶ
1919 1820 1944 1870 ὲ

435 1900 549 1965 τιεί
569 1898 719 1966 ὑμῖν.
753 1897 1101 1970 Καθαρίσατε
1127 1902 1338 1972 χεῖρας,
1370 1904 1705 1975 ἁμαρτωλοὶ,
1736 1908 1829 1961 καὶ
1856 1908 2008 1975 άγνί-

440 2002 570 2044 σατε
611 1988 866 2060 καρδίας,
902 1992 1139 2063 δίψυχοι.
1170 1993 1642 2066 Ταλαιπωρήσατε
1666 1999 1761 2051 καὶ
1808 2000 2012 2070 πενθή-

439 2092 567 2135 σατε
600 2082 702 2137 καῖ
729 2082 999 2139 κλαύσατε
1028 2103 1042 2118 ·
1067 2086 1095 2140 ὀ
1134 2088 1307 2154 γέλως
1334 2085 1488 2160 ὑμῶν
1518 2093 1599 2155 είς
1615 2092 1812 2156 πένθος
1841 2111 2010 2162 μετα-

435 2178 723 2246 τραπήτω,
771 2178 866 2231 καὶ
911 2178 945 2240 ἡ
995 2178 1139 2249 χαρὰ
1166 2180 1248 2242 εἰς
1269 2182 1598 2253 κατήφειαν.
1622 2179 2007 2255 Ταπεινώθητε

434 2265 666 2320 ἐνώπιον
697 2267 792 2321 τοῦ
823 2268 1052 2340 Κυρίου,
1101 2270 1198 2323 καὶ
1228 2270 1435 2341 ὑψώσει
1475 2271 1640 2343 ὑμᾶς.
1676 2294 1695 2326 ι
1743 2275 2010 2346 Διψύχους

432 2355 588 2425 λέγει
636 2361 762 2422 τοὺς
819 2359 892 2431 μὴ
943 2360 1069 2414 καθ’
1102 2358 1198 2415 ἕνα
1227 2364 1430 2432 τρόπον
1476 2361 1574 2435 ζῇν
1631 2363 2009 2436 αἱρουμένους,

434 2447 551 2504 ἀλλ’
597 2450 903 2520 ἀγομένους
949 2454 1045 2507 καὶ
1078 2452 1433 2523 πειθομένους
1486 2455 1750 2526 διηνεκῶς
1804 2461 1868 2528 τῇ
1919 2457 2011 2529 βίᾳ

432 2539 543 2593 τῶν
586 2538 889 2611 ἀνθρώπων
919 2555 936 2572 ⁶
989 2540 1051 2595 οὑ
1091 2544 1201 2614 γάρ
1233 2545 1341 2598 εἱσι
1384 2545 1708 2615 μονότροποι
1764 2548 1822 2600 ἐν
1875 2548 2011 2616 οἴκῳ

432 2627 539 2682 ὑπὸ
594 2629 801 2701 Κυρίου
854 2633 1316 2701 κατοικιζόμενοι.
1372 2634 1495 2687 Ὅτι
1542 2632 1599 2687 δὲ
1632 2635 1780 2706 ψυχὴ
1833 2642 1927 2691 καὶ
1976 2639 2010 2708 ἡ

435 2719 549 2791 ζωὴ
578 2719 818 2789 λέγεται,
846 2722 906 2776 τὸ
954 2724 1013 2777 ὲν
1050 2720 1170 2777 Ἰὼϐ
1200 2726 1348 2796 ἡμᾶς
1378 2724 1605 2791 διδάξει,
1648 2728 1729 2789 τὸ,
1771 2746 1791 2779 ι
1823 2729 2012 2799 Δέρμα

435 2808 540 2868 ὑπὸ
567 2816 860 2886 δέρματος,
894 2818 991 2871 καὶ
1019 2818 1198 2874 πάντα
1227 2816 1326 2874 ὅσα
1360 2820 1474 2891 ἔχει
1522 2820 1682 2877 δώσει
1723 2822 2009 2894 ἄνθρωπος

434 2905 577 2978 ὑπὲρ
601 2908 703 2977 τῆς
730 2908 907 2978 ψυχῆς
945 2908 1136 2979 αὐτοῦ,
1181 2930 1200 2964 ι
1235 2910 1354 2982 ἦτοι
1396 2913 1492 2981 τῆς
1524 2913 1695 2981 ζωῆς.

508 3101 527 3137 ι
563 3083 653 3152 Μὴ
677 3083 1029 3139 καταλαλεῖτε
1066 3085 1586 3158 άλλήλων,ἀδελφοί.
1618 3089 1675 3143 Ὀ
1701 3091 1809 3162 γὰρ
1841 3109 2008 3147 κατα·

1948 1836 2081 1921 ἶίι

2118 618 2205 672 ille
2233 621 2389 673 nobis
2421 630 2639 689 prastat
2668 661 2684 683 ,
2725 624 2820 677 sed
2861 623 3029 703 etiam
3066 643 3085 675 ι
3133 626 3397 695 majorem
3420 629 3513 687 dat
3565 646 3691 701 gra-

2118 709 2266 762 tiam.
2311 728 2328 760 ι
2360 709 2470 780 Ego
2502 713 2647 765 enim
2693 731 2711 764 ι
2755 714 2900 775 veni,
2930 713 3129 782 inquit,
3158 726 3215 769 ut
3241 718 3406 771 vitam
3434 720 3689 788 habeant,

2116 806 2170 851 et
2207 800 2573 856 abundantius
2611 801 2945 857 habeant".
2984 822 3001 854 ι
3034 805 3187 869 Quod
3230 821 3359 861 vero
3391 810 3565 863 nostri
3591 809 3691 866 de-

2117 893 2322 946 siderio
2349 891 2490 945 Deus
2518 893 2842 948 habitaverit
2890 895 2945 947 in
2978 896 3160 957 nobis.
3202 895 3374 953 Isaias
3425 900 3690 964 declarat,

2116 982 2305 1035 dicens
2327 983 2369 1013 ³⁸
2402 994 2413 1033 :
2441 980 2560 1035 Non
2593 985 2842 1051 angelus,
2882 1000 2989 1039 non
3023 986 3232 1053 legatus
3274 988 3571 1056 qniSpiam,
3596 992 3689 1044 sed

2117 1075 2232 1141 ipse
2300 1073 2562 1128 Dominus
2619 1077 2848 1130 salvavit
2906 1092 3028 1143 nos,
3095 1079 3220 1146 quia
3284 1077 3538 1134 videlicet
3591 1096 3693 1135 nos

2113 1161 2273 1234 35,3
2304 1173 2469 1227 amat,
2499 1167 2782 1235 nostrique
2813 1180 2998 1220 curam
3050 1167 3208 1236 gerit.
3250 1168 3534 1233 Quomodo
3566 1186 3693 1226 vero

2116 1252 2367 1307 Salvator
2396 1262 2577 1308 noster
2610 1274 2629 1306 ι
2662 1257 2921 1324 majorem
2941 1257 3089 1311 dedit
3112 1259 3345 1328 gratiam
3385 1258 3408 1311 ?
3442 1277 3461 1311 ι
3489 1259 3693 1326 Nempe

2115 1348 2425 1415 dejiciendo
2451 1348 2802 1403 insidiantem
2840 1349 3120 1417 Satanam.
3175 1349 3384 1406 Idcirco
3419 1352 3642 1406 additur
3674 1370 3687 1404 :

2117 1458 2138 1492 ι
2176 1440 2318 1494 Deus
2375 1440 2623 1507 superbis
2690 1443 2916 1497 resistit.
2984 1462 3001 1494 ι
3060 1442 3347 1506 Quomodo
3388 1444 3533 1497 enim
3582 1458 3690 1497 non

2112 1533 2383 1600 superbus
2413 1532 2528 1599 ille,
2573 1532 2667 1601 qui
2715 1533 2986 1588 clamabat
3015 1534 3058 1565 ³⁷
3102 1551 3167 1587 ιι
3212 1533 3530 1589 UniverSam
3577 1540 3693 1587 ter-

2112 1636 2227 1677 ram
2251 1622 2704 1691 comprehendam
2725 1640 2885 1677 manu
2911 1641 3052 1687 mea,
3078 1633 3335 1696 tanquam
3354 1626 3637 1680 nidulum?
3665 1644 3682 1677 ι

2182 1711 2350 1770 Vens.
2388 1716 2548 1771 ’1-10.
2589 1734 2607 1767 ι
2651 1714 2873 1770 Subditi
2896 1732 3028 1787 ergo
3076 1725 3251 1771 estote
3280 1716 3388 1770 Deo
3419 1718 3694 1772 :resistite

2113 1816 2294 1863 autem
2337 1809 2577 1873 diabolo,
2608 1817 2662 1863 et
2691 1810 2863 1879 fugiet
2926 1824 2956 1863 a
3017 1809 3190 1865 vobis.
3250 1810 3695 1879 Appropinquate

2114 1901 2243 1966 Deo,
2281 1908 2335 1955 et
2380 1902 2840 1971 appropinquabit
2882 1902 3057 1956 vobis.
3116 1901 3421 1956 Eumndate
3472 1916 3690 1965 manus,

2113 2001 2469 2062 peccatores:
2510 2001 2565 2047 et
2604 1992 2893 2062 purificate
2939 1993 3130 2055 corda,
3185 1991 3432 2062 duplices
3483 1994 3691 2047 animo‘.

2112 2083 2290 2138 Miseri
2323 2092 2520 2148 estote,
2553 2091 2606 2137 et
2628 2084 2832 2152 lugete,
2866 2091 2920 2136 et
2941 2085 3151 2152 plorate
3188 2098 3199 2136 :
3242 2084 3388 2138 risus
3426 2092 3607 2137 vester
3636 2084 3689 2137 in

2112 2174 2316 2229 luctum
2345 2181 2724 2237 convertatur,
2761 2175 3018 2243 gaudium
3050 2174 3106 2228 in
3136 2188 3461 2228 mterorem.
3498 2171 3691 2225 Humi-

2114 2261 2321 2314 liamini
2356 2262 2409 2314 in
2470 2272 2766 2330 conspectu
2823 2261 3064 2324 Domini,
3095 2272 3150 2315 et
3197 2260 3462 2314 exaltabit
3512 2276 3629 2314 vos.
3666 2278 3685 2311 ι

2113 2356 2362 2425 Duplices
2388 2355 2571 2409 animo
2596 2354 2725 2407 dicit
2754 2368 2871 2415 eos,
2892 2353 2985 2422 qui
3016 2352 3260 2406 eamdem
3290 2350 3412 2406 vitm
3446 2359 3688 2405 tenorem

2113 2446 2335 2503 scrvare
2365 2463 2473 2502 non
2508 2456 2704 2502 curant
2735 2486 2749 2510 ,
2788 2446 2882 2500 sed
2906 2461 2966 2500 se
2995 2445 3278 2499 hominum
3311 2445 3360 2497 vi
3409 2453 3572 2512 atque
3600 2458 3693 2497 nee

2086 2540 2283 2615 ‘quitia
2302 2539 2677 2593 indesinenter
2697 2538 2867 2606 abripi
2918 2545 3082 2605 atque
3103 2535 3447 2589 circumferri
3471 2535 3688 2603 patiun-

2113 2639 2202 2685 tur
2236 2647 2251 2683 :
2286 2631 2530 2698 adeoque
2555 2644 2662 2683 non
2725 2647 2740 2679 ι
2781 2629 3031 2682 halfdzint
3071 2627 3237 2681 unius
3283 2627 3450 2679 moris
3492 2627 3545 2678 in
3596 2624 3693 2679 do-

2114 2737 2205 2775 mo
2234 2722 2313 2772 ³⁸»
2340 2722 2569 2790 subjecti
2591 2720 2839 2775 Domino.
2862 2719 3015 2785 Quod
3041 2726 3222 2773 autem
3245 2719 3440 2770 anima!
3470 2715 3692 2770 nomine

2113 2816 2225 2867 vita
2255 2815 2611 2885 significetur,
2636 2821 2851 2867 constat
2879 2824 2946 2866 ex
2983 2826 3069 2873 eo,
3114 2810 3258 2880 quod
3322 2810 3391 2879 in,
3423 2806 3524 2862 Job
3558 2806 3694 2861 dici-

2111 2915 2200 2961 tur
2226 2906 2271 2939 ³⁹
2310 2922 2324 2959 :
2362 2924 2383 2958 ι
2421 2905 2621 2961 Pellem
2673 2919 2771 2975 pro
2810 2905 2972 2974 pelle,
3018 2911 3073 2959 et
3121 2915 3314 2957 cuncta
3347 2916 3468 2970 quae
3504 2900 3687 2964 habet,

2112 2996 2265 3053 dabit
2298 2998 2461 3052 homo
2497 3012 2594 3066 pro
2617 2998 2798 3050 anima
2834 3012 2957 3058 sua,
3006 3012 3024 3046 ι
3064 2993 3116 3047 id
3137 3002 3220 3048 est
3253 3006 3351 3062 pro
3379 2992 3510 3046 vita.

2188 3087 2348 3143 Vens.
2386 3089 2473 3151 ll,
2521 3088 2612 3141 12.
2681 3107 2699 3138 ι
2758 3084 2934 3141 Nolite
2994 3085 3287 3139 detrahere
3342 3084 3686 3145 alterutrum,

430 3172 608 3229 λαλεῖν
640 3174 896 3245 ἀδελφοῦ,
934 3178 967 3247 ἢ
1012 3177 1215 3248 κρίνων
1246 3178 1332 3232 τὸν
1366 3180 1591 3249 ἀδελφὶν
1631 3161 1794 3235 αὑτοὺ
1836 3201 2004 3236 κατα-

2113 3180 2328 3237 l’ratres.
2359 3161 2726 3247 Qui-detrahit
2760 3179 2937 3243 fratri,
2969 3187 3062 3230 aut
3082 3179 3175 3246 qui
3223 3176 3435 3245 judicat
3467 3174 3686 3228 fratrem

429 3265 585 3322 λαλεῖ
608 3270 797 3340 νόμου,
833 3270 927 3323 καὶ
965 3271 1141 3340 κρίνει
1170 3274 1356 3342 νόμον.
1397 3274 1461 3328 El
1494 3277 1550 3328 δὲ
1581 3277 1744 3345 νόμον
1779 3279 2005 3345 κρίνεις,

2117 3288 2311 3336 suum,
2346 3272 2586 3327 detrahit
2622 3271 2752 3341 legi,
2810 3279 2865 3324 et
2915 3270 3124 3340 iudicat
3163 3269 3358 3338 legem.
3422 3266 3478 3321 Si
3510 3279 3688 3322 autem

430 3360 530 3412 οὐκ
563 3357 614 3414 εί
664 3361 895 3432 ποιητὴς
961 3362 1149 3433 νόμον,
1200 3364 1335 3418 ἀλλά
1385 3366 1602 3438 κριτής.
1663 3363 1755 3431 Εἷς
1802 3370 1951 3422 ἐστιν
1981 3372 2009 3424 ὁ

2113 3365 2322 3435 iudicas
2343 3367 2537 3435 legem,
2564 3379 2744 3419 nones
2771 3362 2944 3417 factor
2972 3362 3125 3432 legis,
3160 3362 3255 3417 sed
3303 3360 3495 3430 iudex.
3532 3360 3685 3415 Unus

431 3452 729 3522 νομοθέτης
759 3453 856 3506 καὶ
894 3455 1109 3521 κριτὴς.
1142 3455 1170 3507 ό
1207 3455 1503 3520 δυνάμενος
1554 3459 1729 3511 σῶσαι
1754 3461 1847 3512 καὶ
1874 3462 2009 3514 ἀπο-

429 3541 603 3597 λέσαι.
643 3562 661 3595 ι
696 3540 817 3597 Οἷδε
868 3546 969 3613 τὴν
1043 3548 1424 3616 ὑπερηφανίαν
1467 3548 1525 3614 ἐξ
1568 3549 1866 3622 ὑπεροψίας
1916 3553 2009 3605 καὶ

432 3632 767 3694 καταλαλιᾶς
803 3635 973 3686 κινεῖν
1004 3636 1146 3688 κατά
1175 3635 1284 3688 τῶν
1318 3638 1578 3690 ἐπιεικῶν
1619 3639 2010 3707 ἐπειγομένους

432 3726 511 3787 εἰς
538 3726 776 3796 παντελῆ
799 3726 1169 3791 ὲξουδένωσιν.
1189 3727 1393 3781 Τούτου
1423 3729 1517 3783 οὖν
1540 3729 1768 3796 ἀπάγων
1790 3731 2003 3797 αὐτοὺς,

430 3817 518 3869 διὰ
560 3816 668 3871 τῶν
700 3818 1077 3888 προκειμένων
1113 3820 1466 3889 σωφρονίζειν
1510 3820 1776 3890 βούλεται.
1825 3822 1897 3874 Τὸ
1928 3822 2006 3885 δὲ,

438 3927 457 3958 ι
489 3908 697 3977 κρίνειν
744 3907 989 3981 [Ῑ.-νει]
1021 3911 1206 3978 νόμον,
1238 3930 1264 3963 θ
1320 3913 1440 3965 ἀντὶ
1492 3912 1611 3975 τοῦ,
1667 3912 2006 3977 κατακρίνει,

432 4004 788 4070 καταφρονεῖ.
840 4000 899 4054 '0
951 4003 1060 4070 γάρ
1098 4003 1439 4071 κατακρίνων
1483 4003 1591 4055 ἀπὸ
1657 4003 2005 4073 καταφρονή-

435 4108 575 4155 σεως
606 4093 764 4146 τοῦτο
794 4096 958 4149 ποιεῖ.
995 4095 1152 4146 Ποῖον
1178 4092 1232 4146 δὲ
1265 4094 1427 4164 νόμον
1455 4111 1470 4161 ;
1510 4093 1732 4164 Πρῶτον
1775 4096 1873 4164 μὲν
1914 4093 2006 4148 τὸν

430 4183 820 4253 διαγορεύοντα
842 4201 858 4219 ο
893 4205 911 4237 ι
947 4184 1039 4254 Μὴ
1073 4185 1311 4248 κρίνετε,
1346 4186 1438 4238 καὶ
1471 4186 1530 4238 οὑ
1564 4185 1638 4256 μὴ
1674 4185 1901 4257 κριθῆτε
1936 4202 1950 4216 ·
1983 4205 2001 4239 ι

2110 3470 2193 3515 est
2220 3457 2497 3528 legislator
2532 3464 2585 3509 et
2609 3456 2776 3526 judcx
2807 3455 2898 3523 qui
2954 3463 3129 3524 potest
3182 3453 3408 3522 perdere
3456 3461 3507 3509 et
3556 3455 3691 3529 libet

2110 3566 2256 3608 rare.
2292 3568 2309 3602 ι
2347 3548 2509 3604 Novit
2541 3549 2842 3619 apostolus,
2865 3548 3177 3617 superbiam
3202 3562 3317 3610 eos,
3352 3546 3444 3615 qui
3499 3556 3692 3600 contra

2110 3644 2272 3697 mites
2296 3642 2567 3703 nituntur,
2595 3655 2659 3693 ex
2689 3640 2940 3708 neglectu
2993 3645 3049 3691 et
3102 3637 3441 3692 detractione
3469 3635 3536 3689 ad
3573 3650 3693 3704 pcr-

2111 3732 2314 3787 fectum
2348 3739 2721 3799 contemptum
2750 3728 3053 3796 impellere.
3096 3727 3178 3781 Ab
3252 3728 3355 3780 hoc
3408 3727 3573 3795 igitur
3632 3737 3693 3780 ut

2109 3822 2260 3891 ipsos
2316 3820 2635 3885 abduceret,
2692 3818 3010 3888 prepositis
3049 3818 3230 3872 verbis
3280 3817 3559 3871 modestos
3594 3833 3691 3873 cos

2109 3912 2337 3968 reddere
2366 3911 2581 3966 nititur.
2640 3911 2772 3965 lllud
2808 3906 2989 3964 autem
3046 3928 3064 3961 ι
3101 3911 3312 3977 judicat
3349 3928 3368 3960 ι
3427 3910 3529 3963 hoc
3570 3910 3691 3964 loco

2113 4001 2343 4073 perinde
2376 4002 2539 4069 valet,
2603 4015 2666 4055 ac
2717 4001 2964 4064 damnat,
3020 4000 3340 4055 contemnit.
3395 3999 3497 4064 Qui
3542 3999 3687 4053 enim

2109 4096 2461 4160 condemnat,
2495 4110 2559 4148 ex
2587 4101 2903 4163 contemptu
2927 4092 3029 4147 hoc
3062 4091 3217 4146 facit.
3242 4090 3438 4162 Legem
3462 4109 3474 4143 :
3499 4090 3693 4161 quam?

2108 4188 2298 4244 Primo
2340 4201 2485 4252 eain,
2515 4202 2639 4256 quae
2682 4187 2759 4238 ait
2805 4204 2820 4240 :
2884 4203 2904 4237 ι
2943 4183 3123 4239 Nolite
3173 4185 3434 4254 iudicare,
3474 4191 3533 4237 ut
3580 4198 3690 4239 non

436 4273 633 4328 ἔπειτα
661 4274 758 4328 καὶ
789 4276 882 4328 τὸν
911 4274 993 4347 [ὲν
1021 4274 1296 4347 Ψαλμοῖς]
1318 4293 1331 4306 ·
1390 4293 1409 4327 ι
1445 4277 1550 4329 Τὸν
1597 4276 2007 4330 καταλαλοῦντα

2113 4279 2428 4353 iudicemini
2458 4279 2567 4332 ⁸⁸.»
2605 4278 2816 4334 Deinde
2861 4293 3003 4342 eam,
3029 4294 3151 4348 qua:
3186 4279 3240 4331 in
3269 4276 3503 4332 Psalmis
3559 4280 3692 4332 sub-

431 4366 612 4440 λάθρα
647 4369 739 4423 τὸν
764 4369 990 4439 πλησίον
1022 4368 1211 4435 αὑτοῦ,
1245 4368 1434 4422 τοῦτον
1481 4369 1765 4433 ἐξεδίωκον
1801 4386 1817 4402 ο
1862 4388 1881 4421 ι
1913 4370 2009 4423 καὶ

2113 4373 2405 4435 indicatur,
2442 4369 2536 4425 ubi
2567 4369 2814 4425 dicitur:
2850 4388 2869 4419 ι
2903 4369 3288 4423 Detraltentem
3317 4376 3534 4423 secreto
3558 4384 3687 4438 pru-

432 4462 517 4515 ὅτι
584 4461 694 4516 ἀπὸ
754 4464 1213 4534 καταφρονήσεως
1262 4461 1421 4516 τοῦτο
1484 4463 1712 4530 γίνεται,
1771 4463 2005 4531 ἐπάγεισ

2113 4464 2258 4518 ximo
2291 4477 2414 4527 suo,
2456 4462 2607 4516 hunc
2638 4458 3090 4530 persequebar“.
3121 4478 3140 4511 ι
3176 4458 3242 4513 Ει
3269 4458 3530 4528 quoniam
3588 4459 3691 4513 hoc

436 4569 459 4607 ι
491 4554 554 4608 Εἰ
598 4554 654 4608 δὲ
702 4554 867 4620 νόμον
910 4556 1139 4624 κρίνεις,
1177 4557 1277 4608 οὐκ
1308 4551 1357 4607 εἴ
1383 4556 1614 4625 ποιητὴς
1639 4555 1832 4625 νόμου.
1874 4575 1892 4606 ι
1929 4545 2005 4606 Οὑ

2113 4570 2176 4610 ex
2209 4563 2528 4623 contemptu
2567 4553 2833 4623 procedit,
2864 4552 3148 4621 subiungit
3185 4567 3199 4602 :
3236 4569 3254 4601 ι
3297 4548 3351 4604 Si
3383 4560 3563 4604 autem
3593 4551 3690 4619 juc

428 4645 541 4715 γὰρ
583 4658 669 4707 τις
727 4648 1084 4714 καταφρονεῖ,
1113 4647 1229 4709 πῶς
1272 4646 1521 4711 ἀνέξεται
1578 4645 1669 4698 ὑπ’
1727 4645 1875 4715 αὐτῷ
1927 4644 2009 4699 ἔτι

2113 4644 2261 4700 dicas
2304 4645 2498 4715 legem,
2524 4659 2631 4698 non
2663 4659 2724 4698 es
2751 4641 2927 4697 factor
2984 4643 3137 4711 legis.
3165 4661 3186 4693 ι
3229 4640 3364 4707 Quis
3387 4642 3530 4696 enim
3553 4640 3691 4695 ferat

431 4735 533 4805 ζῇν
561 4754 574 4800 ;
610 4736 703 4805 Μὴ
736 4731 848 4800 οὖν,
887 4734 1073 4806 φησιν,
1124 4736 1418 4801 ὲξουδενῶν
1446 4736 1542 4791 καὶ
1571 4736 1761 4806 ὥσπερ
1794 4737 2008 4789 ἀντινο-

2113 4732 2294 4787 vivere
2330 4732 2433 4787 sub
2456 4747 2543 4797 eo,
2561 4747 2722 4801 quem
2751 4731 3098 4786 contemnit?
3123 4731 3237 4784 Non
3268 4730 3455 4799 igitur,
3486 4731 3691 4798 inquit,

432 4823 677 4894 μοθετῶν
713 4824 975 4879 διάκεισο.
1013 4825 1088 4878 Οὐ
1121 4827 1228 4897 γάρ
1278 4827 1490 4896 ἐφεῖταί
1531 4842 1634 4890 σοι,
1681 4825 1801 4890 ἐνὸς
1843 4825 2007 4896 μόνου

2113 4831 2461 4892 contemptor
2485 4823 2583 4885 sis,
2619 4837 2801 4891 neque
2835 4822 2981 4876 velut
3015 4822 3359 4878 contrarium
3412 4821 3693 4891 legislato‘

430 4915 584 4980 ὅντος
632 4916 924 4986 νομοθέτου
972 4915 1069 4969 τοῦ
1127 4918 1303 4981 Θεοῦ,
1357 4917 1453 4970 τοῦ
1500 4916 1801 4986 δυναμένου
1876 4917 2006 4980 τοὺς

431 5008 757 5078 παραϐάτας
777 5007 871 5061 τοῦ
892 5008 1057 5079 νόμου
1084 5008 1246 5062 αὑτοῦ
1278 5025 1298 5058 ι
1342 5007 1513 5060 σῶσαι
1537 5008 1631 5061 καὶ
1656 5007 1918 5061 ἀπολέσαι
1941 5021 1955 5035 ·
1982 5026 2000 5060 ι

431 5099 590 5153 τοῦτο
617 5101 727 5169 γάρ
762 5099 927 5168 νόμου
964 5103 1056 5153 κοιὶ
1094 5099 1407 5170 νομοθέτου,
1438 5098 1498 5150 τὸ
1525 5099 1649 5161 τοὺς
1681 5098 2003 5168 παραϐάτας

432 5193 598 5246 αὑτοῦ
620 5194 890 5261 τιμωρεῖν
912 5208 924 5221 ·
951 5191 1066 5244 ἀλλ’
1096 5191 1216 5261 οὐχὶ
1247 5190 1335 5254 σὺ,
1357 5191 1431 5252 ὡς
1543 5188 1625 5260 ὃς]
1654 5189 1815 5242 πλέον
1837 5189 2008 5257 (pluet-

436 5284 557 5355 ρίας
587 5284 739 5337 οὐδὲν
772 5282 939 5354 ἔχεις,
979 5282 1115 5337 ἀλλὰ
1150 5283 1409 5337 καὶκατὰ
1440 5282 1668 5334 σεαυτοῦ
1701 5281 1799 5350 τὴν
1826 5281 2006 5351 ψῆφον

431 5375 609 5443 ἄγεις.
666 5374 748 5429 Τὰ
785 5374 894 5447 γὰρ
942 5374 1084 5428 αὑτὰ
1142 5374 1215 5444 τῷ
1264 5371 1722 5442 καταλαλουμένῳ
1761 5370 1865 5424 ὑπὸ
1911 5371 2005 5425 σοῦ

432 5463 624 5530 ποιῶν,
660 5465 718 5518 ὲν
766 5465 876 5535 ὅσῳ
923 5465 1112 5518 τοῦτον
1154 5464 1525 5534 κατακρίνεις,
1576 5462 1798 5515 σεαυτὸν
1841 5478 2010 5517 κατα-

432 5554 658 5624 κρίνεις.

506 5759 549 5830 j’
579 5756 738 5830 Joau.
769 5775 834 5830 a,
877 5759 957 5816 10.
1040 5761 1084 5794 ³⁸
1124 5760 1228 5821 lsa.
1256 5778 1449 5830 χχχιιι,
1475 5761 1565 5817 22.
1645 5762 1687 5795 ³⁷
1714 5758 1819 5818 lsa.
1850 5777 1901 5827 ιι,
1948 5762 2033 5817 Η.

435 5826 479 5861 ἰτ
504 5825 647 5886 Paul.
677 5845 731 5894 ο,
760 5828 814 5884 5.

2110 4929 2226 4968 rem
2254 4921 2307 4969 te
2337 4914 2579 4975 habeas;
2605 4928 2783 4981 neque
2810 4913 2956 4968 enim
2990 4914 3092 4968 hoc
3127 4914 3224 4968 tibi
3254 4921 3347 4966 aut
3403 4914 3550 4979 licet,
3599 4921 3694 4968 aut

2112 5005 2333 5076 expedit
2365 5022 2378 5056 :
2420 5023 2439 5055 ι
2470 5003 2627 5059 Unus
2656 5007 2907 5061 estenim
2957 5006 3239 5077 legislator
3269 5006 3433 5069 Deus,
3461 5005 3553 5076 qui
3593 5021 3694 5073 po-

2112 5105 2218 5151 teSt
2262 5114 2281 5148 ι
2310 5103 2751 5165 transgressores
2792 5115 2811 5145 ε
2851 5099 3079 5166 perdere
3098 5106 3151 5152 et
3207 5098 3456 5151 liberare.
3497 5116 3516 5148 ι
3557 5096 3666 5165 Spe

2113 5197 2225 5242 ctat
2251 5189 2395 5245 enim
2427 5190 2492 5243 ad
2528 5189 2702 5257 legem
2764 5196 2818 5245 et
2846 5189 3211 5260 legislatorem
3270 5190 3354 5243 sui
3400 5189 3694 5243 violatores

2116 5296 2274 5352 poena
2307 5281 2487 5337 debita
2518 5283 2789 5351 plectere,
2814 5296 2923 5336 non
2957 5296 3085 5337 vero
3115 5282 3181 5334 ad
3238 5290 3309 5342 te,
3356 5280 3452 5350 qui
3498 5290 3695 5349 pra-ter

2115 5388 2377 5444 uugacem
2449 5374 2837 5443 loquacitatem
2908 5374 3045 5429 nihil
3121 5374 3313 5429 habes.
3385 5373 3581 5429 Verum
3637 5381 3694 5429 et

2122 5474 2311 5520 contra
2344 5465 2576 5535 teipsum
2607 5464 2880 5520 calculum
2925 5464 3076 5519 fers:
3126 5479 3251 5517 cum
3285 5465 3431 5518 enim
3478 5463 3692 5531 eadem,

2126 5574 2189 5612 ac
2218 5557 2288 5623 is,
2321 5557 2410 5612 cui
2441 5558 2705 5620 detrahis,
2729 5557 2845 5627 ipse
2874 5556 3065 5621 facias,
3099 5559 3199 5610 hoc
3226 5556 3345 5624 ipse
3380 5554 3690 5626 quodillum

2120 5648 2477 5714 condemnas,
2516 5658 2567 5703 le
2587 5647 2943 5703 Condcmnas.
3074 5634 3079 5637 Δ
3213 5631 3227 5644 ”

2141 5762 2185 5796 ³⁸
2221 5762 2365 5818 Psal.
2407 5777 2574 5827 vau,
2611 5764 2663 5816 7.
2746 5760 2934 5844 a1.Job
2974 5776 3035 5831 ιι,
3075 5764 3129 5819 4.
3208 5764 3255 5797 ⁸ο
3285 5764 3476 5820 Matth.
3509 5780 3603 5829 vn,
3636 5760 3688 5819 Ι.
