4120 6436
468 385 608 452 1179

1373 381 1953 444 TllEOPUYLACTl
1993 380 2407 440 BlTLGARlA'i
2439 380 2798 440 ARCHIEP.

3585 377 3721 442 1180

541 495 702 551 Vens.
733 496 818 550 1'5.
854 515 872 546 ι
909 493 989 548 Tn
1023 503 1204 548 autem
1241 493 1366 564 quis
1392 509 1473 554 es,
1506 494 1597 561 qui
1620 491 1837 560 judicas
1863 491 2038 559 proxi-

2223 507 2242 540 ι
2282 489 2355 541 Σὺ
2391 489 2447 541 δὲ
2468 489 2552 552 τίς
2583 484 2651 552 εἰ,
2690 491 2718 542 ὁ
2745 488 2943 557 κρίνων
2977 489 3069 542 τὸν
3093 488 3317 558 πλησίον
3349 505 3363 553 ;
3407 508 3424 540 ι
3481 489 3720 556 Ἑξουδε-

468 605 616 644 tuum
644 589 693 643 in
731 587 1110 658 Exprobrandi
1133 601 1300 642 causa
1327 585 1499 654 gratia
1521 587 1622 638 hoc
1653 586 1749 645 ait,
1779 597 1843 636 ac
1871 583 1917 637 si
1951 583 2036 637 di-

468 694 654 739 ceret:
685 683 818 737 Cum
853 683 986 736 talis
1023 691 1079 735 tu
1118 680 1215 744 sis,
1257 679 1534 749 quomodo
1559 677 1730 731 audes
1765 676 2036 741 homines,

467 777 559 846 qui
625 775 869 846 ejusdem
934 783 1114 829 tecum
1182 781 1311 828 sunt
1357 770 1708 834 conditionis,
1758 766 2040 836 judicare?

472 888 491 920 ι
530 869 672 922 Ecce
704 866 868 938 3M
898 866 1149 935 nuncqui
1184 864 1366 918 dicitis
1398 877 1411 915 :
1449 861 1640 921 Hodie,
1665 872 1760 914 aut
1795 860 2038 914 crastino

464 960 668 1013 ibimus
697 960 750 1012 in
785 959 924 1011 illam
945 958 1242 1018 civitatem,
1299 963 1353 1010 et
1385 953 1649 1008 faciemus
1699 951 1771 1005 ibi
1822 951 2038 1019 quidem

467 1065 695 1113 annum,
720 1059 770 1104 et
795 1049 1187 1110 mercabimur,
1216 1054 1270 1101 et
1305 1048 1518 1100 lucrum
1554 1044 1838 1098 faciemus.
1879 1061 1897 1092 ι
1920 1041 2038 1094 Νοιι

468 1141 779 1194 facultatem
815 1139 1072 1208 oper-andi
1106 1139 1403 1203 inficiatur,
1435 1137 1528 1192 sed
1557 1137 1738 1198 docet,
1759 1134 1904 1204 quod
1930 1150 2038 1188 non

466 1240 640 1284 totum
669 1232 725 1286 in
758 1238 1026 1300 potestate
1061 1239 1250 1284 nostra
1285 1230 1391 1294 sit,
1458 1229 1553 1283 sed
1581 1228 1646 1281 ad
1681 1228 1782 1281 hoc
1804 1240 2040 1294 superna

462 1326 626 1379 etiam
659 1324 832 1393 gratia
857 1338 996 1391 opus
1019 1321 1341 1376 habeamus.
1375 1317 1562 1376 Potest
1582 1319 1726 1372 enim
1759 1319 1885 1388 quis
1911 1332 2036 1372 cur-

461 1429 604 1479 rere,
631 1421 684 1468 et
715 1413 1006 1480 negotiari,
1053 1421 1108 1466 et
1138 1411 1321 1466 omnia
1359 1427 1480 1480 qua:
1497 1411 1562 1463 ad
1589 1409 1752 1462 vitam
1781 1423 2040 1463 necessa-

463 1506 544 1560 ria
575 1515 724 1566 sunt,
768 1503 1250 1568 facere';attamen
1278 1518 1390 1556 non
1445 1501 1684 1572 propriae
1733 1500 2036 1565 industria,

465 1594 560 1650 sed
587 1594 786 1648 divinat
819 1593 1143 1664 benignitati
1177 1593 1228 1646 id
1256 1591 1538 1646 ascribere
1561 1590 1744 1645 debet.
1776 1589 1867 1643 Ait
1893 1588 2036 1643 enim

456 1686 730 1742 Jeremias
772 1705 784 1740 :
821 1685 968 1746 Scio,
1024 1685 1272 1749 Domine,
1337 1685 1466 1754 quia
1521 1700 1629 1739 non
1660 1691 1743 1738 est
1800 1681 2040 1738 hominis

462 1776 546 1829 via
577 1776 696 1844 ejus
724 1775 792 1830 ".
827 1795 847 1828 ι
913 1775 979 1829 Ει
1009 1775 1431 1830 Proverbiorum
1490 1782 1729 1828 auctor:
1769 1792 1788 1824 ι
1827 1772 1904 1825 Ne
1920 1773 2038 1842 glo-

461 1868 624 1923 rieris
652 1869 707 1923 in
739 1869 1072 1934 crastinum,
1125 1870 1410 1938 ignorans,
1471 1867 1601 1938 quid
1643 1874 2036 1936 superventura
2069 1879 2110 1933 Β

459 1958 637 2028 pariat
659 1961 777 2016 dies
807 1959 873 2014 ⁸³.
905 1980 927 2012 ι

529 2049 690 2105 Vsns.
739 2051 829 2106 M.
860 2069 880 2102 ι
899 2050 1001 2117 Qui
1041 2050 1330 2122 ignoratis,
1355 2049 1487 2119 quid
1521 2048 1627 2103 erit
1655 2048 1710 2102 in
1734 2048 2030 2102 crastino.)

462 2137 770 2196 Vanitatem
803 2144 925 2196 vita:
966 2151 1169 2198 nostra!
1238 2142 1504 2203 declarat,
1559 2139 1825 2208 nobisque
1850 2154 2041 2208 expro-

456 2231 598 2296 brat,
630 2233 775 2300 qnod
810 2235 863 2286 in
897 2233 1179 2300 hate,bona
1213 2240 1386 2287 totum
1413 2233 1536 2284 vita:
1569 2237 1774 2284 nostra:
1821 2236 2036 2298 tempus

456 2321 864 2389 impendamus,
913 2336 978 2375 ac
1000 2321 1147 2390 quod
1198 2321 1254 2374 in
1311 2319 1685 2388 temporaneis
1737 2317 1903 2373 malis
1950 2317 2037 2372 de-

464 2413 736 2482 pellendis
767 2413 950 2468 omnis
985 2412 1138 2490 labor
1165 2420 1350 2466 noster
1370 2411 1704 2466 insumatur.
1735 2409 1893 2467 Unde
1943 2408 2039 2462 Da-

455 2505 548 2560 vid
566 2503 614 2536 “
641 2522 656 2560 :
683 2524 702 2557 ι
728 2503 1138 2566 Verumtamen,
1171 2503 1369 2572 inquit,
1401 2504 1456 2558 in
1479 2503 1714 2573 imagine
1742 2501 2039 2570 pertransit

457 2595 644 2660 homo,
678 2595 770 2651 sed
805 2604 858 2651 et
885 2594 1102 2652 frustra
1132 2595 1532 2660 conturbatur;
1570 2613 1588 2646 ι
1620 2594 1874 2649 videlicet
1889 2593 2038 2645 circa

455 2685 510 2740 id
542 2686 686 2755 quod
719 2701 831 2740 non
883 2701 1013 2740 vere
1047 2692 1154 2751 est,
1216 2685 1313 2740 sed
1345 2685 1494 2740 velut
1543 2685 1597 2739 in
1657 2683 2038 2751 phantasmate

456 2775 839 2832 tantummodo
861 2775 1116 2831 subsistit
1143 2792 1157 2827 :
1179 2775 1284 2830 hoc
1304 2776 1504 2845 quippe
1527 2775 1796 2844 signillcat
1813 2773 2032 2842 imagu’:

453 2869 540 2923 vel
579 2869 723 2922 circa
769 2867 823 2922 id
850 2867 999 2937 quod
1071 2882 1182 2922 non
1218 2869 1382 2921 habet
1417 2866 1772 2931 soliditatem,
1820 2865 1914 2920 sed
1945 2880 2038 2920 so-

455 2959 568 3014 lum
611 2959 907 3030 quamdam
970 2957 1392 3015 similitudinem
1418 2967 1474 3014 et
1506 2959 1863 3014 simulacrum
1895 2971 2038 3010 verae

453 3052 601 3104 vitae.

529 3141 696 3196 Vens.
731 3141 818 3196 15.
860 3160 878 3192 ι
909 3142 1043 3208 Quae
1073 3151 1158 3197 est
1191 3145 1336 3197 enim
1362 3143 1470 3195 vita
1504 3140 1723 3196 vestra?
1759 3138 1937 3209 Vapor
1953 3145 2038 3193 est

2145 578 2411 642 νωτικῶς,
2442 578 2585 632 ἀντί’
2611 577 2878 641 Τοσοῦτος
2911 576 2987 630 ὢν
3023 578 3109 642 σὺ,
3141 579 3258 640 πῶς
3282 577 3486 647 τολμᾷς
3515 580 3720 648 κρίνειν

2144 671 2236 723 τὸν
2265 670 2569 741 ὁμοιοπαθῆ
2603 687 2618 736 ;
2664 689 2682 722 ι
2719 672 2854 737 Ἀγε
2899 670 3014 735 νῦν,
3063 672 3113 723 οἰ
3147 670 3395 739 λέγοντες
3425 687 3437 701 ·
3474 673 3720 741 Σήμερον

2146 766 2240 817 καὶ
2269 763 2460 833 αὔριον
2512 763 2891 834 πορευσόμεθα
2934 764 3014 822 εἰς
3057 764 3217 832 τήνδε
3271 764 3368 832 τὴν
3416 765 3591 828 πόλιν,
3626 765 3720 816 καὶ

2147 856 2465 924 ποιήσωμεν
2500 854 2744 926 [vulg.—
2787 854 2976 926 σομεν]
3012 855 3128 907 ἐκεῖ
3154 855 3398 908 ἐνιαυτὸν
3451 857 3568 917 ἕνα,
3624 856 3744 927 ml.”

2146 947 2616 1016 ὲμπορευσώμεθα
2658 943 3160 1018 [υιιίςμ-σόμεθα]
3215 948 3308 1000 καὶ
3367 947 3720 1017 κερδήσωμεν

2148 1039 2652 1112 [υιιίίι.-σομεν].ι
2722 1039 2796 1092 Οὐ
2850 1038 2950 1108 τὴν
2988 1037 3235 1102 ἐξουσίαν
3289 1041 3520 1108 ἀναιρεῖ,
3586 1040 3722 1093 ἀλλὰ

2144 1132 2434 1196 δείκνυσιν,
2489 1132 2662 1184 ὅτιού
2694 1132 2754 1185 τὸ
2795 1133 2904 1184 πᾶν
2951 1131 3116 1184 αὐτοῦ
3147 1133 3314 1196 ἐστιν,
3370 1131 3505 1184 ἀλλὰ
3549 1131 3720 1186 δεῖται

2146 1223 2240 1276 καὶ
2271 1224 2370 1292 τῆς
2397 1224 2510 1277 ἄνω
2533 1223 2772 1295 χάριτος.
2813 1225 2968 1275 Ἔστι
3002 1223 3100 1292 μὲν
3131 1225 3240 1293 γὰρ
3263 1225 3356 1275 καὶ
3383 1225 3596 1293 τρέχειν
3627 1227 3722 1276 καὶ

2145 1314 2574 1384 ἐμπορεύεσθαι,
2602 1316 2696 1368 καὶ
2726 1313 2906 1368 πάντα
2939 1314 3006 1367 τὰ
3039 1313 3173 1384 πρὸς
3215 1315 3274 1366 τὸ
3304 1312 3404 1384 ζῇν
3452 1317 3716 1384 ἐνεργεῖν,

2145 1406 2282 1460 ἀλλὰ
2327 1406 2401 1476 μὴ
2437 1408 2549 1469 τοῖς
2578 1407 2800 1470 οἰκείοις
2831 1406 3016 1470 πόνοις
3040 1403 3198 1459 τοῦτο
3229 1405 3556 1472 λογίζεσθαι,
3584 1407 3720 1461 ἀλλὰ

2145 1501 2210 1568 τῇ
2231 1498 2324 1552 τοῦ
2348 1498 2483 1551 Θεοῦ
2507 1499 2907 1569 φιλανθρωπίᾳ.
2929 1499 3066 1565 Φησί
3087 1498 3195 1567 γὰρ
3229 1497 3496 1566 Ἱερεμίας
3519 1513 3531 1525 ·
3565 1517 3582 1546 ι
3611 1496 3722 1548 Κύ-

2147 1607 2256 1660 ριε,
2287 1593 2387 1644 οὐκ
2417 1593 2472 1643 ὲν
2495 1591 2570 1659 τῷ
2598 1591 2868 1662 ἀνθρώπῳ
2895 1592 2928 1660 ἡ
2959 1592 3075 1653 ὁδὸς
3107 1591 3272 1644 αὐτοῦ
3301 1605 3317 1622 ³
3348 1610 3366 1642 ι
3394 1591 3488 1643 καὶ
3517 1594 3544 1644 ὁ
3575 1592 3723 1658 Παρ-

2145 1683 2457 1752 οιμιαστὴς,
2488 1702 2505 1734 ι
2540 1685 2631 1753 Μὴ
2661 1684 2850 1753 καυχῶ
2880 1683 2948 1737 τὰ
2971 1681 3050 1746 εἰς
3083 1682 3272 1753 αὔριον
3297 1700 3309 1713 ·
3347 1681 3408 1735 οὐ
3439 1683 3547 1753 γὰρ
3573 1677 3721 1745 οἰδιες

2143 1773 2196 1826 τί
2217 1773 2430 1837 τέξεται
2452 1775 2484 1846 ή
2514 1773 2762 1829 ἐπιοῦσα.
2795 1793 2813 1825 ι

2216 2057 2234 2090 ι
2276 2038 2487 2102 Οἰτινες
2534 2039 2634 2092 οὐκ
2675 2038 2967 2091 ἒπίστασθε
2998 2039 3056 2091 τὸ
3089 2039 3186 2109 τῆς
3213 2039 3421 2110 αὔριον.
3455 2059 3472 2091 ι
3509 2041 3581 2094 Τὸ
3614 2041 3719 2111 μά-

2137 2145 2286 2181 ταιον
2311 2129 2408 2196 τῆς
2436 2130 2712 2200 ἡμετέρας
2745 2130 3059 2198 ὑποφαίνων
3090 2129 3257 2200 ζωῆς,
3285 2133 3376 2186 καὶ
3413 2133 3716 2202 καταισχῦο

2139 2237 2246 2272 νων
2281 2221 2427 2290 ἡμᾶς
2477 2221 2548 2284 ὡς
2590 2223 2718 2290 περὶ
2752 2221 2909 2275 τοῦτο
2932 2223 2992 2275 τὸ
3024 2225 3130 2275 πᾶν
3158 2223 3577 2291 κατατρίϐοντες
3621 2230 3718 2296 τῆς

2140 2310 2306 2380 ζωῆς,
2339 2314 2419 2365 ὅτι
2450 2314 2508 2364 ὲν
2537 2313 2894 2384 προσκαίροις
2921 2317 3108 2375 κακοῖς
3133 2315 3160 2366 ὁ
3191 2316 3354 2378 κόπος
3385 2315 3538 2384 ήμῶν
3572 2315 3721 2380 ἄπας

2139 2403 2463 2457 ὲκτελείται.
2503 2403 2674 2456 Τοῦτο
2705 2405 2762 2456 δὲ
2799 2405 2894 2458 καὶ
2921 2404 3086 2458 Δαϐίδ
3129 2423 3292 2474 φησιν
3323 2421 3340 2436 ·
3399 2426 3414 2456 ι
3452 2408 3719 2476 Μέντοιγε

2139 2496 2194 2548 ὲν
2223 2495 2390 2548 εἰκόνι
2431 2478 2825 2565 διαπορεύεται.
2871 2497 3178 2567 ἄνθρωπος,
3237 2497 3380 2569 πλὴν
3416 2498 3598 2568 μάτην
3625 2515 3722 2551 τα-

2141 2587 2418 2658 ράσσεται.
2457 2605 2474 2638 ι
2529 2587 2819 2653 Τουτέστι,
2871 2590 2998 2660 περὶ
3041 2590 3101 2643 τὸ
3155 2591 3228 2660 μὴ
3296 2588 3376 2655 ὃν,
3426 2590 3543 2643 ἀλλ’
3597 2591 3720 2644 ὅσον

2139 2681 2196 2732 ἐν
2224 2681 2469 2748 φάσματι
2499 2679 2799 2751 ὑποστῆναι
2828 2697 2841 2712 ·
2867 2683 3106 2734 τοιοῦτον
3158 2683 3264 2752 γὰρ
3325 2684 3358 2752 ή
3414 2683 3577 2736 εἰκὼν
3612 2699 3625 2712 ο
3685 2680 3718 2752 ἢ

2141 2773 2270 2841 περί⁵
2308 2772 2367 2824 τὸ
2397 2773 2470 2842 μὴ
2517 2774 2951 2839 αὐθυπόστατον,
2987 2773 3102 2828 ἀλλ’
3133 2777 3256 2830 ὅσον
3286 2778 3342 2829 ἐν
3379 2777 3715 2848 ἀφομοιώσει

2139 2861 2235 2914 καὶ
2260 2861 2510 2930 εἰκασμῷ
2540 2861 2636 2932 τῆς
2664 2862 2830 2928 ὅντως
2866 2864 3262 2938 προϐαινούσης
3287 2866 3448 2937 ζωῆς.

2215 3158 2233 3191 ι
2279 3138 2413 3193 Ποία
2469 3104 2646 3213 γὰρὴ
2704 3141 2819 3212 ζωὴ
2867 3141 3067 3213 ήμῶν;
3123 3140 3313 3214 Ἀτμίς
3365 3145 3472 3215 γάρ
3509 3146 3655 3200 ἐστιν
3684 3149 3716 3215 ή

454 3236 525 3288 ad
553 3234 828 3288 modicum
865 3250 1088 3304 parcns,
1142 3244 1198 3289 et
1253 3234 1516 3302 deinceps
1557 3231 2032 3287 exterminabitur.

2141 3234 2278 3301 πρὸς
2341 3211 2918 3306 ὀλίγονῗφαινομένη
2961 3235 3153 3291 ἔπειτα
3214 3211 3271 3290 δὲ
3326 3211 3714 3308 ἀςρανιζομένηξ

453 3324 560 3380 Pro
599 3341 666 3381 eo
692 3334 751 3380 ut
790 3327 988 3382 dicatis
1016 3326 1108 3383 :Si
1137 3327 1398 3382 Dominus
1446 3324 1698 3387 voluerit,
1733 3335 1788 3378 et
1813 3323 1860 3378 si
1885 3322 2035 3378 vixe-

452 3419 653 3485 rimus,
709 3417 974 3473 faciemus
1005 3420 1110 3473 hoc
1140 3419 1225 3473 vel
1250 3418 1407 3471 illud.
1438 3435 1458 3469 ι
1495 3445 1565 3456 -
1600 3434 1619 3468 ι
1672 3414 1857 3484 Vapor
1891 3433 1908 3466 ι
1953 3425 2038 3470 est

451 3509 823 3577 compositum
886 3509 1160 3576 quoddam
1207 3523 1428 3562 aereum
1459 3524 1526 3563 ex
1554 3509 1714 3577 igneo
1744 3507 1948 3570 calore,
1984 3519 2038 3563 et

457 3597 792 3653 humiditate
829 3599 1113 3662 exhalans,
1151 3599 1435 3653 minimam
1490 3600 1700 3654 habens
1733 3598 2038 3653 subsisten-

461 3687 593 3742 tiam
626 3690 730 3742 :ob
750 3703 1021 3743 summam
1056 3689 1203 3742 enim
1238 3687 1553 3742 tenuitatem
1580 3704 1607 3739 a
1640 3688 2037 3741 circumstante

449 3792 686 3847 corpore
713 3777 822 3832 cito
838 3777 1092 3847 dejicitur
1117 3793 1184 3834 ac
1208 3777 1550 3842 dissolvitur,
1578 3779 1725 3833 velut
1784 3778 2035 3834 modicus

460 3869 658 3923 humor
702 3870 759 3924 in
801 3885 963 3940 aqua.
1023 3870 1160 3925 lluic
1190 3871 1359 3941 igitur
1391 3870 1558 3924 vitam
1600 3880 1842 3924 nostram
1878 3885 2034 3924 com-

457 3967 637 4027 parat,
660 3968 716 4013 et
757 3961 980 4030 quidem
1029 3977 1294 4030 congrue.
1353 3961 1492 4016 Cum
1546 3978 1678 4016 vero
1729 3963 2030 4016 orationem

454 4050 638 4106 haece.
656 4054 1500 4125 comparationeintercepisset,
1533 4070 1725 4109 rursus
1758 4055 1825 4109 ad
1861 4055 2032 4124 ipsam

452 4141 791 4209 regrediens,
835 4157 1183 4212 consequens
1206 4145 1327 4213 ejus
1361 4145 1669 4199 membrum
1726 4145 1985 4213 proponit
2017 4162 2030 4197 :

450 4227 527 4284 ita
557 4231 930 4301 enimintegra
958 4249 1016 4286 se
1039 4234 1201 4287 habet
1228 4250 1240 4287 :
1273 4251 1292 4283 ι
1335 4232 1472 4288 Ecce
1496 4235 1979 4304 nunc,'quidicilis
2017 4254 2031 4289 :

453 4317 628 4374 llodie
664 4330 759 4375 aut
791 4323 1033 4377 crastino
1059 4323 1262 4378 ibimus
1315 4325 1368 4377 in
1414 4325 1561 4378 illam
1621 4326 1922 4390 civitatem,
1980 4335 2035 4381 et

455 4411 725 4468 faciemus
749 4413 821 4467 ibi
857 4414 1077 4483 quidem
1135 4430 1365 4480 annum,
1425 4424 1480 4468 et
1533 4417 1925 4482 mercahimur,
1981 4427 2034 4473 et

2152 3324 2300 3380 Ἀντὶ
2329 3328 2421 3380 τοῦ
2466 3328 2644 3396 λέγειν
2678 3329 2820 3397 ὑμᾶς
2849 3345 2862 3358 °
2911 3329 3038 3382 Ἐὰν
3077 3329 3104 3381 ὁ
3139 3330 3344 3400 Κύριος
3389 3329 3591 3401 θελήσῃ
3628 3328 3719 3382 καὶ

2140 3420 2418 3488 ζήσωμεν,
2477 3422 2570 3472 καὶ
2619 3422 2936 3491 ποιήσωμεν
2976 3418 3411 3493 Ῑυαί9.--σομεν]
3458 3421 3636 3484 τοῦτο,
3684 3421 3714 3489 ἦ

2139 3512 2473 3563 ὲκεῖνο.ι-ι
2520 3511 2710 3580 Ἀτμίς
2756 3530 2774 3563 ι
2817 3513 2934 3564 ἐστι
2991 3512 3252 3576 σύστασις
3315 3510 3560 3586 ἁερώδης
3613 3515 3721 3568 ἀπὸ

2141 3600 2393 3670 ἐμπύρου
2421 3600 2668 3668 θάλψεως
2703 3601 2760 3667 ἐξ
2783 3604 3078 3673 ὑγρότητος
3109 3605 3560 3676 ἀναθυμιωμὲνη,
3597 3607 3720 3659 ἐλα-

2137 3689 2329 3760 χίστην
2365 3690 2465 3760 τὴν
2492 3689 2749 3745 ὑπόθεσιν
2779 3691 3006 3761 ἔχουσα.
3037 3694 3135 3747 Διά
3173 3700 3282 3766 γὰρ
3322 3697 3420 3766 τὴν
3450 3696 3588 3766 ἄγαν
3633 3697 3718 3749 λε-

2140 3781 2381 3849 πτότητα
2414 3783 2624 3852 ταχέως
2655 3782 2816 3855 [deest
2857 3785 2984 3857 ὑπὸ]
3025 3787 3117 3840 τοῦ
3152 3789 3494 3859 περιέχοντος
3526 3792 3719 3859 ἀφανίι

2138 3869 2311 3936 ζεται,
2343 3869 2598 3942 χωροῦσα
2641 3875 2778 3944 πρὸς
2815 3873 2975 3928 τοῦτο
3009 3878 3103 3930 καὶ
3151 3878 3496 3950 διαλυομένη,
3588 3883 3722 3936 καθ-

2139 3963 2282 4032 άπερ
2312 3962 2448 4032 πρὸς
2476 3963 2619 4034 ὕδωρ
2647 3963 2821 4034 μικρὰ
2841 3967 3006 4028 νοτίς.
3029 3967 3270 4037 Τοιούτῳ
3294 3971 3597 4038 παρείκασε
3621 3973 3719 4041 τὴν

2136 4053 2414 4123 ἡμετέραν
2445 4053 2613 4124 ζωήν,
2658 4056 2752 4107 καὶ
2787 4055 2932 4124 μάλα
2984 4057 3280 4127 εὐστόχως.
3323 4061 3716 4132 Μεσςλαΰήσας

2135 4143 2190 4196 δὲ
2217 4143 2294 4213 τῷ
2324 4144 2552 4213 τοιούτῳ
2590 4145 2949 4217 ὑποδείγματι
2979 4149 3070 4202 τὸν
3100 4149 3274 4217 λόγον,
3318 4148 3478 4204 πάλιν
3499 4153 3555 4218 ἐξ
3583 4155 3718 4205 ὑπο-

2138 4238 2379 4306 στροφῆς
2418 4235 2712 4290 ἀποδίδωσι
2743 4237 2805 4290 τὸ
2849 4240 3142 4294 ἀκόλουθον
3194 4242 3363 4310 αὐτῷ.
3409 4245 3565 4296 Ἔστι
3607 4245 3714 4315 γὰρ

2135 4325 2352 4388 οὕτως·
2418 4346 2438 4379 ι
2489 4329 2626 4396 Ἀγε
2681 4327 2800 4396 νῦν,
2859 4333 2907 4383 οἰ
2965 4332 3258 4398 λέ·;οντες⁶
3308 4336 3556 4405 Σήμερον
3620 4339 3713 4390 καὶ

2136 4413 2325 4485 αῦριον
2361 4418 2742 4487 πορευσόμεθα
2769 4421 2850 4483 εἰς
2879 4421 3036 4490 τήνδε
3071 4422 3167 4492 τὴν
3195 4422 3370 4487 πόλιν,
3413 4426 3506 4477 καὶ
3554 4426 3714 4495 ποιήδ

453 4503 667 4558 lucrum
703 4505 993 4562 faciemus.
1037 4527 1056 4559 ι
1125 4507 1425 4577 Oportebat
1463 4518 1522 4563 ut
1577 4508 1867 4564 diceretis:
1899 4529 1917 4562 ι
1974 4511 2030 4565 Si

2141 4524 2318 4579 σωμεν
2366 4510 2482 4562 ἐκεῖ
2505 4512 2751 4566 ἐνιαυτὸν
2780 4512 2896 4577 ἕνα,
2939 4514 3033 4566 καὶ
3067 4515 3559 4585 ἐμπορευσὼμεθα,
3623 4519 3716 4570 καὶ

454 4597 721 4652 Dominus
778 4597 1028 4664 voluerit,
1061 4610 1117 4652 et
1147 4599 1414 4664 vivemus,
1441 4599 1706 4654 faciemus
1761 4599 1865 4655 hoc
1936 4610 2033 4655 aut

457 4687 619 4743 illud.
649 4707 668 4739 ι

523 4779 690 4834 Vens.
726 4779 812 4834 16.
852 4798 872 4831 ι
923 4779 1080 4835 Nunc
1110 4790 1291 4836 autem
1327 4782 1618 4841 exsultatis
1643 4779 1758 4854 (41)
1792 4784 1847 4836 in
1883 4798 2038 4839 arro-

453 4873 656 4938 gantiis
676 4874 893 4928 vestris.
948 4894 967 4926 ι
999 4875 1322 4944 Quanquam
1347 4877 1484 4931 ordo
1497 4879 1714 4946 exigere
1731 4877 2035 4942 videbatur,

2135 4599 2502 4670 κερδανοῦμεν
2528 4617 2540 4629 ”
2577 4622 2595 4653 ι
2635 4603 2753 4667 ἐξὸν
2796 4602 2975 4670 λέγειν
3010 4606 3154 4674 ὑμᾶς
3185 4622 3200 4637 ·
3228 4626 3246 4659 ι
3297 4608 3420 4659 Ἐὰν
3454 4610 3480 4661 ὀ
3513 4607 3718 4678 Κύριος

2135 4690 2358 4763 θελήσῃ,
2393 4694 2489 4747 καὶ
2511 4694 2792 4764 ζήσωμεν,
2820 4695 2915 4749 καὶ
2940 4697 3258 4767 ποιήσωμεν
3289 4697 3349 4751 τὺ
3379 4699 3473 4752 καὶ
3499 4700 3579 4752 τό.
3620 4719 3639 4750 ι

2215 4803 2233 4835 ι
2274 4784 2385 4839 Νῦν
2416 4784 2473 4838 δὲ
2518 4787 2794 4856 καυχᾶσθε
2839 4789 2898 4841 ὲν
2943 4790 3064 4852 ταῖς
3105 4789 3450 4855 ἀλαζονείαις
3481 4791 3656 4860 ὑμῶν.
3691 4811 3709 4844 ι

2137 4873 2322 4937 Οῦτως
2370 4876 2521 4939 ὄντος
2553 4879 2647 4930 τοῦ
2692 4879 3008 4944 ἀκολούθου,
3069 4881 3129 4934 οὐ
3179 4881 3334 4935 τοῦτο
3378 4886 3543 4950 ποιεῖ,
3579 4883 3716 4938 em

453 4973 516 5016 ut
549 4963 648 5016 hoc
671 4974 826 5018 antea
859 4965 1082 5029 diceret,
1119 4983 1226 5021 non
1253 4975 1430 5022 tamen
1456 4969 1526 5022 ita
1560 4970 1715 5034 fecit;
1749 4971 1842 5024 sed
1875 4971 2038 5024 abru-

2141 4965 2402 5034 διακόψας
2431 4966 2510 5037 τῷ
2544 4970 2950 5041 παραδείγματι
2978 4973 3078 5042 τὴν
3105 4972 3385 5044 συνέχειαν
3408 4975 3501 5027 τοῦ
3529 4977 3710 5043 λόγου,

455 5064 550 5123 pto
582 5055 843 5125 tantisper
883 5072 977 5126 per
1016 5059 1397 5128 interpositum
1433 5063 1739 5129 exemplum
1775 5063 2038 5118 orationis

2143 5059 2280 5126 μετὰ
2319 5060 2492 5114 ταῦτα
2528 5063 2798 5132 ἐπήνεγκε
2831 5066 2889 5117 τὸ
2917 5066 3187 5128 ἐλλεῖπον,
3230 5067 3442 5135 φθάσας
3494 5069 3580 5121 διὰ
3617 5071 3713 5136 τῆς

454 5158 622 5211 nexu,
658 5154 716 5199 ut
741 5147 1035 5200 vanitatem
1060 5149 1434 5217 occupationis
1468 5159 1670 5205 nostrae
1709 5151 1856 5206 circa
1889 5152 2037 5205 hunc

2141 5151 2231 5203 τοῦ
2258 5153 2585 5221 πράγματος
2622 5158 2832 5218 εἰκόνος
2863 5156 2922 5210 τὺ
2961 5159 3193 5227 μάταιον
3236 5159 3510 5224 ὑποδεῖξαι
3533 5159 3626 5212 τοῦ
3655 5160 3716 5223 ἐξ

452 5240 746 5301 mundum,
776 5239 938 5308 cujus
972 5253 1138 5294 causa
1175 5240 1432 5308 superbia
1457 5249 1562 5302 est,
1591 5242 1824 5310 imagine
1859 5242 2037 5309 aliqua

2141 5242 2456 5306 ἀλαζονείας
2502 5247 2630 5314 περὶ
2676 5247 2827 5301 τόνδε
2885 5249 2977 5301 τὸν
3039 5249 3244 5319 κόσμον
3299 5247 3711 5319 περισπασμοῦ.

449 5336 897 5395 demonstraret,
935 5345 1120 5401 postea
1153 5335 1457 5404 subjunxit,
1490 5335 1638 5404 quod
1692 5336 1895 5389 deerat.
1949 5335 2038 5390 Sic

2142 5335 2297 5388 Ἐστι
2329 5335 2437 5406 γὰρ
2469 5334 2643 5400 οὕτως
2671 5355 2685 5369 ·
2734 5361 2752 5392 ι
2798 5341 3087 5410 Καυχᾶσθε
3139 5344 3194 5395 ὲν
3223 5343 3342 5404 ταῖς
3373 5342 3711 5405 ἀλαζονείαις

449 5426 595 5479 enim
625 5425 925 5480 sermoiste
953 5441 1012 5480 se
1038 5425 1200 5481 habet
1233 5444 1246 5480 :
1283 5445 1302 5479 ι
1332 5426 1629 5480 Exsultatis
1673 5425 1726 5480 in
1775 5441 2038 5496 arrogan-

2141 5426 2310 5496 ὑμῶν.
2354 5445 2373 5478 ι
2433 5428 2632 5496 Τίνες;
2699 5451 2716 5484 ι
2751 5433 2962 5497 Οἵτινες
3028 5434 3127 5487 οὐκ
3192 5432 3486 5487 ἐπίστασθε
3532 5432 3590 5487 τὸ
3633 5435 3712 5496 εἰς

534 5577 579 5607 ⁸³
609 5575 815 5634 Jcrem.
839 5578 1008 5643 3,23.
1083 5577 1129 5608 ⁸³
1160 5576 1322 5632 Prov.
1357 5593 1528 5645 xxvii,
1571 5579 1622 5631 1.
1699 5575 1747 5606 ⁸⁸
1768 5575 1915 5631 Psal.
1957 5591 2186 5641 xxxviii,
2223 5579 2278 5631 7.

1583 5696 1891 5761 Bonifacii
1938 5697 2172 5761 l’inetti
2217 5709 2402 5761 nota).

520 5794 746 5854 MliGr.
773 5797 1077 5856 qloriamini
1109 5800 1161 5851 in
1197 5800 1470 5870 auperbiis.
