4120 6424
408 368 544 435 1183

1326 370 1901 433 THEOPHYLACTI
1935 368 2348 430 BULGARIA!
2390 371 2735 434 ARCHlEl’.

3540 371 3675 436 1134

402 489 455 543 in
493 490 868 545 testimonium
919 489 1075 545 vobis
1127 487 1292 559 34.6
1346 487 1469 548 erit,
1529 495 1584 537 et
1638 480 1960 535 mamlucabi

2091 478 2265 541 ἔσται,
2302 483 2396 534 καὶ
2424 482 2657 549 φάγετ“αι
2704 481 2804 545 τὰς
2838 483 3047 553 σάρκας
3101 484 3275 553 ὑμῶν.
3313 504 3332 537 ι
3368 484 3432 538 ⁸11
3489 487 3672 556 σῆψις,

398 596 598 637 carnes
642 593 855 639 vcsuas
907 583 1053 637 sicut
1110 581 1272 651 ignis.
1313 598 1332 632 ›
1368 577 1724 640 Putrefaetio,
1786 574 1984 642 inqttit,

400 674 738 742 divitiarum,
823 677 1150 730 vestimenta
1212 689 1243 727 a
1300 673 1462 726 tineis
1518 679 1782 729 comesta,
1830 683 1881 721 et
1912 684 1986 722 ae-

401 780 534 833 rugo
564 767 682 819 auri
712 776 763 820 ct
801 767 1014 836 argenti
1046 766 1415 820 testimonium
1448 763 1737 815 adtersum
1768 776 1864 812 vos
1891 760 1986 813 da-

395 856 523 910 bunt
537 897 551 919 ,
570 873 776 923 vosque
797 861 861 911 th
876 866 1051 911 vestra
1072 859 1363 911 tenacitate
1380 863 1696 923 coarguant.
1722 855 1982 919 Propter-

396 962 458 998 ea
491 946 543 998 in
566 946 1113 1007 noviSsimisdiebus.
1145 959 1341 1014 nempe
1370 944 1423 997 in
1475 943 1711 996 adventu
1743 942 1980 1007 Domini,

398 1038 686 1093 invenietis
712 1040 932 1092 divitias
969 1049 1179 1093 vestras
1208 1046 1467 1106 tanquam
1520 1036 1698 1106 ignem
1729 1035 1984 1090 recondi-

398 1135 511 1179 tum
547 1131 702 1183 vobis
744 1130 795 1181 in
836 1131 1195 1197 perditionem
1231 1173 1242 1184 .
1280 1130 1426 1196 quod
1486 1128 1804 1197 evangelico
1826 1128 1982 1181 diviti

396 1220 620 1272 az-cidit.
655 1239 671 1271 ι
718 1220 876 1274 Velut
911 1221 1050 1291 ignis
1072 1237 1230 1290 quem
1277 1220 1691 1275 thesaurizastis
1724 1220 1777 1274 in
1800 1221 1984 1275 novis-

394 1312 551 1365 simis
585 1313 802 1366 diebus.
846 1332 865 1365 ›
904 1313 1017 1367 lloc
1057 1313 1497 1367 connectendum
1528 1320 1613 1366 est
1643 1326 1767 1365 cum
1801 1331 1818 1362 ι
1845 1312 1982 1365 divi-

394 1403 482 1457 tiae
519 1416 712 1458 vestrae
751 1444 765 1466 ,
813 1423 830 1456 ι
891 1414 951 1459 ut
1002 1406 1084 1460 sic
1116 1421 1175 1460 se
1208 1406 1407 1458 habeat
1457 1422 1472 1461 :
1525 1402 1733 1457 Divitiae
1762 1410 1979 1468 vestrm,

392 1510 529 1561 quas
564 1497 709 1551 sicut
746 1496 925 1566 ignem
963 1497 1411 1561 tlu-saurizastis,
1451 1505 1507 1550 et
1581 1494 1784 1564 epulati
1846 1496 1981 1552 estis

394 1602 559 1653 super
591 1597 818 1652 terram,
844 1590 977 1643 etin
1021 1589 1257 1643 luxuriis
1280 1587 1483 1643 fuistis.

464 1676 628 1730 Vsus.
657 1678 713 1741 6,
740 1678 791 1732 5.
826 1696 844 1729 ι
885 1679 1021 1733 Ecce
1047 1694 1254 1734 merces
1289 1682 1688 1748 operariorum,
1725 1680 1813 1750 qui
1844 1695 1983 1736 mes~

390 1778 622 1820 suerunt
643 1768 895 1837 regiones
926 1776 1160 1833 vestras,
1180 1784 1301 1839 quae
1333 1770 1586 1823 fraudata
1618 1778 1703 1825 est
1738 1787 1765 1822 a
1798 1771 1973 1833 vobis,

393 1854 596 1907 clamat
633 1865 726 1910 :et
758 1858 966 1910 clamor
990 1866 1180 1913 eorum
1212 1859 1265 1912 in
1288 1875 1450 1914 aures
1481 1859 1695 1915 Domini
1733 1861 1972 1916 Sabaoth

391 1942 662 1996 introivit.
693 1942 909 2013 Epulati
936 1946 1071 2004 estis
1106 1961 1274 2016 super
1303 1956 1532 2010 terram,
1561 1956 1615 2004 et
1653 1951 1707 2003 in
1741 1951 1974 2006 luxuriis

388 2036 678 2091 cnutristis
711 2037 879 2091 corda
915 2046 1103 2093 vestra
1134 2039 1187 2092 in
1214 2040 1301 2093 die
1335 2040 1650 2096 occisionis.
1689 2061 1707 2093 ι
1739 2044 1972 2109 Querela

386 2124 478 2181 hic
505 2137 590 2182 est
626 2137 677 2183 et
713 2129 987 2199 digressio
1033 2131 1302 2187 adversus
1346 2130 1615 2189 Judaicos
1672 2136 1970 2204 principes,

386 2218 482 2286 qui
516 2219 890 2289 depascebant
940 2237 1236 2292 pauperes,
1278 2232 1333 2279 et
1371 2225 1627 2283 omnibus
1668 2226 1973 2285 honoribus

387 2309 822 2378 pinguescebaut
845 2352 860 2375 ,
902 2312 995 2367 scd
1025 2314 1471 2383 praeparabantur
1500 2316 1566 2369 ad
1607 2316 1830 2383 caedem,
1863 2317 1973 2373 Ro-

387 2415 675 2455 manorum
710 2404 962 2458 ntauibus
994 2405 1332 2460 subeundam
1360 2447 1374 2470 ,
1419 2416 1473 2462 et
1506 2411 1804 2477 praesertim
1836 2426 1975 2481 quo-

385 2491 533 2544 niam
558 2494 782 2546 unicum
806 2495 1014 2561 justum
1042 2494 1333 2552 Dominum
1358 2508 1608 2554 nostrum
1634 2502 1971 2570 condemna-

384 2592 535 2647 runt,
581 2595 774 2638 etnon
824 2588 1193 2656 resistentem,
1231 2606 1409 2660 neque
1458 2593 1785 2648 clamantem
1826 2596 1971 2650 occi-

383 2672 601 2728 derunt.
642 2673 793 2732 Unde
822 2679 1046 2735 subdit:

453 2856 617 2913 Vens.
650 2859 702 2914 6.
745 2879 763 2911 ι
802 2861 1111 2918 Addixistis
1142 2872 1196 2919 et
1225 2866 1512 2923 occidistis
1533 2868 1745 2924 Justum
1778 2882 1831 2927 et
1860 2888 1968 2928 non

379 2948 579 3001 restitit
625 2951 802 3005 vobis.
883 2971 902 3004 ι
966 2953 1163 3024 Negari
1229 2972 1336 3010 non
1400 2968 1599 3027 potest,
1658 2963 1963 3030 apostolum

380 3039 549 3103 hunc,
579 3043 714 3097 illud
753 3062 772 3094 ι
821 3045 1105 3101 occidistis
1138 3048 1349 3117 justum
1409 3071 1427 3102 ι
1464 3054 1668 3107 referre
1698 3056 1763 3109 ad
1809 3055 1967 3110 Chri-

2089 575 2244 638 φησὶ,
2273 571 2369 625 τοῦ
2400 573 2661 638 πλούτου,
2697 576 2816 644 ἤτοι
2846 576 2905 628 τὸ
2919 577 3265 647 σητόϐρωτον
3297 578 3404 631 τῶν
3424 580 3671 646 ἱματίων,

2086 662 2179 714 καὶ
2207 665 2235 715 6
2271 664 2347 727 ἰὸς
2375 665 2469 717 τοῦ
2503 665 2746 735 ἀργύρου
2775 667 2871 719 καὶ
2920 668 3017 720 τοῦ
3072 670 3277 739 χρυσοῦ
3314 687 3672 740 καταμαρτυ-

2092 755 2275 823 ροῦσιν
2303 756 2479 824 ὑμῶν,
2498 757 2793 828 ἐλέγχοντα
2822 760 2884 813 τὸ
2907 762 3244 831 ἀμετάδοτον
3270 764 3441 831 ὑμῶν.
3472 764 3564 816 Διὸ
3581 765 3674 817 καὶ

2087 847 2146 899 ἐν
2208 847 2464 916 ἐσχάταις
2515 852 2754 919 ἡμέραις
2794 850 2968 920 (λέγει
3024 852 3082 906 δὲ
3163 854 3263 923 τὴν
3306 854 3399 907 τοῦ
3467 854 3671 923 Κυρίου

2086 940 2414 1010 παρουσίαν)
2450 942 2712 1011 εὑρήσετε
2783 943 2873 994 τὸν
2925 942 3156 996 πλοῦτον
3229 946 3382 1014 ὑμῶν
3440 945 3514 1008 ὡς
3561 946 3672 1016 πῦρ

2085 1032 2451 1099 ταμιευθέντα
2482 1033 2611 1102 ὑμῖν
2634 1036 2715 1096 είς
2746 1034 3199 1107 ὄλεθρον..’⁹οπερ
3233 1036 3327 1089 καὶ
3351 1040 3378 1089 ὀ
3403 1039 3459 1087 ἐν
3492 1038 3671 1105 Εὐαγ-

2085 1123 2288 1189 γελίοις
2326 1124 2581 1197 πλούσιος
2600 1126 2826 1181 ἔπαθεν.
2861 1149 2878 1180 ι
2920 1129 3005 1192 Ὠς
3039 1130 3172 1200 πῦρ,
3206 1130 3234 1182 ὃ
3267 1130 3670 1200 ἐθησαυρίσατε

2083 1216 2142 1267 ὲν
2178 1217 2434 1284 ἐσχάταις
2466 1219 2724 1290 ἡμέραις.
2768 1240 2785 1272 ι
2816 1222 2986 1274 Τοῦτο
3042 1222 3181 1293 πρδς
3244 1223 3327 1287 τὸ,
3379 1241 3398 1274 τ
3457 1224 3667 1278 61:106-

2080 1323 2173 1367 τος
2226 1309 2401 1377 ὑμῶν,
2438 1330 2455 1361 ι
2486 1314 2815 1366 συντακτέον
2839 1331 2855 1347 ο
2892 1315 2978 1367 ἵνα
3090 1315 3298 1379 οὕτως’
3353 1317 3412 1373 '0
3442 1317 3670 1380 πλοῦτος

2083 1399 2346 1467 ὑμῶν,ὃν
2393 1402 2468 1466 ὡς
2535 1403 2645 1474 πῦρ
2703 1404 3126 1478 ἐθησαυρίσατε,
3177 1409 3271 1464 καὶ
3326 1411 3669 1483 ἐτρυφήσατε

2085 1491 2179 1545 ἐπὶ
2217 1495 2315 1564 τῆς
2343 1496 2467 1562 γῆς,
2506 1496 2602 1549 καὶ
2630 1499 3075 1571 ἐσπαταλήσατε.

2152 1707 2170 1741 ι
2227 1690 2358 1743 Ἰδοὺ
2409 1691 2436 1744 ὁ
2490 1691 2680 1762 μισθθς
2741 1693 2851 1747 τῶν
2883 1694 3134 1767 ἐργατῶν
3191 1697 3303 1752 τῶν
3329 1698 3665 1767 ἀμησάντων

2085 1779 2184 1839 τὰς
2221 1780 2406 1848 χώρας
2439 1782 2614 1849 ὑμῶν,
2642 1785 2669 1835 ὀ
2702 1784 3151 1856 ἀπεστερημένος
3195 1787 3290 1857 ἀφ’
3320 1789 3476 1857 ὑμῶν
3528 1792 3665 1862 κρά-

2079 1869 2164 1932 ζει
2185 1887 2198 1900 ·
2229 1873 2324 1925 καὶ
2346 1874 2402 1925 at
2434 1872 2554 1942 βοαὶ
2584 1874 2691 1927 τῶν
2708 1875 3044 1944 θερισάντων
3094 1879 3174 1941 είς
3223 1880 3291 1933 τὰ
3321 1874 3437 1934 ὦτα
3460 1883 3666 1953 Κυρίου

2078 1961 2304 2016 Σαϐαὼθ
2329 1965 2753 2036 είσελυλήθησαν
2782 1966 2945 2038 [υιιίρ.
2976 1970 3411 2045 εἰσεληλύθασιν]
3430 2016 3442 2027 .
3485 1975 3667 2045 Ἐτρυ-

2076 2056 2288 2125 φήσατε
2324 2058 2417 2111 ἐπὶ
2443 2058 2544 2127 τῆς
2591 2060 2699 2129 γῆς
2731 2062 2824 2115 καὶ
2874 2063 3309 2134 ἐσπαταλήσατε.
3368 2066 3666 2136 Ἐθρὲψατε

2073 2144 2170 2208 τὰς
2195 2147 2420 2216 καρδίας
2448 2148 2603 2217 ὑμῶν
2624 2151 2699 2214 ὡς
2731 2154 2792 2205 ἐν
2824 2153 3012 2224 ἡμέρᾳ
3067 2156 3309 2224 σφαγῆς.
3350 2175 3368 2206 ι
3406 2156 3667 2229 Καταϐοὴ

2075 2234 2171 2288 καὶ
2218 2238 2544 2311 καταδρομὴ
2577 2241 2686 2294 τῶν
2736 2241 3050 2297 Ἰουδαϊκῶν
3113 2247 3388 2316 ἀρχόντων
3433 2248 3667 2302 καταϐο-

2078 2330 2362 2399 σκομένων
2389 2334 2517 2397 τοὺς
2547 2335 2812 2404 πένητας,
2835 2338 2930 2390 καὶ
2964 2341 3331 2408 πιαινομένων
3362 2342 3479 2405 ταῖς
3513 2341 3665 2412 παρά

2075 2422 2297 2477 πάντων
2324 2427 2535 2495 τιμαῖς,
2591 2426 2708 2480 ἀλλ’
2738 2430 2818 2492 είς
2871 2432 3087 2501 σφαγὴν
3137 2434 3258 2493 ταῖς
3331 2432 3664 2502 Ῥωμαϊκαῖς

2075 2517 2298 2587 ἀρχαῖς,
2334 2521 2429 2571 καὶ
2465 2525 2587 2583 ταῖς
2649 2521 2857 2576 τούτων
2915 2527 3106 2595 χερσὶν
3162 2526 3659 2598 εὐτρεπιζομένων,

2071 2609 2168 2661 καὶ
2200 2610 2458 2684 μαλιστα,
2487 2613 2569 2666 ὅτι
2591 2613 2680 2668 τὸν
2710 2615 2870 2684 μόνον
2911 2615 3119 2670 δίκαιον
3155 2619 3519 2672 κατεδίκασαν
3546 2619 3662 2673 Κύ-

2072 2716 2211 2768 ριον,
2249 2683 2347 2755 καὶ
2399 2683 2721 2773 ἐφόνευσαν,
2770 2709 2870 2761 οὐκ
2904 2708 3173 2779 ἐρίζοντα,
3234 2711 3355 2764 οὐδὲ
3409 2711 3660 2783 κραυγάο

2071 2789 2251 2853 ζοντα.

2162 2901 2180 2934 ι
2206 2884 2633 2954 Κατεδικάσατε,
2694 2888 3024 2958 ἐφονεύσατε
3069 2892 3161 2947 τὸν
3197 2895 3438 2960 Δίκαιον,
3467 2894 3526 2959 ὃς
3554 2897 3656 2952 οὐκ

2068 2975 2453 3032 ἀντιτάσσεται
2479 2980 2627 3050 ὑμῖν.
2676 3000 2696 3033 ι
2758 2984 3204 3057 ’Λναντιῤῥήτως
3227 2987 3309 3052 τὸ,
3346 3006 3365 3038 ι
3403 2988 3658 3056 Ἐφονεύ-

2069 3084 2222 3133 σοιτε,
2251 3071 2442 3137 εἰπὼν,
2473 3072 2566 3126 τὸν
2601 3074 2843 3141 Δίκαιον,
2881 3094 2899 3126 ι
2931 3079 3011 3140 εἰς
3034 3077 3124 3129 τὸν
3171 3079 3407 3149 Χριστὸν
3449 3079 3657 3147 ἀναφέ-

284 3170 291 3177 .
381 3140 552 3197 stum,
587 3136 1028 3206 quand0quidem
1067 3141 1353 3211 subjungit
1387 3161 1399 3197 :
1440 3163 1458 3195 ι
1499 3147 1564 3198 Et
1598 3162 1704 3200 non
1763 3150 1963 3203 restitit

2074 3172 2175 3230 ρει.
2194 3164 2272 3232 Τῇ
2299 3163 2480 3231 μέντοι
2499 3167 2737 3238 ἐπιφορᾷ
2760 3136 2850 3237 τῇ,
2872 3186 2891 3218 ι
2919 3136 3031 3222 Ούνκ
3054 3136 3439 3225 ἀπιτάσσεται
3465 3136 3614 3243 ὑμῖν,
3630 3191 3650 3226 ι

380 3224 558 3279 vobis
606 3245 625 3276 ι
654 3227 925 3281 Caeterum
963 3230 1015 3284 id
1056 3230 1246 3287 dicens
1280 3236 1693 3304 comprehcndit
1721 3247 1774 3294 et
1799 3240 1957 3305 alios,

383 3319 477 3386 qui
530 3319 732 3375 similia
791 3325 937 3391 passi
992 3332 1121 3378 sunt
1161 3340 1189 3379 a
1237 3325 1442 3383 Iudaeis
1476 3347 1489 3383 :
1527 3329 1762 3388 fortasse
1795 3335 1959 3388 etiam

379 3413 700 3480 proplictice
737 3415 806 3470 de
853 3418 939 3472 sui
975 3419 1150 3490 ipsius
1203 3421 1385 3477 futura
1437 3425 1714 3480 occisione
1747 3427 1838 3482 hic
1884 3428 1964 3483 lo-

381 3503 599 3571 quitur.

453 3592 620 3651 Vnns.
649 3596 700 3654 7.
733 3618 752 3649 ‹
783 3598 1153 3672 Longanimcs
1188 3607 1348 3675 igitur
1383 3617 1580 3673 estote,
1621 3609 1839 3678 fratres,
1867 3628 1963 3669 us-

376 3701 485 3754 que
518 3689 582 3741 ad
615 3689 906 3746 adventum
957 3693 1193 3751 Domini.
1230 3698 1370 3755 Ecce
1404 3702 1639 3772 agricola
1681 3712 1963 3773 exspectat

384 3778 682 3841 pretiosum
736 3778 972 3836 fructum
1009 3792 1185 3840 terrae.
1234 3806 1253 3839 ι
1289 3788 1580 3859 Postquam
1611 3791 1959 3849 Judaicorum

378 3867 684 3938 principum
722 3872 906 3925 luxum
956 3886 1007 3928 et
1038 3876 1088 3929 in
1118 3893 1386 3946 pauperes
1416 3883 1673 3938 duritiem
1694 3888 1962 3952 persuin-

379 3959 474 4019 xit,
496 3974 640 4014 nunc
662 3963 860 4015 transit
878 3964 943 4018 ad
965 3964 1169 4032 ﬁdeles,
1188 3978 1241 4022 ct
1257 3972 1364 4023 ait:
1400 3971 1473 4026 Ne
1492 3977 1957 4045 scandalizemini,

380 4046 602 4112 fratres,
635 4051 748 4104 haec
782 4054 1049 4121 videntes,
1112 4074 1288 4125 neque
1337 4062 1758 4130 contristcmiui,
1806 4075 1957 4137 quasi

380 4137 562 4190 lutura
592 4138 890 4208 aliquando
919 4159 1025 4198 non
1077 4146 1149 4199 sit
1203 4148 1357 4202 ultio.
1394 4150 1569 4204 lunuit
1607 4169 1735 4206 vero
1765 4154 1964 4211 Itonia-

380 4240 575 4276 norum
626 4224 1105 4296 iucursionem,et
1152 4251 1272 4304 quae
1333 4239 1400 4293 ab
1438 4240 1501 4293 iis
1548 4242 1662 4295 lieri
1709 4244 1960 4312 debebat,

374 4312 688 4369 Juda-orum
740 4323 1146 4392 captivitatem,
1208 4345 1370 4397 quam
1434 4332 1596 4385 etiam
1668 4336 1958 4391 adventqu

380 4405 591 4461 Domini
627 4412 883 4479 appellat,
910 4414 1052 4468 sicut
1076 4429 1129 4470 et
1157 4417 1418 4485 Joannes,
1447 4425 1539 4493 qui
1574 4441 1741 4494 supra
1768 4439 1960 4496 pectus

376 4498 590 4553 Domini
620 4503 865 4557 recubuit
894 4503 958 4568 ⁵¹,
994 4520 1116 4560 cum
1151 4510 1216 4563 de
1239 4525 1343 4565 suo
1373 4513 1523 4568 obitu
1566 4493 1740 4584 ipsum
1775 4516 1959 4571 Domi-
1994 4493 2034 4546 ί)

373 4605 503 4643 ιιυιιι
534 4591 805 4647 dicentem
848 4594 1055 4651 inducit
1089 4617 1100 4652 :
1138 4620 1156 4651 ι
1206 4602 1263 4656 Si
1303 4620 1426 4659 eum
1457 4608 1579 4660 volo
1613 4624 1833 4662 manere
1854 4610 1958 4662 do-

373 4698 474 4736 nec
525 4686 740 4739 veniam
764 4689 833 4742 υ.
870 4708 889 4739 ›
950 4688 1310 4764 Prorogatum
1357 4711 1442 4753 cst
1485 4703 1628 4755 cnim
1677 4702 1804 4755 huic
1840 4704 1959 4758 vitae

372 4781 589 4841 tempus
639 4795 810 4847 usque
855 4783 921 4835 ad
966 4795 1180 4854 captam
1215 4790 1666 4863 Hierosolymam,
1702 4805 1754 4848 et
1795 4798 1955 4865 paulo

370 4864 627 4930 amplius.
655 4865 807 4930 Quod
838 4877 1017 4925 autem
1069 4890 1162 4943 per
1196 4878 1486 4933 adventum
1520 4881 1727 4935 Domini
1766 4864 1955 4947 llicro-

371 4954 595 5025 solyma:
635 4957 892 5015 interitus
921 4980 1043 5017 cum
1090 4966 1200 5031 hic,
1236 4977 1351 5024 tum
1404 4972 1457 5024 in
1502 4972 1710 5028 Joanne
1752 4977 1953 5030 intelli-

370 5049 583 5114 gcmlus
626 5050 718 5115 sit,
792 5058 1140 5125 perspicuum
1186 5072 1270 5114 est
1322 5064 1485 5116 etiam
1558 5080 1623 5119 ex
1691 5069 1951 5137 propheta

368 5139 587 5196 dicente
610 5144 692 5196 5':
736 5164 753 5195 ι
794 5144 933 5201 Ecce
973 5150 1120 5203 venit
1158 5153 1418 5207 Dominus
1453 5162 1542 5210 :et
1572 5160 1694 5225 quis
1717 5161 1951 5215 sustine-

374 5235 522 5285 nebit
566 5235 743 5287 minus
775 5238 931 5303 ejus?
963 5259 979 5290 ι
1016 5239 1154 5304 Quia
1183 5244 1396 5298 scilicet
1435 5246 1701 5304 adventus
1736 5251 1826 5304 Dei
1863 5269 1950 5306 se-

366 5338 492 5377 cum
526 5324 703 5379 defert
735 5328 1027 5398 impiorum
1062 5334 1423 5400 punitionem.
1459 5340 1525 5391 At
1567 5342 1731 5393 etiam
1776 5342 1949 5414 Chry-

364 5427 667 5482 sostomus,
706 5419 758 5471 in
799 5422 916 5474 suis
965 5422 1396 5490 Expositianibus
1445 5430 1657 5483 dictum
1700 5434 1801 5486 hoc
1855 5450 1950 5487 ex-

254 5486 261 5491 .
290 5559 296 5565 _
370 5507 600 5574 plicans,
628 5513 741 5563 vnit
770 5511 932 5584 347
994 5515 1085 5567 illo
1118 5517 1429 5584 signiﬁcare
1473 5519 1827 5594 Jerosolynue
1856 5528 1951 5581 de—

365 5602 752 5668 structionem,
799 5605 963 5672 idque
1003 5613 1293 5666 conlirmat
1356 5630 1421 5668 ex
1479 5616 1731 5671 oratione
1779 5620 1943 5674 trium

443 5774 485 5811 "
516 5776 675 5833 Joan.
708 5797 818 5848 ut,
843 5784 961 5838 ‘20.-
1016 5790 1060 5819 η
1108 5790 1241 5846 ibid.
1279 5793 1366 5850 2‘2.

1451 5797 1528 5833 -°’
1564 5795 1792 5853 Malacli.
1818 5813 1900 5865 Ill,
1924 5799 2022 5854 “22.

2066 3253 2325 3307 ἐκοίνωσε
2356 3257 2448 3308 τὸν
2471 3257 2629 3326 λόγον
2671 3261 2770 3312 καὶ
2809 3259 2944 3330 πρὸς
2980 3262 3107 3324 τοὺς
3173 3262 3365 3326 ἄλλους
3415 3265 3540 3326 τοὺς
3586 3264 3657 3317 τὰ

2066 3344 2229 3413 ὅμοια
2260 3347 2537 3411 παθόντας
2589 3350 2697 3403 ὑπὸ
2757 3350 2865 3404 τῶν
2901 3351 3197 3407 Ἰουδαίων.
3248 3352 3406 3417 Ἴσως
3449 3356 3505 3407 δὲ
3558 3355 3655 3408 καὶ

2066 3438 2425 3506 προφητικῶς
2488 3440 2661 3494 καὶτὸ
2685 3442 2815 3513 περὶ
2848 3442 3014 3497 αὑτοῦ
3051 3444 3280 3513 φάσκων
3306 3445 3500 3510 πάθος.

2129 3631 2149 3665 ι
2182 3614 2669 3687 Μοικροθυμήσατε
2717 3616 2833 3681 οὖν,
2888 3620 3144 3690 ἀδελφοὶ,
3198 3623 3305 3688 ἕως
3352 3625 3453 3696 τῆς
3505 3644 3649 3697 παρ-

2069 3704 2262 3769 ουσίας
2311 3707 2406 3760 τοῦ
2434 3709 2661 3778 Κυρίου.
2691 3710 2825 3765 Ἰδοὺ
2859 3716 2886 3767 ὀ
2914 3715 3165 3783 γεωργὸς
3219 3717 3501 3787 ἐκδέχεται
3553 3720 3649 3773 τὸν

2065 3797 2248 3865 τίμιον
2276 3800 2489 3869 καρπὸν
2518 3804 2618 3873 τῆς
2648 3804 2772 3873 γῆς.
2819 3824 2837 3856 ι
2868 3806 3154 3861 Διαϐαλὼν
3198 3808 3300 3878 τὴν
3353 3810 3461 3863 τῶν
3516 3811 3652 3865 ’1ου-

2052 3889 2265 3942 νδαῖκῶν
2294 3891 2574 3961 ἀρχόντων
2600 3897 2901 3964 σπατάλην,
2940 3898 3036 3950 xa‘t
3067 3898 3127 3951 τὸ
3154 3900 3289 3970 πρὸς
3332 3902 3460 3964 τοὺς
3488 3904 3651 3974 πένη-

2062 3995 2162 4041 τας
2189 3980 2371 4033 αὺτῶν
2398 3981 2531 4052 σκλη
2543 3983 2656 4053 ρον,
2687 3986 3005 4052 μεταϐαίνει
3024 3989 3118 4040 καὶ
3140 3989 3233 4041 ἐπὶ
3256 3991 3381 4052 τοὺς
3398 3991 3647 4054 πιστοὺς,

2064 4071 2157 4123 καί
2184 4089 2316 4142 φησι
2342 4088 2356 4102 ·
2386 4073 2478 4145 Μὴ
2507 4075 2681 4129 ταῦτα
2719 4076 2975 4146 ὁρῶντες,
3002 4080 3239 4149 ἀδελφοὶ,
3307 4082 3654 4147 σκανδαλίζε-

2066 4166 2181 4230 σθε,
2217 4167 2311 4218 καὶ
2342 4166 2628 4236 ἀθυμεῖτε,
2651 4168 2727 4230 ὠς
2759 4171 2832 4239 μὴ
2856 4172 3196 4242 ἐκδικήσεως
3246 4173 3647 4246 ἀποκειμένης.

2064 4257 2317 4325 Λὲγειδὲ
2342 4260 2440 4328 τὴν
2464 4259 2571 4312 ὑπὸ
2638 4259 2925 4331 Ῥωμαίων
2987 4263 3195 4331 ἔφοδον,
3253 4267 3347 4319 καὶ
3387 4266 3486 4337 τὴν
3544 4268 3651 4320 ὑπὸ

2063 4346 2269 4399 τούτων
2303 4348 2687 4417 αἰχμαλωσίαν
2741 4351 2849 4404 τῶν
2879 4352 3174 4417 Ἰουδαίων,
3210 4355 3276 4426 ἢν
3310 4358 3404 4410 καὶ
3439 4375 3648 4429 παρου-

2067 4435 2189 4488 σίαν
2232 4436 2322 4489 τοῦ
2349 4438 2558 4508 Κυρίου
2615 4439 2767 4509 λέγει
2795 4456 2809 4470 ⁸
2861 4442 2937 4506 ὡς
2998 4445 3095 4497 καὶ
3141 4445 3396 4516 Ἰωάννης
3441 4449 3535 4502 ἐπὶ
3586 4453 3650 4503 τὸ

2065 4529 2258 4596 στῆθος
2306 4530 2598 4585 ἀναπεσὼν
2642 4534 2736 4586 τοῦ
2796 4535 3023 4605 Κυρίου,
3068 4537 3135 4589 δι’
3199 4531 3273 4592 ὧν
3327 4556 3463 4609 φησι
3516 4542 3648 4610 περὶ

2062 4624 2163 4688 τῆς
2193 4621 2395 4675 ἑαυτοῦ
2420 4624 2774 4689 ἀποϐιώσεως
2800 4626 2891 4679 τὸν
2917 4628 3083 4680 αὑτὸν
3147 4631 3384 4697 εἰσάγων
3430 4631 3640 4701 Κύριον

2061 4706 2289 4773 λέγοντα
2313 4726 2326 4739 ·
2357 4728 2375 4760 ι
2405 4710 2531 4765 Ἐὰν
2559 4713 2721 4765 αὐτὸν
2770 4713 2910 4767 θέλω
2956 4716 3139 4785 μένειν
3197 4718 3302 4780 ἕως
3336 4719 3588 4788 ἔρχομαι.
3620 4740 3640 4773 ι

2063 4799 2172 4851 Καὶ
2201 4801 2309 4871 γὰρ
2342 4802 2624 4873 παρετάθη
2676 4806 2770 4858 καὶ
2792 4805 2968 4877 τούτῳ
3015 4809 3044 4858 6
3098 4809 3196 4876 τῆς
3251 4807 3396 4878 ζωῆς
3440 4811 3644 4882 ταύτης

2062 4891 2249 4961 χρόνος
2275 4894 2378 4956 ἕως
2413 4895 2509 4966 τῆς
2536 4894 2801 4958 ἁλώσεως
2849 4897 2948 4966 τῆς
2996 4900 3374 4970 Ἰερουσαλὴμ,
3420 4903 3512 4954 καὶ
3554 4920 3643 4972 μι-

2059 4984 2193 5050 κρὸν
2221 4983 2502 5040 ἐπέκεινα.
2535 4988 2644 5041 Καὶ
2672 4989 2754 5041 ὅτι
2791 4989 2824 5059 ἡ
2866 4990 2961 5042 τοῦ
2996 4992 3201 5060 Κυρίου
3232 4994 3524 5064 παρουσία,
3546 4995 3640 5048 καὶ

2057 5076 2316 5141 ἐνταῦθα,
2344 5078 2438 5130 καὶ
2474 5078 2572 5130 ἐπὶ
2600 5078 2694 5131 τοῦ
2719 5080 2990 5144 Ἰωάννου,
3049 5083 3081 5151 ή
3140 5083 3241 5152 τῆς
3275 5084 3640 5154 Ἰερουσαλὴμ

2058 5166 2405 5238 πανωλεθρία
2443 5171 2582 5234 ἐστὶ,
2606 5171 2765 5242 δῆλον
2797 5172 2890 5224 καὶ
2936 5173 3044 5225 ἀπὸ
3100 5174 3192 5227 τοῦ
3230 5179 3514 5248 προφήτου
3540 5177 3635 5230 τοῦ

2058 5257 2308 5325 λέγοντος
2331 5277 2344 5291 ’
2377 5280 2396 5311 ι
2449 5261 2579 5315 Ἰδοὺ
2604 5262 2805 5333 Κύριος
2828 5264 3048 5334 ἔρχεται
3076 5280 3092 5295 ⁸
3145 5267 3236 5319 καὶ
3297 5269 3377 5332 τίς
3423 5271 3636 5324 ύποίσει

2058 5350 2223 5402 αὐτοῦ
2256 5353 2353 5421 τὴν
2384 5354 2654 5424 ἀπειλήν;
2705 5376 2723 5407 υ
2760 5355 2904 5408 τοῦτ’
2928 5356 3095 5421 ἔστιν,
3130 5358 3204 5422 ὡς
3231 5361 3327 5431 τῆς
3356 5363 3451 5414 τοῦ
3498 5363 3633 5416 Θεοῦ

2058 5441 2359 5508 παρουσίας
2390 5442 2661 5513 φερούσης
2717 5444 2987 5513 τιμωρίαν
3041 5448 3183 5500 κατά
3232 5450 3339 5503 τιὶν
3397 5451 3633 5507 ἀσεϐῶν.

2069 5530 2228 5583 Ἀλλὰ
2257 5534 2349 5586 καὶ
2371 5536 2399 5587 6
2428 5536 2663 5604 χρυσοῦς
2698 5535 2789 5588 τὸν
2815 5534 2971 5603 λόγον
3014 5537 3268 5609 Ἰωάννης
3304 5541 3362 5594 ἐν
3391 5559 3502 5595 τισι
3521 5543 3632 5597 τῶν

2054 5624 2394 5695 ἑξηγητικῶν
2423 5628 2587 5682 αὐτοῦ
2620 5628 2776 5681 τοῦτο
2801 5627 2930 5682 αὐτὸ
2960 5628 3324 5686 ἀναπτύσσων
3343 5637 3421 5699 το,
3442 5653 3461 5686 ι
3485 5634 3631 5698 "Em;
