4120 6410
427 334 567 418 ι’ῖδδ

1326 354 1730 416 axrosmo
1783 355 1865 416 IN
1906 357 2148 420 EPIST.
2213 361 2274 427 s.
2307 340 2684 427 JACO'Bl.—-
2713 371 2961 433 οων.

3567 377 3705 444 1186

424 464 678 530 ἔρχομαι,
727 481 744 512 ι
783 463 942 516 τοῦτο
995 464 1189 535 δηλοῦν
1242 465 1492 535 βούλεται
1547 467 1607 521 τὸ
1665 468 1850 538 ῥητὸν,
1910 468 2009 538 τὴν

2123 487 2407 540 puerorum
2431 479 2694 535 aienlium
2720 501 2731 537 :
2753 482 2799 514 ⁵³
2824 501 2841 534 ι
2872 482 2962 539 Sic
2986 483 3080 540 fiat
3100 487 3429 544 sacrificium
3451 501 3702 548 nostrum

427 553 810 626 πανωλεθρίαν
840 556 940 626 τῆς
980 557 1365 628 Ἰερουσαλὴμ,
1392 560 1489 612 καὶ
1543 559 1833 613 πιστοῦται
1858 560 2019 613 τοῦτο

424 645 539 698 ἀπὸ
579 647 676 714 τῆς
736 648 905 717 εὐχῆς
970 648 1079 701 τῶν
1146 651 1314 720 τριῶν
1378 650 1581 703 παίδων
1655 654 2014 721 φασκόντων·

432 757 450 787 ι
480 737 639 791 Οὑτω
662 739 903 807 γενέσθω
933 743 964 810 ἡ
1001 742 1162 795 θυσία
1191 742 1351 812 ἡμῶν
1373 744 1606 796 ἐνώπιόν
1630 762 1722 797 σομε
1753 746 2015 817 σήμερον,

423 831 519 885 καὶ
550 832 857 886 ὲκτελέσθω
892 831 959 906 [1⁸.
994 865 1066 873 —
1100 834 1324 907 λείσθω]
1387 837 1613 889 ὅπισθέν
1641 855 1761 892 σου.
1799 858 1818 890 ι
1876 840 2017 908 Φησὶ

423 924 568 992 γάρ’
606 923 670 975 Τί
704 923 787 988 :0,
830 943 850 976 ‹
909 925 1137 985 ὄπισθέν
1201 943 1331 994 σου;
1371 945 1390 978 ι
1417 928 1575 982 Μετὰ
1621 928 1680 982 τὸ
1724 930 2016 1004 παρελθεῖν

421 1014 513 1066 :00
544 1014 716 1085 θυμόν
776 1034 898 1071 σου.
949 1017 1060 1071 Καὶ
1114 1017 1296 1092 [πότε]
1361 1021 1742 1090 παρεγένετο;
1815 1024 1943 1077 Ὅτε
1989 1026 2016 1078 ὁ

422 1104 902 1180 Ναϐουχοδονόσορ
928 1110 1083 1181 ἐδῄου
1117 1114 1185 1164 τὰ
1223 1112 1595 1184 Ἰεροσόλυμα.
1628 1117 1733 1168 Καὶ
1758 1117 1883 1186 περὶ
1918 1119 2016 1186 μὲν

388 1245 393 1249 .
423 1196 524 1264 τῆς
557 1199 882 1268 παρουσίας,
906 1202 1099 1256 ταῦτα.
1136 1205 1274 1259 Φασὶ
1301 1206 1357 1258 δέ
1421 1225 1567 1271 τινες
1595 1210 1703 1263 τῶν
1754 1211 2017 1282 Πατέρων

423 1287 519 1339 καὶ
548 1288 727 1353 τοῦτο,
760 1290 835 1353 ὡς
860 1294 1249 1365 μακροθυμίαν
1287 1298 1387 1367 μὲν
1444 1299 1679 1355 ἐνταῦθα
1725 1301 1821 1372 τὴν
1878 1301 2015 1370 πρὸς

423 1379 688 1446 ἀλλήλους
720 1384 887 1460 φησίν
914 1402 928 1417 ⁸
958 1386 1239 1459 ὑπομονὴν
1269 1390 1346 1453 δὲ,
1393 1390 1490 1463 τὴν
1540 1392 1677 1469 1:90;
1725 1395 1853 1458 τοὺς
1886 1395 2011 1459 ἕξω.

421 1472 788 1544 Μακροθυμεῑ
813 1477 921 1548 γάρ
953 1496 1035 1541 τις
1069 1481 1206 1550 πρὸς
1238 1484 1472 1547 ἐκεῖνον,
1531 1484 1590 1537 ὃν
1645 1486 1868 1539 δυνατὸν
1920 1490 2015 1542 καὶ

423 1565 736 1636 ἀμύνασθαι
764 1585 777 1599 ’
818 1571 1085 1640 ὑπομένει
1116 1574 1269 1633 δὲ,ὂν
1319 1579 1379 1629 οὑ
1411 1576 1634 1632 δύναται
1678 1580 2011 1649 ἀμύνασθαι.

422 1657 524 1709 Διὰ
550 1658 711 1713 τοῦτο
739 1661 830 1715 ἐπὶ
865 1664 962 1733 μὲν
1008 1666 1143 1718 Θεοῦ
1201 1669 1449 1739 ὑπομονὴ
1483 1670 1739 1725 οὐδέποτε
1771 1673 2013 1742 λέγεται,

421 1750 562 1870 (iiii:
633 1754 1028 1870 μεέκροθυμία⁸
1085 1760 1179 1811 ἐπὶ
1231 1761 1288 1815 δὲ
1357 1763 1685 1834 ἀνθρώπων,
1741 1766 2010 1838 ὑπομονὴ.
2048 1814 2089 1870 Β

427 1861 447 1894 ι
481 1846 869 1917 Μακροθυμῶν
910 1851 996 1905 ἐπ’
1027 1854 1214 1918 αὑτὸν,
1272 1854 1376 1919 ἕως
1433 1856 1574 1931 λάϐῃ
1630 1859 1786 1917 ὑετὸν
1842 1861 2013 1930 πρὼῖο

426 1952 529 2006 μον
560 1939 654 1992 καὶ
683 1938 901 2011 ὄψιμον.
930 1961 949 1994 ι
1012 1945 1271 2017 Πρώῖμος
1340 1950 1515 2016 ὑετὸς,
1577 1953 1610 2021 ἡ
1676 1955 1734 2004 ἐν
1802 1956 2013 2024 νεότητι

427 2031 566 2098 μετὰ
600 2030 853 2103 δακρύων
887 2037 1147 2101 μετάνοια
1174 2056 1190 2072 '
1229 2040 1451 2111 ὅψιμος,
1499 2044 1532 2113 ἡ
1589 2045 1648 2096 ὲν
1700 2045 1778 2116 τῷ
1842 2050 2008 2119 γήρᾳ.

425 2119 612 2175 Πάντα
639 2123 697 2176 δὲ
726 2125 935 2196 τῆςτοῦ
970 2128 1108 2183 Θεοῦ
1144 2132 1379 2203 ἤρτηται
1420 2134 1839 2206 φιλανθρωπίας
1868 2155 1879 2168 ·
1933 2141 2014 2195 διὸ

422 2211 570 2283 λέγει
597 2231 610 2244 ·
640 2235 658 2267 ι
692 2217 836 2283 Ἕως
855 2219 922 2273 ἂν
953 2220 1114 2294 λάϐῃ.
1141 2241 1163 2275 ι

500 2324 519 2357 ι
548 2308 1033 2382 Μακροθυμήσατε
1064 2316 1162 2370 καὶ
1195 2316 1374 2386 ὑμεῖς,
1408 2322 1640 2392 στηρίξαι
1665 2340 1722 2379 τε
1745 2324 1843 2388 τὰς
1878 2343 2016 2398 x09-

423 2395 538 2490 650;
573 2400 765 2470 ὑμῶν’
819 2405 902 2459 6::
949 2407 982 2473 ἡ
1036 2410 1309 2481 παρουσία
1370 2412 1465 2465 τοῦ
1531 2416 1740 2486 Κυρίου
1793 2395 2012 2490 ἧγγικνε,

558 2490 848 2555 στενάζετε
882 2495 1005 2549 κατ’
1027 2498 1296 2569 ἀλλήλων,
1327 2502 1573 2573 ἀδελφοὶ,
1630 2507 1717 2561 ἵνα
1764 2488 1839 2580 μη
1880 2488 2016 2582 77.9:-

427 2577 583 2649 θῆτε.
624 2583 756 2635 Ἰδοὺ
792 2586 820 2637 ό
846 2588 1040 2658 κριτὴς
1070 2591 1176 2661 πρὸ
1197 2590 1306 2645 τῶν
1337 2592 1519 2664 θυρῶν
1549 2577 1800 2669 ἔστηκεν.
1828 2577 2019 2657 νὙπό-

426 2673 630 2745 δειγμα
659 2677 877 2744 λάὅετε,
933 2682 1154 2751 ἀδελφοί
1192 2702 1316 2755 μου,
1357 2687 1457 2756 τῆς
1512 2694 1891 2760 κακοπαθείας
1923 2697 2018 2751 καὶ

425 2766 527 2835 τῆς
565 2770 979 2841 μακροθυμίας,
1013 2776 1142 2840 τοὺς
1170 2780 1483 2851 προφήτας,
1532 2784 1582 2838 οἳ
1632 2786 1902 2858 ἐλάλησαν
1959 2793 2018 2844 ἐν

427 2858 507 2928 τῷ
536 2861 762 2930 ὀνόματι
808 2864 902 2917 τοῦ
952 2868 1185 2938 Κυρίου.
1267 2873 1399 2927 Ἰδοὺ
1459 2880 1840 2953 μακαρίζομεν
1893 2885 2019 2949 τοὺς

430 2955 824 3025 ὑπομένοντας.
855 2959 966 3030 Τὴν
998 2961 1280 3048 ὑπομονὴν
1328 2967 1453 3021 Ἰὼϐ
1507 2972 1804 3041 ἠκούσατε,
1828 2978 1923 3031 καὶ
1953 2978 2014 3032 :0

428 3047 579 3109 τέλος
605 3049 811 3121 Κυρίου
850 3051 1009 3117 ἴδετε,
1037 3054 1120 3108 6::
1175 3047 1694 3134 πολυεύσπλαγχνός
1752 3070 1869 3122 ἐστι
1923 3072 2020 3125 καὶ⁵

2122 560 2175 615 in
2203 576 2500 635 conspectu
2554 578 2670 635 tuo,
2718 581 2773 626 et
2821 574 3140 642 perﬁciatur
3173 587 3299 647 post
3343 587 3416 635 tc.
3470 599 3489 632 ι
3528 581 3707 651 inquit

2120 659 2265 712 enim
2310 679 2322 715 :
2358 659 2499 727 Quid
2549 678 2634 720 est
2675 668 2799 733 hoc,
2833 687 2850 719 ι
2903 678 3025 737 post
3060 668 3152 724 te?
3195 688 3214 721 ι
3273 671 3515 739 Scilicet,
3554 687 3706 745 post—

2121 764 2284 817 quam
2314 755 2694 817 pertransicrit
2750 757 2907 812 furor
2955 770 3101 814 tuus.
3156 760 3386 825 Quando
3420 780 3546 818 vero
3601 768 3705 821 istc

2119 840 2378 895 advenit?
2405 841 2635 909 Quando
2676 845 3186 903 Nabuchodonosor
3219 850 3389 904 diruit
3426 851 3707 925 Jerosoly-

2119 945 2285 984 mam.
2327 931 2392 985 Et
2426 934 2541 989 lia-c
2579 936 2796 1004 quidem
2834 938 2902 993 de
2938 940 3177 997 adventu
3235 939 3474 999 Domini.
3506 945 3703 997 Verum

2119 1030 2176 1076 et
2210 1022 2310 1077 hoc
2336 1026 2583 1079 nonnulli
2608 1043 2670 1079 ex
2706 1026 2964 1082 Palribus
2995 1031 3173 1091 aiunt,
3205 1031 3353 1099 quod
3405 1033 3703 1102 Apostolus

2120 1114 2584 1183 longanimitatem
2634 1118 2720 1172 hic
2747 1121 2893 1174 dit-at
2932 1122 3313 1185 tolerantiam,
3357 1138 3476 1192 qua:
3505 1136 3588 1179 est
3634 1125 3702 1178 ad

2118 1206 2386 1273 invicem;
2422 1211 2736 1278 patientiam
2764 1228 2916 1277 vero,
2960 1229 3081 1282 qua:
3097 1214 3244 1268 circa
3269 1223 3561 1271 extraneos
3587 1231 3704 1270 vcr-

2119 1308 2293 1353 satur.
2326 1298 2682 1371 Longnnimis
2714 1304 2857 1357 enim
2899 1315 2980 1358 est
3015 1307 3287 1375 quispiam
3340 1323 3469 1377 erga
3529 1323 3654 1363 eum
3684 1349 3702 1374 ,

2117 1392 2183 1447 dc
2208 1408 2315 1460 quo
2357 1394 2615 1447 ultionem
2651 1412 2869 1450 sumere
2914 1406 3111 1465 potest.
3155 1397 3329 1464 Quam
3380 1400 3450 1454 ob
3478 1414 3702 1456 causam

2120 1487 2382 1555 patientia
2412 1487 2477 1540 de
2521 1486 2628 1541 Deo
2654 1503 2933 1557 nunquam
2969 1490 3191 1554 dicitur,
3230 1492 3322 1545 sed
3372 1491 3705 1561 longanimi-

2120 1587 2204 1633 tas
2240 1579 2345 1632 :de
2379 1579 2697 1634 hominibus
2726 1590 2906 1633 autem
2943 1583 3144 1636 dicitur
3204 1583 3487 1651 patientia.
3541 1602 3560 1635 ι
3598 1584 3703 1637 Pa.

2119 1673 2316 1726 tienter
2342 1671 2543 1737 ferens,
2569 1673 2743 1728 donec
2765 1674 2998 1742 accipiat
3017 1675 3252 1742 pluviam
3290 1676 3721 1745 temporaneain'

2121 1775 2174 1820 et
2210 1768 2539 1822 scrotinam.
2574 1786 2591 1820 ι
2632 1765 2827 1821 Pluvia
2864 1785 2882 1818 ι
2925 1776 3302 1838 temporanea,
3356 1786 3374 1819 ι
3427 1783 3523 1823 seu
3571 1779 3705 1821 tem-

2121 1859 2328 1929 pestiva
2357 1868 2442 1913 est
2472 1859 2793 1930 pmnitentia
2825 1876 2946 1913 cum
2986 1861 3243 1931 lacrymis
3278 1861 3332 1914 in
3375 1861 3704 1930 jUVentute;

2120 1951 2386 2015 scrotina,
2412 1967 2535 2021 qtae
2584 1952 2645 2005 fit
2686 1953 2740 2006 in
2782 1959 3089 2007 senectute.
3118 1951 3327 2007 Cuncta
3362 1965 3540 2006 autem
3573 1968 3707 2022 pcn-

2121 2043 2252 2099 dent
2279 2060 2307 2096 a
2339 2044 2526 2099 divina
2560 2044 2856 2101 clementia
2883 2062 2898 2111 ;
2930 2043 3054 2100 ideo
3099 2044 3175 2098 ait
3202 2061 3216 2097 :
3275 2062 3293 2096 ι
3340 2043 3521 2101 Donec
3555 2047 3703 2099 acci-

2123 2136 2255 2207 piat.
2288 2153 2307 2187 θ

2210 2332 2378 2388 Vens.
2407 2334 2564 2389 8-12.
2611 2332 3041 2407 «Longanimes
3078 2335 3244 2407 igitur
3282 2343 3461 2391 estote
3502 2350 3618 2399 vos,
3652 2344 3708 2389 et

2123 2428 2446 2481 conﬁrmate
2502 2427 2668 2482 corda
2713 2437 2891 2481 vestra
2936 2430 3244 2498 :qnoniam
3290 2428 3558 2483 adventus
3604 2427 3709 2480 Do-

2124 2520 2256 2574 mini
2295 2520 2778 2590 appropinquavit.
2810 2520 2994 2576 Nolite
3042 2520 3428 2591 ingemiscere,
3483 2520 3706 2582 fratres,

2125 2612 2178 2667 in
2207 2614 2557 2676 alterutrum,
2586 2623 2644 2666 ut
2676 2628 2784 2667 non
2816 2613 3161 2682 judicemini.
3206 2611 3348 2667 Ecce
3375 2612 3540 2682 jndex
3581 2620 3710 2667 ante

2120 2704 2344 2775 jannam
2377 2705 2611 2758 assistit.
2639 2705 2964 2774 Exemplum
2995 2704 3247 2773 accipite,
3275 2703 3494 2773 fratres,
3524 2703 3709 2758 exitus

2126 2795 2278 2861 mali,
2335 2796 2542 2851 laboris
2588 2807 2642 2851 et
2682 2796 2981 2866 patientiae,
3046 2796 3351 2866 prophetas
3401 2795 3494 2864 qui
3537 2795 3709 2850 locuti

2127 2888 2334 2941 suntin
2369 2887 2589 2941 nomine
2617 2885 2852 2941 Domini.
2889 2888 3031 2941 Ecce
3054 2887 3429 2942 beatiﬁcamus
3480 2903 3576 2943 eos
3615 2886 3706 2957 qui

2127 2976 2535 3029 sustinuerunt.
2573 2975 2963 3031 Sufl‘erentiam
3015 2972 3118 3030 Job
3170 2975 3425 3041 audistis,
3459 2987 3514 3031 et
3544 2974 3707 3031 ﬁnem

2118 3067 2344 3136 Domini
2381 3068 2613 3132 vidistis,
2655 3068 2917 3138 quoniam
2954 3067 3273 3122 misericors
3304 3066 3569 3123 Dominus
3622 3079 3710 3124 est

428 3141 752 3212 οἰκτίρμων.
779 3146 893 3214 Πρὸ
932 3151 1152 3202 πάντων
1195 3149 1275 3216 δὲ,
1324 3153 1543 3223 ἀδελφοί
1600 3174 1724 3226 μου,
1781 3160 1856 3233 μὴ
1915 3162 2015 3232 ὀμ-

2127 3171 2180 3218 et
2207 3164 2517 3218 miscrafor.
2544 3163 2684 3217 Ante
2705 3161 2916 3227 omnia,
2944 3161 3142 3216 fratres
3169 3160 3299 3226 mei,
3331 3160 3499 3216 nolite
3521 3161 3712 3231 juraro
3800 3171 3808 3180 '

428 3250 583 3289 ιδετε
615 3239 752 3309 μήτε
781 3238 872 3294 τὸν
902 3240 1153 3311 οὐρανὸν,
1223 3246 1368 3317 μήτε
1401 3247 1500 3319 τὴν
1553 3253 1682 3322 γῆν,
1720 3255 1861 3324 μήτε
1921 3257 2018 3311 ἄλ-

430 3325 520 3383 λον
549 3332 671 3382 τινὰ
701 3329 888 3400 ὅρκον.
926 3334 1080 3388 "Hm
1111 3335 1168 3389 δὲ
1204 3337 1360 3407 ὑμῶν
1389 3339 1483 3393 τοῦ
1517 3339 1584 3412 [Ῑ.
1611 3343 1696 3414 :0]
1724 3345 1836 3411 ναὶ,
1887 3347 1977 3400 ναὶ
2005 3389 2018 3413 ,

431 3420 526 3474 καὶ
579 3420 640 3473 :0
682 3419 742 3477 οὓ
800 3420 861 3475 ού
903 3435 923 3454 ⁶
966 3425 1052 3479 ἵνα
1114 3428 1189 3498 μὴ
1250 3429 1331 3493 είς
1390 3430 1679 3502 ὑπόκρισιν
1734 3436 1959 3507 πέσητε.
1996 3460 2017 3492 ι

414 3509 578 3565 σἈντὶ
604 3513 720 3578 τοῦ,
752 3519 805 3599 ἠν
838 3517 1132 3582 κατάθεσις
1180 3520 1334 3591 ὑμῶν
1390 3521 1586 3592 βεϐαία
1638 3528 1735 3581 καὶ
1791 3529 1885 3582 ἐπὶ
1936 3530 2025 3601 βε-

432 3603 610 3669 ϐαίου,
636 3607 730 3661 καὶ
788 3608 820 3678 ἠ
853 3609 1229 3681 ἀπαγόρευσις
1262 3613 1419 3683 ὑμῶν
1449 3615 1735 3683 ὡσαύτως.
1771 3621 1983 3688 ’Ἄλλως
2005 3641 2020 3657 ο

437 3694 639 3761 Ἔστω,
668 3697 855 3768 φησὶν,
889 3700 922 3770 ἡ
955 3700 1051 3757 τοῦ
1111 3702 1227 3772 βίου
1252 3704 1408 3775 ὑμῶν
1456 3711 1737 3780 μαρτυρία
1810 3712 2026 3781 βεϐαιο-

431 3785 569 3855 τέρα
590 3786 777 3856 ὅρκου.
812 3787 874 3841 Εἰ
917 3788 974 3840 δέ
1033 3805 1116 3851 τις
1171 3791 1415 3862 ἀναιδὴς,
1478 3795 1552 3863 μὴ
1599 3795 2022 3868 δυσωπούμενος

436 3877 593 3947 ὑμῶν
616 3878 694 3947 τῷ
723 3878 846 3948 βίῳ,
892 3878 1067 3951 τολμᾷ
1113 3881 1243 3950 ὑμῖν
1293 3882 1598 3953 ἐπαγαγεῖν
1647 3888 1831 3957 ὅρκον,
1879 3890 2021 3943 ἔστω

435 3967 563 4036 ὑμῖν
586 3968 645 4021 :0
676 3969 786 4033 ναὶ,
812 3970 922 4049 ναὶ,
951 3972 1041 4023 καὶ
1070 3969 1131 4025 :0
1150 3969 1235 4037 οὒ,
1262 3970 1348 4039 οὒ,
1376 3974 1499 4030 ἀντὶ
1529 3975 1624 4033 τοῦ
1661 3978 1882 4048 ὃρκου.ι
1907 3981 2021 4054 Πρὸ

436 4062 681 4126 πάντων,
707 4060 927 4131 ἀδελφοί
977 4079 1101 4131 μου,
1162 4063 1238 4133 μὴ
1293 4064 1524 4134 ὀμνύετε
1580 4069 1716 4139 μήτε
1767 4072 2019 4141 οὐρανὸν,

438 4156 577 4223 μήτε
608 4155 733 4226 γῆν,
771 4156 909 4226 μήτε
938 4154 1097 4208 ἄλλον
1120 4157 1242 4210 τινὰ
1273 4159 1458 4227 ὅρκον.
1496 4161 1650 4214 Ἥτω
1691 4163 1748 4217 δὲ
1782 4165 1936 4236 ὑμῶν
1962 4166 2024 4221 :0

436 4245 543 4310 ναὶ,
575 4247 686 4309 ναὶ,
714 4250 805 4301 καὶ
829 4247 888 4300 τὸ
918 4244 1004 4311 οὒ,
1023 4246 1084 4301 οῦ
1106 4263 1119 4275 '
1149 4249 1237 4302 ἵνα
1300 4250 1377 4321 μὴ
1440 4252 1520 4314 είς
1585 4254 1875 4326 ὑπόκρισιν
1924 4260 2023 4311 πέ-

437 4353 590 4407 σητε.
626 4355 647 4390 ι
691 4339 804 4410 Τὴν
843 4358 863 4392 ι
922 4340 1233 4411 ὑπόκρισιν,
1266 4361 1286 4395 ι
1341 4344 1462 4414 ἦτοι
1522 4351 1622 4417 τὴν
1672 4350 2021 4420 κατάκρισιν,

436 4428 608 4499 λέγει,
633 4430 754 4500 ἣτις
791 4431 1153 4486 ἐπακολουθεί
1199 4437 1312 4498 τοῖς
1337 4436 1573 4506 ἀφειδῶς
1611 4440 1898 4510 ὀμνύουσι,
1927 4446 2022 4499 καὶ

2125 3269 2305 3323 neque
2337 3270 2434 3324 per
2456 3254 2679 3318 etnlum,
2733 3267 2912 3322 neque
2952 3268 3049 3322 per
3086 3261 3315 3315 terram,
3350 3267 3528 3322 neque
3560 3252 3710 3306 aliud

2123 3345 2489 3415 quodcunque
2524 3345 2921 3414 juramentum.
2961 3341 3043 3396 Sit
3063 3351 3243 3396 autem
3280 3357 3460 3398 sermo
3487 3353 3707 3398 vester:

2130 3439 2242 3500 Est,
2272 3447 2357 3492 est
2385 3457 2400 3493 :
2439 3436 2580 3500 Non,
2611 3451 2743 3502 non,
2773 3447 2832 3491 ut
2862 3438 2972 3491 non
3013 3438 3068 3490 in
3114 3435 3429 3505 hypocrisin
3486 3435 3710 3490 decida.

2128 3531 2222 3586 tis.
2270 3550 2289 3583 ι
2325 3529 2383 3585 1d
2414 3539 2540 3585 est:
2576 3528 2659 3584 Sit
2691 3528 2983 3584 aﬂirmatio
3013 3537 3196 3583 vestra
3236 3526 3415 3591 ﬁrma,
3451 3533 3508 3581 et
3554 3526 3609 3581 in
3656 3543 3713 3583 re

2123 3624 2317 3689 ﬁrma;
2343 3621 2598 3678 similiter
2619 3622 2781 3676 etiam
2811 3619 3281 3674 inﬁciatio.Aliter
3311 3634 3327 3671 :
3359 3617 3446 3671 Sit
3468 3617 3591 3673 vita:
3614 3634 3713 3674 ve.

2125 3725 2252 3767 surae
2271 3711 2645 3766 testimonium
2662 3709 2870 3764 ﬁrmius
2887 3709 3221 3777 juramento.
3238 3706 3295 3760 Si
3312 3707 3435 3777 quis
3455 3723 3587 3763 vero
3604 3708 3713 3762 im-

2124 3805 2332 3876 pudens
2361 3804 2529 3857 vitam
2549 3811 2784 3857 vestram
2808 3800 2882 3854 nil
2911 3800 3197 3863 reveritus,
3216 3799 3590 3868 jnramentum
3612 3815 3712 3856 vo.

2124 3894 2211 3949 bis
2231 3894 2511 3959 imponere
2527 3889 2799 3955 audet,sit
2818 3889 2972 3944 vobis
2986 3886 3133 3958 quod
3156 3905 3173 3938 :
3202 3896 3339 3951 est,»
3365 3896 3468 3949 cst.
3492 3889 3712 3958 etquod

2125 3998 2236 4038 non
2261 4001 2279 4034 ι
2310 3966 2417 4034 non
2440 3999 2458 4032 ι
2496 3994 2595 4051 pro
2620 3979 2958 4050 juramento.
2994 3996 3013 4030 :
3050 3977 3120 4033 Ut
3149 3994 3259 4033 non
3303 3978 3356 4033 in
3394 3980 3710 4050 hypocrisin

2126 4074 2446 4130 decidatis.»
2479 4102 2551 4113 —
2582 4091 2601 4123 :
2641 4071 2969 4142 Hypocrisin
3009 4090 3028 4124 ι
3077 4071 3166 4125 hic
3195 4070 3708 4126 condemnationem

2125 4169 2275 4228 dicit,
2304 4181 2424 4237 qua:
2450 4169 2808 4236 consequitur
2828 4179 2948 4229 eos,
2975 4165 3066 4233 qui
3102 4164 3395 4219 indiscrete
3424 4164 3637 4233 jurant,
3655 4176 3714 4220 et

2126 4265 2217 4335 qui
2234 4263 2450 4334 jnrandi
2468 4262 2872 4318 consuetudine
2894 4261 2959 4315 ad
2984 4261 3279 4332 periurium
3304 4259 3714 4321 transcunt.V:-l

2129 4361 2303 4430 ipsam
2344 4377 2363 4408 ι
2400 4355 2712 4428 hypocrisin
2746 4374 2765 4406 ι
2798 4370 2893 4410 seu
2917 4354 3327 4409 simulationem
3356 4355 3459 4409 hoc
3489 4355 3606 4409 loco
3629 4355 3710 4410 εἰς

2128 4452 2349 4522 guﬁcat,
2381 4449 2527 4519 quod
2551 4447 2804 4503 videlicet
2842 4446 2990 4501 aliud
3047 4454 3132 4501 est
3155 4487 3170 4512 ,
3203 4454 3257 4502 et
3284 4447 3429 4501 aliud
3462 4455 3709 4517 apparet.

434 4520 523 4574 διὰ
551 4522 838 4592 συνηθείας
871 4524 962 4577 τὸν
1009 4525 1173 4596 ὅρκον
1204 4527 1299 4580 ἐπὶ
1352 4531 1414 4582 τὸ
1442 4528 1510 4601 ll.
1577 4531 1678 4604 τῷ]
1736 4535 2020 4607 ἐπιορκεῖν

2125 4520 2604 4611 ῥιιοιηοόοοιιιεηι
2626 4541 2721 4610 «ῥη
2751 4539 3067 4610 hypocrisin
3095 4558 3114 4591 ι
3145 4540 3358 4608 illc,qui
3377 4539 3549 4608 jurat,
3574 4542 3715 4597 inci-

434 4612 824 4684 ἐκφερομένοις
856 4632 871 4646 '
910 4615 942 4686 ἢ
969 4618 1063 4675 καὶ
1097 4617 1230 4670 αὑτὸ
1253 4618 1314 4672 :0
1346 4620 1762 4691 ὑποκρίνεσθαι.
1816 4628 2021 4698 σημαία-

434 4723 516 4760 νει
541 4708 601 4759 :0
632 4707 804 4777 ὄνομα
827 4709 1135 4775 ἐνταῦθα,ὃ
1178 4712 1306 4766 ἄλλο
1367 4712 1448 4781 ὃν,
1507 4716 1694 4786 ἕτερον
1747 4719 2021 4788 φαίνεται.

442 4798 559 4862 Ἶώς
585 4797 680 4853 οὖν
713 4817 730 4849 ι
759 4801 838 4864 είς
863 4801 1155 4872 ὑπόκρισιν
1178 4822 1197 4854 ι
1220 4804 1248 4856 ὁ
1272 4806 1490 4875 ὀμνύων
1507 4808 1695 4864 πίπτει
1720 4829 1735 4878 ;
1764 4813 2024 4867 Πιστευό-

441 4904 593 4956 μενος
620 4892 720 4959 μὲν
743 4891 830 4945 διὰ
888 4892 997 4946 τῶν
1045 4893 1228 4963 ὅρκων
1290 4898 1496 4970 ἀληθὴς
1552 4898 1717 4969 εἶναι,
1766 4908 2026 4978 παραϐά-

434 5000 573 5047 σεως
625 4984 681 5036 δὲ
735 4986 1233 5059 ἐπακολουθούσης,
1269 4989 1513 5060 ψεύστης
1572 4995 1742 5068 [ἀντὶ]
1813 4999 2020 5072 ἀληθὴς

433 5072 576 5166 ιιι-τ
605 5073 754 5166 θοῦς]
779 5078 1238 5147 ἀποφαινόμενος.
1265 5081 1479 5135 Κωλύει
1505 5083 1562 5137 δὲ
1592 5089 1731 5143 κατὰ
1768 5090 1905 5145 Θεοῦ
1942 5095 2020 5166 μὴ

433 5163 679 5232 ὀμνύειν,
705 5165 795 5218 διὰ
829 5166 927 5237 τὴν
979 5168 1271 5239 ἐπιορκίαν
1304 5187 1320 5202 ’
1353 5173 1497 5226 κατὰ
1536 5174 1595 5229 δὲ
1647 5180 1884 5248 οὐρανοῦ

432 5254 542 5349 τῶν
575 5255 773 5322 ἄλλων,
797 5258 886 5313 διὰ
941 5260 1002 5312 :0
1036 5261 1112 5333 μὴ
1148 5262 1244 5316 καὶ
1282 5264 1475 5318 ταῦταο
1517 5269 1600 5332 εις
1658 5270 1795 5326 Θεοῦ
1853 5277 2021 5349 τιμὴν

433 5346 609 5415 ἄγειν.
651 5349 860 5412 Πάντες
886 5351 996 5421 γὰρ
1024 5352 1074 5404 οἱ
1103 5353 1394 5424 ὀμνύοντες
1438 5362 1585 5414 κατὰ
1634 5362 1726 5416 τοῦ
1772 5346 2020 5435 μείζονος

433 5436 748 5506 ὀμνύουσιν.
802 5440 943 5492 Ἀλλ’
983 5443 1103 5513 ἐρεῖ
1131 5462 1213 5508 τις
1245 5461 1258 5474 ·
1285 5446 1348 5499 Εἰ
1381 5446 1629 5516 βιάζεταί
1657 5471 1743 5518 τις
1764 5456 2016 5527 ὀμνύναι,

432 5532 487 5583 τί
527 5531 784 5602 ποιητέον
811 5549 827 5598 ;
872 5532 1161 5606 Ἐροῦμεν,
1185 5537 1268 5590 6::
1301 5541 1329 5593 ὁ
1352 5540 1520 5609 φόϐος
1550 5543 1646 5598 τοῦ
1695 5547 1834 5601 Θεοῦ
1868 5550 2018 5621 ἰσχνα-

439 5623 661 5697 ρότερός
691 5626 804 5677 ἐστι
833 5624 932 5695 τῆς
955 5627 1047 5679 τοῦ
1073 5626 1401 5699 βιαζομένου
1445 5634 1713 5705 ἀνάγκης,
1779 5640 2018 5697 Ἐπαποο

502 5804 551 5841 ³⁸
595 5804 726 5861 Dan.
760 5822 841 5870 nt,
888 5808 977 5863 40.
1091 5811 1137 5843 ⁸⁸
1199 5811 1367 5868 Hebr.
1429 5829 1504 5881 γι,
1547 5814 1634 5869 16.

2125 4634 2245 4692 dit?
2265 4634 2507 4698 Scilicet,
2527 4632 2652 4702 quia
2674 4631 3125 4702 objuramentum
3169 4631 3414 4685 creditur
3450 4645 3570 4688 esse
3613 4648 3713 4687 ve—

2126 4742 2258 4793 rax;
2292 4736 2366 4788 at,
2409 4727 2783 4793 subsequente
2828 4726 3287 4791 transgressione,
3326 4724 3559 4779 mendax
3612 4739 3713 4795 pro

2127 4820 2306 4876 veraci
2358 4832 2483 4872 esse
2505 4816 2939 4871 demonstratur.
2971 4815 3229 4870 Prohibet
3262 4830 3514 4886 veroper
3542 4818 3709 4871 Deum

2121 4910 2311 4980 jurare
2331 4908 2396 4962 ad
2427 4909 2742 4963 evitandum
2780 4907 3080 4978 periurium
3116 4926 3158 4961 ει
3193 4922 3289 4978 per
3305 4907 3503 4963 coelum
3533 4927 3551 4961 ι
3580 4924 3711 4963 vero

2125 5015 2178 5058 et
2204 5005 2329 5065 alia,
2356 5017 2425 5057 ne
2453 5001 2519 5057 iis
2547 5002 2770 5057 divinus
2799 5002 2974 5055 honor
2994 5000 3277 5055 deferatur
3304 5020 3317 5057 :
3342 5016 3533 5056 omnes
3564 5004 3707 5055 eiiim

2122 5099 2438 5168 quijurant,
2459 5115 2476 5148 :
2502 5112 2598 5166 per
2625 5096 2886 5165 majorem
2909 5097 2993 5149 sui
3021 5094 3296 5165 iurant“.
3337 5113 3355 5144 ι
3385 5097 3473 5161 At,
3498 5095 3711 5164 inquiet

2125 5191 2350 5261 aliquis,
2386 5191 2431 5245 si
2464 5190 2679 5260 cogitur
2710 5190 2834 5259 quis
2861 5188 3069 5258 jurare,
3093 5186 3222 5257 quid
3255 5186 3329 5239 illi
3353 5185 3656 5241 faciendum
3686 5188 3711 5240 ?

2126 5280 2567 5352 Respondemus,
2602 5280 2857 5333 timorem
2897 5278 3110 5332 Domini
3143 5277 3425 5333 fortiorem
3458 5290 3581 5333 esse
3610 5294 3708 5331 ne-

2125 5373 2385 5426 cessitate
2408 5370 2551 5439 ejus,
2592 5369 2684 5438 qui
2728 5370 2967 5439 cegitur.
3020 5366 3298 5421 Dubitabit
3337 5366 3501 5420 etiam
3542 5366 3710 5438 34,3

2125 5463 2398 5532 quispiam
2430 5464 2499 5518 de
2536 5462 2704 5517 veteri
2758 5461 2896 5531 lege,
2929 5470 2980 5513 et
3017 5461 3161 5516 dicet
3192 5474 3207 5512 :
3238 5458 3374 5513 Cum
3407 5468 3569 5514 vetus
3619 5464 3706 5515 lex

2123 5554 2311 5610 laudet
2333 5570 2480 5620 eum,
2522 5555 2615 5624 qni
2647 5570 2742 5624 rer
2787 5568 2983 5608 nomen
3023 5551 3234 5605 Duiiiini
3282 5550 3572 5620 iuraverit,
3606 5567 3707 5605 cur

2128 5647 2211 5701 lex
2246 5650 2441 5718 gratia:
2488 5647 2543 5702 id
2594 5648 2713 5702 ﬁeri
2761 5645 2951 5702 vetat?
2997 5644 3464 5715 Respondemus:
3505 5642 3702 5714 ch«-m
