4120 6424
366 390 507 455 11ε7

1333 364 1910 442 THEOPHYLACTI
1941 368 2189 431 BUI.GA
2200 368 2351 429 [udi
2401 368 2761 429 ARCHIEP.

3521 361 3656 428 1181Ii

360 520 629 570 vezerem,
665 512 723 558 ιιι
752 500 972 558 Iudaeos
1006 516 1036 555 ο
1061 497 1305 570 iurando
1335 511 1431 567 per
1461 494 1607 549 idola
1661 496 1954 552 averteret,

2074 487 2249 557 ρήσειε
2279 484 2325 539 δ’
2351 484 2419 539 ἄν
2470 502 2555 545 τις
2598 484 2694 539 καὶ
2745 483 2876 555 περὶ
2919 482 3020 541 τοῦ
3078 483 3309 537 παλαιοῦ
3349 484 3546 553 νόμου·
3586 482 3650 538 Et

360 600 707 669 pral‘cepisse,
744 607 803 650 ιιι
818 594 1067 662 jttrarcttl
1084 607 1183 662 per
1209 591 1376 647 Deum
1400 609 1413 643 :
1432 585 1889 658 quemadmodum
1910 589 1965 636 ct

364 692 476 747 Deo
501 690 768 746 sacriﬁcia
796 687 1118 753 oll'crrejus.
1139 684 1203 744 it,
1224 694 1282 737 ttt
1299 685 1366 737 ab
1388 680 1658 736 idolorum
1674 674 1963 732 sacriﬁciis

366 782 728 836 abalienaret.
766 778 906 832 Cum
939 791 1072 830 vero
1102 772 1441 830 suﬁicienter
1483 770 1552 824 dc
1578 766 1767 822 divino
1798 764 1952 820 cultu

368 872 749 944 ipstruxisset,
791 875 908 922 tum
997 867 1162 921 etiam
1219 861 1492 919 sacriﬁcia
1540 860 1690 913 velut
1742 855 1958 912 inutilia

366 963 608 1033 rcjecit:
661 964 955 1031 requirens
1020 975 1127 1012 non
1179 956 1452 1012 sacriﬁcia
1505 968 1573 1007 ex
1629 948 1960 1005 animalibus

368 1048 575 1118 oblata,
631 1054 727 1109 sed
773 1072 792 1105 ι
833 1068 931 1107 cor
980 1051 1282 1106 contritum
1333 1065 1351 1099 ι
1391 1062 1489 1117 pro
1541 1042 1836 1100 sacriﬁcio.
1891 1040 1961 1093 At

368 1150 644 1215 quodnam
679 1152 762 1199 est
795 1141 1156 1213 huiusmodi?
1189 1139 1328 1194 Illud
1379 1150 1578 1205 nempe
1629 1132 1774 1204 quod
1835 1130 1961 1200 igne

369 1235 658 1289 cltaritatis
690 1234 757 1287 ad
788 1230 1291 1288 instarltolocausti
1328 1229 1541 1297 integre
1570 1221 1957 1281 consumitur:

370 1329 531 1398 quale
577 1334 699 1381 erat
749 1340 847 1381 cor
884 1324 1063 1390 Pauli,
1110 1338 1236 1377 cum
1279 1331 1568 1391 propterea
1624 1313 1771 1389 quod
1829 1312 1962 1366 ﬁde-

368 1420 447 1473 les
476 1418 703 1488 quidam
741 1437 760 1469 ι
792 1414 1159 1474 scandalizati
1185 1420 1365 1478 erant,
1424 1429 1443 1463 ι
1509 1422 1678 1479 supra
1728 1405 1950 1461 modum

373 1531 391 1562 ι
423 1512 684 1565 urebatur
709 1508 778 1566 ⁵⁸.
809 1528 829 1561 ι

2065 581 2161 631 τὸν
2189 577 2332 631 κατὰ
2364 575 2459 629 τοῦ
2498 577 2706 647 Κυρίου
2735 575 3010 645 ὀμνύοντα
3048 574 3144 627 τοῦ
3173 575 3437 644 ὀνόματος
3495 575 3652 627 ἐπαι-

2064 669 2286 731 νοῦντος
2343 668 2439 721 τοῦ
2504 668 2738 721 παλαιοῦ
2787 668 2976 738 νόμου,
3030 667 3148 729 πῶς
3200 669 3234 738 η
3283 668 3446 738 χάρις
3493 665 3653 720 τοῦτο

2064 765 2242 816 ποιεῖν
2264 762 2640 820 διαστέλλεται
2672 780 2687 829 ;
2713 761 2985 834 Ἐροῦμεν
3009 755 3127 824 οὖν,
3160 759 3233 824 ώς
3265 762 3293 813 ὁ
3316 758 3546 822 παλαιὸς
3566 758 3653 812 v6-

2064 872 2163 926 μος
2195 855 2426 922 ἀπάγων
2449 854 2741 918 Ἰουδαίους
2784 854 2859 925 μὴ
2894 854 3036 908 κατά
3088 854 3198 907 τῶν
3225 851 3462 906 είδώλων
3488 851 3656 922 ὀμνύ,

2061 963 2173 1011 ναι,
2234 946 2543 1018 προσέταξε
2595 947 2739 1001 κατά
2787 946 2926 1007 Θεοῦ
2985 945 3261 1021 ὀμνύειν·
3296 944 3502 1015 ’ὥσπερ
3560 945 3655 1003 καὶ

2064 1037 2216 1091 θύειν
2252 1037 2469 1091 ἐκέλευε
2497 1037 2575 1109 τῷ
2633 1037 2774 1108 Θεῷ,
2815 1037 3085 1092 ἀποσπῶν
3144 1036 3344 1099 αὐτοὺς
3402 1036 3502 1104 τῆς
3551 1034 3658 1087 τῶν

2063 1128 2298 1183 εἰδώλων
2351 1129 2542 1194 θυσίας
2574 1146 2588 1160 °
2625 1130 2713 1183 ὅτε
2766 1128 2826 1186 δὲ
2871 1128 3074 1193 ἱκανῶς
3129 1127 3326 1190 αὐτοὺς
3386 1124 3577 1179 θεοεεϐ
3609 1127 3660 1177 tv

2064 1223 2368 1290 ἐδιδάξατο,
2401 1223 2519 1276 τότε
2551 1226 2646 1276 καὶ
2681 1221 2779 1281 τὰς
2815 1220 3011 1284 θυσίας
3087 1219 3164 1284 ώς
3221 1217 3518 1289 ἀνωφελεῖς
3564 1217 3661 1269 ἀπ-

2059 1316 2239 1370 ώσατο
2262 1331 2279 1346 '
2319 1314 2509 1371 θυσίαν
2539 1315 2595 1367 δὲ
2627 1316 2688 1369 οὐ
2711 1314 2810 1386 τὴν
2840 1314 2928 1368 διὰ
2958 1312 3128 1377 ζώων,
3178 1312 3316 1366 ἀλλά
3348 1313 3445 1380 τὴν
3475 1327 3661 1364 συντε-

2065 1409 2376 1479 τριμμένην
2395 1408 2575 1480 ψυχὴν
2611 1405 2888 1477 ἐπιζητῶν
2917 1409 2996 1470 εἰς
3027 1405 3350 1469 θυσίαν.Τίς
3380 1405 3435 1458 δὲ
3467 1402 3609 1471 αὕτη
3641 1418 3657 1467 ;

2079 1498 2140 1553 'H
2173 1499 2262 1552 διὰ
2298 1500 2686 1562 ταπεινώσεως
2711 1497 2787 1569 τῷ
2806 1499 2904 1569 τῆς
2935 1497 3156 1567 ἀγάπης
3207 1491 3508 1550 ὁλοκαυτου
3523 1495 3659 1565 μένη

367 1597 636 1673 πυρὶ,οία
666 1602 759 1653 καὶ
805 1601 840 1671 ἡ
893 1597 1132 1665 Παύλου,
1202 1597 1237 1665 ἡ
1411 1593 1493 1666 ὃς]
1552 1594 1643 1650 διά
1690 1594 1752 1646 τό
1811 1605 1965 1653 τινας
2006 1589 2456 1653 σκανδαλίζεσθαι
2488 1589 2597 1647 τῶν
2662 1589 2872 1644 πιστῶν
2926 1588 3373 1660 ὑπερϐαλλόντως
3428 1583 3498 1658 ἦν
3559 1603 3664 1645 πυ,

405 1712 464 1746 ου
475 1708 656 1754 μενος.

405 1711 486 1746 ου’
516 1711 656 1754 ενος.

369 1713 402 1762 ρ
443 1711 609 1839 Vilis.
653 1783 742 1849 15,
771 1783 853 1838 ιι.
889 1800 909 1834 ι
943 1781 1223 1837 Tristatur
1255 1781 1456 1852 aliquis
1500 1777 1790 1837 vestrum?
1818 1783 1960 1831 oret.

2148 1790 2167 1824 ι
2198 1770 2534 1825 Κακοπαθεῖ
2560 1787 2644 1833 τις
2674 1770 2731 1822 ὲν
2757 1770 2926 1838 serv;
2964 1767 3351 1840 προσευχέσθω
3385 1785 3402 1801 ο
3434 1768 3664 1837 εὐθυμεῖ

372 1874 558 1946 {Equo
580 1875 765 1929 animo
788 1876 917 1931 est?
943 1875 1157 1942 psallat.
1180 1873 1496 1930 Inﬁt-matur
1527 1872 1655 1942 quis
1682 1871 1735 1925 in
1766 1867 1964 1924 vobis“?

2074 1881 2153 1928 τις
2177 1883 2192 1931 ;
2218 1864 2495 1934 ψαλλέτω.
2520 1861 2770 1917 ’Δσθενεί
2793 1879 2881 1926 τις
2895 1863 2955 1915 ὲν
2985 1862 3115 1931 ὑμῖν
3150 1879 3164 1928 ;
3192 1860 3690 1932 Προσκαλεσάσθοκ

372 1936 598 2025 Ιιιιίιιοοι
634 1967 987 2039 presbyteros
1010 1966 1287 2031 Ecclesiae,
1309 1976 1363 2022 et
1386 1973 1547 2020 orent
1575 1978 1743 2034 super
1766 1977 1912 2017 cum.
1940 1978 1959 2013 ι

2074 1956 2201 2019 τοὺς
2232 1955 2646 2026 πρεσϐυτέρους
2696 1957 2795 2024 τῆς
2828 1954 3182 2021 Ἐκκλησίας,
3225 1953 3319 2006 καί⁵
3355 1954 3658 2024 προσευξάο

377 2059 683 2116 Tristitiam
719 2059 900 2114 oratio
944 2062 1261 2125 comitetur,
1294 2067 1354 2114 ttt
1386 2059 1481 2125 qui
1525 2065 1788 2139 tentatur,
1836 2063 1959 2109 ten-

375 2152 615 2208 tationes
649 2151 826 2205 levius
872 2150 1032 2206 ferat.
1076 2150 1282 2206 Deinde
1342 2161 1633 2219 postquam
1683 2145 1960 2208 oratione,

374 2258 499 2312 quae
530 2257 633 2297 nos
670 2242 1096 2312 perturbabant,
1131 2244 1311 2315 s0pita
1364 2241 1592 2304 fuerint,
1620 2249 1676 2295 et
1713 2237 1784 2293 ad
1816 2236 1962 2291 nati-

377 2351 505 2389 vum
532 2351 694 2390 suum
717 2342 920 2390 statum
961 2336 1180 2389 animus
1209 2333 1457 2401 redierit,
1487 2340 1621 2387 tunc
1646 2331 1865 2401 psallat,
1901 2337 1963 2383 ut

381 2427 485 2496 ipsi
537 2428 679 2482 bona
708 2426 1147 2496 multiplicentur
1180 2444 1195 2481 :
1233 2426 1463 2481 hilarem
1496 2426 1643 2480 enim
1670 2432 1727 2479 et
1764 2423 1968 2493 jucun-

381 2519 513 2572 dum
546 2521 746 2575 animae
778 2526 1008 2582 sta-tum,
1033 2517 1189 2588 juxta
1219 2532 1477 2587 magnum
1500 2513 1788 2578 Basilium,
1815 2513 1972 2583 hym-

380 2627 577 2666 norum
608 2621 804 2666 cautus
835 2610 1117 2666 conciliat.
1153 2608 1220 2665 Et
1259 2623 1417 2672 sane,
1449 2608 1545 2680 qui
1582 2608 1653 2662 ad
1702 2606 1807 2660 hoc
1871 2620 1968 2659 us-

379 2719 487 2774 que
512 2720 621 2757 non
649 2703 921 2773 pervenit,
950 2716 1130 2772 neque
1180 2702 1345 2756 talem
1406 2699 1511 2755 sibi
1567 2697 1972 2768 comparaverit

379 2803 614 2862 statum,
662 2798 848 2866 (quem
883 2793 1056 2849 David
1122 2795 1476 2855 sanctitatem
1524 2790 1783 2862 appellat,
1842 2802 1969 2845 cum

382 2890 461 2942 ait
497 2906 514 2949 ,ε
551 2907 569 2940 ι
600 2888 824 2947 Psallite
852 2886 1110 2949 Domino,
1142 2887 1324 2947 sancti
1352 2885 1474 2957 ejus
1506 2884 1614 2954 ⁸⁷»)
1643 2898 1754 2939 non
1789 2881 1967 2945 aliud.

382 2982 490 3037 nisi
524 2982 719 3051 longas
741 2995 919 3051 nugas
956 2979 1224 3052 perﬁciet.

531 3172 550 3206 ι
586 3152 865 3224 Ungentes
891 3168 1017 3210 eum
1041 3154 1166 3210 oleo
1195 3153 1253 3209 in
1280 3153 1503 3211 nomine
1535 3151 1774 3210 Domini.
1805 3170 1827 3204 ι

2070 2051 2291 2103 σθωσαν
2321 2047 2409 2101 ἐπ’
2456 2047 2643 2102 αὐτόν.
2688 2065 2711 2099 ι
2772 2048 2852 2118 Τῇ
2895 2047 3243 2118 κακοπαθείᾳ
3300 2047 3334 2118 ἠ
3386 2047 3664 2118 προσευχὴ

2063 2137 2506 2210 παρομαρτείτω,
2533 2137 2621 2191 ἵνα
2653 2138 2959 2207 κουροι-ἐρα
2986 2136 3062 2208 τῷ
3132 2136 3514 2209 πειραζομένῳ
3536 2142 3568 2208 ἡ
3588 2140 3665 2191 δι-

2072 2233 2250 2297 έξοδος
2276 2232 2386 2286 τῶν
2417 2231 2739 2305 πειρασμῶν
2768 2231 3016 2301 γένηται.
3045 2226 3177 2285 Εἶτα
3205 2233 3422 2292 ἐπειδὰν
3445 2231 3532 2286 διὰ
3565 2231 3667 2300 τῆς

2067 2323 2381 2393 προσευχῆς
2407 2321 2754 2394 κατευνασθῇ
2771 2322 2840 2375 τὰ
2860 2321 3176 2392 διοχλοῦντα
3194 2324 3361 2394 ἡμᾶς,
3395 2323 3488 2376 καὶ
3520 2322 3659 2393 πρὸς

2065 2415 2166 2485 τὴν
2193 2416 2398 2469 οἰκείαν
2425 2414 2765 2476 κατάστασιν
2795 2414 3065 2485 ἀφίκηται
3098 2414 3321 2486 ἡψυχὴ,
3357 2412 3661 2486 τηνικαῦτα

2068 2505 2345 2575 ψαλλέτω,
2387 2505 2475 2560 ἴνα
2506 2506 2576 2561 τά
2624 2507 2838 2578 χρηστά
2885 2505 3034 2579 αὐτῷ
3067 2507 3539 2580 πολυπλασιασθῇ.
3592 2507 3667 2561 Τὸ

2072 2600 2184 2670 γὰρ
2221 2599 2408 2671 ίλαρδν
2434 2600 2531 2655 καὶ
2561 2599 2769 2655 ἄλυπον
2791 2599 3120 2672 κατάστημα
3151 2599 3251 2670 τῆς
3286 2598 3491 2670 ψυχῆς,
3520 2599 3667 2653 κατὰ

2072 2691 2167 2745 τὸν
2224 2690 2401 2761 μέγαν
2456 2691 2761 2754 Βασίλειον,
2790 2690 2849 2749 αἱ
2902 2690 3010 2743 τῶν
3054 2691 3240 2760 ὓμνων
3305 2692 3667 2762 προσηγορίαι

2075 2779 2522 2858 χαρίζονται.ίο
2543 2780 2652 2851 γάρ
2676 2795 2760 2833 τοι
2814 2779 2889 2851 μὴ
2916 2778 3062 2835 οὓτω
3124 2779 3360 2851 προϐὰς,
3421 2779 3556 2850 μηδὲ
3607 2782 3668 2833 τὺ

2072 2872 2286 2926 τοιοῦτο
2318 2873 2647 2943 κατάστημα
2681 2871 3010 2942 προφθάσας
3036 2873 3087 2945 (ὃ
3108 2875 3202 2927 καὶ
3223 2872 3389 2927 Δαϐὶδ
3413 2873 3669 2945 ὁσιότηά

2075 2967 2253 3033 καλεῖ,
2310 2985 2330 3019 ι
2363 2966 2611 3032 Ψάλατε,
2644 2985 2664 3019 ι
2720 2970 3192 3039 προτρεπόμενος,
3235 2985 3255 3019 ι
3304 2967 3384 3038 τῷ
3444 2967 3660 3039 Κυρίῳ,
3755 2976 3768 2988 ‘

2075 3057 2202 3121 τοὺς
2220 3056 2401 3121 ὁσίους
2426 3055 2593 3110 αὐτοῦ
2628 3055 2703 3128 ι),
2732 3055 2898 3127 λῆρον
2929 3057 3143 3128 μακρὸν
3174 3056 3413 3124 ἐξανύει.

2143 3167 2162 3203 ι
2198 3149 2547 3220 Ἀλείψαντες
2581 3149 2742 3203 αὑτὸν
2792 3148 2958 3222 ἐλαίῳ
3023 3153 3084 3205 ὲν
3135 3150 3213 3222 τῷ
3286 3152 3508 3222 ὀνόματι
3569 3149 3671 3206 τοῦ

2078 3243 2310 3315 Κυρίου.
2345 3261 2364 3296 ι

458 3329 627 3386 Vsus.
660 3330 750 3395 15.
785 3330 869 3388 16.
907 3349 928 3385 ι
960 3328 1028 3385 Ει
1051 3330 1229 3387 oratio
1250 3329 1375 3386 ﬁdei
1400 3328 1637 3385 salvabit
1658 3329 1969 3395 inﬁrmum;

2150 3355 2169 3389 ι
2214 3335 2325 3390 Καὶ
2351 3337 2386 3405 ἠ
2418 3333 2553 3406 εὐχὴ
2582 3334 2684 3404 τῆς
2719 3333 2958 3399 πίστεως
3007 3334 3173 3389 σώσει
3223 3335 3317 3390 τὸν
3366 3336 3668 3407 κάμνοντα,

385 3429 444 3478 et
471 3421 756 3477 atleviabit
784 3437 914 3481 cum
941 3419 1328 3479 Dominus:et
1371 3422 1418 3476 si
1467 3419 1523 3474 in
1588 3418 1830 3489 peccatis
1880 3420 1973 3480 sit,

390 3515 699 3573 remittetur
725 3514 800 3569 ei.
831 3512 1182 3575 Conﬁtemitti
1216 3527 1345 3583 erga
1397 3511 1718 3569 alterutrum
1751 3521 1976 3582 peccata

392 3615 600 3671 vestra,
622 3614 676 3660 et
710 3614 864 3663 orate
892 3620 994 3677 pro
1022 3605 1280 3671 invicem,
1312 3613 1374 3659 ut
1408 3602 1722 3661 salvetuini.
1771 3620 1790 3658 ι
1834 3601 1975 3665 Hoc,

390 3700 616 3753 Christo
650 3697 831 3753 adhuc
868 3711 997 3757 cum
1027 3698 1346 3755 hominibus
1388 3704 1668 3761 versante,
1700 3694 1979 3753 faciebant

392 3791 652 3862 apostoli,
680 3792 803 3848 oleo
835 3799 1107 3862 tingentes
1133 3790 1404 3845 inﬁrmos.

468 3988 487 4020 ι
529 3967 761 4023 Multum
810 3967 958 4023 enim
991 3967 1137 4023 valet
1168 3966 1482 4039 deprecatio
1504 3966 1639 4041 justi
1671 3966 1914 4023 assidua.
1949 3987 1970 4020 ι

464 4058 631 4114 Vens.
674 4057 881 4124 17,18.
925 4077 945 4109 ι
983 4057 1135 4114 Elias
1192 4062 1357 4113 homo
1415 4065 1535 4113 erat
1588 4058 1788 4115 similis
1815 4059 1975 4118 nobis

392 4151 678 4222 passibilis
706 4168 722 4204 :
763 4161 818 4205 ct
840 4150 1094 4205 oratione
1122 4152 1322 4217 oravit,
1352 4159 1545 4208 utnon
1568 4151 1782 4222 plueret
1809 4167 1976 4220 super

393 4250 623 4305 terram,
650 4248 706 4295 et
736 4255 844 4294 non
875 4241 1016 4311 pluit
1055 4255 1233 4296 annos
1287 4249 1424 4308 tres,
1487 4256 1708 4301 menses
1759 4258 1878 4298 sex.
1913 4243 1978 4298 lit

397 4348 591 4387 rursus
634 4334 810 4387 oravit
846 4343 945 4390 :et
994 4333 1196 4389 caelum
1237 4334 1389 4389 dedit
1426 4334 1690 4405 pluviam,
1737 4346 1792 4393 et
1827 4345 1974 4392 terra

397 4424 552 4479 dedit
601 4423 843 4480 fructum
901 4440 1086 4479 suum.
1135 4443 1155 4477 ι
1196 4424 1396 4483 Eﬁicax
1446 4434 1533 4482 est
1591 4427 1772 4482 oratio
1814 4427 1975 4498 justi,

397 4518 621 4589 quando
647 4518 718 4580 is,
752 4532 854 4588 pro
893 4532 1002 4589 quo
1040 4517 1226 4588 justus
1291 4529 1432 4583 orat,
1489 4520 1761 4589 spirituali
1820 4534 1976 4575 com-

2081 3428 2180 3482 καὶ
2211 3428 2398 3497 ἐγερεῖ
2412 3427 2583 3480 αὐτὸν
2605 3426 2635 3483 ὁ
2664 3423 2870 3495 Κύριος
2897 3441 2912 3464 ν
2938 3424 3043 3479 κάν
3069 3424 3345 3496 ἁμαρτίας
3438 3442 3672 3496 πεποιητ

2080 3518 2213 3584 κὼς,
2246 3506 2586 3589 ἀφεθήσεται
2623 3516 2792 3586 αὐτῷ.
2820 3516 3269 3588 Ἐξομολογείσθε
3302 3518 3554 3590 ἀλλήλοις
3600 3519 3672 3571 τὰ

2083 3607 2535 3679 παραπτώματα,
2581 3609 2678 3661 καὶ
2732 3607 2960 3678 εὔχεσθε
3015 3608 3158 3678 ὑπὲρ
3200 3608 3473 3681 ἀλλήλων,
3521 3609 3671 3674 ὅπως

2082 3701 2292 3771 ἰαθῆτε.
2322 3719 2341 3752 ι
2380 3699 2557 3754 Τοῦτο
2586 3701 2683 3754 καὶ
2708 3700 2799 3754 τοῦ
2825 3699 3035 3771 Κυρίου
3078 3704 3192 3765 τοῖς
3249 3700 3558 3772 ἀνθρώποις
3588 3701 3669 3761 ἔτι

2079 3792 2585 3863 ἀναστρεφομένου,
2618 3794 2669 3846 ot
2716 3792 3008 3851 ἀπόστολοι
3071 3794 3317 3860 ἐποίουν,
3355 3793 3670 3864 ἀλείφοντες

2080 3884 2250 3953 ἐλαίῳ
2281 3886 2410 3947 τοὺς
2440 3884 2832 3948 ἀσθενοῦντας.

2149 3997 2169 4030 ε
2206 3977 2346 4033 Πολὺ
2390 3979 2564 4048 ἰσχύει
2587 3978 2771 4050 δέησις
2806 3977 3021 4033 δικαίου
3052 3980 3442 4051 ἐνεργουμένη.
3484 3998 3504 4036 υ

2155 4090 2175 4123 ι
2209 4070 2402 4136 Ἠλίας
2461 4062 2752 4147 ἄνθρωπος
2807 4067 2878 4142 ἦν
2968 4072 3313 4143 ὁμοιοπαθὴς
3368 4075 3525 4144 ἡμῖν,
3573 4071 3671 4133 καὶ

2082 4167 2361 4235 προσευχῇ
2396 4163 2757 4236 προσηύξατο
2778 4165 2874 4218 τοῦ
2905 4166 2978 4237 μὴ
3011 4166 3200 4240 βρέξαι
3241 4168 3336 4220 καὶ
3357 4168 3457 4221 οὐκ
3513 4168 3670 4240 εὗρεν

2079 4254 2284 4321 εενὲπὶ
2317 4255 2421 4322 τῆς
2441 4255 2546 4331 γῆς
2579 4256 2864 4320 ἐνιαυτοὺς
2892 4260 3042 4328 τρεῖς
3088 4259 3181 4317 καὶ
3231 4257 3408 4328 μῆνας
3445 4259 3524 4327 ἒξ.
3560 4261 3671 4313 Καὶ

2080 4347 2245 4402 πάλιν
2276 4346 2626 4422 προσηύξατο
2653 4388 2669 4415 ,
2694 4349 2789 4404 καὶ
2820 4352 2849 4402 ὀ
2883 4350 3114 4420 οὐρανὸς
3142 4350 3298 4404 ὑετὸν
3327 4351 3518 4414 ἔδωκε,
3578 4357 3672 4415 καὶ
3758 4352 3763 4361 ’

2079 4441 2113 4513 ὴ
2141 4440 2212 4508 γῆ
2238 4438 2540 4507 ἐϐλάστησε
2560 4440 2654 4493 τὸν
2704 4440 2914 4511 καρπὸν
2940 4441 3137 4511 αὐτῆς.
3175 4460 3194 4493 ι
3259 4443 3593 4513 Ἐνεργεῖται
3633 4445 3667 4517 ἡ

2079 4536 2175 4588 τοῦ
2188 4535 2395 4589 δικαίου
2423 4535 2580 4608 εὐχὴ,
2598 4537 2730 4591 ὅταν
2760 4537 2856 4590 καὶ
2881 4537 3024 4608 ὑπὲρ
3043 4531 3105 4595 οὗ
3136 4537 3364 4609 εὔχηται
3384 4539 3673 4611 συμπράττ

400 4610 700 4680 [unctione
726 4611 904 4664 oranti
940 4620 1291 4681 cooperator.
1337 4609 1394 4664 Si
1427 4627 1687 4681 namque,
1710 4611 1835 4669 aliis
1878 4626 1969 4681 pro

2083 4627 2274 4681 τειδιά
2306 4626 2607 4692 κακώσεως
2658 4630 3041 4701 πνευματικῆς
3094 4630 3175 4700 τῷ
3234 4609 3671 4701 εὐχομὲνῳςἋν

401 4701 566 4759 nobis
617 4702 932 4768 orantibus,
990 4717 1093 4756 nos
1148 4703 1300 4757 luxui
1357 4711 1412 4758 et
1446 4704 1658 4759 deliciis
1696 4702 1969 4775 indulgea-

2086 4718 2193 4789 γάρ
2228 4718 2434 4790 ἑτέρων
2457 4721 2599 4791 ὑπὲρ
2627 4720 2786 4791 ἡμῶν
2804 4697 3155 4792 εὐχομένων,
3170 4697 3673 4792 “aestimem;

401 4809 549 4858 mus,
584 4801 639 4847 et
679 4793 847 4848 vitam
891 4792 1218 4849 dissolutam
1248 4796 1540 4858 ducamus,
1569 4795 1739 4849 robur
1770 4796 1983 4850 oratio-

2085 4811 2444 4882 σχολάζομεν,
2503 4814 2601 4867 καὶ
2652 4813 2895 4877 ἀνέσεσι,
2931 4814 3025 4866 καὶ
3058 4814 3497 4886 ὲκδεδιῃτημὲνῳ
3547 4813 3671 4884 βίῳ,

360 4956 366 4961 _
400 4888 491 4948 nis
524 4887 670 4954 ejus,
704 4887 798 4956 qui
844 4902 946 4959 pro
1004 4888 1163 4943 nobis
1204 4889 1441 4956 laltorat,
1491 4890 1853 4947 dissolvimus
1882 4906 1897 4949 ;
1929 4902 1969 4945 et

2080 4902 2351 4973 ἐκλύομεν
2386 4903 2476 4963 διὰ
2504 4904 2698 4958 τούτου
2728 4903 2792 4966 τὸ
2827 4904 3083 4959 σύντονον
3105 4906 3203 4977 τῆς
3226 4906 3392 4976 εὐχῆς
3418 4904 3513 4958 τοῦ
3532 4906 3674 4976 ὑπὲρ

401 4979 675 5049 contingit
705 4979 761 5034 in
794 4980 956 5035 nobis
980 4980 1112 5035 illud
1145 4981 1284 5037 beati
1311 4981 1456 5036 Petri
1491 4998 1507 5036 ι
1553 5005 1568 5035 ι
1601 4980 1649 5014 ⁵⁸
1676 4979 1829 5041 Unus
1859 4982 1985 5037 tedi-

401 5071 599 5133 ﬁcans.
634 5081 690 5125 et
723 5071 865 5126 alter
895 5071 1217 5138 destructis,
1243 5074 1372 5144 quid
1428 5074 1655 5146 prodest
1691 5073 1821 5142 illis,
1872 5074 1980 5130 nisi

399 5165 555 5219 labor
580 5162 604 5217 ’ί
644 5181 664 5215 ι

471 5255 639 5327 349
680 5254 849 5313 Vens.
891 5257 978 5325 l9,
1008 5256 1098 5312 20.
1135 5276 1153 5310 ι
1211 5256 1435 5318 Fratres
1490 5261 1624 5328 mei,
1657 5261 1705 5317 si
1744 5262 1871 5333 quis
1919 5278 1987 5319 ex

400 5350 560 5402 vobis
592 5349 864 5405 erraverit
900 5365 930 5404 a
961 5350 1213 5418 veritate,
1244 5360 1300 5406 et
1325 5355 1658 5413 converterit
1678 5355 1804 5423 quis
1837 5370 1986 5421 eum,

2080 4996 2239 5070 ἡμῶν
2267 4995 2699 5066 ἀγωνιζομένου,
2720 4998 2821 5051 καὶ
2836 4998 3047 5065 γίνεται
3079 4999 3164 5068 ἐφ’
3189 4999 3321 5070 ήμϊν
3344 5000 3406 5053 τὸ
3436 4998 3533 5052 τοῦ
3567 5016 3675 5069 μα-

2081 5086 2277 5158 καρίου
2298 5087 2513 5158 Πέτρου
2539 5105 2554 5120 ·
2592 5106 2613 5138 ι
2652 5084 2750 5152 Εἷς
2775 5089 3098 5163 οἰκοδομῶν,
3155 5089 3252 5143 καὶ
3280 5085 3363 5152 εἷς
3389 5088 3675 5160 καθαίρων

2090 5178 2157 5251 [Ι.
2196 5208 2265 5222 --
2301 5179 2473 5249 αιρῶν
2508 5178 2662 5233 οὐδὲν
2693 5180 2898 5251 mm}
2927 5181 3063 5251 πρὸς
3086 5181 3287 5246 κόπους
3320 5183 3588 5248 ἐκδόντες.
3623 5201 3644 5236 ι

2170 5288 2189 5322 ι
2228 5270 2475 5340 Ἀδελφοί
2509 5287 2634 5343 μου,
2668 5272 2763 5325 sev
2797 5288 2882 5337 τις
2911 5274 2970 5326 ἐν
3004 5274 3135 5344 ὑμῖν
3158 5273 3407 5346 πλανηθῇ
3439 5275 3546 5329 ἀπὸ
3573 5274 3675 5344 τῆς

2088 5361 2367 5433 ἀληθείας,
2415 5358 2511 5417 καὶ
2536 5362 2840 5437 ἐπιστρέψῃ
2870 5381 2952 5428 τις
2987 5364 3174 5432 αὐτὸν,
3212 5365 3552 5434 γινωσκέτω,
3588 5366 3673 5419 ὅτι

399 5438 547 5493 scire
575 5438 756 5506 debet,
814 5444 963 5510 quod
1003 5444 1097 5512 qui
1149 5445 1393 5499 converti
1426 5443 1621 5500 fecerit
1645 5458 1969 5518 peccatoren

2086 5454 2116 5506 ὁ
2153 5452 2489 5525 ἐπιστρέψας
2520 5454 2845 5526 ἁμαρτωλὸν
2874 5457 2940 5511 ὲκ
2967 5455 3180 5527 πλάνης
3217 5455 3340 5510 ὀδοῦ
3378 5455 3543 5510 σώσει
3573 5457 3679 5528 ψυι

403 5528 474 5580 ab
498 5543 687 5584 errore
713 5533 838 5586 vitae
862 5547 999 5596 suae,
1023 5533 1259 5588 salvabit
1288 5537 1528 5592 animam
1558 5537 1681 5608 ejus
1715 5555 1745 5593 a
1782 5551 1981 5606 morte,

400 5627 460 5671 et
496 5620 704 5688 operict
733 5623 1138 5682 multitudinem
1171 5637 1547 5698 peccatorum.
1590 5650 1609 5682 ι
1644 5629 1761 5686 Hoc
1794 5640 1850 5686 et
1886 5632 1981 5689 Je-

477 5798 523 5829 "
555 5798 595 5851 ll
630 5799 753 5855 Cor.
786 5819 859 5869 xl,
891 5804 982 5859 29.
1060 5806 1105 5840 ⁸⁷
1148 5807 1292 5863 Psal.
1334 5827 1481 5880 XXIX,
1518 5813 1573 5867 ξ’).

2090 5538 2195 5616 χὴν
2236 5548 2301 5599 ὲκ
2352 5547 2587 5603 θανάτου
2622 5549 2719 5602 καὶ
2775 5548 3009 5621 καλύψει
3049 5548 3254 5621 πλῆθος
3310 5550 3615 5621 ἁμαρτιῶν,
3647 5567 3670 5603 ι

2095 5637 2266 5690 Τοῦτο
2300 5639 2396 5693 καὶ
2432 5640 2704 5709 Ἰεοειιίας
2726 5644 2914 5712 φησιν,
2949 5643 3035 5698 ὅτι
3076 5662 3095 5697 ι
3128 5644 3240 5705 Καὶ
3277 5643 3678 5721 ὲάνοὲξαγάγῃς

1653 5814 1698 5846 ⁸⁸
1727 5814 1923 5871 Eccle.
1969 5831 2151 5882 xxxnv,
2184 5815 2276 5875 28.
