4120 6412
349 377 484 438 1189

1371 369 1774 432 EXPOSITIU
1815 365 1896 426 IN
1927 367 2164 428 EPIST.
2206 368 2234 427 Ι
2275 370 2334 429 S.
2367 370 2617 431 PETRI.

3471 366 3612 433 1190

344 498 521 547 τίμιον
554 479 612 544 ἐξ
639 479 879 544 ἀναξίου,
912 478 985 543 ὡς
1023 479 1198 548 στόμα
1229 493 1328 546 μου
1356 475 1474 548 ἔσῃ.
1513 495 1531 526 ι
1587 474 1766 544 Στόμα
1818 473 1922 543 γὰρ

2031 474 2234 529 rcmias
2268 475 2345 528 ait
2385 475 2434 508 ⁸⁸
2473 495 2486 531 :
2537 495 2556 528 ι
2593 476 2647 532 Si
2699 477 3038 545 scparavcris
3072 476 3374 548 pretiosum
3423 494 3451 532 a
3497 481 3612 544 vili,

344 571 552 636 γίνεται
577 571 668 624 τοῦ
698 571 830 624 Θεοῦ
871 573 978 634 πᾶς
1011 571 1046 623 ὁ
1073 569 1197 632 τοὺς
1229 569 1419 636 λόγους
1452 566 1616 621 αὐτοῦ
1649 565 1921 632 ἀναγγέλ-

345 662 472 716 λων.
505 663 570 714 Τί
605 665 712 733 γάρ
743 679 939 732 φησιν;
986 680 1005 713 ι
1037 663 1111 714 Ού
1144 661 1254 730 γὰρ
1285 661 1444 731 ὑμεῖς
1469 663 1590 712 ἐστε
1615 661 1662 712 οἱ
1691 659 1915 711 λαλοῦν-

2022 563 2178 633 quasi
2205 579 2266 619 os
2299 579 2477 618 meum
2531 566 2662 622 eris.
2705 585 2723 618 ι
2759 567 2832 622 Os
2861 570 3006 622 enim
3061 567 3152 622 Dei
3192 568 3250 622 ﬁt
3281 568 3478 631 omnis,
3518 569 3610 638 qui

2024 656 2249 710 verbum
2310 658 2484 727 ipsius
2563 660 2877 717 annuntiat.
2957 660 3096 728 Quid
3129 661 3272 715 enim
3309 661 3487 731 inquit
3520 663 3614 716 “1

348 771 464 816 τες,
534 755 669 807 ἀλλὰ
706 755 764 807 τὸ
801 753 1026 824 Πνεῦμα
1062 753 1156 806 τοῦ
1188 755 1399 822 Πατρός
1436 769 1537 821 μου
1556 751 1617 804 τὸ
1655 751 1845 804 λαλοῦν
1867 752 1922 802 ἐν

2027 764 2046 797 ι
2087 745 2204 800 Non
2259 749 2401 802 enim
2469 765 2563 804 vos
2604 752 2762 814 estis,
2797 753 2887 818 qtti
2958 752 3267 820 loquimini,
3306 755 3399 807 sed
3437 751 3616 822 Spiri-

347 846 498 914 ὑμῖν.
524 865 542 896 ι
605 846 694 898 Διὸ
744 847 840 899 καὶ
880 847 970 899 τὸν
1011 845 1336 918 ἁμαρτωλὸν
1381 843 1800 898 ἀποκωλύειδιὰ
1830 842 1922 897 τοῦ

2027 847 2113 893 lus
2147 837 2326 894 Patris
2355 842 2478 906 mei,
2508 844 2598 910 qui
2627 844 2867 912 loquitur
2901 844 2955 897 in
2988 845 3160 898 vobis.
3205 863 3225 896 ι
3253 845 3319 898 Et
3345 845 3471 900 hinc
3499 855 3609 906 est,

347 937 510 989 Aa6‘t6
533 938 902 1008 ἐκδιηγεῖσθαι
923 939 989 991 τὰ
1016 939 1361 1008 δικαιώματα
1383 936 1567 992 αὑτοῦ.

424 1136 690 1190 Ἰακώϐου
721 1138 1052 1205 Ἐπιστολὴ
1090 1138 1390 1207 Καθολικὴ
1426 1140 1655 1209 στίχων
1683 1139 1846 1210 σμβ⁹.

433 1289 480 1320 ⁵⁸
537 1288 738 1344 Jcrcm.
800 1309 890 1356 xv,
950 1295 1031 1348 19.
1111 1294 1156 1326 ⁸⁸
1209 1294 1400 1352 Matth.
1435 1311 1488 1356 κ.
1524 1295 1614 1350 ‘20.

2031 930 2176 1000 quod
2220 947 2314 998 per
2381 931 2546 986 David
2599 934 2849 1002 prohibet
2903 936 3204 1005 peccatori,
3278 957 3297 988 ι
3355 952 3613 991 enarrare

2035 1021 2275 1075 iustitias
2307 1038 2436 1077 suas
2475 1024 2542 1078 υ.
2582 1043 2600 1074 ι

2142 1134 2374 1205 Explicit
2416 1135 2658 1207 Epistula
2694 1137 2972 1194 Catholica
3003 1138 3192 1193 Jacobi
3218 1156 3348 1194 vers.
3379 1139 3505 1195 242.

1728 1295 1770 1328 “
1799 1294 1943 1352 PSul.
1965 1309 2042 1360 ιν,
2063 1293 2227 1357 9,16.

1109 1645 2828 1824 ΘΕΟΦΥΛΑΚΤΟΥ

1463 1913 2029 1972 ΑΡΧῘΕΠΙΣΚΟΠΟΥ
2062 1915 2492 1969 ΒΟΥΛΓΑΡῘΛΣ

627 2095 844 2183 ΤΗΣ
917 2092 1144 2178 ΤΟΥ
1206 2090 1547 2180 ΑΓΙΟΥ
1618 2088 2070 2176 ΠΕΤΡΟΥ
2143 2089 2592 2179 ΠΡΩΊἩΣ
2669 2089 3313 2177 ΕΠΙΣΤΟΛΗΣ

1578 2275 2385 2404 ΕΞΗΓΗΣΙΣ.

1222 2603 1340 2754 Τ
1352 2593 2734 2752 HEOPHYLACTI

1513 2867 1886 2928 BULGARUE
1923 2865 2454 2926 ARCHIEPISCOPI

566 3045 1230 3140 EXPOSITIO
1291 3049 1413 3136 IN
1496 3045 1922 3140 EPISTO

2027 3048 2180 3138 AM
2258 3047 2732 3138 PRIMAM
2805 3048 3383 3192 S.I‘PETRI.

340 3316 712 3374 ΥΠΟΘΕΣΙΣ
783 3313 923 3365 ΤΗΣ
977 3311 1271 3365 ΠΡΩΤΗΣ
1317 3311 1729 3363 ΕΠΙΣΤΟΛΗΣ
1787 3312 1922 3366 ΊῸΥ

2027 3308 2553 3366 ARGUMENTUM
2583 3307 2974 3382 EPISTOLJ?
3013 3307 3270 3365 PRIMA?
3299 3308 3358 3366 S.
3389 3309 3608 3370 PETRI

616 3404 854 3458 ΑΓΙΟΥ
889 3401 1328 3456 ΑΠΟΣΤῸΛΟΥ
1359 3401 1674 3456 ΠΕΤΡΟΥ.

429 3518 650 3588 Ἐπειδὴ
699 3520 725 3571 ὁ
750 3516 955 3587 Πέτρος
987 3514 1150 3577 αὐτὸς
1179 3516 1294 3576 τοῖς
1319 3514 1376 3566 ὲν
1395 3516 1461 3584 τῇ
1487 3513 1756 3586 διασπορᾷ
1775 3515 1924 3571 οὖσιν

359 3612 656 3676 Ἰουδαίοις,
695 3610 790 3662 καὶ
827 3607 1139 3677 γενομένοις
1180 3607 1550 3677 Χριστιανοῖς,
1593 3607 1793 3676 γράφει
1826 3609 1925 3679 τὴν

345 3703 676 3772 Ἐπιστολὴν
704 3699 1109 3764 διδασκαλικὴν.
1155 3698 1374 3768 Ἐπειδὴ
1401 3701 1508 3766 γὰρ
1529 3699 1635 3750 ἀπὸ
1657 3698 1924 3752 Ἰουδαίων

343 3797 695 3855 ἐπίστευσαν,
753 3789 1094 3858 ἐπιστηρίςει
1130 3789 1349 3851 αὐτούς.
1408 3789 1520 3844 Καὶ
1552 3788 1772 3859 πρῶτον
1824 3789 1923 3858 μὲν

341 3885 622 3954 ἐξηγεῖται
667 3881 761 3934 καὶ
804 3879 1214 3940 ἀποδείκνυσιν,
1259 3878 1342 3931 ὅτι
1382 3877 1414 3946 ἡ
1448 3879 1527 3939 είς
1565 3877 1802 3946 Χριστὸν
1827 3877 1921 3928 πί-

347 3994 468 4038 στις
529 3975 637 4029 ἀπὸ
665 3972 774 4025 τῶν
805 3969 1101 4042 προφητῶν
1149 3968 1482 4038 κατηγγέλη,
1525 3969 1618 4021 καὶ
1647 3968 1716 4021 δι’
1744 3967 1923 4021 αὐτῶν

342 4066 592 4138 ἐμηνύθη
622 4067 655 4135 ή
692 4063 780 4117 διὰ
805 4061 899 4115 τοῦ
924 4060 1155 4131 αἵματος
1187 4059 1348 4115 αὑτοῦ
1381 4059 1758 4130 ἀπολύτρωσις
1786 4075 1801 4091 ⁸
1830 4061 1924 4114 καὶ

341 4162 427 4214 ὅτι
461 4158 643 4220 αὐτοῖς
689 4155 786 4208 καὶ
819 4155 930 4217 τοῖς
984 4151 1195 4205 ἔθνεσιν
1239 4150 1606 4222 εὐηγγελίσθη
1642 4152 1708 4204 τὰ
1745 4151 1925 4206 πάντα

342 4252 425 4311 εἰς
460 4248 495 4302 ἃ
535 4244 896 4316 ἐπιθυμοῦσιν
941 4243 1162 4311 ἄγγελοι
1202 4243 1548 4312 παρακύψαι.
1600 4239 1733 4296 Εἶτα
1780 4261 1924 4313 συμ-

343 4339 634 4393 ϐουλεῦσαι
663 4337 834 4410 [ισως
865 4333 1296 4406 συμεουλεύσας]
1323 4334 1488 4402 ἀξίως
1517 4335 1610 4388 τοῦ
1659 4335 1924 4390 καλέσαν-

341 4451 436 4496 τος
465 4428 927 4501 ἀναστρέφεσθαι,
973 4427 1272 4497 προτρέπει
1316 4428 1409 4478 καὶ
1445 4425 1697 4496 βασιλέας
1735 4427 1921 4496 τιμᾷν.

344 4525 566 4594 Γυναιξί
597 4543 655 4577 τε
682 4523 776 4577 καὶ
800 4521 1060 4592 ἀνδράσιν
1089 4520 1472 4590 ὁμοφροσύνην
1504 4519 1874 4588 παραγγέλλει
1905 4535 1921 4550 ·

345 4622 444 4676 καὶ
470 4621 552 4682 είς
589 4616 657 4671 τὰ
692 4615 798 4688 ἢθη
839 4614 1178 4685 παραινέσας
1219 4611 1398 4680 ὀλίγα,
1451 4611 1706 4681 σημαίνει
1736 4612 1817 4665 ὄτι
1844 4614 1922 4676 είς

343 4715 436 4766 τὸν
463 4711 597 4783 ᾅδην
625 4708 781 4762 τοῦτο
809 4708 997 4774 γέγονε
1023 4706 1176 4774 παρὰ
1201 4705 1292 4757 τοῦ
1325 4703 1530 4774 Κυρίου
1570 4703 1628 4756 τὸ
1657 4705 1923 4773 κήρυγμα

344 4807 446 4873 τῆς
489 4800 761 4872 σωτηρίας
794 4801 890 4856 καὶ
934 4798 1306 4861 ἀναστάσεως,
1352 4797 1440 4850 ἵνα
1476 4797 1527 4850 οἱ
1561 4795 1923 4867 προθανόντες

345 4895 622 4952 ἀναστῶσι
662 4893 762 4963 μὲν
800 4892 895 4946 καὶ
939 4889 1202 4961 κριθῶσιν
1250 4891 1309 4943 ὲν
1347 4889 1424 4960 τῷ
1463 4889 1676 4959 σώματι
1706 4905 1720 4920 ο
1759 4891 1826 4958 τῇ
1866 4887 1924 4941 δὲ

345 4988 529 5058 χάριτι
555 4986 651 5054 τῆς
689 4985 1036 5043 ἀναστάσεως
1078 4981 1454 5049 διαμείνωσιν.
1499 4979 1606 5032 Καὶ
1639 4980 1721 5032 ὅτι
1751 4979 1813 5033 τὸ
1835 4975 1923 5032 τέέ-

345 5080 438 5140 λος
486 5076 702 5130 πάντων
744 5073 932 5125 λοιπδν
983 5071 1219 5143 ἡγγισε,
1255 5069 1352 5124 καὶ
1403 5069 1679 5136 ὀφείλουσι
1723 5069 1924 5132 πάντες

344 5170 552 5236 ’ἕτοιμοι
611 5165 877 5233 γίνεσθαι,
917 5163 992 5225 ὡς
1032 5162 1189 5230 λόγον
1222 5161 1567 5225 ἀποδιδόντες
1595 5161 1674 5234 τῷ
1702 5163 1878 5232 κριτῇ
1906 5177 1920 5193 .

347 5259 442 5312 καὶ
474 5257 617 5309 οὓτω
653 5255 852 5308 τελειοτ
887 5252 984 5322 τὴν
1022 5251 1364 5312 Ἐπιστολὴν.

484 5426 850 5481 ΚΕΦΑΛΑΙΑ
891 5425 1026 5478 ΤΗΣ
1065 5425 1312 5478 ΑΥῚῊΣ
1346 5426 1786 5478 ΕΠΙΣΤΟΛΙΙΣ.

348 5518 420 5576 α’.
486 5519 626 5587 Περὶ
683 5519 794 5584 τῆς
843 5523 913 5571 ἐν
965 5514 1198 5584 Χριστῷ
1249 5517 1730 5586 ἀναγεννήσεως.
1815 5520 1926 5570 Kal

418 5613 550 5680 περὶ
605 5609 920 5679 ὑπομονῆς
973 5607 1321 5677 πειρασμῶν
1348 5626 1361 5640 ο
1401 5610 1497 5663 καὶ
1543 5611 1672 5678 περὶ
1731 5626 1926 5672 σωτη-

413 5703 665 5771 ριὼδους
702 5705 958 5768 πίστεως
994 5703 1596 5772 προκατηγγελμένης
1646 5703 1764 5757 ὑπὸ
1807 5704 1926 5756 τῶν

419 5811 576 5866 apag:
587 5795 761 5862 τιτῶν.

2616 3402 3010 3460 APOSTOLI.

2097 3518 2295 3573 Petrus
2321 3517 2462 3574 hanc
2489 3517 2685 3572 scribit
2719 3516 3017 3587 Epistulam
3049 3514 3256 3572 Judaais
3288 3515 3378 3582 qui
3410 3515 3464 3570 in
3526 3515 3611 3570 di-

2027 3611 2316 3680 spersione
2337 3619 2511 3674 erant,
2559 3623 2624 3662 ac
2654 3607 2951 3662 Christiani
2983 3615 3291 3662 evaserant.
3346 3607 3439 3662 Est
3472 3623 3604 3662 vero

2025 3698 2272 3768 Epistula
2313 3698 2380 3750 ad
2410 3696 2795 3752 instruendum
2831 3697 3128 3750 destinata.
3163 3697 3431 3761 Quoniam
3456 3699 3606 3752 enim

2027 3789 2196 3858 aliqui
2228 3804 2294 3842 ex
2323 3786 2525 3843 Jud:eis
2551 3789 2604 3841 in
2630 3787 2914 3842 Christum
2972 3787 3344 3852 crediderant,
3401 3789 3606 3842 conﬁr-

2026 3892 2138 3934 mat
2165 3895 2280 3934 eos.
2307 3878 2371 3932 Et
2403 3880 2580 3948 primo
2611 3878 2834 3948 quidem
2865 3879 3105 3948 explicat
3139 3889 3193 3934 et
3227 3879 3566 3934 demonstrat
3589 3925 3603 3948 ,

2025 3970 2170 4039 quod
2213 3969 2349 4023 ﬁdes
2399 3971 2450 4020 in
2488 3967 2770 4022 Christum
2811 3970 3176 4039 praenuntiata
3222 3969 3384 4023 fuerit
3417 3985 3445 4022 a
3479 3987 3608 4040 pro-

2027 4061 2232 4132 phetis,
2291 4059 2756 4130 quemalmodum
2821 4061 2984 4116 etiam
3068 4060 3368 4131 redemptio
3417 4070 3606 4117 nostra

2025 4169 2123 4225 per
2193 4153 2515 4223 sanguinem
2577 4153 2748 4222 ipsius
2784 4169 2800 4208 :
2835 4164 2889 4208 et
2935 4151 3079 4222 quod
3129 4153 3285 4223 ipsis,
3331 4169 3395 4208 ac
3443 4155 3605 4208 etiam

2027 4246 2326 4316 gentilibus
2359 4245 2733 4315 evangelizata
2774 4245 2884 4300 sint
2915 4247 3119 4308 omnia,
3153 4247 3206 4300 in
3241 4261 3362 4315 qua:
3388 4246 3606 4301 deside-

2025 4337 2352 4406 rantangeli
2387 4338 2728 4407 pr0spicere.
2765 4336 3236 4392 Deindehortatur
3254 4353 3370 4401 eos,
3397 4346 3607 4392 utcon-

2027 4440 2318 4486 versentur
2348 4431 2510 4500 digne
2537 4446 2625 4490 eo.
2663 4431 2758 4500 qui
2787 4430 2909 4485 illos
2942 4430 3178 4497 vocavit,
3219 4432 3520 4502 suadetque
3545 4440 3602 4486 ut

2027 4520 2189 4576 etiam
2223 4534 2382 4591 reges
2454 4521 2742 4574 honorent.
2786 4519 3061 4576 Uxoribus
3112 4535 3240 4575 vero
3287 4529 3340 4575 et
3386 4524 3604 4577 maritis

2030 4623 2274 4667 mutuam
2333 4611 2684 4667 concordiam
2745 4613 3052 4682 praecipit:
3111 4614 3410 4684 paucisque
3456 4615 3606 4668 circa

2029 4718 2210 4758 mores
2243 4703 2464 4758 traditis
2496 4703 2740 4768 monitis,
2786 4704 3080 4774 signiﬁcat,
3127 4705 3292 4758 etiam
3348 4705 3490 4773 apud
3522 4705 3609 4758 iu-

2029 4795 2172 4851 feros
2197 4795 2394 4850 factam
2428 4795 2602 4850 fuisse
2632 4812 2660 4849 a
2695 4795 2926 4851 Domino
2963 4795 3410 4866 praedicationem
3453 4797 3606 4851 salu-

2029 4888 2101 4944 tis
2125 4899 2179 4943 et
2207 4889 2632 4944 resurrectionis
2663 4904 2679 4958 ;
2713 4897 2771 4942 ut
2801 4889 2891 4959 qui
2918 4897 3076 4945 antea
3118 4889 3393 4956 obierant,
3426 4905 3611 4946 resuro

2027 4987 2158 5049 gant
2185 4987 2242 5033 et
2266 4978 2659 5046 judicenturin
2689 4995 2922 5048 corpore
2963 4996 3028 5035 ac
3054 4980 3110 5035 in
3151 4983 3326 5053 gratia
3360 4999 3608 5038 resurre-

2029 5069 2235 5124 ctionis
2325 5079 2704 5140 permaneant.
2788 5067 3024 5134 Subdit,
3119 5073 3370 5126 omnium
3445 5071 3608 5130 tinent

2033 5160 2480 5231 appmpinquare
2523 5181 2537 5218 :
2578 5161 2818 5234 indeque
2842 5177 3054 5219 omnes
3089 5173 3310 5233 paratos
3351 5179 3475 5220 esse
3507 5167 3606 5219 dc-

2033 5248 2163 5304 here
2183 5251 2250 5304 ad
2287 5252 2552 5306 rationein
2577 5266 2838 5321 supremo
2865 5251 3044 5308 Judici
3077 5253 3429 5317 reddendam,
3452 5263 3504 5308 et
3527 5255 3609 5311 sic

2033 5339 2268 5395 absolvit
2295 5339 2617 5410 Epistolam.

2247 5431 2513 5486 CAPITA
2568 5429 2912 5487 EIUSDEM
2964 5430 3388 5488 EPISTOL/E.

2029 5521 2076 5574 1.
2101 5520 2190 5574 De
2223 5523 2619 5592 regeneratioue
2653 5524 2710 5576 in
2741 5520 2976 5576 Christo.
3009 5523 3077 5576 Et
3124 5525 3188 5575 de
3232 5523 3493 5593 patientia
3549 5525 3603 5582 in

2097 5614 2538 5670 tribulationibus
2562 5629 2581 5670 :
2613 5632 2676 5672 ac
2699 5615 2764 5668 de
2781 5614 2886 5684 ﬁde
2917 5615 3145 5670 salutari
3173 5633 3205 5670 a
3226 5617 3490 5687 prophetis
3509 5637 3606 5674 au-

2098 5710 2365 5763 nuntiata.
