4120 6412
399 394 533 476 1197

1204 384 1611 460 ῈΧΡοειΤιο
1652 391 1729 452 lN
1775 390 2014 451 EPIST.
2050 389 2073 449 ι
2106 388 2170 453 s.
2204 382 2456 450 PETRI.
2488 413 2545 422 -
2584 386 2742 447 CAP.
2783 378 2827 446 t.

3482 317 3646 444 ⁹ΠΜ

469 539 488 573 ‹
525 520 620 581 Εἰς
647 515 887 579 ἔπαινον,
926 511 1021 567 καὶ
1056 510 1243 580 τιμὴν,
1282 509 1378 562 καὶ
1419 506 1602 573 δόξαν,
1658 506 1716 559 ὲν
1756 506 1968 558 ἀποκα-

2151 500 2313 555 Vsus.
2345 497 2462 554 7-9.
2508 516 2526 551 t
2566 497 2627 552 ln
2677 497 2893 552 laudem
2928 501 2983 550 et
3017 493 3244 565 gloriam
3291 499 3338 547 et
3383 492 3646 548 honorem

400 613 562 683 λύψει
604 607 780 681 Ἰησοῦ
819 603 1081 677 Χριστοῦ·
1116 603 1175 656 δν
1207 602 1308 655 οὐκ
1332 600 1537 661 εἰδότες
1557 597 1809 664 ἀγαπᾶτε
1836 611 1849 624 ·
1885 597 1965 657 εἰς

391 702 453 759 ὃν
500 704 625 775 ἄρτι
668 699 743 771 μὴ
792 698 1029 769 ὁρῶντες
1056 737 1072 762 ,
1109 692 1459 755 πιστεύοντες
1492 688 1550 743 δὲ
1580 727 1597 752 ,
1629 685 1962 775 ἀγαλλιᾶσθε

2073 592 2127 645 in
2181 589 2515 645 revelatione
2568 588 2696 644 Jesu
2743 586 2969 641 Christi.
3024 584 3201 651 Quem
3255 600 3380 638 eum
3435 585 3647 640 nescia—

2069 682 2161 746 tis,
2189 680 2417 750 diligitis
2455 698 2469 733 :
2508 681 2563 734 in
2588 695 2749 749 quem
2807 693 2957 732 nunc
2990 694 3208 746 quoque
3259 694 3370 731 non
3403 677 3649 731 videntes

393 768 551 864 χαρᾷ⁷
567 768 918 858 ἀνεκλαλήτῳ
944 789 1039 840 καὶ
1077 781 1441 850 δεδοξασμένῃ
1464 795 1478 807 ·
1521 772 1874 845 κομιζόμενοι
1906 768 1989 826 τᾷ

2086 774 2316 836 :rcditis,
2352 773 2644 828 credentes
2679 779 2863 826 autem
2900 770 3252 825 exsultabitis
3305 769 3491 823 la‘lilia
3531 768 3647 823 ince

394 885 549 947 τέλος
592 883 692 951 τῆς
721 881 959 942 πίστεως
994 878 1168 946 ὑμῶν,
1211 874 1488 943 σωτηρίαν
1534 868 1742 939 ψυχῶν.
1780 885 1798 917 ι
1854 864 1965 934 Τὴν

396 974 578 1030 αἰτίαν
625 973 734 1026 τῶν
791 968 1249 1024 κακοπαθούντων
1304 962 1541 1017 ἐνταῦθα
1597 959 1821 1013 δικαίων
1879 956 1965 1008 διὰ

396 1068 603 1121 τούτων
628 1064 779 1137 δηλοῖ
801 1079 814 1092 °
846 1064 964 1132 ἅμα
998 1061 1097 1131 μὲν
1119 1054 1615 1129 παραμυθούμενος
1643 1049 1864 1113 αὐτοὺς,
1890 1048 1966 1111 ὡς

396 1161 876 1235 περιφανεστέρων
904 1157 1085 1209 αὐτῶν
1121 1153 1224 1208 ὑπὸ
1254 1151 1363 1205 τῶν
1383 1150 1618 1219 θλίψεων
1642 1144 1966 1215 γινομένων,

398 1257 516 1328 ἃμα
544 1254 601 1307 δὲ
631 1252 724 1306 καὶ
745 1247 1196 1317 σπουδαιοτέρους
1224 1246 1394 1298 ποιῶν
1414 1242 1504 1296 διὰ
1527 1240 1618 1293 τοῦ
1648 1237 1968 1328 τ.ροσθείναι

398 1326 479 1413 τό,
512 1366 529 1398 ι
569 1344 658 1398 Ἐν
682 1340 1021 1410 ἀποκαλύψει
1063 1338 1234 1409 Ἰησοῦ
1262 1331 1498 1407 Χριστοῦ
1523 1348 1536 1362 ·
1559 1350 1577 1383 ι
1612 1331 1686 1391 ὡς
1726 1326 1818 1381 τοῦ
1849 1328 1968 1378 τότε

398 1435 592 1506 καιροῦ
619 1438 685 1506 τῇ
726 1433 985 1500 ἐπιδείξει
1006 1430 1113 1484 τῶν
1135 1430 1333 1488 πόνων,
1358 1425 1559 1494 πολλὴν
1580 1425 1680 1492 τὴν
1715 1418 1968 1500 εὔκλειαν

398 1528 507 1582 τῶν
536 1525 977 1595 διηγωνισμένων
1007 1521 1398 1590 παρεξόμενον.
1435 1514 1761 1583 ιίροστίθησι
1789 1512 1843 1561 δὲ
1877 1512 1969 1560 καὶ

397 1618 529 1673 ἄλλο
569 1633 622 1669 τι
678 1612 1066 1682 ὲφελκυστικὸν
1103 1609 1238 1680 πρὸς
1275 1609 1375 1677 τὴν
1403 1602 1681 1684 ὑπομονὴν
1719 1601 1826 1653 τῶν
1859 1598 1971 1651 θλί-

397 1711 566 1779 ψεων.
627 1707 693 1759 Τί
730 1704 925 1770 τοῦτο;
960 1702 1070 1765 Τὸ,
1119 1718 1138 1750 ι
1169 1702 1268 1751 "Ov
1313 1699 1413 1748 οὐκ
1461 1695 1661 1756 εἰδότες
1716 1690 1969 1759 ἀγαπᾶτε

402 1802 548 1873 ἄρτι.
587 1819 604 1852 ι
646 1796 708 1853 Εἰ
738 1798 849 1866 γὰρ
880 1814 898 1847 ι
928 1796 1027 1848 οὐκ
1058 1788 1255 1853 εἰδότες
1287 1810 1304 1841 ι
1341 1788 1501 1841 αὑτὸν
1532 1785 1733 1856 σαρκὸς
1765 1782 1968 1851 όφθαλυ

2069 856 2329 917 narrabili
2398 872 2454 918 et
2515 863 2843 932 glorilicata,
2917 870 3265 929 reportantes
3330 859 3487 913 linem
3546 857 3651 911 ﬁde

2068 964 2286 1019 γεδιιω,
2337 956 2569 1009 salutem
2626 955 2954 1006 animarum.
2994 972 3012 1002 ι
3074 951 3333 1015 Causam,
3374 952 3445 1004 ob
3484 956 3648 1020 quam

2066 1044 2199 1113 justi
2234 1048 2285 1099 in
2343 1047 2445 1100 hac
2474 1047 2580 1099 vita
2636 1045 2959 1098 aliIn-tiones
2996 1045 3302 1113 patiuntur,
3344 1044 3492 1097 hisce
3530 1056 3654 1095 ver-

2071 1138 2154 1192 bis
2174 1137 2435 1191 declarat.
2467 1136 2640 1191 Simul
2668 1137 2835 1191 etiam
2864 1152 2960 1190 eos
2984 1138 3302 1190 COIISUlallII‘
3328 1150 3389 1188 ea
3415 1136 3651 1198 ratione,

2070 1228 2214 1291 quod
2250 1242 2315 1280 ex
2348 1226 2640 1280 alllictione
2679 1227 3009 1280 illustriores
3069 1227 3223 1279 liant.
3272 1223 3543 1279 Prmterea
3593 1231 3655 1276 ut
3721 1256 3725 1260 ~

2070 1315 2444 1386 diligentiores
2469 1317 2681 1381 reddat,
2706 1336 2723 1367 ι
2751 1312 2807 1369 ιιι
2840 1317 3172 1371 revelationc
3197 1315 3325 1371 Jesu
3352 1318 3582 1381 Christi,
3627 1336 3647 1369 ι

2071 1408 2219 1462 addit
2246 1425 2259 1461 :
2284 1411 2541 1477 quoniam
2566 1424 2630 1461 eo
2659 1417 2898 1477 tempore
2924 1410 3369 1463 manifestatione
3404 1409 3651 1461 laborum

2072 1498 2361 1550 maximam
2392 1513 2487 1567 pro
2524 1500 2772 1552 toleratis
2805 1498 3201 1552 certaminibus
3231 1500 3458 1568 gloriam
3502 1498 3655 1551 retri-

2073 1589 2218 1642 buet.
2265 1579 2462 1641 Verum
2504 1599 2556 1642 et
2593 1588 2739 1641 aliud
2775 1588 3075 1656 quidpiam,
3112 1600 3167 1641 ut
3196 1582 3415 1641 eosdem
3466 1587 3534 1639 ad
3565 1598 3650 1640 to-

2075 1678 2359 1731 lerantiam
2417 1678 2833 1732 tribulationum
2877 1672 3102 1742 alliciat,
3158 1680 3431 1747 proponit.
3472 1678 3656 1742 Quod-

2074 1784 2199 1821 nam
2223 1783 2350 1822 vero
2377 1764 2570 1824 istud?
2593 1769 2795 1835 Acmpe
2825 1788 2842 1818 ι
2876 1768 3068 1833 Quem,
3102 1784 3223 1822 cum
3252 1785 3357 1823 non
3389 1769 3651 1833 videritis,

406 1859 547 1962 μοῖς,
579 1894 643 1945 ὲκ
682 1859 850 1961 μόνη-ς
877 1888 1045 1955 ἀκοῆς
1086 1903 1104 1935 t
1132 1883 1406 1951 ἀγαπᾶτε,
1435 1898 1453 1928 r
1509 1877 1664 1948 φησὶ,
1700 1876 1972 1935 σκοπεῖτε,

2086 1859 2326 1930 diligitis,
2377 1876 2396 1910 ι
2433 1874 2497 1913 ac
2558 1861 2600 1913 si
2662 1860 2866 1915 diceret
2908 1878 2920 1913 :
2965 1861 3020 1913 Si
3052 1876 3202 1922 eum,
3256 1862 3473 1914 tametsi
3516 1875 3657 1911 nun-

402 1984 532 2052 ὅσην
559 1983 782 2052 ἀγάπην
818 1977 1174 2043 ἑπιδείξεσθε,
1212 1974 1410 2036 ἰδόντες
1440 1971 1625 2032 αὑτὸν,
1671 1970 1767 2022 καὶ
1800 1964 1972 2020 ταῦτα

405 2074 463 2127 ἐν
499 2072 623 2144 δόξῃ
664 2069 1161 2138 ἀποκαλυπτόμενα
1284 2061 1450 2135 -νον].
1472 2062 1535 2115 Εἰ
1563 2060 1671 2147 γᾴρ
1709 2059 1772 2147 τδ
1805 2056 1974 2147 πάθος

405 2159 569 2214 αὐτοῦ
597 2138 776 2222 ὀὕτως
806 2158 949 2226 ὑμᾶς
976 2154 1347 2217 ἐπεσπάσατο,
1375 2151 1427 2202 τί
1463 2149 1570 2218 ἄρα
1597 2140 1806 2215 διαθείη
1829 2138 1974 2214 ὑμᾶς

403 2249 440 2317 ἦ
477 2245 614 2314 μετά
654 2241 1070 2311 ἀνυπερῦλήτου
1123 2237 1509 2309 λαμπρότητος
1561 2232 1834 2305 ὲμφὰνεια
1878 2231 1977 2284 αύ-

406 2337 524 2401 τοῦ,
557 2337 645 2389 ὅτε
673 2333 767 2388 καὶ
805 2335 933 2402 ὑμῖν
974 2330 1198 2402 παρέξει
1227 2328 1286 2382 τὸ
1315 2329 1483 2399 γέρας
1505 2365 1520 2392 ,
1569 2324 1841 2396 σωτηρίαν
1871 2324 1977 2394 ψυ-

408 2427 560 2497 χῶν;
617 2426 706 2488 Ὠς
756 2420 849 2478 οὖν
881 2424 1056 2492 τούτῳ
1090 2416 1484 2491 ἐμφανίζεσθαι
1532 2415 1834 2487 μέλλοντες,
1884 2414 1978 2467 καὶ

408 2517 568 2590 δόξης
619 2517 888 2587 τοσαύτης
930 2513 1271 2583 ἀξιωθῆναι,
1324 2509 1616 2580 ἰσόρροπον
1655 2507 1847 2560 τούτου
1883 2505 1979 2559 νῦν

411 2610 807 2678 ἐπιδειξάμενοι
852 2607 1169 2678 καρτερίαν,
1209 2604 1270 2657 τὸ
1298 2603 1407 2655 πᾶν
1436 2600 1588 2665 ἕξετε
1642 2597 1735 2653 τοῦ
1786 2602 1983 2669 προτε-

304 2766 309 2774 _
408 2701 597 2763 θέντος
635 2698 863 2753 σκοποῦ.

491 2988 510 3021 t
546 2962 680 3043 Περὶ
713 2948 780 3044 ἧς
812 2971 1083 3041 σωτηρίας
1114 2968 1449 3040 ἐξεζήτησαν
1481 2966 1576 3021 καὶ
1610 2953 1985 3035 ὲΞηρεύνησαν

414 3062 712 3131 προιρῆται,
748 3062 798 3114 οί
827 3061 955 3132 περὶ
978 3061 1080 3132 τῆς
1118 3062 1196 3123 είς
1228 3060 1373 3130 ὑμᾶς
1400 3056 1625 3130 χάριτος
1668 3053 1982 3127 προφητεύ-

417 3165 632 3213 σαντες.
668 3167 687 3199 ι
723 3148 943 3218 Ἐπειδὴ
993 3149 1119 3218 περὶ
1167 3147 1345 3218 ψυχῆς
1397 3145 1669 3216 σωτηρίας
1714 3142 1983 3213 ἐμνήσθη,

2080 1966 2244 2021 quam
2310 1952 2488 2006 oculis
2538 1954 2820 2022 corporeis
2853 1953 3103 2006 videritis
3136 1951 3321 2023 354..
3391 1968 3421 2005 c
3453 1951 3571 2005 solo
3602 1959 3653 2003 ta

2081 2057 2205 2096 men
2235 2040 2426 2100 auditu
2455 2059 2473 2093 ι
2514 2040 2781 2109 diligitis;
2822 2058 2840 2091 ι
2881 2049 3153 2108 reputate,
3186 2049 3443 2109 quantam
3477 2039 3656 2107 ipsum

2080 2131 2329 2186 ‘vidcntes
2358 2130 2701 2184 dilectionem
2750 2131 2868 2186 sitis
2916 2131 3176 2193 habituri,
3233 2131 3396 2200 idque
3426 2146 3548 2182 cum
3602 2129 3657 2181 in

2082 2222 2252 2292 gloria
2303 2222 2593 2276 reveletur.
2628 2218 2686 2274 Si
2722 2222 2864 2275 enim
2919 2222 3109 2277 Passio
3150 2223 3323 2291 ipsius
3382 2221 3519 2273 adeo
3558 2234 3657 2275 vos

2085 2314 2345 2379 attraxit;
2394 2313 2669 2383 quomodo
2712 2320 2809 2367 vos
2843 2313 3037 2367 alliciet
3093 2312 3239 2367 illius
3285 2327 3409 2365 cum
3452 2312 3660 2365 incom-

2084 2408 2316 2479 parabili
2349 2408 2639 2477 splendore
2680 2407 2964 2470 revelatio,
2998 2406 3219 2475 quando
3249 2413 3298 2460 et
3334 2404 3489 2459 vobis
3523 2419 3660 2474 prm-

2087 2501 2256 2553 mium
2298 2499 2596 2569 erogabitr
2649 2499 2878 2553 salutent
2932 2501 3262 2552 animarutn.
3316 2515 3334 2548 ι
3390 2497 3660 2562 Quoniam

2089 2592 2253 2658 igitur
2280 2605 2404 2645 cum
2432 2591 2551 2661 ipso
2580 2590 2879 2662 apparitori
2910 2589 3062 2653 estis,
3099 2598 3151 2644 ct
3201 2598 3350 2643 tanta
3382 2590 3555 2659 gloria
3588 2589 3665 2642 di-

2091 2684 2242 2738 tandi
2268 2722 2283 2750 ,
2312 2683 2505 2753 paretn'
2542 2693 2690 2737 tanto
2712 2683 2939 2753 praemio
2965 2683 3335 2737 fortitudinem
3371 2680 3659 2737 exhibete:

2091 2778 2282 2846 sicque
2313 2774 2657 2847 propositum
2691 2790 2914 2848 scopum
2946 2775 3094 2830 omni
3130 2792 3193 2831 ex
3226 2782 3379 2845 parte
3415 2791 3665 2846 asscquce

2090 2869 2247 2926 t'nlni.

2167 2958 2333 3018 Vens.
2364 2962 2453 3019 10.
2488 2982 2506 3015 ‹
2542 2954 2618 3019 De
2661 2978 2766 3033 qna
2818 2963 2992 3019 salute
3038 2952 3440 3034 exquisierunt,
3500 2970 3665 3034 atque

2095 3054 2322 3109 scrutati
2356 3063 2484 3110 sunt
2514 3058 2811 3127 prophetae,
2848 3058 2939 3126 qui
2973 3058 3038 3112 de
3063 3057 3248 3111 futura
3272 3057 3323 3109 in
3352 3058 3508 3111 vobis
3528 3070 3665 3124 gra-

2097 3148 2171 3201 tia
2207 3149 2688 3219 prophetaverunt.
2728 3169 2748 3201 ›
2793 3148 3060 3215 Quoniam
3117 3147 3185 3204 de
3245 3150 3421 3202 salute
3469 3150 3665 3202 animm

415 3240 556 3310 αῦτη
582 3241 638 3294 δὲ
669 3239 883 3310 ἄδηλος,
930 3217 1025 3294 καὶ
1055 3217 1335 3305 ξενίζουσα
1358 3238 1455 3307 τὴν
1478 3237 1669 3307 ἀκοὴν,
1698 3237 1823 3299 τοὺς
1856 3250 1985 3305 προ-

2090 3240 2420 3293 mentionem
2455 3240 2600 3306 fecit,
2634 3255 2805 3309 eaque
2828 3257 2909 3293 ou
2929 3241 3041 3293 ulta
3066 3250 3118 3294 et
3143 3240 3426 3308 peregrina
3452 3240 3664 3293 audilui

417 3330 592 3401 φήτας
636 3332 897 3402 παράγει,
947 3330 1041 3383 καὶ
1082 3331 1441 3400 ἐζητηκότας,
1482 3329 1574 3382 καὶ
1615 3328 1988 3398 ἡρευνηκότας

417 3425 546 3496 ²περὶ
574 3423 764 3493 αὐτῆς.
794 3424 905 3475 Kal
939 3424 1046 3493 γὰρ
1073 3423 1370 3493 ἐζήτησαν,
1402 3420 1591 3489 ὥσπερ
1630 3418 1829 3489 Δανιὴλ
1858 3419 1988 3490 περὶ

414 3514 525 3567 ’τῶν
562 3513 887 3584 μελλόντων,
918 3513 975 3577 ὃς
1002 3515 1095 3567 καὶ
1127 3513 1215 3566 διὰ
1240 3513 1399 3567 τοῦτο
1442 3530 1461 3563 ¢
1488 3510 1626 3583 ἀνὴρ
1651 3509 1981 3581 ἐπιθυμιῶν»

416 3605 623 3676 ζ’κλὴθη
658 3606 763 3659 ὑπὸ
788 3604 882 3658 τοῦ
916 3604 1349 3676 χρηματίζοντος
1386 3604 1537 3675 αὐτῷ
1574 3601 1809 3671 ἀγγέλου
1844 3617 1858 3630 '
1897 3600 1991 3653 καὶ

416 3697 470 3748 τί
505 3695 797 3767 ἐζήτησαν,
832 3698 1061 3765 ὲπᾶγειο
1130 3716 1148 3747 ι
1179 3697 1273 3759 Εἰς
1314 3696 1436 3749 τίνα
1488 3696 1583 3749 καὶ
1620 3695 1772 3747 ποῖον
1799 3691 1990 3762 καιρὸν

418 3784 605 3854 tame
634 3785 695 3837 τὸ
717 3787 774 3839 ἐν
796 3786 980 3848 αὐτοῖς
1025 3785 1265 3854 Πνεῦμα.
1307 3802 1326 3835 ι
1363 3814 1432 3825 -
1459 3803 1478 3836 ‹
1515 3784 1609 3846 Εἰς
1642 3782 1762 3834 τίνα
1798 3799 1816 3832 ι
1867 3781 1989 3851 μὲν,

416 3877 509 3930 τὸν
537 3877 630 3929 ἐπὶ
682 3875 960 3947 συντελείᾳ
979 3892 993 3906 ·
1042 3895 1061 3927 ι
1097 3879 1248 3928 ποῖον
1279 3894 1299 3926 ι
1348 3875 1428 3939 δὲ,
1458 3875 1571 3939 τὸν,
1602 3875 1690 3927 ὅτε
1721 3874 1843 3935 ταῖς
1874 3872 1990 3925 δια-

420 3970 605 4041 φόροις
637 3968 1035 4040 αἰχμαλωσίαις
1084 3967 1193 4020 ιτῶν
1246 3967 1517 4020 Ἰουδαίων
1566 3966 1701 4036 προς
1750 3962 1989 4032 παντελῆ

421 4056 731 4113 θεοσέϐειαν
755 4058 1182 4122 ἁποκλινάντων,
1218 4055 1611 4126 εὐπαράδεκτοι
1643 4056 1990 4123 κατέστησαν

422 4153 503 4214 εἰς
545 4151 606 4203 τὸ
656 4151 797 4205 κατὰ
852 4150 1085 4222 Χριστὸν
1147 4150 1465 4220 μυστήριον.
1512 4148 1711 4200 Σκόπει
1757 4147 1853 4209 δὲ,
1910 4147 1991 4198 ὅτι

429 4250 447 4290 t
486 4240 712 4309 Πνεῦμα
737 4240 974 4313 Χριστοῦ
1004 4260 1022 4292 r
1061 4238 1319 4310 εἰρηκὼς,
1360 4238 1599 4307 θεολογεῖ
1621 4239 1711 4289 τὸν
1734 4237 1987 4306 Χριστόν.

435 4322 655 4404 Ἑδήλου
680 4331 736 4386 δὲ
768 4332 928 4386 τοῦτο
966 4331 1028 4384 τὸ
1061 4331 1285 4399 Πνεῦμα
1319 4330 1384 4382 τὰ
1417 4329 1565 4397 πάθη
1596 4328 1691 4381 τοῦ
1727 4324 1986 4398 Χριστοῦ,

424 4424 512 4476 διὰ
547 4424 646 4492 μὲν
686 4423 911 4476 Ἡσαΐου
948 4424 1101 4475 εἰπόν
1129 4438 1142 4450 ·
1191 4439 1208 4472 ι
1257 4420 1343 4483 Ὠς
1391 4419 1661 4490 πρόῖατον
1716 4419 1807 4470 ἐπὶ
1857 4433 1995 4483 σφα·

427 4511 531 4582 τὴν
556 4510 695 4584 ἤχθη
729 4531 742 4544 ο
772 4530 791 4563 ι
825 4511 914 4565 διὰ
940 4512 997 4564 δὲ
1037 4510 1323 4582 Ἱερεμίου,
1363 4527 1380 4559 t
1413 4508 1597 4572 Δεῦτε,
1624 4509 1716 4561 καὶ
1746 4507 1995 4576 ἐμϐάλω-

430 4614 530 4674 μεν
569 4605 721 4667 ξύλον
753 4605 831 4665 είς
861 4602 952 4655 τὸν
983 4602 1148 4672 ἄρτον
1179 4601 1364 4654 αὐτοῦ’
1392 4619 1409 4652 ι
1460 4600 1558 4671 τὴν
1582 4599 1636 4652 δὲ
1674 4598 1990 4664 ἀνάστασιν,

425 4696 514 4750 διὰ
553 4695 732 4765 Ὠσηὲ,
767 4715 785 4746 t
820 4696 895 4763 Τῇ
935 4696 1135 4764 ἡμέρᾳ,
1169 4695 1460 4762 φήσαντος,
1484 4693 1549 4762 τῇ
1577 4690 1732 4763 τρίτῃ
1754 4691 1993 4759 ἀναστη-

429 4788 634 4856 σόμεθα
685 4785 921 4838 ἐναντίον
970 4784 1161 4847 αὐτοῦ,
1215 4784 1310 4835 καὶ
1349 4781 1612 4851 διώξομεν
1641 4780 1736 4833 τοῦ
1791 4781 1992 4849 γνῶναι

425 4878 520 4930 τὸν
554 4876 756 4947 Κύριον
789 4893 803 4906 ο
843 4877 917 4939 ὡς
951 4875 1147 4946 ὄρθρον
1185 4874 1402 4943 ἕτοιμον
1432 4875 1739 4943 εὑρήσομεν
1771 4872 1986 4925 αὖτόνδ

440 4968 826 5037 Ἀπεκαλύφθη
859 4968 946 5028 δὲ,
1009 4968 1141 5034 φησι
1169 5008 1182 5032 ,
1224 4967 1433 5030 τούτοις
1462 5006 1476 5030 ,
1534 4966 1594 5019 ού
1629 4966 1697 5019 δι’
1745 4964 1989 5027 ἑαυτοὺς,

428 5048 565 5113 ἀλλὰ
609 5059 676 5112 δι’
716 5061 863 5130 ἡμᾶς
1024 5058 1170 5131 ὑμ.].
1224 5058 1328 5111 Δύο
1365 5057 1421 5110 δὲ
1459 5057 1630 5109 ταῦτα
1672 5055 1758 5108 διὰ
1790 5057 1995 5108 τούτων

431 5151 723 5222 ἐργάζεται
774 5151 882 5204 τῶν
924 5151 1119 5218 λόγων.
1152 5151 1212 5203 τό
1246 5167 1304 5202 τε
1331 5150 1607 5219 προμηθὲς
1650 5149 1758 5202 τῶν
1786 5162 1997 5219 προφη-

428 5245 540 5298 τῶν
563 5241 988 5312 ἐνδεικνύμενος,
1019 5243 1111 5295 καὶ
1143 5243 1224 5308 τὸ,
1261 5242 1342 5295 ὃτι
1375 5241 1818 5311 προεγνωσμένοι
1852 5238 1980 5312 ἦσα-

426 5336 547 5407 Θεῷ
575 5337 670 5390 καὶ
711 5337 814 5405 πρὸ
860 5335 1164 5405 καταϐολῆς
1200 5335 1407 5404 κόσμου
1456 5335 1505 5387 οί
1562 5332 1658 5386 νῦν
1702 5334 1994 5403 κληθέντες

429 5432 509 5493 είς
538 5429 634 5500 τὴν
673 5429 814 5483 κατὰ
849 5428 1082 5499 Χριστὸν
1124 5429 1328 5483 πίστιν.
1370 5427 1469 5479 Διὰ
1500 5428 1598 5498 μὲν
1626 5426 1720 5480 οὖν
1752 5428 1847 5480 τοῦ
1881 5427 1991 5480 τῶν

430 5521 726 5595 προφητῶν
760 5519 1077 5590 προμηθοῦς
1128 5521 1309 5586 ἐνάγει
1366 5520 1562 5581 αὐτοὺς
1586 5558 1601 5580 ,
1649 5518 1723 5589 μὴ
1756 5518 1994 5583 ἀπειθῶς

429 5614 763 5672 διατίθεσθαι
798 5614 931 5683 πρδς
970 5614 1037 5667 τὰ
1073 5613 1179 5666 ὑπὸ
1206 5612 1315 5665 τῶν
1346 5610 1645 5682 προφητῶν
1675 5611 1858 5675 αὐτοῖς
1896 5629 1996 5664 πε-

504 5788 575 5824 ”
607 5788 744 5844 Dan.
777 5805 831 5853 κ,
862 5790 948 5844 Η.
1024 5788 1045 5820 ⁵
1068 5787 1322 5850 lsa.t.ttr,
1363 5786 1413 5841 7.

1493 5788 1535 5818 ³⁸
1575 5785 1777 5841 Jeretn.
1809 5803 1885 5852 ιι,
1923 5788 2012 5843 19.

2089 3336 2197 3397 est,
2259 3332 2312 3384 in
2342 3331 2712 3385 teSIimonimn
2749 3331 3314 3404 atldncitprophetas,
3346 3330 3438 3400 qui
3469 3331 3666 3400 exqui-

2093 3419 2304 3473 sierunt
2336 3418 2391 3474 et
2424 3420 2657 3474 scrutati
2697 3420 2765 3475 de
2800 3436 2861 3474 ea
2919 3429 3065 3474 sunt.
3130 3419 3351 3474 Scilicet
3396 3423 3668 3491 exquisie-

2093 3517 2241 3576 runt,
2275 3509 2414 3564 sicut
2442 3508 2629 3564 Daniel
2652 3511 2719 3565 de
2746 3511 2909 3565 rebus
2942 3504 3138 3565 futuris
3164 3529 3178 3578 ;
3217 3527 3387 3581 quare
3417 3504 3487 3543 ⁷-⁸
3521 3531 3539 3564 ι
3568 3512 3666 3569 Vir

2091 3598 2486 3653 desideriorum
2522 3617 2541 3649 ι
2577 3599 2759 3654 dictus
2787 3608 2870 3654 est
2921 3592 2991 3653 ab
3018 3601 3233 3669 angelo,
3292 3602 3383 3672 qui
3443 3602 3545 3670 ipsi
3579 3619 3669 3658 sc-

2092 3696 2239 3742 creta
2271 3687 2454 3741 futura
2487 3687 2780 3757 pandebat.
2817 3690 2880 3740 Et
2912 3690 3041 3758 quid
3071 3686 3429 3758 exquisierint
3457 3692 3663 3758 subdit,

2092 3794 2287 3848 nempe
2325 3797 2342 3829 ι
2391 3778 2446 3833 in
2472 3780 2641 3849 quod,
2673 3781 2947 3850 vcl'quale
2986 3790 3199 3850 tempus
3235 3785 3559 3851 signiﬁcaret
3609 3787 3663 3839 in

2090 3872 2170 3927 eis
2202 3864 2460 3942 Spiritus.
2491 3890 2617 3924 ι-ι
2642 3873 2701 3928 In
2728 3874 2870 3945 quod
2898 3894 2915 3927 ι
2945 3875 3188 3945 quidetn,
3221 3892 3413 3946 nempe
3450 3888 3665 3946 tempus

2091 3964 2585 4020 consummationis
2618 3968 2842 4032 mundi;
2881 3986 2900 4019 ‹
2941 3968 2993 4021 in
3026 3969 3184 4038 quale
3223 3986 3241 4018 ι
3277 3985 3426 4029 vero,
3471 3985 3667 4039 nempe

2093 4056 2251 4122 illud,
2301 4072 2411 4127 quo
2440 4052 2612 4112 Judaei
2645 4059 2716 4113 ob
2769 4060 2951 4116 varias
2983 4062 3329 4130 captivitates
3362 4061 3428 4115 ad
3486 4064 3663 4130 petie-

2092 4158 2239 4202 ctum
2282 4140 2375 4203 Dei
2435 4150 2638 4205 cultum
2680 4153 3018 4209 declinantes
3053 4154 3292 4222 aptiores
3343 4155 3408 4208 ad
3463 4157 3664 4210 Christi

2093 4241 2414 4311 mySIerinm
2447 4252 2765 4298 evaserunt.
2802 4244 3040 4300 Observa
3075 4260 3224 4312 vero,
3266 4246 3541 4316 quomodo
3581 4248 3668 4300 di~

2091 4344 2243 4394 cens,
2277 4348 2296 4380 ι
2337 4326 2577 4400 Spiritus
2608 4332 2838 4399 Christi,
2879 4354 2898 4388 ι
2931 4336 3132 4390 Christi
3183 4339 3523 4392 divinitatem
3579 4338 3668 4391 in-

2093 4419 2260 4478 dicat.
2302 4416 2641 4493 Signilicavit
2692 4434 2877 4480 autem
2932 4426 3034 4479 hoc
3072 4428 3327 4495 Spiritus,
3357 4443 3479 4480 cum
3513 4427 3671 4481 Chri-

2097 4512 2166 4566 sti
2200 4512 2511 4583 passionem
2549 4530 2646 4585 per
2700 4517 2896 4571 lsaiam
2949 4519 3334 4586 praenuntiavit
3372 4519 3562 4573 dicens
3596 4521 3614 4551 ⁸
3653 4537 3665 4572 :

2108 4624 2126 4658 ι
2159 4604 2313 4661 Sicut
2355 4608 2474 4664 ovis
2508 4610 2573 4662 ad
2600 4610 2932 4664 occisionem
2988 4610 3183 4664 ductus
3214 4618 3299 4663 est
3337 4627 3350 4661 :
3407 4628 3426 4660 ι
3473 4619 3525 4663 et
3574 4625 3670 4677 per

2094 4696 2430 4756 Jercmiam:
2478 4719 2495 4752 ι
2539 4699 2752 4762 Venite.
2806 4705 3089 4758 mittamus
3132 4706 3333 4773 lignum
3388 4706 3440 4756 in
3476 4719 3667 4773 panem

2094 4789 2215 4860 ejus
2250 4784 2340 4844 ¹⁶ι
2394 4807 2413 4841 ι
2473 4792 2927 4847 resurrectionem
2982 4808 3111 4846 vero
3183 4809 3275 4861 per
3325 4794 3543 4857 Oscam,
3574 4794 3666 4861 qui

2095 4881 2171 4934 ait
2223 4898 2237 4934 :
2302 4897 2321 4932 ι
2378 4880 2435 4935 In
2498 4880 2587 4935 die
2656 4883 2810 4935 tertia
2868 4898 3215 4952 resurgemus
3266 4885 3321 4936 in
3375 4892 3668 4952 conspectu

2093 4971 2235 5041 ejus,
2287 4987 2709 5043 sequemurque,
2764 4982 2820 5025 ut
2878 4989 3274 5043 cognoStamus
3331 4975 3666 5027 Dominum:

2097 5063 2254 5133 quasi
2284 5063 2581 5120 diluculum
2621 5066 3608 5137 praeparatuminveniemusipsum”.
3646 5089 3663 5118 ι

2098 5152 2419 5207 Revelatum
2443 5163 2546 5220 cst,
2581 5157 2779 5224 inquit,
2811 5155 2954 5222 istis,
2982 5171 3090 5209 non
3128 5165 3350 5226 propter
3385 5158 3552 5226 ipsos,
3575 5160 3667 5213 scd

2097 5258 2317 5315 propter
2376 5262 2495 5302 nos.
2559 5238 2675 5300 Duo
2745 5255 2927 5301 autem
2976 5264 3070 5316 per
3108 5248 3223 5303 haec
3255 5249 3416 5304 verba
3447 5252 3669 5306 coniicit

2097 5336 2380 5405 apostolus
2411 5352 2426 5390 :
2462 5352 2586 5390 nam
2624 5346 2676 5391 et
2709 5339 3097 5406 prophetarum
3128 5338 3543 5407 praevidentiam
3580 5356 3669 5395 os-

2096 5429 2300 5493 tendit;
2340 5436 2392 5482 et
2439 5429 2584 5499 quod
2615 5439 2740 5483 ante
2775 5429 2963 5483 mundi
2994 5431 3439 5484 constitutionem
3471 5445 3670 5500 praeco-

2099 5520 2231 5590 gniti
2271 5529 2427 5573 erant
2465 5521 2577 5574 Deo
2615 5521 2675 5587 ii,
2705 5524 2794 5590 qui
2848 5538 2990 5575 nunc
3043 5523 3108 5575 ad
3149 5522 3305 5575 ﬁdem
3342 5521 3541 5575 Christi
3578 5537 3671 5577 vo-

2104 5610 2208 5669 cati
2242 5620 2391 5665 sunt.
2420 5610 2485 5664 Et
2514 5612 2734 5681 quidem
2766 5614 3157 5683 prophetarum
3212 5612 3556 5683 providentia
3585 5614 3670 5667 in-

2088 5789 2125 5820 “
2155 5786 2283 5844 Ose.
2316 5801 2393 5855 vt,
2427 5789 2482 5845 Ξ.
