4120 6480
432 436 571 503 1199

1344 427 1920 491 ΤΗΕυΡΗΥιΑοΤι
1965 424 2375 485 BULGARI/E
2397 426 2751 489 ARCHIEB.

3541 422 3680 494 1‘200

423 553 612 607 sinuat
642 546 776 608 illis,
804 561 876 599 ne
910 543 1224 599 incredulos
1258 555 1315 597 sc
1350 540 1626 611 praebeant
1656 539 1721 591 ad
1770 551 1857 601 ea,
1883 550 2007 605 qua:

2123 538 2541 607 προφητευμένα
2565 554 2577 566 ·
2613 539 2694 591 ὅτι
2748 536 2880 608 μηδὲ
2937 536 3045 591 υίοὶ
3078 538 3351 608 σώφρονες
3380 550 3685 613 ’καταφρο-

425 648 559 697 sunt
587 639 657 694 ab
686 636 892 694 eisdem
921 634 1205 706 prophetis
1235 624 1601 704 prtenuntiata
1626 646 1639 683 :
1672 642 1796 682 nam
1826 643 2005 697 neque

425 732 549 794 lilii,
579 730 669 802 qui
723 733 965 803 sapiunt,
1008 734 1265 797 paternos
1321 724 1539 778 labores
1592 734 1832 790 unquam
1882 733 2007 772 con-

428 828 695 878 temnunt.
732 819 790 873 Si
824 820 970 873 enim
1012 818 1114 881 illi,
1147 814 1239 885 qui
1281 814 1358 869 nil
1422 811 1777 868 emolumenti
1816 825 2002 879 pert-c-

429 917 576 989 pturi
618 925 800 977 erant,
844 911 1221 983 exquisierunt
1252 917 1431 962 tamen
1460 915 1514 962 et
1548 899 1912 968 invenerunt;
1945 917 2007 954 ac

431 1019 692 1079 praeterea
717 1020 838 1076 quae
870 1004 1213 1065 invenerant,
1264 1000 1470 1068 scripto
1500 995 1921 1058 commiserunt,
1949 1001 2008 1047 ut

430 1103 578 1156 velut
614 1099 985 1154 baereditatem
1011 1094 1300 1164 quamdam
1333 1093 1398 1147 ad
1426 1106 1526 1146 nos
1552 1089 2005 1171 transmitterem,

429 1193 673 1263 profecto
705 1208 737 1246 n
761 1208 829 1254 ιε,
881 1192 1082 1262 inquit,
1121 1187 1312 1258 injusti
1349 1200 1623 1248 essemus,
1656 1183 1704 1238 si
1745 1182 1861 1235 hare
1892 1194 2012 1250 par-

427 1302 498 1339 vo
540 1288 592 1339 in
638 1286 816 1355 pretio
858 1286 1210 1340 haberemus.
1245 1280 1615 1347 Quamobrem
1667 1277 1837 1331 nolite
1882 1290 2006 1336 nos.

430 1379 520 1444 qui
560 1377 660 1430 ista
696 1377 850 1430 vobis
881 1375 1347 1445 evangelizamus,
1380 1370 1538 1426 ﬂocci
1572 1368 1854 1430 facientes,
1899 1368 2012 1420 ina-

433 1486 553 1522 nem
592 1468 815 1522 reddere
846 1466 1294 1537 praedicationem
1342 1474 1612 1518 nostram.
1640 1459 1708 1513 Et
1752 1459 1866 1513 haec
1893 1459 2013 1528 qui-

431 1564 552 1617 dem
589 1560 657 1614 de
691 1558 1035 1629 providentia
1071 1556 1485 1625 prophetarum.
1511 1549 1586 1603 Ex
1617 1564 1691 1623 eo
1709 1565 1837 1603 vero
1865 1549 2009 1618 quod

430 1651 748 1723 praecogniti
781 1650 891 1705 sint
918 1664 949 1702 a
978 1651 1104 1711 Deo,
1146 1654 1317 1701 terret
1360 1660 1478 1708 eos,
1531 1658 1599 1697 ne
1647 1643 1897 1713 indignos
1931 1643 2012 1695 di-

435 1749 558 1800 vina
618 1743 962 1814 prmscientia
1001 1756 1064 1795 ac
1102 1738 1388 1795 vocatione
1433 1750 1492 1790 se
1538 1733 1867 1799 exhibeant,
1918 1733 2013 1790 sed

436 1838 619 1905 potius
670 1836 901 1892 invicem
949 1849 1009 1889 se
1037 1831 1297 1892 excitent,
1349 1844 1459 1899 quo
1511 1825 1602 1881 Dei
1657 1825 1805 1880 dono
1862 1824 2009 1901 digni

438 1930 590 1982 ίὶὲὶιιῐ.

503 2017 663 2089 355
713 2016 875 2071 Vens.
910 2016 1089 2071 11-12.
1155 2034 1174 2068 ι
1238 2014 1561 2071 Scrutantes
1628 2016 1683 2069 in
1731 2010 1878 2083 quod
1925 2007 2012 2064 vel

434 2113 595 2179 quale
627 2121 841 2178 tempus
896 2109 1232 2178 significaret
1269 2107 1320 2160 in
1354 2108 1435 2161 cis
1488 2106 1727 2177 Spiritus
1760 2102 1964 2161 Christi
1998 2118 2011 2154 :

441 2203 826 2272 praenuntians
850 2216 942 2256 eas
965 2216 1085 2270 quae
1114 2200 1168 2251 iu
1201 2198 1424 2254 Christo
1463 2208 1611 2265 sunt,
1646 2197 1931 2266 passiones
1963 2203 2017 2248 et

436 2294 764 2363 posteriores
792 2292 1019 2364 glorias.
1049 2289 1262 2357 Quibus
1294 2290 1593 2345 revelatum
1619 2296 1725 2355 cst,
1753 2287 1880 2357 quia
1909 2300 2016 2340 non

436 2381 811 2452 sibimetipsis,
846 2380 1005 2435 nobis
1031 2391 1215 2433 autem
1262 2378 1653 2432 ministrabant
1698 2391 1784 2432 ea.
1823 2394 1842 2427 ι
1881 2373 1937 2428 Si
1966 2384 2020 2429 et

437 2476 672 2545 apostoli
700 2483 753 2527 et
785 2472 1063 2543 propheta:
1092 2472 1304 2541 Spiritu
1343 2477 1537 2526 sancto
1580 2469 1799 2525 amante
1836 2467 2020 2524 edide-

441 2575 593 2629 runt,
654 2566 707 2619 hi
750 2564 971 2634 quidem
1017 2563 1381 2632 prophetiam,
1419 2561 1496 2616 illi
1559 2570 1740 2616 autem
1769 2558 2020 2630 Evange-

439 2656 595 2718 lium,
631 2655 669 2709 ii
707 2653 785 2708 nil
817 2668 847 2707 a
877 2653 1161 2723 prophetis
1194 2651 1605 2720 discrepabaut.
1638 2648 1867 2720 Oportet
1923 2649 2021 2718 igi-

441 2756 556 2810 tur,
601 2746 805 2815 inquit,
825 2743 1017 2800 eodem
1073 2759 1172 2799 vos
1207 2742 1394 2798 studio
1448 2741 1604 2809 ferri,
1634 2756 1700 2797 ac
1731 2741 2019 2798 domestici

440 2839 831 2909 prophetarum
878 2835 1215 2902 ferebantur,
1289 2851 1358 2890 ne
1405 2849 1584 2904 preme
1639 2848 1854 2897 eorum,
1923 2833 2017 2904 qui

441 2929 725 3000 prophetis
753 2943 863 2983 non
895 2926 1274 2991 crediderunt,
1311 2926 1669 2997 subjaceatis.
1738 2924 2023 2980 Adnotan-

440 3022 568 3074 dum
604 3035 732 3074 vero
784 3018 1007 3074 Petrum
1040 3017 1327 3095 Tripitatis
1360 3020 1685 3090 mysterium
1739 3017 1920 3072 allatis
1965 3017 2020 3070 in

442 3110 624 3164 verbis
648 3108 980 3179 patefacere.
1027 3108 1165 3163 Cum
1224 3108 1394 3176 enim,
1455 3108 1658 3178 inquit,
1723 3127 1741 3159 ι
1783 3106 2022 3179 Spiritus

2111 626 2330 680 νοῦνται
2366 630 2651 698 πατρικῶν
2687 631 2884 682 πόνων.
2923 629 2985 682 El
3018 630 3127 701 γὰρ
3152 631 3330 696 αὐτοὶ,
3358 631 3523 702 μηδὲν
3561 633 3686 704 ovi]-

2110 720 2307 773 cstat
2362 719 2669 790 μέλλοντες,
2719 720 2993 790 ἐζήτησαν
3025 723 3119 774 καὶ
3164 716 3325 792 εὖρον
3351 738 3365 753 ·
3419 723 3554 779 ἀλλὰ
3594 725 3689 777 καὶ

2110 811 2361 881 εὑρόντες
2411 811 2637 881 βιϐλίοις
2668 812 3021 878 ἐγκατέθεντο
3053 812 3117 883 [Ῑ.
3153 812 3460 885 ἐγκατέο.],
3498 814 3691 885 ὥσπερ

2107 919 2229 956 τινα
2276 901 2476 971 κλῆρον
2519 903 2986 972 παραπέμποντες
3038 906 3171 974 ἡμῖν
3205 920 3220 937 ·
3248 905 3349 957 οὐκ
3394 906 3460 958 ἂν
3504 907 3688 975 ἡμεῖς,

2112 994 2266 1062 φησι,
2307 992 2528 1057 δίκαιοι,
2568 993 2696 1063 περὶ
2736 993 2910 1048 ταῦτα
2941 996 3436 1066 καταφρονητικῶς
3479 997 3687 1051 διακείδ

2112 1101 2287 1154 μενοι.
2321 1085 2421 1138 Διά
2449 1102 2532 1137 τοι
2561 1081 2656 1138 οῦν
2682 1083 2841 1138 τοῦτο
2876 1086 3011 1156 μηδὲ
3042 1088 3187 1156 ἡμᾶς
3230 1087 3356 1149 τοῦς
3391 1084 3566 1139 ταῦτα
3593 1088 3688 1139 εύ-

2110 1176 2569 1247 αγγελιζομένους
2601 1178 2730 1248 ὑμῖν
2753 1218 2767 1242 ,
2811 1177 2984 1230 ταῦτα
3024 1179 3153 1248 περὶ
3182 1177 3399 1247 φαύλων
3430 1176 3508 1250 [f;
3541 1183 3692 1250 παρά

2113 1266 2339 1340 φαῦλον]
2374 1268 2636 1335 τιθέντες,
2670 1266 2826 1322 κενὸν
2881 1270 3197 1339 ἀποφήνητε
3245 1269 3306 1321 τὸ
3351 1270 3686 1339 Εὑαγγὲλιον

2110 1361 2287 1430 ἡμῶν.
2343 1361 2441 1414 Διά
2477 1361 2576 1431 μὲν
2606 1361 2700 1415 οῦν
2740 1363 2834 1416 τοῦ
2872 1361 3194 1434 προμηθοῦς
3225 1362 3335 1416 τῶν
3370 1362 3689 1433 προφητῶν.

2112 1452 2286 1507 ταῦτα
2309 1470 2323 1483 ·
2355 1454 2441 1508 διὰ
2473 1454 2530 1507 δὲ
2559 1455 2653 1507 τοῦ
2688 1454 3068 1524 προεγνῶσθαι
3094 1455 3199 1507 ὑπὸ
3229 1452 3369 1508 Θεοῦ
3403 1453 3580 1523 φοϐεῖ,
3618 1453 3694 1523 μὴ

2112 1550 2364 1614 ἀναξίους
2401 1549 2629 1612 ἑαυτοὺς
2683 1548 2782 1617 τῆς
2830 1546 2925 1601 τοῦ
2960 1546 3096 1599 Θεοῦ
3133 1546 3502 1614 προγνώσεως
3559 1546 3695 1598 ἀπο·-

2116 1639 2302 1710 φῆναι,
2339 1637 2474 1709 μηδὲ
2511 1637 2612 1707 τῆς
2646 1636 2753 1690 ὑπὸ
2802 1636 2994 1690 τούτου
3052 1636 3320 1706 κλήσεως,
3369 1636 3506 1689 ἀλλά
3531 1653 3688 1688 κατε-

2118 1731 2403 1800 πείγεσθαι
2434 1729 2679 1798 ἀλλήλων
2706 1731 2784 1792 είς
2805 1728 2865 1782 τὸ
2887 1728 3070 1792 ἀξίους
3092 1726 3347 1796 γενέσθαι
3362 1728 3463 1797 τῆς
3485 1726 3694 1798 δωρεᾶς

2115 1824 2209 1878 τοῦ
2245 1821 2407 1877 Θεοῦ.

2196 2027 2214 2060 ι
2260 2006 2683 2079 Ἐξερευνῶντες
2713 2005 2792 2068 εἰς
2822 2005 2942 2057 τίνα
2971 2005 3065 2057 καὶ
3094 2006 3246 2058 ποῖον
3277 2004 3470 2076 καιρὸν
3501 2003 3693 2073 ἐδήλου

2115 2101 2177 2155 τὸ
2210 2103 2267 2154 ὲν
2299 2101 2488 2163 αὐτοῖς
2517 2097 2744 2168 Πνεῦμα
2769 2096 3008 2167 Χριστοῦ
3041 2097 3602 2167 προμαρτυρούμενον
3628 2095 3695 2146 τὰ

2118 2194 2198 2256 εἰς
2243 2190 2481 2262 Χριστὸν
2521 2189 2822 2259 παθήματα
2852 2188 2947 2240 καὶ
2993 2187 3092 2250 τὰς
3129 2188 3270 2256 μετά
3313 2186 3487 2240 ταῦτα
3514 2184 3694 2251 δόξας.

2119 2281 2215 2349 Οἷς
2250 2282 2614 2352 ἀπεκαλύφθη
2637 2296 2651 2310 ·
2684 2281 2768 2333 ὃτι
2815 2280 2912 2351 οὐχ
2964 2280 3203 2343 ἑαυτοῖς,
3250 2280 3382 2348 ἡμῖν
3419 2276 3477 2330 δὲ
3508 2276 3697 2341 διηκὸ-

2119 2393 2245 2437 νουν
2274 2376 2436 2430 αὐτά.
2468 2395 2486 2427 ι
2517 2375 2580 2428 Εί
2616 2376 2710 2427 καὶ
2740 2373 2895 2425 αὐτοὶ
2929 2373 3022 2424 καὶ
3060 2373 3108 2423 al
3143 2371 3422 2442 προφῆται
3448 2371 3506 2421 ὲν
3536 2366 3703 2421 Πνεύο

2123 2482 2252 2535 ματι
2295 2464 2435 2535 ἀγίῳ
2479 2463 2816 2533 ἐνήργησαν,
2863 2462 2913 2514 oi
2957 2460 3056 2530 μὲν
3096 2460 3196 2531 τὴν
3255 2458 3618 2529 προφητείαν,
3650 2457 3704 2510 οἱ

2118 2554 2177 2608 δὲ
2216 2554 2278 2607 τὸ
2324 2552 2659 2621 Εὐαγγέλιον
2694 2567 2708 2581 ·
2736 2549 2888 2604 οὐδὲν
2925 2548 3131 2602 τούτων
3183 2547 3244 2601 τὸ
3271 2547 3532 2616 διάφορον
3564 2544 3705 2612 πρὸς

2120 2646 2248 2708 τοὺς
2282 2644 2590 2716 προφήτας.
2629 2646 2725 2695 Δεῖ
2753 2642 2935 2696 τοίνυν
2975 2641 3075 2709 τὴν
3114 2639 3287 2709 αὐτὴν
3334 2638 3502 2710 ὑμᾶς,
3545 2635 3702 2706 φησι,

2123 2736 2357 2807 σπουδὴν
2390 2735 2654 2804 εἰσάγειν,
2695 2735 2761 2805 ἣν
2821 2734 2917 2788 καὶ
2954 2733 3004 2786 oi
3061 2733 3320 2803 κατήκοοι
3349 2729 3456 2784 τῶν
3491 2744 3705 2797 προφη-

2121 2829 2251 2895 τῶν,
2299 2828 2387 2883 ἵνα
2422 2828 2496 2899 μὴ
2531 2829 2599 2898 τῇ
2637 2826 2746 2880 τῶν
2797 2825 3216 2896 ἀπειθησάντων
3249 2825 3363 2886 τοῖς
3399 2822 3706 2895 προφήταις

2122 2920 2472 2990 ὑποϐληθὶῃε
2538 2918 2802 2991 τιμωρίᾳ.
2847 2917 3283 2989 Ἐπισημαντέον
3340 2916 3416 2980 δὲ,
3472 2916 3555 2970 ὅτι
3615 2915 3707 2966 διὰ

2121 3013 2328 3066 τούτων
2376 3012 2440 3066 τὸ
2492 3012 2594 3084 τῆς
2644 3010 2876 3081 Τριάδος
2933 3011 3236 3081 μυστήριον
3270 3010 3307 3062 δ’
3327 3009 3531 3078 Πέτρος
3565 3009 3703 3060 ἀπο-

2126 3104 2396 3158 καλύπτει
2414 3120 2428 3134 °
2461 3103 2550 3158 διὰ
2584 3102 2678 3157 τοῦ
2727 3103 2903 3156 εἰπεῖν
2927 3103 3048 3173 μὲν,
3096 3123 3114 3155 ι
3141 3100 3365 3172 Πνεῦμα
3386 3097 3649 3171 Χριστοῦ,
3674 3117 3694 3148 ι

441 3201 673 3267 Christi,
712 3219 730 3253 ›
763 3199 961 3255 Filium
999 3207 1054 3254 et
1104 3199 1370 3268 Spiritum
1431 3209 1681 3256 sanctum
1731 3198 2019 3270 exprimit;

2125 3200 2221 3252 τὸν
2266 3198 2399 3251 rm
2433 3198 2528 3251 καλ⁵
2569 3196 2631 3250 τὸ
2660 3195 2922 3266 Πνεῦμα·
2947 3195 3040 3249 τὸν
3098 3195 3154 3248 δὲ
3186 3193 3429 3263 Πατέρα,
3469 3192 3558 3246 διὰ
3608 3190 3707 3244 τοῦ

440 3293 658 3348 Patrem
690 3307 838 3358 vero,
871 3307 995 3347 cum
1030 3290 1126 3358 ait,
1157 3310 1176 3342 ι
1212 3290 1286 3346 De
1330 3291 1473 3347 coelo
1505 3308 1519 3344 :
1560 3309 1579 3344 ›
1609 3305 1719 3345 non
1750 3291 1895 3346 enim
1924 3305 2020 3360 per

2131 3292 2328 3357 εἰπεῖν,
2362 3309 2381 3341 ι
2421 3290 2554 3343 Ἀπὸ
2597 3287 2849 3360 ούρανοῦ.
2873 3308 2892 3340 ι
2948 3288 3021 3341 Τὸ
3052 3287 3130 3350 δὲ,
3170 3307 3191 3340 ι
3244 3286 3366 3339 Ἀπ’
3406 3284 3703 3357 etaperto-3,)

442 3386 643 3439 coelum
685 3384 773 3437 hic
806 3385 964 3438 locus
999 3382 1201 3452 aliquis
1223 3382 1615 3453 intelligendus
1657 3391 1762 3447 est,
1797 3383 1893 3438 sed
1922 3398 2019 3451 per

443 3476 824 3530 excellentiam
862 3472 1007 3529 Deus
1035 3474 1170 3543 ipse.

524 3585 542 3617 ι
581 3566 712 3631 Quae
735 3579 883 3619 nunc
906 3563 1160 3618 nuntiata
1217 3572 1359 3635 sunt,
1386 3562 1579 3641 vobis,
1622 3577 1719 3633 per
1776 3576 1874 3618 eos
1927 3563 2021 3632 qui

446 3658 962 3727 evangelizaverunt
1012 3653 1192 3720 vobis,
1224 3652 1435 3725 Spiritu
1480 3650 1672 3710 sancto
1723 3653 1892 3710 misso
1956 3654 2024 3710 de

445 3748 609 3813 crelo,
643 3747 696 3801 in
730 3762 850 3816 quae
899 3744 1329 3817 (“desiderant
1376 3745 1556 3815 angeli
1620 3745 1952 3817 prospicere.
2000 3730 2019 3799 ἰ

445 3837 893 3893 Exhortationcm
923 3836 1012 3891 hic
1042 3835 1320 3892 subnectit
1360 3836 1642 3907 apostolus
1679 3836 1746 3891 ex
1798 3837 1866 3893 iis
1906 3851 2026 3906 qua:

448 3936 574 3983 ante
621 3929 675 3982 iu
719 3929 926 3982 honore
974 3924 1216 3982 fuerunt.
1248 3926 1384 3982 Cum
1462 3920 1838 3997 praemisisset,
1879 3927 2025 3998 quod

448 4020 728 4089 prophetae
779 4017 938 4074 nobis
968 4017 1164 4074 salutis
1189 4027 1397 4074 nostra:
1433 4020 1692 4083 mysteria
1756 4019 2027 4075 submini-

446 4109 697 4175 strarint,
723 4116 774 4163 et
812 4106 958 4179 quod
982 4108 1082 4162 ista
1113 4106 1253 4163 adeo
1273 4107 1528 4163 sublimia
1554 4117 1756 4173 essent,
1782 4119 1841 4163 ut
1860 4110 2028 4165 etiam

447 4200 656 4270 angelis
684 4198 937 4253 amabilia
973 4197 1176 4266 forent,
1219 4199 1368 4269 quod
1425 4201 1675 4255 ostendit
1710 4216 1778 4257 ex
1819 4201 2028 4270 laetitia,

449 4306 557 4361 qua
592 4290 696 4359 ipsi
728 4289 781 4343 in
809 4287 1109 4344 Nativitate
1143 4288 1357 4344 Domini
1388 4291 1707 4347 cecinerunt
1741 4309 1754 4344 :
1794 4307 1812 4343 ι
1845 4290 2029 4346 Gloria

450 4386 504 4437 in
531 4382 813 4436 altissimis
842 4381 1036 4436 Deo‘"
1073 4398 1088 4435 :
1119 4400 1136 4433 ι
1173 4396 1299 4435 cum
1327 4382 1464 4448 haec.
1498 4385 1744 4453 inquam,
1778 4383 2029 4450 dixisset,

442 4475 630 4530 subdit
663 4474 954 4541 rationem,
978 4489 1078 4529 cur
1102 4489 1165 4528 ea
1190 4474 1412 4537 dixerit,
1440 4476 1586 4528 hunc
1615 4474 1787 4530 ferme
1817 4475 1873 4530 in
1909 4492 2031 4532 mos

2126 3383 2202 3455 μὴ
2220 3382 2459 3445 τοπικῶς
2483 3380 2672 3453 λάϐῃς,
2697 3380 2833 3453 ἀλλᾶ
2851 3379 2973 3433 καθ’
2994 3381 3093 3433 ύπε
3103 3378 3268 3449 ροχὴν
3286 3375 3707 3448 προηγουμένου

2121 3474 2282 3528 Θεοῦ.

2198 3587 2220 3620 ‹
2254 3569 2321 3621 Ἃ
2369 3566 2464 3619 νῦν
2515 3564 2810 3636 ἀπηγγέλη
2845 3564 2974 3634 ὑμῖν
3001 3561 3094 3616 διὰ
3121 3561 3230 3615 τῶν
3266 3558 3705 3629 εὐαγγελισαμέ-

2125 3678 2230 3715 νων
2267 3659 2413 3729 ύμᾶς
2447 3659 2505 3710 ἐν
2538 3653 2820 3727 Πνεύματι
2862 3654 3004 3725 ἁγίῳ
3028 3653 3390 3709 ἀποσταλέντι
3418 3650 3513 3705 ἀπ’
3540 3652 3709 3721 οὐρα-

2125 3750 2243 3816 νοῦ,
2275 3751 2358 3813 εἰς
2417 3743 2454 3802 ἃ.
2493 3745 2859 3821 ἐπιθυμοῦσιν
2911 3746 3132 3815 ἄγγελοι
3173 3743 3518 3814 παρακύψαι.
3548 3759 3567 3793 ι
3610 3742 3709 3793 Αί-

2127 3842 2447 3912 τιολογικῶς
2473 3842 2581 3896 ἀπὸ
2632 3842 2741 3895 τῶν
2772 3839 3267 3914 προτετιμημένων
3319 3839 3353 3907 ή
3414 3835 3709 3906 παράκλη-

2124 3931 2237 4004 ίσις.
2285 3933 2472 3996 Εἰπὼν
2520 3933 2650 4005 γὰρ,
2687 3934 2771 3989 ὅτι
2809 3935 2859 3987 oi.
2891 3932 3170 4003 προφῆται
3218 3928 3548 3999 διηκόνησαν
3571 3928 3708 3997 ήμῖν

2129 4028 2199 4081 τὰ
2252 4026 2354 4097 τῆς
2407 4024 2686 4096 σωτηρίας
2732 4021 2893 4093 ήμῶν
2917 4040 2931 4053 ο
2971 4022 3146 4077 ταῦτα
3176 4020 3235 4074 δὲ
3267 4019 3440 4081 οὕτως
3468 4012 3545 4088 ἦν
3575 4017 3709 4071 θαυ-

2133 4118 2336 4191 μαστὰ,
2371 4117 2447 4182 ὡς
2482 4117 2576 4171 καὶ
2620 4114 2876 4184 ἀγγέλοις
2924 4114 3165 4184 ἐράσμια
3206 4109 3549 4180 καταστῆναι
3594 4107 3714 4177 (καὶ

2131 4206 2213 4259 ὅτι
2251 4205 2492 4276 ἐράσμιοι
2527 4205 2713 4267 αὐτοῖς
2757 4202 2953 4267 ταῦτα,
2993 4201 3193 4266 ἔδειξεν
3223 4201 3317 4270 ἀφ’
3342 4194 3418 4253 ὧν
3462 4200 3526 4252 ἐκ
3551 4214 3712 4269 περι-

2132 4287 2361 4368 χαρείας
2385 4299 2442 4350 ὲν
2475 4298 2540 4367 τῇ
2570 4296 2825 4365 γεννήσει
2857 4294 3120 4366 Χριστοῦ,
3153 4293 3236 4361 τὸ,
3277 4312 3298 4345 ι
3324 4292 3461 4359 Δόξα
3491 4292 3549 4344 ἔν
3589 4289 3714 4360 ὑψί-

2138 4405 2281 4451 στοις
2309 4387 2450 4457 Θεῷ,
2479 4405 2499 4440 ι
2533 4385 2841 4458 έμελῴδουν
2863 4385 2883 4456 )
2909 4401 2924 4416 ⁸
2955 4385 3129 4440 εἰπὼν
3163 4381 3257 4440 οῦν
3290 4384 3483 4448 ταῦτα,
3516 4381 3714 4449 ἐπάγει

2135 4479 2340 4532 τούτων
2385 4475 2447 4530 τὸ
2491 4477 2686 4543 αῐτιον,
2737 4476 2831 4529 καί
2883 4491 3086 4545 φησιν’
3126 4475 3282 4528 Ἐπεὶ
3310 4471 3406 4527 οῦν
3437 4472 3613 4528 ταῦτα
3642 4472 3712 4526 τά

449 4568 577 4620 dum
611 4583 623 4619 :
659 4567 714 4619 Si
737 4575 921 4621 nostra
969 4566 1231 4621 omnibus
1280 4565 1499 4636 (nempe
1552 4579 1660 4619 non
1697 4568 1874 4620 solum
1931 4565 2020 4620 ho-

2134 4567 2387 4642 ἡμέτερα
2430 4571 2595 4623 πᾶσιν
2639 4569 2903 4639 ὲράσμια,
2932 4568 2993 4621 ού
3025 4569 3187 4637 μόνον
3219 4566 3550 4639 ἀνθρώποις,
3579 4562 3713 4619 ἀλλά

454 4658 714 4718 minibus,
745 4657 841 4712 sed
874 4658 1039 4711 etiam
1095 4658 1329 4728 angelis)
1378 4657 1634 4710 amabilia
1686 4664 1836 4723 sunt,
1868 4658 2031 4728 igitur

450 4760 515 4806 et'
541 4765 639 4806 vos
672 4751 813 4804 haud
851 4766 1049 4820 segnes
1078 4757 1132 4805 et
1178 4750 1398 4814 incurii,
1432 4750 1525 4805 sed
1558 4749 1747 4803 fervidi
1782 4738 1837 4805 et
1862 4750 2031 4807 fortes

450 4860 575 4900 esse
610 4843 842 4898 debetis.
898 4843 1014 4899 Hoc
1054 4842 1199 4898 enim
1237 4831 1683 4912 signiﬁcatillud,
1749 4860 1768 4893 ι
1807 4842 2032 4915 praecin-

451 4937 526 4991 αἱ
562 4937 805 4990 lumbos:
836 4954 856 4988 ›
890 4935 1035 5006 quod
1068 4935 1233 4991 etiam
1265 4934 1369 4989 Job
1392 4935 1445 4987 in
1471 4934 1740 4989 mandatis
1766 4936 1977 5006 accepit
2003 4951 2032 4989 a

377 5084 383 5089 _
451 5027 584 5081 Deo.
626 5025 779 5092 Quod
837 5035 1015 5080 autem
1080 5025 1297 5079 lumbos
1319 5024 1598 5094 praacincti
1640 5039 1773 5085 esse,
1831 5008 2027 5080 debea-

452 5135 599 5184 mus,
635 5116 893 5189 patefacit
920 5116 1130 5171 addens
1167 5133 1180 5168 :
1218 5133 1237 5167 ι
1274 5116 1473 5169 mentis
1500 5123 1720 5170 vestrte.
1751 5097 1772 5166 ι’
1824 5114 1903 5169 lta
1933 5115 2036 5186 igi-

452 5220 546 5265 tur
576 5208 902 5278 comparati,
925 5216 979 5263 et
1013 5225 1032 5257 ι
1066 5207 1259 5275 sobrii,
1281 5206 1522 5277 perfecte
1556 5214 1775 5276 sperate
1809 5205 1861 5261 id
1891 5207 2035 5277 quod

454 5303 608 5356 vobis
638 5299 1001 5369 promittitur,
1075 5295 1371 5367 gaudium;
1424 5316 1443 5348 ›
1480 5297 1624 5367 quod
1654 5306 1739 5351 est
1777 5296 1932 5360 illud,
1969 5296 2037 5352 de

412 5464 417 5468 '
454 5408 571 5463 quo
596 5376 758 5462 paulo
794 5401 919 5447 ante
952 5390 1282 5446 mentionem
1310 5388 1463 5456 facit,
1497 5404 1692 5461 nempe
1725 5390 2031 5448 habendum

457 5487 512 5540 in
540 5486 779 5541 secundo
802 5483 1007 5539 tibristi
1037 5482 1293 5538 adventu.

566 5640 633 5671 “‘
673 5638 807 5691 Luc.
847 5636 1016 5702 η,14.

2131 4650 2234 4717 ’καὶ
2266 4646 2539 4730 ἀγγέλοις,
2573 4661 2707 4731 μηδὲ
2733 4661 2892 4731 ὑμεῖς
2920 4659 3143 4731 ἀμελῶς
3172 4660 3310 4731 πρὸς
3336 4656 3509 4713 ταῦτα
3534 4658 3713 4711 διατε-

2140 4754 2293 4824 θῆτε,
2360 4753 2496 4807 ἀλλὰ
2582 4753 2953 4814 συντείναντες
3009 4751 3255 4815 ἑαυτοὺς,
3306 4752 3403 4806 καὶ
3447 4749 3713 4820 ἀνδρικῶς

2138 4830 2480 4907 διατεθέντες
2512 4843 2708 4914 (τοῦτο
2740 4843 2862 4912 ,γὰρ
2917 4842 3073 4913 δηλοῖ
3112 4841 3205 4896 διὰ
3237 4840 3357 4906 τοῦ,
3400 4842 3713 4905 Ἀναζώσα-

2142 4938 2234 4991 σθε
2276 4956 2295 4989 ι
2325 4938 2423 5000 τὰς
2447 4936 2655 5005 ὀσφύας
2675 4956 2689 4966 ·
2716 4954 2734 4986 ο
2770 4936 2799 4989 ὃ
2822 4937 2917 4990 καὶ
2957 4935 3079 4989 Ἰὼϐ
3108 4936 3512 5007 προστάσσεται
3563 4935 3716 5001 παρά

2132 5028 2234 5091 ,τοῦ
2267 5027 2437 5083 Θεοῦ·
2479 5027 2685 5097 ὀσφύας
2708 5027 2765 5080 δὲ
2792 5027 2964 5092 τινας,
2986 5028 3284 5098 ἐσήμανεν,
3318 5027 3401 5079 ὃτι
3447 5025 3545 5088 τὰς
3577 5043 3593 5074 ι
3615 5024 3715 5093 τῆς

2112 5152 2115 5155 ν
2141 5120 2381 5183 διανοίας
2406 5139 2425 5171 ι
2467 5119 2653 5189 λέγει)
2682 5137 2695 5150 ο
2727 5119 2903 5181 οὕτως
2931 5118 3025 5173 οῦν
3067 5117 3588 5188 παρεσκευασμένοι
3619 5115 3716 5168 καὶ

2151 5214 2478 5284 «νήφοντες,
2526 5212 2752 5276 τελείως
2815 5210 3077 5264 ἐλπίσατε
3120 5212 3213 5264 ἐπὶ
3261 5208 3362 5281 τὴν
3409 5207 3717 5281 φερομένην

2143 5305 2273 5373 ὑμῖν
2320 5304 2517 5375 χαράν.
2543 5321 2562 5354 ι
2623 5300 2771 5373 Α’ύτη
2805 5301 2861 5356 δέ
2893 5305 3062 5369 ἐστιν,
3092 5303 3160 5373 ἢν
3191 5302 3286 5355 καὶ
3337 5301 3446 5371 πρὸ
3487 5297 3718 5371 βραχέος

2143 5397 2302 5466 φησὶ,
2334 5395 2477 5450 κατά
2508 5394 2607 5464 τὴν
2634 5393 2895 5479 δευτέραν
2923 5392 3019 5448 τοῦ
3047 5393 3252 5464 Κυρίου
3284 5392 3610 5463 παρουσίαν.
3716 5456 3723 5465 .

1676 5763 1987 5828 Bonifacii
2023 5764 2252 5828 Finetti
2293 5767 2484 5827 noua.

534 5854 610 5926 (l)
645 5851 805 5925 Vulg.
845 5870 1020 5925 quem.
