4120 6410
482 415 625 489 ιελοι

548 549 567 581 ι
592 526 684 582 Διδ
734 525 1148 598 ἀναζωσάμενοι

471 617 651 690 ὑμῶν,
689 617 977 689 νήφοντες,
1006 617 1230 681 τελείως
1260 616 1520 672 ἐλπίσατε
1560 618 1653 671 ἐπὶ
1684 618 1783 688 τὴν
1813 615 2051 687 φερομέ-

472 728 570 778 νην
606 710 735 779 ὑμῖν
762 711 922 782 χάριν
952 712 1011 764 ὲν
1042 709 1390 779 ἀποκαλύψει
1436 709 1616 780 Ἰησοῦ
1666 707 1911 778 Χριστοῦ
1935 725 1947 738 ·
1977 707 2054 772 ῶς

473 803 640 857 τέκνα
674 804 947 873 ὑπακοῆς,
984 803 1060 876 μὴ
1094 802 1640 874 συσχηματιζόμενοι
1680 804 1801 864 ταῖς
1848 800 2051 870 πρότε-

478 913 570 967 ρον
597 898 656 950 ὲν
681 898 746 968 τῇ
787 895 980 968 ἀγνοίᾳ
1010 896 1165 966 ὑμῶν
1197 896 1519 966 ἐπιθυμίαις
1547 912 1579 969 ’Δ
1599 895 1738 949 ἀλλά
1769 895 1914 948 κατά
1961 896 2054 948 τον

475 985 783 1041 καλέσαντα
806 986 950 1057 ὑμᾶς
985 986 1198 1055 Ἀγιον,
1224 987 1319 1041 καὶ
1375 985 1532 1039 αὐτοὶ
1589 982 1736 1053 ἅγιοι
1789 987 1846 1038 ἐν
1903 984 2053 1054 πάσῃ

471 1079 787 1151 ἀναστροφῇ
818 1077 1112 1151 γενήθητε.
1144 1078 1292 1132 Διότι
1319 1078 1634 1149 γέγραπται
1654 1094 1669 1110 ·
1694 1077 1878 1148 Ἀγιοι
1907 1077 2054 1147 γίνε-

484 1169 604 1237 σθε,
656 1171 739 1223 ὅτι
791 1169 919 1241 έγὼέ
955 1170 1113 1240 ἅγιός
1157 1170 1296 1241 εἰμι.
1324 1188 1346 1223 ι
1404 1168 1890 1241 Συσχηματισμδν,
1954 1168 2055 1241 τὴν

476 1257 900 1327 συμπεριφορὰν
937 1256 1037 1328 τὴν
1075 1256 1214 1331 πρὸς
1254 1258 1323 1311 τά
1356 1257 1661 1329 πράγματα
1711 1258 1782 1312 τὰ
1811 1258 2055 1329 παρόντα

474 1343 625 1414 λέγει
651 1361 667 1378 ⁶
713 1345 743 1400 ὅ
784 1362 930 1409 τινες
983 1346 1094 1399 τῶν
1138 1346 1385 1417 ἀνοήτων
1437 1346 1556 1420 [καὶ
1593 1347 1712 1420 νῦν]
1753 1365 1940 1416 φασιν,
1971 1349 2054 1403 ὅτι

473 1435 615 1506 πρὸς
660 1437 728 1490 τὰ
773 1436 1076 1506 πράγματα
1129 1435 1263 1510 [δεῖ]
1320 1437 1676 1506 διαγίνεσθαι.
1739 1438 1911 1494 Τοῦτο
1965 1437 2058 1493 οὖν

475 1529 659 1591 ἐᾶσαι,
706 1529 783 1594 ὡς
833 1529 1086 1601 μάταιον,
1141 1528 1432 1604 [κελεύειά
1461 1533 1575 1586 εῖτε
1609 1533 1669 1587 ὲν
1695 1532 1918 1601 γνώσει,
1948 1532 2057 1585 εἴτε

476 1620 571 1676 καὶ
628 1622 724 1675 «έν
781 1621 1017 1693 ἀγνοίᾳ»
1063 1621 1242 1694 ταύτῃ
1291 1623 1398 1694 πρὸ
1440 1622 1634 1678 τούτου
1664 1624 2057 1696 ἐνεσχέθησαν.

479 1728 507 1767 ι
540 1710 696 1767 Ἀλλά
726 1730 751 1765 ι
783 1710 900 1779 νῦν,
927 1710 1147 1785 [λέγει,]
1176 1712 1253 1780 τῷ
1282 1713 1576 1769 καλέσαντι
1609 1732 1629 1767 ι
1653 1713 2059 1785 συσχηματιζό-

479 1799 654 1877 μενοι.
683 1816 703 1851 ι
752 1798 917 1881 Ἀγίῳ
944 1800 1082 1864 ὄντι,
1117 1819 1136 1853 ι
1164 1802 1312 1871 ἅγιοι
1339 1803 1435 1857 καὶ
1462 1803 1620 1858 αὐτοὶ
1659 1804 1896 1873 γίνεσθε.
1924 1824 1945 1858 ι

1206 412 1611 475 EXPOSITIO
1648 411 1733 474 IN
1769 412 2011 474 EPIST.
2047 414 2078 474 Ι
2118 413 2180 474 8.
2207 410 2458 473 PETRI.
2497 434 2566 446 -
2594 410 2753 471 CAP.
2789 410 2839 469 Ι.

1224 527 1323 591 τὰς
1395 524 1604 595 ὀσφύας
1657 527 1757 595 τῆς
1815 524 2054 589 διανοίας

2232 522 2400 581 Vsus.
2436 523 2621 580 l5—l6.
2684 542 2701 575 ι
2765 522 2998 596 Propter
3034 525 3180 597 quod
3224 528 3492 584 succincti
3527 534 3739 586 htmhm

3605 414 3745 479 1%2

2161 619 2364 674 mentis
2399 628 2615 685 vestrae,
2649 618 2820 674 sobrii
2855 626 3073 687 sperate
3107 619 3161 674 in
3196 634 3481 692 eam,qu:e
3509 622 3742 697 θίγοι-ειη·

2159 714 2338 778 vobis,
2398 713 2655 782 gratiam,
2713 714 2768 768 in
2805 713 3192 770 revelationem
3246 716 3378 772 Jesu
3453 718 3661 773 Christi
3709 737 3729 775 :

2157 807 2314 875 quasi
2352 806 2450 860 lilii
2511 806 2861 869 obedientim,
2911 821 3020 861 non
3075 807 3406 878 conﬁgurati
3457 810 3742 879 prioribus

2161 898 2485 968 ignorantiae
2522 905 2720 954 vestrae
2758 899 3075 955 desideriis.
3128 899 3236 955 Sed
3271 901 3570 956 secundum
3616 918 3740 957 eum

2159 992 2248 1059 qui
2276 991 2491 1046 vocavit
2519 1006 2637 1055 vos,
2671 989 2959 1054 Sanctum,
3008 1000 3063 1046 et
3103 991 3207 1062 ipsi
3243 993 3298 1047 iu
3324 993 3474 1047 omni
3510 1008 3740 1047 convcr-

2160 1082 2377 1137 satione
2407 1084 2580 1139 sancti
2609 1083 2751 1139 silis.
2787 1082 3056 1150 Quoniam
3084 1083 3357 1154 scriptum
3398 1091 3483 1140 est
3517 1103 3528 1137 :
3558 1082 3742 1139 Sancti

2158 1173 2337 1241 eritis,
2362 1175 2623 1246 quoniam
2679 1189 2780 1247 ego
2834 1182 3063 1230 sanctus
3114 1191 3261 1231 suun.
3316 1195 3333 1226 ι
3397 1175 3744 1247 Conligurari

2159 1267 2252 1323 ltic
2276 1276 2433 1321 vocat
2464 1268 2629 1324 rebus
2658 1268 3022 1338 pnesentibus
3066 1267 3454 1337 circumferri;
3507 1279 3568 1323 ut
3615 1269 3743 1333 qui-

2159 1357 2283 1412 dam
2314 1356 2635 1427 insipientes
2658 1365 2711 1413 et
2733 1372 2884 1413 nunc
2937 1358 3151 1418 dicunt,
3183 1366 3439 1428 oportere
3477 1359 3659 1414 sinere
3687 1374 3744 1411 se

2162 1451 2525 1522 pra-sentibus
2556 1450 2720 1506 rebus
2769 1449 2920 1505 ferri.
2969 1448 3086 1505 Hoc
3110 1451 3316 1520 itaque,
3355 1460 3613 1519 tanquam
3651 1465 3742 1502 va-

2161 1559 2319 1607 num,
2342 1543 2428 1598 cui
2452 1543 2717 1599 hactenus
2758 1544 2874 1598 sive
2909 1543 3167 1605 scientes.
3192 1544 3305 1598 sive
3334 1562 3352 1594 ι
3377 1543 3693 1610 ignorantes
3722 1560 3738 1592 ι

2163 1638 2534 1703 adhaeserunt,
2580 1644 2641 1691 ut
2665 1636 2998 1706 relinquant,
3028 1634 3314 1704 praecipit:
3347 1653 3365 1686 ι
3393 1634 3498 1689 Sed
3519 1649 3684 1690 nunc.
3720 1652 3739 1685 ι

2165 1730 2362 1801 inquit,
2397 1749 2416 1783 t
2479 1727 2805 1799 coniigurati
2845 1746 2863 1779 ι
2902 1727 3004 1792 illi,
3059 1726 3151 1796 qui
3194 1741 3320 1781 vere
3357 1725 3591 1780 Sanctus
3643 1735 3747 1788 est,

2171 1841 2190 1875 ι
2219 1829 2273 1877 et
2306 1836 2405 1877 vos
2431 1821 2607 1876 sancti
2637 1827 2837 1875 estote.
2876 1837 2895 1868 ι

555 1908 577 1943 ι
608 1874 721 1945 Καὶ
770 1892 821 1946 ει
856 1876 1082 1964 Πατέρα
1126 1868 1480 1949 ἐπικαλεῖσθε
1526 1895 1618 1950 τὸν
1659 1868 2060 1967 ἀπροσωπολή-

2174 1868 2190 1875 -
2889 1907 2957 1961 Ει
2981 1909 3026 1964 si
3049 1903 3270 1961 Patrem
3304 1907 3572 1962 invocatis
3600 1921 3748 1966 cum,

478 1997 631 2046 πτως
657 1983 918 2054 κρίνοντα
948 1984 1093 2040 κατά
1122 1985 1185 2039 τδ
1215 1986 1449 2041 ἑκάστου
1477 1986 1663 2059 ἔργον,
1695 1990 1755 2043 ὲν
1787 1988 1939 2059 φόϐῳ
1968 1989 2061 2041 τὸν

475 2072 578 2143 τῆς
622 2074 921 2145 παροικίας
954 2075 1112 2147 ὑμῶν
1163 2077 1357 2148 χρόνον
1401 2079 1790 2151 ἀναστράφητε
1813 2095 1828 2110 ο
1861 2079 2060 2143 εἰδότες

476 2161 561 2247 δτι
591 2162 651 2214 οὐ
680 2162 964 2234 φθαρτοῖς,
991 2165 1245 2237 ἀργυρίῳ
1276 2166 1310 2237 ἢ
1343 2167 1576 2238 χρυσίῳ,
1615 2168 1961 2240 ἐλυτρώθητε
1997 2171 2062 2223 ὲκ

475 2251 578 2322 τῆς
626 2253 867 2323 ματαίας
924 2254 1079 2325 ὑμῶν
1133 2258 1627 2329 πατροπαραδότου
1685 2258 2059 2331 ἀναστροφῆς,

477 2344 616 2399 ἀλλὰ
653 2345 821 2417 τιμίῳ
864 2346 1064 2414 αἵματι
1113 2347 1190 2411 ὡς
1229 2348 1406 2420 ἀμνοῦ
1445 2351 1563 2403 καὶ-
1586 2350 1746 2423 {vulg}.
1804 2369 1911 2405 om.
1943 2351 2061 2424 καὶ]

477 2434 715 2506 ἀμώμου
740 2438 836 2491 καὶ
869 2437 1103 2492 ἀσπίλου
1125 2440 1389 2511 Χριστοῦ.
1420 2460 1439 2492 ι
1475 2442 1662 2497 Διττδν
1693 2445 1725 2513 ἠ
1752 2442 1939 2514 Γραφὴ
1971 2445 2062 2496 τὸν

478 2526 645 2603 φόϐον
673 2523 781 2582 οἶδε
803 2547 817 2560 ·
850 2529 1070 2609 τὸν-μὲν
1100 2515 1603 2609 προκαταρκτικὸν,
1635 2534 1728 2588 τὸν
1756 2533 1814 2588 δὲ
1836 2534 2063 2588 τελειω-

478 2618 655 2673 τικόν.
697 2608 1183 2690 Προκαταρκτικδν
1236 2608 1363 2692 μὲν,
1398 2621 1457 2687 ὃς
1509 2624 1605 2677 καὶ
1657 2624 2062 2694 στοιχειωτικός

478 2711 618 2776 ἔστι,
653 2711 746 2766 τὸν
795 2712 883 2767 διά
925 2698 1089 2781 φόϐον
1125 2714 1234 2768 τῶν
1264 2715 1675 2786 πεπραγμένων
1701 2701 1806 2769 τινὶ
1833 2716 1970 2785 πρὸς
2001 2715 2062 2768 το

481 2804 783 2872 σωφρονεῖν
817 2802 1253 2876 ἐκκαλούμενον·
1287 2805 1631 2861 τελειωτικδν
1652 2806 1730 2871 δὲ,
1753 2807 1841 2859 τὸν
1864 2806 1926 2878 [Ῑ.
1956 2807 2063 2879 sb],

479 2895 572 2949 διὰ
617 2895 679 2948 τὸ
729 2894 1048 2949 τελειῶσθαι
1075 2895 1144 2969 [Ῑ.
1174 2896 1483 2975 -οῦσθαι]
1525 2901 1584 2952 ὲν
1617 2902 1685 2970 τῇ
1730 2901 1918 2972 ἀγάπῃ
1966 2902 2060 2953 τοῦ

480 2989 618 3058 πρὶς
645 2988 705 3043 ὃν
757 2989 909 3056 φιλία
953 2990 1231 3056 σπεύδειν,
1287 2986 1592 3061 φοϐεῖσθαι,
1632 2994 1706 3063 μή
1748 3011 1800 3046 τι
1855 2992 2062 3047 τούτων

482 3078 634 3150 αὒτῷ
669 3078 834 3141 ἐνδεῖ,
866 3074 943 3133 ὧν
965 3097 1051 3144 τις
1084 3080 1150 3153 [Ῐ.
1188 3080 1325 3152 τοῖς]
1366 3083 1573 3153 σφόδρα
1605 3080 1892 3150 ἀγαπῶσιν
1913 3080 2062 3153 ὀφεί-

386 3196 393 3204 ·
480 3169 655 3229 λεται.
706 3169 1048 3240 ’Υπόδειγμα
1086 3172 1179 3224 τοῦ
1216 3171 1459 3243 πρώτου,
1502 3172 1562 3237 ὃς
1594 3174 1690 3229 καὶ
1726 3191 2058 3254 στοιχειωτιο

482 3262 579 3326 κός
600 3262 818 3325 ὲστι,τὸ
850 3263 909 3314 ὲν
946 3263 1199 3333 Ψαλμοῖς
1245 3265 1563 3334 είρημένον,
1598 3266 1683 3329 τὸ,
1729 3286 1747 3318 ι
1770 3262 2067 3338 Φοϐηθήτω

480 3353 575 3408 τὸν
599 3354 810 3426 Κύριον
836 3354 987 3408 πᾶσα
1016 3357 1049 3425 ή
1088 3354 1184 3424 γῆ,
1213 3374 1233 3406 ι
1289 3353 1435 3409 τοῦτ’
1460 3355 1631 3426 ἔστιν,
1653 3351 1734 3421 οἷς
1754 3358 1908 3412 οὐδὲν
1941 3361 2070 3431 μελ-

481 3448 567 3502 λει
730 3444 909 3519 μέλει]
948 3446 1207 3516 οὐρανίου
1256 3449 1644 3518 φρονήματος,
1694 3449 1833 3504 ἀλλὰ
1875 3451 2067 3522 γηῖνου

485 3536 870 3609 ματαιότητος.
904 3536 970 3588 Τί
991 3536 1097 3604 γὰρ
1118 3536 1184 3589 ἀν
1209 3538 1456 3607 πάθοιεν,
1479 3556 1499 3591 t
1529 3538 1657 3592 ὅταν
1676 3540 1882 3611 ἀναστῇ
1903 3539 2070 3612 θραῦ-

485 3646 577 3682 σαι
622 3614 721 3699 τὴν
763 3628 866 3698 γῆν
889 3645 905 3696 ;
932 3647 952 3681 ι
982 3627 1089 3682 Τοῦ
1130 3629 1521 3702 δευτέρουνδὲ,
1543 3630 1637 3684 τοῦ
1672 3630 2067 3700 τειλειωτικοῦ,

483 3721 648 3790 λέγω,
674 3719 704 3773 ὃ
732 3720 827 3773 καὶ
852 3721 985 3773 αὐτὸ
1016 3710 1169 3790 παρὰ
1198 3722 1278 3790 τῷ
1310 3722 1476 3775 Δαϐὶδ
1514 3722 1664 3776 ἔστιν
1685 3723 1869 3793 εὑρεῖν
1903 3725 1962 3777 ὲν
1987 3720 2071 3787 οἷς

482 3813 666 3880 λέγει·
701 3830 719 3863 ι
746 3810 1022 3880 Φοϐήθητε
1067 3811 1161 3863 τόν
1200 3810 1429 3880 Κύριον,
1473 3813 1679 3877 πάντες
1711 3815 1762 3865 οἱ
1788 3814 1935 3881 ἅγιοι
1968 3816 2067 3867 αὐ·-

483 3903 700 3977 sumtis:
729 3901 830 3954 οῦκ
856 3898 1004 3954 ἔστιν
1019 3902 1305 3972 ὑστέρημα
1327 3904 1439 3966 τοῖς
1464 3902 1821 3973 φοϐουμένοις
1847 3905 2061 3958 αὐτόν’»

487 3996 584 4050 καὶ
610 3994 795 4057 πάλιν,
836 4011 857 4044 ι
888 3991 948 4046 ’0
995 3992 1161 4060 φόϐος
1211 3993 1442 4064 Κυρίου,
1472 3994 1659 4062 ἁγνὸς,
1687 3995 1959 4065 διαμένων
1990 3999 2095 4061 ek,

486 4084 661 4141 αἰῶνα
701 4083 915 4147 αἰῶνος.
945 4102 966 4136 ι
1019 4083 1178 4138 Κατὰ
1212 4083 1402 4137 τοῦτον
1433 4083 1525 4146 οὖν
1576 4084 1668 4136 τὸν
1725 4083 2069 4139 τελειωτικὸν

487 4182 656 4252 φόϐον
683 4180 779 4234 καὶ
808 4178 1019 4250 Πέτρος
1061 4178 1375 4249 παρακαλεῖ
1415 4176 1512 4232 νῦν
1556 4177 1893 4232 διατίθεσθαι
1945 4179 2070 4241 τοὺς

489 4267 769 4340 ὑπηκόους
815 4266 990 4337 αὐτῷ,
1050 4267 1301 4335 φάσκων,
1348 4267 1426 4330 ῶς
1461 4266 1618 4320 Ἐπεὶ
1682 4269 1751 4322 δι’
1788 4268 2071 4339 οἰκτιρμὸν

489 4363 697 4431 ἄφατον
729 4359 823 4413 τοῦ
855 4360 1221 4429 πεποιηκότος
1272 4358 1408 4413 Θεοῦ
1442 4361 1709 4423 είς,υῑοὺς
1771 4361 1940 4415 αὐτοῦ
1977 4362 2070 4414 ἀν-

488 4451 784 4521 ελήφθητε,
827 4452 857 4504 ό
906 4450 1071 4520 φόϐος
1101 4452 1230 4522 ὑμῖν
1274 4446 1432 4515 οὗτος
1477 4453 1863 4525 συμπάρεδρος
1907 4453 2069 4516 ἔστω,

491 4544 567 4602 ὡς
616 4542 678 4606 ἐξ
723 4543 947 4613 ἀγάπης
1001 4545 1160 4614 ὑμεῖς
1209 4543 1306 4597 τοῦ
1357 4526 1718 4614 πεποιηκότος
1769 4545 2070 4616 γενόμενοι,

493 4634 589 4687 καὶ
617 4634 721 4687 οὐκ
755 4634 814 4700 ἐξ
864 4633 1065 4706 ἔργων,
1113 4634 1206 4688 Ἐκ
1234 4634 1447 4687 πολλῶν
1477 4635 1533 4688 δὲ
1566 4635 1938 4706 ποιησάμενος
1975 4637 2075 4707 τὴν
2111 4622 2149 4675 θ

497 4725 848 4797 παράκλησιν
881 4725 1125 4798 (πρῶτον
1156 4727 1245 4781 διὰ
1282 4727 1392 4781 τῶν
1443 4727 1861 4800 ἐπιθυμητικῶν
1908 4730 1975 4802 [Γ.
2006 4761 2071 4770 -

494 4815 658 4889 κῶς]
763 4818 904 4888 πρὸς
977 4818 1121 4872 αὐτά
1168 4818 1531 4889 διακειμένων
1598 4819 1849 4888 ἀγγέλων
1875 4863 1889 4888 ,
1956 4817 2076 4875 εἶτα

493 4910 604 4964 ἀπὸ
656 4909 753 4965 τοῦ
801 4910 1105 4982 Γραφικοῦ,
1134 4905 1251 4965 εἶτα
1281 4911 1390 4965 ἀπὸ
1429 4911 1525 4967 τοῦ
1577 4912 1878 4986 ἀναγκαίου
1911 4927 1925 4942 ο
1958 4915 2080 4966 ἐπεὶ

493 4998 606 5071 γὰρ
626 5000 718 5055 τὸν
748 5000 881 5054 Θεὸν
902 5001 1293 5055 ἐπικαλοῦνται
1320 5001 1565 5071 Πατέρα,
1590 5002 1805 5070 ἀνάγκη
1835 5001 1927 5055 τὸν
1956 5003 2080 5056 ὲπι-

495 5090 776 5162 θυμοῦντα
821 5092 1102 5149 υἱοθεσίαν
1153 5092 1219 5165 [ι’.
1253 5092 1454 5165 -ας],
1517 5094 1645 5161 ἄξια
1707 5094 1802 5147 τοῦ
1862 5095 2077 5166 Πατρὸς

495 5187 671 5238 ποιεῖν
697 5199 711 5215 ·
761 5186 858 5240 καὶ
902 5184 1185 5255 τέταρτον,
1215 5185 1299 5239 ὅτι
1347 5184 1520 5256 μυρία
1548 5184 1739 5238 ἔλαϐον
1778 5184 1961 5253 ἀγαθὰ
1989 5186 2076 5239 διὰ

494 5275 591 5328 τοῦ
638 5276 1074 5348 καταϐληθέντος
1122 5280 1263 5352 ὑπὲρ
1308 5280 1488 5334 αὐτῶν
1520 5280 1834 5350 τιμήματος
1868 5297 1881 5311 ·
1918 5279 2076 5334 τοῦτο

494 5365 552 5420 δέ
580 5368 698 5421 ἐστι
730 5368 791 5420 τὸ
815 5368 908 5422 τοῦ
934 5370 1177 5440 Χριστοῦ
1207 5365 1366 5441 αἷμα,
1397 5372 1534 5440 ὅπερ
1567 5370 1885 5441 ἀντίλυτρον
1918 5372 2074 5442 ἐδόθη

494 5458 606 5512 τῶν
656 5460 943 5531 ἁμαρτιῶν
994 5463 1103 5515 τῶν
1156 5462 1532 5532 ἀνθρώπων)’
1583 5460 1793 5514 κελεύει
1847 5459 1941 5514 οὖν
1988 5463 2076 5517 διὰ

494 5549 669 5603 ταῦτα
694 5550 789 5603 τὸν
831 5551 1026 5624 χρόνον
1053 5552 1229 5605 πάντα
1257 5550 1354 5605 τοῦ
1391 5552 1494 5622 ζῇν
1527 5552 1778 5604 σύνοικον
1807 5550 1952 5620 ἔχειν
1981 5552 2072 5605 τὸν

496 5638 663 5712 φόϐον
711 5640 804 5694 τὸν
856 5642 1225 5698 τελειωτικόν.
1251 5643 1421 5707 Φόϐος
1447 5643 1557 5712 γὰρ
1586 5641 1674 5697 ἀεὶ
1715 5645 1827 5706 τοῖς
1855 5643 2076 5695 τελειω-

2087 3220 2139 3281 ἐι

2167 2002 2261 2074 qui
2293 2004 2412 2057 sine
2443 1999 2766 2069 acceptione
2792 2013 3161 2070 personarum
3204 1998 3416 2067 iudicat
3445 1997 3746 2054 secundum

2168 2093 2611 2164 huiuscujusque
2637 2107 2801 2163 opus,
2856 2091 2913 2147 in
2974 2091 3176 2145 timore
3235 2089 3509 2144 incolatus
3579 2087 3746 2142 vestri

2167 2196 2413 2251 tempore
2445 2182 2872 2249 conversantini,
2932 2181 3176 2237 scientes
3207 2179 3353 2248 quod
3381 2193 3492 2233 non
3559 2192 3755 2232 corru-

2168 2278 2450 2347 ptibilihus
2482 2290 2619 2329 auro
2646 2274 2731 2330 vel
2764 2284 2990 2343 argento
3017 2272 3285 2342 redempti
3328 2269 3485 2339 catis,
3519 2268 3588 2324 de
3612 2283 3752 2323 vana

2170 2374 2347 2423 vestra
2370 2366 2796 2422 conversatione
2846 2373 3089 2436 paterna:
3108 2361 3454 2429 traditionis,
3504 2360 3599 2418 sed
3630 2373 3749 2429 pre-

2171 2462 2315 2515 tioso
2341 2460 2612 2531 sanguine
2661 2457 2827 2529 quasi
2864 2456 2994 2529 agni
3042 2456 3380 2512 immaculati
3457 2452 3662 2509 Christi
3701 2463 3756 2505 et

2171 2550 2614 2606 incontaminati.
2659 2570 2680 2603 ι
2718 2549 2999 2620 Duplicem
3057 2550 3313 2603 timorem
3366 2545 3518 2601 novit
3561 2543 3750 2603 Scrip-

2170 2653 2293 2698 tura
2344 2662 2359 2697 :
2421 2628 2752 2698 initiativum
2789 2652 3008 2707 unum,
3088 2640 3317 2694 alterum
3377 2635 3754 2707 perfectivum.

2156 2736 2502 2800 'lnitiativus,
2533 2737 2626 2804 qui
2686 2743 2741 2789 et
2797 2731 3172 2795 elementaris,
3226 2736 3314 2785 est
3367 2742 3476 2794 quo
3513 2727 3641 2794 quis
3691 2740 3755 2778 ex

2170 2826 2419 2886 improha
2441 2825 2506 2878 ad
2536 2824 2819 2878 honestam
2853 2822 3019 2875 vitam
3045 2813 3371 2875 revocatur:
3398 2813 3755 2886 perfecdvus,

2169 2930 2278 2985 quo
2307 2917 2450 2981 quis,
2479 2922 2766 2983 propterea
2794 2914 2951 2980 quod
2989 2911 3044 2964 in
3078 2908 3224 2977 ejus,
3251 2908 3414 2977 cujus
3498 2904 3760 2960 amicitias

2170 3007 2378 3073 s'ndet,
2440 3020 2627 3060 amore
2685 3003 2989 3075 perﬁcitur,
3054 3002 3209 3057 timet
3271 3014 3343 3055 ne
3395 2998 3471 3052 illi
3551 2995 3758 3066 aliquid

2170 3117 2358 3154 eorum
2425 3099 2591 3161 desit,
2684 3112 2806 3168 qua:
2877 3096 3004 3165 quis
3083 3095 3332 3164 impense
3395 3076 3761 3161 diligentibus

2171 3190 2356 3244 debet.
2387 3190 2705 3258 Exemplum
2740 3187 2924 3258 primi,
2967 3194 3064 3241 seu
3113 3181 3483 3241 elementaris.
3508 3190 3592 3234 est
3627 3178 3759 3231 illud

2171 3283 2400 3352 quodin
2462 3280 2698 3336 Psalmis
2761 3277 3007 3332 dicitur:
3076 3293 3095 3326 t
3176 3272 3393 3326 Timeat
3469 3267 3761 3324 Dominum

2169 3374 2353 3430 οιιιιιίε
2402 3381 2575 3435 terra,
2634 3389 2657 3422 ι
2712 3372 2815 3424 hoc
2842 3375 2927 3423 est
2954 3367 3014 3430 ii,
3077 3365 3170 3434 qui
3229 3363 3434 3417 nullam
3523 3357 3765 3415 caelestis

2182 3466 2491 3534 sapientia',
2533 3463 2631 3518 sed
2713 3461 2886 3516 solius
2966 3466 3199 3514 terrena
3260 3453 3521 3508 vanitatis
3575 3463 3763 3505 curam

2171 3558 2412 3613 habent:
2442 3554 2574 3624 quid
2611 3553 2759 3608 enim
2792 3550 2879 3605 his
2909 3548 3145 3613 eveniet,
3211 3564 3229 3598 ι
3286 3560 3410 3598 cum
3448 3540 3760 3598 surrexerit

2171 3649 2439 3705 Dominus
2488 3654 2776 3718 percutere
2823 3653 3022 3696 terram
3055 3640 3147 3692 "?
3193 3656 3211 3690 ι
3264 3637 3508 3691 Alterius
3600 3635 3763 3689 etiam

2158 3739 2479 3809 exemplum
2537 3736 2681 3807 apud
2743 3734 2909 3788 David
2966 3730 3214 3800 τοροτἰί
3296 3736 3416 3790 est,
3471 3725 3563 3780 ubi
3618 3725 3695 3779 ait
3747 3742 3761 3777 :

2175 3850 2194 3882 ι
2242 3829 2451 3884 Timete
2500 3824 2790 3880 Dominum
2849 3837 3042 3877 omnes
3084 3820 3260 3875 sancti
3303 3819 3446 3889 eius,
3499 3816 3761 3887 quoniam

2162 3924 2280 3977 ’non
2331 3930 2415 3975 est
2468 3918 2651 3987 inopia
2703 3916 3022 3971 timentibus
3056 3929 3181 3968 eum
3213 3913 3290 3978 ¹³;
3326 3931 3345 3963 r
3400 3919 3455 3965 et
3499 3923 3693 3964 rursus
3749 3945 3762 3981 ε

2178 4031 2197 4063 ι
2234 4010 2421 4064 Timor
2457 4008 2694 4071 Domini,
2723 4018 2945 4061 sanctus
3011 4020 3337 4075 permanens
3391 4004 3447 4057 in
3503 4002 3763 4056 srrculum

2173 4102 2443 4159 saeculi”.
2471 4098 2713 4155 :Petrus
2758 4100 2943 4168 itaque
2992 4099 3250 4152 hortatur
3296 4096 3598 4166 discipulos
3635 4108 3765 4147 suos

2173 4202 2234 4250 ut
2263 4194 2408 4248 hunc
2443 4191 2804 4262 perlectivum
2866 4190 3125 4244 timorem
3174 4189 3228 4243 in
3266 4188 3438 4243 corde
3501 4184 3765 4246 habeant,

2172 4286 2414 4342 dicens:
2465 4283 2739 4350 Quoniam
2796 4297 2897 4352 per
2962 4279 3295 4336 ineffabilem
3352 4277 3448 4334 Dei
3500 4275 3769 4332 creatoris

2174 4374 2613 4432 misericordiam
2649 4376 2707 4429 in
2732 4373 2874 4428 ﬁlios
2906 4372 3084 4442 ipsius
3115 4369 3386 4438 assumpti
3415 4369 3572 4433 estis,
3604 4370 3771 4420 timor

2175 4469 2278 4524 iste
2304 4480 2523 4535 semper
2551 4464 2841 4519 vobiscum
2903 4460 3169 4526 assideat,
3235 4464 3426 4527 utpote
3467 4454 3561 4525 qui
3624 4455 3768 4508 tales

2179 4557 2360 4614 allecti
2384 4557 2520 4612 estis
2543 4571 2606 4609 ex
2664 4552 2758 4608 Dei
2820 4550 3182 4622 benignitate,
3214 4562 3326 4602 non
3373 4562 3439 4602 ex
3498 4544 3768 4614 operibus

2178 4651 2397 4706 vestris.
2432 4648 2507 4702 Ex
2538 4646 2725 4701 multis
2753 4643 2920 4713 igitur
2948 4639 3389 4697 adhortationem
3439 4651 3595 4691 suam
3630 4651 3767 4689 con-

2181 4742 2296 4797 tlcit
2350 4739 2652 4810 apostolus.
2705 4734 2931 4804 Nempe,
2999 4732 3202 4803 primo,
3235 4744 3300 4784 ex
3330 4727 3626 4791 desiderio,
3659 4742 3768 4795 quo

2179 4845 2307 4903 erga
2331 4844 2396 4885 ea
2426 4828 2644 4899 ipsimet
2667 4816 2843 4894 angeli
2874 4826 3125 4880 teruntur
3147 4860 3164 4889 ,
3193 4818 3437 4878 secundo
3460 4862 3476 4885 ,
3503 4834 3569 4875 ex
3618 4817 3770 4871 Scri-

2183 4929 2338 4991 ptura
2366 4939 2383 4989 ;
2420 4918 2606 4984 tertio,
2625 4933 2691 4973 ex
2723 4916 3058 4972 necessitate
3090 4931 3106 4969 :
3146 4911 3589 4986 quandoquidem
3620 4909 3764 4964 enim

2183 5013 2352 5067 Deum
2384 5010 2598 5066 Patrem
2632 5007 2925 5079 appellant,
2960 5022 3186 5063 necesse
3217 5006 3301 5061 est
3362 5014 3421 5058 nt
3450 5004 3542 5072 qui
3579 5001 3767 5055 altilia-

2180 5101 2386 5155 tionem
2468 5099 2803 5160 desiderant,
2831 5095 2995 5167 digna
3044 5102 3201 5149 tanto
3234 5095 3399 5147 Patre
3437 5096 3766 5160 operentur;

2182 5199 2381 5259 quarto
2425 5190 2668 5255 demum,
2709 5188 2972 5259 quoniam
3024 5187 3314 5242 innumera
3344 5184 3484 5238 bona
3515 5194 3766 5251 percepe-

2186 5282 2313 5339 runt
2340 5290 2407 5338 'ex
2432 5282 2609 5354 pretio
2638 5294 2735 5352 pro
2763 5281 2896 5350 ipsis
2919 5278 3199 5349 persoluto
3219 5292 3234 5331 :
3254 5275 3402 5346 quod
3431 5282 3521 5328 est
3545 5271 3768 5340 sanguis

2181 5373 2406 5437 Christi,
2446 5374 2537 5442 qui
2568 5372 2730 5427 datus
2760 5378 2847 5427 est
2877 5371 2929 5425 in
2958 5368 3194 5441 pretium
3230 5364 3628 5434 redemptionis
3666 5377 3769 5431 pro

2186 5464 2425 5534 peccatis
2458 5464 2763 5517 hominum.
2792 5464 2897 5517 Per
2928 5462 3042 5517 haec
3067 5459 3235 5531 igitur
3273 5458 3455 5511 omnia
3489 5456 3758 5526 praecipit,

2183 5561 2244 5607 ut
2279 5561 2394 5607 toto
2422 5551 2546 5607 vitae
2597 5564 2842 5621 tempore
2896 5547 3259 5621 perfectivum
3302 5546 3449 5601 hunc
3510 5543 3770 5600 timerem

2188 5642 2427 5698 habeant
2461 5660 2474 5696 :
2504 5644 2671 5698 timor
2696 5643 2841 5699 enim
2865 5649 3166 5714 perpetuus
3195 5646 3281 5696 est
3314 5635 3570 5707 perlectis
3596 5636 3774 5691 homi-

578 5821 620 5857 ⁸³
645 5820 761 5881 1.5a.
787 5835 847 5882 tt.
881 5821 1082 5883 κλει.
1163 5823 1209 5855 ¹³
1238 5821 1381 5877 Ρδιιι.
1412 5836 1604 5885 sunt,
1649 5822 1731 5875 lt).
1816 5821 1856 5852 ”
1891 5821 2037 5881 νισι,
2068 5832 2229 5886 svnt,
2265 5819 2347 5875 l0.

2982 5932 3081 5942 ι-οι.
3108 5928 3139 5942 Vh
3172 5931 3227 5943 κδ
3276 5935 3349 5942 -__.
