4120 6426
394 432 526 496 1203

1354 437 1922 499 THEOPHYLACTI
1958 422 2370 502 BULGARIAS
2409 444 2761 505 Attumne.

3480 416 3633 508 tae:

385 545 569 605 nibus.
599 560 665 599 ne
695 545 798 600 illis
833 544 1037 614 aliquid
1062 545 1127 600 ad
1158 561 1338 601 veram
1365 543 1753 616 perfectionem
1785 549 1947 604 desit.

2060 552 2234 608 θείσιν
2292 554 2621 625 ἀνθρώποις,
2695 559 2770 629 μὴ
2816 556 3082 609 ἐλλείπειν
3124 573 3175 609 τι
3225 556 3334 609 τῶν
3385 557 3627 614 τελείων.

384 634 679 690 Considera
725 650 873 701 vero,
912 651 1026 706 qua
1080 637 1315 702 ratione,
1382 638 1597 694 dicente
1655 639 1878 696 Christo
1937 658 1950 694 :

391 743 411 778 ι
447 726 610 782 Pater
636 743 740 782 non
768 728 980 799 judicat
1004 745 1330 801 quemquam
1355 748 1369 797 ;
1397 734 1490 787 sed
1514 733 1952 802 omnejudicium

385 819 534 874 dedit
560 819 700 874 Filio
721 821 785 887 η,
824 840 842 870 ι
877 838 1026 877 nunc
1049 822 1247 878 Petrus
1277 824 1421 878 dicat
1443 825 1657 880 Patrem
1681 826 1948 893 judicare.

385 912 464 965 Ad
508 912 613 966 hoc
655 929 759 969 nos
812 913 1069 981 dicimus,
1108 917 1253 984 quod
1305 918 1468 969 etiam
1528 918 1629 970 hoc
1697 918 1952 973 Christus

384 1011 596 1057 asserat
631 1022 642 1056 :
680 1023 699 1055 ι
728 1002 846 1058 Νοιι
899 1013 1072 1073 potest
1114 1004 1406 1062 Filiusase
1432 1006 1608 1062 facere.
1631 1008 1948 1077 quidquam,

385 1091 491 1148 nisi
520 1094 664 1163 qttod
694 1094 886 1149 viderit
918 1095 1130 1151 Patrem
1161 1097 1444 1151 facientem
1466 1098 1528 1151 ¹⁶.
1552 1118 1578 1147 .›
1618 1096 1730 1151 Hoc
1770 1108 1950 1153 autem

384 1184 1012 1240 eonsubstantialitatem
1055 1198 1257 1242 sanctae
1293 1187 1581 1243 Trinitatis
1616 1190 1873 1249 ostendit.
1900 1200 1954 1244 et

385 1275 534 1343 quod
562 1277 614 1329 in
642 1292 703 1329 ra
753 1278 826 1332 sit
882 1279 1195 1333 omnimoda
1262 1281 1540 1342 identitas,
1588 1290 1641 1335 et
1702 1281 1948 1349 pacifica,

380 1378 544 1435 atque
564 1368 1030 1437 imperturbabilis
1055 1373 1372 1430 concordia.
1404 1373 1494 1427 Ait
1521 1382 1700 1427 autem
1738 1372 1950 1429 indiffe-

385 1470 566 1513 renter
593 1460 805 1514 Patrem
831 1462 1100 1530 judicare,
1134 1464 1261 1531 quia
1294 1464 1563 1533 quidquid
1599 1465 1724 1533 quis
1748 1467 1814 1518 de
1844 1482 1949 1520 una

378 1548 616 1603 Persona
651 1550 807 1619 dicit,
846 1553 896 1605 id
954 1553 1208 1607 omnibus
1242 1570 1534 1611 commune
1563 1571 1689 1611 esse
1718 1572 1952 1613 censen-

378 1640 668 1696 dum.est.
760 1642 995 1698 Aliunde
1058 1660 1190 1699 vero
1268 1645 1430 1715 357
1504 1661 1629 1701 eum
1688 1646 1951 1704 Dominus

379 1732 661 1801 apostolos
695 1733 836 1790 filios
867 1734 1158 1799 vocaverit.
1182 1751 1247 1791 ae
1277 1738 1440 1792 etiam
1469 1740 1768 1810 paralytico
1797 1741 1951 1797 dixe-

387 1823 491 1878 rit:
515 1842 533 1874 ι
567 1822 689 1890 Fili,
724 1826 1080 1880 remittuntur
1109 1828 1203 1881 tibi
1226 1836 1448 1896 peccata
1475 1839 1564 1884 tua
1586 1830 1652 1895 ",
1674 1831 1846 1885 »ιιὶΙιὶΙ
1869 1832 1951 1885 in-

2058 650 2259 703 Σκόπει
2285 649 2361 713 δὲ,
2390 649 2474 702 ὅτι
2497 649 2791 718 εἰρημένου
2826 648 2930 700 ὑπὸ
2954 646 3215 717 Χριστοῦ,
3243 648 3325 700 ὅτι
3359 664 3379 697 ι
3416 647 3479 700 Ὀ
3515 648 3627 699 Παη

2054 741 2156 811 τὴρ
2186 741 2359 811 κρίνει
2389 740 2597 804 οὐδένα,
2624 739 2761 793 ἀλλὰ
2784 739 2881 811 τὴν
2913 741 3092 806 κρίσιν
3121 741 3302 792 πᾶσαν
3328 738 3524 792 δέδωκε
3550 737 3631 808 τῷ

2055 832 2189 903 Υἱῷ,
2221 851 2239 884 ι
2275 833 2389 896 πῶς
2424 829 2519 886 νῦν
2551 835 2578 885 ὁ
2615 834 2820 897 Πέτρος
2839 833 2931 883 τὸν
2954 832 3173 903 Πατέρα
3198 830 3406 900 κρίνειν
3455 831 3625 893 λέγει.

2055 923 2198 988 Πρὸς
2245 920 2272 973 ὃ
2320 920 2573 990 ἐροῦμεν,
2619 918 2695 982 ὡς
2740 920 2832 971 καὶ
2893 920 3049 971 τοῦτο
3072 917 3624 987 είρηκενὸΧριστός·

2069 1013 2180 1064 .Ὀύ
2217 1010 2441 1065 δύναται
2499 1010 2605 1080 γὰρ
2634 1012 2661 1062 ό
2695 1009 3026 1071 Υἱὸς-ποιεῖν
3073 1008 3248 1068 οὐδὲν,
3300 1006 3396 1058 ἐὰν
3451 1007 3525 1075 μή
3571 1021 3624 1056 τι

2056 1104 2228 1174 βὶέπῃ
2259 1103 2347 1155 τὸν
2377 1104 2595 1173 Πατέρα
2632 1100 2908 1153 ποιοῦντα.
2937 1119 2955 1151 ι
2991 1099 3163 1151 Τοῦτο
3191 1098 3247 1151 δὲ
3286 1097 3346 1150 τὸ
3384 1095 3628 1164 συμφυὲς

2053 1198 2152 1264 τῆς
2192 1195 2353 1261 ἁγίας
2412 1193 2639 1264 Τριάδος
2700 1191 3023 1261 παρίστησι,
3093 1193 3185 1242 καὶ
3236 1190 3318 1242 ὅτι
3360 1187 3625 1254 ταύτότης

2056 1290 2204 1341 πᾶσα
2228 1288 2345 1340 ἐκεῖ
2383 1288 2476 1340 καὶ
2517 1286 2790 1355 σύμπνοια
2817 1283 3070 1354 είρηναία
3115 1282 3210 1333 καὶ
3245 1278 3624 1338 ἀστασίαστος.

2055 1376 2221 1432 Εἶπεν
2261 1380 2568 1447 ἀδιαφόρως
2599 1379 2689 1431 τὸν
2748 1377 2965 1446 Πατέρα
3012 1374 3240 1445 κρίνειν,
3279 1370 3375 1436 ὡς,
3421 1370 3448 1422 ὅ
3477 1387 3529 1422 τι
3559 1369 3626 1420 ἂν

2055 1474 2151 1542 ὲρῇ
2192 1490 2274 1534 τις
2307 1472 2429 1524 καθ’
2476 1458 2594 1534 ἐνὸς
2645 1470 2755 1523 τῶν
2813 1468 2979 1540 τριῶν
3046 1463 3381 1536 Προσώπων,
3441 1459 3624 1514 κοινοῦ

2052 1562 2403 1632 λογιζομένου
2437 1564 2547 1625 τοῖς
2578 1563 2761 1614 πᾶσιν.
2800 1558 3010 1621 Ἀλλως
3038 1574 3119 1618 τε,
3147 1555 3241 1608 καὶ
3270 1551 3363 1605 τοῦ
3414 1550 3623 1618 Κυρίου

2054 1654 2221 1706 τέκνα
2251 1653 2543 1716 καλοῦντος
2573 1652 2699 1715 τοὺς
2723 1650 3077 1711 ἀποστόλους,
3107 1643 3301 1714 καὶτῷ
3329 1638 3628 1712 παραλύτῳ

2055 1746 2329 1808 εἰπόντος·
2375 1745 2639 1808 (Τέκνον,
2686 1740 2958 1811 ἀφέωνταί
3020 1756 3113 1791 σου
3151 1739 3206 1792 αἱ
3258 1735 3521 1806 ἁμαρτίαι
3551 1748 3565 1761 ⁸
3597 1747 3618 1782 ι

2056 1838 2207 1892 οὐδὲν
2235 1837 2596 1907 ἁπεμφαίνει,
2624 1836 2719 1889 καὶ
2748 1834 2910 1889 αὐτὸν
2948 1834 3167 1903 Πατέρα
3209 1827 3491 1883 καλεῖσθαι
3517 1824 3627 1878 τῶν

377 1915 605 1983 congrui
640 1925 886 1986 apparet,
912 1919 1055 1986 quod
1087 1918 1199 1988 ipse
1220 1935 1431 1985 eorum,
1464 1936 1605 1991 quos
1639 1923 1947 1980 sanctitatis

2055 1928 2351 2000 γεννητῶν,
2384 1920 2460 1982 ὧν
2485 1926 2768 1998 μεταδόσει
2794 1925 3079 1995 ἐγέννησεν
3110 1923 3417 1995 ἁγιότητος.

375 2005 871 2061 communicatione
902 2008 1108 2078 genuit,
1131 2009 1291 2065 Pater
1317 2011 1635 2080 appelletur.

449 2095 615 2152 Vens.
652 2095 842 2152 20-21.
896 2115 915 2149 ι
956 2096 1280 2169 Ριωοοεηίιί
1318 2101 1538 2170 quidem
1586 2111 1711 2158 ante
1759 2104 1949 2160 mundi

376 2186 848 2252 constitutionem,
874 2189 1208 2245 manifestati
1245 2201 1430 2246 autem
1459 2193 1777 2248 novissimis
1805 2205 1950 2249 tem-

378 2277 602 2345 poribus
633 2287 853 2349 propter
874 2294 993 2335 vos.
1025 2277 1128 2345 Qui
1163 2295 1257 2351 per
1292 2282 1473 2351 ipsum
1515 2281 1701 2339 ﬁdeles
1737 2285 1949 2341 estisin

381 2370 510 2434 Deo,
535 2370 626 2438 qui
661 2370 948 2426 suscitavit
978 2370 1128 2424 illum
1159 2386 1191 2425 a
1215 2372 1465 2436 mortuis,
1497 2382 1553 2428 et
1585 2372 1733 2428 dedit
1762 2375 1812 2429 ei
1833 2376 1948 2444 glo-

377 2457 535 2511 riam.
568 2476 587 2509 ι
615 2457 774 2513 Morti
841 2459 1069 2525 Christi,
1102 2459 1222 2531 ejus
1256 2462 1719 2519 resurrectionem
1754 2464 1951 2534 adjun-

375 2545 456 2599 xit
484 2562 499 2598 :
533 2547 757 2601 timebat
786 2547 930 2601 enim
960 2546 1171 2604 facilem
1208 2552 1606 2621 ncephytorum
1655 2554 1723 2607 ad
1754 2552 1950 2607 infide-

375 2633 584 2691 litatem
627 2635 926 2704 relapsum,
980 2638 1027 2695 si
1057 2638 1228 2694 solius
1280 2640 1676 2697 humiliationis
1740 2644 1946 2699 Christi

376 2737 473 2792 per
528 2724 813 2793 passiones
853 2728 1213 2794 meminisset,
1254 2746 1446 2786 verum
1503 2734 1766 2803 quoniam
1803 2735 1947 2789 haud

375 2827 569 2873 recens
584 2829 702 2871 esse
721 2815 1114 2876 incarnationis
1136 2822 1471 2890 mysmrium,
1490 2825 1758 2893 siquidem
1775 2828 1952 2881 ethoc

378 2903 706 2975 insipientes
768 2910 1098 2977 conturbat;
1162 2914 1255 2967 sed
1304 2915 1358 2968 in
1417 2917 1670 2986 supernis
1737 2936 1757 2969 ‹
1825 2927 1951 2974 ante

376 2997 830 3054 constitutionem
858 3002 1045 3056 mundi
1105 3021 1126 3055 ›
1184 3020 1283 3073 pro
1339 3015 1584 3075 tempore
1639 3016 1949 3079 opportuno

375 3087 742 3154 reconditum,
773 3090 1185 3148 manifestatum
1236 3094 1396 3149 etiam
1427 3109 1509 3152 est
1542 3099 1821 3168 prephetis
1855 3099 1947 3169 qui

2130 2133 2148 2165 ι
2174 2109 2641 2182 Προεγνωσμένου
2712 2108 2813 2177 μὲν
2859 2107 2968 2177 πρὸ
3026 2103 3334 2172 καταϐολῆς
3373 2101 3623 2170 κόσμου,

2052 2203 2459 2274 φανερωθέντος
2486 2202 2541 2254 δὲ
2570 2201 2657 2254 ἐπ’
2683 2200 2927 2270 ἐσχάτων
2951 2198 3061 2251 τῶν
3082 2200 3315 2267 χρόνων,
3357 2192 3426 2246 δι’
3454 2192 3622 2261 ὑμᾶς,

2048 2298 2174 2359 τοὺς
2211 2296 2279 2349 δι’
2307 2295 2472 2347 αὑτοῦ
2502 2295 2859 2354 πιστεύοντας
2907 2292 2986 2352 είς
3016 2289 3147 2342 Θεὸν
3192 2287 3284 2341 τὸν
3332 2283 3623 2354 ἐγείραντα

2050 2387 2213 2441 αὑτὸν
2251 2388 2314 2438 ὲκ
2358 2383 2589 2453 νεκρῶν,
2624 2384 2719 2436 καὶ
2766 2379 2924 2445 δόξαν
2965 2378 3114 2446 αύτῷ
3139 2378 3317 2430 δόντα.
3346 2393 3364 2425 ι
3407 2374 3499 2443 Τῷ
3525 2372 3626 2425 τοῦ

2050 2474 2291 2548 Χριστοῦ
2322 2475 2537 2544 Θανάτῳ
2577 2472 2782 2541 συνῆψε
2831 2470 2925 2524 καὶ
2952 2469 3050 2538 τὴν
3079 2468 3375 2522 ἀνάστασιν
3409 2482 3422 2497 ·
3456 2464 3621 2518 εὐλα-

2052 2569 2230 2622 ϐεῖται
2261 2566 2372 2638 γάρ
2400 2565 2463 2619 τὸ
2500 2563 2635 2634 πρὸς
2662 2562 2923 2616 ἀπιστίαν
2950 2558 3058 2613 τῶν
3085 2556 3359 2626 νεοφύτων
3385 2552 3621 2623 εὐμετά-

2052 2661 2230 2721 ϐολον,
2263 2658 2351 2714 διά
2378 2658 2439 2711 τὸ
2464 2657 2574 2709 τῶν
2620 2653 2808 2708 παθῶν
2846 2651 2938 2706 τοῦ
2971 2648 3206 2721 Χριστοῦ
3235 2647 3618 2702 ἐπονείδιστον.

2064 2753 2206 2807 Ἀλλ’
2237 2753 2320 2806 ὅτι
2341 2751 2434 2805 καὶ
2465 2751 2526 2803 οὐ
2560 2747 2752 2819 νεαρὸν
2786 2746 2847 2799 τὸ
2885 2743 3025 2798 κατά
3050 2741 3288 2814 Χριστὸν
3322 2742 3622 2812 μυστήριον

2052 2845 2071 2908 (
2085 2842 2207 2895 ἐπεὶ
2237 2841 2333 2894 καὶ
2362 2838 2520 2892 τοῦτο
2550 2839 2676 2901 τοὺς
2708 2837 2970 2905 ἀνοήτους
3018 2831 3291 2903 θορυδεῖ),
3327 2828 3440 2884 ἀλλ’
3477 2828 3622 2882 ἀνω-

2053 2930 2144 2984 θεν
2180 2947 2199 2981 ι
2225 2928 2329 3000 πρὸ
2383 2926 2687 2996 καταϐολῆς
2724 2925 2930 2994 κόσμου
2957 2941 2975 2975 ι
3010 2921 3152 2975 κατὰ
3207 2920 3298 2972 τὸν
3363 2915 3626 2985 εὔκαιρον

2050 3021 2196 3091 αύτῷ
2220 3021 2411 3091 χρόνον
2434 3018 2857 3086 ταμιευόμενθν,
2888 3012 3209 3084 ἐφανερώθη
3245 3010 3343 3081 μὲν
3381 3008 3475 3063 καὶ
3507 3007 3620 3070 τοῖς

2053 3113 2417 3185 περὶτούτων
2457 3111 2730 3180 ζητήσασι
2776 3107 3108 3177 προφήταις,
3142 3104 3218 3167 ὡς
3252 3101 3431 3168 ὀλίγον
3485 3115 3620 3153 κατ-ι

375 3179 444 3235 de
499 3181 583 3235 his
627 3183 1024 3250 exquisierunt,
1067 3193 1127 3240 ut
1180 3187 1346 3256 paulo
1395 3197 1554 3243 antea
1593 3189 1764 3244 dixit:
1803 3207 1946 3247 nunc

2052 3179 2173 3259 όπίν
2212 3205 2429 3274 εἴρηκε*
2466 3179 2559 3256 καὶ
2585 3179 2683 3253 νῦν
2713 3199 2770 3252 δέ
2809 3215 2992 3269 φησιν,
3038 3196 3120 3249 ὅτι
3179 3195 3240 3248 τὸ
3268 3211 3287 3244 ι
3315 3191 3421 3263 πρὸ
3448 3206 3588 3244 κατα

376 3272 472 3337 ait,
527 3272 603 3339 id,
658 3274 803 3343 quod
861 3293 880 3326 ι
912 3284 1037 3330 ante
1090 3279 1537 3334 constitutionem
1590 3283 1777 3339 mundi
1807 3299 1947 3352 prte-

2053 3295 2213 3363 ϐολῆς
2263 3272 2469 3364 κόσμου
2496 3311 2516 3343 ι
2562 3287 2926 3358 ἐγνωσμένον,
2983 3284 3226 3355 δηλονότι
3274 3280 3370 3334 νῦν
3423 3281 3622 3346 ὲφανεη

377 3363 655 3433 cognitum
700 3374 806 3430 est,
836 3384 857 3417 ι
892 3368 1002 3436 jam
1037 3368 1184 3424 clare
1234 3372 1659 3436 manifestatum,
1691 3391 1787 3431 seu
1825 3393 1946 3446 per-

377 3454 578 3509 fectum
610 3469 756 3512 esse.
819 3456 924 3512 Sed
979 3470 1202 3528 propter
1267 3477 1406 3531 quos
1464 3464 1762 3532 perfectum
1829 3470 1950 3523 est?

383 3565 406 3601 (
448 3546 675 3615 Propter
704 3564 847 3605 vos:
894 3568 1016 3601 ι-ι
1060 3551 1294 3622 Propter
1319 3568 1414 3607 vos
1469 3573 1488 3606 ι
1546 3558 1712 3622 enim,
1745 3557 1944 3625 inquit,

383 3656 406 3692 ι
467 3640 726 3695 excitavit
795 3656 921 3697 eum
1011 3656 1043 3697 e
1132 3647 1380 3699 mortuis.
1457 3664 1475 3698 ι
1526 3647 1707 3713 Quare
1763 3658 1942 3704 autem

385 3748 407 3781 ι
437 3741 664 3800 propter
681 3732 820 3787 vos?
860 3753 877 3785 ι
916 3733 1008 3801 Ut,
1046 3736 1241 3804 inquit,
1281 3755 1299 3788 ι
1362 3738 1724 3807 vosmetipsos
1754 3742 1945 3810 purifi-

376 3830 570 3877 cantes
598 3822 654 3876 in
684 3824 992 3879 obedientia
1034 3825 1278 3880 veritatis
1307 3842 1403 3895 per
1436 3827 1699 3897 Spiritum
1725 3850 1744 3883 ι
1785 3831 1942 3886 fidem

376 3921 431 3966 et
459 3928 608 3981 spem
670 3922 906 3969 vestram
941 3916 995 3970 in
1047 3917 1218 3969 Deum
1275 3917 1549 3979 habeatis;
1589 3920 1697 3976 Sed
1724 3924 1790 3977 ad
1814 3924 1942 3992 quid

377 4002 1001 4073 purificantes?Nempe,
1039 4016 1099 4061 ut
1119 4009 1192 4072 ei,
1223 4010 1316 4078 qui
1350 4026 1446 4079 per
1485 4015 1944 4069 resurrectionem

376 4110 445 4149 ex
474 4097 705 4151 mortuis
735 4097 1170 4167 incorruptibilis
1204 4099 1325 4154 vitae
1357 4101 1682 4170 principium
1716 4106 1944 4171 exstitit,

2053 3386 2224 3456 ρώθη,
2256 3385 2374 3454 ﬁta:
2405 3380 2685 3448 ἐτελέσθη.
2711 3379 2822 3431 Καὶ
2850 3376 2937 3431 διὰ
2964 3375 3119 3437 τίνας
3153 3370 3408 3438 ἐτελέσθη
3433 3386 3449 3435 ;
3496 3389 3513 3421 ι
3539 3366 3626 3420 Δι’

2050 3476 2215 3545 ὑμᾶς.
2245 3493 2264 3525 ι
2290 3502 2361 3514 —-—-
2387 3490 2404 3524 ι
2434 3472 2512 3524 Δι’
2540 3470 2683 3539 ὑμᾶς
2713 3486 2731 3520 ι
2767 3468 2898 3539 γὰρ,
2932 3466 3115 3534 φησὶν,
3145 3464 3366 3534 ἤγειρεν
3409 3478 3428 3512 ι
3456 3457 3621 3512 αὑτὸν

2049 3566 2113 3618 ἐκ
2152 3562 2383 3634 νεκρῶν.
2414 3580 2433 3613 ι
2477 3559 2578 3612 Διά
2627 3558 2679 3612 τί
2730 3558 2789 3611 δὲ
2825 3575 2843 3608 ι
2873 3555 2940 3608 δι’
2987 3556 3160 3625 ὑμᾶς;
3187 3571 3207 3604 ι
3252 3551 3389 3617 Ἵνα,
3430 3549 3618 3618 φησιν,

2055 3678 2074 3711 ι
2104 3656 2393 3729 ἡγνικότες
2426 3654 2655 3716 ἑαυτοὺς
2693 3653 2752 3704 ἐν
2776 3653 2843 3720 τῇ
2871 3649 3086 3717 ὑπακοῇ
3118 3647 3218 3714 τῆς
3249 3640 3506 3713 ἀληθείας
3531 3639 3621 3692 διὰ

2047 3748 2383 3816 Πνεύματος,
2419 3763 2437 3796 ι
2475 3744 2575 3813 τὴν
2608 3741 2791 3795 πίστιν
2824 3736 2979 3809 ὑμῶν
3007 3738 3099 3790 καὶ
3132 3735 3320 3789 ἐλπίδα
3345 3733 3502 3803 ἔχητε
3540 3731 3622 3791 είς

2050 3836 2204 3889 Θεόν.
2242 3833 2351 3887 Καὶ
2389 3831 2478 3885 διά
2503 3830 2556 3882 τί
2584 3849 2603 3881 ι
2625 3827 2941 3899 ήγνικότες;
2974 3844 2992 3877 ι
3034 3827 3156 3879 Ὀτι
3197 3822 3276 3891 τῷ
3303 3822 3390 3875 διὰ
3423 3819 3521 3887 τῆς
3555 3821 3619 3870 ὲκ

2048 3925 2257 3995 νεκρῶν
2278 3922 2627 3982 ἀναστάσεως
2660 3918 2938 3987 ἀφθάρτου
2965 3914 3112 3984 ζωῆς
3141 3913 3272 3981 ὑμῖν
3305 3922 3621 3978 προκαταρ-

2050 4010 2269 4080 ξαμένῳ
2318 4008 2729 4069 πιστεύωντες,
2786 4002 3062 4073 ὀφειλέται
3126 3999 3248 4053 ἐστὲ
3313 3997 3409 4052 καὶ
3462 3996 3619 4049 αὐτοὶ

2050 4105 2189 4159 κατὰ
2218 4103 2309 4156 τὸν
2348 4103 2655 4157 καλέσαντα
2687 4098 2833 4167 ὑμᾶς
2863 4096 2942 4158 είς
2967 4091 3296 4162 ἀφθαρσίαν,
3339 4091 3395 4142 ὲν
3431 4086 3618 4143 καινόο

377 4184 665 4239 credentes
691 4186 874 4247 etiam,
893 4188 1047 4255 juxta
1076 4191 1348 4256 eumdem,
1374 4193 1464 4261 qui
1487 4209 1582 4249 vos
1614 4194 1680 4248 ad
1717 4195 1946 4251 immor-

2052 4215 2169 4267 τητι
2216 4196 2362 4265 ζωῆς
2394 4190 2784 4260 περιπατῆσαι.
2825 4188 2888 4240 El
2914 4187 2972 4239 δὲ
3015 4186 3107 4239 τὸν
3140 4183 3359 4251 Πατέρα
3388 4179 3486 4235 καὶ
3525 4169 3621 4232 οῦς-

378 4276 644 4330 talitatem
705 4279 937 4342 vocavit,
998 4298 1015 4330 ι
1063 4282 1117 4333 ἱιι
1186 4284 1430 4337 novitate
1499 4285 1620 4339 vita:
1698 4289 1943 4342 ambule-

2052 4305 2140 4350 τος
2172 4288 2267 4339 καὶ
2296 4284 2508 4346 Παῦλός
2531 4297 2697 4351 φησιν
2742 4299 2761 4332 ι
2794 4278 3158 4346 ἐξαναστῆσαι
3198 4273 3290 4327 τὸν
3320 4272 3524 4342 Κύριον
3553 4271 3618 4321 ὲκ

378 4366 448 4420 tis
486 4366 548 4421 ⁸⁸.
576 4385 594 4418 ι
629 4365 786 4433 Quod
812 4377 991 4424 autem
1026 4373 1306 4439 apostolus
1343 4375 1464 4433 iste.
1497 4375 1638 4430 sicut
1688 4385 1743 4430 et
1802 4376 1944 4431 Pau-

2052 4378 2278 4449 νεκρῶν,
2313 4394 2333 4427 ι
2393 4374 2469 4444 μὴ
2556 4369 2885 4442 θορυὸηθῇς.
2942 4363 3460 4435 Εἰσαγωγικώτερον
3509 4359 3620 4428 γὰρ

377 4459 484 4524 lus,
509 4460 653 4515 dicat
701 4461 913 4517 Patrem
953 4481 973 4514 ι
1033 4465 1330 4520 suscitasse
1371 4465 1649 4522 Christum
1701 4483 1764 4522 ex
1792 4486 1940 4525 mor-

2052 4469 2327 4541 χρώμενος
2380 4466 2447 4535 τῇ
2477 4460 2821 4534 διδασκαλίαι
2854 4457 2951 4514 νῦν
2998 4456 3170 4511 ταῦτά
3226 4469 3410 4525 φησιν.
3464 4451 3619 4504 Ἐπεὶ

376 4550 504 4616 tuis,
556 4570 573 4603 ι
607 4567 715 4606 non
773 4563 823 4606 te
884 4557 1187 4623 perturbet.
1239 4554 1310 4610 lta
1341 4557 1485 4612 enim
1539 4559 1938 4615 introduetmia

2052 4563 2283 4614 ἄκουσον
2313 4554 2553 4626 Χριστοῦ
2598 4556 2696 4625 μὲν
2745 4553 2995 4619 λέγοντος
3036 4550 3227 4604 ἑαυτὸν
3267 4548 3496 4616 ἐγεῖραι,
3546 4541 3617 4595 δι’

377 4649 537 4695 utens
591 4643 819 4698 docendi
859 4646 1088 4712 ratione,
1147 4647 1410 4714 loquitur.
1483 4649 1751 4704 Caeterum
1813 4652 1938 4706 audi

2052 4648 2120 4709 ὧν
2146 4669 2313 4722 φησι·
2361 4670 2378 4702 ι
2412 4649 2627 4704 Λύσατε
2684 4647 2775 4700 τὸν
2821 4645 2946 4699 ναὸν
2998 4643 3210 4705 τοῦτον,
3232 4640 3326 4693 καὶ
3358 4641 3416 4691 ὲν
3438 4634 3621 4707 τρισὶν.

374 4731 657 4786 Christum
686 4729 977 4799 dicentem,
1003 4740 1354 4805 semetipsum
1374 4753 1433 4793 se
1466 4740 1787 4804 suscitasse,
1819 4756 1942 4795 eum

2052 4743 2285 4815 ἡμέραις
2340 4741 2516 4811 ἐγερῶ
2555 4738 2751 4792 αὐτόν*
2787 4755 2807 4789 ι
2852 4734 2948 4789 καὶ
3007 4732 3172 4787 πάλιν
3212 4732 3374 4792 αὐτὸς
3404 4729 3434 4781 ό
3475 4727 3616 4795 Χρι-

371 4820 488 4883 ait:
524 4839 545 4871 ι
581 4820 786 4877 Solvite
809 4824 1066 4893 templum
1098 4826 1220 4893 hoc,
1259 4836 1313 4882 et
1342 4829 1395 4882 in
1426 4830 1603 4884 tribus
1625 4830 1817 4885 diebus
1845 4847 1945 4903 ex-

2052 4838 2197 4898 στδς,
2243 4851 2263 4882 ι
2298 4832 2576 4896 Ἐξουσίαν
2614 4830 2724 4900 ἔχω
2778 4828 2951 4880 θεῖναι
2993 4825 3090 4893 τὴν
3138 4822 3316 4892 ψυχήν
3366 4835 3491 4889 μου,
3520 4818 3615 4870 καὶ

374 4912 558 4966 citabo
590 4913 721 4968 illud
745 4914 786 4944 ¹⁹
804 4933 850 4981 ς»
877 4924 933 4970 et
965 4932 1155 4974 rursus
1183 4920 1296 4987 ipse
1318 4920 1654 4987 Christus",
1676 4923 1946 4977 «Potesta-

376 5012 506 5067 tem,
538 5002 736 5074 inquit,
772 5004 946 5059 habeo
975 5008 1211 5075 ponendi
1250 5010 1486 5064 animam
1529 5025 1725 5073 meam,
1761 5018 1814 5066 et
1843 5024 1937 5077 po-

375 5103 625 5149 testatem
660 5095 834 5152 babeo
856 5100 1047 5153 iterum
1082 5100 1329 5154 sumendi
1351 5116 1490 5154 eam.
1535 5121 1552 5152 ι
1589 5099 1691 5154 Per
1723 5116 1943 5156 oecono-

374 5186 534 5239 miam
572 5185 737 5255 igitur
769 5188 1097 5258 quandoque
1131 5188 1373 5244 referunt
1397 5191 1465 5244 ad
1504 5192 1722 5245 Patren:
1756 5191 1939 5246 susci-

2052 4926 2299 4993 ἐξουσίαν
2326 4924 2434 4994 ἔχω
2476 4921 2638 4974 πάλιν
2687 4920 2872 4973 λαϐεῖν
2902 4917 3091 4986 αὐτήν.
3128 4934 3148 4967 ι
3183 4908 3617 4980 Οἰκονομικώτε-

2053 5036 2143 5088 ρον
2174 5013 2265 5070 οὖν
2291 5016 2368 5086 τῷ
2397 5013 2573 5082 Πατρὶ
2596 5011 2708 5065 ἐσθ’
2732 5013 2820 5065 ὅτε
2853 5007 3172 5063 ἀνατιθέασι
3208 5004 3300 5058 τὸν
3336 5003 3461 5055 Υὶὺν
3482 5003 3613 5053 ἀνα-

2048 5111 2265 5178 στῆσαι,
2298 5106 2385 5160 ἵνα
2422 5106 2551 5176 μία)
2605 5105 2894 5174 ὲμφήνωσι
2932 5100 3149 5169 Πατρδς
3199 5099 3295 5152 καὶ
3351 5093 3481 5149 Υιοῦ
3514 5094 3614 5163 τὴν

2043 5202 2340 5270 ἐνέργειαν.
2386 5216 2406 5248 ι
2432 5197 2595 5250 Ὥστε
2622 5196 2723 5268 τὴν
2751 5196 2932 5249 πίστιν
2956 5194 3110 5264 ὑμῶν
3140 5192 3234 5247 καὶ
3261 5189 3453 5243 ἐλπίδα
3475 5185 3612 5242 εἶναι

370 5278 629 5332 tationem
658 5278 804 5343 Filii,
836 5287 894 5334 ut
918 5280 1150 5334 innuant
1175 5296 1338 5335 unam
1378 5296 1497 5336 esse
1518 5280 1696 5335 Patris
1721 5288 1775 5337 et
1815 5281 1938 5337 Filii
2042 5290 2191 5344 θεόν,
2213 5311 2234 5343 ι

368 5367 763 5435 operationem.
801 5387 820 5420 ι
865 5367 937 5425 Ut
986 5369 1122 5426 fides
1186 5356 1368 5431 vestra
1404 5379 1459 5429 et
1511 5387 1639 5439 spes
1698 5380 1847 5429 esset
1879 5373 1934 5428 in

368 5456 503 5513 Deo.
544 5475 562 5510 ι

440 5548 607 5603 Vens.
637 5549 832 5603 22-25.
868 5568 889 5603 ι
919 5551 1146 5608 Animas
1206 5564 1419 5609 vestras
1475 5555 1843 5611 eastificantes
1882 5556 1939 5613 in

368 5639 680 5698 obedientia
717 5641 1031 5708 cbaritatis,
1059 5644 1115 5698 in
1171 5644 1536 5703 fraternitatis
1589 5661 1775 5703 amore
1803 5647 1940 5703 sim-

2125 5576 2143 5608 ι
2175 5556 2289 5620 Τάς
2314 5555 2494 5626 ψυχὰς
2526 5553 2678 5626 ὑμῶν
2707 5550 2992 5623 ἡγνικότες
3038 5552 3097 5603 ὲν
3144 5550 3209 5619 τῇ
3254 5549 3468 5620 ὑπακοῇ
3512 5545 3617 5620 τῆς

2049 5646 2303 5739 ἀληθείας
2332 5646 2421 5705 διὰ
2445 5645 2782 5716 Πνεύματος,
2812 5645 2891 5706 εἰς
2931 5638 3283 5711 φιλαδελφίαν
3310 5638 3614 5710 ἀνυπόκρις

443 5821 675 5893 "dona.
725 5837 776 5889 ν,
833 5824 923 5891 22.
1006 5827 1213 5886 “Ibid.
1252 5826 1340 5884 t9.
1419 5828 1462 5860 "
1491 5827 1683 5900 Matth.
1710 5830 1866 5895 13,2.
1944 5834 1947 5860 τ

2062 5844 2173 5885 om.
2209 5845 2285 5897 vi,
2322 5829 2374 5884 4.
2453 5829 2496 5863 ¹⁹
2524 5826 2681 5899 Joan.
2738 5844 2799 5899 ιι,
2845 5829 2929 5905 19,
3004 5829 3052 5862 ⁸⁸
3080 5826 3241 5887 Joan.
3274 5841 3329 5893 ι,
3360 5824 3445 5883 l8.
