4120 6416
398 442 537 509 1209
1195 445 1598 507 EXPOSITIO
1626 443 1984 506 IN‘EPIST.
2022 443 2049 503 Ι
2085 444 2147 506 S.
2169 446 2424 510 PETRI.
2446 453 2532 487 ‘-'
2565 450 2725 513 CAP.
2758 454 2842 515 Π.
3512 455 3650 518 1910

395 553 674 625 κτισθέντες
697 551 763 625 [Γ.
793 553 1076 629 γηθὲντες]
1105 556 1182 621 δὲ,
1217 555 1314 609 καὶ
1355 557 1438 618 είς
1493 573 1513 608 ι
1553 551 1700 607 οἷκον
1726 570 1977 624 πνευμα-

2082 556 2156 609 ris
2205 557 2346 625 lapis
2385 577 2404 610 ι
2446 559 2715 616 Christus
2770 561 3034 618 Dominus
3076 580 3090 616 :
3145 562 3238 618 sed
3294 562 3360 617 ad
3415 572 3657 620 mutuam

395 648 550 702 τικὸν
578 666 610 699 ι»
637 647 862 710 ἑαυτοὺς
895 649 1348 718 καταρτίσαντες,
1372 651 1467 702 καὶ
1499 651 1580 711 είς
1625 669 1646 700 ί
1674 648 1976 717 ἱεράτευμα

2082 654 2493 721 proportionem
2527 655 2812 717 elaborati,
2849 666 2904 711 et
2953 656 3008 710 in
3055 656 3396 727 spiritualem
3437 657 3674 728 domum.

398 739 556 809 ἅγιον
596 758 615 793 ι
675 740 1078 811 ἀποφήναντες,
1138 760 1156 792 ι
1184 738 1523 810 ἀνενέγκατε
1573 740 1976 802 θυσίαςοπνευ-

2082 746 2442 815 rosmetipsos
2470 756 2746 816 aptantes,
2784 757 2833 802 et
2875 766 2893 798 ι
2938 757 3195 802 sanctum
3227 748 3594 803 sacerdotium
3632 768 3652 801 ι

388 830 658 900 ματικιὶς.
701 849 720 883 ι
755 830 847 901 Μὴ
879 830 988 901 γὰρ
1012 831 1214 895 οἴεσθε,
1240 832 1331 885 τὸν
1381 832 1517 901 πρὸς
1548 831 1807 903 ἀλλήλους
1849 833 1978 886 σύν-

2082 854 2190 908 p_r:c
2223 837 2378 893 vobis
2405 837 2728 903 referentes,
2773 857 2793 890 ι
2836 839 3163 908 spirituales
3198 839 3405 894 hostias
3431 839 3542 894 Deo
3573 839 3660 895 of-

393 924 594 993 δεσμον
618 926 720 977 τὸν
739 924 829 978 διὰ
851 924 952 992 τῆς
980 925 1204 994 ἀγάπης
1244 925 1659 993 κρατυνόμενον
1685 923 1757 993 μὴ
1815 926 1977 993 saxu-

2082 931 2307 995 feratis;
2351 949 2370 981 ι
2397 946 2465 985 ne
2494 934 2638 985 enim
2672 933 3004 987 existimetis
3062 948 3160 987 vos
3210 932 3430 988 hostias
3468 932 3661 985 imma-

393 1014 574 1080 κότες,
598 1012 865 1084 ἀμώμους
891 1013 1082 1075 θυσίας
1110 1014 1411 1082 ἀναφέρειν
1459 1011 1599 1081 Θεῷ.
1662 1031 1681 1063 ι
1718 1010 1976 1080 Αῖροντες

393 1103 525 1173 γὰρ,
551 1104 734 1175 φησιν,
762 1103 942 1168 ὁσίους
962 1105 1177 1173 χεῖρας,
1206 1104 1378 1173 χωρὶς
1397 1102 1572 1173 ὀργῆς
1616 1101 1979 1169 καϊδιαλογι-

397 1194 571 1264 σμῶν.
607 1214 626 1247 ι
652 1195 779 1257 Πῶς
809 1194 983 1265 xeo-6
1005 1194 1095 1250 διὰ
1128 1193 1456 1265 -προσευχῆς
1492 1190 1741 1246 σπεύδων
1785 1190 1979 1245 ἑαυτὸν

394 1285 550 1339 ἑνοῦν
569 1285 644 1356 τῷ
667 1283 789 1353 Θεῷ
803 1284 1056 1352 τεύξεται
1082 1283 1300 1349 τούτου,
1318 1281 1483 1345 αὐτὸς
1516 1280 1710 1337 ἑαυτὸν
1734 1280 1801 1334 δι’
1833 1297 1853 1331 ι
1881 1280 1976 1349 ὀρ-

393 1381 497 1447 γῆς
526 1379 1013 1450 καὶδιαλογισμῶν
1048 1397 1068 1432 ο
1112 1375 1485 1450 πονηρῶνςτοῦ
1509 1372 1744 1445 ἀδελφοῦ
1780 1370 1978 1428 ἑαυτὸν

390 1471 663 1527 ἀποσπῶν
682 1489 698 1539 ;

469 1700 489 1734 ι
533 1682 695 1751 Ὑμῖν
718 1676 813 1735 οῦν
862 1682 897 1752 ἡ
944 1681 1079 1751 τιμὴ
1109 1683 1220 1745 τοίς
1244 1680 1595 1734 πιστεύουσιν
1624 1694 1643 1710 ο
1690 1676 1978 1732 ἀπειθοῦσι

392 1774 471 1838 δὲ,
502 1773 650 1837 λίθος
695 1774 755 1826 ὃν
784 1773 1200 1842 ἀπεδοκίμασαν
1230 1773 1280 1826 οἱ
1337 1770 1771 1841 οίκοδομοῦντες,
1822 1763 1979 1832 οὗτος

2062 1021 2289 1076 ιοιιιοιειε
2317 1021 2779 1093 oﬂerreunqmm
2802 1038 2984 1092 posse,
3017 1023 3061 1077 si
3124 1031 3335 1077 mutuae
3371 1020 3661 1076 charilatis

2068 1114 2358 1168 :vinculum
2404 1114 2634 1169 Ilirmum
2688 1130 2796 1169 non
2840 1114 3169 1170 ‘habueritis
3237 1131 3322 1168 εἰ
3386 1112 3663 1167 Levantes

2078 1208 2246 1268 enim,
2306 1206 2405 1271 ait,
2467 1224 2636 1277 puras
2674 1208 3049 1263 manus-sine
3110 1208 3214 1271 ira,
3263 1214 3319 1261 et
3389 1206 3664 1276 discepta-

2066 1299 2231 1353 ‘tione
2257 1300 2324 1353 ⁸⁸.
2358 1317 2377 1350 ο
2411 1297 2513 1365 Qui
2545 1300 2689 1353 enim
2715 1299 2830 1353 ﬁeri
2854 1308 3052 1370 potest,
3080 1309 3139 1355 ut
3159 1297 3570 1369 perorationem
3604 1312 3665 1352 se

2079 1388 2381 1459 coniungat
2406 1405 2531 1445 cum
2584 1390 2728 1458 lDeo,
2764 1392 2857 1461 qui
2923 1404 3019 1461 per
3082 1409 3101 1442 ι
3167 1391 3333 1454 iram,
3381 1390 3666 1456 malasque

2064 1481 2502 1550 disceptationes
2550 1504 2567 1536 ι
2630 1500 2750 1538 sese
2784 1500 2814 1536 ο
2846 1483 3013 1538 i‘ratre
3072 1496 3480 1554 separare'non
3508 1495 3665 1535 vere-

2067 1581 2172 1626 atur
2192 1573 2220 1624 ?

2149 1683 2312 1755 360
2332 1680 2498 1738 Vens.
2535 1681 2648 1737 7-8.
2692 1703 2711 1735 ι
2750 1683 2915 1738 Vobis
2965 1684 3130 1754 igitur
3190 1683 3365 1738 honor
3390 1682 3668 1740 credenti-

2079 1776 2227 1831 bus:
2284 1791 2390 1830 uon
2435 1776 2793 1831 credentibus
2820 1785 3000 1831 autem
3053 1776 3189 1847 lapis
3243 1792 3404 1847 quem
3474 1791 3668 1845 repro-

390 1866 731 1937 ὲγενήθηείς
748 1863 1251 1935 ικεφαλὴνγωνίας,
1283 1863 1379 1918 καὶ
1433 1862 1973 1936 λίθοςπροσκύμμα-

2082 1869 2352 1926 baverunt
2388 1869 2742 1932 aedificantes,
2776 1869 2862 1923 hic
2892 1867 3067 1924 lactus
3099 1878 3183 1923 est
3241 1870 3295 1923 in
3349 1877 3515 1938 caput
3566 1883 3669 1923 an-

389 1974 482 2020 τος
514 1957 608 2012 καὶ
637 1958 812 2027 πέτρα
841 1956 1139 2011 σκανδάλου
1165 1971 1180 1986 ο
1206 1954 1257 2009 οἳ
1287 1954 1690 2025 προσκόπτουσι
1740 1953 1819 2020 τῷ
1868 1952 1973 2006 Δό-

389 2048 980 2119 γῳ,ἀπειθοῦντες,έείς
1006 2049 1064 2101 ὃν
1079 2047 1241 2121 [ναις.
1272 2049 1351 2110 είς
1371 2047 1400 2100 ὅ
1427 2044 1543 2117 καὶ]
1573 2044 1976 2116 afﬁnem.»—

398 2159 419 2192 ι
467 2140 628 2211 Ὑμῖν
678 2136 772 2193 οὖν
815 2141 849 2210 ἡ
900 2140 1061 2211 τιμὴ,
1093 2158 1110 2190 ι
1168 2138 1691 2209 προσυπακουστὲον
1744 2135 1826 2203 τὸ,
1883 2134 1974 2190 δέ-

392 2233 565 2288 δοται.
591 2232 666 2286 Τὸ
699 2232 755 2285 δὲ
779 2232 908 2302 ἑξῆς
938 2231 1112 2296 οὓτως
1136 2247 1152 2263 ’
1188 2250 1207 2283 ι
1250 2231 1412 2302 Ὑμῖν
1434 2228 1534 2284 οὖν
1563 2231 1597 2301 ή
1620 2229 1753 2309 τιμὴ
1787 2247 1805 2279 ι
1838 2227 1975 2299 πρὸς

390 2325 487 2378 τοῦ
516 2324 761 2388 εἰπόντος
788 2324 927 2377 Θεοῦ
950 2324 1032 2386 τὸ,
1073 2341 1091 2374 ι
1124 2322 1328 2392 Τῐθημι
1369 2336 1385 2353 '
1417 2340 1436 2373 ι
1466 2324 1498 2392 ἡ
1530 2322 1666 2392 τιμὴ
1699 2321 1755 2375 δὲ
1782 2319 1974 2391 δηλον-

391 2416 475 2471 ότι
540 2416 871 2482 ἀπονέμεται
903 2433 915 2446 ο
948 2417 1059 2478 τοῖς
1096 2434 1115 2466 ι
1151 2412 1437 2467 ἀπειθοῦσι
1486 2412 1563 2479 δὲ,
1609 2430 1627 2463 ι
1680 2410 1839 2465 τοῦτο
1886 2412 1979 2465 καὶ

392 2507 489 2561 νῦν
506 2525 667 2579 φησιν
688 2507 864 2570 ὁΘεός
895 2524 908 2537 ·
941 2525 960 2557 ι
989 2507 1190 2576 Τίθημι
1222 2507 1351 2576 ὑμῖν
1388 2506 1449 2558 ὲν
1478 2503 1617 2558 Σιὼν
1636 2503 1785 2558 λίθον
1808 2520 1981 2574 προσ-

391 2602 699 2670 κόμματος,
744 2619 763 2653 »
821 2599 881 2663 ὃς
941 2599 1036 2651 καὶ
1082 2617 1102 2649 ι
1146 2599 1324 2669 πέτρα
1379 2597 1696 2651 σκανδάλου.
1733 2614 1753 2649 ι
1819 2596 1980 2650 Ἀλλὰ

399 2710 420 2747 ι
456 2692 603 2754 λίθος
652 2692 752 2762 μὲν
785 2692 1218 2765 προσκόμματος
1256 2709 1274 2741 ι
1317 2689 1471 2743 ἔσται
1525 2692 1639 2754 τοῖς
1673 2709 1692 2743 ι
1730 2688 1985 2743 ἀπειθοῦ-

395 2804 503 2847 σιν.
556 2787 609 2843 οἶ
677 2787 772 2839 καὶ
844 2786 1285 2854 προσκόπτουσιν
1320 2802 1338 2835 ι
1421 2782 1782 2847 ἀπειθοῦντες
1846 2802 1863 2835 ι
1899 2782 1978 2852 τῷ

392 2877 574 2950 Λόγῳ,
602 2878 681 2942 είς
715 2878 744 2932 ὂ
774 2879 869 2932 καὶ
889 2876 1175 2946 ἐτέθησαν.
1217 2895 1237 2927 ι
1280 2876 1476 2929 Ἔσται
1496 2871 1589 2928 οῦν
1617 2875 1678 2928 τὸ
1706 2875 1827 2929 ὅλον
1854 2873 1983 2944 νόη-

397 2987 496 3040 μα,
528 2968 698 3034 οὕτως
727 2983 741 2997 ·
781 2987 799 3020 ι
832 2969 965 3022 Ἰδοὺ
1007 2967 1198 3037 τίθημι
1255 2970 1313 3020 ὲν
1342 2952 1481 3020 Σιὼν
1524 2965 1673 3018 λίθον
1731 2964 1986 3035 ἀκρογωο

392 3063 585 3119 νιαῖον,
606 3060 845 3125 ἔντιμον,
869 3058 1126 3112 ἐκλεκτόν
1148 3075 1159 3087 ·
1182 3059 1276 3111 καὶ
1298 3059 1326 3110 ὁ
1347 3056 1621 3110 πιστεύων
1643 3055 1730 3109 ἐπ’
1748 3055 1898 3124 αὐτῷ
1920 3054 1980 3108 οῦ

397 3152 473 3224 μὴ
489 3151 879 3222 καταισχυνθῆ.
894 3169 1005 3201 ι-‹
1021 3149 1281 3220 Ἔντιμον
1293 3168 1313 3202 ι
1339 3150 1467 3220 ὑμῖν
1483 3151 1595 3211 τοῖς
1611 3147 1979 3202 πιστεύουσιν*

2079 1961 2215 2031 guli,
2252 1969 2306 2016 et
2350 1960 2492 2029 lapis
2541 1958 2879 2021 oll‘ensionis,
2911 1970 2964 2015 et
2993 1971 3144 2029 petra
3175 1960 3419 2015 scandali
3454 1960 3541 2014 his
3570 1961 3667 2031 qui

2076 2052 2359 2110 offendunt
2387 2051 2578 2115 verbo,
2608 2066 2707 2106 nec
2723 2051 2953 2105 credunt
2977 2052 3032 2105 in
3062 2060 3241 2121 quoet
3265 2050 3428 2121 positi
3457 2060 3610 2105 sunt.
3644 2069 3664 2104 ι

2075 2176 2147 2187 -
2181 2164 2199 2197 ι
2232 2142 2403 2200 Vobis
2448 2143 2614 2214 igitur
2636 2141 2833 2204 honor,
2861 2161 2879 2193 ι
2919 2139 3458 2210 subintelligendum,
3480 2140 3670 2207 datur.

2074 2234 2592 2293 Orationisordoita
2610 2249 2666 2289 se
2688 2233 2849 2287 habet
2874 2250 2889 2286 :
2920 2251 2940 2284 ι
2963 2230 3132 2287 Vobis
3152 2231 3319 2302 igitur
3348 2230 3521 2285 honor
3549 2248 3568 2282 ι
3600 2230 3670 2285 ab

2075 2345 2142 2386 eo
2159 2329 2253 2400 qui
2278 2328 2435 2393 dixit,
2470 2326 2704 2391 «Pone,»
2742 2325 3124 2381 distribuitur:
3159 2340 3306 2379 «non
3322 2324 3671 2379 credentibus

2080 2432 2300 2476 autem»
2330 2421 2493 2475 etiam
2516 2433 2662 2474 nunc
2693 2419 2765 2472 ait
2793 2416 2966 2473 Deus:
2987 2435 3006 2469 ι
3036 2416 3185 2472 Ροηο
3214 2415 3270 2470 in
3287 2415 3419 2471 Sion
3437 2415 3670 2487 lapidem

2079 2511 2420 2576 ollensionis,
2452 2529 2472 2562 ι
2529 2509 2693 2580 quiet
2755 2515 2944 2578 «petra
2997 2505 3266 2562 scandali.
3311 2524 3330 2558 ι
3370 2506 3444 2561 'At
3476 2525 3494 2559 ι
3536 2506 3673 2576 lapis

2079 2602 2397 2658 oll‘ensionis
2424 2619 2443 2653 ι
2467 2602 2571 2655 erit
2599 2619 2619 2651 ι
2642 2614 2751 2653 non
2772 2598 3151 2662 credentibus,
3170 2597 3263 2667 qui
3287 2604 3339 2653 et
3356 2596 3668 2654 olleudunts

2080 2709 2192 2749 non
2226 2693 2514 2749 credentes
2553 2710 2574 2743 ι
2612 2691 2801 2755 verbo,
2862 2692 2919 2745 in
2953 2705 3062 2761 quo
3087 2699 3139 2746 et
3179 2690 3339 2760 positi
3375 2699 3504 2745 sunt
3541 2690 3607 2744 ’⁷.
3646 2709 3673 2742 ι

2068 2787 2295 2857 integer
2324 2785 2510 2855 itaque
2543 2798 2739 2839 sensus
2766 2781 3086 2853 huiusmodi
3122 2790 3208 2838 est
3241 2799 3255 2836 :
3292 2801 3311 2835 ι
3356 2782 3501 2839 Ecce
3524 2797 3678 2851 pono

2083 2877 2139 2932 in
2202 2875 2340 2932 Sion
2395 2873 2633 2946 lapidem
2692 2889 2966 2930 summum
3026 2875 3363 2945 angularem,
3416 2873 3673 2937 electmu,

2083 2968 2386 3039 pretiosum
2415 2982 2431 3021 :
2457 2976 2512 3020 et
2544 2965 2637 3037 qui
2671 2964 2968 3020 crediderit
3003 2964 3057 3018 in
3093 2980 3178 3027 eo,
3207 2981 3317 3019 non
3365 2962 3675 3018 confunde-

2084 3068 2196 3115 tur.
2241 3076 2365 3112 ι-ι
2390 3056 2703 3114 Pretiosum
2741 3076 2759 3109 ι
2794 3072 2887 3111 seu
2910 3056 3285 3111 Itonorabilrm
3315 3074 3333 3107 ι
3371 3055 3671 3110 vobiscre-

2087 3150 2377 3217 dentibus;
2412 3165 2524 3206 non
2549 3148 2903 3204 credentibus
2923 3156 3103 3203 autem
3143 3148 3376 3218 lapidem
3412 3145 3675 3201 offensio-

406 3264 427 3297 ι
451 3243 736 3299 ἀπειθοῦσι
762 3243 838 3307 δὲ,
875 3242 1022 3296 λίθον
1057 3240 1599 3312 προσκόμματοςσὸν
1612 3241 1757 3294 λίθον
1788 3239 1983 3294 ἀπεδο-

2091 3245 2221 3300 nis:
2264 3261 2285 3298 ι
2320 3257 2484 3314 quem
2530 3241 2764 3314 lapidem
2794 3241 3228 3310 reprobat-erunt
3287 3239 3512 3310 quidem
3543 3237 3675 3294 mdi-

396 3338 642 3408 κῐμασαν
707 3336 807 3406 μὲν
873 3336 921 3387 οί
983 3332 1414 3405 οἰκοδομοῦντες,
1500 3327 1656 3395 οὗτος
1716 3330 1774 3385 δὲ
1857 3331 1984 3398 ἐγε-

402 3432 536 3502 νήθη
565 3431 645 3492 εἰς
672 3429 915 3499 κεφαλὴν
944 3427 1169 3497 γωνίας,
1203 3445 1219 3478 ι
1268 3425 1554 3479 συνάπτων
1590 3424 1689 3490 μὲν
1726 3424 1852 3486 τοῦς
1888 3438 1983 3476 stt—

397 3526 783 3589 στεύονταςεξς
809 3523 991 3578 αὐτόν·
1026 3523 1138 3585 τοῖς
1166 3542 1185 3574 ι
1224 3518 1512 3574 ἀπειθοῦσι
1541 3517 1619 3582 δὲ,
1643 3517 1790 3579 λίθος
1820 3531 1986 3585 προσ-

393 3618 680 3688 κόμματος
698 3631 710 3644 ⁸
736 3618 786 3670 οἲ
816 3616 1222 3683 προσκόπτουσι
1250 3613 1328 3682 τῷ
1358 3611 1526 3681 λόγῳ,
1568 3630 1590 3663 τ
1617 3609 1859 3680 δηλονότι
1886 3606 1983 3662 τοῦ

394 3709 751 3778 Εὐαγγελίου,
792 3727 810 3760 ι
836 3710 917 3772 είς
939 3709 1074 3762 dmi.
1094 3708 1384 3775 ἐτέθησαν.
1414 3724 1431 3759 ι
1470 3703 1643 3759 Τοῦτο
1674 3704 1751 3767 δὲ.
1781 3721 1801 3757 ι
1832 3704 1929 3767 Εἰς
1955 3701 1986 3757 ὂ

396 3806 490 3858 καὶ
510 3802 796 3871 ἐτέθησαν,
821 3821 837 3852 ι
862 3802 961 3870 οὐχ
990 3801 1064 3862 ὡς
1084 3802 1192 3853 ἀπὸ
1216 3800 1312 3853 τοῦ
1328 3798 1463 3852 Θεοῦ
1484 3798 1701 3868 εἴρηται
1727 3799 1803 3859 είς
1826 3794 1986 3847 τοῦτο

394 3892 803 3963 ἀφωρισμένοις
829 3889 1073 3960 (οὐδεμία
1096 3889 1205 3958 γὰρ
1234 3888 1509 3950 ἀπωλείας
1537 3885 1686 3940 αἰτία
1708 3882 1860 3953 παρὰ
1886 3879 1982 3934 τοῦ

396 3985 604 4044 πάντας
616 3982 712 4034 ἀνθ
722 3979 932 4049 ρώπους
950 3980 1198 4043 θέλοντος
1213 3981 1453 4049 σωθῆναι
1470 3978 1499 4048 β
1506 3978 1639 4046 ρα6ε
1649 3974 1819 4044 ύεται)
1832 4017 1844 4033 ,
1872 3974 1984 4047 [ἀλ-

398 4079 465 4131 λά
484 4079 592 4139 τοῖς
624 4077 848 4136 ἑαυτοὺς
876 4092 894 4124 ι
921 4071 1089 4139 σκεύη
1119 4091 1138 4123 ι
1164 4069 1557 4139 κατηρτικόσιν
1579 4088 1596 4120 ι
1623 4067 1816 4138 ὀργῆς,
1849 4085 1868 4119 ι
1889 4066 1985 4118 xui.

395 4173 429 4240 ἠ
464 4168 712 4223 ἀπείθεια
743 4165 1174 4237 ἐπηκολούθησε,
1205 4165 1299 4216 καὶ
1326 4163 1406 4226 εἰς
1456 4163 1524 4234 ἢν
1558 4159 1985 4232 παρεσκεύασαν

400 4262 627 4324 ἑαυτοὺς
666 4260 821 4324 τάξιν
869 4256 1191 4328 ἐτέθησαν.]
1236 4256 1297 4309 El
1326 4254 1434 4326 γὰρ
1459 4254 1811 4321 αὐτεξούσιος
1843 4253 1986 4309 ὀᾶν-

400 4352 617 4422 θρωπος
648 4350 891 4419 γέγονεν,
919 4348 1013 4402 ἅτε
1040 4347 1265 4416 λογικῆς
1298 4345 1535 4415 φύσεως,
1560 4346 1657 4399 καὶ
1699 4347 1801 4420 οῦκ
1866 4344 1985 4403 ἐστι

402 4444 682 4514 βιάζεσθαι
715 4443 776 4495 τὸ
802 4441 1174 4505 αὐτεξούσιον,
1198 4443 1296 4494 οῦκ
1330 4439 1395 4493 ἂν
1426 4439 1598 4493 εἰκότι
1644 4438 1789 4507 λόγῳ
1840 4438 1984 4509 μέμ-

399 4536 563 4606 ψαιτό
591 4552 674 4597 τις
695 4534 951 4601 τοιαύτης
978 4534 1186 4603 λήξεως
1219 4530 1513 4598 ἀξιώσαντι
1540 4524 1843 4602 τοῦτον,.ἦς
1892 4530 1984 4584 διὰ
2013 4565 2059 4625 D

399 4627 508 4681 τῶν
537 4626 701 4680 αὐτοῦ
739 4626 915 4696 ἔργων
944 4625 1169 4687 ὀταῦτα
1213 4625 1420 4696 δράσας
1473 4622 1651 4694 ἐαυτῷ
1686 4620 1987 4695 ἐμνηστεύ-

402 4736 554 4775 σατο.
625 4737 641 4768 ι
666 4718 1089 4789 Ἀκρογωνιαῖος
1149 4716 1207 4769 δὲ
1261 4716 1407 4780 λίθος
1457 4734 1477 4769 ι
1513 4716 1728 4786 εἴρηται
1771 4715 1801 4768 ὁ
1850 4714 1989 4786 Χρι-

404 4812 549 4877 στὸς,
580 4812 653 4875 ὡς
673 4811 799 4873 τοὺς
830 4809 923 4862 δύο
959 4810 1173 4880 τοίχους
1227 4811 1352 4871 τοὺς
1403 4808 1495 4862 τὸν
1551 4826 1571 4860 ι
1618 4806 1987 4876 πνευματικὸν

402 4899 550 4957 οἶκον
583 4922 602 4954 ι
642 4900 1061 4966 ἀποτελοῦντας,
1093 4900 1211 4971 ἦτοι
1242 4900 1371 4961 τοὺς
1394 4897 1454 4962 ἐξ
1499 4897 1672 4951 ἐθνῶν
1700 4898 1797 4950 καὶ
1851 4897 1986 4951 ἰου-

400 4996 591 5061 δαίων,
622 4994 711 5047 διὰ
767 4996 867 5063 τῆς
899 4991 1094 5047 ἑαυτοῦ
1134 4992 1423 5046 συνάπτων
1476 4990 1716 5060 ἐπαφῆς,
1774 4989 1869 5045 καὶ
1906 4992 1987 5054 είς

408 5087 539 5157 μίαν
570 5084 886 5153 συσφίγγων
912 5082 1271 5152 ἀρμολογίαν,
1301 5081 1409 5135 τῶν
1443 5082 1538 5151 μὲν
1568 5082 1666 5144 τὰς
1688 5080 1992 5151 ἀνωφελεῖς

406 5178 688 5245 ἀφανίζων
720 5177 932 5239 θυσίας,
962 5175 1070 5228 τῶν
1100 5173 1154 5226 δὲ
1188 5175 1288 5243 τὴν
1343 5170 1671 5244 δαιμονιὼδη
1728 5172 1989 5229 δεισιδαι-

408 5268 600 5339 μονίαν
627 5265 939 5337 μετατιθεὶς
970 5266 1051 5329 είς
1072 5258 1382 5319 εύσέὅειαν.

482 5566 507 5604 ι
555 5547 749 5617 Ὑμεῖς
787 5546 865 5609 δὲ,
893 5545 1050 5614 γένος
1079 5544 1356 5610 ἐκλεκτὸν,
1378 5531 1643 5614 βασίλειον
1665 5542 1983 5614 ἱεράτευμα,

409 5640 559 5703 ἔθνος
593 5638 769 5707 ἅγιον,
802 5638 928 5701 λαὸς
944 5639 1024 5700 είς
1056 5636 1403 5707 περιποίησιν
1424 5649 1439 5664 ⁶
1473 5636 1621 5699 ὅπως
1653 5635 1750 5698 τὰς
1781 5634 1982 5706 ἀρετὰς

482 5866 530 5897 ³⁸
570 5864 584 5918 Ι
615 5863 758 5918 Tim.
795 5878 854 5928 ιι,
890 5859 943 5917 8.
1020 5863 1065 5898 ’τ
1094 5859 1252 5916 Rom.
1293 5875 1364 5922 ιχ,
1398 5859 1486 5913 35.

2091 3336 2345 3398 ﬁcantes,
2406 3333 2498 3387 hic
2557 3339 2740 3387 autem
2784 3330 2962 3387 factus
2995 3338 3080 3383 est
3122 3330 3174 3382 in
3212 3328 3608 3397 caputanguli,
3646 3346 3672 3380 ι

2086 3424 2427 3495 coniungens
2448 3420 2738 3478 credentes
2769 3420 2824 3475 in
2856 3420 3066 3490 ipsum:
3109 3437 3126 3471 ι
3185 3433 3290 3472 non
3318 3415 3677 3489 credentibus

2090 3527 2278 3573 autem
2328 3514 2475 3588 lapis
2502 3513 2843 3579 oﬂ‘ensionis,
2907 3511 3004 3584 qni
3040 3531 3059 3565 ι
3099 3509 3391 3566 oﬂ'cndunt
3448 3508 3671 3575 verbo,»

2088 3623 2287 3679 nempe
2315 3605 2620 3679 Evangelii,
2665 3626 2686 3659 ι
2748 3602 2806 3661 in
2836 3620 2945 3674 quo
2977 3612 3033 3658 et
3086 3602 3247 3673 positi
3310 3610 3461 3656 sunt.
3507 3618 3527 3652 ι
3558 3602 3680 3655 Hoc

2087 3709 2293 3763 autem,
2332 3716 2352 3750 ι
2379 3698 2442 3754 In
2466 3713 2577 3768 quo
2597 3705 2653 3752 et
2686 3697 2850 3767 positi
2878 3714 2897 3747 ι
2951 3709 3047 3749 seu
3109 3691 3396 3747 constituti
3433 3709 3453 3743 ι
3482 3701 3612 3747 sunt
3650 3709 3672 3743 ι

2090 3808 2195 3845 non
2231 3789 2438 3845 dictum
2472 3787 2753 3857 est,quasi
2784 3786 2821 3841 ii
2857 3801 2885 3840 a
2918 3785 3031 3839 Deo
3051 3783 3117 3838 ad
3146 3783 3248 3837 hoc
3274 3790 3458 3838 essent
3487 3796 3673 3849 segre—

2087 3882 2218 3952 gati,
2245 3895 2343 3936 seu
2374 3878 2756 3944 determinati;
2796 3877 2940 3933 Deus
2973 3878 3121 3931 enim
3153 3876 3243 3944 qui
3284 3894 3303 3925 ι
3343 3889 3537 3928 omnes
3575 3873 3676 3926 ho-

2089 3972 2267 4026 mines
2297 3969 2416 4024 vult
2449 3970 2634 4025 salvos
2687 3968 2805 4024 ﬁeri
2840 3968 2910 4033 ’⁸,
2958 3983 3124 4023 causa
3160 3965 3487 4039 perditionis
3520 3964 3673 4020 nullo

2088 4063 2252 4118 modo
2285 4077 2409 4118 esse
2436 4070 2618 4132 potest
2651 4078 2666 4117 :
2702 4062 2795 4118 sed
2829 4061 2956 4132 quia
2999 4060 3074 4113 illi
3114 4058 3442 4128 semetipsos
3485 4075 3505 4109 ι
3540 4073 3672 4112 vasa

2087 4154 2185 4208 ira:
2210 4170 2230 4204 ι
2257 4153 2688 4216 constituerunt,
2713 4159 2877 4220 atque
2899 4148 3193 4204 inﬁdelitas
3224 4145 3520 4203 subsecuta
3567 4154 3674 4209 cst,

2088 4245 2142 4301 in
2163 4260 2231 4301 eo
2264 4244 2484 4307 ordine,
2543 4258 2705 4315 quem
2754 4241 2859 4298 sibi
2920 4240 3058 4312 ipsis
3107 4249 3458 4311 paraverunt,
3512 4238 3675 4305 positi

2089 4347 2241 4393 sunt.
2276 4337 2334 4391 Si
2368 4338 2514 4392 enim
2547 4336 2719 4389 libero
2748 4334 2979 4389 arbitrio
3012 4333 3295 4403 praeditus,
3345 4340 3536 4401 utpote
3588 4345 3677 4384 ra-

2089 4428 2311 4484 tionalis
2337 4438 2569 4492 natum,
2600 4424 2782 4481 factus
2802 4434 2889 4480 est
2934 4425 3119 4490 homo,
3146 4423 3211 4478 ad
3253 4422 3397 4491 quod
3440 4423 3681 4478 liberum

2090 4528 2196 4586 est,
2216 4520 2266 4575 ei
2290 4518 2552 4575 violentia
2586 4516 2780 4572 inferri
2832 4531 2943 4570 non
2996 4524 3197 4584 potest,
3230 4513 3476 4584 profecto
3523 4515 3684 4569 nullo.

2084 4609 2210 4679 jure
2240 4610 2369 4679 quis
2392 4624 2518 4665 eum
2551 4609 2822 4678 culparet,
2855 4606 2945 4677 qui
2981 4606 3073 4661 tali
3112 4605 3264 4660 illum
3319 4613 3469 4660 sorte
3496 4603 3675 4660 dona-

2084 4702 2184 4767 vit,
2224 4702 2439 4772 qualem
2504 4701 2554 4756 is
2594 4700 2859 4771 cperibus
2924 4698 3261 4768 sibimetipsi
3311 4698 3682 4768 comparavit.

2092 4812 2111 4845 ‹
2144 4792 2411 4848 Summus
2451 4810 2471 4844 ι
2511 4801 2693 4846 autem
2760 4809 2778 4841 ι
2817 4789 3096 4861 angularis
3128 4788 3266 4858 lapis
3317 4806 3336 4840 ι
3381 4788 3561 4844 dictus
3592 4799 3678 4846 est

2088 4886 2365 4950 Christus,
2384 4884 2585 4954 quippe
2613 4882 2705 4953 qui
2725 4881 2863 4937 duos
2882 4882 3139 4951 parietes,
3160 4880 3251 4950 qui
3281 4899 3299 4932 ι
3328 4880 3681 4950 spiritualem

2088 4980 2311 5036 domum
2355 4995 2374 5029 ι
2424 4976 2790 5040 constituunt,
2816 4990 3014 5044 nempe
3070 4989 3240 5028 unum
3271 4987 3340 5031 ex
3392 4971 3677 5043 gentibus,

2089 5085 2154 5126 ex
2189 5068 2398 5125 Iudaeis
2431 5068 2689 5130 alterum,
2742 5079 2844 5121 suo
2880 5064 3158 5135 copulavit
3206 5068 3480 5128 contactu,
3510 5073 3564 5117 et
3614 5064 3675 5118 in

2089 5162 2282 5216 eadem
2318 5160 2504 5214 cultus
2558 5158 2770 5211 ratione
2838 5156 3146 5227 conjunxit,
3207 5155 3400 5209 horum
3453 5153 3674 5225 quidem

2093 5251 2311 5306 inutilia
2374 5249 2650 5318 abrogatis
2701 5248 2996 5313 sacriﬁcia,
3026 5246 3245 5302 illorum
3287 5258 3419 5301 vero
3468 5244 3673 5299 damo-

2098 5347 2308 5401 niacam
2343 5342 2794 5416 superstitionem
2824 5342 2878 5398 in
2920 5356 3103 5398 veram
3135 5340 3391 5410 pietatem
3417 5351 3669 5393 commu-

2093 5445 2239 5492 tans.

2161 5554 2323 5609 Vens.
2365 5554 2398 5609 9
2433 5554 2520 5609 lt).
2549 5571 2569 5605 ι
2604 5550 2714 5608 Vos
2745 5562 2925 5607 autem
2976 5563 3149 5619 genus
3179 5547 3438 5609 electum,
3486 5541 3671 5615 regale

2089 5642 2487 5709 sacerdotium,
2533 5654 2675 5712 gens
2718 5651 2935 5707 sancta,
2970 5639 3206 5711 populus
3257 5634 3667 5709 acquisitlenis,

1599 5860 1644 5891 ”
1677 5858 1867 5915 lTim.
1909 5875 1952 5926 1,
1990 5860 2075 5917 16.
