4120 6450
448 472 578 540 1211
662 472 667 479 ’
1333 474 1905 534 ΤΗΕΟΡΗΥΙΛΕΤΙ
1946 473 2035 534 BU

2138 475 2353 534 lARl/E
2376 476 2735 536 ARClIlEP.
3550 476 3699 541 121‘2

449 599 512 643 ut
530 588 757 642 virtutes
775 568 1108 640 annuntietis
1127 585 1266 654 ejus,
1286 586 1379 655 qui
1393 587 1459 639 de
1477 584 1715 639 tenebris
1738 599 1835 638 vos
1855 596 2014 636 voea-

2138 584 2462 654 ηξαγγείλητε
2491 585 2586 638 τοῦ
2621 587 2685 639 ἐκ
2716 586 2939 649 σκότους
2973 568 3116 657 ὑμᾶς
3143 587 3472 652 καλέσαντος
3516 590 3594 652 εἱς
3628 591 3704 644 τὺι

451 681 530 733 vit
559 680 614 733 in
655 676 973 732 admirabile
1006 679 1182 731 lnmcn
1214 692 1393 731 suum.
1431 676 1534 742 Qui
1566 674 1861 745 aliquando
1896 689 2005 728 non

2138 676 2422 743 laupaa-cbv
2438 675 2605 729 αὐτοῦ
2636 677 2769 745 φῶς.
2805 680 2870 730 Οἱ
2899 679 3026 731 ποτὲ
3048 680 3109 732 οὐ
3140 679 3287 743 λαὸς,
3346 681 3441 734 νῦν
3473 682 3530 734 δὲ
3563 683 3690 745 λαὸς

449 768 701 838 populus,
730 783 876 822 nunc
903 777 1084 822 autem
1113 768 1343 836 populus
1370 767 1459 821 Dei
1496 784 1509 821 :
1546 765 1640 835 qui
1679 782 1784 819 non
1816 780 2012 820 conse-

2138 766 2244 819 9εοῦ
2271 783 2286 797 ·
2311 767 2360 820 οἱ
2383 769 2482 820 οὐκ
2511 768 2643 838 ὴλεη
2655 768 2824 837 μένοι,
2853 769 2946 820 νῦν
2973 770 3028 822 δὲ
3059 770 3389 838 ἐλεηθέντες.
3430 789 3448 821 ι
3490 772 3693 825 Διαϐα-

450 862 558 915 cuti
611 860 1065 921 misericordiam,
1138 874 1281 913 nunc
1337 867 1519 912 autem
1580 858 2011 913 misericordiam

2138 858 2219 910 ,ὼν
2252 858 2351 928 τὴν
2378 859 2486 912 τῶν
2530 859 2900 914 ἀπειθούντων
2963 863 3361 931 κακοτροπίαν,
3418 864 3516 917 καὶ
3544 865 3695 927 ὅπως

451 951 755 1005 consecuti.
790 968 811 1002 ι
850 949 1145 1018 Postquam
1179 964 1287 1002 non
1318 949 1656 1004 credentium
1712 948 2011 1017 nequitiam

2138 949 2268 1002 ιύτοὶ
2292 950 2505 1012 ἑαυτοῖς
2532 953 2872 1021 κατέστησαν
2899 955 3062 1006 αἴτιοι
3093 954 3393 1017 ἀπειθείας,
3413 954 3508 1007 νῦν
3526 973 3697 1024 μεταο

448 1041 751 1096 inscctatus
778 1047 878 1103 est,
899 1055 1152 1095 asserens
1175 1055 1270 1095 eos
1288 1040 1646 1110 sibimetipsis
1682 1040 2017 1096 inlldelitatis

2138 1037 2289 1091 ἰαίνει
2317 1037 2456 1105 πρὸς
2483 1036 2705 1091 ἔπαινον
2735 1037 2845 1091 τῶν
2870 1039 3334 1108 κατωρθωκότων,
3378 1039 3474 1093 καί
3505 1056 3691 1110 φησιν,

451 1146 671 1187 causam
689 1131 858 1186 fuisse
890 1148 905 1185 :
940 1146 1085 1186 nunc
1108 1136 1175 1186 ad
1194 1145 1406 1197 eorum,
1438 1132 1530 1201 qui
1564 1142 2019 1201 rectegesserunt

2138 1132 2197 1182 in
2234 1147 2254 1180 ‹
2297 1130 2484 1198 Ὑμεῖς
2515 1149 2534 1182 ι
2583 1132 2631 1183 οἱ
2673 1130 3120 1201 κατωρθωκότες,
3165 1149 3183 1182 ι
3222 1129 3380 1193 γένος
3418 1129 3693 1193 ἐκλεκτὸν,

452 1222 667 1276 laudem
700 1238 1008 1278 sermonem
1039 1224 1333 1288 convertit,
1357 1225 1543 1294 aitque
1574 1241 1588 1278 :
1643 1242 1661 1275 ι
1696 1226 1829 1291 Vos,
1864 1244 1886 1278 ι
1923 1226 2016 1295 qui

452 1322 599 1371 recte
628 1314 895 1385 gessistis,
932 1333 951 1366 ι
994 1331 1167 1385 genus
1205 1335 1222 1368 ι
1251 1317 1382 1372 estis
1422 1336 1440 1368 ι
1468 1317 1725 1382 electum,
1755 1332 1819 1373 ac
1842 1319 2019 1388 regale

451 1408 852 1471 sacerdotium;
893 1426 913 1459 ι
956 1410 1112 1477 quasi
1134 1408 1338 1463 diceret
1377 1428 1390 1462 :
1422 1410 1502 1463 [lli
1547 1409 1764 1479 quidem
1800 1422 2021 1480 propter

450 1496 801 1557 duritiem,et
822 1497 1199 1553 inﬁdelitatem
1221 1513 1374 1551 suam
1398 1517 1417 1549 ι
1443 1499 1786 1568 itnpegerunt
1808 1498 1863 1553 in
1883 1498 2023 1567 lapi-

451 1588 574 1641 dem
594 1587 959 1653 angularem,»
985 1597 1038 1641 at
1067 1604 1174 1642 non
1193 1588 1354 1642 simul
1372 1603 1494 1642 cum
1518 1588 1636 1657 ipso
1657 1589 1708 1642 in
1727 1589 2019 1645 aedilicium

454 1678 859 1731 coalueruntu
888 1678 997 1733 Vos
1025 1696 1043 1729 ι
1079 1685 1258 1741 autem
1284 1687 1504 1749 propter
1520 1679 1676 1751 361
1709 1681 2019 1737 ﬁdelitatem

454 1776 510 1822 et
542 1767 906 1822 obedientiam
937 1768 1254 1825 coaadilicati
1277 1771 1410 1825 estis
1431 1770 1484 1824 in
1519 1789 1538 1822 ι
1564 1774 1744 1843 regale
1763 1774 2025 1828 sacerdo-

459 1859 592 1910 tium
628 1877 647 1909 ι
679 1858 825 1913 velut
857 1877 876 1911 ι
900 1876 1072 1929 genus
1096 1861 1346 1925 electum,
1370 1862 1546 1918 »νεΙυι
1570 1883 1588 1914 ι
1613 1879 1750 1933 gens
1770 1875 2015 1920 sancta.»

2118 1220 2388 1291 βασίλειον
2412 1221 2712 1292 ἱεράτευμα
2741 1236 2756 1252 ο
2792 1240 2811 1273 ι
2846 1221 3034 1291 ῶσπερ
3098 1225 3146 1276 εἱ
3204 1222 3389 1290 ἔλεγεν
3417 1239 3431 1253 ·
3465 1221 3695 1275 Ἐκεῖνοι

2121 1311 2220 1382 μὲν
2248 1312 2336 1366 διὰ
2359 1312 2708 1385 σκληρότητα
2738 1313 2834 1366 καὶ
2854 1313 3141 1366 ἀπείθειαν
3175 1331 3195 1365 ι
3232 1312 3582 1383 προσέκοψαν
3613 1310 3697 1381 τῷ

2118 1405 2517 1475 ἁκρογωνιαίῳ,
2556 1424 2574 1457 ι
2615 1405 2819 1460 ἀλλ’ού
2857 1405 3405 1477 συνῳκοδομήθησαν.
3435 1425 3455 1457 ι
3507 1404 3698 1477 Ὑμεῖς

2118 1492 2176 1546 δὲ
2212 1512 2230 1545 ι
2258 1493 2323 1546 δι’
2356 1494 2673 1549 εὐπείθειαν
2704 1496 3187 1568 συνῳκοδομήθητε
3220 1499 3301 1562 εἰς
3366 1517 3385 1549 ι
3419 1498 3707 1568 βασίλειον

2122 1582 2457 1655 ἱεράτευμα,
2501 1603 2520 1635 ι
2578 1586 2654 1646 ὡς
2722 1605 2741 1638 ι
2783 1588 2939 1655 γένος
2989 1587 3265 1654 ἐκλεκτὸν,
3300 1606 3319 1639 ι
3352 1589 3429 1651 ὡς
3488 1605 3510 1640 ι
3549 1587 3699 1650 ἔθνος

2122 1672 2299 1740 ἅγιον.
2334 1693 2353 1726 ι
2405 1675 2552 1745 Πλὴν
2604 1674 2695 1730 ἵνα
2722 1676 2797 1747 μὴ
2851 1676 2929 1747 τῷ
2982 1678 3224 1746 περιττῷ
3250 1677 3460 1747 ἐπαὶνῳ
3498 1677 3704 1747 ὲκλύσῃ

2123 1765 2342 1833 αὐτοὺς,
2387 1765 2562 1830 ἄλλως
2583 1783 2643 1819 τε
2673 1767 2767 1820 καὶ
2800 1766 2887 1820 ἴνα
2932 1767 3006 1838 μὴ
3050 1767 3516 1840 ἀποκληρωτικῶς
3540 1767 3705 1833 δόξω-

2127 1873 2210 1911 σιν
2227 1857 2369 1927 ἕχειν
2397 1859 2459 1912 τὸ
2487 1876 2505 1909 ι
2531 1857 2685 1925 ἅγιον
2712 1856 2886 1921 ἔθνος.
2922 1875 2943 1910 ι
2985 1860 3078 1912 καὶ
3099 1860 3197 1913 ὅσα
3226 1858 3487 1927 ἐξῆς,καὶ
3502 1858 3582 1911 ὅτι
3614 1856 3704 1911 διὰ

458 1949 712 2004 Attamen
741 1965 807 2003 ne
831 1950 999 2004 nimia
1034 1951 1193 2007 laude
1216 1969 1413 2023 segnes
1445 1969 1539 2009 eos
1577 1955 1848 2020 redderet,
1884 1973 2021 2012 neve

2138 1947 2296 2001 τὸτοῦ
2338 1948 2593 2020 Ἀϐραὰμ
2622 1949 2780 2018 γένος
2805 1948 2945 2004 εἶναι
2977 1952 3073 2005 καὶ
3126 1950 3398 2020 μηδέποτε
3466 1948 3705 2020 προσκό-

461 2047 733 2106 putarent,
751 2040 892 2109 quod
914 2057 1006 2111 per
1026 2041 1389 2098 hmreditatetn
1414 2043 1803 2101 haberentesse
1822 2062 2024 2116 «genus

458 2141 727 2198 sanetum,
756 2150 775 2184 ι
807 2140 941 2198 etc.,
970 2146 1024 2189 et
1052 2137 1196 2204 quod
1244 2144 1395 2192 tanto
1441 2136 1631 2193 donati
1679 2150 1864 2194 essent
1923 2141 2023 2195 ho-

462 2236 596 2276 nore
652 2233 934 2292 prapterea
985 2228 1130 2294 quod
1181 2236 1366 2283 essent
1419 2245 1590 2299 genus
1649 2232 1906 2294 Abrahae.
1972 2239 2027 2286 et

463 2328 738 2383 nunquam
763 2314 1118 2388 impegissent
1147 2334 1164 2375 :
1198 2327 1256 2373 ut
1281 2321 1568 2377 elationem
1628 2338 1816 2380 eorum
1851 2327 2030 2397 repri-

463 2416 654 2486 meret,
696 2409 883 2465 subdit
916 2410 1135 2469 :Nolite
1171 2425 1393 2485 propter
1436 2433 1610 2487 genus
1636 2421 1926 2490 magniﬁce
1960 2424 2029 2479 de

463 2499 618 2555 vobis
654 2500 896 2556 sentire:
931 2519 1042 2558 non
1083 2505 1227 2559 enim
1260 2515 1480 2576 prepter
1508 2508 1780 2564 Abraham
1804 2512 1855 2565 in
1896 2532 1914 2563 ι
1942 2530 2028 2567 re-

463 2590 581 2657 gale
602 2590 964 2646 sacerdotium
1004 2613 1022 2646 ι
1058 2594 1211 2649 electi
1242 2599 1422 2652 estis:
1464 2600 1557 2669 qui
1614 2600 1758 2654 enim
1809 2602 1865 2657 in
1912 2604 2029 2672 ipso

465 2681 712 2748 prognati
741 2690 890 2746 sunt,
909 2685 1275 2740 sacerdotium
1315 2702 1344 2743 a
1377 2689 1523 2759 regia
1549 2689 1815 2761 dignitate
1843 2709 2031 2750 secre-

465 2780 575 2827 tum
599 2770 838 2828 habuere
870 2789 885 2827 :
914 2788 1022 2829 non
1046 2776 1212 2846 igitur
1237 2788 1460 2849 propter
1476 2781 1749 2836 Abraham
1777 2799 1874 2840 vos
1897 2787 2032 2842 estis

470 2881 492 2918 ι
533 2880 666 2933 gens
695 2874 906 2934 saneta,
934 2874 987 2922 et
1015 2884 1187 2938 genus
1226 2870 1460 2926 electum
1524 2881 1578 2926 et
1613 2874 1666 2928 in
1718 2877 1898 2946 regale
1948 2892 2034 2932 sa-

466 2954 767 3009 cerdotium
806 2976 826 3008 ι
871 2960 1138 3028 segregati
1167 2977 1188 3027 ;
1216 2961 1308 3016 sed
1335 2971 1557 3033 propter
1581 2963 1881 3031 Christum,
1939 2967 2032 3035 qui

465 3056 520 3098 et
560 3064 578 3096 ι
618 3046 885 3111 Sacerdos
919 3051 1219 3105 secundmn
1243 3052 1491 3107 ordinem
1519 3055 1919 3111 Melchisedech
1954 3058 2028 3110 ’⁵)

470 3135 648 3191 dictus
666 3147 771 3203 est,
799 3147 851 3192 ct
876 3158 893 3189 ι
916 3137 1029 3193 Rex
1056 3145 1591 3212 mansuetus,justus
1609 3145 1995 3202 etSalvator”.
2012 3166 2030 3198 ι

469 3224 546 3280 Ex
582 3227 699 3297 ipso
732 3229 896 3298 igitur
923 3231 1011 3299 qui
1043 3240 1330 3305 utramque
1356 3239 1768 3306 praerogativam
1822 3239 2033 3304 habuit,

474 3333 494 3365 c
532 3315 644 3371 Vos
679 3336 697 3367 ι
722 3328 915 3373 saneto
945 3323 1169 3389 regeniti
1196 3322 1522 3394 baptismate
1586 3336 1639 3379 et
1675 3344 1693 3377 ι
1719 3342 1891 3395 genus
1934 3328 2037 3383 ele-

467 3416 636 3469 ctum,
671 3421 724 3465 et
763 3413 943 3484 regale
972 3415 1335 3471 saterdotium
1362 3435 1381 3470 ι
1443 3419 1831 3476 convenienter
1855 3420 2040 3492 appel-

470 3499 679 3555 lamini.
700 3501 815 3556 [loc
843 3513 1023 3558 autem
1045 3514 1215 3559 totum
1242 3506 1455 3562 habetis
1472 3511 1849 3566 misericordia
1867 3514 2036 3577 illius,

477 3611 496 3644 ι
544 3594 636 3662 qui
667 3595 733 3649 de
762 3597 1004 3652 tenebris
1039 3614 1133 3653 vos
1175 3601 1390 3655 vocavit
1415 3602 1465 3656 in
1495 3604 1814 3660 admirabile
1854 3607 2038 3660 lumen

470 3699 652 3739 suum.
694 3704 713 3737 ›
774 3686 1136 3753 Quamobrem
1177 3708 1272 3760 per
1302 3709 1466 3762 opera
1525 3694 1664 3751 lucis
1699 3696 1819 3751 aliis
1868 3698 2042 3754 homi-

474 3773 636 3829 nibus
659 3775 890 3831 virtutes
921 3776 1039 3846 t'jllS
1076 3788 1231 3835 notas
1288 3781 1473 3838 facile.
1510 3782 1626 3838 lloe
1671 3785 1913 3856 quidem,
1958 3788 2043 3842 in-

474 3864 613 3933 quit,
638 3881 702 3919 ex
746 3866 906 3936 hujus
935 3868 1268 3939 benignitate
1298 3871 1510 3928 habetis
1545 3891 1558 3926 :
1598 3876 2040 3947 quandoquidem

474 3954 606 4009 illud
640 3955 692 4008 in
725 3972 821 4010 vos
851 3957 1085 4026 quadrat
1133 3974 1147 4013 :
1189 3978 1208 4010 ι
1267 3958 1509 4030 Populus
1550 3981 1568 4012 ι
1621 3963 1777 4027 estis,
1809 3966 1902 4033 qui
1943 3965 2046 4019 ali-

472 4048 694 4119 quando
726 4066 744 4100 ι
782 4065 892 4104 ηοη
925 4051 1158 4120 pupulas
1199 4069 1221 4102 ι
1260 4062 1315 4107 et
1346 4052 1506 4108 modo
1544 4071 1563 4105 ι
1602 4056 2043 4110 misericordiam

473 4142 778 4207 consecuti,
823 4160 841 4195 ι
878 4143 973 4213 ’qui
1004 4144 1131 4199 olim
1178 4164 1197 4197 ι
1233 4146 1664 4202 misericordiam
1714 4164 1823 4203 non
1850 4164 2047 4202 conse-

475 4232 606 4286 cuti.
646 4251 665 4284 )
709 4231 778 4287 Ut
805 4242 985 4288 autem
1026 4237 1209 4292 minus
1234 4237 1342 4293 illis
1383 4246 1674 4294 nzolestum
1732 4253 2043 4295 sermonem

477 4336 640 4374 suum
681 4321 953 4386 redderet,
1006 4323 1477 4390 exprobrationem
1525 4325 1708 4379 verbis
1744 4325 1885 4381 Osee
1924 4340 2048 4394 pro-

476 4408 654 4479 phetae
690 4410 992 4465 contexuit.
1047 4409 1214 4482 igitur
1270 4428 1364 4482 per
1413 4415 1554 4469 bona
1607 4429 1771 4481 opera
1817 4408 2048 4469 virtutes

477 4500 819 4555 annuntiate.
847 4501 964 4567 Qua
993 4517 1121 4556 vero
1151 4505 1364 4559 ratione
1410 4508 1735 4559 annuntiare
1783 4519 1877 4560 eas
1926 4519 2051 4573 pos-

2126 2039 2250 2108 ψαι,
2300 2038 2506 2109 ταύτης
2559 2040 2876 2112 ἠξιώθησαν
2916 2042 3013 2112 τῆς
3049 2042 3237 2111 τιμῆς,
3283 2041 3477 2109 ὲπάγει
3541 2057 3707 2095 κατα-

2129 2129 2364 2183 στέλλων
2395 2130 2577 2185 αὐτῶν
2597 2130 2657 2185 τὺ
2690 2132 2970 2203 φρόνημα,
2997 2132 3091 2187 καί
3120 2149 3307 2203 φησιν,
3333 2134 3415 2186 ὅτι
3448 2132 3538 2201 Μὴ
3565 2132 3709 2202 μέγα

2127 2222 2220 2274 ἐπὶ
2269 2221 2346 2291 τῷ
2394 2221 2543 2291 γένει
2601 2225 2869 2294 φρονεῖτε.
2919 2223 2993 2277 Οὐ
3055 2224 3163 2295 γὰρ
3209 2224 3298 2277 διὰ
3337 2222 3709 2292 τονἈϐραὰμ

2131 2311 2416 2381 ἐξελέγητε
2470 2315 2551 2377 εἱς
2628 2332 2646 2364 ι
2687 2312 2959 2383 βασίλειον
3019 2314 3323 2385 ἱεράτευμα
3358 2331 3371 2344 ·
3419 2332 3437 2366 t
3501 2314 3551 2367 οἱ
3600 2314 3713 2386 γὰρ

2128 2402 2188 2465 ἐξ
2208 2402 2369 2454 αὑτοῦ
2400 2402 2754 2471 προελθόντες
2781 2403 3174 2473 διεσταλμένην
3199 2402 3343 2475 εἱχον
3402 2404 3500 2474 τὴν
3561 2404 3710 2475 ἱερα-

2128 2494 2278 2545 τείαν
2313 2494 2445 2563 πρὸς
2476 2494 2574 2564 τὴν
2606 2493 2903 2563 βασίλειαν.
2925 2495 2997 2548 Οὐ
3028 2495 3114 2548 διὰ
3136 2496 3226 2547 τὸν
3297 2494 3548 2566 Ἀϐραὰμ
3599 2497 3711 2547 τοί-

2130 2602 2224 2637 νυν
2252 2603 2271 2636 ι
2302 2583 2452 2647 ἔθνος
2486 2604 2504 2636 ι
2533 2585 2656 2637 ἐστὲ
2691 2603 2709 2636 ι
2767 2587 2921 2653 ἆγιον
2961 2604 2978 2636 ι
3010 2587 3102 2639 καὶ
3142 2605 3158 2637 ι
3196 2587 3351 2653 γένος
3383 2585 3658 2650 ὲκλεκτζν,
3685 2603 3707 2637 a

2129 2677 2223 2727 καὶ
2252 2676 2331 2737 είς
2377 2694 2395 2725 ι
2432 2670 2702 2743 βασίλειον
2730 2676 3034 2748 ἱεράτευμα
3063 2696 3080 2728 ι
3119 2679 3515 2747 άφωρισμένοι,
3574 2678 3725 2731 ἀλλὰ·

2131 2766 2218 2819 διὰ
2251 2766 2507 2834 Χριστὸν,
2545 2766 2716 2829 ὅςκαὶ
2745 2786 2764 2820 ι
2826 2769 3031 2839 ’ἱερεὺς
3069 2770 3210 2823 κατὰ
3237 2769 3333 2841 τὴν
3390 2770 3542 2835 τάξιν
3566 2770 3713 2824 Μελ-

2134 2859 2388 2928 χισεδὲκ»
2424 2861 2823 2930 κεχρημάτικε,
2878 2862 2976 2913 καὶ
3013 2881 3032 2912 ι
3076 2861 3342 2923 Βασιλεὺς
3391 2860 3592 2932 πραῢς.
3637 2862 3716 2914 δί-

2135 2967 2308 3014 καιος,
2342 2952 2431 3004 καὶ
2468 2951 2676 3016 σώζων.
2716 2965 2735 3004 ι
2765 2952 3045 3019 ’1-1ξαὺτοῦ
3076 2955 3253 3008 τοίνυν
3287 2953 3382 3007 τοῦ
3424 2953 3492 3007 τὰ
3538 2955 3718 3023 ἀμφό-

2134 3060 2268 3113 τερα
2296 3043 2590 3112 ἐσχηκότος
2620 3042 2709 3097 διὰ
2734 3044 2827 3095 τοῦ
2865 3044 3020 3111 ἁγίου
3043 3044 3499 3116 ἀναγεννηθέντες
3527 3044 3720 3113 βαπτί-

2141 3150 2364 3204 σματος,
2392 3134 2613 3197 εἰκότως
2642 3135 2737 3188 καὶ
2770 3153 2788 3184 ι
2828 3135 2982 3202 γένος
3037 3136 3293 3189 ἐκλεκτὸν
3330 3155 3348 3187 ι
3385 3137 3716 3207 χρηματίζε-

2140 3242 2220 3291 τε,
2256 3226 2350 3277 καὶ
2379 3224 2680 3295 ιβασίλειον
2713 3226 3031 3298 ἱεράτευμα.
3063 3246 3083 3279 ι
3119 3226 3289 3281 Τοῦτο
3308 3227 3367 3281 δὲ
3397 3227 3529 3296 ἐλέῳ
3550 3226 3713 3281 αύτοῦ

2145 3334 2163 3367 ι
2192 3316 2287 3370 τοῦ
2315 3317 2642 3381 καλέσαντος
2662 3319 2808 3390 ὑμᾶς
2840 3337 2858 3373 ι
2883 3319 3067 3389 ἔχετε»
3091 3321 3155 3374 ἐκ
3186 3320 3409 3384 σκότους
3429 3322 3509 3384 εἱς
3523 3321 3581 3373 τὸ
3594 3320 3725 3374 θαυ-

2142 3409 2343 3481 μαστὸν
2367 3409 2533 3465 αὑτοῦ
2557 3411 2695 3482 φῶς.
2736 3430 2756 3466 ι
2790 3409 2882 3466 Διὸ
2913 3410 3003 3466 διὰ
3032 3411 3142 3466 τῶν
3182 3412 3279 3465 τοῦ
3326 3412 3501 3480 φωτὸς
3540 3412 3714 3480 ἔργων

2139 3502 2250 3563 τοῖς
2273 3500 2451 3563 ἄλλοις
2479 3499 2787 3571 ἀνθρώποις
2818 3502 3173 3571 ὲξαγγέλλετε
3208 3503 3306 3566 τὰς
3353 3502 3554 3573 ἀρετὰς
3614 3504 3716 3555 αύ-

2138 3589 2256 3645 τοῦ.
2289 3591 2457 3643 Τοῦτο
2495 3590 2616 3661 μὲν,
2653 3594 2843 3661 φησὶν,
2884 3596 2949 3647 ὲκ
2978 3597 3077 3665 τῆς
3103 3596 3312 3647 ἐκείνου
3347 3596 3497 3665 ἔχετε
3529 3595 3721 3665 φιλαν-

2149 3680 2396 3752 θρωπίας
2441 3698 2454 3713 ’
2485 3682 2629 3745 ἐπεὶ,
2670 3683 2730 3735 τό
2767 3700 2830 3751 γε
2854 3688 2933 3747 εἰς
2965 3685 3108 3754 ὑμᾶς
3134 3682 3288 3757 ἧκον,
3326 3705 3345 3736 ι
3382 3686 3508 3749 λαός
3534 3704 3554 3738 ι
3598 3686 3722 3739 ἐστε

2151 3791 2170 3823 ι
2203 3773 2252 3824 οἱ
2279 3771 2410 3824 ποτε
2469 3772 2527 3824 ού
2562 3771 2712 3841 λαὸς,
2744 3774 2838 3827 καὶ
2863 3775 3176 3845 ἠλεημένοι,
3214 3779 3264 3828 οἱ
3318 3777 3418 3829 οὐκ
3481 3778 3722 3846 ἠλεημέ-

2144 3879 2250 3917 νοι.
2287 3880 2304 3913 ι
2341 3862 2843 3936 Ἀνεπαχθέστερον
2870 3865 2927 3920 δὲ
2960 3866 3052 3921 τὸν
3074 3867 3228 3935 λόγον
3251 3868 3441 3932 ποιῶν,
3467 3868 3527 3932 ἐξ
3566 3868 3726 3937 Ὠσηὲ

2146 3953 2428 4008 πιστοῦται
2459 3955 2550 4011 τὸν
2594 3955 2751 4023 λόγον
2804 3957 2897 4011 τοῦ
2948 3958 3276 4028 όνειδισμοῦ,
3343 3959 3724 4027 Ἐξαγγέλλετε

2144 4047 2441 4118 τοιγαροῦν
2467 4048 2536 4102 δι’
2569 4048 2939 4119 ἁγαθοεργίας
2976 4053 3075 4113 τὰς
3109 4052 3309 4120 ἀρετὰς
3362 4048 3547 4103 αὑτοῦ.
3600 4049 3727 4113 Πῶς

2146 4138 2202 4190 δὲ
2226 4138 2679 4207 ἐξαγγέλλουσιν;
2714 4140 2887 4203 Αὐτὸς
2920 4142 2947 4193 ὁ
2978 4141 3180 4212 Κύριος
3223 4140 3487 4206 διδάσκει,
3537 4140 3604 4194 δι’
3650 4134 3726 4195 ὧν

2147 4248 2311 4299 φησιν
2336 4248 2349 4261 ·
2403 4250 2420 4281 ι
2451 4230 2609 4284 Οὕτω
2648 4230 2920 4302 λαμψάτω
2970 4232 3031 4285 τὸ
3072 4233 3189 4301 φῶς
3246 4234 3372 4302 ὑμῖν
3417 4231 3727 4302 ἔμπροσθεν

2146 4320 2254 4375 τῶν
2292 4319 2617 4392 ἀνθρώπων,
2652 4322 2801 4385 ὅπως
2837 4321 2989 4375 ἴδωσι
3034 4322 3102 4376 τὰ
3149 4324 3288 4376 καλά
3354 4322 3507 4388 ὑμῶν
3567 4322 3727 4393 ἔργα.

2154 4413 2251 4466 καὶ
2284 4412 2552 4480 δοξάσωσι
2577 4413 2666 4467 τὸν
2696 4414 2914 4484 Πατέρα
2951 4415 3108 4483 ὑμῶν
3170 4413 3264 4466 τὸν
3303 4414 3360 4466 ὲν
3408 4416 3520 4477 τοῖς
3565 4414 3729 4484 ούρα-

2150 4505 2281 4568 νοὶς.
2321 4523 2341 4555 ι
2367 4537 2435 4545 —
2474 4524 2492 4556 ι
2518 4504 2662 4568 Aab;
2681 4505 2738 4559 δὲ
2764 4506 2842 4569 εἰς
2868 4505 3238 4575 περιποίησιν,
3278 4522 3296 4554 ι
3340 4503 3461 4579 άντὶ
3494 4504 3611 4569 τοῦ,
3649 4506 3729 4566 εἰς

477 4594 612 4657 sint,
635 4591 853 4648 edocuit
887 4593 1145 4650 Dominus
1180 4611 1303 4650 cum
1333 4595 1407 4649 ait
1439 4598 1480 4627 "
1511 4615 1524 4649 :
1555 4614 1574 4646 ι
1632 4595 1723 4651 Sic
1747 4597 1924 4650 luceat
1958 4598 2035 4652 Iut

2155 4598 2369 4666 κτῆσιν,
2398 4598 2517 4669 ἦτοι
2543 4601 2623 4662 είς
2654 4598 3036 4669 κληρονομίαν,
3086 4597 3293 4660 Πάντες
3352 4597 3451 4667 μὲν
3480 4598 3587 4668 γὰρ
3616 4597 3735 4650 κτί-

478 4691 663 4737 vestra
710 4697 895 4737 coram
951 4684 1293 4747 hominibus,
1328 4694 1384 4738 ιιι
1416 4686 1633 4738 videant
1664 4700 1831 4755 opera
1862 4693 2042 4740 vestra

478 4774 643 4839 bona,
680 4786 734 4828 et
762 4774 1063 4843 gloriﬁcent
1118 4775 1332 4830 Patrem
1385 4784 1648 4841 vestrum,
1694 4777 1785 4845 qui
1819 4778 1870 4830 in
1900 4776 2052 4832 cmlis

2153 4706 2266 4759 σμα
2291 4689 2429 4743 Θεοῦ
2467 4707 2482 4721 ’
2521 4690 2707 4759 κτῆμα
2740 4689 2817 4756 δὲ,
2845 4693 2999 4760 μόνοι
3035 4689 3187 4743 atate
3214 4690 3312 4759 τῆς
3353 4689 3558 4743 ἑαυτῶν
3594 4691 3733 4758 ἀγα-

2160 4778 2413 4850 θοεργίας
2434 4780 2624 4833 τούτου
2653 4780 2966 4851 ἠξιωμένοι.

478 4873 584 4921 est.
624 4882 783 4918 ι-ι
819 4864 1059 4934 Populus
1092 4876 1272 4920 autem
1320 4865 1723 4934 acquisitionis,
1767 4885 1785 4917 ι
1839 4867 1895 4921 id
1958 4877 2040 4922 est
2070 4866 2125 4920 in
2173 4870 2574 4937 possessionem
2603 4879 2657 4923 et
2686 4868 3081 4924 haereditatem.
3154 4871 3351 4925 Omnes
3403 4870 3549 4925 enim
3603 4866 3735 4924 sunt

479 4973 620 5027 opus
651 4955 761 5024 Dei,
821 4959 1100 5028 possessio
1120 4967 1299 5012 autem
1334 4958 1552 5027 proprie
1586 4959 1621 5012 ii
1676 4960 1799 5025 soli,
1839 4964 1930 5032 qui
1958 4978 2053 5032 per
2092 4962 2231 5018 bona
2257 4977 2421 5031 opera
2454 4962 2555 5017 hoc
2587 4963 2693 5018 sibi
2717 4964 2997 5032 promeriti
3019 4974 3168 5018 sunt.

551 5051 719 5109 Vsus.
753 5049 940 5107 11-12.
969 5071 987 5105 ι
1023 5050 1369 5117 Charissimi,
1394 5053 1621 5110 obsecro
1654 5070 1748 5111 vos
1788 5065 2043 5128 tanquam

480 5142 719 5199 advenas
752 5153 807 5199 et
846 5144 1165 5214 peregrinos
1197 5143 1474 5199 abstinere
1523 5162 1617 5200 vos
1657 5162 1686 5201 a
1735 5150 2046 5203 carnalibus

479 5233 770 5289 desideriis
795 5247 916 5303 qua:
947 5231 1184 5286 militant
1213 5233 1476 5289 adversus
1509 5235 1771 5290 animam.
1798 5236 2044 5291 Conver.

481 5324 751 5379 sationem
793 5332 1035 5378 vestram
1075 5323 1216 5378 inter
1248 5331 1439 5393 gentes
1472 5323 1734 5379 habentes
1760 5325 1979 5379 bonam.
2023 5342 2044 5376 ι

480 5414 637 5480 Quod
670 5414 918 5484 sequitur
945 5415 1018 5468 ita
1054 5428 1115 5469 se
1142 5414 1341 5469 habet:
1378 5432 1399 5466 ι
1431 5415 1779 5481 Charissimi,
1821 5417 2052 5470 obsecro

485 5519 582 5558 vos
598 5514 857 5573 tanquam
885 5500 1123 5559 advenas
1140 5511 1193 5559 et
1218 5503 1541 5575 peregrinos
1570 5521 1590 5554 ι
1621 5503 1675 5557 in
1700 5502 1806 5556 hoc
1830 5502 2054 5569 mundo,

487 5603 547 5649 ut
599 5615 617 5646 ι
662 5597 981 5654 abstineatis
1011 5613 1042 5652 a
1084 5597 1399 5653 carnalibus
1428 5595 1734 5660 desideriis,
1765 5610 1883 5664 qua:
1913 5595 2056 5649 mili-

485 5696 605 5741 tant
633 5687 896 5747 adversus
942 5689 1178 5745 animam
1217 5705 1236 5740 ι
1273 5695 1532 5743 vestram.
1580 5687 1819 5743 Obsecro
1873 5694 2052 5741 autem

563 5870 607 5906 ²⁹
643 5868 786 5925 Paul.
824 5886 929 5937 Ωιι,
962 5873 1013 5926 4.

2228 5073 2247 5105 ι
2300 5054 2620 5125 Ἀγαπητοὶ,
2660 5057 2958 5128 παρακαλῶ
2999 5058 3145 5128 ὑμᾶς
3182 5058 3256 5121 ὡς
3291 5060 3587 5131 παροίκους
3641 5062 3736 5112 καί¹

2153 5148 2569 5218 παρεπιδήμους
2610 5149 2908 5219 ἀπέχεσθαι
2946 5149 3054 5203 τῶν
3089 5152 3366 5220 σαρκικῶν
3408 5152 3736 5222 ἐπιθυμιῶν,

2154 5238 2362 5302 αἵτινες
2391 5239 2776 5308 στρατεύονται
2800 5240 2941 5293 κατὰ
2972 5243 3072 5310 τῆς
3107 5240 3306 5311 ψυχῆς,
3335 5241 3432 5311 τὴν
3469 5244 3737 5312 ἀναστρο-

2153 5328 2260 5399 φὴν
2294 5329 2447 5398 ὑμῶν
2485 5332 2542 5383 ὲν
2577 5332 2688 5393 τοῖς
2722 5330 2902 5384 ἔθνεσι
2939 5332 3111 5400 καλὴν
3159 5331 3392 5401 ἔχοντες.
3431 5350 3451 5383 ι
3508 5333 3580 5385 Τὸ
3609 5332 3739 5401 ἑξῆς

2154 5416 2349 5478 οὕτως.
2388 5436 2407 5470 ι
2449 5418 2772 5488 Ἀγαπητοὶ,
2804 5419 3107 5487 παρακαλῶ
3124 5420 3268 5490 ὑμᾶς
3294 5420 3369 5484 ὼς
3394 5420 3686 5491 παροίκους
3716 5440 3734 5471 ο

2160 5508 2319 5571 ὂντας
2351 5527 2369 5558 ι
2426 5509 2519 5562 καὶ
2569 5509 2987 5579 παρεπιδήμους
3044 5528 3063 5559 ι
3123 5509 3215 5563 τοῦ
3270 5511 3477 5581 κόσμου
3526 5511 3739 5575 τούτου,

2171 5616 2188 5649 ι
2226 5598 2523 5668 ἀπέχεσθαι
2548 5598 2654 5651 τῶν
2687 5599 2961 5670 σαρκικῶν
2990 5599 3315 5670 ἐπιθυμιῶν,
3346 5602 3549 5665 αἵτινες
3576 5618 3744 5672 στρα-

2163 5688 2411 5743 τεύονται
2442 5690 2581 5744 κατὰ
2624 5690 2720 5761 τῆς
2751 5691 2925 5762 ψυχῆς
2955 5710 2975 5745 ι
3009 5691 3191 5762 ὑμῶν⁸
3225 5711 3244 5742 ι
3291 5693 3591 5765 παρακαλῶ
3625 5714 3642 5744 ι
3685 5691 3747 5747 δὲ

1128 5869 1172 5904 ³⁸
1212 5871 1356 5928 Zaeh
1404 5890 1479 5938 ix,
1513 5872 1565 5928 9.
1647 5874 1689 5906 ³¹
1732 5870 1921 5928 Matth.
1956 5888 2007 5938 ν,
2066 5870 2151 5927 l6.
