4120 6414
335 432 469 500 i213

1118 429 1521 493 EXPOSlTlO
1561 429 1634 487 lN
1676 426 1915 488 EPIST.
1953 425 1982 484 Ι
2031 428 2093 486 S.
2135 424 2392 487 PETRI.
2430 448 2502 460 ·-
2531 423 2690 485 CAP.
2726 423 2810 484 Il.

3442 409 3582 476 12M

323 545 621 609 καὶτοῦτο,
659 562 681 595 ε
711 543 809 615 τὴν
865 546 922 598 ἐν
964 546 1073 607 τοῖς
1111 544 1320 598 ἔθνεσιν
1363 544 1516 613 ὑμῶν
1550 539 1894 609 ἀναστροφὴν
1924 541 1941 594 l

2022 546 2051 591 ει
2080 537 2206 603 hoc,
2240 537 2301 591 in
2344 554 2364 588 ι
2404 533 2660 606 gentibus
2702 529 3175 586 conversationem
3216 532 3454 581 vestram
3484 524 3582 577 ha-

327 639 466 710 ἔχειν
493 637 697 706 καλήν·
740 655 759 687 3
803 635 1158 712 μετείληπται
1208 637 1317 703 γὰρ
1354 634 1414 687 τὸ
1448 635 1588 704 ἔχειν
1613 632 1750 683 ἀντὶ
1782 629 1901 693 τοῦ,

331 749 351 783 ι
387 729 623 799 ἔχοντες.
665 745 685 779 3
738 725 900 789 Ἔθος
936 725 993 778 δέ
1039 727 1152 778 ἐστι
1204 727 1315 788 τοῖς
1359 725 1722 786 διδασκάλοις,
1766 722 1904 787 μετά

326 822 415 875 τὸν
444 819 769 890 δογματικὸν
793 819 974 885 λόγον,
1008 817 1097 871 τὸν
1120 817 1308 888 ἠθικὸν
1336 817 1598 881 εἰσάγειν,
1643 814 1671 865 ὃ
1698 814 1788 866 καὶ
1810 810 1904 864 νῦν

326 918 355 977 δ
387 914 657 983 μακάριος
687 905 840 974 οὗτος
880 912 1043 964 ποιεῖ.
1080 929 1101 961 ι
1152 910 1493 978 Ἀγαπητοῦς
1534 928 1551 958 3
1588 907 1644 958 δὲ
1688 904 1904 965 αὐτοὺς,

327 1008 425 1057 ούκ
451 1003 846 1072 ἀγαπωμένους
894 1001 1076 1055 καλεῖ·
1115 1001 1205 1054 διὰ
1243 1001 1419 1053 πάντα
1446 998 1554 1068 γάρ
1602 999 1740 1049 εἰσιν
1783 998 1905 1048 ἐπι·

326 1096 573 1162 πόθητοι.
605 1097 664 1148 Οἱ
697 1097 805 1165 γὰρ
837 1095 923 1148 διά
951 1111 1024 1152 τι,
1080 1089 1435 1160 ἀγαπώμενοι
1480 1090 1751 1156 λέγονται,
1808 1086 1908 1138 οὐκ

334 1206 354 1240 t
390 1185 686 1254 ἀγαπητοί.
725 1204 744 1235 3
770 1214 838 1226 -—
863 1204 881 1235 ι
913 1183 1025 1246 Τὰς
1051 1182 1110 1234 δὲ
1158 1180 1425 1252 σαρκικὰς
1472 1180 1769 1247 ἐπιθυμίας
1822 1178 1910 1228 ἐκ·

329 1273 720 1345 στρατεύεσθαί
764 1292 781 1324 3
815 1289 946 1342 φησι
987 1290 1006 1322 ι
1046 1271 1186 1325 κατὰ
1236 1271 1334 1339 τῆς
1387 1268 1587 1339 ψυχῆς,
1628 1287 1648 1320 3
1705 1266 1909 1318 ἐπείτοι

327 1371 420 1424 καὶ
456 1370 595 1422 κατὰ
629 1368 720 1420 τὸν
750 1368 1020 1436 μακάριον
1056 1364 1288 1426 Παῦλον,
1318 1382 1335 1415 ι
1385 1364 1450 1416 Ἡ
1485 1361 1619 1431 σὰρξ
1650 1360 1911 1430 ἐπιθυμεῖ

328 1463 469 1513 κατᾶ
498 1456 591 1512 τοῦ
633 1459 958 1526 πνεύματος.
999 1476 1018 1507 3
1049 1458 1113 1508 Λὶ
1145 1454 1250 1526 γὰρ
1278 1456 1375 1525 τῆς
1397 1454 1594 1524 σαρκὸς
1625 1450 1912 1521 ἐπιθυμίαι

329 1550 461 1616 περὶ
498 1550 596 1618 τὴν
624 1549 921 1602 ἀπόλαυσιν
949 1549 1312 1617 στρεφόμεναι
1343 1545 1451 1598 τῶν
1495 1543 1683 1612 ἡδέων,
1723 1541 1914 1595 συνθο-

328 1639 479 1694 λοῦσι
510 1639 602 1692 τὸν
622 1640 901 1706 λογισμὸν,
943 1639 963 1709 ί
988 1640 1082 1690 καὶ
1124 1636 1449 1706 ἀνδραπώδη
1475 1635 1495 1707 [
1519 1636 1560 1704 Ῑ.
1581 1630 1913 1704 -ποδώδηῙ

329 1731 429 1804 τὴν
459 1731 636 1801 ψυχὴν
676 1730 1016 1785 ἀποτελοῦσι.
1042 1728 1063 1799 Ἰ

414 1841 432 1874 ι
469 1823 609 1887 Ἵνα,
644 1823 703 1875 ἐν
730 1814 774 1890 ᾧ
809 1821 1206 1875 καταλαλοῦσιν
1234 1820 1409 1890 ὑμῶν,
1466 1819 1542 1883 ὡς
1581 1816 1911 1879 κακοποιῶν,
1940 1816 2015 1920 B'

333 1913 527 1979 ἐκτῶν
561 1912 740 1966 καλῶν
789 1911 966 1983 ἔργων
1022 1911 1436 1976 ἐποπτεύοντες,
1491 1909 1760 1974 δοξάσωσι
1819 1907 1913 1960 τὸν

331 2003 462 2057 Θεὸν
492 2004 548 2057 ἐν
564 2004 745 2075 ἡμέρα
776 2003 1105 2070 ἐπισκοπῆς.
1139 2021 1156 2052 3
1190 1997 1643 2060 Καταλαλοῦντας
1667 1996 1725 2050 δὲ
1752 1997 1784 2065 ἡ
1795 1993 1913 2065 μῶν

332 2095 542 2163 εἰσάγει
573 2093 700 2157 τοὺς
733 2092 998 2156 ἐθνικούς.
1042 2110 1062 2143 ι
1110 2089 1359 2162 Ἥμέραν
1406 2089 1465 2141 δὲ
1523 2085 1852 2155 ἐπισκοπῆς,
1888 2102 1908 2137 3

331 2187 434 2257 τὴν
464 2184 605 2240 κατά
659 2186 751 2238 τὸν
790 2184 995 2254 κόσμον
1034 2183 1281 2249 ἐξέτασιν
1338 2178 1515 2234 καλεῖ.
1585 2174 1915 2243 Ἐξετάσεως

333 2279 445 2349 γὰρ
475 2278 565 2331 ὑπ’
598 2277 777 2331 αὐτῶν
799 2274 893 2329 τοῦ
925 2275 1042 2346 βίου
1070 2273 1227 2345 ἡμῶν
1277 2262 1590 2342 γινομένῆς,
1638 2264 1759 2321 εἶτα
1780 2264 1917 2336 πρὸς

332 2369 397 2423 τὸ
449 2367 690 2420 ἐναντίον
739 2366 838 2434 τῆς
889 2364 1209 2434 ὑπολήψεως
1257 2362 1367 2415 τῶν
1425 2359 1769 2431 πραγμάτων
1823 2356 1915 2410 εύ-

338 2457 699 2533 ρισκομένων,
733 2455 888 2510 αὐτοί
919 2472 977 2508 τε
1026 2454 1161 2524 πρὸς
1190 2448 1270 2515 οἷς
1306 2450 1647 2523 αἰσχύνονται
1679 2451 1913 2519 ἐπανορ-

337 2549 580 2615 θοῦνται,
623 2549 719 2602 καὶ
750 2551 779 2602 6
817 2547 951 2610 Θεὸς
979 2546 1279 2610 δοξάζεται.

414 2659 434 2693 ‹
478 2639 818 2707 Ὑποτάγητε
855 2637 948 2691 οὖν
982 2637 1130 2710 πάσῃ
1162 2635 1478 2705 ἀνθρωπίνῃ
1506 2633 1683 2686 κτίσει
1709 2629 1800 2685 διὰ
1824 2629 1919 2683 τὸν

335 2729 569 2801 Κύριον,
602 2730 709 2781 εἴτε
746 2727 955 2798 βασιλεῖ
982 2726 1055 2789 ὡς
1089 2725 1431 2797 ὑπερέχοντι,
1495 2722 1604 2776 εἴτε
1655 2721 1918 2793 ἡγεμόσιν

336 2822 416 2886 ὡς
445 2821 511 2875 δι’
540 2818 709 2873 αὐτοῦ
736 2818 1130 2888 πεμπομένοις,
1179 2819 1259 2879 εἰς
1299 2815 1577 2887 ἐκδίκησιν
1623 2814 1722 2885 μὲν
1751 2828 1917 2866 κακο-

337 2913 536 2977 ποιῶν,
566 2910 786 2965 έπαινον
818 2910 874 2963 δὲ
904 2907 1269 2976 ἀγαθοποιῶν.
1312 2908 1435 2960 Ὀτι
1468 2906 1641 2969 οὕτως
1691 2905 1806 2957 ἐστὶ
1856 2901 1919 2954 τὸ

339 3005 556 3074 θέλημα
580 3002 673 3056 τοῦ
700 3000 856 3067 Θεοῦ,
909 2998 1371 3068 ἀγαθοποιοῦντας
1407 2998 1549 3074 ὑμρἰς
1583 2995 1606 3068 [
1639 2996 1777 3067 vulg.
1811 3011 1916 3048 om.

340 3068 496 3166 ὑμ.
550 3090 750 3163 φιμοῦν
787 3091 886 3161 τὴν
931 3090 1039 3143 τῶν
1073 3089 1323 3159 ἀφρόνων
1372 3068 1676 3156 ἀνθρώπων
1738 3087 1921 3153 ἀγνωο

2004 630 2134 685 bere
2166 630 2401 684 bonam:
2441 645 2462 679 3
2496 625 2708 681 scilicet
2756 621 2890 678 illud
2928 641 2947 676 ι
2995 622 3193 676 habere
3232 637 3251 670 3
3314 623 3580 671 mutatum

2005 733 2089 779 est
2119 723 2208 777 hic
2230 723 2286 776 in
2319 740 2338 774 ι
2366 722 2653 775 habentes.
2678 736 2697 770 3
2726 717 2842 772 Mos
2867 724 2952 772 est
2983 722 3165 769 autem
3189 710 3374 779 probis
3398 711 3586 764 docto—

2007 817 2158 870 ribus
2187 836 2214 868 ιι
2248 813 2557 881 dogmatico
2593 825 2846 866 sermone
2880 808 2946 863 ad
2989 805 3251 862 moralem
3294 820 3352 858 se
3394 812 3578 856 trans-

2012 913 2188 965 ferre:
2223 908 2366 977 quod
2413 915 2467 962 et
2514 905 2712 961 Beatus
2743 906 2844 961 iste
2872 918 3019 958 uuue
3066 901 3216 956 facit.
3253 917 3272 950 ι
3308 896 3582 953 Charissi-

2008 1018 2128 1057 mos
2162 1019 2182 1053 ι
2217 1008 2396 1054 autem
2429 1014 2526 1053 eos
2548 1005 2725 1060 vocat,
2752 1004 2806 1050 et
2843 1010 2948 1050 non
2979 991 3305 1061 simpliciter
3325 989 3579 1050 dilectos,

2009 1092 2136 1160 quia
2167 1090 2467 1145 secundum
2498 1087 2679 1142 omnia
2727 1085 2879 1140 chari
2931 1084 3010 1137 illi
3066 1089 3261 1137 erant:
3293 1079 3386 1149 qui
3434 1077 3579 1131 enim

2011 1190 2233 1252 propter
2275 1179 2480 1250 aliquid
2510 1176 2886 1233 tantummodo
2950 1173 3276 1241 diliguntur,
3316 1171 3350 1222 ti
3389 1167 3578 1221 di!ec.ti

2012 1274 2290 1335 dicuntur,
2327 1286 2436 1326 non
2472 1288 2491 1321 ι
2535 1268 2867 1323 eltarissitni.
2909 1284 2929 1317 3
2974 1264 3064 1317 Ait
3110 1277 3240 1316 vero
3278 1279 3297 1311 ι
3333 1255 3589 1312 Carnalia

2013 1364 2284 1421 desideria
2316 1362 2551 1416 militare
2580 1365 2773 1414 contra
2803 1357 3039 1411 animam
3068 1370 3082 1407 :
3120 1372 3139 1405 3
3174 1367 3298 1406 nam
3331 1357 3386 1404 et
3423 1347 3591 1419 362

2012 1457 2185 1511 Paulo
2244 1462 2402 1519 teste,
2448 1472 2467 1505 ι
2513 1452 2656 1507 Caro
2709 1447 3051 1516 concupiscit
3101 1445 3365 1499 adversus
3417 1438 3587 1509 spiri-

2016 1558 2128 1603 tum
2160 1548 2204 1580 ”
2262 1564 2316 1600 :3
2343 1546 2527 1602 carnis
2553 1544 2698 1598 enim
2733 1540 3027 1602 desideria,
3060 1552 3181 1607 quae
3208 1536 3261 1589 in
3293 1529 3592 1588 delectabi-

2015 1641 2145 1695 liutn
2181 1638 2492 1693 l‘ruitionem
2523 1635 2798 1697 feruntur,
2838 1631 3107 1685 rationem
3153 1624 3504 1695 perturbant,
3535 1624 3596 1686 et

2017 1727 2256 1783 animam
2287 1725 2342 1781 in
2378 1726 2700 1782 servitutem
2737 1721 3012 1791 redigunt.

2094 1837 2115 1871 ι
2150 1817 2222 1873 Ut
2256 1818 2309 1870 iu
2343 1831 2409 1871 eo
2433 1814 2577 1884 quod
2609 1814 2910 1869 detrectant
2946 1810 3013 1864 de
3057 1806 3215 1861 vobis
3236 1813 3496 1872 tanquam
3525 1798 3599 1853 de

2018 1907 2482 1969 Inalel’actoribus,
2515 1921 2584 1960 ex
2619 1905 2777 1960 bonis
2808 1899 3068 1971 operibus
3108 1910 3206 1951 vos
3231 1889 3596 1955 consideran-

2017 2009 2120 2065 tes,
2154 1997 2460 2070 gloriﬁcent
2496 1995 2666 2050 Deum
2703 1995 2758 2048 in
2794 1992 2885 2046 die
2940 1986 3295 2046 visitationis.
3333 2002 3352 2036 3
3397 1981 3598 2037 Obtre-

2017 2101 2228 2151 ctantes
2266 2091 2423 2147 nobis
2453 2088 2663 2145 inducit
2691 2085 2941 2155 gentiles.
2981 2101 3001 2134 ι
3045 2080 3196 2134 Diem
3233 2082 3417 2130 autem
3462 2071 3598 2128 visi-

2016 2184 2239 2239 tationis
2286 2201 2306 2234 3
2358 2186 2516 2236 vocat
2566 2176 2983 2247 inquisitionem
3043 2168 3473 2224 mundanorum.
3506 2160 3597 2217 Fit

2018 2274 2161 2331 enim
2196 2286 2304 2327 non
2342 2284 2481 2341 raro,
2500 2268 2568 2323 ab
2597 2266 2733 2338 ipsis
2765 2267 2817 2319 in
2848 2264 3019 2318 vitam
3056 2265 3302 2314 nostram
3356 2251 3598 2324 inquisi-

2018 2367 2128 2421 tio:
2154 2371 2212 2418 at
2248 2377 2372 2417 cum
2397 2374 2565 2432 opera
2597 2367 2786 2415 nostra
2815 2356 2998 2419 aliter,
3028 2367 3092 2407 ac
3122 2350 3203 2404 illi
3226 2345 3595 2416 suspicaban—

2018 2466 2127 2521 tur,
2152 2472 2212 2510 se
2258 2455 2460 2509 habere
2499 2452 2895 2522 compererint,
2923 2438 3198 2519 pudefacti
3222 2441 3595 2512 corriguntur,

2017 2562 2083 2602 ac
2122 2546 2264 2602 Deus
2292 2543 2653 2615 gloriﬁcatur.

2087 2634 2256 2690 Vens.
2293 2631 2470 2689 15-15.
2520 2650 2539 2683 ι
2583 2628 2828 2699 Subjeeti
2856 2628 3025 2695 igitur
3063 2632 3241 2680 estote
3294 2620 3444 2675 omni
3494 2618 3600 2673 ltu-

2018 2741 2193 2781 mana:
2219 2732 2487 2779 creaturae
2510 2730 2731 2791 propter
2761 2718 2956 2777 Deum,
2989 2715 3104 2771 sive
3138 2714 3249 2784 regi
3274 2711 3430 2783 quasi
3457 2723 3601 2780 prae-

2021 2817 2272 2879 cellenti,
2316 2817 2435 2872 sive
2479 2812 2715 2868 ducibus
2779 2819 3040 2879 tanquam
3090 2807 3157 2860 ab
3194 2819 3260 2860 eo
3306 2801 3492 2857 missis
3531 2798 3602 2853 ad

2020 2907 2319 2963 vindictam
2370 2903 2803 2965 malefactorum,
2856 2898 3071 2953 laudent
3130 2911 3257 2949 vero
3309 2893 3601 2949 honorum.

2021 2997 2157 3064 Quia
2188 2998 2268 3051 sic
2294 3004 2379 3051 cst
2412 2997 2660 3048 voluntas
2701 2992 2813 3056 Dei,
2854 3001 2911 3043 ut
2951 2989 3088 3044 bene
3122 2985 3382 3039 facientes
3406 2982 3601 3035 obmu-

2024 3098 2230 3143 tescere
2272 3086 2487 3141 faciatis
2536 3081 2962 3152 imprudentium
3020 3076 3301 3132 hominum
3344 3074 3605 3143 ignorau-

343 3162 495 3242 aiav.
533 3202 552 3236 3
595 3184 791 3237 Κτίσιν
841 3181 1189 3250 ἀνθρωπίνην
1245 3178 1343 3242 τὰς
1406 3177 1580 3249 ἀρχὰς
1628 3177 1775 3245 λέγει
1827 3175 1925 3239 τὰς

2026 3181 2177 3234 tiam.
2219 3196 2238 3229 3
2279 3179 2601 3232 Creaturam
2645 3175 2937 3229 humanam
2965 3171 3314 3240 magistratus
3343 3162 3604 3233 appellat.

340 3273 727 3353 χειροτονητὰς
764 3272 867 3325 ὑπὸ
897 3268 1242 3340 βασιλέων,ἢ
1286 3269 1382 3320 καὶ
1421 3267 1618 3327 αὐτοὺς
1664 3264 1791 3327 τοὺς
1830 3264 1925 3334 βα-

343 3368 538 3429 σιλεῖς,
573 3364 757 3419 καθότι
797 3363 891 3415 καὶ
924 3361 1075 3413 αὐτοὶ
1104 3361 1127 3427 [
1158 3359 1261 3411 ὑπὸ
1293 3354 1641 3428 Ῑάνθρώπων
1695 3355 1927 3425 ἐτάχθη-

346 3477 471 3523 σαν,
500 3460 617 3530 ἡτοι
659 3455 942 3521 ἐτέθησαν.
978 3447 1100 3505 Οῐδε
1130 3450 1299 3519 γὰρὴ
1340 3449 1530 3519 Γραφὴ
1574 3450 1669 3502 καὶ
1699 3447 1797 3518 τὴν
1842 3447 1929 3499 θέ-

346 3568 436 3609 σιν
475 3549 651 3603 κτίσιν
681 3546 886 3612 καλεῖν,
913 3544 987 3608 ὡς
1016 3545 1074 3598 ἐν
1114 3543 1213 3612 τῷ,
1252 3561 1272 3594 ι
1309 3542 1426 3594 Ἵνα
1481 3559 1499 3591 3
1535 3540 1699 3611 κτίσῃ
1738 3559 1757 3591 ι
1802 3538 1929 3605 τοῦς

345 3645 445 3699 δύο
475 3646 553 3706 είς
579 3643 674 3695 ἕνα
724 3630 909 3693 καινὸν
963 3637 1268 3707 ἄνθρωπον.
1329 3654 1346 3686 3
1379 3634 1546 3703 Φησὶν
1593 3633 1716 3686 οὖν’
1759 3632 1928 3685 Ὑπο-

347 3737 554 3806 τάγητε
578 3735 690 3796 τοῖς
720 3732 1000 3799 κοσμικοῖς
1044 3729 1338 3800 ἄρχουσιν·
1391 3726 1701 3791 ὑποτάγητε
1747 3723 1804 3775 δὲ
1841 3722 1930 3776 διὰ

347 3830 443 3887 τὸν
473 3827 626 3889 Θεὸν,
656 3825 729 3887 ὡς
757 3825 785 3876 6
824 3822 1026 3892 Κύριος
1075 3817 1397 3889 προσέταξε.
1451 3815 1517 3869 Τί
1556 3816 1613 3868 δὲ
1654 3817 1682 3866 6
1726 3813 1930 3883 Κύριος

350 3918 718 3990 προσέταξεν;
752 3932 772 3966 ι
836 3911 1089 3966 Ἀπόδοτε
1116 3908 1186 3962 τὰ
1222 3908 1497 3977 Καίσαρος
1533 3903 1791 3975 Καίσαρι,
1833 3902 1930 3955 καὶ

349 4013 423 4066 τὰ
454 4009 546 4063 τοῦ
575 4007 709 4061 Θεοῦ
728 4005 807 4077 τῷ
832 4002 969 4073 Θεῷ.
1016 4020 1033 4053 3
1068 4002 1233 4053 ’Ὥστε
1261 3999 1289 4050 ὃ
1320 3997 1384 4051 ἂν
1416 3996 1520 4063 ἔξω
1550 3996 1929 4064 προστάττωσι

355 4103 511 4172 παρὰ
567 4099 665 4168 τὴν
713 4095 953 4160 διάταξιν
997 4092 1057 4147 ὃν
1081 4093 1175 4146 τοῦ
1208 4088 1364 4154 Θεοῦ,
1413 4089 1512 4157 οὐχ
1561 4085 1930 4141 ὑπακουστέον

352 4194 562 4252 αὐτοῖς.
589 4188 759 4243 Τοῦτο
786 4188 841 4241 δὲ
874 4187 967 4240 καὶ
1009 4186 1038 4237 6
1078 4181 1336 4253 Χριστὸς,
1369 4180 1459 4233 καὶ
1489 4181 1517 4232 6
1546 4176 1641 4230 νῦν
1684 4174 1928 4247 μαθητὴς

355 4281 522 4338 αὐτοῦ
565 4281 958 4352 προσέταττεν·
997 4277 1082 4331 ἵνα
1116 4275 1191 4344 μὴ
1239 4272 1403 4343 ἔχωσι
1427 4270 1606 4341 λέγειν
1647 4268 1926 4339 Ἕλληνες,

354 4376 433 4437 ὡς
459 4373 771 4442 ἀνατροπὴν
806 4368 961 4438 φέρει
997 4366 1093 4420 τοῦ
1128 4365 1244 4435 βίου
1296 4366 1325 4416 6
1357 4359 1804 4433 Χριστιανισμὸς,
1836 4357 1930 4411 καὶ

358 4465 585 4530 ἀταξίας
613 4463 733 4516 ἐστὶ⁵
765 4462 858 4513 καὶ
890 4457 1206 4528 συγχύσεως
1245 4454 1439 4516 αἴτιος.
1492 4451 1823 4522 Προστίθησι
1872 4449 1930 4502 δὲ

2032 3271 2124 3341 qui
2150 3286 2179 3324 a
2202 3269 2424 3341 regibus
2447 3266 2734 3324 constituti
2765 3275 2922 3321 sunt:
2951 3262 3034 3317 vel
3060 3260 3223 3315 etiam
3247 3259 3396 3327 ipsos
3425 3268 3605 3325 reges,

2030 3361 2290 3432 quoniam
2325 3369 2379 3416 et
2436 3359 2540 3430 ipsi
2577 3358 2646 3412 ab
2698 3355 3017 3412 hominibus
3048 3349 3341 3422 designati,
3376 3362 3471 3402 seu
3504 3358 3608 3415 po—

2031 3450 2121 3507 siti
2154 3457 2304 3505 sunt.
2357 3448 2699 3519 Quandoque
2734 3445 2880 3502 enim
2937 3445 3217 3514 Scriptura
3274 3437 3604 3508 positionem

2032 3543 2267 3616 appellat
2287 3540 2648 3603 creationem,
2668 3543 2736 3590 ut
2764 3535 2819 3589 in
2851 3550 2916 3590 eo
2942 3535 3062 3589 loco
3090 3550 3103 3586 :
3135 3551 3153 3584 ι
3178 3528 3245 3585 Ut
3272 3529 3411 3584 duos
3438 3528 3608 3588 creet,

2031 3613 2128 3693 seu
2164 3631 2364 3688 condat
2410 3630 2465 3684 in
2518 3629 2817 3697 semetipso
2868 3624 2920 3679 iu
2974 3639 3142 3678 unum
3185 3634 3384 3675 novum
3434 3613 3611 3669 homi-

2033 3738 2151 3778 nem
2174 3722 2237 3775 ³³.
2285 3739 2304 3771 3
2346 3717 2528 3787 lnquit
2558 3717 2723 3787 igitur
2758 3733 2772 3769 :
2811 3713 3055 3783 Subjeeti
3087 3719 3262 3765 estote
3313 3702 3608 3761 mundanis

2033 3810 2397 3883 principibus.
2433 3805 2816 3876 Suhjiciamini
2849 3819 2977 3858 vero
3004 3808 3226 3871 propter
3275 3797 3467 3855 Deum,
3507 3793 3601 3863 qui

2033 3913 2287 3971 tanquam
2304 3897 2567 3953 Dominus
2581 3894 2857 3965 prmcepit.
2878 3894 2947 3948 At
2963 3891 3093 3961 quid
3111 3886 3404 3959 praecepit?
3427 3905 3446 3937 ι
3468 3883 3612 3937 Red-

2031 3993 2146 4048 dite
2194 4007 2316 4061 qua:
2354 3997 2485 4044 sunt
2533 3987 2792 4052 Cmsaris,
2825 3984 3049 4047 Caesari,
3101 3988 3157 4038 et
3178 3997 3299 4051 quae
3329 3988 3458 4035 sunt
3490 3974 3606 4037 Dei,

2032 4084 2141 4139 Deo
2156 4083 2218 4137 ³⁵.
2243 4102 2261 4134 3
2284 4081 2485 4147 Quare,
2505 4079 2549 4134 si
2583 4076 2710 4147 quid
2746 4074 3104 4146 praeceperint
3123 4080 3311 4128 contra
3334 4070 3425 4122 Dei
3462 4066 3613 4120 ordi-

2034 4175 2328 4238 nationem,
2360 4184 2703 4242 nequaquam
2730 4169 2809 4224 eis
2848 4165 3172 4237 parendum.
3210 4161 3323 4217 lloc
3351 4170 3528 4215 autem
3558 4167 3613 4214 et

2030 4265 2285 4326 Christus
2301 4262 2588 4327 Dominus,
2613 4260 2800 4329 etejus
2827 4273 2974 4314 nunc
3005 4255 3289 4326 discipulis
3312 4250 3610 4316 mandavit,

2032 4374 2099 4413 ne
2132 4357 2314 4411 dicere
2340 4354 2557 4425 possint
2578 4353 2831 4421 gentiles,
2849 4350 3013 4406 everti
3040 4363 3069 4401 a
3086 4347 3505 4403 Cltristianismo
3533 4343 3617 4395 vi~

2034 4461 2141 4503 tam
2161 4446 2399 4512 civilem,
2415 4459 2649 4514 eumque
2679 4458 2800 4500 esse
2818 4441 3245 4513 perturbationis
3262 4447 3314 4493 et
3332 4435 3614 4492 confusio-

357 4558 443 4622 τὸ,
474 4521 620 4608 ξΔζά
646 4553 736 4606 τὸν
758 4521 1039 4619 Κύριοθῖλ
1073 4549 1166 4600 καὶ
1195 4545 1283 4599 διὰ
1317 4544 1443 4606 τοὺς
1473 4521 1718 4604 πιστούς.
1772 4540 1931 4603 Εἰκὸς

2036 4540 2118 4592 nis
2133 4552 2376 4591 causam.
2406 4535 2571 4590 Addit
2601 4549 2749 4601 vero,
2781 4553 2800 4585 ι
2832 4535 3062 4601 Propter
3094 4531 3282 4596 Deum,
3310 4547 3328 4580 3
3373 4526 3611 4581 litlelium

360 4648 472 4718 γάρ
492 4661 642 4707 τινας
671 4642 849 4696 αὐτῶν
876 4643 1042 4710 ἐρεῖν,
1092 4640 1173 4691 ὅτι
1204 4626 1319 4705 ’Τῆς
1350 4634 1456 4688 τῶν
1492 4632 1738 4703 οὐρανῶν
1785 4632 1931 4700 ἡμᾶς

365 4733 640 4807 βασιλείας
670 4731 856 4798 ἀξιῶν,
891 4730 984 4783 καὶ
1019 4729 1161 4799 μέγα
1190 4729 1320 4797 ἡμῖν
1360 4725 1578 4792 ἀξίωμα
1619 4723 1708 4776 διὰ
1739 4720 1933 4774 τούτου

364 4824 684 4895 περιτιθεὶς,
717 4823 771 4875 τί
795 4821 957 4874 πάλιν
1008 4820 1156 4888 ἡμᾶς
1189 4815 1473 4880 εὐτελίζει,
1509 4815 1792 4883 κοσμικοίς
1833 4811 1933 4881 ἄρ-

363 4937 548 4991 χουσιν
582 4915 899 4975 ύποτάσσων
923 4914 1099 4984 ήμᾶςς
1132 4910 1196 4962 Εἴ
1231 4926 1314 4973 τις
1340 4904 1432 4962 οὖν
1461 4906 1631 4959 ταῦτα
1660 4905 1794 4974 ἐρεῖ,
1827 4919 1936 4973 μα-

2037 4629 2230 4700 gratia.
2269 4628 2600 4684 Verosimile
2662 4640 2899 4694 namque
2929 4632 3032 4687 est,
3061 4623 3275 4692 aliquos
3324 4620 3568 4673 dieturos
3596 4634 3611 4669 :

2039 4723 2173 4777 Cum
2199 4735 2297 4776 nos
2314 4736 2483 4791 regno
2505 4720 2768 4774 caelorum
2795 4719 2989 4788 dignos
3011 4711 3615 4785 reputaverit,adeoque

2040 4828 2268 4867 somnne
2300 4811 2587 4880 dignitatis
2622 4826 2725 4867 nos
2757 4826 2883 4867 esse
2915 4808 3213 4871 censuerit,
3273 4819 3373 4859 cur
3418 4817 3615 4856 rursus

2042 4918 2141 4957 nos
2171 4901 2447 4972 deprimit,
2467 4903 2698 4957 terrenis
2730 4900 3135 4973 magistratibus
3158 4912 3258 4951 nos
3295 4893 3618 4963 subiiciens?

367 4987 526 5070 θέτω.
553 5010 736 5080 φησιν,
758 5007 832 5069 ὼς
860 5006 960 5059 οὐκ
990 5003 1118 5072 ἐμὸς
1144 5002 1172 5054 6
1201 5001 1361 5068 λόγος
1403 4999 1492 5052 τοῦ
1525 4998 1941 5067 προστάγματος

2048 4993 2105 5049 Si
2148 4994 2272 5064 quis
2300 4994 2466 5064 igitur
2499 4995 2614 5049 lucc
2647 4994 2868 5057 dixerit,
2894 4994 3058 5055 sciat,
3087 4989 3290 5059 inquit,
3320 4987 3465 5041 istud
3507 5001 3613 5041 non

366 5076 580 5166 τούτου,
607 5076 740 5152 ἀλλὰ
770 5086 864 5149 τοῦ
918 5093 1145 5164 Κυρίου.
1204 5090 1412 5155 Ἔδειξε
1469 5089 1523 5141 δέ
1583 5089 1676 5140 καὶ
1709 5085 1871 5149 αὐτὸς
1916 5088 1941 5139 6

2046 5103 2224 5142 meum
2258 5102 2382 5144 esse
2412 5095 2767 5156 praeceptum,
2807 5084 2899 5140 sed
2944 5083 3185 5139 Domini.
3218 5080 3487 5135 Caeterum
3517 5076 3614 5129 de-

371 5196 595 5263 Πέτρος,
633 5193 744 5246 τίσι
772 5189 867 5243 καὶ
893 5186 1069 5248 ποίοις
1101 5184 1364 5255 ἄρχουσιν
1412 5179 1815 5234 ὑποτάσσεσθαι
1841 5177 1940 5240 δεῖ,

2041 5177 2405 5247 claravitipse
2447 5174 2665 5241 Petrus,
2696 5175 3002 5245 cujusmodi
3051 5170 3391 5244 principibus
3425 5166 3614 5236 subje-

369 5285 452 5338 ὅτι
484 5259 602 5344 τοῖς
630 5282 691 5335 τὸ
737 5281 943 5335 δίκαιον
976 5273 1303 5331 ἐκδικοῦσιν.
1364 5271 1646 5345 Ἐπιφέρει
1691 5269 1799 5338 γάρ
1847 5268 1941 5321 καὶ¹

2042 5278 2165 5325 ctos
2191 5284 2292 5324 nos
2321 5283 2444 5324 esse
2468 5277 2737 5338 Oporteat,
2773 5281 2967 5337 netnpe
2986 5265 3077 5328 iis,
3113 5264 3205 5332 qui
3230 5261 3374 5333 quod
3400 5259 3611 5330 justum

370 5374 467 5445 τὴν
497 5373 697 5435 αἰτίαν,
747 5372 830 5423 ὅτι
878 5368 970 5422 καὶ
1005 5384 1024 5417 ι
1061 5365 1156 5421 τοῦ
1205 5362 1339 5423 Θεοῦ
1387 5363 1448 5414 τὸ
1496 5360 1731 5430 θέλημα,
1771 5378 1789 5411 3
1847 5356 1941 5410 καὶ

2038 5372 2142 5427 est,
2190 5361 2555 5432 praecipiunt:
2609 5360 2834 5428 subjicit
2904 5358 3051 5414 enim
3116 5370 3359 5418 causam,
3417 5365 3614 5422 lietupo

370 5444 527 5537 ἡμῶν
571 5464 631 5516 τὸ
662 5463 788 5532 περὶ
834 5461 931 5529 τῆς
960 5457 1237 5526 ὑποταγῆς
1267 5455 1363 5525 τῆς
1398 5455 1477 5516 εἰς
1500 5453 1625 5516 τοὺς
1651 5452 1935 5522 ἄρχοντας,

2040 5453 2185 5523 quod
2225 5454 2341 5508 haec
2381 5453 2453 5508 sit
2487 5453 2740 5509 voluntas
2771 5450 2888 5517 Dei,
2919 5458 2976 5505 et
3002 5446 3148 5520 quod
3184 5444 3452 5516 subjectio
3481 5456 3611 5514 erga

372 5553 768 5622 καλοκάγαθίας
798 5551 918 5609 ἐστὶ
943 5552 1162 5617 δεῖγμα,
1202 5547 1297 5602 καὶ
1317 5544 1377 5599 τὸ
1409 5545 1588 5609 πλέον,
1620 5546 1746 5604 τοῦς
1808 5541 1937 5595 ἀπί-

2041 5546 2318 5618 priucipes
2368 5546 2442 5601 sit
2494 5554 2698 5603 nostrae
2744 5543 3038 5615 probitatis
3098 5544 3501 5611 argumentum,
3555 5545 3612 5589 et

375 5663 533 5711 ατους
556 5644 820 5715 αἰσχύνει.
860 5642 947 5696 Ἐν
977 5634 1022 5712 ᾧ
1052 5639 1161 5711 γὰρ
1182 5637 1258 5703 ὡς
1278 5636 1551 5701 ἀλαζόνων
1580 5634 1738 5712 ἡμῶν
1762 5651 1937 5690 κατα-

2040 5647 2302 5709 prteterea
2330 5638 2476 5710 quod
2509 5637 2757 5695 inﬁdeles
2787 5635 2986 5694 exinde
3013 5630 3422 5691 confundantur
3446 5645 3459 5678 :
3482 5643 3617 5688 cum

444 5818 695 5884 I‘Galat.
758 5833 809 5881 ν,
856 5817 947 5874 17.
1059 5806 1111 5850 ³⁸
1132 5813 1335 5883 Ephes.
1379 5814 1554 5872 ".15.
1633 5814 1682 5850 "
1709 5813 1897 5870 Matth.
1958 5828 2089 5880 xm,
2120 5813 2213 5869 2|.
