4120 6452
440 350 579 416 1217

1178 358 1587 420 EXPOSITIO
1622 358 1705 420 IN
1747 360 1982 421 EPIST.
2025 359 2142 421 IS.
2188 360 2442 426 PETRI.
2474 391 2544 401 --
2580 367 2738 429 CAP.
2771 368 2865 430 11.

3565 376 3704 444 1218

438 469 659 522 ἀτόπων
700 471 1110 542 παρακαλοῦσιν
1156 476 1322 545 ἡμᾶς.
1362 476 1424 528 '0
1470 474 1580 548 γὰρ
1612 477 1700 540 εἰς
1749 479 1843 532 τὸν
1874 480 2014 532 ’θεὸν

2117 480 2288 535 bitum
2342 497 2604 553 superare
2654 492 2835 553 potest
2881 498 2945 541 ac
2991 485 3170 545 debet.
3200 486 3456 554 Quinimo
3502 492 3707 548 honore

440 562 606 626 φόϐος
634 565 792 633 νικᾷν
818 558 924 616 οἶδε
965 564 1061 618 καὶ
1104 565 1201 635 τὴν
1266 567 1345 629 είς
1371 567 1497 629 τοὺς
1527 567 1771 636 βασιλεῖς
1824 571 2015 638 τιμήν.

439 650 658 705 Μᾶλλον
695 654 752 707 δὲ
791 655 886 707 καὶ
943 658 1041 725 τῆς
1103 659 1268 726 τιμῆς
1336 657 1536 720 αὐτοὺς
1594 660 2018 730 ἀποστερήσειό

440 746 531 797 ὑπ’
580 746 760 799 αὐτῶν
800 747 881 809 είς
937 747 1084 799 κακὰ
1121 747 1464 817 βιαζόμενος,
1489 749 1635 803 κατά
1671 752 1762 803 τὸν
1788 752 2017 813 εἰπόντα

441 838 597 902 ἅγιον
621 852 635 864 ·
671 853 690 886 ι
738 836 1120 900 Ἐξουδένωται
1170 835 1402 891 ἐνώπιον
1431 839 1599 893 αὐτοῦ
1646 843 2020 912 πονηρευόμε-

440 946 588 992 νις.»
646 927 718 981 Τὸ
754 928 817 1001 [ί.
1003 931 1083 993 δὲ,
1146 951 1165 983 ι
1200 933 1263 1007 Οί
1309 934 1535 999 οἰκέται,
1564 953 1584 986 ι
1629 918 2021 1007 προσυπακου-

441 1021 595 1074 στέον
616 1022 699 1097 τὸ,
734 1017 833 1092 ἦτε
857 1039 871 1053 ο
904 1023 971 1076 ἵν’
1058 1021 1234 1088 οὕτως
1256 1041 1270 1056 ·
1299 1026 1362 1078 Οί
1387 1025 1621 1089 οἰκέται,
1647 1021 1746 1097 ἦτε
1778 1027 2016 1081 ὑποτασ-

442 1111 681 1181 σόμενοι.
724 1112 959 1183 Ὁμοίως
1012 1117 1107 1168 καὶ
1134 1118 1192 1169 ὲν
1227 1116 1328 1187 τῷ,
1376 1135 1395 1168 ι
1425 1117 1490 1179 Δί
1533 1120 1810 1183 γυναῖκες.
1839 1137 1860 1170 ι
1910 1118 2017 1171 Τοῦ

446 1220 464 1253 ι
490 1202 654 1271 φόϐου
679 1221 698 1255 ι
731 1204 787 1257 δὲ
820 1205 1100 1275 πολλαχῶς
1124 1206 1420 1276 λεγομένου
1446 1224 1461 1239 ο
1481 1208 1694 1275 λέγεται
1720 1210 1827 1280 γὰρ
1857 1211 2020 1279 φόϐος

437 1296 467 1346 ὀ
506 1295 601 1347 xai.
662 1297 759 1349 σὺν
784 1298 1069 1369 ἐπιστήμῃ
1095 1314 1110 1329 ·
1149 1303 1209 1352 ὃν
1246 1294 1399 1363 οὗτος
1439 1300 1533 1353 νῦν
1568 1300 1873 1369 συνείδησίν
1918 1319 2021 1371 φη-

441 1385 625 1450 σιν,δς
663 1390 761 1440 καὶ
802 1389 1081 1455 εὐλάϐεια,
1114 1392 1361 1445 καλεῖται
1387 1410 1402 1425 ο
1432 1393 1648 1462 λέγεται
1678 1394 1841 1462 φόϐος
1875 1394 1970 1448 καὶ
1992 1397 2019 1448 6

439 1478 762 1549 παθητικὸς,
784 1479 931 1534 τοῦτ’
959 1482 1108 1535 ἔστιν
1142 1483 1170 1535 6
1198 1483 1286 1536 διὰ
1325 1485 1600 1549 κολάσεως
1629 1489 1825 1557 πεῖραν
1864 1488 2019 1555 ἐγγι-

437 1571 685 1638 νόμενος,
711 1571 771 1624 ὃν
796 1574 891 1626 καὶ
920 1574 989 1627 τὰ
1020 1572 1184 1645 θηρία
1204 1575 1449 1644 φοϐεῖται
1474 1592 1490 1608 ο
1524 1577 1817 1647 λεγομένου
1856 1579 2019 1631 πάλιν

439 1659 607 1728 φόϐου
660 1661 875 1715 καὶιτοῦ
905 1665 1412 1733 προκαταρκτικοῢ,
1446 1666 1505 1726 ὃς
1544 1670 1656 1729 τοῖς
1695 1666 1772 1735 τῷ
1832 1669 2020 1738 Κυρῖῳ

437 1751 900 1821 προσερχομένοις
934 1754 1308 1817 ἐπακολουθεῖ,
1346 1755 1432 1807 διὰ
1470 1757 1530 1808 τὸ
1564 1756 1858 1809 συνειδέναι
1888 1759 2017 1811 ἑαυα-

436 1843 551 1903 τοῖς
610 1843 785 1895 πολλὰ
816 1845 909 1897 ἐπὶ
942 1847 1218 1916 τιμωρίαν
1252 1847 1658 1916 ὲκκαλούμετα,
1683 1849 1743 1902 ὃν
1769 1851 1862 1901 καὶ
1897 1851 1929 1919 ἠ
1959 1852 2015 1901 ὲν

438 1935 795 2004 Εὐαγγελίοις
822 1939 997 2007 πόρνη
1036 1939 1357 2010 φοϐηθεῖσα,
1397 1940 1671 2010 προσῆλθε
1699 1940 1778 2010 τῷ
1801 1941 2010 2012 Κυρίῳ·

438 2027 573 2079 ἀλλὰ
602 2030 709 2097 καὶι
735 2028 829 2080 τοῦ
872 2029 1220 2083 τελειωτικοῢ
1262 2032 1425 2084 πάλιν
1487 2032 1654 2099 φόϐου
1695 2032 2014 2102 λεγομένου,

434 2117 499 2179 ὃς
526 2120 624 2173 καὶ
661 2122 796 2172 πᾶσι
846 2122 958 2182 τοῖς
981 2121 1158 2188 ἁγίοις
1186 2122 1274 2175 ἀεὶ
1308 2124 1563 2193 πάρεστι,
1611 2122 1810 2175 δεδιόσι
1879 2125 2011 2194 μήτι

440 2208 731 2263 ὲλλείπωσι
754 2210 862 2262 τῶν
896 2203 972 2263 ὧν
1001 2211 1147 2273 εἰκὸς
1177 2212 1508 2283 ἐνυπάρχειν
1542 2215 1655 2276 τοῖς
1684 2215 1764 2277 είς
1803 2214 2016 2267 τελείαν

438 2301 664 2372 ἀγάπην
712 2301 1073 2372 ἀναληφθεῖσι
1114 2318 1129 2333 ·
1176 2303 1529 2374 τοσαυταχῶς
1576 2300 1671 2367 οὖν
1709 2304 1803 2358 τοῦ
1847 2304 2014 2375 φόϐου

436 2392 755 2463 λεγομένου,
784 2395 834 2446 εί
862 2395 959 2464 μὲν
992 2397 1085 2448 καὶ
1113 2394 1201 2448 διὰ
1255 2394 1459 2449 τούτων
1498 2396 1719 2450 πάντων
1757 2395 2013 2469 [δίκαιον]

438 2482 533 2536 καὶ
560 2484 686 2548 τοὺς
715 2484 933 2549 δούλους
956 2485 1361 2558 προσφέρεσθαι
1385 2489 1499 2549 τοῖς
1528 2487 1678 2549 ἰδίοις
1704 2487 2012 2554 δεσπόταις,

430 2575 538 2628 οὐκ
561 2576 625 2630 ἂν
656 2576 1088 2655 ἀπαγορεύσειεν
1105 2579 1133 2632 6
1159 2579 1217 2630 ὲν
1244 2577 1408 2632 παντὶ
1433 2578 1581 2649 φόϐῳ
1613 2579 2015 2633 ὑποτάσσεσθαι

438 2666 565 2730 τοὺς
594 2666 812 2732 δούλους
863 2672 972 2731 rei;
1013 2669 1303 2734 δεσπόταις
1371 2671 1654 2742 παραινῶν
1692 2671 1807 2727 νῦν.
1863 2673 1932 2728 ’⁸0
1953 2691 2013 2727 τε

438 2759 550 2828 γὰρ
590 2761 1068 2831 προκαταρκτικὸς
1109 2763 1203 2815 καὶ
1239 2764 1268 2817 6
1299 2763 1641 2828 τελειωτικὸς
1698 2765 1882 2830 καλῶς
1912 2767 2014 2820 αὐ-

435 2852 565 2912 τοὺς
603 2851 857 2923 διαθῆται
906 2853 1167 2923 προσὼν’
1208 2856 1236 2908 6
1274 2855 1374 2924 μὲν
1424 2855 1519 2909 τοῦ
1594 2857 1867 2926 μηδέποτε
1927 2859 2014 2911 διὰ

438 2944 821 3012 πλημμέλειαν
847 2945 1252 3000 ὑποϐλέπεσθαι
1271 2945 1464 3002 παθεῖν
1483 2964 1535 3000 τι
1555 2947 1663 3001 τῶν
1675 2948 2012 3020 ἀνηκέστωνο

435 3034 461 3086 ἐ
491 3034 568 3100 δὲ,
606 3036 701 3088 τοῦ
733 3036 899 3108 μηδὲν
929 3036 1093 3107 ἀηδὲς
1123 3037 1443 3108 ὲννοηθῆναι
1472 3036 1550 3109 τῷ
1587 3039 1797 3092 ἑαυτῶν
1836 3055 2012 3094 κατα-

436 3127 747 3227 ⁸πράξασθαι
773 3129 1032 3201 δεσπότῃ.
1067 3129 1181 3184 Νῦν
1209 3131 1342 3200 γοῦν
1377 3130 1548 3200 φόϐον
1572 3130 1677 3185 ,τὸν
1712 3131 1800 3185 διὰ
1844 3149 2017 3186 συνει-
2040 3171 2083 3227 C

431 3215 666 3286 δήσεως,
691 3218 838 3272 τοῦτ’
861 3220 985 3273 ἔστι
1014 3218 1111 3273 σὺν
1133 3221 1414 3294 ἐπιστήμῃ
1434 3219 1526 3275 τοῦ
1544 3220 1717 3293 ,ὀρθοῦ
1749 3222 1907 3292 λόγου
1928 3240 2004 3291 γι-

430 3307 664 3378 νόμενόν
695 3327 880 3381 φησιν,
904 3311 963 3374 ὃς
1002 3312 1151 3366 ἐστιν
1181 3314 1209 3365 6
1240 3313 1301 3366 ὲν
1339 3311 1418 3383 τῷ
1447 3312 1614 3383 μηδὲν
1669 3315 2010 3386 ἁμαρτάνειν

437 3399 591 3471 παρά
621 3400 731 3453 τῶν
785 3400 1019 3454 σκολιῶν
1047 3400 1325 3455 δεσποτῶν
1357 3405 1468 3466 τοῖς
1494 3404 1706 3456 ἑαυτῶν
1729 3406 2011 3476 ἐπαγόμε-

436 3512 525 3560 νος
569 3496 832 3561 οἰκέταις.
887 3498 1089 3552 Τοῦτον
1134 3494 1227 3552 οὖν
1253 3499 1345 3554 τὸν
1379 3500 1544 3570 φόϐον
1583 3500 1822 3554 ἐπαίνων
1844 3501 2012 3567 ἀξιῶν

436 3591 729 3659 παρεγγυᾷ
760 3590 1155 3667 καταδέχεσθαι
1193 3590 1313 3661 μεθ’
1340 3591 1642 3662 ὑπομονῆς.
1681 3593 1836 3647 Ἐπεὶ
1885 3598 2012 3658 τοὶς

437 3677 507 3731 δι’
558 3679 857 3752 ἁμαρτίας,
887 3682 919 3750 ἢ
959 3682 1441 3755 ἐνεργηθείσας,.ἢ
1477 3686 1570 3738 καὶ
1594 3685 2012 3757 μὴ,,πρ,αχθῆναι

435 3770 902 3841 φυλασσομένους,
957 3776 1123 3843 φόϐον
1166 3776 1391 3844 ἔχοντας
1443 3778 1739 3845 ὑπομένειν
1782 3779 1838 3830 εἴ
1863 3795 1916 3834 τι
1942 3779 2011 3830 δι’

432 3862 605 3926 αὐτὰς
636 3864 917 3933 πάσχοιεν,
976 3865 1339 3935 εὐγνωμόνων
1371 3867 1470 3935 μὲν
1496 3871 1591 3939 καὶ
1622 3866 1782 3920 τοῦτο
1807 3868 2012 3923 δούλων

438 3954 532 4007 καὶ
555 3955 691 4026 πρὸς
715 3955 1001 4026 διόρθωσιν
1029 3958 1427 4022 ἀπονευόντων,
1460 3958 1588 4017 ἀλλ’.
1629 3956 1784 4012 οὔπω
1810 3959 2009 4013 τοσαύ-

434 4059 535 4114 της
568 4045 887 4115 φιλοσοφίας
915 4047 1051 4118 ὅσης
1099 4046 1161 4099 τὸ
1193 4047 1361 4119 μηδὲν
1400 4047 1580 4119 ἑαυτῷ
1620 4049 1885 4102 συνειδότι
1913 4066 2011 4103 κα·-

431 4136 534 4189 κδν
556 4137 914 4210 ἐγκαρτερεῖν
938 4138 1301 4209 εὐχαρίστως.
1328 4137 1502 4193 Τοῦτο
1537 4142 1705 4210 μέγα,
1728 4140 1887 4194 τοῦτο
1914 4142 2011 4196 καὶ

386 4282 393 4290 ,
436 4224 570 4295 παρ’
616 4225 816 4295 ὀλίγοις
871 4226 1311 4296 ἐπιτελούμενον,
1368 4227 1531 4283 τοῦτο
1568 4229 1667 4283 καὶ
1710 4230 1862 4299 παρά
1891 4228 2010 4300 Θεῷ

410 4304 702 4390 ’τυγχάνον
755 4318 1051 4391 ἀποδοχῆς,
1079 4319 1155 4384 ὡς
1183 4322 1297 4385 τοῖς
1334 4319 1430 4375 τοῦ
1484 4320 1723 4392 Χριστοῦ
1773 4321 2006 4376 πάθεσιν

439 4408 836 4480 ἁμιλλώμενον.
874 4408 1026 4461 Ἐπεὶ
1080 4409 1171 4462 καὶ
1226 4408 1392 4472 αὐτὸς
1443 4409 1545 4480 οὐχ
1597 4410 1736 4482 ὑπὲρ
1786 4411 2007 4465 οἰκείων

2122 574 2271 644 ipsos
2304 576 2540 643 privabit
2586 579 2677 645 qui
2713 579 2780 630 ab
2825 578 2958 647 ipsis
3004 579 3072 633 ad
3126 582 3268 635 mala
3318 585 3699 653 compellitur,

2115 665 2272 735 juxta
2296 667 2469 721 sancti
2496 667 2644 721 illius
2671 670 2935 725 dictum:
2989 689 3006 720 ι
3053 672 3129 727 Ad
3159 672 3385 727 nihilum
3433 676 3701 733 deductus

2119 767 2200 811 est
2230 760 2281 810 in
2313 768 2609 829 conspectu
2646 760 2766 828 ejus
2790 762 3142 832 malignus“.
3181 782 3199 814 ι
3237 763 3506 836 364Αιι
3544 767 3698 831 illud,

2126 870 2144 900 ι
2158 851 2362 917 Servi,»
2380 852 2814 907 subaudiendum
2829 860 2933 917 est,
2951 864 3144 919 estote,
3161 857 3269 908 sic:
3295 876 3313 906 ι
3326 855 3504 922 Servi,
3525 867 3703 913 estote

2125 943 2383 1009 subjecn.
2413 961 2429 992 ι
2459 941 2727 1007 Similiter
2756 944 2991 999 inferius
3025 946 3090 1005 ad
3123 965 3141 997 ι
3178 945 3432 1005 Mulieres
3469 950 3695 1004 inomni

2122 1036 2340 1087 timore.
2382 1054 2400 1085 ι
2427 1032 2539 1088 Vos
2581 1054 2597 1086 ι
2631 1037 2793 1089 timor
2826 1056 2845 1088 ι
2879 1036 3164 1106 multiplici
3196 1054 3360 1093 sensu
3388 1049 3701 1109 usurpatur.

2124 1125 2272 1179 Nam.
2294 1130 2470 1195 primo
2500 1129 2703 1183 dicitur
2733 1129 2898 1182 timor
2930 1130 2998 1192 is,
3033 1130 3125 1198 qui
3168 1131 3413 1185 scientiae
3464 1132 3700 1199 conjun-

2120 1227 2242 1273 ctus
2295 1229 2412 1285 est;
2447 1236 2608 1290 quem
2652 1222 2753 1276 iste
2808 1223 3393 1276 nuncconscientiam
3440 1223 3697 1293 appellat,

2121 1311 2215 1379 qui
2258 1318 2310 1364 et
2343 1312 2667 1375 reverentia,
2702 1325 2798 1367 seu
2833 1312 2997 1365 timor
3035 1312 3414 1366 reverentialis
3445 1321 3695 1367 vocatur.

2121 1401 2331 1457 Dicitur
2371 1403 2535 1457 etiam
2576 1404 2740 1458 timor
2770 1404 2881 1469 ille,
2922 1404 3017 1473 qui
3053 1412 3136 1459 est
3171 1405 3356 1474 passio
3400 1404 3647 1472 quaedam
3679 1421 3695 1455 :

2121 1495 2432 1564 cuiusmodi
2485 1504 2590 1559 est,
2638 1504 2801 1565 quem
2847 1496 3097 1566 supplicii
3132 1497 3430 1565 perieulum
3465 1496 3699 1560 incutit;

2120 1604 2229 1657 quo
2264 1589 2461 1644 timore
2504 1588 2633 1643 l‘erze
2672 1604 2891 1658 quoque
2923 1589 3247 1643 afﬁciuntur.
3288 1588 3385 1643 Est
3412 1590 3574 1643 etiam
3627 1590 3696 1642 ti-

2121 1695 2242 1733 mor
2281 1681 2527 1750 quidam,
2559 1682 2649 1750 qui
2688 1682 2913 1736 initialis
2943 1682 3281 1750 appellatur:
3315 1698 3424 1752 quo
3471 1682 3695 1751 percelli

2123 1773 2320 1838 solent,
2361 1773 2453 1841 qui
2480 1774 2659 1841 primo
2687 1773 2750 1828 ad
2787 1772 2955 1827 Deum
2987 1775 3274 1838 accedunt,
3301 1787 3367 1826 eo
3398 1772 3541 1841 quod
3565 1774 3695 1826 mul-

2122 1868 2343 1924 torum,
2378 1876 2499 1929 qua:
2539 1876 2753 1928 pmnam
2805 1871 3106 1925 merentur,
3143 1862 3350 1917 conscii
3395 1861 3497 1915 sibi
3540 1869 3693 1916 sunt.

2119 1950 2436 2017 llujusmodi
2471 1953 2664 2005 timore
2704 1966 2974 2007 concussa
3017 1953 3333 2021 evangeliea
3370 1951 3461 2005 illa
3506 1965 3697 2020 pecori-

2115 2043 2223 2097 trix
2278 2042 2345 2097 ad
2399 2043 2687 2097 Dominum
2738 2043 3007 2114 confugit.
3040 2045 3112 2096 At
3157 2044 3320 2096 timor
3362 2044 3526 2097 etiam
3571 2059 3694 2112 per-

2117 2133 2346 2189 fectivus
2378 2134 2599 2198 dicitur,
2629 2134 2721 2203 qui
2755 2137 3010 2190 omnibus
3040 2136 3245 2188 sanctis
3273 2148 3491 2202 semper
3513 2135 3697 2200 adest,

2117 2231 2302 2292 utpote
2332 2223 2421 2292 qui
2461 2221 2670 2292 iugiter
2705 2222 2917 2284 timent,
2970 2237 3038 2275 ne
3079 2222 3210 2292 quid
3263 2221 3446 2277 minus
3497 2237 3691 2277 eorum

2114 2316 2371 2380 habeant,
2400 2330 2523 2385 qua:
2544 2316 2745 2370 habere
2764 2326 2980 2386 oportet
3013 2331 3130 2379 eos,
3167 2315 3263 2384 qui
3296 2315 3362 2370 ad
3395 2314 3689 2384 perfectam

2114 2408 2440 2463 charitatem
2473 2408 2741 2477 assumpti
2763 2415 2913 2462 sunt.
2943 2407 3060 2461 Jam
3089 2422 3218 2462 vero
3247 2422 3372 2461 cum
3406 2417 3513 2460 tam
3547 2407 3693 2460 mul-

2116 2499 2351 2571 tiplices,
2409 2503 2658 2569 variique
2707 2500 2820 2555 sint
2872 2500 3122 2562 timores,
3168 2498 3410 2568 profecto
3478 2498 3693 2568 justum

2116 2607 2258 2654 esse,
2300 2601 2364 2646 ut
2405 2592 2475 2645 ob
2523 2607 2620 2647 eos
2657 2606 2850 2646 omnes
2896 2591 3135 2645 dominis
3178 2591 3297 2646 suis
3344 2590 3487 2646 servi
3530 2589 3694 2645 obse—

2115 2693 2375 2754 quantur,
2436 2699 2546 2738 non
2607 2682 2889 2754 negaverit
2943 2683 3054 2747 ille,
3111 2683 3204 2751 qui
3256 2681 3480 2737 eosdem
3545 2695 3694 2735 nunc

2116 2778 2391 2844 hortatur,
2426 2787 2485 2831 ιιι
2514 2795 2533 2829 ι
2575 2780 2628 2831 in
2660 2777 2808 2830 omni
2848 2776 3045 2830 timore
3092 2775 3320 2843 subjecti
3362 2776 3475 2828 sint
3512 2773 3694 2827 domi-

2119 2868 2204 2923 nis
2236 2869 2390 2923 suis:
2432 2886 2450 2918 ι
2501 2877 2738 2938 uterque
2785 2868 2930 2922 enim
2965 2868 3150 2932 timor,
3204 2864 3450 2927 initialis,
3483 2872 3537 2919 et
3566 2878 3693 2933 per-

2120 2956 2377 3024 fectivus,
2413 2958 2524 3017 illis
2555 2959 2761 3028 optime
2794 2958 3089 3011 convenit:
3123 2957 3335 3026 primus
3372 2954 3590 3025 quidem
3634 2961 3693 3007 ut

2117 3062 2348 3109 caveant
2405 3066 2475 3106 ne
2533 3058 2756 3121 prepter
2801 3050 2993 3111 delicta
3049 3050 3447 3107 iuextremam
3506 3045 3691 3115 perui-

2117 3141 2261 3197 ciem
2329 3141 2648 3207 incurrant;
2712 3140 2872 3201 alter,
2933 3147 2991 3193 ut
3051 3153 3119 3192 ne
3165 3137 3385 3207 quidem
3447 3135 3691 3205 cogitent

2116 3229 2339 3300 aliquod
2358 3228 2539 3284 facere
2566 3244 2780 3292 eorum,
2806 3244 2927 3297 quae
2955 3227 3193 3285 dominis
3219 3226 3335 3282 suis
3365 3227 3576 3296 ingrata
3598 3238 3692 3279 aut

2115 3320 2498 3377 molestaesse
2537 3329 2762 3380 norunt.
2804 3318 3079 3373 Caeterum
3125 3331 3273 3371 nunc
3302 3316 3371 3371 de
3395 3329 3462 3369 eo
3493 3315 3695 3370 timore

2115 3409 2378 3482 loquitur,
2424 3409 2515 3479 qui
2578 3424 2674 3479 per
2722 3409 3115 3464 conscientiam
3165 3423 3262 3462 seu
3314 3407 3693 3476 cognitionem

2114 3508 2278 3556 rectae
2315 3499 2547 3555 rationis
2570 3500 2959 3569 ingeneratur;
2994 3512 3187 3567 nempe
3209 3497 3301 3566 qui
3338 3497 3537 3557 servis,
3564 3511 3693 3550 cum

2115 3592 2275 3647 nihil.
2300 3593 2429 3646 mali
2477 3592 2937 3662 perpetraverint,
2973 3605 3003 3643 a
3044 3589 3306 3661 dyscolis,
3348 3604 3446 3645 seu
3480 3589 3696 3657 iniquis

2114 3684 2355 3743 dominis
2388 3684 2693 3739 incutitur:
2728 3693 2782 3737 et
2815 3684 2962 3738 hunc
2996 3682 3219 3751 quidem
3252 3681 3496 3735 timorem
3535 3682 3698 3735 laude

2114 3772 2337 3842 dignum
2391 3781 2676 3840 reputans.
2730 3773 3000 3841 patienter
3057 3768 3444 3824 suatinendum
3492 3768 3682 3833 edicit;

2112 3863 2383 3931 siquidem
2402 3862 2557 3914 illum
2579 3872 2801 3930 propter
2822 3860 3061 3916 admissa
3079 3862 3272 3916 delicta
3301 3860 3543 3929 perferre
3570 3876 3695 3914 esse

2110 3953 2330 4022 quidem
2366 3966 2679 4014 servorum,
2724 3952 2817 4021 qui
2852 3951 2993 4006 bona
3026 3960 3156 4006 sunt
3205 3959 3409 4017 mente,
3441 3960 3494 4005 et
3524 3952 3574 4005 in
3605 3952 3691 4005 sui

2112 4040 2511 4096 correctionem
2563 4039 2853 4103 inclinant,
2925 4049 2982 4093 at
3038 4055 3147 4093 non
3217 4048 3380 4094 tantae
3445 4039 3690 4101 virtutis,

2111 4141 2314 4201 quanta
2355 4130 2565 4201 praediti
2595 4139 2723 4184 sunt
2755 4130 2853 4196 illi,
2885 4130 2979 4200 qui
3005 4146 3129 4183 cum
3163 4129 3296 4183 nihil
3319 4131 3447 4185 mali
3479 4129 3691 4184 conscii

2112 4224 2216 4280 sibi
2255 4224 2390 4288 sint,
2416 4224 2619 4293 injuste
2651 4231 2833 4277 tamen
2866 4222 3150 4278 incussum
3184 4224 3437 4278 timorem
3474 4222 3693 4276 fortiter

2111 4316 2319 4383 lerunt,
2349 4324 2403 4370 et
2442 4331 2565 4370 cum
2596 4316 2899 4385 gratiarum
2951 4316 3187 4368 actione.
3219 4311 3333 4367 Hoc
3367 4328 3501 4367 sane
3548 4329 3691 4383 prte-

2111 4410 2323 4464 clarum
2374 4418 2430 4464 et
2487 4423 2744 4480 magnum
2779 4418 2867 4463 est
2902 4425 2917 4461 ε
2954 4407 3060 4461 hoc
3096 4418 3202 4468 est,
3250 4406 3396 4477 quod
3438 4421 3466 4459 a
3504 4409 3695 4475 paucis

436 4499 675 4572 ἔπασχεν
732 4499 1018 4569 ἁμαρτιῶν
1084 4500 1130 4568 (ι
1166 4498 1470 4569 ’Λμαρτίαν
1533 4498 1643 4569 γὰρ
1674 4501 1775 4554 οὐκ
1829 4501 2012 4572 ἐποίη-

2117 4492 2440 4558 exereetur:
2490 4508 2545 4555 et
2598 4502 2702 4554 hoc
2768 4499 2878 4554 Deo
2934 4516 3056 4554 cum
3122 4499 3314 4569 primis
3381 4509 3691 4569 acceptum,

440 4608 529 4645 σεν
554 4592 626 4662 ι),
654 4591 768 4645 ἀλλ’
798 4592 936 4664 ὑπὲρ
960 4591 1117 4662 ἡμῶν
1167 4591 1263 4644 καὶ
1293 4590 1401 4644 τῶν
1436 4592 1722 4662 ἡμετέρων
1753 4591 2009 4664 ἔπασχεν.

440 4699 462 4733 ι
496 4682 630 4736 Ἀπὸ
668 4682 775 4734 τῶν
810 4680 1053 4753 ἀνομιῶν
1078 4679 1174 4734 τοῦ
1209 4681 1339 4734 λαοῦ
1366 4698 1493 4752 μου,
1534 4700 1553 4733 ι
1597 4680 1743 4734 τοῦτ’
1776 4680 1891 4735 ἔστι
1925 4682 2014 4735 διά

437 4774 535 4839 τὰς
564 4773 795 4846 ἀνομίας
816 4773 910 4826 τοῦ
947 4772 1101 4840 λαοῦ,
1139 4792 1157 4824 ι
1181 4773 1322 4843 ἢχθη
1351 4776 1432 4837 εἰς
1458 4774 1710 4840 θάνατον,
1738 4793 1759 4825 ι
1798 4774 1964 4846 φησὶν
1983 4777 2011 4828 6

439 4867 747 4937 προφήτης.
806 4865 1120 4920 Ἐπαινετδν
1172 4866 1272 4935 μὲν
1325 4862 1423 4920 οὖν
1465 4865 1560 4919 τὸν
1610 4865 1775 4935 φόϐον
1819 4866 2010 4920 τοῦτον

434 4957 671 5013 τίθεται.
712 4956 875 5011 Ἀλλά
909 4957 1015 5028 μὴν
1041 4957 1137 5011 καὶ
1162 4960 1274 5021 τοῖς
1300 4957 1482 5020 ἄλλοις
1508 4957 1696 5026 φόϐοις
1728 4957 1856 5022 τοὺς
1882 4958 2008 5010 δού-

441 5048 566 5112 λους
614 5047 865 5118 βούλεται
930 5046 1402 5120 περικρατεῖσθαι.
1479 5047 1590 5103 Καὶ
1617 5046 1775 5116 δῆλον
1810 5047 1906 5116 ἀφ’
1938 5040 2014 5102 ὧν

438 5156 602 5211 φησιν
629 5157 644 5172 ο
690 5159 709 5193 ι
742 5140 830 5192 Ἐν
854 5140 1016 5193 παντὶ
1044 5140 1215 5211 φόϐῳ.
1242 5157 1262 5191 ›
1305 5138 1631 5210 ’Υπερφυῶς
1666 5138 1723 5192 δὲ
1748 5138 2012 5210 ἀντέθηκε

436 5236 549 5296 τοῖς
575 5230 755 5296 ἄλλοις
784 5231 972 5301 φόϐοις
1003 5232 1094 5286 τὸν
1123 5233 1210 5285 διὰ
1246 5231 1746 5301 συνείδησινφόϐον
1791 5232 1885 5285 καὶ
1908 5235 2013 5303 p.6—

434 5343 544 5390 νως
570 5326 762 5381 τούτου
794 5322 934 5393 εἶναι
963 5325 1024 5379 τὸ
1041 5325 1379 5392 ἀξιέπαινον,
1413 5325 1766 5397 ἀληθεστάτῳ
1796 5326 2011 5397 ἀπεφή-

436 5410 566 5471 νατο
593 5417 768 5487 λόγῳο
802 5417 877 5483 ὠς
921 5417 1029 5471 τῶν
1072 5419 1170 5488 μὲν
1207 5417 1440 5487 ἐχόντων
1472 5417 1534 5471 τὸ
1576 5418 1869 5489 παραίτιον
1900 5419 2001 5489 τῆς

346 5514 349 5515 ⁷
437 5509 545 5560 τῶν
569 5507 845 5561 δεσποτῶν
895 5509 975 5571 εἰς
1028 5510 1225 5571 αὐτοὺς
1261 5507 1454 5578 ὀργῆς,
1477 5508 1574 5561 τοῦ
1613 5507 1670 5561 δὲ
1709 5509 1876 5579 μηδὲν
1902 5527 2009 5580 μεθ’

433 5599 633 5670 δαμοῦ.

2119 4606 2306 4669 utpote
2324 4599 2469 4670 quod
2500 4598 2700 4652 Christi
2730 4596 3047 4666 patientiam
3088 4594 3492 4664 quadamtenus
3518 4609 3693 4648 temu-

2117 4692 2292 4745 latur:
2327 4705 2453 4744 nam
2474 4698 2528 4744 et
2558 4690 2672 4760 ipse
2696 4704 2802 4741 non
2835 4703 2935 4757 pro
2959 4687 3199 4755 peccatis
3229 4684 3346 4741 suis
3374 4685 3690 4755 (peccatum

2112 4783 2259 4836 enim
2289 4796 2396 4834 non
2423 4781 2668 4846 fecerat),
2694 4778 2786 4833 sed
2820 4793 2915 4846 pro
2943 4777 3123 4839 nobis,
3148 4775 3459 4844 uestrisque
3475 4775 3692 4830 delictis

2113 4884 2311 4940 passus
2342 4878 2448 4925 est.
2500 4887 2519 4920 ι
2585 4870 2669 4923 Ab
2732 4866 3141 4936 iniquitatibus,
3182 4885 3203 4917 ι
3251 4864 3302 4919 id
3350 4873 3435 4920 est
3467 4875 3693 4935 propter

2111 4962 2437 5032 iniquitates
2467 4979 2486 5013 ι
2515 4961 2703 5032 populi
2732 4962 2840 5014 mei
2867 4960 3070 5016 ductus
3097 4970 3183 5014 est
3218 4957 3284 5012 ad
3314 4965 3545 5012 mortem
3565 4958 3630 5017 ³⁷,
3662 4976 3683 5008 ι

2111 5055 2188 5109 ait
2224 5055 2509 5124 propheta.
2541 5051 2774 5122 Dignum
2807 5055 2994 5121 itaque
3028 5051 3193 5106 laude
3238 5052 3489 5106 timorem
3522 5053 3690 5105 istum
3742 5084 3747 5089 ε

2109 5160 2232 5200 esse
2284 5143 2498 5198 statuit.
2531 5143 2815 5207 Attamen,
2844 5152 2905 5195 ut
2945 5141 3069 5197 aliis
3122 5156 3342 5211 quoque
3399 5141 3693 5196 timoribus

2110 5237 2256 5292 servi
2293 5241 2605 5299 teneantur,
2638 5244 2852 5304 aequum
2908 5243 2959 5286 et
3008 5234 3141 5286 utile
3168 5239 3395 5287 censet:
3445 5241 3503 5283 ut
3538 5239 3690 5301 patet

2111 5341 2175 5381 ex
2228 5340 2315 5391 eo,
2346 5324 2492 5395 quod
2551 5324 2718 5388 dicat,
2758 5340 2774 5373 t
2813 5323 2867 5376 in
2908 5323 3055 5376 omni
3105 5322 3322 5375 timore.
3362 5337 3382 5370 ι
3424 5318 3534 5375 Sed
3564 5336 3688 5374 eum

2111 5420 2209 5488 qui
2244 5429 2466 5487 propter
2499 5415 2900 5470 conscientiam
2934 5423 3037 5480 est,
3072 5414 3195 5469 aliis
3228 5412 3515 5468 timoribus
3538 5422 3690 5467 aute-

2114 5493 2293 5579 ponit,
2325 5517 2379 5562 et
2413 5507 2559 5561 hunc
2613 5506 2788 5560 solum
2824 5520 2949 5560 esse
2972 5504 3192 5574 proprie
3251 5502 3411 5558 laude
3466 5502 3689 5571 dignum

2113 5579 2403 5655 verissima
2435 5598 2624 5652 deliuit
2655 5600 2866 5651 ratione
2891 5615 2903 5648 :
2933 5594 3371 5665 quandoquidem
3404 5593 3499 5649 alii
3527 5595 3689 5649 timo—

439 5710 526 5748 res
556 5693 808 5764 praeviam
851 5693 1052 5747 habent
1091 5690 1294 5762 justam
1328 5705 1549 5746 causam
1609 5691 1993 5765 indignationis
2033 5690 2384 5747 dominorum
2419 5689 2475 5744 in
2509 5702 2699 5744 servos
2729 5703 2741 5751 ;
2781 5687 2883 5742 iste
2920 5696 3102 5740 autem
3139 5683 3368 5739 nullan).

506 5812 550 5844 ³⁸
588 5809 728 5863 Psal.
757 5824 869 5875 xw,
898 5807 951 5862 4.
1046 5806 1088 5839 ³⁷
1122 5807 1224 5863 lsa.
1269 5822 1470 5872 xum,
1510 5807 1563 5861 8.
