  <div class='ocr_page' id='page_1' title='image "/cluster/home/n/w/nwhite01/storage/ocr_20150623/125:no.3/coo.31924054870302/617.png"; bbox 0 0 4120 6462; ppageno 0'>
   <div class='ocr_carea' id='block_1_1' title="bbox 443 415 588 486">
    <p class='ocr_par' dir='ltr' id='par_1_1' title="bbox 443 415 588 486">
     <span class='ocr_line' id='line_1_1' title="bbox 443 415 588 486; baseline -0.021 0"><span class='ocrx_word' id='word_1_1' title='bbox 443 415 588 486; x_wconf 73' lang='grc'><strong>1219</strong></span> 
     </span>
    </p>
   </div>
   <div class='ocr_carea' id='block_1_2' title="bbox 496 522 2083 608">
    <p class='ocr_par' dir='ltr' id='par_1_2' title="bbox 496 522 2083 608">
     <span class='ocr_line' id='line_1_2' title="bbox 496 522 2083 608; baseline -0.012 -16"><span class='ocrx_word' id='word_1_2' title='bbox 496 528 659 608; x_wconf 78' lang='grc'><strong>365</strong></span> <span class='ocrx_word' id='word_1_3' title='bbox 688 528 857 590; x_wconf 70' lang='lat' dir='ltr'><strong>Vens.</strong></span> <span class='ocrx_word' id='word_1_4' title='bbox 883 528 1075 586; x_wconf 66' lang='grc'><strong>25-24.</strong></span> <span class='ocrx_word' id='word_1_5' title='bbox 1112 524 1246 592; x_wconf 69' lang='lat' dir='ltr'><strong>«Qui</strong></span> <span class='ocrx_word' id='word_1_6' title='bbox 1272 540 1396 578; x_wconf 84' lang='lat' dir='ltr'><strong>cum</strong></span> <span class='ocrx_word' id='word_1_7' title='bbox 1429 522 1874 588; x_wconf 75' lang='lat' dir='ltr'><strong>malediceretur,</strong></span> <span class='ocrx_word' id='word_1_8' title='bbox 1900 537 2010 576; x_wconf 90' lang='lat' dir='ltr'><strong>non</strong></span> <span class='ocrx_word' id='word_1_9' title='bbox 2045 534 2083 584; x_wconf 64' lang='grc' dir='ltr'>Α</span> 
     </span>
    </p>
   </div>
   <div class='ocr_carea' id='block_1_3' title="bbox 428 613 2021 689">
    <p class='ocr_par' dir='ltr' id='par_1_3' title="bbox 428 613 2021 689">
     <span class='ocr_line' id='line_1_3' title="bbox 428 613 2021 689; baseline -0.012 -6"><span class='ocrx_word' id='word_1_10' title='bbox 428 625 832 689; x_wconf 88' lang='lat' dir='ltr'><strong>maledicehat;</strong></span> <span class='ocrx_word' id='word_1_11' title='bbox 877 637 1001 676; x_wconf 89' lang='lat' dir='ltr'><strong>cum</strong></span> <span class='ocrx_word' id='word_1_12' title='bbox 1047 624 1349 689; x_wconf 88' lang='lat' dir='ltr'><strong>pateretur,</strong></span> <span class='ocrx_word' id='word_1_13' title='bbox 1411 631 1518 669; x_wconf 89' lang='lat' dir='ltr'><strong>non</strong></span> <span class='ocrx_word' id='word_1_14' title='bbox 1559 613 2021 688; x_wconf 64' lang='lat' dir='ltr'><strong>comminabatur,</strong></span> 
     </span>
    </p>
   </div>
   <div class='ocr_carea' id='block_1_4' title="bbox 429 703 2021 789">
    <p class='ocr_par' dir='ltr' id='par_1_4' title="bbox 429 703 2021 789">
     <span class='ocr_line' id='line_1_4' title="bbox 429 703 2021 789; baseline -0.008 -20"><span class='ocrx_word' id='word_1_15' title='bbox 429 716 676 770; x_wconf 90' lang='lat' dir='ltr'><strong>tradehat</strong></span> <span class='ocrx_word' id='word_1_16' title='bbox 711 721 889 766; x_wconf 87' lang='lat' dir='ltr'><strong>autem</strong></span> <span class='ocrx_word' id='word_1_17' title='bbox 915 710 1184 781; x_wconf 78' lang='lat' dir='ltr'><strong>iudicanti</strong></span> <span class='ocrx_word' id='word_1_18' title='bbox 1207 709 1373 777; x_wconf 81' lang='lat' dir='ltr'><strong>iuste.</strong></span> <span class='ocrx_word' id='word_1_19' title='bbox 1405 703 1509 771; x_wconf 87' lang='lat' dir='ltr'><strong>Qui</strong></span> <span class='ocrx_word' id='word_1_20' title='bbox 1544 706 1777 789; x_wconf 36' lang='lat' dir='ltr'><strong>peccata.</strong></span> <span class='ocrx_word' id='word_1_21' title='bbox 1829 714 2021 758; x_wconf 89' lang='lat' dir='ltr'><strong>nostra</strong></span> 
     </span>
    </p>
   </div>
   <div class='ocr_carea' id='block_1_5' title="bbox 430 796 2020 877">
    <p class='ocr_par' dir='ltr' id='par_1_5' title="bbox 430 796 2020 877">
     <span class='ocr_line' id='line_1_5' title="bbox 430 796 2020 877; baseline -0.009 -17"><span class='ocrx_word' id='word_1_22' title='bbox 430 807 548 877; x_wconf 91' lang='lat' dir='ltr'><strong>ipse</strong></span> <span class='ocrx_word' id='word_1_23' title='bbox 583 806 807 875; x_wconf 78' lang='lat' dir='ltr'><strong>pet-tulit</strong></span> <span class='ocrx_word' id='word_1_24' title='bbox 839 805 892 857; x_wconf 90' lang='lat' dir='ltr'><strong>itt</strong></span> <span class='ocrx_word' id='word_1_25' title='bbox 929 818 1161 873; x_wconf 86' lang='lat' dir='ltr'><strong>corpore</strong></span> <span class='ocrx_word' id='word_1_26' title='bbox 1196 813 1297 856; x_wconf 92' lang='lat' dir='ltr'><strong>suo</strong></span> <span class='ocrx_word' id='word_1_27' title='bbox 1323 812 1485 866; x_wconf 81' lang='lat' dir='ltr'><strong>super</strong></span> <span class='ocrx_word' id='word_1_28' title='bbox 1512 796 1759 864; x_wconf 82' lang='lat' dir='ltr'><strong>lignum:</strong></span> <span class='ocrx_word' id='word_1_29' title='bbox 1801 804 1861 849; x_wconf 91' lang='lat' dir='ltr'><strong>ut</strong></span> <span class='ocrx_word' id='word_1_30' title='bbox 1895 810 2020 864; x_wconf 83' lang='lat' dir='ltr'><strong>pt-c-</strong></span> 
     </span>
    </p>
   </div>
   <div class='ocr_carea' id='block_1_6' title="bbox 429 883 2023 961">
    <p class='ocr_par' dir='ltr' id='par_1_6' title="bbox 429 883 2023 961">
     <span class='ocr_line' id='line_1_6' title="bbox 429 883 2023 961; baseline -0.01 -11"><span class='ocrx_word' id='word_1_31' title='bbox 429 896 569 950; x_wconf 90' lang='lat' dir='ltr'><strong>catis</strong></span> <span class='ocrx_word' id='word_1_32' title='bbox 598 895 820 957; x_wconf 84' lang='lat' dir='ltr'><strong>mortui,</strong></span> <span class='ocrx_word' id='word_1_33' title='bbox 843 892 1068 961; x_wconf 70' lang='lat' dir='ltr'><strong>justitim</strong></span> <span class='ocrx_word' id='word_1_34' title='bbox 1091 891 1396 944; x_wconf 62' lang='lat' dir='ltr'><strong>vivamusa</strong></span> <span class='ocrx_word' id='word_1_35' title='bbox 1429 884 1687 940; x_wconf 86' lang='lat' dir='ltr'><strong>Fortasse</strong></span> <span class='ocrx_word' id='word_1_36' title='bbox 1710 884 1797 937; x_wconf 91' lang='lat' dir='ltr'><strong>hic</strong></span> <span class='ocrx_word' id='word_1_37' title='bbox 1823 883 2023 936; x_wconf 58' lang='lat' dir='ltr'><strong>dist-rit</strong></span> 
     </span>
    </p>
   </div>
   <div class='ocr_carea' id='block_1_7' title="bbox 428 974 2007 1056">
    <p class='ocr_par' dir='ltr' id='par_1_7' title="bbox 428 974 2007 1056">
     <span class='ocr_line' id='line_1_7' title="bbox 428 974 2007 1056; baseline -0.011 -17"><span class='ocrx_word' id='word_1_38' title='bbox 428 987 746 1056; x_wconf 77' lang='lat' dir='ltr'><strong>quispiam:</strong></span> <span class='ocrx_word' id='word_1_39' title='bbox 804 980 1088 1049; x_wconf 82' lang='lat' dir='ltr'><strong>Quomodo</strong></span> <span class='ocrx_word' id='word_1_40' title='bbox 1136 993 1285 1033; x_wconf 89' lang='lat' dir='ltr'><strong>nunc</strong></span> <span class='ocrx_word' id='word_1_41' title='bbox 1336 977 1414 1031; x_wconf 90' lang='lat' dir='ltr'><strong>ait</strong></span> <span class='ocrx_word' id='word_1_42' title='bbox 1466 976 1684 1036; x_wconf 87' lang='lat' dir='ltr'><strong>Petrus.</strong></span> <span class='ocrx_word' id='word_1_43' title='bbox 1722 974 2007 1028; x_wconf 85' lang='lat' dir='ltr'><strong>Christum</strong></span> 
     </span>
    </p>
   </div>
   <div class='ocr_carea' id='block_1_8' title="bbox 434 1066 2010 1141">
    <p class='ocr_par' dir='ltr' id='par_1_8' title="bbox 434 1066 2010 1141">
     <span class='ocr_line' id='line_1_8' title="bbox 434 1066 2010 1141; baseline -0.012 -10"><span class='ocrx_word' id='word_1_44' title='bbox 434 1079 745 1141; x_wconf 79' lang='lat' dir='ltr'><strong>Doutinutn,</strong></span> <span class='ocrx_word' id='word_1_45' title='bbox 780 1096 797 1126; x_wconf 71' lang='grc' dir='ltr'><strong>ε</strong></span> <span class='ocrx_word' id='word_1_46' title='bbox 828 1072 1410 1133; x_wconf 72' lang='lat' dir='ltr'><strong>cummaletliccrettir,</strong></span> <span class='ocrx_word' id='word_1_47' title='bbox 1439 1083 1546 1121; x_wconf 90' lang='lat' dir='ltr'><strong>non</strong></span> <span class='ocrx_word' id='word_1_48' title='bbox 1582 1066 1957 1128; x_wconf 73' lang='lat' dir='ltr'><strong>maledixisse,</strong></span> <span class='ocrx_word' id='word_1_49' title='bbox 1994 1083 2010 1112; x_wconf 75' lang='grc' dir='ltr'><strong>ι</strong></span> 
     </span>
    </p>
   </div>
   <div class='ocr_carea' id='block_1_9' title="bbox 429 1159 2011 1234">
    <p class='ocr_par' dir='ltr' id='par_1_9' title="bbox 429 1159 2011 1234">
     <span class='ocr_line' id='line_1_9' title="bbox 429 1159 2011 1234; baseline -0.01 -11"><span class='ocrx_word' id='word_1_50' title='bbox 429 1181 484 1223; x_wconf 89' lang='lat' dir='ltr'><strong>et</strong></span> <span class='ocrx_word' id='word_1_51' title='bbox 540 1188 559 1219; x_wconf 73' lang='grc' dir='ltr'><strong>ι</strong></span> <span class='ocrx_word' id='word_1_52' title='bbox 611 1183 734 1221; x_wconf 88' lang='lat' dir='ltr'><strong>cum</strong></span> <span class='ocrx_word' id='word_1_53' title='bbox 794 1175 1093 1234; x_wconf 83' lang='lat' dir='ltr'><strong>pateretur,</strong></span> <span class='ocrx_word' id='word_1_54' title='bbox 1161 1173 1269 1216; x_wconf 87' lang='lat' dir='ltr'><strong>non</strong></span> <span class='ocrx_word' id='word_1_55' title='bbox 1331 1159 1733 1214; x_wconf 73' lang='lat' dir='ltr'><strong>comminutum</strong></span> <span class='ocrx_word' id='word_1_56' title='bbox 1791 1171 1933 1219; x_wconf 88' lang='lat' dir='ltr'><strong>esse,</strong></span> <span class='ocrx_word' id='word_1_57' title='bbox 1994 1174 2011 1206; x_wconf 69' lang='grc' dir='ltr'><strong>ι</strong></span> 
     </span>
    </p>
   </div>
   <div class='ocr_carea' id='block_1_10' title="bbox 429 1246 2021 1326">
    <p class='ocr_par' dir='ltr' id='par_1_10' title="bbox 429 1246 2021 1326">
     <span class='ocr_line' id='line_1_10' title="bbox 429 1246 2021 1326; baseline -0.008 -15"><span class='ocrx_word' id='word_1_58' title='bbox 429 1256 652 1326; x_wconf 77' lang='lat' dir='ltr'><strong>quando</strong></span> <span class='ocrx_word' id='word_1_59' title='bbox 700 1257 920 1324; x_wconf 78' lang='lat' dir='ltr'><strong>quidem</strong></span> <span class='ocrx_word' id='word_1_60' title='bbox 958 1255 1353 1323; x_wconf 80' lang='lat' dir='ltr'><strong>comperimus,</strong></span> <span class='ocrx_word' id='word_1_61' title='bbox 1379 1266 1501 1303; x_wconf 89' lang='lat' dir='ltr'><strong>eum</strong></span> <span class='ocrx_word' id='word_1_62' title='bbox 1539 1257 1594 1303; x_wconf 90' lang='lat' dir='ltr'><strong>et</strong></span> <span class='ocrx_word' id='word_1_63' title='bbox 1622 1248 1891 1319; x_wconf 86' lang='lat' dir='ltr'><strong>quosdam</strong></span> <span class='ocrx_word' id='word_1_64' title='bbox 1924 1246 2021 1300; x_wconf 83' lang='lat' dir='ltr'><strong>Ju-</strong></span> 
     </span>
    </p>
   </div>
   <div class='ocr_carea' id='block_1_11' title="bbox 431 1340 2013 1410">
    <p class='ocr_par' dir='ltr' id='par_1_11' title="bbox 431 1340 2013 1410">
     <span class='ocr_line' id='line_1_11' title="bbox 431 1340 2013 1410; baseline -0.006 -8"><span class='ocrx_word' id='word_1_65' title='bbox 431 1352 578 1402; x_wconf 70' lang='lat' dir='ltr'><strong>dzros</strong></span> <span class='ocrx_word' id='word_1_66' title='bbox 621 1363 848 1402; x_wconf 81' lang='lat' dir='ltr'><strong>vocasse</strong></span> <span class='ocrx_word' id='word_1_67' title='bbox 884 1366 901 1397; x_wconf 88' lang='grc'><strong>‹</strong></span> <span class='ocrx_word' id='word_1_68' title='bbox 938 1361 1126 1410; x_wconf 86' lang='lat' dir='ltr'><strong>canes,</strong></span> <span class='ocrx_word' id='word_1_69' title='bbox 1164 1365 1181 1395; x_wconf 78' lang='grc' dir='ltr'><strong>ι</strong></span> <span class='ocrx_word' id='word_1_70' title='bbox 1241 1353 1293 1398; x_wconf 89' lang='lat' dir='ltr'><strong>et</strong></span> <span class='ocrx_word' id='word_1_71' title='bbox 1331 1340 1639 1398; x_wconf 67' lang='lat' dir='ltr'><strong>Pharismos</strong></span> <span class='ocrx_word' id='word_1_72' title='bbox 1680 1361 1699 1392; x_wconf 86' lang='grc'><em>‹</em></span> <span class='ocrx_word' id='word_1_73' title='bbox 1731 1356 1904 1395; x_wconf 65' lang='lat' dir='ltr'><strong>caecos</strong></span> <span class='ocrx_word' id='word_1_74' title='bbox 1935 1358 1951 1408; x_wconf 86' lang='lat'><strong>;</strong></span> <span class='ocrx_word' id='word_1_75' title='bbox 1997 1358 2013 1392; x_wconf 76' lang='grc' dir='ltr'><strong>ι</strong></span> 
     </span>
    </p>
   </div>
   <div class='ocr_carea' id='block_1_12' title="bbox 430 1431 2017 1507">
    <p class='ocr_par' dir='ltr' id='par_1_12' title="bbox 430 1431 2017 1507">
     <span class='ocr_line' id='line_1_12' title="bbox 430 1431 2017 1507; baseline -0.005 -15"><span class='ocrx_word' id='word_1_76' title='bbox 430 1449 482 1492; x_wconf 75' lang='grc' dir='ltr'><strong>ιιι</strong></span> <span class='ocrx_word' id='word_1_77' title='bbox 556 1438 735 1507; x_wconf 87' lang='lat' dir='ltr'><strong>quoad</strong></span> <span class='ocrx_word' id='word_1_78' title='bbox 791 1438 1009 1502; x_wconf 81' lang='lat' dir='ltr'><strong>Jndam,</strong></span> <span class='ocrx_word' id='word_1_79' title='bbox 1055 1437 1263 1490; x_wconf 77' lang='lat' dir='ltr'><strong>dixisse</strong></span> <span class='ocrx_word' id='word_1_80' title='bbox 1302 1454 1313 1488; x_wconf 90' lang='lat'><strong>:</strong></span> <span class='ocrx_word' id='word_1_81' title='bbox 1357 1454 1375 1486; x_wconf 78' lang='grc' dir='ltr'><strong>ι</strong></span> <span class='ocrx_word' id='word_1_82' title='bbox 1434 1434 1644 1488; x_wconf 91' lang='lat' dir='ltr'><strong>Bonum</strong></span> <span class='ocrx_word' id='word_1_83' title='bbox 1701 1439 1818 1486; x_wconf 87' lang='lat' dir='ltr'><strong>erat</strong></span> <span class='ocrx_word' id='word_1_84' title='bbox 1861 1433 1933 1495; x_wconf 87' lang='lat' dir='ltr'><strong>ei,</strong></span> <span class='ocrx_word' id='word_1_85' title='bbox 1975 1431 2017 1486; x_wconf 91' lang='lat' dir='ltr'><strong>si</strong></span> 
     </span>
    </p>
   </div>
   <div class='ocr_carea' id='block_1_13' title="bbox 428 1524 2020 1592">
    <p class='ocr_par' dir='ltr' id='par_1_13' title="bbox 428 1524 2020 1592">
     <span class='ocr_line' id='line_1_13' title="bbox 428 1524 2020 1592; baseline -0.005 -9"><span class='ocrx_word' id='word_1_86' title='bbox 428 1539 594 1584; x_wconf 81' lang='lat' dir='ltr'><strong>natus</strong></span> <span class='ocrx_word' id='word_1_87' title='bbox 626 1546 731 1582; x_wconf 85' lang='lat' dir='ltr'><strong>non</strong></span> <span class='ocrx_word' id='word_1_88' title='bbox 765 1531 957 1584; x_wconf 81' lang='lat' dir='ltr'><strong>fuisset</strong></span> <span class='ocrx_word' id='word_1_89' title='bbox 980 1530 1145 1582; x_wconf 89' lang='lat' dir='ltr'><strong>homo</strong></span> <span class='ocrx_word' id='word_1_90' title='bbox 1178 1528 1350 1581; x_wconf 74' lang='lat' dir='ltr'><strong>ille”:</strong></span> <span class='ocrx_word' id='word_1_91' title='bbox 1394 1546 1412 1579; x_wconf 76' lang='grc' dir='ltr'><strong>ι</strong></span> <span class='ocrx_word' id='word_1_92' title='bbox 1453 1537 1507 1580; x_wconf 90' lang='lat' dir='ltr'><strong>ct</strong></span> <span class='ocrx_word' id='word_1_93' title='bbox 1535 1526 1603 1579; x_wconf 90' lang='lat' dir='ltr'><strong>de</strong></span> <span class='ocrx_word' id='word_1_94' title='bbox 1628 1524 1868 1588; x_wconf 82' lang='lat' dir='ltr'><strong>civitate,</strong></span> <span class='ocrx_word' id='word_1_95' title='bbox 1901 1537 2020 1592; x_wconf 78' lang='lat' dir='ltr'><strong>qure</strong></span> 
     </span>
    </p>
   </div>
   <div class='ocr_carea' id='block_1_14' title="bbox 435 1613 2018 1689">
    <p class='ocr_par' dir='ltr' id='par_1_14' title="bbox 435 1613 2018 1689">
     <span class='ocr_line' id='line_1_14' title="bbox 435 1613 2018 1689; baseline -0.005 -18"><span class='ocrx_word' id='word_1_96' title='bbox 435 1621 714 1689; x_wconf 79' lang='lat' dir='ltr'><strong>apostolos</strong></span> <span class='ocrx_word' id='word_1_97' title='bbox 745 1634 855 1673; x_wconf 86' lang='lat' dir='ltr'><strong>non</strong></span> <span class='ocrx_word' id='word_1_98' title='bbox 891 1619 1231 1686; x_wconf 72' lang='lat' dir='ltr'><strong>recepisset:</strong></span> <span class='ocrx_word' id='word_1_99' title='bbox 1269 1635 1287 1667; x_wconf 77' lang='grc' dir='ltr'><strong>ι</strong></span> <span class='ocrx_word' id='word_1_100' title='bbox 1323 1614 1714 1676; x_wconf 87' lang='lat' dir='ltr'><strong>Tolerabilius,</strong></span> <span class='ocrx_word' id='word_1_101' title='bbox 1756 1631 1775 1664; x_wconf 71' lang='grc' dir='ltr'><strong>ι</strong></span> <span class='ocrx_word' id='word_1_102' title='bbox 1819 1613 2018 1682; x_wconf 91' lang='lat' dir='ltr'><strong>inquit,</strong></span> 
     </span>
    </p>
   </div>
   <div class='ocr_carea' id='block_1_15' title="bbox 439 1700 2021 1763">
    <p class='ocr_par' dir='ltr' id='par_1_15' title="bbox 439 1700 2021 1763">
     <span class='ocr_line' id='line_1_15' title="bbox 439 1700 2021 1763; baseline -0.004 -2"><span class='ocrx_word' id='word_1_103' title='bbox 439 1730 456 1761; x_wconf 78' lang='grc' dir='ltr'><strong>ι</strong></span> <span class='ocrx_word' id='word_1_104' title='bbox 496 1712 603 1763; x_wconf 81' lang='lat' dir='ltr'><strong>erit</strong></span> <span class='ocrx_word' id='word_1_105' title='bbox 653 1719 814 1763; x_wconf 74' lang='lat' dir='ltr'><strong>terra:</strong></span> <span class='ocrx_word' id='word_1_106' title='bbox 856 1707 1220 1762; x_wconf 82' lang='lat' dir='ltr'><strong>Sodomorum</strong></span> <span class='ocrx_word' id='word_1_107' title='bbox 1281 1715 1334 1759; x_wconf 88' lang='lat' dir='ltr'><strong>et</strong></span> <span class='ocrx_word' id='word_1_108' title='bbox 1369 1703 1812 1759; x_wconf 72' lang='lat' dir='ltr'><strong>Gomorrmorum</strong></span> <span class='ocrx_word' id='word_1_109' title='bbox 1845 1703 1896 1754; x_wconf 91' lang='lat' dir='ltr'><strong>in</strong></span> <span class='ocrx_word' id='word_1_110' title='bbox 1933 1700 2021 1755; x_wconf 88' lang='lat' dir='ltr'><strong>die</strong></span> 
     </span>
    </p>
   </div>
   <div class='ocr_carea' id='block_1_16' title="bbox 430 1790 2021 1864">
    <p class='ocr_par' dir='ltr' id='par_1_16' title="bbox 430 1790 2021 1864">
     <span class='ocr_line' id='line_1_16' title="bbox 430 1790 2021 1864; baseline -0.002 -17"><span class='ocrx_word' id='word_1_111' title='bbox 430 1796 641 1864; x_wconf 83' lang='lat' dir='ltr'><strong>judtcii,</strong></span> <span class='ocrx_word' id='word_1_112' title='bbox 676 1811 837 1860; x_wconf 65' lang='lat' dir='ltr'><strong>quam</strong></span> <span class='ocrx_word' id='word_1_113' title='bbox 890 1794 965 1846; x_wconf 85' lang='lat' dir='ltr'><strong>illi</strong></span> <span class='ocrx_word' id='word_1_114' title='bbox 1004 1795 1210 1848; x_wconf 85' lang='lat' dir='ltr'><strong>civitati</strong></span> <span class='ocrx_word' id='word_1_115' title='bbox 1243 1793 1329 1845; x_wconf 77' lang='lat'><strong>”?</strong></span> <span class='ocrx_word' id='word_1_116' title='bbox 1368 1811 1387 1843; x_wconf 75' lang='grc' dir='ltr'><strong>ι</strong></span> <span class='ocrx_word' id='word_1_117' title='bbox 1426 1790 1847 1861; x_wconf 82' lang='lat' dir='ltr'><strong>Respondemus</strong></span> <span class='ocrx_word' id='word_1_118' title='bbox 1920 1790 2021 1844; x_wconf 87' lang='lat' dir='ltr'><strong>Pc-</strong></span> 
     </span>
    </p>
   </div>
   <div class='ocr_carea' id='block_1_17' title="bbox 435 1882 2023 1955">
    <p class='ocr_par' dir='ltr' id='par_1_17' title="bbox 435 1882 2023 1955">
     <span class='ocr_line' id='line_1_17' title="bbox 435 1882 2023 1955; baseline 0.001 -20"><span class='ocrx_word' id='word_1_119' title='bbox 435 1893 579 1935; x_wconf 87' lang='lat' dir='ltr'><strong>trum</strong></span> <span class='ocrx_word' id='word_1_120' title='bbox 648 1899 754 1936; x_wconf 74' lang='lat' dir='ltr'><strong>non</strong></span> <span class='ocrx_word' id='word_1_121' title='bbox 813 1882 998 1937; x_wconf 88' lang='lat' dir='ltr'><strong>dicere</strong></span> <span class='ocrx_word' id='word_1_122' title='bbox 1062 1883 1351 1937; x_wconf 83' lang='lat' dir='ltr'><strong>Dominum</strong></span> <span class='ocrx_word' id='word_1_123' title='bbox 1416 1900 1696 1955; x_wconf 90' lang='lat' dir='ltr'><strong>nunquam</strong></span> <span class='ocrx_word' id='word_1_124' title='bbox 1762 1902 1781 1934; x_wconf 75' lang='grc' dir='ltr'><strong>ι</strong></span> <span class='ocrx_word' id='word_1_125' title='bbox 1851 1883 2023 1937; x_wconf 82' lang='lat' dir='ltr'><strong>malc-</strong></span> 
     </span>
    </p>
   </div>
   <div class='ocr_carea' id='block_1_18' title="bbox 434 1974 2020 2039">
    <p class='ocr_par' dir='ltr' id='par_1_18' title="bbox 434 1974 2020 2039">
     <span class='ocr_line' id='line_1_18' title="bbox 434 1974 2020 2039; baseline 0.001 -16"><span class='ocrx_word' id='word_1_126' title='bbox 434 1975 662 2037; x_wconf 74' lang='lat' dir='ltr'><strong>tlleSSt‘,</strong></span> <span class='ocrx_word' id='word_1_127' title='bbox 704 1992 722 2024; x_wconf 70' lang='grc' dir='ltr'><strong>ι</strong></span> <span class='ocrx_word' id='word_1_128' title='bbox 756 1980 850 2025; x_wconf 89' lang='lat' dir='ltr'><strong>attt</strong></span> <span class='ocrx_word' id='word_1_129' title='bbox 895 1992 913 2022; x_wconf 76' lang='grc' dir='ltr'><strong>ι</strong></span> <span class='ocrx_word' id='word_1_130' title='bbox 950 1974 1341 2026; x_wconf 81' lang='lat' dir='ltr'><strong>comminutum</strong></span> <span class='ocrx_word' id='word_1_131' title='bbox 1400 1990 1554 2039; x_wconf 86' lang='lat' dir='ltr'><strong>esse;</strong></span> <span class='ocrx_word' id='word_1_132' title='bbox 1609 1992 1626 2025; x_wconf 73' lang='grc' dir='ltr'><strong>ι</strong></span> <span class='ocrx_word' id='word_1_133' title='bbox 1675 1974 1793 2038; x_wconf 81' lang='lat' dir='ltr'><strong>sed,</strong></span> <span class='ocrx_word' id='word_1_134' title='bbox 1840 1991 1860 2023; x_wconf 77' lang='grc' dir='ltr'><strong>ι</strong></span> <span class='ocrx_word' id='word_1_135' title='bbox 1896 1988 2020 2026; x_wconf 90' lang='lat' dir='ltr'><strong>cum</strong></span> 
     </span>
    </p>
   </div>
   <div class='ocr_carea' id='block_1_19' title="bbox 434 2066 2025 2135">
    <p class='ocr_par' dir='ltr' id='par_1_19' title="bbox 434 2066 2025 2135">
     <span class='ocr_line' id='line_1_19' title="bbox 434 2066 2025 2135; baseline -0.003 -15"><span class='ocrx_word' id='word_1_136' title='bbox 434 2066 875 2128; x_wconf 81' lang='lat' dir='ltr'><strong>malediceretur,</strong></span> <span class='ocrx_word' id='word_1_137' title='bbox 926 2082 1033 2119; x_wconf 88' lang='lat' dir='ltr'><strong>non</strong></span> <span class='ocrx_word' id='word_1_138' title='bbox 1076 2067 1513 2131; x_wconf 77' lang='lat' dir='ltr'><strong>remaledixisse,</strong></span> <span class='ocrx_word' id='word_1_139' title='bbox 1546 2080 1743 2135; x_wconf 73' lang='lat' dir='ltr'><strong>neque,</strong></span> <span class='ocrx_word' id='word_1_140' title='bbox 1775 2080 1896 2118; x_wconf 90' lang='lat' dir='ltr'><strong>cum</strong></span> <span class='ocrx_word' id='word_1_141' title='bbox 1930 2079 2025 2134; x_wconf 89' lang='lat' dir='ltr'><strong>pa-</strong></span> 
     </span>
    </p>
   </div>
   <div class='ocr_carea' id='block_1_20' title="bbox 436 2155 2026 2226">
    <p class='ocr_par' dir='ltr' id='par_1_20' title="bbox 436 2155 2026 2226">
     <span class='ocr_line' id='line_1_20' title="bbox 436 2155 2026 2226; baseline 0.001 -19"><span class='ocrx_word' id='word_1_142' title='bbox 436 2165 676 2222; x_wconf 82' lang='lat' dir='ltr'><strong>teretur,</strong></span> <span class='ocrx_word' id='word_1_143' title='bbox 744 2158 1139 2211; x_wconf 87' lang='lat' dir='ltr'><strong>comminatutn</strong></span> <span class='ocrx_word' id='word_1_144' title='bbox 1202 2173 1351 2212; x_wconf 88' lang='lat' dir='ltr'><strong>csse.</strong></span> <span class='ocrx_word' id='word_1_145' title='bbox 1402 2177 1419 2209; x_wconf 75' lang='grc' dir='ltr'><strong>ι</strong></span> <span class='ocrx_word' id='word_1_146' title='bbox 1456 2156 1590 2212; x_wconf 80' lang='lat' dir='ltr'><strong>Nam</strong></span> <span class='ocrx_word' id='word_1_147' title='bbox 1634 2158 1678 2212; x_wconf 91' lang='lat' dir='ltr'><strong>si</strong></span> <span class='ocrx_word' id='word_1_148' title='bbox 1732 2155 2026 2226; x_wconf 80' lang='lat' dir='ltr'><strong>aliquando</strong></span> 
     </span>
    </p>
   </div>
   <div class='ocr_carea' id='block_1_21' title="bbox 436 2240 2029 2318">
    <p class='ocr_par' dir='ltr' id='par_1_21' title="bbox 436 2240 2029 2318">
     <span class='ocr_line' id='line_1_21' title="bbox 436 2240 2029 2318; baseline 0 -19"><span class='ocrx_word' id='word_1_149' title='bbox 436 2250 728 2302; x_wconf 76' lang='lat' dir='ltr'><strong>maledicta</strong></span> <span class='ocrx_word' id='word_1_150' title='bbox 760 2250 953 2317; x_wconf 83' lang='lat' dir='ltr'><strong>aliqua</strong></span> <span class='ocrx_word' id='word_1_151' title='bbox 990 2251 1241 2318; x_wconf 85' lang='lat' dir='ltr'><strong>protulit,</strong></span> <span class='ocrx_word' id='word_1_152' title='bbox 1274 2240 1378 2304; x_wconf 74' lang='lat' dir='ltr'><strong>non</strong></span> <span class='ocrx_word' id='word_1_153' title='bbox 1415 2258 1472 2302; x_wconf 88' lang='lat' dir='ltr'><strong>ut</strong></span> <span class='ocrx_word' id='word_1_154' title='bbox 1494 2251 1665 2303; x_wconf 81' lang='lat' dir='ltr'><strong>vicem</strong></span> <span class='ocrx_word' id='word_1_155' title='bbox 1689 2250 1804 2302; x_wconf 90' lang='lat' dir='ltr'><strong>suis</strong></span> <span class='ocrx_word' id='word_1_156' title='bbox 1838 2248 2029 2302; x_wconf 87' lang='lat' dir='ltr'><strong>convi-</strong></span> 
     </span>
    </p>
   </div>
   <div class='ocr_carea' id='block_1_22' title="bbox 436 2340 2024 2409">
    <p class='ocr_par' dir='ltr' id='par_1_22' title="bbox 436 2340 2024 2409">
     <span class='ocr_line' id='line_1_22' title="bbox 436 2340 2024 2409; baseline 0 -18"><span class='ocrx_word' id='word_1_157' title='bbox 436 2340 733 2394; x_wconf 79' lang='lat' dir='ltr'><strong>tiatorthus</strong></span> <span class='ocrx_word' id='word_1_158' title='bbox 765 2342 1036 2404; x_wconf 82' lang='lat' dir='ltr'><strong>redderet,</strong></span> <span class='ocrx_word' id='word_1_159' title='bbox 1100 2342 1152 2394; x_wconf 92' lang='lat' dir='ltr'><strong>id</strong></span> <span class='ocrx_word' id='word_1_160' title='bbox 1208 2342 1376 2407; x_wconf 80' lang='lat' dir='ltr'><strong>fecit;</strong></span> <span class='ocrx_word' id='word_1_161' title='bbox 1405 2344 1497 2395; x_wconf 90' lang='lat' dir='ltr'><strong>sed</strong></span> <span class='ocrx_word' id='word_1_162' title='bbox 1550 2349 1610 2394; x_wconf 91' lang='lat' dir='ltr'><strong>ut</strong></span> <span class='ocrx_word' id='word_1_163' title='bbox 1645 2355 1741 2394; x_wconf 90' lang='lat' dir='ltr'><strong>eos</strong></span> <span class='ocrx_word' id='word_1_164' title='bbox 1769 2340 1860 2409; x_wconf 89' lang='lat' dir='ltr'><strong>qtti</strong></span> <span class='ocrx_word' id='word_1_165' title='bbox 1894 2354 2024 2393; x_wconf 86' lang='lat' dir='ltr'><strong>con-</strong></span> 
     </span>
    </p>
   </div>
   <div class='ocr_carea' id='block_1_23' title="bbox 436 2430 2029 2502">
    <p class='ocr_par' dir='ltr' id='par_1_23' title="bbox 436 2430 2029 2502">
     <span class='ocr_line' id='line_1_23' title="bbox 436 2430 2029 2502; baseline 0 -21"><span class='ocrx_word' id='word_1_166' title='bbox 436 2432 572 2483; x_wconf 80' lang='lat' dir='ltr'><strong>verti</strong></span> <span class='ocrx_word' id='word_1_167' title='bbox 618 2431 901 2494; x_wconf 84' lang='lat' dir='ltr'><strong>nolebant,</strong></span> <span class='ocrx_word' id='word_1_168' title='bbox 939 2432 1363 2500; x_wconf 79' lang='lat' dir='ltr'><strong>reprehenderet</strong></span> <span class='ocrx_word' id='word_1_169' title='bbox 1395 2441 1557 2500; x_wconf 89' lang='lat' dir='ltr'><strong>atque</strong></span> <span class='ocrx_word' id='word_1_170' title='bbox 1597 2432 1933 2502; x_wconf 76' lang='lat' dir='ltr'><strong>objurgaret.</strong></span> <span class='ocrx_word' id='word_1_171' title='bbox 1959 2430 2029 2483; x_wconf 83' lang='lat' dir='ltr'><strong>At</strong></span> 
     </span>
    </p>
   </div>
   <div class='ocr_carea' id='block_1_24' title="bbox 435 2522 2025 2593">
    <p class='ocr_par' dir='ltr' id='par_1_24' title="bbox 435 2522 2025 2593">
     <span class='ocr_line' id='line_1_24' title="bbox 435 2522 2025 2593; baseline 0.003 -22"><span class='ocrx_word' id='word_1_172' title='bbox 435 2536 569 2573; x_wconf 67' lang='lat' dir='ltr'><strong>vero</strong></span> <span class='ocrx_word' id='word_1_173' title='bbox 598 2523 859 2576; x_wconf 79' lang='lat' dir='ltr'><strong>comitiis</strong></span> <span class='ocrx_word' id='word_1_174' title='bbox 900 2523 1216 2591; x_wconf 88' lang='lat' dir='ltr'><strong>hujusmodi</strong></span> <span class='ocrx_word' id='word_1_175' title='bbox 1249 2525 1526 2593; x_wconf 88' lang='lat' dir='ltr'><strong>appetitus</strong></span> <span class='ocrx_word' id='word_1_176' title='bbox 1558 2540 1572 2576; x_wconf 91' lang='lat'><strong>:</strong></span> <span class='ocrx_word' id='word_1_177' title='bbox 1621 2542 1640 2575; x_wconf 77' lang='grc' dir='ltr'><strong>ι</strong></span> <span class='ocrx_word' id='word_1_178' title='bbox 1684 2522 2025 2578; x_wconf 80' lang='lat' dir='ltr'><strong>Dtemonium</strong></span> 
     </span>
    </p>
   </div>
   <div class='ocr_carea' id='block_1_25' title="bbox 440 2609 2023 2682">
    <p class='ocr_par' dir='ltr' id='par_1_25' title="bbox 440 2609 2023 2682">
     <span class='ocr_line' id='line_1_25' title="bbox 440 2609 2023 2682; baseline 0.002 -22"><span class='ocrx_word' id='word_1_179' title='bbox 440 2610 645 2675; x_wconf 75' lang='lat' dir='ltr'><strong>habes;</strong></span> <span class='ocrx_word' id='word_1_180' title='bbox 678 2629 696 2660; x_wconf 78' lang='grc' dir='ltr'><strong>ι</strong></span> <span class='ocrx_word' id='word_1_181' title='bbox 725 2609 780 2663; x_wconf 89' lang='lat' dir='ltr'><strong>lu</strong></span> <span class='ocrx_word' id='word_1_182' title='bbox 803 2614 1047 2680; x_wconf 84' lang='lat' dir='ltr'><strong>principe</strong></span> <span class='ocrx_word' id='word_1_183' title='bbox 1064 2611 1458 2666; x_wconf 70' lang='lat' dir='ltr'><strong>daemoniorum</strong></span> <span class='ocrx_word' id='word_1_184' title='bbox 1475 2613 1903 2682; x_wconf 66' lang='lat' dir='ltr'><strong>ejicitdmmonia</strong></span> <span class='ocrx_word' id='word_1_185' title='bbox 1924 2611 2023 2678; x_wconf 71' lang='grc'><strong>⁶⁰;»</strong></span> 
     </span>
    </p>
   </div>
   <div class='ocr_carea' id='block_1_26' title="bbox 443 2698 2031 2773">
    <p class='ocr_par' dir='ltr' id='par_1_26' title="bbox 443 2698 2031 2773">
     <span class='ocr_line' id='line_1_26' title="bbox 443 2698 2031 2773; baseline 0.006 -24"><span class='ocrx_word' id='word_1_186' title='bbox 443 2719 461 2749; x_wconf 71' lang='grc' dir='ltr'><strong>ι</strong></span> <span class='ocrx_word' id='word_1_187' title='bbox 506 2701 640 2755; x_wconf 79' lang='lat' dir='ltr'><strong>Ecce</strong></span> <span class='ocrx_word' id='word_1_188' title='bbox 694 2703 854 2755; x_wconf 90' lang='lat' dir='ltr'><strong>homo</strong></span> <span class='ocrx_word' id='word_1_189' title='bbox 909 2719 1075 2757; x_wconf 81' lang='lat' dir='ltr'><strong>vorax</strong></span> <span class='ocrx_word' id='word_1_190' title='bbox 1140 2712 1194 2757; x_wconf 89' lang='lat' dir='ltr'><strong>et</strong></span> <span class='ocrx_word' id='word_1_191' title='bbox 1247 2698 1467 2773; x_wconf 82' lang='lat' dir='ltr'><strong>potator</strong></span> <span class='ocrx_word' id='word_1_192' title='bbox 1504 2706 1613 2759; x_wconf 90' lang='lat' dir='ltr'><strong>vini</strong></span> <span class='ocrx_word' id='word_1_193' title='bbox 1662 2705 1708 2737; x_wconf 72' lang='lat'><strong>“</strong></span> <span class='ocrx_word' id='word_1_194' title='bbox 1749 2721 1762 2757; x_wconf 91' lang='lat'><strong>:</strong></span> <span class='ocrx_word' id='word_1_195' title='bbox 1807 2724 1825 2757; x_wconf 75' lang='grc' dir='ltr'><strong>ι</strong></span> <span class='ocrx_word' id='word_1_196' title='bbox 1888 2721 2031 2759; x_wconf 88' lang='lat' dir='ltr'><strong>anne</strong></span> 
     </span>
    </p>
   </div>
   <div class='ocr_carea' id='block_1_27' title="bbox 439 2792 2031 2863">
    <p class='ocr_par' dir='ltr' id='par_1_27' title="bbox 439 2792 2031 2863">
     <span class='ocr_line' id='line_1_27' title="bbox 439 2792 2031 2863; baseline 0.006 -22"><span class='ocrx_word' id='word_1_197' title='bbox 439 2792 675 2845; x_wconf 85' lang='lat' dir='ltr'><strong>convitia</strong></span> <span class='ocrx_word' id='word_1_198' title='bbox 728 2794 988 2848; x_wconf 84' lang='lat' dir='ltr'><strong>convitiis</strong></span> <span class='ocrx_word' id='word_1_199' title='bbox 1043 2796 1339 2863; x_wconf 74' lang='lat' dir='ltr'><strong>rependit?</strong></span> <span class='ocrx_word' id='word_1_200' title='bbox 1401 2793 1520 2850; x_wconf 90' lang='lat' dir='ltr'><strong>Non</strong></span> <span class='ocrx_word' id='word_1_201' title='bbox 1576 2811 1729 2851; x_wconf 85' lang='lat' dir='ltr'><strong>sane.</strong></span> <span class='ocrx_word' id='word_1_202' title='bbox 1778 2795 1885 2849; x_wconf 82' lang='lat' dir='ltr'><strong>Sed</strong></span> <span class='ocrx_word' id='word_1_203' title='bbox 1921 2797 2031 2851; x_wconf 87' lang='lat' dir='ltr'><strong>illis</strong></span> 
     </span>
    </p>
   </div>
   <div class='ocr_carea' id='block_1_28' title="bbox 441 2884 2032 2957">
    <p class='ocr_par' dir='ltr' id='par_1_28' title="bbox 441 2884 2032 2957">
     <span class='ocr_line' id='line_1_28' title="bbox 441 2884 2032 2957; baseline 0.006 -24"><span class='ocrx_word' id='word_1_204' title='bbox 441 2886 660 2954; x_wconf 78' lang='lat' dir='ltr'><strong>quidem</strong></span> <span class='ocrx_word' id='word_1_205' title='bbox 686 2885 861 2938; x_wconf 81' lang='lat' dir='ltr'><strong>dmt;</strong></span> <span class='ocrx_word' id='word_1_206' title='bbox 923 2904 941 2935; x_wconf 76' lang='grc' dir='ltr'><strong>ι</strong></span> <span class='ocrx_word' id='word_1_207' title='bbox 1006 2884 1065 2939; x_wconf 87' lang='lat' dir='ltr'><strong>Si</strong></span> <span class='ocrx_word' id='word_1_208' title='bbox 1133 2889 1307 2955; x_wconf 78' lang='lat' dir='ltr'><strong>egoin</strong></span> <span class='ocrx_word' id='word_1_209' title='bbox 1345 2887 1650 2941; x_wconf 84' lang='lat' dir='ltr'><strong>Beelzebub</strong></span> <span class='ocrx_word' id='word_1_210' title='bbox 1698 2889 1859 2957; x_wconf 90' lang='lat' dir='ltr'><strong>ejicio</strong></span> <span class='ocrx_word' id='word_1_211' title='bbox 1918 2888 2032 2942; x_wconf 69' lang='lat' dir='ltr'><strong>dte-</strong></span> 
     </span>
    </p>
   </div>
   <div class='ocr_carea' id='block_1_29' title="bbox 440 2975 2031 3046">
    <p class='ocr_par' dir='ltr' id='par_1_29' title="bbox 440 2975 2031 3046">
     <span class='ocr_line' id='line_1_29' title="bbox 440 2975 2031 3046; baseline 0.004 -20"><span class='ocrx_word' id='word_1_212' title='bbox 440 2976 648 3035; x_wconf 85' lang='lat' dir='ltr'><strong>monia,</strong></span> <span class='ocrx_word' id='word_1_213' title='bbox 687 2975 783 3031; x_wconf 80' lang='lat' dir='ltr'><strong>ﬁlii</strong></span> <span class='ocrx_word' id='word_1_214' title='bbox 842 2977 1007 3030; x_wconf 82' lang='lat' dir='ltr'><strong>vestri</strong></span> <span class='ocrx_word' id='word_1_215' title='bbox 1034 2976 1088 3029; x_wconf 91' lang='lat' dir='ltr'><strong>in</strong></span> <span class='ocrx_word' id='word_1_216' title='bbox 1113 2992 1223 3045; x_wconf 90' lang='lat' dir='ltr'><strong>quo</strong></span> <span class='ocrx_word' id='word_1_217' title='bbox 1256 2977 1487 3046; x_wconf 88' lang='lat' dir='ltr'><strong>ejiciunt</strong></span> <span class='ocrx_word' id='word_1_218' title='bbox 1508 2977 1596 3030; x_wconf 68' lang='grc' dir='ltr'>ιη</span> <span class='ocrx_word' id='word_1_219' title='bbox 1636 2996 1654 3029; x_wconf 75' lang='grc' dir='ltr'><strong>ι</strong></span> <span class='ocrx_word' id='word_1_220' title='bbox 1693 2976 2031 3032; x_wconf 74' lang='lat' dir='ltr'><strong>Vocantibus</strong></span> 
     </span>
    </p>
   </div>
   <div class='ocr_carea' id='block_1_30' title="bbox 439 3066 2035 3139">
    <p class='ocr_par' dir='ltr' id='par_1_30' title="bbox 439 3066 2035 3139">
     <span class='ocr_line' id='line_1_30' title="bbox 439 3066 2035 3139; baseline 0.001 -22"><span class='ocrx_word' id='word_1_221' title='bbox 439 3073 622 3117; x_wconf 86' lang='lat' dir='ltr'><strong>autem</strong></span> <span class='ocrx_word' id='word_1_222' title='bbox 659 3066 835 3133; x_wconf 82' lang='lat' dir='ltr'><strong>ipsum</strong></span> <span class='ocrx_word' id='word_1_223' title='bbox 880 3084 898 3117; x_wconf 75' lang='grc' dir='ltr'><strong>ι</strong></span> <span class='ocrx_word' id='word_1_224' title='bbox 946 3081 1224 3132; x_wconf 83' lang='lat' dir='ltr'><strong>voracem,</strong></span> <span class='ocrx_word' id='word_1_225' title='bbox 1267 3077 1323 3122; x_wconf 92' lang='lat' dir='ltr'><strong>et</strong></span> <span class='ocrx_word' id='word_1_226' title='bbox 1360 3076 1668 3137; x_wconf 84' lang='lat' dir='ltr'><strong>potatorem</strong></span> <span class='ocrx_word' id='word_1_227' title='bbox 1702 3070 1837 3134; x_wconf 80' lang='lat' dir='ltr'><strong>vini,</strong></span> <span class='ocrx_word' id='word_1_228' title='bbox 1881 3087 1900 3121; x_wconf 75' lang='grc' dir='ltr'><strong>ι</strong></span> <span class='ocrx_word' id='word_1_229' title='bbox 1938 3086 2035 3139; x_wconf 88' lang='lat' dir='ltr'><strong>op-</strong></span> 
     </span>
    </p>
   </div>
   <div class='ocr_carea' id='block_1_31' title="bbox 441 3157 2031 3228">
    <p class='ocr_par' dir='ltr' id='par_1_31' title="bbox 441 3157 2031 3228">
     <span class='ocr_line' id='line_1_31' title="bbox 441 3157 2031 3228; baseline 0.004 -19"><span class='ocrx_word' id='word_1_230' title='bbox 441 3157 626 3225; x_wconf 81' lang='lat' dir='ltr'><strong>posuit</strong></span> <span class='ocrx_word' id='word_1_231' title='bbox 654 3158 783 3210; x_wconf 88' lang='lat' dir='ltr'><strong>illud</strong></span> <span class='ocrx_word' id='word_1_232' title='bbox 817 3173 1116 3228; x_wconf 89' lang='lat' dir='ltr'><strong>puerorum</strong></span> <span class='ocrx_word' id='word_1_233' title='bbox 1150 3160 1206 3213; x_wconf 89' lang='lat' dir='ltr'><strong>in</strong></span> <span class='ocrx_word' id='word_1_234' title='bbox 1251 3159 1372 3214; x_wconf 82' lang='lat' dir='ltr'><strong>foro</strong></span> <span class='ocrx_word' id='word_1_235' title='bbox 1428 3160 1731 3215; x_wconf 88' lang='lat' dir='ltr'><strong>ludentium</strong></span> <span class='ocrx_word' id='word_1_236' title='bbox 1781 3162 1987 3216; x_wconf 91' lang='lat' dir='ltr'><strong>dictum</strong></span> <span class='ocrx_word' id='word_1_237' title='bbox 2018 3178 2031 3215; x_wconf 91' lang='lat'><strong>:</strong></span> 
     </span>
    </p>
   </div>
   <div class='ocr_carea' id='block_1_32' title="bbox 1326 396 2743 470">
    <p class='ocr_par' dir='ltr' id='par_1_32' title="bbox 1326 396 2743 470">
     <span class='ocr_line' id='line_1_32' title="bbox 1326 396 2743 470; baseline -0.001 -1"><span class='ocrx_word' id='word_1_238' title='bbox 1326 400 1876 469; x_wconf 69' lang='lat' dir='ltr'><strong>TIIEOPIIYLACT</strong></span> <span class='ocrx_word' id='word_1_239' title='bbox 1883 409 1907 465; x_wconf 84' lang='grc' dir='ltr'>Ι</span> <span class='ocrx_word' id='word_1_240' title='bbox 1950 396 2360 468; x_wconf 66' lang='lat' dir='ltr'><strong>BULGARLE</strong></span> <span class='ocrx_word' id='word_1_241' title='bbox 2390 396 2743 470; x_wconf 81' lang='lat' dir='ltr'><strong>ARCHIEP.</strong></span> 
     </span>
    </p>
   </div>
   <div class='ocr_carea' id='block_1_33' title="bbox 3573 398 3699 468">
    <p class='ocr_par' dir='ltr' id='par_1_33' title="bbox 3573 398 3699 468">
     <span class='ocr_line' id='line_1_33' title="bbox 3573 398 3699 468; baseline 0.008 -1"><span class='ocrx_word' id='word_1_242' title='bbox 3573 426 3583 467; x_wconf 79' lang='grc' dir='ltr'><strong>ι</strong></span> <span class='ocrx_word' id='word_1_243' title='bbox 3596 398 3699 468; x_wconf 63' lang='grc' dir='ltr'><strong>ἓέῡ</strong></span> 
     </span>
    </p>
   </div>
   <div class='ocr_carea' id='block_1_34' title="bbox 2194 519 3704 593">
    <p class='ocr_par' dir='ltr' id='par_1_34' title="bbox 2194 519 3704 593">
     <span class='ocr_line' id='line_1_34' title="bbox 2194 519 3704 593; baseline -0.002 -18"><span class='ocrx_word' id='word_1_244' title='bbox 2194 541 2212 575; x_wconf 80' lang='grc' dir='ltr'><strong>ι</strong></span> <span class='ocrx_word' id='word_1_245' title='bbox 2237 525 2334 587; x_wconf 87' lang='grc' dir='ltr'>Ὃς</span> <span class='ocrx_word' id='word_1_246' title='bbox 2373 522 2781 593; x_wconf 88' lang='grc' dir='ltr'>λοιδορούμενος</span> <span class='ocrx_word' id='word_1_247' title='bbox 2809 519 2909 573; x_wconf 83' lang='grc' dir='ltr'><strong>οὐκ</strong></span> <span class='ocrx_word' id='word_1_248' title='bbox 2931 519 3313 591; x_wconf 66' lang='grc' dir='ltr'>ἀντελοιδόρει,</span> <span class='ocrx_word' id='word_1_249' title='bbox 3353 520 3576 590; x_wconf 77' lang='grc' dir='ltr'>πάσχων</span> <span class='ocrx_word' id='word_1_250' title='bbox 3601 525 3704 574; x_wconf 70' lang='grc' dir='ltr'>οὐκ</span> 
     </span>
    </p>
   </div>
   <div class='ocr_carea' id='block_1_35' title="bbox 2129 611 3702 685">
    <p class='ocr_par' dir='ltr' id='par_1_35' title="bbox 2129 611 3702 685">
     <span class='ocr_line' id='line_1_35' title="bbox 2129 611 3702 685; baseline -0.001 -18"><span class='ocrx_word' id='word_1_251' title='bbox 2129 614 2370 685; x_wconf 81' lang='grc' dir='ltr'>ὴπείλει,</span> <span class='ocrx_word' id='word_1_252' title='bbox 2414 614 2705 685; x_wconf 82' lang='grc' dir='ltr'>παρεδίδου</span> <span class='ocrx_word' id='word_1_253' title='bbox 2735 613 2791 666; x_wconf 79' lang='grc' dir='ltr'>δὲ</span> <span class='ocrx_word' id='word_1_254' title='bbox 2830 611 2906 680; x_wconf 82' lang='grc' dir='ltr'><strong>τῷ</strong></span> <span class='ocrx_word' id='word_1_255' title='bbox 2937 618 3175 680; x_wconf 81' lang='grc' dir='ltr'>κρίνοντι</span> <span class='ocrx_word' id='word_1_256' title='bbox 3206 613 3450 676; x_wconf 77' lang='grc' dir='ltr'><strong>δικαίως.</strong></span> <span class='ocrx_word' id='word_1_257' title='bbox 3484 614 3579 675; x_wconf 86' lang='grc' dir='ltr'>Ὃς</span> <span class='ocrx_word' id='word_1_258' title='bbox 3601 614 3702 674; x_wconf 75' lang='grc' dir='ltr'>τὰς</span> 
     </span>
    </p>
   </div>
   <div class='ocr_carea' id='block_1_36' title="bbox 2129 702 3707 779">
    <p class='ocr_par' dir='ltr' id='par_1_36' title="bbox 2129 702 3707 779">
     <span class='ocr_line' id='line_1_36' title="bbox 2129 702 3707 779; baseline -0.003 -17"><span class='ocrx_word' id='word_1_259' title='bbox 2129 708 2412 779; x_wconf 84' lang='grc' dir='ltr'>ἁμαρτίας</span> <span class='ocrx_word' id='word_1_260' title='bbox 2450 707 2610 778; x_wconf 84' lang='grc' dir='ltr'>ήμῶν</span> <span class='ocrx_word' id='word_1_261' title='bbox 2655 704 2818 767; x_wconf 82' lang='grc' dir='ltr'>αὐτὸς</span> <span class='ocrx_word' id='word_1_262' title='bbox 2848 704 3148 774; x_wconf 73' lang='grc' dir='ltr'><strong>ἀνήνεγκεν</strong></span> <span class='ocrx_word' id='word_1_263' title='bbox 3168 705 3225 755; x_wconf 81' lang='grc' dir='ltr'>ἐν</span> <span class='ocrx_word' id='word_1_264' title='bbox 3260 705 3336 775; x_wconf 84' lang='grc' dir='ltr'>τῷ</span> <span class='ocrx_word' id='word_1_265' title='bbox 3362 704 3576 774; x_wconf 85' lang='grc' dir='ltr'>σώματι</span> <span class='ocrx_word' id='word_1_266' title='bbox 3605 702 3707 757; x_wconf 54' lang='lat' dir='ltr'><strong>adi</strong></span> 
     </span>
    </p>
   </div>
   <div class='ocr_carea' id='block_1_37' title="bbox 2128 796 3704 866">
    <p class='ocr_par' dir='ltr' id='par_1_37' title="bbox 2128 796 3704 866">
     <span class='ocr_line' id='line_1_37' title="bbox 2128 796 3704 866; baseline -0.004 -12"><span class='ocrx_word' id='word_1_267' title='bbox 2128 800 2221 854; x_wconf 82' lang='grc' dir='ltr'>τοῦ</span> <span class='ocrx_word' id='word_1_268' title='bbox 2249 800 2345 852; x_wconf 78' lang='grc' dir='ltr'>ἐπὶ</span> <span class='ocrx_word' id='word_1_269' title='bbox 2374 799 2436 853; x_wconf 82' lang='grc' dir='ltr'><strong>τὸ</strong></span> <span class='ocrx_word' id='word_1_270' title='bbox 2469 798 2648 865; x_wconf 82' lang='grc' dir='ltr'><strong>ξύλον·</strong></span> <span class='ocrx_word' id='word_1_271' title='bbox 2680 799 2768 853; x_wconf 80' lang='grc' dir='ltr'><strong>ἵνα</strong></span> <span class='ocrx_word' id='word_1_272' title='bbox 2798 799 2922 859; x_wconf 86' lang='grc' dir='ltr'>ταῖς</span> <span class='ocrx_word' id='word_1_273' title='bbox 2956 796 3253 866; x_wconf 83' lang='grc' dir='ltr'>ἁμαρτίαις</span> <span class='ocrx_word' id='word_1_274' title='bbox 3285 797 3704 866; x_wconf 74' lang='grc' dir='ltr'><strong>ἀπογενόμενοι,</strong></span> 
     </span>
    </p>
   </div>
   <div class='ocr_carea' id='block_1_38' title="bbox 2127 887 3705 964">
    <p class='ocr_par' dir='ltr' id='par_1_38' title="bbox 2127 887 3705 964">
     <span class='ocr_line' id='line_1_38' title="bbox 2127 887 3705 964; baseline -0.003 -21"><span class='ocrx_word' id='word_1_275' title='bbox 2127 895 2193 963; x_wconf 78' lang='grc' dir='ltr'>τῇ</span> <span class='ocrx_word' id='word_1_276' title='bbox 2220 891 2536 964; x_wconf 73' lang='grc' dir='ltr'><strong>δικαιοσύνῃ</strong></span> <span class='ocrx_word' id='word_1_277' title='bbox 2564 888 2840 961; x_wconf 78' lang='grc' dir='ltr'><strong>ζήσωμεν.</strong></span> <span class='ocrx_word' id='word_1_278' title='bbox 2872 907 2891 941; x_wconf 73' lang='grc' dir='ltr'><strong>ι</strong></span> <span class='ocrx_word' id='word_1_279' title='bbox 2924 888 3087 952; x_wconf 83' lang='grc' dir='ltr'>Ἴσως</span> <span class='ocrx_word' id='word_1_280' title='bbox 3120 889 3237 958; x_wconf 75' lang='grc' dir='ltr'>ἐρεῖ</span> <span class='ocrx_word' id='word_1_281' title='bbox 3268 902 3387 952; x_wconf 80' lang='grc' dir='ltr'>τις·</span> <span class='ocrx_word' id='word_1_282' title='bbox 3422 887 3547 950; x_wconf 86' lang='grc' dir='ltr'>Πῶς</span> <span class='ocrx_word' id='word_1_283' title='bbox 3572 905 3705 955; x_wconf 78' lang='grc' dir='ltr'>φησι</span> 
     </span>
    </p>
   </div>
   <div class='ocr_carea' id='block_1_39' title="bbox 2129 976 3703 1052">
    <p class='ocr_par' dir='ltr' id='par_1_39' title="bbox 2129 976 3703 1052">
     <span class='ocr_line' id='line_1_39' title="bbox 2129 976 3703 1052; baseline 0.004 -26"><span class='ocrx_word' id='word_1_284' title='bbox 2129 983 2225 1034; x_wconf 65' lang='grc' dir='ltr'>νῦν</span> <span class='ocrx_word' id='word_1_285' title='bbox 2274 982 2366 1035; x_wconf 70' lang='grc' dir='ltr'>τὸν</span> <span class='ocrx_word' id='word_1_286' title='bbox 2416 979 2623 1051; x_wconf 79' lang='grc' dir='ltr'>Κύριον</span> <span class='ocrx_word' id='word_1_287' title='bbox 2648 982 2675 1033; x_wconf 84' lang='grc' dir='ltr'>ὁ</span> <span class='ocrx_word' id='word_1_288' title='bbox 2701 980 2934 1048; x_wconf 81' lang='grc' dir='ltr'><strong>Πέτρος,</strong></span> <span class='ocrx_word' id='word_1_289' title='bbox 2992 977 3445 1052; x_wconf 74' lang='grc' dir='ltr'>(λοιδορούμενον</span> <span class='ocrx_word' id='word_1_290' title='bbox 3478 976 3597 1047; x_wconf 80' lang='grc' dir='ltr'>μὲν,</span> <span class='ocrx_word' id='word_1_291' title='bbox 3629 978 3703 1046; x_wconf 82' lang='grc' dir='ltr'>μὴ</span> 
     </span>
    </p>
   </div>
   <div class='ocr_carea' id='block_1_40' title="bbox 2130 1067 3699 1143">
    <p class='ocr_par' dir='ltr' id='par_1_40' title="bbox 2130 1067 3699 1143">
     <span class='ocr_line' id='line_1_40' title="bbox 2130 1067 3699 1143; baseline -0.006 -16"><span class='ocrx_word' id='word_1_292' title='bbox 2130 1073 2535 1143; x_wconf 84' lang='grc' dir='ltr'>ἁντιλοιδορεῖν,</span> <span class='ocrx_word' id='word_1_293' title='bbox 2574 1088 2593 1123; x_wconf 71' lang='grc' dir='ltr'><strong>ι</strong></span> <span class='ocrx_word' id='word_1_294' title='bbox 2629 1071 2722 1125; x_wconf 72' lang='grc' dir='ltr'><strong>καὶ</strong></span> <span class='ocrx_word' id='word_1_295' title='bbox 2759 1069 2841 1134; x_wconf 82' lang='grc' dir='ltr'><strong>τὸ,</strong></span> <span class='ocrx_word' id='word_1_296' title='bbox 2888 1069 3229 1139; x_wconf 62' lang='grc' dir='ltr'>«πάσχοντα,</span> <span class='ocrx_word' id='word_1_297' title='bbox 3270 1070 3343 1140; x_wconf 82' lang='grc' dir='ltr'>μὴ</span> <span class='ocrx_word' id='word_1_298' title='bbox 3369 1067 3650 1132; x_wconf 83' lang='grc' dir='ltr'>ἀπειλεῖν;</span> <span class='ocrx_word' id='word_1_299' title='bbox 3680 1080 3699 1119; x_wconf 73' lang='grc' dir='ltr'><strong>ι</strong></span> 
     </span>
    </p>
   </div>
   <div class='ocr_carea' id='block_1_41' title="bbox 2131 1155 3706 1235">
    <p class='ocr_par' dir='ltr' id='par_1_41' title="bbox 2131 1155 3706 1235">
     <span class='ocr_line' id='line_1_41' title="bbox 2131 1155 3706 1235; baseline -0.004 -16"><span class='ocrx_word' id='word_1_300' title='bbox 2131 1165 2309 1220; x_wconf 85' lang='grc' dir='ltr'>καίτοι</span> <span class='ocrx_word' id='word_1_301' title='bbox 2339 1165 2557 1235; x_wconf 87' lang='grc' dir='ltr'>ὁρῶμεν</span> <span class='ocrx_word' id='word_1_302' title='bbox 2582 1155 2747 1217; x_wconf 74' lang='grc' dir='ltr'>αὐτὸν</span> <span class='ocrx_word' id='word_1_303' title='bbox 2786 1184 2804 1215; x_wconf 77' lang='grc' dir='ltr'><strong>ι</strong></span> <span class='ocrx_word' id='word_1_304' title='bbox 2837 1164 3006 1227; x_wconf 86' lang='grc' dir='ltr'>κύνας</span> <span class='ocrx_word' id='word_1_305' title='bbox 3024 1164 3207 1226; x_wconf 73' lang='grc' dir='ltr'>ὲνεοῦς</span> <span class='ocrx_word' id='word_1_306' title='bbox 3230 1175 3249 1214; x_wconf 72' lang='grc' dir='ltr'><strong>ι</strong></span> <span class='ocrx_word' id='word_1_307' title='bbox 3282 1162 3549 1216; x_wconf 78' lang='grc' dir='ltr'><strong>καλοῦντα</strong></span> <span class='ocrx_word' id='word_1_308' title='bbox 3580 1162 3706 1222; x_wconf 72' lang='grc' dir='ltr'>τοὺς</span> 
     </span>
    </p>
   </div>
   <div class='ocr_carea' id='block_1_42' title="bbox 2140 1254 3709 1326">
    <p class='ocr_par' dir='ltr' id='par_1_42' title="bbox 2140 1254 3709 1326">
     <span class='ocr_line' id='line_1_42' title="bbox 2140 1254 3709 1326; baseline -0.003 -17"><span class='ocrx_word' id='word_1_309' title='bbox 2140 1256 2453 1319; x_wconf 79' lang='grc' dir='ltr'><strong>Ἰουδαίους,</strong></span> <span class='ocrx_word' id='word_1_310' title='bbox 2483 1255 2578 1309; x_wconf 69' lang='grc' dir='ltr'>καὶ</span> <span class='ocrx_word' id='word_1_311' title='bbox 2616 1274 2633 1306; x_wconf 80' lang='lat' dir='ltr'><strong>t</strong></span> <span class='ocrx_word' id='word_1_312' title='bbox 2662 1257 2932 1326; x_wconf 75' lang='grc' dir='ltr'>τυφλοὺς»</span> <span class='ocrx_word' id='word_1_313' title='bbox 2960 1256 3086 1318; x_wconf 71' lang='grc' dir='ltr'>τοὺς</span> <span class='ocrx_word' id='word_1_314' title='bbox 3124 1256 3475 1326; x_wconf 77' lang='grc' dir='ltr'><strong>Φαρισαίους,</strong></span> <span class='ocrx_word' id='word_1_315' title='bbox 3507 1254 3603 1307; x_wconf 70' lang='grc' dir='ltr'>καὶ</span> <span class='ocrx_word' id='word_1_316' title='bbox 3632 1254 3709 1320; x_wconf 79' lang='grc' dir='ltr'>τῷ</span> 
     </span>
    </p>
   </div>
   <div class='ocr_carea' id='block_1_43' title="bbox 2142 1343 3710 1420">
    <p class='ocr_par' dir='ltr' id='par_1_43' title="bbox 2142 1343 3710 1420">
     <span class='ocr_line' id='line_1_43' title="bbox 2142 1343 3710 1420; baseline -0.004 -15"><span class='ocrx_word' id='word_1_317' title='bbox 2142 1344 2318 1419; x_wconf 65' lang='grc' dir='ltr'>Ἰούδα</span> <span class='ocrx_word' id='word_1_318' title='bbox 2339 1365 2355 1379; x_wconf 74' lang='grc' dir='ltr'><strong>ο</strong></span> <span class='ocrx_word' id='word_1_319' title='bbox 2394 1368 2413 1401; x_wconf 77' lang='grc' dir='ltr'><strong>ι</strong></span> <span class='ocrx_word' id='word_1_320' title='bbox 2439 1348 2622 1403; x_wconf 71' lang='grc' dir='ltr'>Καλὸν</span> <span class='ocrx_word' id='word_1_321' title='bbox 2653 1343 2720 1420; x_wconf 83' lang='grc' dir='ltr'>ἦν</span> <span class='ocrx_word' id='word_1_322' title='bbox 2752 1348 2920 1414; x_wconf 83' lang='grc' dir='ltr'>αύτῷ,</span> <span class='ocrx_word' id='word_1_323' title='bbox 2954 1350 3003 1401; x_wconf 92' lang='grc' dir='ltr'><strong>εί</strong></span> <span class='ocrx_word' id='word_1_324' title='bbox 3029 1349 3128 1401; x_wconf 81' lang='grc' dir='ltr'><strong>οὐκ</strong></span> <span class='ocrx_word' id='word_1_325' title='bbox 3152 1347 3464 1417; x_wconf 78' lang='grc' dir='ltr'>ὲγεννήθηό</span> <span class='ocrx_word' id='word_1_326' title='bbox 3500 1347 3710 1417; x_wconf 83' lang='grc' dir='ltr'>ἄνθρω-</span> 
     </span>
    </p>
   </div>
   <div class='ocr_carea' id='block_1_44' title="bbox 2132 1426 3707 1511">
    <p class='ocr_par' dir='ltr' id='par_1_44' title="bbox 2132 1426 3707 1511">
     <span class='ocr_line' id='line_1_44' title="bbox 2132 1426 3707 1511; baseline -0.004 -16"><span class='ocrx_word' id='word_1_327' title='bbox 2132 1461 2231 1507; x_wconf 83' lang='grc' dir='ltr'><strong>πος</strong></span> <span class='ocrx_word' id='word_1_328' title='bbox 2263 1444 2501 1506; x_wconf 78' lang='grc' dir='ltr'>ἐκεῖνος·</span> <span class='ocrx_word' id='word_1_329' title='bbox 2522 1461 2561 1501; x_wconf 31' lang='grc' dir='ltr'><strong>κ)</strong></span> <span class='ocrx_word' id='word_1_330' title='bbox 2603 1442 2721 1505; x_wconf 74' lang='grc' dir='ltr'>καὶ,</span> <span class='ocrx_word' id='word_1_331' title='bbox 2771 1459 2789 1491; x_wconf 77' lang='grc' dir='ltr'><strong>ι</strong></span> <span class='ocrx_word' id='word_1_332' title='bbox 2820 1440 3203 1511; x_wconf 82' lang='grc' dir='ltr'>Ἀνεκτότερον</span> <span class='ocrx_word' id='word_1_333' title='bbox 3243 1440 3397 1492; x_wconf 79' lang='grc' dir='ltr'>ἔσται</span> <span class='ocrx_word' id='word_1_334' title='bbox 3428 1426 3707 1507; x_wconf 74' lang='grc' dir='ltr'><strong>Σοδόμοις,</strong></span> 
     </span>
    </p>
   </div>
   <div class='ocr_carea' id='block_1_45' title="bbox 2129 1521 3708 1607">
    <p class='ocr_par' dir='ltr' id='par_1_45' title="bbox 2129 1521 3708 1607">
     <span class='ocr_line' id='line_1_45' title="bbox 2129 1521 3708 1607; baseline -0.004 -18"><span class='ocrx_word' id='word_1_335' title='bbox 2129 1537 2161 1607; x_wconf 84' lang='grc' dir='ltr'>ἦ</span> <span class='ocrx_word' id='word_1_336' title='bbox 2190 1539 2252 1607; x_wconf 83' lang='grc' dir='ltr'>τῇ</span> <span class='ocrx_word' id='word_1_337' title='bbox 2287 1536 2441 1590; x_wconf 91' lang='grc' dir='ltr'>πόλει</span> <span class='ocrx_word' id='word_1_338' title='bbox 2469 1537 2708 1607; x_wconf 76' lang='grc' dir='ltr'>ἐκείνῃ.»</span> <span class='ocrx_word' id='word_1_339' title='bbox 2732 1535 2995 1607; x_wconf 83' lang='grc' dir='ltr'>Ἐροῦμεν</span> <span class='ocrx_word' id='word_1_340' title='bbox 3012 1533 3127 1599; x_wconf 77' lang='grc' dir='ltr'>οὖν,</span> <span class='ocrx_word' id='word_1_341' title='bbox 3156 1534 3239 1587; x_wconf 78' lang='grc' dir='ltr'>ὅτι</span> <span class='ocrx_word' id='word_1_342' title='bbox 3264 1521 3323 1586; x_wconf 75' lang='grc' dir='ltr'><strong>οὗ</strong></span> <span class='ocrx_word' id='word_1_343' title='bbox 3352 1522 3509 1586; x_wconf 69' lang='grc' dir='ltr'>τοῦτο</span> <span class='ocrx_word' id='word_1_344' title='bbox 3536 1531 3708 1599; x_wconf 86' lang='grc' dir='ltr'>λέγει,</span> 
     </span>
    </p>
   </div>
   <div class='ocr_carea' id='block_1_46' title="bbox 2127 1622 3704 1698">
    <p class='ocr_par' dir='ltr' id='par_1_46' title="bbox 2127 1622 3704 1698">
     <span class='ocr_line' id='line_1_46' title="bbox 2127 1622 3704 1698; baseline -0.005 -18"><span class='ocrx_word' id='word_1_345' title='bbox 2127 1627 2208 1680; x_wconf 85' lang='grc' dir='ltr'>ὃτι</span> <span class='ocrx_word' id='word_1_346' title='bbox 2262 1630 2377 1681; x_wconf 84' lang='grc' dir='ltr'>Οὐκ</span> <span class='ocrx_word' id='word_1_347' title='bbox 2459 1626 2800 1698; x_wconf 76' lang='grc' dir='ltr'>ἐλοιδόρησεν</span> <span class='ocrx_word' id='word_1_348' title='bbox 2851 1624 2879 1679; x_wconf 89' lang='grc' dir='ltr'><strong>ό</strong></span> <span class='ocrx_word' id='word_1_349' title='bbox 2945 1622 3173 1696; x_wconf 86' lang='grc' dir='ltr'>Κύριος,</span> <span class='ocrx_word' id='word_1_350' title='bbox 3225 1625 3258 1693; x_wconf 81' lang='grc' dir='ltr'><strong>ἢ</strong></span> <span class='ocrx_word' id='word_1_351' title='bbox 3318 1623 3632 1695; x_wconf 78' lang='grc' dir='ltr'>ἠπείλησεν,</span> <span class='ocrx_word' id='word_1_352' title='bbox 3685 1639 3704 1672; x_wconf 73' lang='grc' dir='ltr'><strong>ι</strong></span> 
     </span>
    </p>
   </div>
   <div class='ocr_carea' id='block_1_47' title="bbox 2138 1703 3711 1790">
    <p class='ocr_par' dir='ltr' id='par_1_47' title="bbox 2138 1703 3711 1790">
     <span class='ocr_line' id='line_1_47' title="bbox 2138 1703 3711 1790; baseline -0.003 -18"><span class='ocrx_word' id='word_1_353' title='bbox 2138 1717 2319 1790; x_wconf 83' lang='grc' dir='ltr'>[ἀλλά,</span> <span class='ocrx_word' id='word_1_354' title='bbox 2386 1737 2403 1769; x_wconf 76' lang='grc' dir='ltr'><strong>ι</strong></span> <span class='ocrx_word' id='word_1_355' title='bbox 2433 1718 2880 1789; x_wconf 81' lang='grc' dir='ltr'>Λοιδορούμενος,</span> <span class='ocrx_word' id='word_1_356' title='bbox 2906 1720 3006 1772; x_wconf 73' lang='grc' dir='ltr'><strong>οὐκ</strong></span> <span class='ocrx_word' id='word_1_357' title='bbox 3040 1717 3423 1789; x_wconf 82' lang='grc' dir='ltr'>ἀντελοιδόρει,</span> <span class='ocrx_word' id='word_1_358' title='bbox 3448 1736 3467 1768; x_wconf 72' lang='grc' dir='ltr'><strong>ι</strong></span> <span class='ocrx_word' id='word_1_359' title='bbox 3503 1715 3627 1769; x_wconf 74' lang='grc' dir='ltr'><strong>ούδέ</strong></span> <span class='ocrx_word' id='word_1_360' title='bbox 3652 1703 3711 1768; x_wconf 70' lang='grc' dir='ltr'>ἓν</span> 
     </span>
    </p>
   </div>
   <div class='ocr_carea' id='block_1_48' title="bbox 2127 1807 3709 1881">
    <p class='ocr_par' dir='ltr' id='par_1_48' title="bbox 2127 1807 3709 1881">
     <span class='ocr_line' id='line_1_48' title="bbox 2127 1807 3709 1881; baseline -0.001 -21"><span class='ocrx_word' id='word_1_361' title='bbox 2127 1810 2205 1879; x_wconf 83' lang='grc' dir='ltr'>τῷ</span> <span class='ocrx_word' id='word_1_362' title='bbox 2247 1809 2480 1879; x_wconf 84' lang='grc' dir='ltr'>πάσχειν</span> <span class='ocrx_word' id='word_1_363' title='bbox 2528 1829 2545 1860; x_wconf 76' lang='grc' dir='ltr'><strong>ι</strong></span> <span class='ocrx_word' id='word_1_364' title='bbox 2570 1809 2803 1877; x_wconf 79' lang='grc' dir='ltr'>ἠπείλει·</span> <span class='ocrx_word' id='word_1_365' title='bbox 2838 1807 2885 1881; x_wconf 74' lang='grc' dir='ltr'>ι]</span> <span class='ocrx_word' id='word_1_366' title='bbox 2913 1808 3027 1861; x_wconf 81' lang='grc' dir='ltr'>ἀλλ’</span> <span class='ocrx_word' id='word_1_367' title='bbox 3058 1810 3187 1861; x_wconf 77' lang='grc' dir='ltr'>εἴτι</span> <span class='ocrx_word' id='word_1_368' title='bbox 3220 1809 3312 1862; x_wconf 69' lang='grc' dir='ltr'><strong>καὶ</strong></span> <span class='ocrx_word' id='word_1_369' title='bbox 3348 1807 3709 1877; x_wconf 75' lang='grc' dir='ltr'>ἐλοιδόρησεν,</span> 
     </span>
    </p>
   </div>
   <div class='ocr_carea' id='block_1_49' title="bbox 2060 1898 3709 1973">
    <p class='ocr_par' dir='ltr' id='par_1_49' title="bbox 2060 1898 3709 1973">
     <span class='ocr_line' id='line_1_49' title="bbox 2060 1898 3709 1973; baseline 0 -23"><span class='ocrx_word' id='word_1_370' title='bbox 2060 1898 2096 1949; x_wconf 81' lang='grc' dir='ltr'>Β</span> <span class='ocrx_word' id='word_1_371' title='bbox 2128 1902 2229 1953; x_wconf 79' lang='grc' dir='ltr'><strong>ούκ</strong></span> <span class='ocrx_word' id='word_1_372' title='bbox 2259 1900 2692 1969; x_wconf 84' lang='grc' dir='ltr'>ἀντεξαγόμενος</span> <span class='ocrx_word' id='word_1_373' title='bbox 2720 1902 2833 1963; x_wconf 76' lang='grc' dir='ltr'>τοῖς</span> <span class='ocrx_word' id='word_1_374' title='bbox 2864 1901 3026 1953; x_wconf 76' lang='grc' dir='ltr'>αὑτὸν</span> <span class='ocrx_word' id='word_1_375' title='bbox 3058 1900 3414 1973; x_wconf 77' lang='grc' dir='ltr'>λοιδοροῦσιν,</span> <span class='ocrx_word' id='word_1_376' title='bbox 3439 1898 3555 1953; x_wconf 83' lang='grc' dir='ltr'>ἀλλ’</span> <span class='ocrx_word' id='word_1_377' title='bbox 3582 1899 3709 1951; x_wconf 84' lang='grc' dir='ltr'>ἐπι-</span> 
     </span>
    </p>
   </div>
   <div class='ocr_carea' id='block_1_50' title="bbox 2126 1985 3711 2058">
    <p class='ocr_par' dir='ltr' id='par_1_50' title="bbox 2126 1985 3711 2058">
     <span class='ocr_line' id='line_1_50' title="bbox 2126 1985 3711 2058; baseline 0.001 -20"><span class='ocrx_word' id='word_1_378' title='bbox 2126 1985 2302 2057; x_wconf 86' lang='grc' dir='ltr'>τιμῶν</span> <span class='ocrx_word' id='word_1_379' title='bbox 2331 1987 2425 2040; x_wconf 87' lang='grc' dir='ltr'><strong>καὶ</strong></span> <span class='ocrx_word' id='word_1_380' title='bbox 2479 1987 2752 2057; x_wconf 81' lang='grc' dir='ltr'>διασύρων</span> <span class='ocrx_word' id='word_1_381' title='bbox 2786 1989 2913 2052; x_wconf 84' lang='grc' dir='ltr'>τοὺς</span> <span class='ocrx_word' id='word_1_382' title='bbox 2947 1988 3403 2058; x_wconf 79' lang='grc' dir='ltr'>ἀνεπιστρόφους.</span> <span class='ocrx_word' id='word_1_383' title='bbox 3450 1986 3711 2058; x_wconf 77' lang='grc' dir='ltr'>Λοιδορη·</span> 
     </span>
    </p>
   </div>
   <div class='ocr_carea' id='block_1_51' title="bbox 2128 2075 3712 2151">
    <p class='ocr_par' dir='ltr' id='par_1_51' title="bbox 2128 2075 3712 2151">
     <span class='ocr_line' id='line_1_51' title="bbox 2128 2075 3712 2151; baseline -0.001 -21"><span class='ocrx_word' id='word_1_384' title='bbox 2128 2075 2241 2141; x_wconf 77' lang='grc' dir='ltr'>θεὶς</span> <span class='ocrx_word' id='word_1_385' title='bbox 2269 2078 2326 2131; x_wconf 79' lang='grc' dir='ltr'>δὲ</span> <span class='ocrx_word' id='word_1_386' title='bbox 2356 2080 2413 2132; x_wconf 70' lang='grc' dir='ltr'>ἐν</span> <span class='ocrx_word' id='word_1_387' title='bbox 2446 2079 2524 2150; x_wconf 81' lang='grc' dir='ltr'>τῷ</span> <span class='ocrx_word' id='word_1_388' title='bbox 2554 2080 2808 2145; x_wconf 82' lang='grc' dir='ltr'>ἀκοῦσαι,</span> <span class='ocrx_word' id='word_1_389' title='bbox 2854 2100 2873 2131; x_wconf 75' lang='grc' dir='ltr'><strong>ι</strong></span> <span class='ocrx_word' id='word_1_390' title='bbox 2898 2082 3181 2151; x_wconf 78' lang='grc' dir='ltr'>Δαιμόνιον</span> <span class='ocrx_word' id='word_1_391' title='bbox 3215 2080 3378 2150; x_wconf 72' lang='grc' dir='ltr'>ἔχεις,</span> <span class='ocrx_word' id='word_1_392' title='bbox 3420 2097 3439 2132; x_wconf 73' lang='grc' dir='ltr'><strong>ι</strong></span> <span class='ocrx_word' id='word_1_393' title='bbox 3474 2078 3582 2133; x_wconf 77' lang='grc' dir='ltr'><strong>ἀπὸ</strong></span> <span class='ocrx_word' id='word_1_394' title='bbox 3602 2076 3712 2131; x_wconf 87' lang='grc' dir='ltr'><strong>τῶν</strong></span> 
     </span>
    </p>
   </div>
   <div class='ocr_carea' id='block_1_52' title="bbox 2128 2153 3712 2240">
    <p class='ocr_par' dir='ltr' id='par_1_52' title="bbox 2128 2153 3712 2240">
     <span class='ocr_line' id='line_1_52' title="bbox 2128 2153 3712 2240; baseline 0 -20"><span class='ocrx_word' id='word_1_395' title='bbox 2128 2164 2383 2239; x_wconf 87' lang='grc' dir='ltr'>λοιδόρως</span> <span class='ocrx_word' id='word_1_396' title='bbox 2422 2166 2572 2240; x_wconf 83' lang='grc' dir='ltr'>αὐτῷ</span> <span class='ocrx_word' id='word_1_397' title='bbox 2611 2169 3100 2240; x_wconf 76' lang='grc' dir='ltr'>προσενεχθέντων·</span> <span class='ocrx_word' id='word_1_398' title='bbox 3134 2170 3228 2224; x_wconf 77' lang='grc' dir='ltr'><strong>καὶ</strong></span> <span class='ocrx_word' id='word_1_399' title='bbox 3261 2170 3443 2235; x_wconf 68' lang='grc' dir='ltr'>πάλιν,</span> <span class='ocrx_word' id='word_1_400' title='bbox 3477 2158 3598 2237; x_wconf 70' lang='grc' dir='ltr'>ὅτιζι</span> <span class='ocrx_word' id='word_1_401' title='bbox 3622 2153 3712 2220; x_wconf 75' lang='grc' dir='ltr'>Ἑν</span> 
     </span>
    </p>
   </div>
   <div class='ocr_carea' id='block_1_53' title="bbox 2129 2250 3705 2332">
    <p class='ocr_par' dir='ltr' id='par_1_53' title="bbox 2129 2250 3705 2332">
     <span class='ocr_line' id='line_1_53' title="bbox 2129 2250 3705 2332; baseline -0.003 -18"><span class='ocrx_word' id='word_1_402' title='bbox 2129 2260 2208 2332; x_wconf 83' lang='grc' dir='ltr'>τῷ</span> <span class='ocrx_word' id='word_1_403' title='bbox 2237 2260 2463 2331; x_wconf 81' lang='grc' dir='ltr'>ἄρχοντι</span> <span class='ocrx_word' id='word_1_404' title='bbox 2498 2260 2609 2314; x_wconf 83' lang='grc' dir='ltr'><strong>τῶν</strong></span> <span class='ocrx_word' id='word_1_405' title='bbox 2637 2260 2930 2330; x_wconf 82' lang='grc' dir='ltr'>δαιμονίων</span> <span class='ocrx_word' id='word_1_406' title='bbox 2958 2261 3240 2323; x_wconf 76' lang='grc' dir='ltr'>ἐκϐάλλεις</span> <span class='ocrx_word' id='word_1_407' title='bbox 3266 2262 3332 2313; x_wconf 83' lang='grc' dir='ltr'>τὰ</span> <span class='ocrx_word' id='word_1_408' title='bbox 3378 2250 3630 2328; x_wconf 81' lang='grc' dir='ltr'>δαιμόνια</span> <span class='ocrx_word' id='word_1_409' title='bbox 3650 2276 3662 2288; x_wconf 79' lang='grc'><strong>-</strong></span> <span class='ocrx_word' id='word_1_410' title='bbox 3690 2282 3705 2309; x_wconf 76' lang='grc' dir='ltr'><strong>ι</strong></span> 
     </span>
    </p>
   </div>
   <div class='ocr_carea' id='block_1_54' title="bbox 2129 2347 3713 2425">
    <p class='ocr_par' dir='ltr' id='par_1_54' title="bbox 2129 2347 3713 2425">
     <span class='ocr_line' id='line_1_54' title="bbox 2129 2347 3713 2425; baseline -0.002 -19"><span class='ocrx_word' id='word_1_411' title='bbox 2129 2355 2245 2415; x_wconf 74' lang='grc' dir='ltr'>καὶ,</span> <span class='ocrx_word' id='word_1_412' title='bbox 2285 2373 2305 2406; x_wconf 75' lang='grc' dir='ltr'><strong>ι</strong></span> <span class='ocrx_word' id='word_1_413' title='bbox 2343 2353 2473 2407; x_wconf 77' lang='grc' dir='ltr'>Ἰδοὺ</span> <span class='ocrx_word' id='word_1_414' title='bbox 2497 2354 2786 2425; x_wconf 79' lang='grc' dir='ltr'>ἄνθρωπος</span> <span class='ocrx_word' id='word_1_415' title='bbox 2814 2355 2989 2423; x_wconf 72' lang='grc' dir='ltr'>φάγος</span> <span class='ocrx_word' id='word_1_416' title='bbox 3038 2355 3133 2408; x_wconf 84' lang='grc' dir='ltr'><strong>καί</strong></span> <span class='ocrx_word' id='word_1_417' title='bbox 3177 2354 3463 2422; x_wconf 68' lang='grc' dir='ltr'>οἰνοπότης</span> <span class='ocrx_word' id='word_1_418' title='bbox 3493 2370 3507 2383; x_wconf 74' lang='grc'><em>’</em></span> <span class='ocrx_word' id='word_1_419' title='bbox 3542 2371 3561 2404; x_wconf 75' lang='grc' dir='ltr'><strong>ι</strong></span> <span class='ocrx_word' id='word_1_420' title='bbox 3602 2347 3713 2418; x_wconf 81' lang='grc' dir='ltr'>ἄρα</span> 
     </span>
    </p>
   </div>
   <div class='ocr_carea' id='block_1_55' title="bbox 2130 2443 3710 2516">
    <p class='ocr_par' dir='ltr' id='par_1_55' title="bbox 2130 2443 3710 2516">
     <span class='ocr_line' id='line_1_55' title="bbox 2130 2443 3710 2516; baseline -0.004 -19"><span class='ocrx_word' id='word_1_421' title='bbox 2130 2444 2569 2516; x_wconf 81' lang='grc' dir='ltr'>ἀντελοιδόρησεν</span> <span class='ocrx_word' id='word_1_422' title='bbox 2631 2446 2846 2513; x_wconf 79' lang='grc' dir='ltr'>αύτοῖς;</span> <span class='ocrx_word' id='word_1_423' title='bbox 2893 2445 3159 2514; x_wconf 79' lang='grc' dir='ltr'>Οὐδαμῶς</span> <span class='ocrx_word' id='word_1_424' title='bbox 3202 2460 3217 2476; x_wconf 77' lang='grc' dir='ltr'><strong>ο</strong></span> <span class='ocrx_word' id='word_1_425' title='bbox 3273 2443 3408 2498; x_wconf 84' lang='grc' dir='ltr'><strong>ἀλλά</strong></span> <span class='ocrx_word' id='word_1_426' title='bbox 3439 2445 3551 2506; x_wconf 82' lang='grc' dir='ltr'>τοῖς</span> <span class='ocrx_word' id='word_1_427' title='bbox 3611 2443 3710 2511; x_wconf 72' lang='grc' dir='ltr'><strong>μὲν</strong></span> 
     </span>
    </p>
   </div>
   <div class='ocr_carea' id='block_1_56' title="bbox 2131 2528 3705 2603">
    <p class='ocr_par' dir='ltr' id='par_1_56' title="bbox 2131 2528 3705 2603">
     <span class='ocr_line' id='line_1_56' title="bbox 2131 2528 3705 2603; baseline -0.003 -16"><span class='ocrx_word' id='word_1_428' title='bbox 2131 2528 2286 2588; x_wconf 77' lang='grc' dir='ltr'>εἶπεν</span> <span class='ocrx_word' id='word_1_429' title='bbox 2308 2551 2325 2567; x_wconf 78' lang='grc' dir='ltr'><strong><em>ο</em></strong></span> <span class='ocrx_word' id='word_1_430' title='bbox 2358 2553 2374 2586; x_wconf 83' lang='grc' dir='ltr'><strong>ι</strong></span> <span class='ocrx_word' id='word_1_431' title='bbox 2399 2536 2462 2588; x_wconf 83' lang='grc' dir='ltr'>Εἰ</span> <span class='ocrx_word' id='word_1_432' title='bbox 2488 2532 2598 2603; x_wconf 76' lang='grc' dir='ltr'><strong>ἐγὼ</strong></span> <span class='ocrx_word' id='word_1_433' title='bbox 2623 2536 2681 2588; x_wconf 84' lang='grc' dir='ltr'>ὲν</span> <span class='ocrx_word' id='word_1_434' title='bbox 2711 2533 3040 2598; x_wconf 77' lang='grc' dir='ltr'>Βεελζεϐοὺλ</span> <span class='ocrx_word' id='word_1_435' title='bbox 3069 2532 3317 2586; x_wconf 77' lang='grc' dir='ltr'>ὲκῦἀλλω</span> <span class='ocrx_word' id='word_1_436' title='bbox 3338 2533 3405 2584; x_wconf 71' lang='grc' dir='ltr'><strong>τὰ</strong></span> <span class='ocrx_word' id='word_1_437' title='bbox 3429 2531 3705 2598; x_wconf 69' lang='grc' dir='ltr'>δαιμόνια,</span> 
     </span>
    </p>
   </div>
   <div class='ocr_carea' id='block_1_57' title="bbox 2131 2619 3713 2697">
    <p class='ocr_par' dir='ltr' id='par_1_57' title="bbox 2131 2619 3713 2697">
     <span class='ocr_line' id='line_1_57' title="bbox 2131 2619 3713 2697; baseline -0.004 -19"><span class='ocrx_word' id='word_1_438' title='bbox 2131 2627 2180 2679; x_wconf 87' lang='grc' dir='ltr'><strong>οί</strong></span> <span class='ocrx_word' id='word_1_439' title='bbox 2207 2627 2313 2679; x_wconf 77' lang='grc' dir='ltr'>υἱοὶ</span> <span class='ocrx_word' id='word_1_440' title='bbox 2368 2626 2522 2697; x_wconf 80' lang='grc' dir='ltr'>ὑμῶν</span> <span class='ocrx_word' id='word_1_441' title='bbox 2549 2629 2607 2679; x_wconf 84' lang='grc' dir='ltr'>ὲν</span> <span class='ocrx_word' id='word_1_442' title='bbox 2637 2627 2743 2679; x_wconf 82' lang='grc' dir='ltr'>τίνι</span> <span class='ocrx_word' id='word_1_443' title='bbox 2801 2625 3156 2691; x_wconf 76' lang='grc' dir='ltr'>ἐκϐάλλουσι;</span> <span class='ocrx_word' id='word_1_444' title='bbox 3188 2644 3208 2676; x_wconf 72' lang='grc' dir='ltr'><strong>ι</strong></span> <span class='ocrx_word' id='word_1_445' title='bbox 3261 2623 3336 2675; x_wconf 69' lang='grc' dir='ltr'>Ἔδ</span> <span class='ocrx_word' id='word_1_446' title='bbox 3387 2619 3449 2693; x_wconf 69' lang='grc' dir='ltr'><strong>[ί.</strong></span> <span class='ocrx_word' id='word_1_447' title='bbox 3479 2621 3579 2693; x_wconf 82' lang='grc' dir='ltr'><strong>τῷ]</strong></span> <span class='ocrx_word' id='word_1_448' title='bbox 3636 2621 3713 2683; x_wconf 70' lang='grc' dir='ltr'>δὲ,</span> 
     </span>
    </p>
   </div>
   <div class='ocr_carea' id='block_1_58' title="bbox 2139 2708 3715 2785">
    <p class='ocr_par' dir='ltr' id='par_1_58' title="bbox 2139 2708 3715 2785">
     <span class='ocr_line' id='line_1_58' title="bbox 2139 2708 3715 2785; baseline -0.003 -17"><span class='ocrx_word' id='word_1_449' title='bbox 2139 2734 2157 2768; x_wconf 77' lang='grc' dir='ltr'><strong>ι</strong></span> <span class='ocrx_word' id='word_1_450' title='bbox 2181 2713 2359 2783; x_wconf 79' lang='grc' dir='ltr'>Φάγος</span> <span class='ocrx_word' id='word_1_451' title='bbox 2388 2716 2483 2769; x_wconf 72' lang='grc' dir='ltr'>καὶ</span> <span class='ocrx_word' id='word_1_452' title='bbox 2516 2715 2823 2785; x_wconf 78' lang='grc' dir='ltr'>οίνοπότης,</span> <span class='ocrx_word' id='word_1_453' title='bbox 2855 2734 2873 2767; x_wconf 73' lang='grc' dir='ltr'><strong>ι</strong></span> <span class='ocrx_word' id='word_1_454' title='bbox 2935 2714 3240 2783; x_wconf 78' lang='grc' dir='ltr'>ἀνατέθηκε</span> <span class='ocrx_word' id='word_1_455' title='bbox 3276 2712 3337 2785; x_wconf 76' lang='grc' dir='ltr'>υ.</span> <span class='ocrx_word' id='word_1_456' title='bbox 3392 2711 3669 2766; x_wconf 81' lang='grc' dir='ltr'>ὁντέθε.κε</span> <span class='ocrx_word' id='word_1_457' title='bbox 3698 2708 3715 2781; x_wconf 77' lang='lat' dir='ltr'>j</span> 
     </span>
    </p>
   </div>
   <div class='ocr_carea' id='block_1_59' title="bbox 2134 2802 3716 2878">
    <p class='ocr_par' dir='ltr' id='par_1_59' title="bbox 2134 2802 3716 2878">
     <span class='ocr_line' id='line_1_59' title="bbox 2134 2802 3716 2878; baseline -0.005 -18"><span class='ocrx_word' id='word_1_458' title='bbox 2134 2808 2242 2860; x_wconf 86' lang='grc' dir='ltr'><strong>τῶν</strong></span> <span class='ocrx_word' id='word_1_459' title='bbox 2271 2808 2327 2859; x_wconf 82' lang='grc' dir='ltr'>ὲν</span> <span class='ocrx_word' id='word_1_460' title='bbox 2348 2809 2416 2878; x_wconf 84' lang='grc' dir='ltr'>τῇ</span> <span class='ocrx_word' id='word_1_461' title='bbox 2451 2807 2630 2878; x_wconf 75' lang='grc' dir='ltr'>ἀγορᾷ</span> <span class='ocrx_word' id='word_1_462' title='bbox 2671 2802 2975 2871; x_wconf 80' lang='grc' dir='ltr'>παιζόντων</span> <span class='ocrx_word' id='word_1_463' title='bbox 3002 2804 3228 2858; x_wconf 80' lang='grc' dir='ltr'>παιδίων</span> <span class='ocrx_word' id='word_1_464' title='bbox 3258 2802 3504 2868; x_wconf 84' lang='grc' dir='ltr'>παιδιὰν,</span> <span class='ocrx_word' id='word_1_465' title='bbox 3526 2803 3716 2869; x_wconf 74' lang='grc' dir='ltr'>λεγόν-</span> 
     </span>
    </p>
   </div>
   <div class='ocr_carea' id='block_1_60' title="bbox 2135 2891 3717 2969">
    <p class='ocr_par' dir='ltr' id='par_1_60' title="bbox 2135 2891 3717 2969">
     <span class='ocr_line' id='line_1_60' title="bbox 2135 2891 3717 2969; baseline -0.003 -20"><span class='ocrx_word' id='word_1_466' title='bbox 2135 2914 2264 2951; x_wconf 76' lang='grc' dir='ltr'>τωνο</span> <span class='ocrx_word' id='word_1_467' title='bbox 2307 2915 2327 2951; x_wconf 73' lang='grc' dir='ltr'><strong>ι</strong></span> <span class='ocrx_word' id='word_1_468' title='bbox 2356 2897 2688 2969; x_wconf 84' lang='grc' dir='ltr'>Ηύλήσαμεν</span> <span class='ocrx_word' id='word_1_469' title='bbox 2740 2896 2889 2966; x_wconf 82' lang='grc' dir='ltr'>ὑμῖν,</span> <span class='ocrx_word' id='word_1_470' title='bbox 2927 2897 3022 2950; x_wconf 73' lang='grc' dir='ltr'>καὶ</span> <span class='ocrx_word' id='word_1_471' title='bbox 3045 2897 3144 2949; x_wconf 82' lang='grc' dir='ltr'><strong>οὐκ</strong></span> <span class='ocrx_word' id='word_1_472' title='bbox 3174 2892 3520 2966; x_wconf 71' lang='grc' dir='ltr'>ὠρχήσασθεσ</span> <span class='ocrx_word' id='word_1_473' title='bbox 3555 2891 3717 2960; x_wconf 80' lang='grc' dir='ltr'>ἐθρη-</span> 
     </span>
    </p>
   </div>
   <div class='ocr_carea' id='block_1_61' title="bbox 2137 2983 3717 3060">
    <p class='ocr_par' dir='ltr' id='par_1_61' title="bbox 2137 2983 3717 3060">
     <span class='ocr_line' id='line_1_61' title="bbox 2137 2983 3717 3060; baseline -0.006 -17"><span class='ocrx_word' id='word_1_474' title='bbox 2137 2991 2407 3060; x_wconf 85' lang='grc' dir='ltr'>νήσαμεν,</span> <span class='ocrx_word' id='word_1_475' title='bbox 2440 2989 2536 3042; x_wconf 75' lang='grc' dir='ltr'>καὶ</span> <span class='ocrx_word' id='word_1_476' title='bbox 2560 2989 2661 3042; x_wconf 83' lang='grc' dir='ltr'><strong>οὐκ</strong></span> <span class='ocrx_word' id='word_1_477' title='bbox 2703 2987 2995 3058; x_wconf 73' lang='grc' dir='ltr'>ἐκόψασθε.</span> <span class='ocrx_word' id='word_1_478' title='bbox 3029 3006 3047 3038; x_wconf 70' lang='grc' dir='ltr'><strong>ι</strong></span> <span class='ocrx_word' id='word_1_479' title='bbox 3083 2988 3497 3058; x_wconf 86' lang='grc' dir='ltr'>Σταυρούμενος</span> <span class='ocrx_word' id='word_1_480' title='bbox 3525 2984 3581 3038; x_wconf 86' lang='grc' dir='ltr'><strong>δὲ</strong></span> <span class='ocrx_word' id='word_1_481' title='bbox 3622 2983 3717 3036; x_wconf 78' lang='grc' dir='ltr'><strong>καὶ</strong></span> 
     </span>
    </p>
   </div>
   <div class='ocr_carea' id='block_1_62' title="bbox 2138 3073 3716 3150">
    <p class='ocr_par' dir='ltr' id='par_1_62' title="bbox 2138 3073 3716 3150">
     <span class='ocr_line' id='line_1_62' title="bbox 2138 3073 3716 3150; baseline -0.005 -18"><span class='ocrx_word' id='word_1_482' title='bbox 2138 3080 2364 3150; x_wconf 84' lang='grc' dir='ltr'>πάσχων</span> <span class='ocrx_word' id='word_1_483' title='bbox 2425 3078 2636 3146; x_wconf 76' lang='grc' dir='ltr'>κακῶς,</span> <span class='ocrx_word' id='word_1_484' title='bbox 2685 3076 2825 3149; x_wconf 73' lang='grc' dir='ltr'>ὑπὲρ</span> <span class='ocrx_word' id='word_1_485' title='bbox 2887 3076 2997 3132; x_wconf 89' lang='grc' dir='ltr'><strong>τῶν</strong></span> <span class='ocrx_word' id='word_1_486' title='bbox 3025 3076 3346 3132; x_wconf 87' lang='grc' dir='ltr'>κακούντων</span> <span class='ocrx_word' id='word_1_487' title='bbox 3369 3073 3716 3147; x_wconf 79' lang='grc' dir='ltr'>προσηύχετο</span> 
     </span>
    </p>
   </div>
   <div class='ocr_carea' id='block_1_63' title="bbox 2142 3157 3714 3239">
    <p class='ocr_par' dir='ltr' id='par_1_63' title="bbox 2142 3157 3714 3239">
     <span class='ocr_line' id='line_1_63' title="bbox 2142 3157 3714 3239; baseline -0.005 -15"><span class='ocrx_word' id='word_1_488' title='bbox 2142 3171 2365 3239; x_wconf 87' lang='grc' dir='ltr'>μᾶλλον,</span> <span class='ocrx_word' id='word_1_489' title='bbox 2428 3168 2544 3223; x_wconf 84' lang='grc' dir='ltr'>ἀλλ’</span> <span class='ocrx_word' id='word_1_490' title='bbox 2601 3171 2703 3223; x_wconf 73' lang='grc' dir='ltr'><strong>οὐκ</strong></span> <span class='ocrx_word' id='word_1_491' title='bbox 2758 3168 2999 3239; x_wconf 76' lang='grc' dir='ltr'>ἠπείλειο</span> <span class='ocrx_word' id='word_1_492' title='bbox 3037 3167 3115 3239; x_wconf 83' lang='grc' dir='ltr'>τῷ</span> <span class='ocrx_word' id='word_1_493' title='bbox 3155 3167 3212 3221; x_wconf 85' lang='grc' dir='ltr'>δὲ</span> <span class='ocrx_word' id='word_1_494' title='bbox 3256 3166 3428 3237; x_wconf 75' lang='grc' dir='ltr'>Ἰούδᾳ</span> <span class='ocrx_word' id='word_1_495' title='bbox 3482 3157 3714 3229; x_wconf 76' lang='grc' dir='ltr'>ἀπειλεῖ,</span> 
     </span>
    </p>
   </div>
   <div class='ocr_carea' id='block_1_64' title="bbox 446 3239 2026 3332">
    <p class='ocr_par' dir='ltr' id='par_1_64' title="bbox 446 3249 2026 3316">
     <span class='ocr_line' id='line_1_64' title="bbox 446 3249 2026 3316; baseline 0.004 -16"><span class='ocrx_word' id='word_1_496' title='bbox 446 3266 467 3300; x_wconf 72' lang='grc' dir='ltr'><strong>ι</strong></span> <span class='ocrx_word' id='word_1_497' title='bbox 519 3249 834 3305; x_wconf 84' lang='lat' dir='ltr'><strong>Cecinimus</strong></span> <span class='ocrx_word' id='word_1_498' title='bbox 874 3252 1050 3314; x_wconf 83' lang='lat' dir='ltr'><strong>vobis,</strong></span> <span class='ocrx_word' id='word_1_499' title='bbox 1080 3261 1268 3306; x_wconf 89' lang='lat' dir='ltr'><strong>etnon</strong></span> <span class='ocrx_word' id='word_1_500' title='bbox 1299 3253 1563 3306; x_wconf 85' lang='lat' dir='ltr'><strong>saltastis:</strong></span> <span class='ocrx_word' id='word_1_501' title='bbox 1586 3253 2026 3316; x_wconf 80' lang='lat' dir='ltr'><strong>lamentavimus.</strong></span> 
     </span>
    </p>
   </div>
   <div class='ocr_carea' id='block_1_65' title="bbox 2132 3239 3716 3332">
    <p class='ocr_par' dir='ltr' id='par_1_65' title="bbox 2138 3257 3716 3332">
     <span class='ocr_line' id='line_1_65' title="bbox 2138 3257 3716 3332; baseline -0.004 -18"><span class='ocrx_word' id='word_1_502' title='bbox 2138 3261 2481 3315; x_wconf 80' lang='grc' dir='ltr'>ἀναστέλλων</span> <span class='ocrx_word' id='word_1_503' title='bbox 2516 3261 2679 3316; x_wconf 79' lang='grc' dir='ltr'>αὐτὸν</span> <span class='ocrx_word' id='word_1_504' title='bbox 2709 3262 2810 3332; x_wconf 79' lang='grc' dir='ltr'>τῆς</span> <span class='ocrx_word' id='word_1_505' title='bbox 2844 3257 3454 3330; x_wconf 72' lang='grc' dir='ltr'>προδοσίας.Ὡσαύτως</span> <span class='ocrx_word' id='word_1_506' title='bbox 3481 3257 3573 3309; x_wconf 75' lang='grc' dir='ltr'>καὶ</span> <span class='ocrx_word' id='word_1_507' title='bbox 3601 3257 3716 3316; x_wconf 79' lang='grc' dir='ltr'>τοῖς</span> 
     </span>
    </p>
   </div>
   <div class='ocr_carea' id='block_1_66' title="bbox 439 3342 2035 3416">
    <p class='ocr_par' dir='ltr' id='par_1_66' title="bbox 439 3342 2035 3416">
     <span class='ocr_line' id='line_1_66' title="bbox 439 3342 2035 3416; baseline 0.005 -23"><span class='ocrx_word' id='word_1_508' title='bbox 439 3348 494 3393; x_wconf 92' lang='lat' dir='ltr'><strong>et</strong></span> <span class='ocrx_word' id='word_1_509' title='bbox 534 3355 643 3394; x_wconf 91' lang='lat' dir='ltr'><strong>non</strong></span> <span class='ocrx_word' id='word_1_510' title='bbox 676 3342 964 3411; x_wconf 80' lang='lat' dir='ltr'><strong>planxistis</strong></span> <span class='ocrx_word' id='word_1_511' title='bbox 996 3342 1064 3398; x_wconf 80' lang='lat'><strong>&quot;.</strong></span> <span class='ocrx_word' id='word_1_512' title='bbox 1115 3360 1135 3395; x_wconf 77' lang='grc' dir='ltr'><strong>ι</strong></span> <span class='ocrx_word' id='word_1_513' title='bbox 1172 3344 1482 3400; x_wconf 75' lang='lat' dir='ltr'><strong>(Irucilixus</strong></span> <span class='ocrx_word' id='word_1_514' title='bbox 1513 3359 1666 3411; x_wconf 89' lang='lat' dir='ltr'><strong>vero,</strong></span> <span class='ocrx_word' id='word_1_515' title='bbox 1707 3353 1761 3400; x_wconf 90' lang='lat' dir='ltr'><strong>et</strong></span> <span class='ocrx_word' id='word_1_516' title='bbox 1806 3346 2035 3416; x_wconf 85' lang='lat' dir='ltr'><strong>pessine</strong></span> 
     </span>
    </p>
   </div>
   <div class='ocr_carea' id='block_1_67' title="bbox 440 3430 2031 3507">
    <p class='ocr_par' dir='ltr' id='par_1_67' title="bbox 440 3430 2031 3507">
     <span class='ocr_line' id='line_1_67' title="bbox 440 3430 2031 3507; baseline 0.006 -24"><span class='ocrx_word' id='word_1_517' title='bbox 440 3430 688 3497; x_wconf 71' lang='lat' dir='ltr'><strong>habitus,</strong></span> <span class='ocrx_word' id='word_1_518' title='bbox 721 3447 817 3500; x_wconf 89' lang='lat' dir='ltr'><strong>pro</strong></span> <span class='ocrx_word' id='word_1_519' title='bbox 856 3432 1228 3502; x_wconf 79' lang='lat' dir='ltr'><strong>allligentibus</strong></span> <span class='ocrx_word' id='word_1_520' title='bbox 1267 3438 1444 3490; x_wconf 84' lang='lat' dir='ltr'><strong>oravit</strong></span> <span class='ocrx_word' id='word_1_521' title='bbox 1480 3438 1686 3506; x_wconf 87' lang='lat' dir='ltr'><strong>potius,</strong></span> <span class='ocrx_word' id='word_1_522' title='bbox 1714 3452 1881 3507; x_wconf 88' lang='lat' dir='ltr'><strong>quam</strong></span> <span class='ocrx_word' id='word_1_523' title='bbox 1922 3437 2031 3492; x_wconf 86' lang='lat' dir='ltr'><strong>illls</strong></span> 
     </span>
    </p>
   </div>
   <div class='ocr_carea' id='block_1_68' title="bbox 442 3523 2025 3597">
    <p class='ocr_par' dir='ltr' id='par_1_68' title="bbox 442 3523 2025 3597">
     <span class='ocr_line' id='line_1_68' title="bbox 442 3523 2025 3597; baseline 0.007 -24"><span class='ocrx_word' id='word_1_524' title='bbox 442 3523 815 3577; x_wconf 87' lang='lat' dir='ltr'><strong>comminatus</strong></span> <span class='ocrx_word' id='word_1_525' title='bbox 851 3526 943 3579; x_wconf 90' lang='lat' dir='ltr'><strong>sit.</strong></span> <span class='ocrx_word' id='word_1_526' title='bbox 981 3526 1045 3579; x_wconf 84' lang='lat' dir='ltr'><strong>Et</strong></span> <span class='ocrx_word' id='word_1_527' title='bbox 1067 3525 1222 3583; x_wconf 65' lang='lat' dir='ltr'><strong>Judre</strong></span> <span class='ocrx_word' id='word_1_528' title='bbox 1251 3529 1468 3597; x_wconf 85' lang='lat' dir='ltr'><strong>quidem</strong></span> <span class='ocrx_word' id='word_1_529' title='bbox 1500 3531 1741 3584; x_wconf 87' lang='lat' dir='ltr'><strong>minatus</strong></span> <span class='ocrx_word' id='word_1_530' title='bbox 1796 3537 1904 3595; x_wconf 90' lang='lat' dir='ltr'><strong>est,</strong></span> <span class='ocrx_word' id='word_1_531' title='bbox 1931 3531 2025 3584; x_wconf 90' lang='lat' dir='ltr'><strong>sed</strong></span> 
     </span>
    </p>
   </div>
   <div class='ocr_carea' id='block_1_69' title="bbox 444 3614 2031 3690">
    <p class='ocr_par' dir='ltr' id='par_1_69' title="bbox 444 3614 2031 3690">
     <span class='ocr_line' id='line_1_69' title="bbox 444 3614 2031 3690; baseline 0.006 -25"><span class='ocrx_word' id='word_1_532' title='bbox 444 3619 507 3665; x_wconf 91' lang='lat' dir='ltr'><strong>ut</strong></span> <span class='ocrx_word' id='word_1_533' title='bbox 536 3627 661 3666; x_wconf 89' lang='lat' dir='ltr'><strong>eum</strong></span> <span class='ocrx_word' id='word_1_534' title='bbox 703 3614 769 3668; x_wconf 86' lang='lat' dir='ltr'><strong>ad</strong></span> <span class='ocrx_word' id='word_1_535' title='bbox 811 3615 1123 3685; x_wconf 87' lang='lat' dir='ltr'><strong>proditione</strong></span> <span class='ocrx_word' id='word_1_536' title='bbox 1152 3628 1458 3675; x_wconf 83' lang='lat' dir='ltr'><strong>revocaret.</strong></span> <span class='ocrx_word' id='word_1_537' title='bbox 1496 3621 1562 3675; x_wconf 87' lang='lat' dir='ltr'><strong>Et</strong></span> <span class='ocrx_word' id='word_1_538' title='bbox 1585 3636 1704 3686; x_wconf 92' lang='lat' dir='ltr'><strong>eos,</strong></span> <span class='ocrx_word' id='word_1_539' title='bbox 1736 3620 2031 3690; x_wconf 63' lang='lat' dir='ltr'><strong>qui&#39;disci-</strong></span> 
     </span>
    </p>
   </div>
   <div class='ocr_carea' id='block_1_70' title="bbox 443 3703 2030 3783">
    <p class='ocr_par' dir='ltr' id='par_1_70' title="bbox 443 3703 2030 3783">
     <span class='ocr_line' id='line_1_70' title="bbox 443 3703 2030 3783; baseline 0.006 -27"><span class='ocrx_word' id='word_1_540' title='bbox 443 3703 605 3776; x_wconf 84' lang='lat' dir='ltr'><strong>pulos</strong></span> <span class='ocrx_word' id='word_1_541' title='bbox 643 3720 774 3761; x_wconf 87' lang='lat' dir='ltr'><strong>suos</strong></span> <span class='ocrx_word' id='word_1_542' title='bbox 806 3723 913 3761; x_wconf 93' lang='lat' dir='ltr'><strong>non</strong></span> <span class='ocrx_word' id='word_1_543' title='bbox 946 3711 1276 3780; x_wconf 86' lang='lat' dir='ltr'><strong>reciperent,</strong></span> <span class='ocrx_word' id='word_1_544' title='bbox 1313 3713 1536 3782; x_wconf 86' lang='lat' dir='ltr'><strong>gravius</strong></span> <span class='ocrx_word' id='word_1_545' title='bbox 1571 3729 1735 3783; x_wconf 88' lang='lat' dir='ltr'><strong>quam</strong></span> <span class='ocrx_word' id='word_1_546' title='bbox 1773 3712 2030 3768; x_wconf 86' lang='lat' dir='ltr'><strong>Sodomi-</strong></span> 
     </span>
    </p>
   </div>
   <div class='ocr_carea' id='block_1_71' title="bbox 445 3799 2025 3870">
    <p class='ocr_par' dir='ltr' id='par_1_71' title="bbox 445 3799 2025 3870">
     <span class='ocr_line' id='line_1_71' title="bbox 445 3799 2025 3870; baseline 0.006 -21"><span class='ocrx_word' id='word_1_547' title='bbox 445 3807 555 3859; x_wconf 89' lang='lat' dir='ltr'><strong>tas,</strong></span> <span class='ocrx_word' id='word_1_548' title='bbox 592 3799 901 3866; x_wconf 83' lang='lat' dir='ltr'><strong>punicudos</strong></span> <span class='ocrx_word' id='word_1_549' title='bbox 932 3816 1055 3857; x_wconf 86' lang='lat' dir='ltr'><strong>esse</strong></span> <span class='ocrx_word' id='word_1_550' title='bbox 1106 3803 1429 3870; x_wconf 74' lang='lat' dir='ltr'><strong>declaravit,</strong></span> <span class='ocrx_word' id='word_1_551' title='bbox 1465 3813 1526 3858; x_wconf 91' lang='lat' dir='ltr'><strong>ut</strong></span> <span class='ocrx_word' id='word_1_552' title='bbox 1565 3807 1846 3860; x_wconf 86' lang='lat' dir='ltr'><strong>auditores</strong></span> <span class='ocrx_word' id='word_1_553' title='bbox 1900 3819 2025 3859; x_wconf 90' lang='lat' dir='ltr'><strong>cum</strong></span> 
     </span>
    </p>
   </div>
   <div class='ocr_carea' id='block_1_72' title="bbox 445 3889 2029 3970">
    <p class='ocr_par' dir='ltr' id='par_1_72' title="bbox 445 3889 2029 3970">
     <span class='ocr_line' id='line_1_72' title="bbox 445 3889 2029 3970; baseline 0.007 -29"><span class='ocrx_word' id='word_1_554' title='bbox 445 3889 511 3943; x_wconf 87' lang='lat' dir='ltr'><strong>ad</strong></span> <span class='ocrx_word' id='word_1_555' title='bbox 552 3890 999 3961; x_wconf 88' lang='lat' dir='ltr'><strong>hospitalitatem,</strong></span> <span class='ocrx_word' id='word_1_556' title='bbox 1041 3904 1153 3950; x_wconf 92' lang='lat' dir='ltr'><strong>tum</strong></span> <span class='ocrx_word' id='word_1_557' title='bbox 1210 3900 1275 3951; x_wconf 89' lang='lat' dir='ltr'><strong>ad</strong></span> <span class='ocrx_word' id='word_1_558' title='bbox 1325 3916 1412 3964; x_wconf 90' lang='lat' dir='ltr'><strong>ea,</strong></span> <span class='ocrx_word' id='word_1_559' title='bbox 1456 3916 1577 3970; x_wconf 86' lang='lat' dir='ltr'><strong>quae</strong></span> <span class='ocrx_word' id='word_1_560' title='bbox 1636 3901 1833 3957; x_wconf 89' lang='lat' dir='ltr'><strong>salutis</strong></span> <span class='ocrx_word' id='word_1_561' title='bbox 1879 3907 2029 3965; x_wconf 89' lang='lat' dir='ltr'><strong>sunt,</strong></span> 
     </span>
    </p>
   </div>
   <div class='ocr_carea' id='block_1_73' title="bbox 444 3979 2021 4058">
    <p class='ocr_par' dir='ltr' id='par_1_73' title="bbox 444 3979 2021 4058">
     <span class='ocr_line' id='line_1_73' title="bbox 444 3979 2021 4058; baseline 0.009 -27"><span class='ocrx_word' id='word_1_562' title='bbox 444 3979 845 4050; x_wconf 84' lang='lat' dir='ltr'><strong>amplectenda,</strong></span> <span class='ocrx_word' id='word_1_563' title='bbox 908 3986 1104 4042; x_wconf 87' lang='lat' dir='ltr'><strong>timore</strong></span> <span class='ocrx_word' id='word_1_564' title='bbox 1167 3989 1383 4049; x_wconf 86' lang='lat' dir='ltr'><strong>saltem.</strong></span> <span class='ocrx_word' id='word_1_565' title='bbox 1435 4000 1780 4057; x_wconf 86' lang='lat' dir='ltr'><strong>provocaret.</strong></span> <span class='ocrx_word' id='word_1_566' title='bbox 1838 3991 2021 4058; x_wconf 81' lang='lat' dir='ltr'><strong>Quare</strong></span> 
     </span>
    </p>
   </div>
   <div class='ocr_carea' id='block_1_74' title="bbox 442 4072 2029 4152">
    <p class='ocr_par' dir='ltr' id='par_1_74' title="bbox 442 4072 2029 4152">
     <span class='ocr_line' id='line_1_74' title="bbox 442 4072 2029 4152; baseline 0.008 -29"><span class='ocrx_word' id='word_1_567' title='bbox 442 4072 770 4129; x_wconf 81' lang='lat' dir='ltr'><strong>verissimus</strong></span> <span class='ocrx_word' id='word_1_568' title='bbox 826 4087 911 4132; x_wconf 90' lang='lat' dir='ltr'><strong>est</strong></span> <span class='ocrx_word' id='word_1_569' title='bbox 973 4092 1155 4133; x_wconf 88' lang='lat' dir='ltr'><strong>sermo</strong></span> <span class='ocrx_word' id='word_1_570' title='bbox 1208 4080 1379 4145; x_wconf 81' lang='lat' dir='ltr'><strong>Petri,</strong></span> <span class='ocrx_word' id='word_1_571' title='bbox 1436 4099 1546 4152; x_wconf 92' lang='lat' dir='ltr'><strong>quo</strong></span> <span class='ocrx_word' id='word_1_572' title='bbox 1616 4099 1717 4138; x_wconf 89' lang='lat' dir='ltr'><strong>nos</strong></span> <span class='ocrx_word' id='word_1_573' title='bbox 1777 4083 2029 4152; x_wconf 81' lang='lat' dir='ltr'><strong>exemplo</strong></span> 
     </span>
    </p>
   </div>
   <div class='ocr_carea' id='block_1_75' title="bbox 2142 3344 3718 3423">
    <p class='ocr_par' dir='ltr' id='par_1_75' title="bbox 2142 3344 3718 3423">
     <span class='ocr_line' id='line_1_75' title="bbox 2142 3344 3718 3423; baseline -0.007 -16"><span class='ocrx_word' id='word_1_574' title='bbox 2142 3352 2218 3422; x_wconf 82' lang='grc' dir='ltr'>μὴ</span> <span class='ocrx_word' id='word_1_575' title='bbox 2250 3350 2559 3423; x_wconf 80' lang='grc' dir='ltr'>δεξομένοις</span> <span class='ocrx_word' id='word_1_576' title='bbox 2612 3352 2740 3415; x_wconf 77' lang='grc' dir='ltr'>τοὺς</span> <span class='ocrx_word' id='word_1_577' title='bbox 2791 3351 3061 3422; x_wconf 84' lang='grc' dir='ltr'>μαθητὰς,</span> <span class='ocrx_word' id='word_1_578' title='bbox 3099 3348 3283 3420; x_wconf 82' lang='grc' dir='ltr'>χεῖρόν</span> <span class='ocrx_word' id='word_1_579' title='bbox 3315 3364 3369 3402; x_wconf 82' lang='grc' dir='ltr'><strong>τι</strong></span> <span class='ocrx_word' id='word_1_580' title='bbox 3416 3344 3718 3415; x_wconf 84' lang='grc' dir='ltr'>Σοδομιτῶν</span> 
     </span>
    </p>
   </div>
   <div class='ocr_carea' id='block_1_76' title="bbox 2137 3435 3712 3514">
    <p class='ocr_par' dir='ltr' id='par_1_76' title="bbox 2137 3435 3712 3514">
     <span class='ocr_line' id='line_1_76' title="bbox 2137 3435 3712 3514; baseline -0.004 -19"><span class='ocrx_word' id='word_1_581' title='bbox 2137 3443 2333 3497; x_wconf 82' lang='grc' dir='ltr'>παθεῖν</span> <span class='ocrx_word' id='word_1_582' title='bbox 2375 3445 2713 3514; x_wconf 82' lang='grc' dir='ltr'>ἀπεφήνατο,</span> <span class='ocrx_word' id='word_1_583' title='bbox 2749 3442 2809 3495; x_wconf 83' lang='grc' dir='ltr'>τὸ</span> <span class='ocrx_word' id='word_1_584' title='bbox 2840 3441 2939 3513; x_wconf 81' lang='grc' dir='ltr'><strong>μὲν</strong></span> <span class='ocrx_word' id='word_1_585' title='bbox 2967 3443 3059 3495; x_wconf 71' lang='grc' dir='ltr'><strong>ἐπὶ</strong></span> <span class='ocrx_word' id='word_1_586' title='bbox 3085 3439 3411 3509; x_wconf 70' lang='grc' dir='ltr'>ξενοδοχίαν,</span> <span class='ocrx_word' id='word_1_587' title='bbox 3445 3437 3505 3490; x_wconf 79' lang='grc' dir='ltr'>τὸ</span> <span class='ocrx_word' id='word_1_588' title='bbox 3533 3435 3590 3490; x_wconf 83' lang='grc' dir='ltr'>δὲ</span> <span class='ocrx_word' id='word_1_589' title='bbox 3623 3435 3712 3489; x_wconf 76' lang='grc' dir='ltr'>διὰ</span> 
     </span>
    </p>
   </div>
   <div class='ocr_carea' id='block_1_77' title="bbox 2135 3525 3711 3603">
    <p class='ocr_par' dir='ltr' id='par_1_77' title="bbox 2135 3525 3711 3603">
     <span class='ocr_line' id='line_1_77' title="bbox 2135 3525 3711 3603; baseline -0.004 -18"><span class='ocrx_word' id='word_1_590' title='bbox 2135 3533 2227 3585; x_wconf 78' lang='grc' dir='ltr'>τοῦ</span> <span class='ocrx_word' id='word_1_591' title='bbox 2282 3533 2452 3601; x_wconf 73' lang='grc' dir='ltr'>φόϐου</span> <span class='ocrx_word' id='word_1_592' title='bbox 2481 3531 2815 3603; x_wconf 84' lang='grc' dir='ltr'>παρακαλῶν</span> <span class='ocrx_word' id='word_1_593' title='bbox 2846 3530 2940 3584; x_wconf 78' lang='grc' dir='ltr'>ἐπὶ</span> <span class='ocrx_word' id='word_1_594' title='bbox 2973 3532 3038 3585; x_wconf 79' lang='grc' dir='ltr'><strong>τα</strong></span> <span class='ocrx_word' id='word_1_595' title='bbox 3064 3531 3310 3601; x_wconf 83' lang='grc' dir='ltr'>σωτήρια</span> <span class='ocrx_word' id='word_1_596' title='bbox 3341 3526 3554 3582; x_wconf 74' lang='grc' dir='ltr'>ἑαυτῶν</span> <span class='ocrx_word' id='word_1_597' title='bbox 3583 3525 3711 3589; x_wconf 73' lang='grc' dir='ltr'>τοὺς</span> 
     </span>
    </p>
   </div>
   <div class='ocr_carea' id='block_1_78' title="bbox 2132 3618 3719 3694">
    <p class='ocr_par' dir='ltr' id='par_1_78' title="bbox 2132 3618 3719 3694">
     <span class='ocr_line' id='line_1_78' title="bbox 2132 3618 3719 3694; baseline -0.004 -18"><span class='ocrx_word' id='word_1_598' title='bbox 2132 3624 2429 3694; x_wconf 83' lang='grc' dir='ltr'>ἀκροατάς.</span> <span class='ocrx_word' id='word_1_599' title='bbox 2458 3624 2623 3677; x_wconf 81' lang='grc' dir='ltr'>Ὥστε</span> <span class='ocrx_word' id='word_1_600' title='bbox 2675 3622 3042 3693; x_wconf 79' lang='grc' dir='ltr'>ἀληθέστατος</span> <span class='ocrx_word' id='word_1_601' title='bbox 3067 3624 3095 3676; x_wconf 88' lang='grc' dir='ltr'>ὁ</span> <span class='ocrx_word' id='word_1_602' title='bbox 3140 3618 3352 3692; x_wconf 77' lang='grc' dir='ltr'>Πέτρου</span> <span class='ocrx_word' id='word_1_603' title='bbox 3412 3620 3593 3688; x_wconf 87' lang='grc' dir='ltr'>λόγος,</span> <span class='ocrx_word' id='word_1_604' title='bbox 3648 3618 3719 3670; x_wconf 86' lang='grc' dir='ltr'>δι’</span> 
     </span>
    </p>
   </div>
   <div class='ocr_carea' id='block_1_79' title="bbox 2133 3714 3716 3787">
    <p class='ocr_par' dir='ltr' id='par_1_79' title="bbox 2133 3714 3716 3787">
     <span class='ocr_line' id='line_1_79' title="bbox 2133 3714 3716 3787; baseline -0.003 -19"><span class='ocrx_word' id='word_1_605' title='bbox 2133 3714 2551 3784; x_wconf 83' lang='grc' dir='ltr'>ὑποδειγμάτων</span> <span class='ocrx_word' id='word_1_606' title='bbox 2592 3714 2687 3768; x_wconf 83' lang='grc' dir='ltr'>τοῦ</span> <span class='ocrx_word' id='word_1_607' title='bbox 2721 3715 2928 3787; x_wconf 81' lang='grc' dir='ltr'>Κυρίου</span> <span class='ocrx_word' id='word_1_608' title='bbox 2958 3716 3051 3767; x_wconf 70' lang='grc' dir='ltr'>ἐπὶ</span> <span class='ocrx_word' id='word_1_609' title='bbox 3088 3715 3442 3781; x_wconf 78' lang='grc' dir='ltr'>ἀνεξικακίαν</span> <span class='ocrx_word' id='word_1_610' title='bbox 3476 3730 3716 3782; x_wconf 76' lang='grc' dir='ltr'>προτρε-</span> 
     </span>
    </p>
   </div>
   <div class='ocr_carea' id='block_1_80' title="bbox 2134 3798 3711 3879">
    <p class='ocr_par' dir='ltr' id='par_1_80' title="bbox 2134 3798 3711 3879">
     <span class='ocr_line' id='line_1_80' title="bbox 2134 3798 3711 3879; baseline -0.004 -18"><span class='ocrx_word' id='word_1_611' title='bbox 2134 3809 2392 3879; x_wconf 83' lang='grc' dir='ltr'>πομένου.</span> <span class='ocrx_word' id='word_1_612' title='bbox 2450 3807 2523 3861; x_wconf 81' lang='grc' dir='ltr'><strong>Τὸ</strong></span> <span class='ocrx_word' id='word_1_613' title='bbox 2580 3806 2787 3878; x_wconf 82' lang='grc' dir='ltr'>μέντοι,</span> <span class='ocrx_word' id='word_1_614' title='bbox 2826 3806 3166 3878; x_wconf 78' lang='grc' dir='ltr'>«Παρεδίδου</span> <span class='ocrx_word' id='word_1_615' title='bbox 3217 3805 3295 3877; x_wconf 81' lang='grc' dir='ltr'><strong>τῷ</strong></span> <span class='ocrx_word' id='word_1_616' title='bbox 3340 3806 3579 3878; x_wconf 81' lang='grc' dir='ltr'>κρίνοντι</span> <span class='ocrx_word' id='word_1_617' title='bbox 3628 3798 3711 3856; x_wconf 82' lang='grc' dir='ltr'>δι-</span> 
     </span>
    </p>
   </div>
   <div class='ocr_carea' id='block_1_81' title="bbox 2133 3892 3719 3966">
    <p class='ocr_par' dir='ltr' id='par_1_81' title="bbox 2133 3892 3719 3966">
     <span class='ocr_line' id='line_1_81' title="bbox 2133 3892 3719 3966; baseline -0.004 -14"><span class='ocrx_word' id='word_1_618' title='bbox 2133 3899 2326 3962; x_wconf 85' lang='grc' dir='ltr'>καίως,</span> <span class='ocrx_word' id='word_1_619' title='bbox 2354 3916 2374 3949; x_wconf 77' lang='grc' dir='ltr'><strong>ι</strong></span> <span class='ocrx_word' id='word_1_620' title='bbox 2417 3896 2495 3966; x_wconf 82' lang='grc' dir='ltr'>τῷ</span> <span class='ocrx_word' id='word_1_621' title='bbox 2552 3895 2671 3966; x_wconf 87' lang='grc' dir='ltr'><strong>Θεῷ</strong></span> <span class='ocrx_word' id='word_1_622' title='bbox 2702 3896 2944 3966; x_wconf 80' lang='grc' dir='ltr'>δηλονότι</span> <span class='ocrx_word' id='word_1_623' title='bbox 3014 3899 3177 3966; x_wconf 67' lang='grc' dir='ltr'>φησιν</span> <span class='ocrx_word' id='word_1_624' title='bbox 3209 3935 3225 3960; x_wconf 92' lang='grc'><strong>,</strong></span> <span class='ocrx_word' id='word_1_625' title='bbox 3283 3894 3342 3961; x_wconf 80' lang='grc' dir='ltr'>ὃς</span> <span class='ocrx_word' id='word_1_626' title='bbox 3399 3914 3418 3947; x_wconf 86' lang='grc'><em>‹</em></span> <span class='ocrx_word' id='word_1_627' title='bbox 3449 3892 3719 3949; x_wconf 80' lang='grc' dir='ltr'>ἀποδώσει</span> 
     </span>
    </p>
   </div>
   <div class='ocr_carea' id='block_1_82' title="bbox 2135 3984 3720 4059">
    <p class='ocr_par' dir='ltr' id='par_1_82' title="bbox 2135 3984 3720 4059">
     <span class='ocr_line' id='line_1_82' title="bbox 2135 3984 3720 4059; baseline -0.003 -17"><span class='ocrx_word' id='word_1_628' title='bbox 2135 3989 2353 4059; x_wconf 75' lang='grc' dir='ltr'>ἑκάστῳ</span> <span class='ocrx_word' id='word_1_629' title='bbox 2373 3987 2518 4043; x_wconf 83' lang='grc' dir='ltr'><strong>κατά</strong></span> <span class='ocrx_word' id='word_1_630' title='bbox 2542 3987 2611 4040; x_wconf 87' lang='grc' dir='ltr'>τὰ</span> <span class='ocrx_word' id='word_1_631' title='bbox 2637 3986 2779 4058; x_wconf 79' lang='grc' dir='ltr'>ἔργα</span> <span class='ocrx_word' id='word_1_632' title='bbox 2814 3985 3002 4052; x_wconf 68' lang='grc' dir='ltr'>αὐτοῦ,</span> <span class='ocrx_word' id='word_1_633' title='bbox 3033 4004 3051 4038; x_wconf 76' lang='grc' dir='ltr'><strong>ι</strong></span> <span class='ocrx_word' id='word_1_634' title='bbox 3086 3986 3161 4056; x_wconf 84' lang='grc' dir='ltr'><strong>τῷ</strong></span> <span class='ocrx_word' id='word_1_635' title='bbox 3198 3984 3720 4057; x_wconf 57' lang='grc' dir='ltr'>ἀπροσωπολὴπτωσ</span> 
     </span>
    </p>
   </div>
   <div class='ocr_carea' id='block_1_83' title="bbox 2134 4077 3527 4148">
    <p class='ocr_par' dir='ltr' id='par_1_83' title="bbox 2134 4077 3527 4148">
     <span class='ocr_line' id='line_1_83' title="bbox 2134 4077 3527 4148; baseline -0.002 -13"><span class='ocrx_word' id='word_1_636' title='bbox 2134 4081 2281 4135; x_wconf 75' lang='grc' dir='ltr'>κατὰ</span> <span class='ocrx_word' id='word_1_637' title='bbox 2306 4080 2523 4134; x_wconf 85' lang='grc' dir='ltr'>δικαίαν</span> <span class='ocrx_word' id='word_1_638' title='bbox 2552 4080 2733 4147; x_wconf 84' lang='grc' dir='ltr'>κρίσιν</span> <span class='ocrx_word' id='word_1_639' title='bbox 2763 4082 2822 4131; x_wconf 80' lang='grc' dir='ltr'>ὲν</span> <span class='ocrx_word' id='word_1_640' title='bbox 2855 4077 2933 4148; x_wconf 82' lang='grc' dir='ltr'><strong>τῷ</strong></span> <span class='ocrx_word' id='word_1_641' title='bbox 2966 4079 3215 4148; x_wconf 77' lang='grc' dir='ltr'>μέλλοντι</span> <span class='ocrx_word' id='word_1_642' title='bbox 3240 4079 3527 4148; x_wconf 80' lang='grc' dir='ltr'>κριτηρίῳ.</span> 
     </span>
    </p>
   </div>
   <div class='ocr_carea' id='block_1_84' title="bbox 444 4162 3717 4243">
    <p class='ocr_par' dir='ltr' id='par_1_84' title="bbox 444 4162 3717 4243">
     <span class='ocr_line' id='line_1_84' title="bbox 444 4162 3717 4243; baseline 0.001 -25"><span class='ocrx_word' id='word_1_643' title='bbox 444 4162 651 4220; x_wconf 85' lang='lat' dir='ltr'><strong>Christi</strong></span> <span class='ocrx_word' id='word_1_644' title='bbox 701 4166 914 4223; x_wconf 90' lang='lat' dir='ltr'><strong>Domini</strong></span> <span class='ocrx_word' id='word_1_645' title='bbox 945 4172 1010 4225; x_wconf 91' lang='lat' dir='ltr'><strong>ad</strong></span> <span class='ocrx_word' id='word_1_646' title='bbox 1058 4175 1375 4243; x_wconf 83' lang='lat' dir='ltr'><strong>patientiam</strong></span> <span class='ocrx_word' id='word_1_647' title='bbox 1430 4187 1484 4230; x_wconf 87' lang='lat' dir='ltr'><strong>et</strong></span> <span class='ocrx_word' id='word_1_648' title='bbox 1543 4178 2024 4233; x_wconf 86' lang='lat' dir='ltr'><strong>mansuetudinem</strong></span> <span class='ocrx_word' id='word_1_649' title='bbox 2068 4175 2415 4229; x_wconf 88' lang='lat' dir='ltr'><strong>adhortatur.</strong></span> <span class='ocrx_word' id='word_1_650' title='bbox 2450 4171 2622 4227; x_wconf 86' lang='lat' dir='ltr'><strong>Porro</strong></span> <span class='ocrx_word' id='word_1_651' title='bbox 2651 4187 2776 4227; x_wconf 92' lang='lat' dir='ltr'><strong>cum</strong></span> <span class='ocrx_word' id='word_1_652' title='bbox 2829 4170 3063 4227; x_wconf 88' lang='lat' dir='ltr'><strong>subdit:</strong></span> <span class='ocrx_word' id='word_1_653' title='bbox 3138 4192 3156 4222; x_wconf 76' lang='grc' dir='ltr'><strong>ι</strong></span> <span class='ocrx_word' id='word_1_654' title='bbox 3198 4169 3471 4224; x_wconf 78' lang='lat' dir='ltr'><strong>Tradehat</strong></span> <span class='ocrx_word' id='word_1_655' title='bbox 3539 4175 3717 4222; x_wconf 89' lang='lat' dir='ltr'><strong>autem</strong></span> 
     </span>
    </p>
   </div>
   <div class='ocr_carea' id='block_1_85' title="bbox 442 4254 3713 4336">
    <p class='ocr_par' dir='ltr' id='par_1_85' title="bbox 442 4254 3713 4336">
     <span class='ocr_line' id='line_1_85' title="bbox 442 4254 3713 4336; baseline 0.001 -28"><span class='ocrx_word' id='word_1_656' title='bbox 442 4254 712 4323; x_wconf 73' lang='lat' dir='ltr'><strong>iudicanti</strong></span> <span class='ocrx_word' id='word_1_657' title='bbox 741 4258 908 4325; x_wconf 89' lang='lat' dir='ltr'><strong>juste,</strong></span> <span class='ocrx_word' id='word_1_658' title='bbox 946 4280 964 4311; x_wconf 72' lang='grc' dir='ltr'><strong>ι</strong></span> <span class='ocrx_word' id='word_1_659' title='bbox 1001 4278 1094 4328; x_wconf 86' lang='lat' dir='ltr'><strong>per</strong></span> <span class='ocrx_word' id='word_1_660' title='bbox 1128 4284 1143 4314; x_wconf 79' lang='grc' dir='ltr'><strong>ι</strong></span> <span class='ocrx_word' id='word_1_661' title='bbox 1173 4264 1511 4332; x_wconf 71' lang='lat' dir='ltr'><strong>judicantem</strong></span> <span class='ocrx_word' id='word_1_662' title='bbox 1574 4268 1723 4335; x_wconf 70' lang='lat' dir='ltr'><strong>juste</strong></span> <span class='ocrx_word' id='word_1_663' title='bbox 1751 4288 1768 4320; x_wconf 77' lang='grc' dir='ltr'><strong>ι</strong></span> <span class='ocrx_word' id='word_1_664' title='bbox 1846 4268 2101 4336; x_wconf 81' lang='lat' dir='ltr'><strong>intelligit</strong></span> <span class='ocrx_word' id='word_1_665' title='bbox 2140 4265 2332 4329; x_wconf 83' lang='lat' dir='ltr'><strong>Deum,</strong></span> <span class='ocrx_word' id='word_1_666' title='bbox 2365 4264 2455 4333; x_wconf 88' lang='lat' dir='ltr'><strong>qui</strong></span> <span class='ocrx_word' id='word_1_667' title='bbox 2485 4280 2505 4314; x_wconf 82' lang='grc' dir='ltr'><strong>ι</strong></span> <span class='ocrx_word' id='word_1_668' title='bbox 2542 4261 2732 4318; x_wconf 86' lang='lat' dir='ltr'><strong>reddet</strong></span> <span class='ocrx_word' id='word_1_669' title='bbox 2762 4261 3234 4331; x_wconf 80' lang='lat' dir='ltr'><strong>unicuiquejuxta</strong></span> <span class='ocrx_word' id='word_1_670' title='bbox 3267 4274 3432 4330; x_wconf 91' lang='lat' dir='ltr'><strong>opera</strong></span> <span class='ocrx_word' id='word_1_671' title='bbox 3467 4272 3563 4314; x_wconf 88' lang='lat' dir='ltr'><strong>sua</strong></span> <span class='ocrx_word' id='word_1_672' title='bbox 3587 4258 3658 4322; x_wconf 69' lang='grc'>⁸⁸,</span> <span class='ocrx_word' id='word_1_673' title='bbox 3690 4280 3713 4319; x_wconf 69' lang='grc' dir='ltr'><strong>ι</strong></span> 
     </span>
    </p>
   </div>
   <div class='ocr_carea' id='block_1_86' title="bbox 446 4350 3243 4430">
    <p class='ocr_par' dir='ltr' id='par_1_86' title="bbox 446 4350 3243 4430">
     <span class='ocr_line' id='line_1_86' title="bbox 446 4350 3243 4430; baseline 0.005 -27"><span class='ocrx_word' id='word_1_674' title='bbox 446 4363 573 4403; x_wconf 88' lang='lat' dir='ltr'><strong>cum</strong></span> <span class='ocrx_word' id='word_1_675' title='bbox 599 4362 792 4403; x_wconf 88' lang='lat' dir='ltr'><strong>omnes</strong></span> <span class='ocrx_word' id='word_1_676' title='bbox 837 4351 889 4403; x_wconf 93' lang='lat' dir='ltr'><strong>in</strong></span> <span class='ocrx_word' id='word_1_677' title='bbox 926 4350 1110 4406; x_wconf 81' lang='lat' dir='ltr'><strong>futuro</strong></span> <span class='ocrx_word' id='word_1_678' title='bbox 1149 4354 1358 4422; x_wconf 83' lang='lat' dir='ltr'><strong>judicio</strong></span> <span class='ocrx_word' id='word_1_679' title='bbox 1409 4358 1581 4425; x_wconf 71' lang='lat' dir='ltr'><strong>justo,</strong></span> <span class='ocrx_word' id='word_1_680' title='bbox 1613 4368 1780 4430; x_wconf 85' lang='lat' dir='ltr'><strong>atque</strong></span> <span class='ocrx_word' id='word_1_681' title='bbox 1811 4360 2021 4427; x_wconf 83' lang='lat' dir='ltr'><strong>absque</strong></span> <span class='ocrx_word' id='word_1_682' title='bbox 2060 4356 2170 4410; x_wconf 85' lang='lat' dir='ltr'><strong>ulla</strong></span> <span class='ocrx_word' id='word_1_683' title='bbox 2202 4369 2556 4426; x_wconf 80' lang='lat' dir='ltr'><strong>personarum</strong></span> <span class='ocrx_word' id='word_1_684' title='bbox 2588 4354 2926 4424; x_wconf 55' lang='lat' dir='ltr'><strong>acceptione,</strong></span> <span class='ocrx_word' id='word_1_685' title='bbox 2950 4354 3243 4422; x_wconf 67' lang='lat' dir='ltr'><strong>iUdiCabil-</strong></span> 
     </span>
    </p>
   </div>
   <div class='ocr_carea' id='block_1_87' title="bbox 526 4437 2025 4512">
    <p class='ocr_par' dir='ltr' id='par_1_87' title="bbox 526 4437 2025 4512">
     <span class='ocr_line' id='line_1_87' title="bbox 526 4437 2025 4512; baseline 0.009 -22"><span class='ocrx_word' id='word_1_686' title='bbox 526 4437 687 4493; x_wconf 66' lang='lat' dir='ltr'><strong>Vens.</strong></span> <span class='ocrx_word' id='word_1_687' title='bbox 722 4441 914 4496; x_wconf 58' lang='lat'><strong>94-25.</strong></span> <span class='ocrx_word' id='word_1_688' title='bbox 962 4462 979 4492; x_wconf 76' lang='grc' dir='ltr'><strong>ι</strong></span> <span class='ocrx_word' id='word_1_689' title='bbox 1011 4444 1180 4512; x_wconf 77' lang='lat' dir='ltr'><strong>Cujus</strong></span> <span class='ocrx_word' id='word_1_690' title='bbox 1217 4449 1390 4503; x_wconf 85' lang='lat' dir='ltr'><strong>livore</strong></span> <span class='ocrx_word' id='word_1_691' title='bbox 1421 4442 1596 4504; x_wconf 71' lang='lat' dir='ltr'><strong>sanati</strong></span> <span class='ocrx_word' id='word_1_692' title='bbox 1621 4452 1778 4505; x_wconf 89' lang='lat' dir='ltr'><strong>estis.</strong></span> <span class='ocrx_word' id='word_1_693' title='bbox 1841 4450 2025 4505; x_wconf 87' lang='lat' dir='ltr'><strong>Eratis</strong></span> 
     </span>
    </p>
   </div>
   <div class='ocr_carea' id='block_1_88' title="bbox 470 4533 2026 4603">
    <p class='ocr_par' dir='ltr' id='par_1_88' title="bbox 470 4533 2026 4603">
     <span class='ocr_line' id='line_1_88' title="bbox 470 4533 2026 4603; baseline 0.006 -18"><span class='ocrx_word' id='word_1_694' title='bbox 470 4533 612 4585; x_wconf 77' lang='lat' dir='ltr'><strong>sicut</strong></span> <span class='ocrx_word' id='word_1_695' title='bbox 653 4547 784 4587; x_wconf 81' lang='lat' dir='ltr'><strong>oves</strong></span> <span class='ocrx_word' id='word_1_696' title='bbox 829 4544 1119 4603; x_wconf 69' lang='lat' dir='ltr'><strong>errantes;</strong></span> <span class='ocrx_word' id='word_1_697' title='bbox 1157 4540 1252 4593; x_wconf 83' lang='lat' dir='ltr'><strong>sed</strong></span> <span class='ocrx_word' id='word_1_698' title='bbox 1302 4545 1555 4595; x_wconf 79' lang='lat' dir='ltr'><strong>conversi</strong></span> <span class='ocrx_word' id='word_1_699' title='bbox 1602 4545 1738 4596; x_wconf 88' lang='lat' dir='ltr'><strong>estis</strong></span> <span class='ocrx_word' id='word_1_700' title='bbox 1778 4558 1925 4595; x_wconf 91' lang='lat' dir='ltr'><strong>nunc</strong></span> <span class='ocrx_word' id='word_1_701' title='bbox 1955 4542 2026 4595; x_wconf 89' lang='lat' dir='ltr'><strong>ad</strong></span> 
     </span>
    </p>
   </div>
   <div class='ocr_carea' id='block_1_89' title="bbox 451 4629 2019 4698">
    <p class='ocr_par' dir='ltr' id='par_1_89' title="bbox 451 4629 2019 4698">
     <span class='ocr_line' id='line_1_89' title="bbox 451 4629 2019 4698; baseline 0.005 -21"><span class='ocrx_word' id='word_1_702' title='bbox 451 4638 723 4693; x_wconf 76' lang='lat' dir='ltr'><strong>pas&#39;toretn</strong></span> <span class='ocrx_word' id='word_1_703' title='bbox 776 4634 830 4679; x_wconf 91' lang='lat' dir='ltr'><strong>et</strong></span> <span class='ocrx_word' id='word_1_704' title='bbox 885 4629 1201 4698; x_wconf 85' lang='lat' dir='ltr'><strong>episcopum</strong></span> <span class='ocrx_word' id='word_1_705' title='bbox 1269 4634 1576 4687; x_wconf 85' lang='lat' dir='ltr'><strong>animarum</strong></span> <span class='ocrx_word' id='word_1_706' title='bbox 1636 4643 2019 4688; x_wconf 65' lang='lat' dir='ltr'><strong>vestrarum.»</strong></span> 
     </span>
    </p>
   </div>
   <div class='ocr_carea' id='block_1_90' title="bbox 457 4717 2024 4793">
    <p class='ocr_par' dir='ltr' id='par_1_90' title="bbox 457 4717 2024 4793">
     <span class='ocr_line' id='line_1_90' title="bbox 457 4717 2024 4793; baseline 0.006 -26"><span class='ocrx_word' id='word_1_707' title='bbox 457 4734 477 4767; x_wconf 77' lang='grc' dir='ltr'><strong>ι</strong></span> <span class='ocrx_word' id='word_1_708' title='bbox 524 4717 691 4786; x_wconf 79' lang='lat' dir='ltr'><strong>Cujus</strong></span> <span class='ocrx_word' id='word_1_709' title='bbox 729 4718 919 4777; x_wconf 90' lang='lat' dir='ltr'><strong>livore.</strong></span> <span class='ocrx_word' id='word_1_710' title='bbox 963 4740 981 4772; x_wconf 72' lang='grc' dir='ltr'><strong>ι</strong></span> <span class='ocrx_word' id='word_1_711' title='bbox 1019 4721 1348 4793; x_wconf 77' lang='lat' dir='ltr'><strong>Flagellatus</strong></span> <span class='ocrx_word' id='word_1_712' title='bbox 1377 4727 1524 4780; x_wconf 81' lang='lat' dir='ltr'><strong>enim</strong></span> <span class='ocrx_word' id='word_1_713' title='bbox 1562 4742 1588 4778; x_wconf 92' lang='lat' dir='ltr'><strong>a</strong></span> <span class='ocrx_word' id='word_1_714' title='bbox 1630 4723 1827 4788; x_wconf 82' lang='lat' dir='ltr'><strong>Pilato,</strong></span> <span class='ocrx_word' id='word_1_715' title='bbox 1861 4729 2024 4778; x_wconf 86' lang='lat' dir='ltr'><strong>etiam</strong></span> 
     </span>
    </p>
   </div>
   <div class='ocr_carea' id='block_1_91' title="bbox 452 4808 2026 4885">
    <p class='ocr_par' dir='ltr' id='par_1_91' title="bbox 452 4808 2026 4885">
     <span class='ocr_line' id='line_1_91' title="bbox 452 4808 2026 4885; baseline 0.006 -25"><span class='ocrx_word' id='word_1_716' title='bbox 452 4808 704 4875; x_wconf 85' lang='lat' dir='ltr'><strong>livorem,</strong></span> <span class='ocrx_word' id='word_1_717' title='bbox 758 4826 851 4865; x_wconf 92' lang='lat' dir='ltr'><strong>seu</strong></span> <span class='ocrx_word' id='word_1_718' title='bbox 886 4814 1095 4868; x_wconf 87' lang='lat' dir='ltr'><strong>vibicas</strong></span> <span class='ocrx_word' id='word_1_719' title='bbox 1145 4817 1199 4868; x_wconf 90' lang='lat' dir='ltr'><strong>in</strong></span> <span class='ocrx_word' id='word_1_720' title='bbox 1264 4832 1366 4870; x_wconf 76' lang='lat' dir='ltr'><strong>suo</strong></span> <span class='ocrx_word' id='word_1_721' title='bbox 1420 4832 1650 4884; x_wconf 81' lang='lat' dir='ltr'><strong>corpore</strong></span> <span class='ocrx_word' id='word_1_722' title='bbox 1708 4818 2026 4885; x_wconf 83' lang='lat' dir='ltr'><strong>aliquandiu</strong></span> 
     </span>
    </p>
   </div>
   <div class='ocr_carea' id='block_1_92' title="bbox 451 4898 597 4951">
    <p class='ocr_par' dir='ltr' id='par_1_92' title="bbox 451 4898 597 4951">
     <span class='ocr_line' id='line_1_92' title="bbox 451 4898 597 4951; baseline 0.021 -2"><span class='ocrx_word' id='word_1_723' title='bbox 451 4898 597 4951; x_wconf 79' lang='lat' dir='ltr'><strong>tulit.</strong></span> 
     </span>
    </p>
   </div>
   <div class='ocr_carea' id='block_1_93' title="bbox 1074 4994 1413 5051">
    <p class='ocr_par' dir='ltr' id='par_1_93' title="bbox 1074 4994 1413 5051">
     <span class='ocr_line' id='line_1_93' title="bbox 1074 4994 1413 5051; baseline 0.009 -4"><span class='ocrx_word' id='word_1_724' title='bbox 1074 4994 1301 5050; x_wconf 70' lang='lat' dir='ltr'><strong>CAPUT</strong></span> <span class='ocrx_word' id='word_1_725' title='bbox 1329 4996 1413 5051; x_wconf 87' lang='lat' dir='ltr'><strong>lll.</strong></span> 
     </span>
    </p>
   </div>
   <div class='ocr_carea' id='block_1_94' title="bbox 528 5080 2031 5147">
    <p class='ocr_par' dir='ltr' id='par_1_94' title="bbox 528 5080 2031 5147">
     <span class='ocr_line' id='line_1_94' title="bbox 528 5080 2031 5147; baseline 0.009 -17"><span class='ocrx_word' id='word_1_726' title='bbox 528 5080 694 5135; x_wconf 72' lang='lat' dir='ltr'><strong>Vsus.</strong></span> <span class='ocrx_word' id='word_1_727' title='bbox 732 5082 844 5138; x_wconf 75' lang='grc'><strong>1-5.</strong></span> <span class='ocrx_word' id='word_1_728' title='bbox 897 5102 913 5135; x_wconf 78' lang='grc' dir='ltr'><strong>ι</strong></span> <span class='ocrx_word' id='word_1_729' title='bbox 958 5083 1227 5141; x_wconf 85' lang='lat' dir='ltr'><strong>Similiter</strong></span> <span class='ocrx_word' id='word_1_730' title='bbox 1270 5100 1326 5143; x_wconf 87' lang='lat' dir='ltr'><strong>et</strong></span> <span class='ocrx_word' id='word_1_731' title='bbox 1360 5089 1617 5145; x_wconf 77' lang='lat' dir='ltr'><strong>mulieres</strong></span> <span class='ocrx_word' id='word_1_732' title='bbox 1660 5092 1889 5147; x_wconf 68' lang='lat' dir='ltr'><strong>subditae</strong></span> <span class='ocrx_word' id='word_1_733' title='bbox 1921 5093 2031 5147; x_wconf 85' lang='lat' dir='ltr'><strong>sint</strong></span> 
     </span>
    </p>
   </div>
   <div class='ocr_carea' id='block_1_95' title="bbox 453 5170 2034 5255">
    <p class='ocr_par' dir='ltr' id='par_1_95' title="bbox 453 5170 2034 5255">
     <span class='ocr_line' id='line_1_95' title="bbox 453 5170 2034 5255; baseline 0.009 -32"><span class='ocrx_word' id='word_1_734' title='bbox 453 5170 589 5225; x_wconf 84' lang='lat' dir='ltr'><strong>viris</strong></span> <span class='ocrx_word' id='word_1_735' title='bbox 621 5172 782 5228; x_wconf 91' lang='lat' dir='ltr'><strong>suis:</strong></span> <span class='ocrx_word' id='word_1_736' title='bbox 829 5185 887 5228; x_wconf 88' lang='lat' dir='ltr'><strong>ut</strong></span> <span class='ocrx_word' id='word_1_737' title='bbox 915 5185 969 5229; x_wconf 91' lang='lat' dir='ltr'><strong>et</strong></span> <span class='ocrx_word' id='word_1_738' title='bbox 1005 5178 1048 5232; x_wconf 90' lang='lat' dir='ltr'><strong>si</strong></span> <span class='ocrx_word' id='word_1_739' title='bbox 1104 5179 1198 5247; x_wconf 91' lang='lat' dir='ltr'><strong>qui</strong></span> <span class='ocrx_word' id='word_1_740' title='bbox 1256 5196 1364 5235; x_wconf 89' lang='lat' dir='ltr'><strong>non</strong></span> <span class='ocrx_word' id='word_1_741' title='bbox 1416 5182 1649 5237; x_wconf 88' lang='lat' dir='ltr'><strong>credttnt</strong></span> <span class='ocrx_word' id='word_1_742' title='bbox 1697 5185 1884 5251; x_wconf 84' lang='lat' dir='ltr'><strong>verbo,</strong></span> <span class='ocrx_word' id='word_1_743' title='bbox 1939 5200 2034 5255; x_wconf 88' lang='lat' dir='ltr'><strong>per</strong></span> 
     </span>
    </p>
   </div>
   <div class='ocr_carea' id='block_1_96' title="bbox 457 5263 2033 5346">
    <p class='ocr_par' dir='ltr' id='par_1_96' title="bbox 457 5263 2033 5346">
     <span class='ocr_line' id='line_1_96' title="bbox 457 5263 2033 5346; baseline 0.01 -32"><span class='ocrx_word' id='word_1_744' title='bbox 457 5263 744 5318; x_wconf 80' lang='lat' dir='ltr'><strong>mulierum</strong></span> <span class='ocrx_word' id='word_1_745' title='bbox 785 5270 1258 5333; x_wconf 81' lang='lat' dir='ltr'><strong>conversationem</strong></span> <span class='ocrx_word' id='word_1_746' title='bbox 1293 5272 1457 5346; x_wconf 76' lang='lat'><strong>366</strong></span> <span class='ocrx_word' id='word_1_747' title='bbox 1483 5275 1601 5330; x_wconf 91' lang='lat' dir='ltr'><strong>siue</strong></span> <span class='ocrx_word' id='word_1_748' title='bbox 1654 5277 1815 5331; x_wconf 79' lang='lat' dir='ltr'><strong>verbo</strong></span> <span class='ocrx_word' id='word_1_749' title='bbox 1864 5277 2033 5330; x_wconf 88' lang='lat' dir='ltr'><strong>lucri-</strong></span> 
     </span>
    </p>
   </div>
   <div class='ocr_carea' id='block_1_97' title="bbox 459 5357 2036 5421">
    <p class='ocr_par' dir='ltr' id='par_1_97' title="bbox 459 5357 2036 5421">
     <span class='ocr_line' id='line_1_97' title="bbox 459 5357 2036 5421; baseline 0.01 -15"><span class='ocrx_word' id='word_1_750' title='bbox 459 5357 608 5408; x_wconf 78' lang='lat' dir='ltr'><strong>liant.</strong></span> <span class='ocrx_word' id='word_1_751' title='bbox 652 5357 1081 5416; x_wconf 87' lang='lat' dir='ltr'><strong>Considerantes</strong></span> <span class='ocrx_word' id='word_1_752' title='bbox 1138 5362 1190 5417; x_wconf 91' lang='lat' dir='ltr'><strong>in</strong></span> <span class='ocrx_word' id='word_1_753' title='bbox 1231 5365 1428 5421; x_wconf 90' lang='lat' dir='ltr'><strong>timore</strong></span> <span class='ocrx_word' id='word_1_754' title='bbox 1481 5377 1686 5420; x_wconf 90' lang='lat' dir='ltr'><strong>castam</strong></span> <span class='ocrx_word' id='word_1_755' title='bbox 1737 5382 2036 5421; x_wconf 82' lang='lat' dir='ltr'><strong>conversa-</strong></span> 
     </span>
    </p>
   </div>
   <div class='ocr_carea' id='block_1_98' title="bbox 457 5446 2039 5526">
    <p class='ocr_par' dir='ltr' id='par_1_98' title="bbox 457 5446 2039 5526">
     <span class='ocr_line' id='line_1_98' title="bbox 457 5446 2039 5526; baseline 0.008 -30"><span class='ocrx_word' id='word_1_756' title='bbox 457 5446 660 5499; x_wconf 73' lang='lat' dir='ltr'><strong>tionem</strong></span> <span class='ocrx_word' id='word_1_757' title='bbox 688 5454 950 5503; x_wconf 86' lang='lat' dir='ltr'><strong>vestram:</strong></span> <span class='ocrx_word' id='word_1_758' title='bbox 978 5448 1221 5516; x_wconf 88' lang='lat' dir='ltr'><strong>Quarum</strong></span> <span class='ocrx_word' id='word_1_759' title='bbox 1258 5469 1366 5508; x_wconf 89' lang='lat' dir='ltr'><strong>non</strong></span> <span class='ocrx_word' id='word_1_760' title='bbox 1398 5457 1466 5510; x_wconf 91' lang='lat' dir='ltr'><strong>sit</strong></span> <span class='ocrx_word' id='word_1_761' title='bbox 1491 5458 1836 5512; x_wconf 79' lang='lat' dir='ltr'><strong>extrinsecus</strong></span> <span class='ocrx_word' id='word_1_762' title='bbox 1868 5456 2039 5526; x_wconf 79' lang='lat' dir='ltr'><strong>capil-</strong></span> 
     </span>
    </p>
   </div>
   <div class='ocr_carea' id='block_1_99' title="bbox 463 5534 2040 5607">
    <p class='ocr_par' dir='ltr' id='par_1_99' title="bbox 463 5534 2040 5607">
     <span class='ocr_line' id='line_1_99' title="bbox 463 5534 2040 5607; baseline 0.013 -23"><span class='ocrx_word' id='word_1_763' title='bbox 463 5534 662 5599; x_wconf 82' lang='lat' dir='ltr'><strong>la&#39;ura,</strong></span> <span class='ocrx_word' id='word_1_764' title='bbox 704 5546 799 5593; x_wconf 88' lang='lat' dir='ltr'><strong>aut</strong></span> <span class='ocrx_word' id='word_1_765' title='bbox 822 5540 1209 5607; x_wconf 86' lang='lat' dir='ltr'><strong>circumdatio,</strong></span> <span class='ocrx_word' id='word_1_766' title='bbox 1243 5557 1338 5602; x_wconf 89' lang='lat' dir='ltr'><strong>aut</strong></span> <span class='ocrx_word' id='word_1_767' title='bbox 1385 5549 1690 5604; x_wconf 87' lang='lat' dir='ltr'><strong>indumenti</strong></span> <span class='ocrx_word' id='word_1_768' title='bbox 1750 5548 2040 5604; x_wconf 79' lang='lat' dir='ltr'><strong>vestimen-</strong></span> 
     </span>
    </p>
   </div>
   <div class='ocr_carea' id='block_1_100' title="bbox 533 5738 1055 5809">
    <p class='ocr_par' dir='ltr' id='par_1_100' title="bbox 533 5738 1055 5809">
     <span class='ocr_line' id='line_1_100' title="bbox 533 5738 1055 5809; baseline 0.013 -17"><span class='ocrx_word' id='word_1_769' title='bbox 533 5740 578 5769; x_wconf 74' lang='lat'><strong><em>”</em></strong></span> <span class='ocrx_word' id='word_1_770' title='bbox 604 5738 793 5796; x_wconf 80' lang='lat' dir='ltr'><strong>Matth.</strong></span> <span class='ocrx_word' id='word_1_771' title='bbox 828 5759 938 5809; x_wconf 63' lang='grc' dir='ltr'>τιν,</span> <span class='ocrx_word' id='word_1_772' title='bbox 966 5745 1055 5801; x_wconf 71' lang='lat' dir='ltr'><strong>2L</strong></span> 
     </span>
    </p>
   </div>
   <div class='ocr_carea' id='block_1_101' title="bbox 466 5750 1638 5839">
    <p class='ocr_par' dir='ltr' id='par_1_101' title="bbox 466 5750 1638 5839">
     <span class='ocr_line' id='line_1_101' title="bbox 466 5750 1638 5839; baseline -0.024 1"><span class='ocrx_word' id='word_1_773' title='bbox 466 5750 793 5839; x_wconf 61' lang='grc' dir='ltr'><strong>δι’ἔιὲῗὲἶίηές</strong></span> <span class='ocrx_word' id='word_1_774' title='bbox 828 5759 938 5839; x_wconf 53' lang='grc' dir='ltr'><strong>ἕν’</strong></span> <span class='ocrx_word' id='word_1_775' title='bbox 966 5750 1055 5801; x_wconf 57' lang='grc' dir='ltr'><strong>θ’·</strong></span> <span class='ocrx_word' id='word_1_776' title='bbox 1158 5751 1202 5784; x_wconf 85' lang='grc'><strong>³⁹</strong></span> <span class='ocrx_word' id='word_1_777' title='bbox 1239 5750 1516 5817; x_wconf 65' lang='lat' dir='ltr'><strong>Matth-1:.</strong></span> <span class='ocrx_word' id='word_1_778' title='bbox 1554 5752 1638 5806; x_wconf 74' lang='lat' dir='ltr'><strong>ts.</strong></span> 
     </span>
    </p>
   </div>
   <div class='ocr_carea' id='block_1_102' title="bbox 550 5810 889 5876">
    <p class='ocr_par' dir='ltr' id='par_1_102' title="bbox 550 5810 889 5876">
     <span class='ocr_line' id='line_1_102' title="bbox 550 5810 889 5876; baseline 0.006 -13"><span class='ocrx_word' id='word_1_779' title='bbox 550 5810 709 5863; x_wconf 71' lang='lat' dir='ltr'><strong>Rom.</strong></span> <span class='ocrx_word' id='word_1_780' title='bbox 752 5827 813 5876; x_wconf 88' lang='lat' dir='ltr'><strong>ll,</strong></span> <span class='ocrx_word' id='word_1_781' title='bbox 836 5815 889 5865; x_wconf 82' lang='grc'>6.</span> 
     </span>
    </p>
   </div>
   <div class='ocr_carea' id='block_1_103' title="bbox 1715 5748 2267 5816">
    <p class='ocr_par' dir='ltr' id='par_1_103' title="bbox 1715 5748 2267 5816">
     <span class='ocr_line' id='line_1_103' title="bbox 1715 5748 2267 5816; baseline 0 -11"><span class='ocrx_word' id='word_1_782' title='bbox 1715 5751 1758 5784; x_wconf 71' lang='grc' dir='ltr'><strong>⁸ο</strong></span> <span class='ocrx_word' id='word_1_783' title='bbox 1813 5748 1970 5805; x_wconf 82' lang='lat' dir='ltr'><strong>Joan.</strong></span> <span class='ocrx_word' id='word_1_784' title='bbox 2021 5767 2114 5816; x_wconf 86' lang='lat' dir='ltr'><strong>vn,</strong></span> <span class='ocrx_word' id='word_1_785' title='bbox 2177 5752 2267 5805; x_wconf 72' lang='lat'><strong>‘20.</strong></span> 
     </span>
    </p>
   </div>
   <div class='ocr_carea' id='block_1_104' title="bbox 2216 4438 3722 4513">
    <p class='ocr_par' dir='ltr' id='par_1_104' title="bbox 2216 4438 3722 4513">
     <span class='ocr_line' id='line_1_104' title="bbox 2216 4438 3722 4513; baseline -0.002 -17"><span class='ocrx_word' id='word_1_786' title='bbox 2216 4466 2233 4496; x_wconf 77' lang='grc' dir='ltr'><strong>ι</strong></span> <span class='ocrx_word' id='word_1_787' title='bbox 2265 4440 2340 4498; x_wconf 79' lang='grc' dir='ltr'>Οὒ</span> <span class='ocrx_word' id='word_1_788' title='bbox 2369 4444 2447 4511; x_wconf 82' lang='grc' dir='ltr'>τῷ</span> <span class='ocrx_word' id='word_1_789' title='bbox 2482 4445 2707 4513; x_wconf 85' lang='grc' dir='ltr'>μώλωπι</span> <span class='ocrx_word' id='word_1_790' title='bbox 2754 4442 2921 4496; x_wconf 76' lang='grc' dir='ltr'>αὐτοῦ</span> <span class='ocrx_word' id='word_1_791' title='bbox 2958 4441 3164 4512; x_wconf 80' lang='grc' dir='ltr'>ἰάθητε.</span> <span class='ocrx_word' id='word_1_792' title='bbox 3190 4438 3329 4495; x_wconf 86' lang='grc' dir='ltr'><strong>Ἥτε</strong></span> <span class='ocrx_word' id='word_1_793' title='bbox 3353 4441 3461 4512; x_wconf 86' lang='grc' dir='ltr'>γάρ</span> <span class='ocrx_word' id='word_1_794' title='bbox 3483 4441 3556 4502; x_wconf 76' lang='grc' dir='ltr'>ὡς</span> <span class='ocrx_word' id='word_1_795' title='bbox 3589 4444 3722 4509; x_wconf 71' lang='grc' dir='ltr'>πρό-</span> 
     </span>
    </p>
   </div>
   <div class='ocr_carea' id='block_1_105' title="bbox 2137 4531 3719 4606">
    <p class='ocr_par' dir='ltr' id='par_1_105' title="bbox 2137 4531 3719 4606">
     <span class='ocr_line' id='line_1_105' title="bbox 2137 4531 3719 4606; baseline -0.005 -17"><span class='ocrx_word' id='word_1_796' title='bbox 2137 4537 2277 4590; x_wconf 76' lang='grc' dir='ltr'>ϐατα</span> <span class='ocrx_word' id='word_1_797' title='bbox 2330 4536 2680 4605; x_wconf 63' lang='grc' dir='ltr'>πλανώμενα,</span> <span class='ocrx_word' id='word_1_798' title='bbox 2750 4535 2866 4588; x_wconf 87' lang='grc' dir='ltr'>ἀλλ’</span> <span class='ocrx_word' id='word_1_799' title='bbox 2924 4536 3308 4606; x_wconf 58' lang='grc' dir='ltr'>ὲπεστράςοητε</span> <span class='ocrx_word' id='word_1_800' title='bbox 3371 4533 3464 4586; x_wconf 77' lang='grc' dir='ltr'><strong>νῦν</strong></span> <span class='ocrx_word' id='word_1_801' title='bbox 3495 4533 3588 4583; x_wconf 72' lang='grc' dir='ltr'><strong>ὲτΞὶ</strong></span> <span class='ocrx_word' id='word_1_802' title='bbox 3627 4531 3719 4582; x_wconf 65' lang='grc' dir='ltr'>τὸν</span> 
     </span>
    </p>
   </div>
   <div class='ocr_carea' id='block_1_106' title="bbox 2139 4625 3722 4698">
    <p class='ocr_par' dir='ltr' id='par_1_106' title="bbox 2139 4625 3722 4698">
     <span class='ocr_line' id='line_1_106' title="bbox 2139 4625 3722 4698; baseline -0.004 -18"><span class='ocrx_word' id='word_1_803' title='bbox 2139 4629 2372 4698; x_wconf 68' lang='grc' dir='ltr'>πιιμένα</span> <span class='ocrx_word' id='word_1_804' title='bbox 2428 4631 2520 4680; x_wconf 71' lang='grc' dir='ltr'><strong>καὶ</strong></span> <span class='ocrx_word' id='word_1_805' title='bbox 2571 4627 2871 4679; x_wconf 78' lang='grc' dir='ltr'>ἐπίσκοπον</span> <span class='ocrx_word' id='word_1_806' title='bbox 2899 4626 3008 4681; x_wconf 85' lang='grc' dir='ltr'><strong>τῶν</strong></span> <span class='ocrx_word' id='word_1_807' title='bbox 3034 4627 3223 4698; x_wconf 74' lang='grc' dir='ltr'>ψυχῶν</span> <span class='ocrx_word' id='word_1_808' title='bbox 3254 4626 3427 4696; x_wconf 81' lang='grc' dir='ltr'>ὑμῶν.</span> <span class='ocrx_word' id='word_1_809' title='bbox 3460 4645 3476 4676; x_wconf 72' lang='grc' dir='ltr'><strong>ι</strong></span> <span class='ocrx_word' id='word_1_810' title='bbox 3515 4625 3722 4678; x_wconf 80' lang='grc' dir='ltr'>Μαστι-</span> 
     </span>
    </p>
   </div>
   <div class='ocr_carea' id='block_1_107' title="bbox 2133 4715 3721 4790">
    <p class='ocr_par' dir='ltr' id='par_1_107' title="bbox 2133 4715 3721 4790">
     <span class='ocr_line' id='line_1_107' title="bbox 2133 4715 3721 4790; baseline -0.003 -18"><span class='ocrx_word' id='word_1_811' title='bbox 2133 4723 2329 4790; x_wconf 65' lang='grc' dir='ltr'>γωῢέσς</span> <span class='ocrx_word' id='word_1_812' title='bbox 2376 4720 2482 4790; x_wconf 69' lang='grc' dir='ltr'><strong>γὰρ</strong></span> <span class='ocrx_word' id='word_1_813' title='bbox 2547 4719 2652 4771; x_wconf 85' lang='grc' dir='ltr'><strong>ὑπὸ</strong></span> <span class='ocrx_word' id='word_1_814' title='bbox 2682 4717 2938 4784; x_wconf 82' lang='grc' dir='ltr'>Πιλάτου,</span> <span class='ocrx_word' id='word_1_815' title='bbox 2992 4721 3086 4773; x_wconf 76' lang='grc' dir='ltr'><strong>καὶ</strong></span> <span class='ocrx_word' id='word_1_816' title='bbox 3126 4717 3399 4788; x_wconf 68' lang='grc' dir='ltr'>μώλωπας</span> <span class='ocrx_word' id='word_1_817' title='bbox 3429 4720 3485 4768; x_wconf 83' lang='grc' dir='ltr'><strong>ἐν</strong></span> <span class='ocrx_word' id='word_1_818' title='bbox 3511 4715 3583 4785; x_wconf 82' lang='grc' dir='ltr'><strong>τῷ</strong></span> <span class='ocrx_word' id='word_1_819' title='bbox 3613 4715 3721 4767; x_wconf 64' lang='grc' dir='ltr'>σώά</span> 
     </span>
    </p>
   </div>
   <div class='ocr_carea' id='block_1_108' title="bbox 2141 4818 2511 4885">
    <p class='ocr_par' dir='ltr' id='par_1_108' title="bbox 2141 4818 2511 4885">
     <span class='ocr_line' id='line_1_108' title="bbox 2141 4818 2511 4885; baseline 0 -21"><span class='ocrx_word' id='word_1_820' title='bbox 2141 4834 2269 4885; x_wconf 64' lang='lat' dir='ltr'><strong>patr:</strong></span> <span class='ocrx_word' id='word_1_821' title='bbox 2303 4818 2511 4880; x_wconf 69' lang='grc' dir='ltr'>ὲφερεν.</span> 
     </span>
    </p>
   </div>
   <div class='ocr_carea' id='block_1_109' title="bbox 2703 4996 3063 5053">
    <p class='ocr_par' dir='ltr' id='par_1_109' title="bbox 2703 4996 3063 5053">
     <span class='ocr_line' id='line_1_109' title="bbox 2703 4996 3063 5053; baseline 0 0"><span class='ocrx_word' id='word_1_822' title='bbox 2703 4999 2954 5053; x_wconf 79' lang='grc' dir='ltr'><strong>ΚΕΦΑΛ.</strong></span> <span class='ocrx_word' id='word_1_823' title='bbox 2987 4996 3063 5053; x_wconf 88' lang='grc' dir='ltr'><strong>Γ’.</strong></span> 
     </span>
    </p>
   </div>
   <div class='ocr_carea' id='block_1_110' title="bbox 2215 5088 3719 5160">
    <p class='ocr_par' dir='ltr' id='par_1_110' title="bbox 2215 5088 3719 5160">
     <span class='ocr_line' id='line_1_110' title="bbox 2215 5088 3719 5160; baseline -0.003 -16"><span class='ocrx_word' id='word_1_824' title='bbox 2215 5112 2233 5144; x_wconf 79' lang='grc' dir='ltr'><strong>ι</strong></span> <span class='ocrx_word' id='word_1_825' title='bbox 2276 5088 2503 5160; x_wconf 75' lang='grc' dir='ltr'>Ὁμοίως</span> <span class='ocrx_word' id='word_1_826' title='bbox 2538 5091 2593 5144; x_wconf 84' lang='grc' dir='ltr'>αἱ</span> <span class='ocrx_word' id='word_1_827' title='bbox 2622 5094 2879 5158; x_wconf 86' lang='grc' dir='ltr'>γυναῖκες</span> <span class='ocrx_word' id='word_1_828' title='bbox 2940 5089 3381 5160; x_wconf 80' lang='grc' dir='ltr'>ὑποτασσόμεναι</span> <span class='ocrx_word' id='word_1_829' title='bbox 3426 5090 3537 5152; x_wconf 76' lang='grc' dir='ltr'>τοῖς</span> <span class='ocrx_word' id='word_1_830' title='bbox 3568 5088 3719 5149; x_wconf 76' lang='grc' dir='ltr'>ἰδίοις</span> 
     </span>
    </p>
   </div>
   <div class='ocr_carea' id='block_1_111' title="bbox 2142 5178 3718 5253">
    <p class='ocr_par' dir='ltr' id='par_1_111' title="bbox 2142 5178 3718 5253">
     <span class='ocr_line' id='line_1_111' title="bbox 2142 5178 3718 5253; baseline -0.004 -18"><span class='ocrx_word' id='word_1_831' title='bbox 2142 5181 2417 5252; x_wconf 82' lang='grc' dir='ltr'>ἀνδράσιν.</span> <span class='ocrx_word' id='word_1_832' title='bbox 2452 5181 2568 5233; x_wconf 87' lang='grc' dir='ltr'>Ἵνα</span> <span class='ocrx_word' id='word_1_833' title='bbox 2600 5180 2694 5233; x_wconf 77' lang='grc' dir='ltr'>καὶ</span> <span class='ocrx_word' id='word_1_834' title='bbox 2731 5181 2927 5243; x_wconf 83' lang='grc' dir='ltr'>οἵτινες</span> <span class='ocrx_word' id='word_1_835' title='bbox 2960 5179 3131 5253; x_wconf 72' lang='grc' dir='ltr'>[υιιιθ.</span> <span class='ocrx_word' id='word_1_836' title='bbox 3163 5181 3216 5234; x_wconf 80' lang='grc' dir='ltr'><strong>εἴ</strong></span> <span class='ocrx_word' id='word_1_837' title='bbox 3236 5178 3401 5252; x_wconf 85' lang='grc' dir='ltr'>τινες]</span> <span class='ocrx_word' id='word_1_838' title='bbox 3431 5178 3718 5232; x_wconf 79' lang='grc' dir='ltr'>ἀπειθοῦσι</span> 
     </span>
    </p>
   </div>
   <div class='ocr_carea' id='block_1_112' title="bbox 2140 5270 3719 5346">
    <p class='ocr_par' dir='ltr' id='par_1_112' title="bbox 2140 5270 3719 5346">
     <span class='ocr_line' id='line_1_112' title="bbox 2140 5270 3719 5346; baseline -0.004 -19"><span class='ocrx_word' id='word_1_839' title='bbox 2140 5274 2219 5346; x_wconf 82' lang='grc' dir='ltr'>τῷ</span> <span class='ocrx_word' id='word_1_840' title='bbox 2261 5272 2426 5340; x_wconf 78' lang='grc' dir='ltr'>λόγῳ,</span> <span class='ocrx_word' id='word_1_841' title='bbox 2479 5272 2565 5325; x_wconf 86' lang='grc' dir='ltr'>διὰ</span> <span class='ocrx_word' id='word_1_842' title='bbox 2615 5272 2715 5341; x_wconf 83' lang='grc' dir='ltr'>τῆς</span> <span class='ocrx_word' id='word_1_843' title='bbox 2741 5274 2848 5325; x_wconf 85' lang='grc' dir='ltr'><strong>τῶν</strong></span> <span class='ocrx_word' id='word_1_844' title='bbox 2891 5272 3167 5339; x_wconf 85' lang='grc' dir='ltr'>γυναικῶν</span> <span class='ocrx_word' id='word_1_845' title='bbox 3189 5270 3557 5342; x_wconf 79' lang='grc' dir='ltr'>ἀναστροφῆς,</span> <span class='ocrx_word' id='word_1_846' title='bbox 3591 5270 3719 5323; x_wconf 86' lang='grc' dir='ltr'>ἄνευ</span> 
     </span>
    </p>
   </div>
   <div class='ocr_carea' id='block_1_113' title="bbox 2142 5361 3721 5433">
    <p class='ocr_par' dir='ltr' id='par_1_113' title="bbox 2142 5361 3721 5433">
     <span class='ocr_line' id='line_1_113' title="bbox 2142 5361 3721 5433; baseline -0.003 -17"><span class='ocrx_word' id='word_1_847' title='bbox 2142 5362 2307 5432; x_wconf 86' lang='grc' dir='ltr'>λόγου</span> <span class='ocrx_word' id='word_1_848' title='bbox 2361 5361 2812 5432; x_wconf 77' lang='grc' dir='ltr'>κερδηθήσονται,</span> <span class='ocrx_word' id='word_1_849' title='bbox 2868 5363 3305 5426; x_wconf 77' lang='grc' dir='ltr'>ἐποπτεύσαντες</span> <span class='ocrx_word' id='word_1_850' title='bbox 3353 5366 3452 5433; x_wconf 80' lang='grc' dir='ltr'><strong>τὴν</strong></span> <span class='ocrx_word' id='word_1_851' title='bbox 3483 5364 3540 5417; x_wconf 82' lang='grc' dir='ltr'>ἐν</span> <span class='ocrx_word' id='word_1_852' title='bbox 3571 5361 3721 5432; x_wconf 71' lang='grc' dir='ltr'>φόϐῳ</span> 
     </span>
    </p>
   </div>
   <div class='ocr_carea' id='block_1_114' title="bbox 2146 5448 3720 5525">
    <p class='ocr_par' dir='ltr' id='par_1_114' title="bbox 2146 5448 3720 5525">
     <span class='ocr_line' id='line_1_114' title="bbox 2146 5448 3720 5525; baseline -0.002 -19"><span class='ocrx_word' id='word_1_853' title='bbox 2146 5452 2318 5523; x_wconf 79' lang='grc' dir='ltr'>ἁγνήν</span> <span class='ocrx_word' id='word_1_854' title='bbox 2378 5452 2726 5523; x_wconf 72' lang='grc' dir='ltr'>ἀναστροφὴν</span> <span class='ocrx_word' id='word_1_855' title='bbox 2767 5451 2941 5522; x_wconf 85' lang='grc' dir='ltr'>ὑμῶν.</span> <span class='ocrx_word' id='word_1_856' title='bbox 2996 5448 3096 5507; x_wconf 80' lang='grc' dir='ltr'>Ὧν</span> <span class='ocrx_word' id='word_1_857' title='bbox 3142 5453 3282 5507; x_wconf 77' lang='grc' dir='ltr'>ἔστω</span> <span class='ocrx_word' id='word_1_858' title='bbox 3338 5454 3437 5525; x_wconf 77' lang='grc' dir='ltr'>οὐχ</span> <span class='ocrx_word' id='word_1_859' title='bbox 3467 5451 3720 5517; x_wconf 80' lang='grc' dir='ltr'>ὁέξωθεν</span> 
     </span>
    </p>
   </div>
   <div class='ocr_carea' id='block_1_115' title="bbox 2146 5542 3719 5617">
    <p class='ocr_par' dir='ltr' id='par_1_115' title="bbox 2146 5542 3719 5617">
     <span class='ocr_line' id='line_1_115' title="bbox 2146 5542 3719 5617; baseline -0.001 -19"><span class='ocrx_word' id='word_1_860' title='bbox 2146 5545 2429 5617; x_wconf 74' lang='grc' dir='ltr'>ἐμπλοκῆς</span> <span class='ocrx_word' id='word_1_861' title='bbox 2483 5542 2687 5614; x_wconf 83' lang='grc' dir='ltr'>τριχῶν</span> <span class='ocrx_word' id='word_1_862' title='bbox 2715 5545 2811 5597; x_wconf 75' lang='grc' dir='ltr'><strong>καὶ</strong></span> <span class='ocrx_word' id='word_1_863' title='bbox 2841 5546 3175 5616; x_wconf 77' lang='grc' dir='ltr'>περιθέσεως</span> <span class='ocrx_word' id='word_1_864' title='bbox 3199 5547 3463 5617; x_wconf 87' lang='grc' dir='ltr'>χρυσίων,</span> <span class='ocrx_word' id='word_1_865' title='bbox 3497 5545 3530 5615; x_wconf 80' lang='grc' dir='ltr'><strong>ἢ</strong></span> <span class='ocrx_word' id='word_1_866' title='bbox 3564 5544 3719 5597; x_wconf 78' lang='grc' dir='ltr'>ἐνδύ-</span> 
     </span>
    </p>
   </div>
   <div class='ocr_carea' id='block_1_116' title="bbox 2345 5748 3719 5818">
    <p class='ocr_par' dir='ltr' id='par_1_116' title="bbox 2345 5748 3719 5818">
     <span class='ocr_line' id='line_1_116' title="bbox 2345 5748 3719 5818; baseline -0.001 -13"><span class='ocrx_word' id='word_1_867' title='bbox 2345 5753 2393 5797; x_wconf 76' lang='lat'><strong>“-</strong></span> <span class='ocrx_word' id='word_1_868' title='bbox 2437 5752 2633 5808; x_wconf 82' lang='lat' dir='ltr'><strong>Matth.</strong></span> <span class='ocrx_word' id='word_1_869' title='bbox 2673 5753 2857 5818; x_wconf 76' lang='lat' dir='ltr'><strong>xr,l5.</strong></span> <span class='ocrx_word' id='word_1_870' title='bbox 2935 5753 2980 5784; x_wconf 67' lang='grc' dir='ltr'><strong>δ’</strong></span> <span class='ocrx_word' id='word_1_871' title='bbox 3006 5752 3140 5818; x_wconf 73' lang='lat' dir='ltr'><strong>ibid.</strong></span> <span class='ocrx_word' id='word_1_872' title='bbox 3178 5755 3261 5808; x_wconf 71' lang='lat'><strong>19.</strong></span> <span class='ocrx_word' id='word_1_873' title='bbox 3372 5754 3416 5785; x_wconf 72' lang='lat'><strong>&quot;</strong></span> <span class='ocrx_word' id='word_1_874' title='bbox 3450 5750 3585 5805; x_wconf 78' lang='lat' dir='ltr'><strong>Ibid.</strong></span> <span class='ocrx_word' id='word_1_875' title='bbox 3631 5748 3719 5804; x_wconf 80' lang='grc' dir='ltr'>Π.</span> 
     </span>
    </p>
   </div>
   <div class='ocr_carea' id='block_1_117' title="bbox 2935 5752 3261 5821">
    <p class='ocr_par' dir='ltr' id='par_1_117' title="bbox 2935 5752 3261 5821">
     <span class='ocr_line' id='line_1_117' title="bbox 2935 5752 3261 5821; baseline 0.006 -16"><span class='ocrx_word' id='word_1_876' title='bbox 2935 5753 2980 5784; x_wconf 65' lang='grc' dir='ltr'>δ’</span> <span class='ocrx_word' id='word_1_877' title='bbox 3006 5752 3140 5821; x_wconf 76' lang='lat' dir='ltr'><strong>ibid.</strong></span> <span class='ocrx_word' id='word_1_878' title='bbox 3178 5755 3261 5808; x_wconf 77' lang='lat' dir='ltr'><strong>l9.</strong></span> 
     </span>
    </p>
   </div>
  </div>
