4120 6420
388 350 531 423 1221

1165 352 1570 415 exrosmo
1604 354 1684 414 IN
1723 350 1963 414 EPIST.
2001 348 2030 414 I
2070 352 2135 412 s.
2174 349 2429 412 PETRI.
2458 372 2528 384 —
2564 347 2723 410 CAP.
2765 304 2891 409 IIl:

3489 339 3629 411 1222

391 489 527 534 σεως
560 468 789 540 ἱματίων
812 466 1037 538 κόσμος.
1067 485 1085 517 ι
1120 468 1220 520 Διά
1250 466 1469 520 πάντων
1503 464 1706 519 τούτων
1727 465 1821 519 τὸν
1844 464 1961 534 ὴθι-

2090 479 2247 518 orum
2270 462 2475 519 cultus.
2515 480 2536 515 ο
2568 461 2704 517 Cum
2738 475 2836 529 per
2864 470 3053 514 omnes
3101 453 3386 513 hominum
3430 459 3634 529 gradus

387 563 485 618 κὸν
508 561 663 627 λόγον
685 558 1062 630 συμπεράνας,
1114 557 1203 611 διὰ
1245 557 1531 628 βασιλέων,
1561 555 1629 610 δι’
1657 557 1959 626 ἀρχόντων,

391 652 481 705 διὰ
533 649 828 714 δεσποτῶν,
879 631 1238 702 διάδούλωνθ
1269 651 1501 712 καὶτοῖς
1533 648 1631 719 μὲν
1685 646 1964 718 βασιλεῦσι

391 745 486 797 καὶ
533 743 793 813 ἄρχουσιν
822 739 1226 794 ὑποτάσσεσθαι
1267 734 1349 804 οἷς
1382 740 1483 805 δεῖ,
1515 741 1611 794 καὶ
1640 741 1699 793 ἐν
1720 735 1802 803 οἷς
1859 741 1957 803 δεῖ,

385 834 519 897 τοὺς
539 832 873 904 ἀρχομένους
903 830 1292 903 νομοθετήσας·
1327 835 1421 885 καὶ
1436 831 1614 896 δείξας
1632 831 1722 886 διά
1747 833 1962 896 τούτου,

394 927 479 978 ὅτι
510 924 604 978 καὶ
651 924 807 978 αὐτοὶ
834 925 884 976 οί
926 924 1187 994 ἄρχοντες
1244 922 1495 992 ἔναυσμόι
1531 941 1584 976 τι
1616 924 1966 994 δικαιοσύνης

390 1015 608 1085 ἔχοντες
646 1017 773 1078 τοὺς
801 1016 1024 1084 νόμους,
1058 1016 1160 1069 ὅσα
1190 1015 1291 1083 μὲν
1320 1016 1442 1068 κατ’
1482 1016 1678 1076 αὐτοὺς
1714 1017 1968 1086 ποιήσου-

393 1122 500 1168 σιν,
539 1106 601 1156 ob
631 1105 1150 1174 κατακριθὴσονται,
1183 1106 1286 1162 ὅσα
1318 1106 1375 1158 δὲ
1406 1107 1557 1176 παρά
1582 1104 1806 1168 τούτους
1837 1106 1965 1159 ἀνόο

397 1213 516 1264 μως
549 1197 644 1247 καὶ
690 1196 932 1264 ἀκρίτως
958 1198 1053 1250 καὶ⁸
1112 1197 1480 1266 τυραννικῶς,
1516 1200 1575 1249 ἐν
1626 1197 1838 1261 τούτοις
1870 1200 1966 1251 καὶ

399 1286 748 1340 ἀπολοῦνται·
784 1288 875 1339 ἐπὶ
907 1288 1243 1358 συμφέροντι
1268 1288 1377 1358 γὰρ
1416 1290 1525 1340 τῶν
1556 1289 1775 1343 ὲθνῶνό
1805 1290 1969 1359 νόμος

396 1374 554 1442 ἐδόθη
576 1375 780 1441 αὐτοῖς,
804 1375 876 1436 ὡς
902 1377 995 1427 καὶ
1021 1376 1231 1438 Παῦλος
1256 1376 1376 1448 βοᾷο
1402 1377 1538 1431 ἀλλὰ
1569 1377 1664 1431 καὶ
1689 1378 1739 1431 οί
1777 1379 1973 1448 ἄρχον-

400 1483 495 1529 τες
519 1468 718 1536 ὁμοίως
750 1470 866 1531 τοῖς
911 1469 1099 1537 νόμοις
1149 1468 1244 1520 ἐπὶ
1297 1470 1632 1539 συμφέροντι
1687 1470 1969 1541 ἐδόθησαν,

404 1556 522 1609 ἀλλ’
551 1557 648 1625 οὐχ
672 1557 745 1617 ὡς
764 1558 893 1610 ἔνιοι
916 1559 1102 1621 κακῶς
1129 1559 1412 1628 βούλονται
1442 1562 1534 1613 τοῦ
1562 1561 1811 1615 διαϐόλου
1832 1558 1974 1616 εἶναι

2067 566 2263 621 nempe
2312 566 2412 620 per
2444 565 2624 620 reges,
2656 547 2958 619 principes,
3014 547 3267 601 dominos
3319 560 3384 600 ac
3420 561 3632 610 servos,

2066 644 2259 698 morali
2291 658 2547 698 sermone
2578 657 2682 697 suo
2725 639 3062 696 excurrisset
3105 622 3426 708 apbstdlus;
3471 646 3638 709 atque

2068 733 2468 801 subjectionem
2496 732 2719 801 regibus
2740 738 2795 784 et
2819 728 3177 800 principibus,
3204 728 3408 798 quibus
3421 737 3641 799 oportet

2067 834 2120 877 et
2151 824 2202 877 in
2231 824 2434 893 quibus
2484 831 2720 893 oportet,
2758 820 3105 891 praecepisset
3141 821 3375 890 indeque
3413 821 3642 877 demon-

2068 916 2505 979 strasset,etiam
2544 911 3074 982 principes,-quibus
3108 911 3253 981 leges
3288 912 3642 965 incitamento

2071 1003 2424 1070 adjustitiam
2470 1018 2594 1058 esse
2628 1003 2847 1066 debent,
2877 1004 2921 1057 si
2963 1001 3260 1071 quidquam
3280 1010 3471 1055 contra
3494 1002 3643 1070 ipsas

2072 1094 2279 1162 inique,
2306 1095 2514 1164 absque
2531 1093 2764 1163 judicio,
2780 1105 2835 1148 et
2855 1093 3099 1164 tyranice
3115 1093 3347 1161 egerint,
3377 1102 3643 1147 aeternum

2072 1185 2849 1255 perituros:quandoquidem
2891 1184 2959 1237 ad
3000 1183 3323 1253 populorum
3353 1181 3643 1235 utilitatem

2071 1273 2196 1328 data
2222 1282 2307 1329 est
2337 1274 2445 1327 illis
2478 1275 2583 1338 lex,
2618 1271 3081 1343 quemadmodum
3114 1279 3169 1325 et
3188 1269 3390 1324 Paulus
3420 1268 3646 1335 clamat;

2073 1376 2127 1420 et
2147 1365 2263 1435 pari
2286 1367 2497 1419 ratione
2522 1365 2587 1419 ad
2609 1364 2898 1418 utilitatem
2946 1362 3353 1431 ussignatisunt
3370 1358 3649 1430 principes

2073 1457 2324 1526 legibus:
2361 1457 2504 1511 unde
2556 1456 2790 1525 pessime
2845 1453 3068 1523 quidam
3100 1452 3447 1523 pertendunt,
3492 1459 3648 1521 pote-

2075 1557 2275 1603 smtem
2320 1561 2596 1615 quamque
2629 1554 2902 1600 terrenam
2938 1558 3062 1598 esse
3088 1557 3119 1595 a
3153 1540 3396 1595 diabolo.
3432 1538 3551 1606 Qua
3592 1538 3647 1593 in

402 1649 503 1719 τὴν
534 1647 788 1712 ἐξουσίαν
850 1650 951 1719 τὴν
974 1650 1072 1702 ἐπὶ
1112 1651 1236 1720 γῆς,
1266 1651 1346 1721 τῷ
1369 1651 1600 1722 διαϐόλῳ
1639 1654 1780 1706 κατά
1817 1654 1977 1706 τοῦτο

2088 1655 2135 1692 re
2160 1639 2381 1707 ipsimet
2399 1638 2617 1692 diabolo
2647 1638 3086 1707 patrocinantur,
3114 1635 3206 1703 qui
3239 1648 3406 1688 ausus
3431 1640 3516 1687 est
3545 1630 3653 1685 Do-

403 1738 882 1809 συναγορεύοντες,
931 1740 1142 1794 εἰπόντι
1178 1741 1316 1812 πρὸς
1337 1744 1430 1796 τὸν
1463 1721 1701 1813 Κύριοντ
1748 1765 1765 1797 ι
1790 1744 1976 1798 Ταῦτα

2088 1730 2228 1783 mino
2251 1728 2467 1784 dicere:
2503 1728 2658 1782 ιΙΙιιει·
2681 1725 3017 1781 omnia‘mibi
3052 1724 3250 1785 tradita
3279 1731 3448 1788 sunt;
3478 1728 3543 1778 et‘
3561 1721 3652 1775 cui

403 1803 582 1882 πάντα
611 1803 737 1899 spot
754 1830 983 1895 δέδοται,
1006 1825 1155 1900 καὶῷ
1169 1803 1236 1886 ἂν
1250 1803 1526 1904 βούλωμαι
1544 1803 1738 1905 δίδωμι
1772 1836 1936 1890 αὖτάο
1951 1854 1969 1888 ι

2088 1824 2224 1884 volo,
2255 1821 2328 1874 do
2367 1821 2458 1873 illa
2494 1820 2562 1872 ⁸³.
2596 1838 2614 1870 ι
2652 1819 2770 1872 Νοιι
2820 1817 2964 1871 enim
3022 1816 3171 1870 illius
3211 1814 3442 1884 imperio
3496 1826 3653 1883 rcges

392 1920 463 1971 -ού
493 1921 603 1990 γὰρ
635 1923 702 1991 τῇ
744 1923 936 1975 τούτου
992 1923 1242 1977 κελεύσει
1304 1924 1545 1993 βασιλεῖς
1599 1925 1975 1992 καθίστανται,

402 2012 600 2076 οἵτινες
632 2013 768 2083 πρὸς
802 2015 1178 2086 ἐπανόρθωσιν
1202 2021 1313 2070 τῶν
1353 2019 1545 2072 κακῶν
1578 2019 1841 2087 δέδονται,
1875 2022 1967 2074 τοῦ

390 2103 650 2157 ’διαϐόλου
683 2105 850 2175 μηδὲν
878 2105 1121 2159 τοιοῦτον
1153 2106 1609 2174 ἐμπολιτεύεσθαι
1635 2111 1749 2172 τοῖς
1776 2108 1980 2180 ἀνθρὼ-

398 2210 530 2258 ποις
560 2195 919 2264 ἐπειγομένου
946 2212 960 2227 ·
1012 2194 1274 2267 ἐδόθησαν
1321 2198 1431 2267 γὰρ
1462 2198 1703 2262 ἐξουσίαι
1746 2200 1845 2253 καὶ
1876 2198 1978 2269 ἄρα

406 2301 592 2355 χοντες
622 2286 730 2340 ὑπὸ
753 2285 912 2352 Θεοῦ,
937 2287 987 2339 οί
1015 2286 1134 2356 μὲν,
1176 2288 1254 2350 είς
1285 2290 1618 2359 συντήρησιν
1646 2288 1742 2342 τοῦ
1767 2290 1977 2343 δικαίου

408 2375 505 2427 καὶ
528 2374 900 2446 ἐπανόρθωσιν
919 2376 1012 2430 καὶ
1039 2375 1309 2445 ὠφέλειαν
1337 2378 1446 2431 τῶν
1469 2379 1813 2450 ἀρχομένων,
1845 2382 1893 2432 οί
1922 2380 1981 2434 δὲ

400 2465 499 2517 -διά
537 2465 702 2534 φόϐον
733 2466 872 2536 πρὸς
901 2469 1175 2537 τιμωρίαν
1210 2472 1304 2524 καὶ
1337 2469 1629 2541 ἐπίπληξιν
1664 2472 1773 2524 τῶν
1807 2473 1983 2542 ἀμαρ-

407 2557 702 2622 τανόντων,
724 2561 774 2611 οί
804 2560 861 2611 δὲ
890 2561 986 2613 καὶ
1018 2561 1099 2622 είς
1120 2560 1183 2633 ἐδ
1214 2562 1340 2623 τοὺς
1396 2562 1791 2631 ὲξυϐρίσαντας
1825 2564 1980 2634 δίκην

401 2648 569 2712 ἀξίαν
625 2649 878 2703 ἀποτῖσαι
899 2666 912 2681 ο
946 2651 1124 2715 δείξας
1172 2652 1268 2705 οῦν
1291 2651 1475 2716 τοῦτο,
1515 2655 1609 2706 καὶ
1642 2654 1727 2706 ὅτι
1757 2654 1816 2706 τὸ
1849 2655 1982 2708 ὑπο-

405 2738 707 2793 τάσσεσθαι
759 2739 971 2805 τούτοις
999 2742 1224 2810 ἀγαθδν,
1255 2743 1314 2795 τὸ
1343 2744 1400 2796 δὲ
1435 2745 1681 2808 ἀπειθεῖς
1710 2741 1849 2798 εἶναι
1882 2763 1984 2799 κα-

410 2828 542 2882 κόνο
576 2830 777 2898 ὁμοίως
814 2832 873 2886 δὲ
906 2833 1003 2886 καὶ
1044 2836 1155 2896 τοῖς
1221 2834 1452 2899 δούλοις,
1493 2835 1567 2898 ὠς
1606 2836 1817 2906 ἔφημεν
1854 2836 1985 2889 ὑπο-τ

409 2920 720 2991 ’μνήσαντες
755 2922 852 2975 καὶ
890 2923 1020 2993 περὶ
1069 2923 1271 2977 δούλων
1297 2925 1392 2978 καὶ
1411 2925 1687 2979 δεσποτῶν
1717 2944 1733 2959 ο
1772 2927 1985 2996 μέτεισι

414 3006 514 3060 νῦν
547 3008 642 3062 καὶ
667 3008 1290 3081 ὲπὶτὴνγυναικωνῖτιν.
1327 3012 1498 3082 Φησὶν
1518 3010 1613 3067 οὖν
1645 3015 1773 3085 περὶ
1799 3032 1989 3081 γυναι·

417 3097 557 3163 κῶν,
576 3098 651 3161 ὡς
680 3099 761 3153 δεῖ
789 3102 994 3163 ταύτας
1028 3101 1121 3155 δύο
1151 3103 1328 3157 ταῦτα
1359 3104 1704 3168 σπουδάζειν,
1755 3122 1773 3156 ι
1818 3106 1986 3159 ’Υπι-

416 3189 712 3244 τάσσεσθαι
739 3193 852 3253 τοῖς
885 3191 1036 3254 ἰδίοις
1061 3193 1309 3263 ἀνδράσι,
1337 3212 1358 3245 ι
1407 3195 1503 3247 καὶ
1524 3196 1731 3264 κόσμου
1779 3198 1986 3260 παντὸς

414 3277 515 3331 καὶ
538 3276 932 3349 καλλωπισμοῦ
964 3278 1251 3351 ἀλλοτρίας
1274 3282 1475 3343 ἑαυτὰς
1513 3284 1859 3353 ἀποφαίνειν,
1901 3305 1990 3354 μι-

414 3369 694 3440 μουμένας
748 3369 850 3434 τὰς
902 3371 1066 3438 ἁγίας
1112 3374 1397 3441 γυναῖκας.
1466 3375 1620 3427 Ἐπεὶ
1665 3377 1761 3429 καὶ
1802 3373 1989 3441 αὗται,

418 3464 576 3533 φησὶ,
599 3463 804 3533 κόσμον
828 3464 1016 3517 τοῦτον
1039 3464 1239 3535 ᾔδεσαν
1270 3464 1455 3532 μόνον,
1495 3465 1556 3518 τὸ
1583 3468 1720 3536 πρὸς
1743 3468 1867 3528 τοὺς
1898 3470 1990 3521 αύ-

418 3552 529 3607 τῶν
542 3554 740 3625 ἄνδρας
769 3555 1067 3626 πειθήνιον.
1105 3557 1213 3610 Καὶ
1240 3554 1294 3608 τί
1314 3556 1376 3609 τὸ
1397 3555 1508 3610 ἀπὸ
1532 3558 1737 3611 τούτων
1761 3560 1950 3628 κέρδος
1971 3577 1986 3625 ;

436 3644 498 3700 Ὀ
522 3645 628 3697 ἀπὸ
678 3646 792 3699 τῶν
817 3645 924 3711 ἔξω
955 3650 1056 3719 τῆς
1085 3647 1322 3711 πίστεως
1356 3647 1518 3717 ζῆλος
1546 3650 1771 3716 ἀγαθὸς,
1802 3650 1861 3713 ὃς
1900 3652 1995 3704 καὶ

421 3736 532 3789 ἀπὸ
562 3735 664 3805 τῆς
700 3738 811 3791 τῶν
848 3738 1127 3807 ἀρχόντων
1192 3738 1323 3808 παρ’
1356 3738 1513 3809 ἡμῶν
1552 3740 1831 3809 ὑποταγῆς
1865 3742 1995 3793 ἀπο-

422 3827 687 3893 τίκτεται,
746 3830 841 3881 καὶ
868 3830 904 3897 ή
935 3829 1072 3898 πρὸς
1120 3830 1357 3900 Χριστὸν
1408 3831 1502 3883 ὑπ’
1532 3831 1713 3883 αὐτῶν
1746 3831 1815 3883 δι’
1849 3833 1995 3900 ἡμᾶς

421 3919 766 3990 εὐχαριστίαο
793 3918 822 3972 ὅ
853 3929 944 3971 και.
969 3920 1114 3988 μέγα
1157 3920 1422 3991 καύχημα
1448 3923 1812 3991 Χριστιανῶν,
1846 3922 1998 3975 εὐλο-

424 4010 690 4080 γουμένου
728 4011 796 4063 δι’
821 4010 971 4079 ἡμᾶς
999 4008 1094 4062 τοῦ
1121 4010 1386 4079 ὀνόματος
1419 4012 1681 4065 τοῦΘεοῦ
1712 4015 1806 4066 καὶ
1841 4014 1997 4084 παρὰ

423 4100 537 4154 τῶν
564 4100 736 4155 ἐθνῶν
765 4101 853 4155 διὰ
880 4101 979 4172 τὴν
1018 4102 1192 4174 καλὴν
1247 4103 1593 4174 ἀναστροφὴν
1626 4105 1805 4175 ἡμῶν.
1839 4105 1910 4159 Τὸ
1937 4108 1997 4160 δὲ

412 4191 623 4255 εἰπεῖν,
663 4208 683 4237 σ
712 4192 875 4245 Ἀνευ
898 4192 1058 4258 λόγου
1090 4193 1544 4264 κερδηθήσονται,
1577 4214 1595 4247 ι
1657 4197 1776 4266 ἦτοι
1805 4197 1998 4267 σχολά-

422 4280 612 4344 ζοντος
638 4283 839 4345 παντὸς
860 4282 1020 4351 λόγου
1046 4285 1140 4336 καὶ
1181 4285 1362 4353 πάσης
1393 4285 1711 4354 ἀντιλογίας
1731 4304 1745 4316 ·
1772 4287 1804 4357 ἢ
1830 4286 1906 4350 ὡς
1934 4287 1996 4340 τὸ

422 4370 491 4442 η’.
517 4371 641 4443 τῆς]
661 4373 753 4427 διὰ
782 4374 894 4427 τῶν
916 4375 1094 4444 ἔργων
1118 4375 1430 4440 ἐπιδείξεως
1456 4381 1798 4448 κυριωτέρας
1830 4378 1998 4450 οὕσης

2078 1912 2516 1974 constituuntur,
2567 1911 2770 1979 quippe
2793 1910 2884 1974 qui
2925 1908 2990 1981 ad
3026 1907 3295 1959 malorum
3357 1906 3656 1959 correctio-

2078 2020 2202 2058 nem
2234 2002 2492 2058 destinati
2527 2012 2657 2058 sunt
2691 2018 2704 2054 :
2738 2001 2883 2070 quod
2936 1998 3200 2053 Diabolus
3253 1997 3519 2066 impedire
3569 2012 3658 2051 co-

2080 2106 2262 2151 natur.
2293 2094 2342 2149 A
2392 2096 2500 2149 Deo
2564 2095 2748 2163 itaque
2794 2093 2921 2146 data
2983 2100 3068 2146 est
3117 2097 3385 2160 potestas,
3438 2097 3493 2142 et
3528 2103 3659 2143 con-

2080 2191 2256 2246 stituti
2290 2197 2422 2244 sunt
2454 2186 2753 2257 principes,
2783 2201 2911 2239 cum.
2930 2183 2996 2237 ad
3024 2183 3388 2253 patrocinium
3405 2180 3658 2250 justitite,

2081 2288 2136 2337 et
2160 2280 2518 2334 directionem
2569 2287 2736 2345 atque
2782 2275 3075 2329 utilitatem
3123 2271 3493 2333 subditorum,
3545 2279 3657 2323 tum

2083 2370 2152 2425 ad
2185 2382 2471 2435 terrorem,
2512 2368 2853 2438 punitionem
2888 2372 2943 2420 et
2977 2363 3385 2433 repressionem
3441 2361 3662 2431 iniquo-

2083 2475 2203 2515 rum
2231 2478 2248 2527 ;
2290 2469 2402 2513 tum
2440 2457 2659 2514 demqu
2697 2455 2765 2510 ad
2792 2453 2971 2509 debita
3006 2467 3163 2522 paena
3192 2450 3508 2521 plectendos
3537 2450 3662 2504 illos

2083 2553 2177 2622 qui
2212 2549 2467 2621 injuriam
2494 2548 2696 2604 inferre
2718 2546 2845 2601 aliis
2868 2544 2987 2600 ausi
3017 2544 3246 2599 fuerint.
3281 2540 3416 2596 Cum
3457 2542 3533 2595 ita
3556 2540 3663 2594 hoc

2084 2643 2438 2707 ostendisset,
2468 2652 2520 2696 et
2562 2640 2704 2710 quod
2745 2637 2942 2707 subjici
2979 2636 3184 2689 bonum
3220 2633 3380 2688 nobis
3414 2633 3515 2699 sit,
3547 2647 3658 2686 non

2088 2750 2283 2806 parere
2314 2743 2495 2789 autem
2525 2733 2730 2786 malum
2759 2746 2776 2788 ;
2805 2729 3059 2785 similiter
3083 2728 3247 2782 etiam
3275 2726 3452 2781 servis
3479 2723 3662 2793 quoad
3718 2768 3737 2785 ι

2089 2829 2345 2883 dominos
2374 2841 2530 2891 suos,
2563 2835 2621 2879 ut
2656 2824 2767 2893 jam
2802 2822 3084 2877 diximus:
3115 2833 3263 2874 nunc
3309 2816 3379 2872 ad
3402 2818 3666 2872 mulieres

2091 2936 2397 2976 sermonem
2436 2917 2729 2973 convertit.
2765 2915 2854 2968 Ait
2910 2916 3115 2982 itaque,
3166 2911 3427 2965 mulieres
3458 2909 3524 2963 ad
3555 2908 3667 2962 duo

2091 3027 2216 3065 eum
2268 3009 2462 3081 primis
2516 3008 2689 3063 adniti
2742 3005 2979 3059 debere:
3040 3016 3275 3072 quarunt
3334 3013 3504 3053 unum
3558 3005 3667 3061 eat,

2100 3123 2119 3155 ‹
2162 3103 2441 3172 subiectas
2488 3114 2614 3156 esse
2667 3098 2801 3152 viris
2840 3097 2958 3151 suis
3001 3110 3016 3146 :
3054 3111 3075 3145 ι
3113 3094 3371 3155 alterum,
3434 3104 3463 3144 a
3494 3088 3670 3144 nimio

2091 3211 2321 3267 ornatu,
2352 3199 2615 3267 omnique
2639 3195 2786 3261 luco,
2824 3203 3141 3247 sanctarum
3171 3189 3463 3244 mulierum
3481 3199 3663 3240 exem-

2092 3294 2180 3363 plo
2213 3295 2529 3347 abhorrere.
2563 3287 2699 3342 Nam
2720 3293 2776 3341 et
2818 3286 2941 3349 illae,
2972 3281 3173 3351 inquit,
3208 3281 3315 3335 hoc
3365 3277 3544 3333 solum
3576 3290 3668 3330 or-

2092 3396 2410 3440 namentum
2443 3383 2550 3438 sibi
2574 3379 2914 3436 conveniens
2944 3375 3299 3445 reputabant,
3335 3370 3481 3440 quod
3506 3368 3674 3423 mari-

2094 3473 2164 3526 tis
2214 3474 2332 3526 suis
2379 3472 2752 3536 obsequentes
2783 3473 2990 3521 essent.
3020 3467 3091 3516 At
3135 3461 3414 3531 quodnam
3469 3473 3536 3512 ex
3570 3457 3675 3511 hoc

2096 3568 2313 3619 lucrum
2342 3563 2365 3616 ?
2396 3562 2549 3616 Bona
2569 3557 2849 3615 aemulatio
2883 3557 2936 3611 in
2969 3554 3303 3618 inﬁdelibus,
3331 3565 3456 3621 qua:
3507 3552 3672 3604 etiam

2095 3671 2125 3709 a
2162 3664 2347 3709 nostra
2407 3666 2535 3723 erga
2584 3651 2858 3721 principes
2926 3645 3292 3701 submissione
3330 3638 3672 3710 producitur,

2094 3741 2550 3812 quemadmodum
2579 3746 2633 3792 et
2657 3737 2861 3791 Christi
2887 3742 3107 3804 propter
3139 3747 3241 3789 nos
3293 3731 3449 3785 laus:
3485 3730 3540 3782 in
3565 3741 3677 3796 quo

2097 3849 2293 3903 magna
2361 3830 2798 3887 Christianorum
2829 3827 3001 3896 gloria
3038 3825 3216 3895 posita
3235 3830 3350 3877 est:
3379 3834 3502 3875 cum
3527 3819 3677 3873 scili-

2096 3933 2182 3977 cet
2211 3928 2430 3991 propter
2449 3936 2574 3982 nos,
2602 3934 2697 3974 seu
2728 3926 2950 3988 propter
2972 3916 3171 3970 bonam
3201 3910 3671 3967 conversationem

2095 4022 2341 4067 nostram
2396 4011 2493 4066 Dei
2554 4025 2751 4065 nomen
2818 4008 3177 4077 gloriﬁcatur.
3239 4002 3377 4057 Illud
3438 4011 3672 4056 autem:

2105 4124 2125 4157 ι
2165 4106 2298 4159 Sine
2323 4104 2490 4160 verbo
2519 4101 2850 4163 lucriﬁant,»
2876 4099 3017 4153 idem
3035 4098 3175 4150 valet
3194 4110 3256 4149 ac
3290 4101 3500 4148 semoto
3524 4092 3677 4147 omni

2098 4210 2348 4252 sermone
2405 4193 2661 4262 omnique
2711 4189 3182 4249 contradictione;
3220 4185 3325 4249 vel,
3385 4183 3674 4236 veritatem

2100 4287 2311 4341 ﬁrmius
2339 4283 2842 4340 demonstrantibus
2893 4280 3054 4333 factis
3101 4292 3264 4348 quam
3298 4275 3503 4330 verbis.
3527 4271 3678 4342 Opus

2100 4378 2247 4433 enim
2309 4378 2427 4430 sine
2454 4374 2653 4439 verbis,
2682 4382 2743 4426 ut
2769 4374 2849 4425 vir
2887 4378 3112 4425 sanctus
3134 4367 3291 4431 dixit,
3328 4365 3677 4435 praestantius

427 4464 588 4533 λόγου
623 4466 719 4518 καὶ
741 4469 1085 4538 περιεργίας.
1128 4468 1375 4535 Ἀφωνον
1420 4470 1526 4540 γὰρ
1553 4470 1715 4538 ἔργον
1745 4473 1984 4540 κρεῖσσοι

2105 4470 2277 4523 multo
2313 4476 2398 4524 est
2427 4467 2608 4523 verbis
2642 4466 2759 4519 sine
2797 4477 2981 4532 opere.

428 4552 712 4625 ἀπράκτου
736 4555 919 4625 λόγου,
959 4557 989 4608 ό
1008 4554 1178 4609 εἰπὼν
1207 4558 1350 4628 ἀνὴρ
1377 4557 1552 4624 ἅγιος.

508 4663 528 4696 ι
569 4646 709 4699 Ἀλλ’
740 4648 769 4700 ό
794 4646 1037 4715 κρυπτὸς
1074 4646 1171 4717 τῆς
1207 4647 1436 4717 καρδίας
1488 4646 1775 4719 ἄνθρωπος
1811 4651 1872 4702 ἐν
1918 4649 1999 4721 τῷ

422 4735 694 4806 ἀφθάρτῳ
713 4736 808 4789 τοῦ
840 4737 1040 4807 πραέος
1072 4738 1163 4789 καὶ
1198 4736 1422 4808 ἡσυχίου
1446 4739 1774 4809 πνεύματος,
1798 4741 1827 4794 ὅ
1851 4745 1999 4795 ἐστιν

424 4824 664 4881 ἐνώπιον
692 4826 786 4881 τοῦ
807 4826 942 4880 Θεοῦ
969 4827 1276 4891 πολυτελές.
1307 4848 1325 4879 ι
1361 4860 1427 4871 -
1468 4849 1486 4881 ι
1505 4831 1661 4884 Πᾶσα
1694 4834 1803 4902 γὰρ
1820 4834 1852 4901 ἡ
1871 4833 1999 4899 δόξα

431 4920 531 4987 τῆς
559 4916 825 4988 θυγατρὸς
872 4916 965 4971 τοῦ
1020 4918 1288 4987 βασιλέως
1314 4919 1519 4973 ἔσωθεν
1561 4924 1619 4972 ἐν
1671 4926 2005 4990 κροσσωτοῖς

426 5010 655 5079 χρυσοῖς
710 5007 1150 5079 περιϐεϐλημένη
1203 5011 1604 5080 πεποικιλμένη
1631 5027 1644 5042 ο
1673 5031 1691 5063 ι
1719 5014 1881 5067 οἱονεὶ⁵
1904 5015 2004 5083 τῆς

430 5101 493 5152 ἐν
520 5098 600 5169 τῷ
628 5097 859 5171 κρυπτῷ
879 5099 1038 5169 ἡμῶν
1061 5100 1381 5166 διαθέσεως,
1402 5106 1498 5154 καὶ
1525 5105 1623 5172 τῆς
1646 5103 1804 5167 ἐκτὸς
1833 5121 1972 5158 κατα
1995 5138 2001 5144 -

438 5191 700 5253 στάσεως,
734 5189 980 5259 σύμϐολα
1000 5192 1396 5262 ἀνεπιτήδευτα
1443 5197 1851 5264 παριχορένων.
1875 5197 1999 5249 Τοι-

427 5281 589 5346 οῦτος
618 5282 726 5350 γὰρ
753 5283 782 5335 ὁ
817 5282 1046 5350 κροσσὺς
1103 5285 1422 5353 περίττωμα
1450 5284 1526 5337 ὢν
1548 5286 1641 5337 τοῦ
1684 5287 1998 5354 ὑφάσματος

437 5374 535 5442 τὴν
590 5374 767 5443 ἀρχὴν
822 5372 1000 5442 λαχὼν
1053 5373 1160 5425 τῶν
1204 5377 1511 5443 στημόνων,
1559 5375 1587 5428 ὃ
1650 5379 1745 5447 τῆς
1796 5379 1998 5447 κρόκης

435 5464 784 5534 ἀπήλλακται
802 5463 904 5534 τῆς
928 5464 1237 5533 ἐμπλοκῆς,
1257 5467 1352 5517 καὶ
1379 5466 1474 5536 τῆς
1503 5467 1744 5537 ἀρχῆθεν
1764 5469 2003 5522 ὑποστά-

344 5568 345 5573 ‘
439 5571 575 5619 σεως
633 5555 830 5625 μηνύει
860 5555 958 5627 τὴν
987 5555 1266 5626 ἐργασίαν.
1302 5575 1320 5608 ι
1345 5557 1624 5626 Χρυσοῦςι
1667 5560 1723 5612 δέ
1750 5577 1881 5630 φησι
1911 5558 2005 5614 καὶ

508 5738 554 5769 ⁸⁸
582 5735 717 5792 Luc.
749 5751 824 5805 τι,
854 5734 910 5792 θ.
988 5734 1033 5768 ⁸⁸
1061 5733 1204 5793 Psal.
1234 5748 1380 5801 xuv,
1413 5733 1502 5789 14.

2181 4646 2343 4703 Vens.
2374 4647 2430 4701 4.
2471 4664 2490 4697 ι
2528 4644 2632 4699 Sed
2672 4641 2766 4712 qui
2794 4635 3145 4695 absconditus
3160 4641 3243 4687 cst
3272 4632 3450 4687 cordis
3489 4630 3677 4697 homo,

2105 4741 2160 4796 in
2201 4739 2716 4809 incorruptibilitate
2772 4734 2937 4804 quieti
2967 4740 3022 4786 et
3054 4728 3281 4784 modesti
3308 4726 3555 4795 spiritus,
3583 4727 3676 4793 qui

2105 4839 2191 4888 est
2227 4831 2628 4898 in-conspectu
2687 4826 2782 4881 Dei
2834 4823 3080 4892 locuples
3131 4839 3148 4872 ι
3191 4817 3328 4872 Nam
3396 4834 3415 4867 ι
3483 4814 3678 4870 Omnis

2103 4924 2279 4996 gloria
2310 4922 2435 4976 tiliae
2487 4919 2632 4989 regis
2679 4918 2746 4972 ab
2807 4918 2977 4977 intus,
3010 4915 3062 4966 in
3101 4909 3332 4966 ﬁmbriis
3363 4907 3543 4961 aureis
3569 4907 3678 4959 cir-

2105 5016 2428 5072 cumamicta
2457 5010 2812 5066 varietatibus
2829 5008 2908 5059 “z
2950 5026 2969 5059 ι
3006 5004 3167 5076 367
3190 5003 3399 5059 scilicet
3421 4998 3679 5054 interiore

2105 5118 2291 5162 nostra
2325 5104 2630 5166 all'ectione,
2654 5110 2709 5156 et
2760 5100 3031 5154 exteriore
3080 5095 3476 5164 compositione
3505 5088 3679 5143 amice

2104 5193 2568 5262 conspirantibus.
2619 5188 2855 5243 Fimbria
2900 5185 3044 5240 enim
3078 5193 3162 5238 εει
3207 5179 3524 5235 extremitas
3559 5175 3679 5229 telae

2109 5288 2192 5342 vel
2229 5286 2413 5355 panni,
2463 5282 2550 5338 ubi
2610 5289 2821 5336 stamen
2875 5293 2999 5331 cum
3039 5272 3376 5344 subtegmine
3434 5283 3541 5322 non
3590 5276 3678 5321 est

2109 5381 2447 5451 implexum:
2487 5389 2659 5445 quare
2696 5371 2768 5426 ab
2794 5369 2953 5425 initio
3005 5363 3245 5422 ostendit
3276 5361 3447 5415 totius
3497 5357 3679 5427 Operis

2112 5447 2498 5527 substantiam.
2549 5484 2568 5518 ι
2606 5465 2819 5520 Aureas
2850 5480 2869 5514 ι
2906 5468 3090 5514 autem
3121 5455 3257 5510 dicit
3291 5471 3311 5505 ι
3352 5449 3614 5513 liinbrias,
3653 5465 3672 5498 ι

2113 5557 2241 5628 quia
2274 5556 2327 5612 id
2373 5557 2562 5621 etiam,
2611 5551 2761 5610 quod
2792 5565 2859 5607 ex
2906 5550 3054 5604 intus
3100 5546 3303 5599 latente
3351 5538 3590 5596 exterius
3618 5550 3680 5591 se
