4120 6434
1269 307 1342 318 *ειη

510 396 641 457 ἱὶὶὶῖ

1342 340 1373 357 δ
1420 346 2022 452 rimorltvmort'
2051 377 2459 450 BULGARMZ
2492 346 2844 450 ARCIIIFP.

3649 386 3780 452 122$

508 515 625 567 dies
651 509 837 563 videre
862 506 1062 570 bonos,
1092 515 1338 559 oneret-at
1370 505 1612 575 linguam
1662 518 1816 556 suam
1852 517 1880 554 a
1913 499 2080 563 malo,

2197 498 2420 567 ὶγαθὰς,
2455 501 2720 554 παυσάτω
2762 501 2859 572 τὴν
2914 501 3166 569 γλῶσσαν
3193 501 3357 554 αὑτοῦ
3405 501 3512 555 ἀπ’)
3576 506 3773 566 κακοῦ,

503 615 556 658 ot
577 603 719 658 labia
755 601 876 670 ejus
909 616 978 655 ne
1011 601 1309 670 loquamur
1336 598 1544 652 dolum.
1582 597 1826 650 Dtelinet
1855 610 1884 648 a
1916 595 2081 659 malo,

502 709 553 752 et
577 697 740 751 faciat
760 695 960 748 bonmn
991 710 1004 746 :
1033 691 1278 761 inquirat
1308 705 1516 760 parem,
1536 697 1589 742 et
1619 696 1884 757 sequatur
1905 700 2081 738 eam.»

507 790 572 844 Ut
604 802 881 843 smummn
922 783 1268 840 certitndinis
1302 780 1531 851 gradum
1565 777 1928 834 admonitioni
1969 791 2084 831 sua:

502 879 782 944 conciliet,
806 892 925 931 eam
951 873 1172 928 Davidis
1198 871 1531 927 auctoritate
1560 870 1871 934 confirmat,
1899 867 2084 922 etait:

509 993 525 1023 ι
557 972 658 1039 Qui
687 971 830 1025 enim
857 969 969 1023 vult
1003 967 1167 1020 vitam
1204 965 1432 1037 diligere
1468 982 1482 1018 :
1523 982 1541 1016 ι
1583 963 1685 1018 hoc
1711 971 1816 1025 est,
1843 961 1935 1032 qui
1968 974 2090 1015 sese

475 1064 570 1116 'ad
605 1076 787 1115 veram
825 1059 990 1112 vitam
1021 1058 1305 1122 reformat,
1335 1053 1569 1126 eamque
1622 1053 1912 1110 amabilem
1961 1051 2088 1106 red-

505 1160 632 1209 dere
687 1152 870 1208 studet
933 1151 1070 1221 (hoc
1101 1149 1246 1204 enim
1301 1149 1481 1203 innuit
1528 1147 1686 1211 illud,
1757 1165 1774 1198 ι
1839 1144 1942 1211 Qui
1977 1144 2090 1196 vult

505 1247 727 1315 diligere
761 1283 778 1308 ,
853 1263 872 1295 ι
930 1259 1024 1297 seu
1077 1240 1546 1305 desiderabilem,
1601 1249 1656 1295 et
1723 1236 2085 1307 expetendam

506 1339 820 1396 hominibus
870 1337 1167 1406 reddere),
1200 1336 1515 1391 firmissime
1573 1335 1674 1388 ista
1716 1339 1917 1396 teneat,
1972 1344 2093 1401 qua:

506 1448 720 1487 mecum
760 1432 1004 1503 suggerit
1039 1429 1398 1502 propheticus
1427 1441 1631 1484 sermo.

573 1605 741 1659 Vens.
781 1603 970 1658 19.45.
1008 1621 1027 1654 ι
1063 1601 1203 1668 Quia
1234 1599 1378 1654 oculi
1435 1596 1645 1654 Domini
1701 1609 1865 1665 super
1893 1593 2090 1666 justos,

503 1711 556 1753 et
597 1711 758 1752 aures
801 1696 921 1767 ejus
985 1697 1039 1750 in
1099 1707 1287 1763 preces
1366 1705 1556 1746 eorum
1611 1706 1624 1742 :
1679 1688 1863 1743 vultus
1912 1695 2093 1742 autem

511 1792 722 1847 Domini
786 1804 955 1860 super
1022 1787 1285 1842 facientes
1348 1785 1512 1838 mala.
1577 1782 1642 1837 Et
1693 1783 1817 1854 quis
1850 1789 1954 1844 est,
1995 1781 2088 1851 qui

2182 596 2284 644 καὶ
2310 593 2462 663 χείλη
2490 592 2653 648 αὑτοῦ
2681 592 2775 646 τοῦ
2813 593 2888 664 μὴ
2923 592 3150 662 λαλῆσαι
3197 593 3369 648 δόλον.
3442 594 3774 650 Ἐκκλινάτω

2191 687 2300 738 ἀπὸ
2328 686 2524 748 κακοῦ,
2576 687 2667 737 καὶ
2709 684 2990 753 ποιησάτω
3020 683 3223 752 ἀγαθόν
3249 700 3262 714 ·
3301 684 3594 753 ζητησάεω
3622 687 3774 755 εἰρή-

2191 796 2309 845 νην,
2355 778 2448 829 καὶ
2478 776 2722 840 διωξάτω
2753 777 2946 845 αὑτήν.
2973 796 2990 826 υ
3023 777 3115 838 Εἰς
3147 775 3586 844 ἀπαραλόγιστον
3611 777 3772 846 ἐκφέ-

2175 887 2301 937 ,ρων
2336 869 2427 922 τὸν
2484 870 2581 938 τῆς
2635 867 2919 931 νουθεσίας
2969 867 3134 920 αὑτοῦ
3176 867 3356 935 λόγον,
3387 867 3483 919 καὶ
3535 869 3644 920 ἀπὸ
3677 868 3772 921 τοῦ

2190 962 2353 1017 Δαϐιδ
2381 961 2440 1014 τὸ
2477 962 2664 1015 πιστὸν
2697 960 2847 1031 αὐτῷ
2875 961 3259 1032 προσπορίζει,
3287 948 3382 1014 καί
3425 978 3618 1033 φησιν’
3658 981 3677 1016 ι
3711 963 3772 1016 '0

2191 1054 2300 1123 γὰρ
2338 1053 2507 1106 θέλων
2539 1053 2683 1123 ζωὴν
2714 1053 2954 1122 ἀγαπᾷν,
2993 1070 3013 1104 ι
3041 1051 3185 1105 τοῦτ’
3227 1051 3396 1114 ἔστιν,
3432 1055 3460 1106 ὁ
3507 1052 3642 1120 πρὸς
3674 1051 3774 1123 τὴν

2192 1146 2361 1207 ὅντως
2399 1143 2548 1213 ζωὴν
2582 1143 3005 1214 μεταστοιχειῶν
3051 1142 3268 1206 ἑαυτὸν,
3324 1143 3418 1196 καὶ
3473 1142 3776 1214 ἐπέραστον

2197 1235 2370 1306 αὐτὴν
2405 1237 2685 1306 ἀποφῆναι
2727 1237 2886 1307 (πρὸς
2908 1234 3068 1289 τοῦτο
3105 1234 3214 1305 γὰρ
3246 1234 3502 1290 ἀπονεύει
3526 1236 3606 1300 τὸ,
3641 1254 3660 1287 ι
3684 1235 3776 1289 θέ-

2192 1328 2298 1383 λων
2330 1329 2608 1400 ἀγαπᾷν,ι
2646 1329 2833 1395 οἱονεὶ,
2877 1329 3127 1384 ποθεινὸν
3155 1329 3481 1398 ἀποφαίνειν
3535 1329 3774 1400 περιμά-

2193 1438 2358 1490 χητον
2419 1420 2774 1491 ἀνθρώποις),
2824 1419 3032 1491 ἐχέσθω
3075 1419 3284 1473 τούτων
3334 1420 3773 1490 ἀνιπιστρόφως,

2193 1504 2266 1564 ὧν
2289 1511 2381 1565 καὶ
2410 1513 2438 1564 ὁ
2467 1511 2803 1581 προφητικδς
2836 1512 2994 1578 λόγος
3017 1509 3345 1582 συναίρεται
3378 1527 3490 1580 μοι.

2275 1623 2293 1654 ι
2339 1604 2461 1657 Ὀτι
2513 1603 2782 1674 όφθαλμοὶ
2827 1588 3035 1674 Κυρίου
3064 1603 3155 1655 ἐπὶ
3210 1601 3475 1664 δικαίους,
3515 1599 3608 1654 καὶ
3662 1591 3778 1652 ὦτα

2197 1691 2361 1748 αὑτοῦ
2390 1693 2468 1754 είς
2500 1692 2682 1763 δέησιν
2717 1691 2917 1746 αὐτῶν.
2977 1690 3280 1761 Πρόσωπον
3313 1689 3374 1742 δέ
3411 1689 3616 1759 Κυρίου
3680 1687 3777 1741 ἐπὶ

2199 1781 2487 1846 ποιοῦντας
2519 1783 2683 1838 κακά.
2735 1783 2842 1836 Καὶ
2869 1781 2950 1846 τίς
2979 1783 3006 1836 ὁ
3037 1781 3308 1836 κακώσων
3337 1781 3502 1852 ὑμᾶς,
3538 1780 3634 1834 ἐὰν
3677 1779 3773 1834 τοῦ

507 1884 661 1939 vobis
690 1889 884 1938 noceat
916 1921 931 1945 ,
963 1879 1008 1935 si
1050 1879 1174 1934 boni
1210 1877 1562 1932 munlatores
1615 1874 1872 1929 fueritis?
1905 1874 2085 1928 Sedet

2197 1873 2398 1943 ἀγαθοῦ
2432 1874 2669 1944 ζηλωταὶ
2703 1873 2936 1944 γένησθε
2960 1889 2980 1938 ;
3015 1873 3158 1927 Ἀλλ’
3183 1875 3231 1926 εί
3263 1875 3358 1927 καὶ
3384 1873 3643 1943 πάσχοιτε
3687 1871 3779 1924 διὰ

505 1977 548 2030 si
585 1975 712 2046 quid
747 1971 995 2044 patimini
1028 1980 1250 2041 propter
1286 1969 1582 2038 justitiam,
1617 1965 1786 2021 beati.
1811 1963 2084 2019 Timorem

475 2049 684 2118 autem
720 2077 910 2118 eorum
963 2077 1032 2116 ne
1059 2058 1382 2124 timueritis,
1423 2065 1477 2113 et
1518 2071 1626 2111 non
1659 2054 2085 2110 conturbemiui.

506 2157 794 2211 Dominum
825 2165 1006 2210 autem
1033 2153 1376 2209 sanetiiicate
1417 2151 1472 2206 in
1502 2149 1762 2206 cordibus
1802 2148 2026 2204 veStris.
2064 2167 2082 2201 ι

508 2246 775 2302 Absoluto
804 2242 1128 2315 prophetico
1151 2240 1378 2296 oraculo
1406 2279 1420 2302 ,
1455 2253 1580 2294 cum
1611 2239 1667 2292 in
1691 2253 1754 2293 eo
1778 2233 2042 2292 habeatur
2073 2255 2086 2290 :

511 2356 526 2384 ι
565 2334 719 2390 Oculi
741 2333 954 2389 Domini
981 2330 1372 2402 superjustos,
1409 2348 1426 2380 ι
1465 2338 1518 2384 et
1570 2347 1588 2380 ι
1631 2327 1823 2384 Vultus
1875 2324 2088 2382 Domini

507 2437 674 2492 super
741 2421 1006 2475 facientes
1052 2418 1226 2481 mala,
1257 2437 1276 2469 ι
1341 2416 1576 2472 subdit:
1632 2413 1689 2469 Si
1747 2414 1847 2468 hac
1883 2415 2094 2470 ratione

507 2516 674 2569 vitam
736 2511 1028 2574 duxeritis,
1085 2510 1250 2564 Deum
1303 2507 1632 2563 benevolum
1711 2515 1765 2562 et
1835 2505 2092 2577 precibus

509 2605 704 2659 vestris
759 2603 1149 2672 obsequentem
1194 2597 1485 2654 habebitis.
1549 2597 1693 2653 Tum
1757 2612 1909 2662 vero,
1965 2597 2091 2667 quis

482 2695 707 2749 ‘malum
750 2693 903 2748 vobis
958 2691 1162 2746 inferre
1220 2689 1439 2759 poterit,
1479 2703 1602 2743 cum
1647 2687 1700 2742 in
1747 2703 1912 2742 manu
1972 2686 2094 2756 ejus

508 2787 617 2840 sint
669 2800 816 2839 mors
847 2792 900 2839 et
950 2781 1098 2839 vita?
1148 2779 1436 2846 Pra'terea,
1500 2794 1624 2834 cum
1664 2777 1909 2833 nonnulli
1957 2777 2094 2832 afui-

509 2879 741 2943 rliones,
780 2891 918 2947 quas
953 2889 1053 2945 pro
1113 2871 1223 2927 fide
1250 2870 1615 2936 sustinebant,
1651 2878 1913 2940 tanquam
1950 2869 2094 2924 mala

511 2967 760 3038 quzedam
835 2970 1176 3034 reputarent,
1218 2962 1439 3026 Petrus,
1492 2971 1548 3015 ut
1599 2962 1744 3014 hunc
1796 2959 2095 3030 corrigeret

485 3066 522 3112 ἰ
545 3073 773 3122 rrorem,
805 3055 882 3112 Ne
916 3055 1141 3126 putetis,
1191 3055 1287 3118 ait,
1320 3053 1435 3107 haec
1479 3051 1618 3105 mala
1646 3064 1800 3118 esse;
1825 3050 1957 3120 quin
1999 3063 2096 3121 pro

514 3154 707 3223 magna
741 3150 1004 3205 felicitate
1040 3146 1292 3202 habenda
1318 3152 1468 3200 sunt.
1501 3143 1692 3198 Timor
1729 3143 1874 3197 enim
1902 3142 1969 3194 ab
1993 3142 2092 3193 ho-

514 3244 757 3302 minibus
790 3243 1048 3296 incussus
1080 3237 1238 3294 nihili
1290 3236 1570 3302 putandus
1604 3245 1706 3300 est,
1756 3243 1943 3304 utpote
1973 3233 2092 3288 bre-

484 3337 752 3390 ‘x-issimaa
800 3332 1133 3388 durationis.
1165 3329 1222 3384 Si
1254 3329 1397 3384 enim
1431 3347 1450 3380 ‹
1491 3325 1653 3382 εΟριιιί
1682 3326 1894 3381 Domini
1934 3340 2099 3394 super

512 3432 738 3498 justos,
809 3435 863 3480 et
916 3439 1077 3478 aures
1131 3422 1254 3492 ejus
1309 3421 1365 3475 in
1401 3434 1591 3490 preces
1645 3433 1868 3483 eorum;
1935 3432 2101 3486 super

514 3530 694 3574 autem
759 3518 1023 3573 facientes
1075 3513 1432 3568 mala-vultus
1479 3512 1601 3582 ejus
1665 3531 1683 3564 ι
1724 3511 2141 3566 omnimodom.

516 3615 585 3679 iis
640 3611 922 3666 interitum
953 3607 1328 3669 comminans,
1371 3602 1637 3673 profecto,
1688 3603 1733 3658 si
1787 3602 1900 3656 haec
1956 3602 2098 3656 mala

517 3712 714 3768 mrent,
743 3714 995 3757 summus
1041 3698 1131 3752 ille
1176 3696 1444 3751 bonorum
1478 3693 1849 3764 dispensator,
1898 3708 2104 3762 nequa-

487 3780 677 3865 tuam
731 3809 831 3848 nos
865 3792 955 3862 qui
991 3792 1168 3861 ipsum
1195 3787 1504 3858 diligimus,
1540 3785 1693 3841 hisce
1740 3785 2099 3841 retribueret:

517 3891 570 3943 in
621 3888 768 3941 solos
823 3885 968 3939 enim
1019 3881 1191 3937 malos
1233 3881 1374 3934 mala
1433 3877 1702 3933 immittit.
1759 3875 1880 3931 Non
1935 3875 2104 3948 igitur

519 3981 673 4034 malae
729 3975 1016 4032 censenda:
1081 3979 1211 4029 sunt
1267 3970 1590 4026 alllictiones
1624 4008 1640 4035 ,
1699 3983 1824 4040 quae.
1881 3968 2104 4039 pietatis

521 4085 685 4126 causa
754 4069 1130 4140 perferuntur.
1168 4082 1185 4116 ι
1221 4062 1792 4118 Sanctitlcate-autem
1825 4058 1994 4114 Deum
2046 4059 2104 4115 in

519 4163 775 4217 cordibus
814 4159 1012 4214 vestris
1043 4157 1148 4222 ⁸⁸,ι
1190 4155 1508 4224 inquitcum
1537 4151 1697 4220 Isaia,
1730 4152 1836 4206 hoc
1859 4159 1975 4206 est:
2027 4149 2106 4207 Ne

519 4254 683 4307 rebus
712 4248 1102 4321 apparentibus
1154 4245 1318 4316 3'70
1369 4243 1718 4314 gloriemini,
1772 4244 1874 4298 sed
1917 4243 1972 4297 in
2013 4257 2104 4298 se-

519 4353 669 4399 creto
687 4342 868 4398 cordis
885 4338 1052 4394 vestri
1075 4335 1326 4393 conclavi
1347 4333 1842 4389 sanctiﬁcationem
1865 4332 2102 4402 Domini,

499 4448 640 4503 ‘qua:
668 4435 718 4488 in
750 4431 1075 4504 purgatione
1102 4445 1130 4484 a
1153 4427 1406 4492 maculis,
1433 4441 1527 4481 seu
1556 4439 1586 4479 a
1614 4426 1800 4495 pravis
1834 4424 2103 4491 moribus,

2123 3199 2170 3258 C

2186 1965 2552 2035 δικαιοσύνην,
2588 1965 2871 2036 μακάριοι.
2899 1965 3003 2018 Τὸν
3033 1965 3089 2020 δὲ
3113 1964 3278 2034 φόϐον
3327 1962 3511 2018 αὐτῶν
3555 1963 3630 2034 μὴ
3680 1980 3764 2032 φο-

2189 2057 2391 2128 ϐηθῆτε
2413 2057 2546 2128 μηδὲ
2564 2057 2896 2128 ταραχθῆτε.
2932 2057 3133 2128 Κύριον
3157 2056 3214 2110 δὲ
3239 2055 3329 2110 τὸν
3352 2055 3482 2108 Θεὸν
3511 2055 3778 2122 ἁγιάσατε

2191 2151 2248 2202 ἐν
2275 2151 2394 2213 ταῖς
2425 2148 2671 2218 καρδίαις
2703 2149 2914 2218 ὑμῶν.»
2957 2147 3456 2220 Συμπερανάμενος
3493 2146 3592 2218 τὴν
3639 2162 3780 2214 προο

2192 2228 2427 2312 φητικῆν
2457 2241 2676 2311 χρῆσιν,
2709 2242 2831 2293 ἐπεὶ
2859 2241 2917 2294 ἐν
2953 2242 3089 2310 αὐτῇ
3113 2241 3224 2307 τὸ,ι
3246 2238 3548 2313 Ὀφθαλμώ⁵
3574 2239 3779 2309 Κυρίου

2194 2332 2285 2384 ἐπὶ
2314 2332 2580 2397 δικαίους,
2609 2350 2626 2383 ι
2669 2330 2942 2400 ἔγκειται,
2973 2331 3072 2386 καὶ
3101 2331 3182 2396 τὸ,
3215 2332 3538 2402 ιπρόσωπον
3567 2330 3779 2402 Κυρίου

2193 2421 2284 2473 ἐπὶ
2315 2420 2601 2483 ποιοῦντας
2635 2421 2803 2482 κακὰ,
2832 2439 2848 2470 ι
2883 2419 3095 2481 τούτοις
3142 2419 3416 2490 ἐπιφέρει,
3445 2420 3527 2473 ὅτι
3585 2419 3646 2473 ΕΞ
3680 2417 3779 2471 οὕ-

2193 2529 2270 2564 τω
2309 2511 2624 2582 διαϐιῲητε,
2662 2513 2866 2583 εὐμενῆ
2891 2512 3044 2577 ἓξετε
3071 2512 3162 2566 τὸν
3213 2512 3347 2565 Θεὸν
3377 2513 3471 2565 καὶ
3528 2512 3777 2581 εὑήκοον.

2195 2595 2270 2654 Οἵ)
2332 2603 2641 2670 γεγονότος,
2697 2601 2779 2666 τίς
2855 2601 3180 2666 κακωτικῶς
3249 2603 3378 2673 ὑμῖν
3417 2603 3778 2677 ἐπενεχθείης

2199 2693 2384 2747 Πάντα
2431 2694 2539 2764 γὰρ
2590 2695 2646 2748 ἐν
2706 2695 2850 2765 χειρὶ
2906 2695 3095 2760 αὐτοῦ,
3151 2694 3397 2760 Θάνατος,
3441 2693 3577 2765 ζωή.
3633 2694 3779 2764 Πλὴν

2196 2785 2381 2855 ἐπειδή
2443 2802 2584 2838 τισιν
2643 2787 2699 2840 αἱ
2729 2787 3099 2858 περιστάσεις,
3158 2787 3216 2840 αἱ
3273 2786 3360 2839 διὰ
3423 2785 3522 2858 τὴν
3573 2785 3780 2851 πίστιν,

2157 2877 2348 2960 ,κακὰ
2399 2877 2617 2932 ἐδόκουν
2648 2918 2662 2942 ,
2715 2878 3182 2950 ἐπανορθούμενος
3254 2878 3426 2935 ταῦτα
3491 2878 3519 2929 ὁ
3575 2879 3784 2947 Πέτρος

2201 2972 2365 3043 φησί’
2394 2972 2486 3043 Μὴ
2515 2970 2803 3039 λογίζεσθε
2836 2971 3011 3029 ταῦτα
3040 2971 3207 3034 κακὰ,
3239 2972 3288 3024 εἰ
3315 2972 3390 3042 μὴ
3422 2969 3517 3024 καὶ
3542 2986 3781 3040 μακαρι-

2203 3063 2343 3136 σμοῦ
2380 3063 2528 3129 ἄξια.
2592 3064 2650 3118 Ὀ
2725 3065 2832 3136 γὰρ
2875 3064 2937 3132 ἐξ
2996 3065 3298 3135 ἀνθρώπων
3355 3063 3517 3131 φόϐος
3571 3061 3785 3124 οὐδενὸς

2201 3155 2361 3225 λόγου
2401 3155 2570 3222 ἄξιος,
2603 3154 2717 3208 ἀλλ’
2753 3156 3052 3226 ἐφήμερος.
3086 3156 3148 3210 El
3178 3156 3285 3227 γὰρ
3312 3173 3330 3207 ι
3364 3153 3638 3225 ὀφθαλμοὶ
3669 3154 3781 3209 Κυ-

2203 3247 2318 3318 ρίου
2353 3247 2445 3299 ὲπὶ
2476 3246 2739 3312 δικαίους,
2775 3248 2870 3301 καὶ
2901 3240 3014 3301 ὦτα
3037 3246 3203 3302 αὐτοῦ
3229 3249 3308 3310 είς
3327 3237 3514 3315 δέησιν
3558 3247 3738 3301 αὐτῶν
3764 3261 3779 3277 ⁸

2199 3339 2292 3392 ἐπὶ
2321 3338 2377 3391 δὲ
2403 3339 2529 3401 τοὺς
2564 3338 2854 3403 ποιοῦντας
2911 3337 3057 3392 κακὰ
3090 3339 3150 3392 τὸ
3202 3337 3492 3409 πρόσωπον
3540 3334 3727 3400 αὐτοῦ,
3759 3353 3779 3388 ι

2201 3429 2478 3485 ἀπώλειαν
2507 3430 2839 3484 ἐπαπειλοῦν
2887 3435 2999 3495 τοῖς
3028 3433 3216 3494 κακοῖς
3242 3447 3255 3461 ·
3290 3418 3508 3491 πάντως
3543 3429 3591 3482 εί
3636 3427 3785 3482 κακὰ

2173 3523 2402 3602 nam,
2445 3523 2546 3574 οὐκ
2603 3521 2670 3575 ἂν
2719 3523 2748 3574 ὁ
2793 3523 2902 3575 τῶν
2943 3522 3164 3592 ἀγαθῶν
3212 3521 3418 3593 ταμίας
3467 3521 3614 3590 ἡμᾶς
3657 3520 3786 3583 τοὺς

2203 3612 2602 3682 ἁγαττωμὲνους
2629 3611 2780 3682 αὐτῷ
2803 3615 2993 3674 κακοῖς
3026 3613 3409 3683 ἀντημείϐετο.
3438 3611 3520 3666 Τὰ
3544 3615 3652 3681 γὰρ
3681 3629 3788 3664 κα-

2205 3707 2276 3760 κὰ
2305 3708 2415 3768 τοῖς
2446 3707 2638 3769 κακοῖς
2679 3705 3054 3776 καταπέμπει.
3099 3707 3261 3760 Ὥστε
3301 3707 3362 3760 οὐ
3423 3705 3594 3760 κακαὶ
3616 3706 3670 3758 αί
3699 3704 3789 3763 διὰ

2204 3797 2302 3867 τὴν
2325 3796 2610 3854 εὐσέϐειαν
2645 3796 2872 3868 θλίψεις,
2917 3818 2934 3851 ι
2959 3798 3238 3868 Ἀγιάζειν
3259 3801 3316 3854 δέ
3344 3799 3436 3853 τὸν
3474 3800 3678 3868 Κύριον
3727 3800 3788 3851 ἐν

2204 3890 2324 3951 ταῖς
2361 3887 2613 3958 καρδίαις
2641 3905 2659 3938 ›
2701 3889 2838 3958 μετὰ
2881 3888 3106 3944 Ἡσαΐου
3153 3891 3614 3962 παρακελεύεται·
3642 3889 3790 3944 τοῦτ’

2177 3977 2341 4046 ἐστι,
2372 3978 2465 4048 Μὴ
2498 3980 2608 4041 τοῖς
2631 3979 2974 4049 φαινομένοις
3005 3980 3458 4052 μεγαλαυχεῖσθε,
3481 3982 3595 4035 ἀλλ’
3626 3982 3684 4034 ἐν
3709 3979 3791 4052 τῷ

2207 4066 2490 4142 [κρυπτῷ]
2535 4070 2635 4139 τῆς
2694 4071 2919 4142 καρδίας
2966 4075 3199 4144 ταμιείῳ
3225 4073 3378 4144 ὑμῶν
3410 4073 3789 4144 τδνὰγιασμδν

2205 4158 2599 4229 ἐνεργήσαντες
2653 4160 2748 4215 τοῦ
2807 4161 3038 4232 Κυρίου,
3075 4161 3133 4226 ὃς
3161 4142 3218 4215 ἐν
3247 4142 3326 4234 τῷ
3348 4162 3458 4221 ἀπὸ
3517 4142 3628 4220 τῶν
3658 4142 3790 4232 μίια-

2209 4246 2456 4318 σμάτων,
2493 4248 2612 4318 ἦτοι
2647 4248 2757 4303 τῶν
2807 4249 3062 4321 πονηρῶν
3107 4250 3246 4304 ἐθῶν
3270 4293 3286 4320 ,
3347 4252 3640 4324 ἀφορισμῷ
3678 4251 3788 4305 τῶν

2205 4339 2377 4394 ἐθνῶν
2407 4341 2770 4410 περιγίνεται,
2797 4341 2967 4405 οὕτως
2991 4343 3151 4397 αὐτὸν
3179 4362 3196 4394 ι
3229 4344 3516 4412 ἁγιάσατε.
3547 4363 3564 4398 ι
3600 4345 3787 4412 Ἀγιᾶ-

2209 4431 2363 4494 ζεται
2393 4431 2447 4483 δὲ
2478 4431 2566 4484 διὰ
2598 4435 2694 4501 τῆς
2723 4432 2894 4502 καλῆς
2927 4434 3081 4504 ὑμῶν
3113 4435 3489 4508 ἀναστροφῆς,
3533 4435 3783 4507 δοξαζόν·

521 4532 799 4595 ronsistit,
835 4527 1210 4588 elaborantes,
1269 4525 1343 4578 ita
1379 4523 1556 4593 ipsum
1595 4541 1613 4574 ι
1657 4520 2040 4577 sanctificate:
2075 4539 2096 4573 ι

2208 4535 2318 4571 των
2349 4519 2512 4572 αὑτὸν
2551 4520 2659 4574 τῶν
2700 4520 2878 4576 ἄλλων
2939 4522 3266 4592 ἀνθρώπων,
3301 4525 3375 4588 ὠς
3409 4527 3503 4582 καὶ
3556 4527 3717 4588 αὐτὸς
3763 4527 3793 4578 ὁ

521 4624 750 4688 scilicet,
783 4621 920 4676 bona
951 4616 1369 4674 conversatione
1401 4621 1580 4668 vestra
1610 4611 1830 4678 ellicite,
1871 4619 1950 4679 ut,
1980 4610 2103 4683 qui-

521 4731 739 4784 runquc
757 4727 852 4768 vos
879 4710 1140 4775 viderint,
1167 4723 1291 4763 eum
1323 4705 1672 4777 glorificent:
1707 4704 1852 4774 quod
1878 4712 1932 4760 et
1965 4703 2104 4759 divi-

521 4823 625 4860 nus
650 4804 904 4873 Magister
938 4800 1206 4871 praecipit,
1231 4799 1360 4851 dum
1385 4797 1458 4851 ait
1488 4797 1578 4847 ηε
1618 4813 1637 4848 ‹
1677 4794 1881 4850 Luceat
1917 4804 1972 4851 et
2010 4795 2104 4850 lux

524 4907 700 4950 vestra
729 4908 914 4949 coram
953 4891 1291 4955 hominibus,
1327 4897 1386 4942 ut
1433 4887 1658 4944 videant
1705 4903 1867 4958 opera
1919 4898 2102 4943 vestra

524 4993 686 5052 bona,
724 5006 742 5038 ι
778 4997 882 5042 etc.

593 5079 763 5134 Vsus.
799 5077 886 5143 15,
921 5075 1061 5130 16.·ι
1102 5074 1284 5130 Parati
1318 5091 1532 5146 semper
1567 5073 1632 5126 ad
1669 5070 2100 5126 satisfactionem

523 5174 672 5227 omni
704 5171 955 5243 poscenti
983 5185 1081 5225 vos
1116 5171 1388 5224 rationem
1416 5169 1483 5224 de
1511 5183 1573 5223 ca
1607 5165 1811 5236 quaain
1838 5165 1994 5220 vobis
2018 5172 2106 5217 est

524 5281 640 5334 spe.
691 5263 798 5318 Sed
845 5278 968 5318 cum
1023 5260 1287 5316 modestia
1335 5269 1388 5314 et
1457 5259 1654 5312 timore
1707 5255 2100 5310 conscientiam

507 5357 788 5411 labentes
841 5355 1040 5409 bonam
1075 5371 1088 5404 :
1123 5361 1182 5406 ut
1211 5353 1265 5406 in
1301 5367 1366 5406 eo
1401 5351 1546 5421 quod
1583 5349 1885 5405 detrahunt
1921 5349 2101 5415 vobis,

525 5448 958 5512 confundantur,
987 5446 1081 5515 qui
1115 5442 1526 5499 calumniantur
1550 5453 1784 5495 vestram
1821 5440 2016 5494 bonam
2048 5439 2101 5493 in

523 5536 1264 5595 Cluistoconversationem.
1309 5549 1327 5584 ι
1361 5529 1498 5587 Illud
1534 5550 1552 5582 ι
1577 5528 1756 5583 Parati
1787 5529 1852 5582 ad
1884 5526 2103 5583 satisfa-

529 5631 786 5685 ctionem.
824 5647 841 5681 ι
875 5637 982 5684 etc.
1038 5640 1163 5680 cum
1206 5638 1294 5690 eo,
1329 5640 1348 5674 ι
1402 5630 1456 5678 et
1483 5623 1677 5676 timore
1705 5619 2101 5676 conscientiam

619 5808 660 5840 “
697 5807 799 5860 lsa.
824 5821 936 5874 vni,
967 5805 1049 5858 l3.
1141 5803 1186 5834 "
1210 5801 1397 5857 Matth.
1428 5816 1479 5867 v,
1514 5799 1601 5852 lG.

2207 4610 2571 4681 Θεάνθρωπος
2595 4613 2969 4683 παραγγέλλει
2993 4630 3007 4645 ο
3049 4633 3067 4666 ι
3104 4614 3261 4669 Οὖτω
3286 4615 3556 4687 λαμψάτω
3587 4617 3646 4672 τὸ
3675 4615 3794 4686 φῶς

2209 4703 2364 4772 ὑμῶν
2395 4702 2707 4773 ἔμπροσθεν
2736 4705 2844 4758 τῶν
2870 4705 3195 4777 ἀνθρώπων,
3228 4709 3372 4772 ὅπως
3403 4708 3553 4764 ἴδωσι
3585 4706 3654 4765 τὰ
3694 4725 3793 4761 κα-

2207 4796 2274 4850 λὰ
2318 4795 2470 4865 ὑμῶν
2501 4795 2692 4867 ἔργα.»

2296 5072 2574 5141 ι”Ετοιμοι
2591 5071 2647 5127 δὲ
2673 5071 2760 5126 ἀεὶ
2781 5073 2916 5143 πρὸς
2944 5075 3244 5145 ἀπολογίαν
3269 5080 3432 5132 παντὶ
3455 5080 3532 5149 τῷ
3549 5079 3794 5134 αἰτοῦντι

2212 5164 2358 5234 ὑμᾶς
2399 5164 2556 5231 λόγον
2598 5164 2860 5235 περὶτῆς
2916 5167 2974 5218 ἐν
3004 5167 3132 5238 ὑμῖν
3171 5171 3408 5239 ἐλπίδος,
3472 5172 3607 5226 ἀλλὰ
3655 5175 3796 5244 μετᾶ

2207 5255 2523 5324 πραΰτητος
2557 5255 2650 5308 καὶ
2685 5255 2853 5322 φόϐου
2918 5259 3224 5329 συνείδησιν
3285 5261 3498 5331 ἔχοντες
3536 5263 3748 5334 ἀγαθήν
3776 5281 3792 5296 ·

2210 5348 2296 5400 ἵνα
2322 5351 2379 5399 ἐν
2411 5339 2456 5414 ᾧ
2486 5345 2859 5400 καταλαλῶσιν
2890 5349 3045 5419 ὑμῶν
3087 5352 3164 5416 ὠς
3206 5355 3535 5418 κακοποιῶν,
3602 5373 3796 5410 καται-

2214 5435 2515 5506 σχυνθῶσιν
2571 5435 2619 5486 οἱ
2673 5436 3075 5506 ἐπηρεάζοντες
3129 5441 3284 5511 ὑμῶν
3335 5441 3435 5513 τὴν
3469 5443 3680 5513 ἀγαθὴν
3731 5446 3794 5495 ἐν

2212 5526 2432 5598 Χριστῷ
2469 5527 2837 5600 ἀναστροφήν.
2877 5547 2896 5580 ι
2932 5530 3004 5582 Τὸ
3045 5531 3124 5594 δέ,
3155 5532 3436 5604 ι”Ετοιμοι
3471 5533 3608 5604 πρὸς
3657 5536 3796 5588 ἁπο-

2213 5621 2453 5690 λογίαν,ι
2482 5621 2576 5675 καὶ
2596 5620 2666 5674 τὰ
2702 5619 2851 5690 ἑξῆς,
2905 5625 3043 5692 μετὰ
3074 5623 3166 5678 καὶ
3203 5623 3299 5680 τοῦ
3343 5625 3543 5697 πρᾶξιν
3595 5622 3796 5684 ἐπιδει-
