4120 6410
367 453 506 517 1233

1088 450 1493 516 Exeost't'to
1520 452 1607 517 IN
1634 452 1868 519 EPIS’I‘.
1908 455 2021 520 ts.
2060 427 2316 521 reret.
2348 484 2417 496 --
2455 461 2612 522 car.
2647 461 2768 521 In.

3478 461 3613 524 123$

365 568 627 644 {fw-1:00]
656 571 888 642 δωρεᾶς,
917 570 1033 624 ἀλλ’
1063 570 1285 635 ἐπάξιον
1315 572 1509 628 ἑαυτὸν
1539 574 1800 646 παρέχειν
1838 577 1939 648 τῆς
1973 623 1977 636 ,

2058 578 2193 649 [υιιιιι
2244 578 2455 635 ratione
2517 579 2960 649 prmditiesscnt)
3001 578 3205 635 donum
3267 597 3295 634 ιι
3355 598 3615 652 supremo

368 661 459 715 τοῦ
484 661 777 723 δεδωκότος
805 660 1163 734 ἀγαθότητος.

444 866 463 899 ι
492 845 855 918 ’Δπειθὴσασί
882 863 1013 901 ποτε
1058 848 1147 902 ὅτε
1177 849 1533 921 ἀπεξεδέχετο
1588 851 1621 921 ἡ
1660 850 1757 905 τοῦ
1804 851 1943 905 Θεοῦ

378 938 732 1010 μακροθυμία
776 941 836 994 ἐν
900 941 1138 1011 ἡμέραις
1192 941 1314 994 Νῶε
1391 943 1946 1013 κατασκευαζομένης

367 1030 471 1099 τῆς
505 1030 762 1096 κιϐωτοῦ,
792 1032 872 1095 είς
904 1032 971 1102 ἦν
992 1031 1194 1100 ὀλίγαι,
1226 1033 1374 1086 τοῦτ’
1408 1033 1559 1089 ἔστιν
1589 1035 1737 1088 ὀκτὼ
1777 1036 1947 1106 ψυχαὶ

366 1121 706 1193 διεσώθησαν
730 1122 798 1176 δι’
843 1122 1090 1186 ὕδατος.»
1126 1123 1303 1177 Τοῦτο
1359 1124 1521 1192 ἔθηκε
1564 1126 1709 1180 λύων
1734 1127 1948 1181 ἀντίθε-

371 1215 458 1266 σίν
492 1230 616 1269 τινα
639 1231 653 1248 ·
683 1213 832 1276 εἰκὸς
886 1216 995 1285 γὰρ
1031 1216 1176 1285 ἐρεῖν
1232 1232 1354 1270 τινα
1380 1231 1395 1248 ⁸
1430 1217 1543 1271 Καὶ
1590 1216 1738 1281 τίνος
1786 1217 1947 1273 ἄλλου

369 1303 706 1375 κηρύξαντος
732 1305 839 1376 πρὸ
862 1305 958 1359 τοῦ
998 1306 1261 1376 Χριστοῦ,
1287 1302 1407 1361 εἶτα
1459 1308 1510 1360 oi
1548 1307 1949 1379 ἀπειθήσαντες

371 1394 815 1467 κατεκρίθησαν;
848 1396 958 1449 Καὶ
1026 1397 1167 1466 ἔχων
1208 1397 1365 1451 τοῦτο
1437 1398 1694 1469 ἑτοέμως,
1723 1400 1798 1462 ὡς
1858 1400 1951 1452 καὶ

370 1484 605 1552 Παῦλος,
657 1485 767 1540 ἀπὸ
807 1485 918 1540 τῶν
975 1488 1412 1558 κατεπαρμένων
1462 1483 1835 1562 [[.κατεπηρ.]
1892 1491 1952 1544 ὲν

350 1579 506 1649 οὗμῖν
533 1578 770 1647 λογικῶν
806 1579 1092 1649 δυνάμεων
1139 1581 1459 1650 ἀπελέγξαι,
1483 1583 1541 1636 οὐ
1581 1583 1742 1637 τοῦτο
1783 1586 1948 1639 ποιεῖ.

370 1671 626 1742 Κριτικοὶ
657 1671 768 1743 γὰρ
802 1672 901 1726 τοῦ
935 1672 1105 1727 καλοῦ
1140 1674 1234 1727 καὶ
1262 1673 1357 1728 τοῦ
1427 1675 1606 1729 κακοῦ
1642 1677 1950 1746 γεγονότες,

369 1759 489 1817 εἶτα
521 1762 596 1834 μὴ
630 1762 692 1817 τὸ
716 1763 919 1832 ἀγαθόν
941 1764 1334 1835 ἐργασάμενοι,
1380 1767 1760 1837 κατακρίσεως
1815 1766 1955 1831 ἄξοι

367 1856 420 1908 οἱ
454 1852 708 1909 τοιοῦτοι.
735 1857 849 1925 υύχ
866 1855 1012 1910 οὓτω
1034 1855 1091 1909 δὲ
1118 1856 1356 1927 πρόεισι.
1384 1857 1480 1910 Διά
1498 1857 1555 1910 τί
1584 1874 1602 1922 ;
1627 1858 1752 1912 Ὀτι
1775 1860 1956 1929 κρείτ-

2046 669 2272 726 Factore
2330 671 2562 739 benigne
2613 686 2937 728 concessum
3004 682 3148 727 rette
3208 673 3510 741 possidere,
3564 689 3614 730 et

2045 763 2256 830 seipsos
2291 763 2473 817 dantis
2496 763 2740 818 bonitate
2764 763 2959 834 dignos
2985 774 3262 833 praestare.

2122 853 2405 909 Vens.‘20.
2463 873 2481 906 ι
2521 854 2625 921 Qui
2685 856 2952 911 increduli
3017 855 3233 911 fuerant
3292 857 3615 927 aliquando.

2046 944 2268 1013 quando
2302 946 2697 1014 exspectabant
2748 946 2841 1001 Dei
2904 945 3228 1015 patientiam
3301 947 3358 1000 in
3423 947 3616 1000 diebus

2050 1035 2182 1102 Noe,
2220 1053 2342 1091 cum
2381 1038 2749 1093 fabricam-tur
2778 1054 2937 1093 arca:
2979 1039 3029 1093 in
3054 1056 3162 1109 qua
3205 1040 3388 1109 pauci,
3420 1039 3471 1093 id
3513 1054 3618 1104 est,

2048 1141 2175 1184 octo
2204 1131 2400 1184 anima:
2431 1131 2597 1186 salvae
2637 1130 2794 1185 faetze
2826 1140 2955 1186 sunt
3010 1148 3106 1200 per
3159 1147 3378 1200 aquam.
3430 1151 3448 1185 ι
3496 1131 3617 1186 lian-

2050 1220 2245 1285 addit,
2309 1230 2367 1274 ut
2415 1221 2635 1276 tacitam
2685 1222 3048 1285 ohjeetionem
3118 1222 3368 1277 elideret.
3436 1221 3617 1277 Facili-

2048 1314 2193 1369 enim
2226 1327 2417 1383 rogare
2439 1313 2563 1383 quis
2626 1311 3104 1384 poteratzEt-quis
3151 1323 3278 1370 ante
3335 1314 3616 1369 Christum

2052 1406 2390 1476 praedicavit,
2423 1414 2485 1473 ut
2512 1407 2604 1477 qui
2633 1404 2681 1461 ei
2728 1423 2833 1460 non
2865 1408 3246 1472 credidissent,
3285 1407 3621 1462 condemna-

2054 1498 2286 1551 rentur?
2340 1496 2592 1569 Cumque
2639 1498 2691 1553 in
2749 1510 3001 1567 promptu
3064 1498 3288 1554 haberet
3317 1514 3462 1564 eam,
3517 1515 3622 1568 qua

2054 1589 2256 1644 Paulus
2284 1605 2505 1661 quoque
2529 1606 2663 1646 usus
2690 1601 2795 1654 est,
2829 1591 3271 1660 responsionem,
3309 1606 3523 1661 nempe.
3555 1590 3619 1659 ad

2057 1679 2108 1734 id
2134 1680 2361 1735 insitum
2394 1680 2557 1737 nobis
2583 1681 2818 1737 rationis
2859 1681 3043 1735 lumen
3079 1682 3216 1736 satis
3247 1696 3405 1742 esse;
3443 1696 3619 1751 quan-

2056 1768 2347 1839 doquidem
2380 1771 2473 1840 qui
2507 1770 2709 1826 bonum
2752 1788 2779 1826 a
2809 1772 2952 1827 malo
2980 1770 3301 1828 secernendi
3369 1770 3624 1825 facultate

2055 1858 2241 1914 donati
2273 1869 2425 1928 sunt,
2465 1861 2501 1914 ii
2540 1860 2810 1931 profectu,
2844 1863 2890 1916 si
2920 1862 3124 1919 bonum
3150 1879 3260 1918 non
3304 1870 3624 1933 operentur,

369 1965 523 2012 τονος
547 1948 707 2017 λόγου
740 1948 903 2003 τοῦτο
936 1950 1028 2003 καὶ
1050 1949 1341 2019 φιλοσόφου
1372 1949 1632 2021 ἐχόμενον
1666 1950 1953 2021 λογισμοῦ,

2058 1951 2516 2007 condemnatione
2538 1959 2669 2008 sunt
2694 1953 2880 2023 digni:
2944 1967 3007 2007 ea
3040 1965 3223 2007 tamen
3283 1954 3362 2008 uti
3430 1954 3625 2009 noluit.

370 2040 404 2100 ἢ
448 2039 590 2093 κατά
623 2039 898 2094 Ἰουδαέων
927 2040 1168 2094 διάνοιαν
1199 2042 1541 2111 χαμαιπετῆ.
1568 2040 1704 2095 Ἀπ’)
1739 2042 1796 2095 δὲ
1853 2044 1954 2111 τῆς

372 2133 596 2204 Γραφῆς
618 2132 721 2201 τὴν
767 2130 1052 2185 ἀπείθειαν
1094 2130 1405 2197 πιστοῦται,
1440 2132 1533 2184 καὶ
1561 2131 1663 2185 οὐκ
1716 2131 1822 2185 ἀπὸ
1848 2130 1955 2185 τῶν

371 2224 581 2294 χῴνων
633 2223 745 2278 τῶν
800 2221 1182 2292 προφητικῶν,
1250 2221 1368 2276 ἀλλ’
1412 2221 1508 2277 ἀπ’
1564 2222 1736 2294 αὐτῆς
1770 2224 1957 2294 σχεδὸν

368 2320 471 2386 τῆς
504 2317 880 2387 κοσμοποιίας.
905 2307 1107 2385 ’Λφ“οὗ
1155 2314 1505 2386 παρέστησεν
1532 2313 1608 2380 ὡς
1672 2315 1731 2381 ἐξ
1779 2316 1956 2388 ἀρχῆς

372 2409 717 2480 ἑκηρύσσετο
780 2409 1091 2479 ἀνθρώποις
1128 2411 1161 2480 ἡ
1216 2408 1496 2479 σωτηρία,
1538 2411 1868 2482 παρεωρᾶτο
1899 2408 1958 2463 δὲ

372 2506 439 2572 τῇ
465 2503 601 2573 πρὸς
628 2504 694 2556 τά
732 2504 937 2573 μάταια
980 2502 1161 2556 αὐτῶν
1188 2502 1499 2558 ἀποκλίσει.
1538 2502 1956 2574 Ἀναριθμήτων

373 2593 483 2661 γὰρ
517 2592 690 2645 ὄντων
717 2591 1026 2662 ἀνθρώπων
1054 2590 1176 2646 κατ’
1204 2592 1380 2646 ἐκεῖνο
1405 2591 1624 2663 καιροῦ,
1661 2592 1814 2663 μόνοι
1861 2592 1959 2646 6x-

375 2682 455 2735 τὼ
476 2682 754 2753 ἄνθρωποι
780 2683 1096 2747 πεισθέντες
1121 2685 1236 2748 τοῖς
1265 2683 1701 2755 κηρυσσομένοις
1729 2683 1819 2738 διὰ
1857 2684 1955 2754 τῆς

379 2775 726 2846 κατασκευῆς
757 2775 862 2840 τῆς
913 2775 1150 2830 κιϐωτοῦ
1203 2774 1507 2847 ἐσώθησαν,
1545 2774 1767 2847 Ἐπειδὴ
1809 2773 1867 2830 δὲ
1895 2777 1955 2831 ὲν

376 2866 530 2922 ὕδατι
555 2868 589 2937 ἡ
609 2867 877 2939 σωτηρία,
901 2867 1135 2933 εὐθέτως
1160 2868 1319 2923 τοῦτο
1349 2868 1443 2921 ἐπὶ
1467 2867 1562 2922 τοῦ
1584 2867 1741 2937 ἀγίου
1768 2868 1961 2939 βαπτί-

389 2977 598 3031 σματος
628 2961 920 3032 λαμϐάνει,
952 2959 1046 3014 καί
1071 2976 1259 3030 φησιν,
1289 2959 1373 3014 ὅτι
1396 2958 1471 3014 Τὸ
1494 2958 1637 3030 ὕδωρ
1669 2959 1848 3014 ὲκεῖνο
1897 2960 1961 3015 τὸ

378 3051 667 3124 βάπτισμα
703 3054 838 3123 ἡμῖν
866 3052 1224 3125 ὑπῃνίσσετο,
1255 3051 1379 3105 ἐπεὶ
1415 3051 1507 3105 καὶ
1552 3048 1713 3104 τοῦτο
1759 3053 1957 3106 ἐναπο-

375 3142 559 3212 πνίγει
593 3142 721 3206 τοὺς
755 3140 1122 3205 ἀπειθοῦντας
1146 3140 1430 3211 δαίμονας,
1479 3140 1574 3194 καὶ
1615 3138 1778 3204 σώζει
1830 3140 1959 3205 τοὺς

376 3234 589 3299 πιστῶς
619 3233 948 3305 προσιόντας
972 3233 1039 3303 τῇ
1074 3230 1311 3301 κιϐωτῷ,
1336 3232 1499 3302 ῆτουν
1517 3233 1584 3301 τῇ
1625 3231 1951 3304 Ἐκκλησίᾳο

2055 2041 2168 2095 Cur
2197 2042 2361 2098 vero?
2387 2041 2526 2109 Quia
2580 2043 2955 2103 sublimiorem
2988 2054 3040 2099 et
3071 2043 3238 2099 nimis
3284 2043 3627 2115 philosophi-

2057 2132 2347 2189 camillam
2400 2133 2652 2205 putabat,
2693 2149 2853 2203 quam
2908 2142 2966 2189 ιιι
3014 2132 3326 2188 Juxlteorum
3382 2134 3625 2204 ingenio,

2056 2225 2201 2293 quod
2238 2223 2390 2278 humi
2425 2224 2668 2295 repebat,
2696 2226 3106 2281 accommodata
3144 2227 3305 2282 foret.
3363 2227 3532 2299 Igitur
3558 2246 3624 2283 ex

2058 2311 2351 2381 Scriptura
2376 2312 2748 2369 infidelitatem
2782 2330 2900 2370 eam
2928 2315 3150 2381 astruit,
3190 2326 3244 2371 et
3270 2332 3377 2371 non
3403 2317 3624 2389 quidem

2059 2418 2088 2457 a
2114 2404 2504 2473 prophetarum
2531 2406 2889 2477 temporibus.
2915 2407 3011 2463 sed
3039 2407 3108 2465 ab
3137 2409 3249 2480 ipsa
3276 2424 3412 2478 pene
3441 2410 3627 2464 mundi

2058 2490 2396 2552 conditione.
2430 2496 2507 2552 Ex
2541 2512 2650 2568 quo
2681 2498 3046 2566 demonstrat,
3080 2500 3247 2554 etiam
3297 2514 3328 2554 a
3360 2502 3632 2572 principio

2060 2588 2440 2644 annuntiatam
2525 2589 2710 2645 fuisse
2782 2590 3099 2648 hominibus
3159 2592 3392 2647 salutent
3448 2633 3463 2657 ,
3535 2594 3628 2649 sed

2061 2678 2342 2749 deSpectui
2386 2680 2626 2735 habitam
2651 2681 2721 2736 ob
2753 2696 2942 2737 eorum
2967 2681 3033 2736 ad
3066 2696 3205 2736 vana
3228 2682 3627 2739 oblectamenta

2064 2768 2498 2825 inclinationem.
2560 2769 2697 2825 Cum
2744 2770 2891 2826 enim
2954 2770 3384 2826 innumerabiles
3434 2785 3528 2842 per
3578 2772 3628 2824 id

2065 2869 2277 2930 tempus
2304 2859 2507 2927 forent,
2540 2872 2665 2919 octo
2712 2869 2893 2918 tamen
2947 2862 3072 2928 soli,
3115 2863 3209 2933 qui
3259 2877 3454 2931 netnpe
3493 2878 3631 2933 pra»

2061 2951 2326 3008 dicatiuni
2359 2953 2737 3016 crediderunt,
2764 2952 2903 3010 salvi
2937 2968 3032 3025 per
3090 2968 3272 3008 arcam
3310 2951 3439 3007 facti
3478 2960 3609 3006 sum
3660 3024 3663 3025 ν

2060 3044 2331 3111 Quoniam
2360 3059 2490 3101 vero
2549 3043 2655 3100 hoc
2710 3044 2764 3099 in
2797 3059 2938 3116 aqua
2967 3044 3218 3115 contigit,
3276 3042 3524 3115 apposite
3554 3044 3620 3096 ad

2063 3136 2333 3207 baptisma
2358 3136 2527 3192 refert
2554 3137 2759 3207 aitque,
2797 3136 2943 3194 istud
2968 3137 3037 3193 ab
3068 3136 3158 3192 illa
3202 3150 3344 3207 aqua
3389 3133 3629 3192 subindi-

2063 3237 2245 3284 catum
2281 3228 2638 3285 fuisseenam
2685 3239 2740 3286 et
2798 3229 2903 3285 hoc
2948 3237 3302 3284 contumaces
3357 3227 3633 3282 daemones

378 3329 504 3401 ἅμα
532 3297 590 3382 δέ
620 3297 716 3381 καὶ
742 3328 849 3393 ὅτι,
886 3297 1077 3396 ὥσπερ
1102 3324 1164 3377 τὸ
1211 3297 1370 3393 ὕδωρ.
1392 3297 1687 3389 ἀποκλύζει
1739 3297 1832 3377 τὸν
1862 3297 1960 3393 ῥύ-

2066 3319 2318 3390 perimit;
2372 3320 2549 3375 salvat
2603 3330 2783 3375 autem
2842 3334 2972 3385 eos,
3035 3320 3126 3390 qui
3194 3334 3290 3389 per
3349 3317 3508 3373 fidem
3566 3321 3631 3370 ad

379 3436 505 3486 πον,
538 3418 683 3475 οὓτω
707 3419 801 3474 καὶ
834 3418 897 3471 τὺ
921 3417 1205 3489 βάπτισμα
1229 3431 1242 3445 ⁸
1274 3412 1391 3468 ἀλλ’
1418 3416 1479 3467 ού
1530 3414 1731 3487 σαρκὸς
1783 3414 1959 3486 ῥύπου

282 3578 292 3586 ,
382 3513 647 3570 ἀπόθεσιν
675 3510 971 3583 ἐργάζεται
993 3507 1174 3573 τοῦτο,
1217 3506 1562 3578 ωμὸολικῶς
1592 3506 1651 3560 δὲ
1702 3505 1802 3577 τὴν
1859 3506 1960 3577 τῆς

375 3608 617 3679 ψυχικῆς
646 3605 863 3676 κηλίδος
887 3602 1211 3658 ἀπόκλυσιν.
1242 3601 1400 3653 Ἔστι
1428 3598 1486 3652 δὲ
1539 3596 1636 3651 καὶ
1661 3597 1825 3652 οἱονεί
1874 3614 1961 3662 τις

379 3698 645 3772 ἀρραϐὼν
678 3699 772 3752 καὶ
794 3696 1066 3768 ἐνέχειρον
1093 3697 1192 3766 τῆς
1223 3694 1359 3765 πρὸς
1382 3691 1517 3746 Θεὸν
1543 3693 1754 3761 ἀγαθῆς
1786 3707 1961 3745 aovat-

380 3791 612 3861 δήσεως.

459 3900 479 3934 ι
531 3883 596 3933 Ὀ
626 3877 918 3934 ἀντίτυπον
969 3876 1064 3930 νῦν
1108 3873 1274 3942 σώζει
1319 3874 1414 3928 καὶ
1444 3874 1593 3946 ἡμᾶς
1644 3871 1953 3945 βάπτισμα.

384 3976 463 4029 Οὔ
490 3974 600 4045 γάρ
637 3970 841 4044 σαρκὸς
874 3968 1134 4031 ἀπόθεσις
1178 3966 1377 4040 ῥύπου,
1428 3965 1564 4021 ἀλλά
1603 3966 1960 4035 συνειδήσεως

383 4065 595 4136 ἀγαθῆς
624 4059 961 4132 ἐπερώτημα
995 4057 1075 4119 εἰς
1104 4056 1240 4110 Θεὸν
1283 4055 1353 4109 δι’
1388 4055 1740 4118 ἀναστάσεως
1785 4054 1959 4126 Ἰησοῦ

382 4157 648 4230 Χριστοῦ.
685 4156 787 4218 ὐς
818 4155 966 4208 ἐστιν
995 4152 1054 4204 ἐν
1083 4150 1235 4222 δεξιᾷ
1268 4148 1363 4204 τοῦ
1383 4149 1518 4204 Θεοῦ
1553 4149 1836 4221 πορευθεὶς
1883 4150 1961 4214 εἰς

383 4248 640 4320 οὖρανόν.
675 4266 694 4297 ι
729 4245 803 4298 τὸ
833 4244 982 4312 ἑξῆς,
1023 4240 1228 4306 οὕτως·
1267 4242 1334 4295 Ὃ
1367 4240 1661 4294 ἀντίτυπον
1689 4242 1784 4294 καὶ
1816 4242 1965 4311 ἡμᾶς

2063 3423 2270 3474 arcam,
2298 3408 2402 3466 hoc
2428 3418 2534 3476 est,
2564 3410 2631 3465 ad
2661 3409 2959 3466 Ecclesiam
2983 3409 3287 3465 accedunt:
3327 3423 3388 3462 ac
3409 3418 3634 3479 praeter-

2063 3516 2126 3555 ea
2165 3541 2180 3566 ,
2241 3500 2706 3572 quemadmodum
2760 3516 2901 3572 aqua
2968 3501 3158 3557 sordes
3217 3502 3413 3575 abluit,
3457 3501 3530 3555 ita
3581 3513 3636 3555 et

2064 3592 2361 3660 baptisma.
2392 3592 2549 3660 Quod
2572 3602 2756 3648 tamen
2795 3610 2901 3648 non
2933 3613 2950 3645 ι
2980 3594 3163 3649 carnis
3190 3593 3433 3649 sordium
3464 3592 3634 3662 depo-

2062 3682 2315 3738 sitiouem
2359 3702 2378 3735 ι
2423 3683 2583 3739 cllicit
2606 3683 2800 3754 373,
2828 3686 2921 3739 sed
2949 3683 3251 3754 symbolice
3280 3682 3625 3739 demonstrat

2065 3774 2404 3829 macularum
2441 3773 2635 3829 anima:
2663 3775 3024 3830 ablutionem.

2135 3864 2302 3922 Vens.
2331 3865 2425 3931 2|,
2447 3865 2538 3921 22.
2575 3884 2593 3917 ι
2629 3865 2784 3932 Quod
2817 3873 2871 3922 et
2897 3881 2993 3921 vos
3024 3865 3223 3921 similis
3247 3865 3435 3920 forma:
3455 3865 3639 3920 salvos

2064 3955 2195 4011 facit
2226 3956 2536 4027 baptisma;
2602 3970 2709 4012 non
2774 3957 2958 4012 carnis
3017 3955 3289 4024 depositio
3352 3955 3635 4020 sordium,

2064 4048 2159 4104 sed
2185 4048 2542 4105 conscientiae
2590 4048 2750 4103 bonae
2776 4046 3136 4117 interrogatio
3189 4047 3245 4101 in
3313 4047 3479 4101 Deum
3540 4062 3637 4117 per

2065 4141 2528 4197 resurrectionem
2588 4140 2716 4197 .i‘esu
2748 4139 2974 4196 Christi.
3011 4140 3113 4207 Qui
3166 4148 3249 4197 est
3302 4140 3356 4195 iu
3408 4139 3632 4194 dextera

2067 4231 2161 4288 Dei
2201 4231 2477 4303 profectus
2504 4233 2556 4288 in
2589 4233 2810 4290 coelum.
2852 4252 2869 4284 ι
2902 4232 3109 4289 Textus
3134 4232 3238 4289 istc
3261 4232 3333 4287 ita
3364 4246 3421 4288 se
3451 4232 3636 4286 habet:

2066 4328 2348 4398 Baptisma
2382 4326 2657 4383 consimili
2692 4323 2871 4382 forma
2932 4341 3079 4380 nunc
3110 4341 3209 4380 vos
3266 4324 3450 4381 salvos
3484 4321 3637 4386 facit,

2067 4421 2213 4491 quod
2247 4428 2334 4476 est
2370 4435 2481 4475 non
2512 4418 2781 4475 detractio
2805 4416 3051 4473 sordium
3105 4416 3314 4481 carnis,
3381 4415 3475 4471 sed
3504 4429 3638 4470 con-

2069 4513 2313 4568 scicntia:
2350 4512 2509 4567 bona:
2560 4507 2940 4579 interrogatio,
3000 4503 3094 4563 Seu
3148 4506 3458 4577 exploratio
3508 4518 3637 4577 erga

387 4341 552 4406 σώζει
582 4338 866 4410 βάπτισμα
915 4334 1031 4401 νῦν,
1062 4336 1125 4388 οὐ
1157 4333 1357 4404 σαρκὸς
1394 4331 1569 4404 ῥύπου
1596 4331 1658 4387 ὃν
1683 4326 1975 4401 ἀπόθεσις,

386 4433 525 4490 ἀλλά
555 4430 915 4503 συνειδήσεως
946 4427 1157 4499 ἀγαθῆς
1181 4425 1286 4497 τῆς
1318 4425 1399 4487 είς
1439 4425 1572 4479 Θεὸν
1602 4424 1960 4496 ἐπερώτημα,

385 4527 507 4599 ἦτοι
547 4524 805 4594 ὲξήτησις
849 4520 916 4594 [Γ.
948 4519 1163 4585 ἑξέτασ.
1192 4518 1271 4573 vel
1315 4515 1557 4588 ὲκζήτ.].
1590 4518 1653 4570 Oi.
1694 4517 1804 4588 γὰρ
1835 4535 1965 4570 συν·

388 4618 591 4680 ειδότες
637 4615 852 4677 ἑαυτοῖς
893 4612 1094 4681 ἀγαθὰ,
1122 4609 1449 4665 τοῦτ”ἐστιν
1485 4610 1541 4663 οῖ
1567 4609 1686 4681 βίου
1730 4608 1964 4681 ἀμώμου

2073 4605 2266 4663 Deum.
2309 4605 2412 4672 Qui
2439 4605 2586 4660 enim
2620 4605 2758 4658 bene
2814 4601 2919 4657 sibi
2950 4599 3156 4656 conscii
3216 4606 3368 4660 sunt,
3422 4613 3515 4653 seu
3547 4600 3642 4669 qui

388 4710 760 4781 ἀντεχόμενοι,
789 4702 937 4762 οὗτοι
977 4705 1073 4758 καὶ
1103 4703 1184 4776 τῷ
1229 4703 1368 4773 άγῖῳ
1418 4701 1751 4771 βαπτίσματι
1791 4719 1962 4772 προσ-

2068 4700 2241 4753 vitam
2281 4695 2517 4753 crimine
2550 4702 2829 4765 expertem
2867 4691 3100 4754 (ineunt,
3134 4691 3169 4745 ii
3199 4690 3362 4746 etiam
3390 4688 3456 4743 ad
3485 4704 3645 4743 sanc-

387 4804 665 4874 τρέχουσι.
697 4800 806 4854 Καὶ
828 4797 904 4864 τί,
931 4798 1088 4868 φησὶ,
1115 4794 1276 4849 τοῦτο
1303 4795 1532 4865 παρέχει
1555 4794 1616 4847 τὺ
1641 4794 1961 4864 βάπτισμας

2068 4802 2182 4848 tum
2214 4791 2479 4862 baptisma
2507 4794 2824 4843 accurrunt.
2859 4786 2928 4839 At
2979 4784 3107 4854 quid
3138 4799 3286 4849 vero,
3331 4783 3428 4848 ait,
3478 4782 3644 4837 istum

397 4873 466 4947 Ἥ
504 4894 802 4954 ἀνάστασις
847 4887 944 4942 τοῦ
994 4885 1253 4958 Χριστοῦ.
1283 4886 1396 4956 Πρὸ
1430 4886 1529 4956 μὲν
1561 4886 1669 4957 γὰρ
1707 4887 1808 4958 τῆς
1834 4889 1965 4941 ἀνα.

2064 4884 2263 4938 trihuit
2291 4880 2674 4952 baptismum?
2733 4876 3086 4933 Besurreetio
3138 4875 3361 4931 Christi.
3419 4873 3469 4930 Is
3497 4874 3643 4928 enim

390 4986 635 5048 στάσεως
663 4980 830 5036 αὐτοῦ
860 4981 954 5035 καὶ
983 4978 1078 5034 τοῦ
1103 4978 1309 5040 πάθους
1328 4978 1687 5048 ἀποφαίνεται
1716 4979 1797 5046 τδ,
1824 4996 1846 5030 ι
1864 4981 1965 5034 Ἂν

2071 4984 2199 5030 ante
2231 4973 2694 5030 resurrectionem
2715 4981 2770 5027 et
2809 4972 3121 5041 passionem
3151 4982 3307 5024 suam
3357 4966 3491 5021 illud
3526 4965 3641 5019 edi-

393 5077 470 5146 μή
494 5092 578 5138 τις
604 5071 839 5144 γεννηθῇ
866 5070 924 5137 ἐξ
953 5069 1143 5132 ὓδατος
1166 5070 1264 5122 καὶ
1286 5067 1620 5139 Πνεύματος.
1643 5086 1662 5119 ι
1706 5068 1970 5133 ’Δναστᾶς

2068 5068 2215 5122 xit"
2245 5085 2258 5120 :
2294 5085 2313 5119 ι
2356 5064 2474 5121 Nisi
2496 5065 2620 5135 quis
2656 5072 2881 5120 renatus
2905 5063 3068 5118 fuerit
3089 5077 3155 5116 ex
3187 5075 3327 5131 aqua
3353 5069 3408 5114 et
3436 5059 3643 5128 Spiritu

390 5166 482 5229 δὲ,
529 5183 548 5217 ι
584 5166 649 5217 τὸ
704 5161 991 5234 βαπτίζειν
1030 5160 1213 5215 πάντα
1250 5177 1269 5211 ι
1310 5159 1381 5212 τὰ
1426 5159 1724 5230 προσιόντα
1760 5177 1781 5211 ι
1838 5159 1967 5233 ἔθνη

2067 5168 2277 5227 sancto,
2344 5177 2363 5212 ι
2421 5170 2526 5214 etc.
2573 5156 2703 5213 Post
2729 5155 3185 5211 resurrectionem
3210 5166 3360 5215 vero,
3397 5170 3414 5202 ι
3452 5166 3644 5203 omnes

391 5259 473 5320 εἰς
509 5256 572 5309 τὸ
593 5255 765 5327 ὄνομα
784 5252 879 5307 τοῦ
918 5253 1130 5324 Πατρδς
1160 5252 1254 5305 καὶ
1283 5249 1379 5304 τοῦ
1404 5249 1535 5304 Υίοῦ
1570 5252 1665 5304 καὶ
1683 5251 1778 5306 τοῦ
1811 5253 1970 5321 ἁγίου

2067 5261 2260 5325 gentes
2312 5249 2668 5321 baptizandas
2715 5247 2974 5316 praecepit
3004 5246 3059 5299 in
3109 5240 3330 5297 nomine
3371 5239 3550 5295 Patris
3587 5252 3643 5292 et

392 5348 731 5423 Πνεύματος.
761 5367 780 5401 ο
801 5376 871 5388 -
894 5364 914 5399 ι
951 5344 1368 5413 ’Υποταγὲντων
1408 5344 1554 5415 αὐτῷ
1577 5344 1826 5414 ἀγγέλων
1870 5348 1967 5400 καὶ⁸

2070 5344 2193 5401 Filii
2224 5351 2278 5399 et
2307 5342 2549 5412 Spiritus
2574 5340 2747 5396 sancti
2778 5337 2843 5392 ⁵⁸.
2891 5357 2908 5387 ι
2955 5335 3249 5405 Sequitur:
3302 5351 3321 5383 ι
3363 5329 3638 5400 διιιιῙιιριιδ

464 5488 510 5523 ³⁷
533 5486 697 5543 Joan.
747 5500 943 5550 χχχιιι,
972 5487 1028 5541 3.
1105 5483 1151 5517 ⁸⁸
1175 5483 1371 5539 Matth.
1399 5498 1555 5548 xrm,
1588 5482 1675 5537 19.

1602 5571 1909 5636 Bonifacii
1955 5571 2180 5633 Finetti
2222 5577 2407 5633 nolte.

395 5683 520 5743 τοὺς
586 5681 1035 5741 maneamne;
1084 5673 1144 5731 Si
1197 5676 1251 5729 in
1308 5675 1572 5743 infernum
1660 5673 1968 5743 descendat,

398 5742 561 5804 simtu
591 5749 845 5804 descende
866 5747 1192 5819 (alloquitur
1222 5742 1434 5800 fidelem
1465 5742 1961 5819 meditabundtuni.

401 5820 483 5874 Ea
512 5835 716 5891 quoque
766 5811 1333 5891 mysteria-cognosce,
1384 5831 1501 5883 qua:
1557 5812 1832 5891 (Ιὴιίίδιιιις⁸
1854 5811 1965 5864 illic

401 5885 689 5957 άεδὲριιαὺὶι
713 5904 731 5943 :
759 5885 898 5946 au‘od
929 5885 1157 5956 duplicis
1193 5887 1471 5942 descensus
1506 5885 1785 5940 consilium
1808 5886 1970 5952 Ζθτμιω

2031 5772 2039 5780 ·
2075 5736 2299 5798 (“locutu
2323 5759 2417 5795 suo
2444 5743 2617 5795 salvos
2674 5741 2875 5808 fecerit,
2908 5753 2973 5790 an
3007 5736 3116 5789 illic
3148 5749 3350 5804 quoque
3392 5750 3477 5788 eos
3511 5738 3646 5785 dnu-

2074 5824 2249 5879 ιρὰ-ιιι,
2276 5814 2366 5883 qui
2397 5811 2771 5866 crediderunt?

2078 5675 2216 5729 ratio
2242 5672 2462 5742 fuerit?
2514 5668 2702 5742 Utrum
2763 5683 2939 5723 omnes
2992 5667 3105 5742 sine
3171 5662 3285 5716 nlla
3345 5662 3644 5742 exceptfcne
3742 5697 3748 5705 -
