  <div class='ocr_page' id='page_1' title='image "/cluster/home/n/w/nwhite01/storage/ocr_20150623/125:no.3/coo.31924054870302/626.png"; bbox 0 0 4120 6418; ppageno 0'>
   <div class='ocr_carea' id='block_1_1' title="bbox 395 410 560 475">
    <p class='ocr_par' dir='ltr' id='par_1_1' title="bbox 395 410 560 475">
     <span class='ocr_line' id='line_1_1' title="bbox 395 410 560 475; baseline -0.006 0"><span class='ocrx_word' id='word_1_1' title='bbox 395 410 560 475; x_wconf 73' lang='lat'><strong>1237&#39;</strong></span> 
     </span>
    </p>
   </div>
   <div class='ocr_carea' id='block_1_2' title="bbox 1195 402 2841 471">
    <p class='ocr_par' dir='ltr' id='par_1_2' title="bbox 1195 402 2841 471">
     <span class='ocr_line' id='line_1_2' title="bbox 1195 402 2841 471; baseline -0.002 -3"><span class='ocrx_word' id='word_1_2' title='bbox 1195 406 1598 469; x_wconf 80' lang='lat' dir='ltr'><strong>EXPOSITIO</strong></span> <span class='ocrx_word' id='word_1_3' title='bbox 1636 407 1714 471; x_wconf 84' lang='lat' dir='ltr'><strong>IN</strong></span> <span class='ocrx_word' id='word_1_4' title='bbox 1752 404 1990 467; x_wconf 83' lang='lat' dir='ltr'><strong>EPIST.</strong></span> <span class='ocrx_word' id='word_1_5' title='bbox 2018 405 2051 465; x_wconf 85' lang='grc' dir='ltr'>ῐ</span> <span class='ocrx_word' id='word_1_6' title='bbox 2075 402 2418 467; x_wconf 75' lang='grc' dir='ltr'>8.-ΡΕΤΗἸ.</span> <span class='ocrx_word' id='word_1_7' title='bbox 2458 427 2522 440; x_wconf 85' lang='grc'><strong>-···</strong></span> <span class='ocrx_word' id='word_1_8' title='bbox 2549 405 2705 465; x_wconf 51' lang='lat' dir='ltr'><strong>CAP;</strong></span> <span class='ocrx_word' id='word_1_9' title='bbox 2745 405 2841 464; x_wconf 62' lang='lat' dir='ltr'><strong>IVS</strong></span> 
     </span>
    </p>
   </div>
   <div class='ocr_carea' id='block_1_3' title="bbox 3511 400 3643 459">
    <p class='ocr_par' dir='ltr' id='par_1_3' title="bbox 3511 400 3643 459">
     <span class='ocr_line' id='line_1_3' title="bbox 3511 400 3643 459; baseline -0.023 -1"><span class='ocrx_word' id='word_1_10' title='bbox 3511 400 3643 459; x_wconf 62' lang='lat'><strong>1238</strong></span> 
     </span>
    </p>
   </div>
   <div class='ocr_carea' id='block_1_4' title="bbox 391 504 2009 588">
    <p class='ocr_par' dir='ltr' id='par_1_4' title="bbox 391 509 2009 588">
     <span class='ocr_line' id='line_1_4' title="bbox 391 509 2009 588; baseline -0.006 -18"><span class='ocrx_word' id='word_1_11' title='bbox 391 516 451 570; x_wconf 66' lang='grc' dir='ltr'>ἐν</span> <span class='ocrx_word' id='word_1_12' title='bbox 479 518 545 588; x_wconf 77' lang='grc' dir='ltr'>τῇ</span> <span class='ocrx_word' id='word_1_13' title='bbox 574 512 721 586; x_wconf 75' lang='grc' dir='ltr'><strong>ἰσχύϊ</strong></span> <span class='ocrx_word' id='word_1_14' title='bbox 750 510 916 569; x_wconf 75' lang='grc' dir='ltr'>αὑτοῦ</span> <span class='ocrx_word' id='word_1_15' title='bbox 935 530 947 544; x_wconf 88' lang='grc'><strong>·</strong></span> <span class='ocrx_word' id='word_1_16' title='bbox 988 530 1006 563; x_wconf 78' lang='grc' dir='ltr'><strong>ι</strong></span> <span class='ocrx_word' id='word_1_17' title='bbox 1039 512 1133 565; x_wconf 78' lang='grc' dir='ltr'>καὶ</span> <span class='ocrx_word' id='word_1_18' title='bbox 1161 515 1217 566; x_wconf 77' lang='grc' dir='ltr'>ἐν</span> <span class='ocrx_word' id='word_1_19' title='bbox 1241 512 1343 583; x_wconf 83' lang='grc' dir='ltr'><strong>τῷ.</strong></span> <span class='ocrx_word' id='word_1_20' title='bbox 1382 532 1400 565; x_wconf 80' lang='grc' dir='ltr'><strong>ι</strong></span> <span class='ocrx_word' id='word_1_21' title='bbox 1430 512 1687 583; x_wconf 82' lang='grc' dir='ltr'>’Ἑτοιμος</span> <span class='ocrx_word' id='word_1_22' title='bbox 1722 512 1750 563; x_wconf 85' lang='grc' dir='ltr'><strong>ὁ</strong></span> <span class='ocrx_word' id='word_1_23' title='bbox 1777 509 1966 579; x_wconf 82' lang='grc' dir='ltr'>θρόνος</span> <span class='ocrx_word' id='word_1_24' title='bbox 1990 540 2009 578; x_wconf 46' lang='grc' dir='ltr'><em>Α</em></span> 
     </span>
    </p>
   </div>
   <div class='ocr_carea' id='block_1_5' title="bbox 2094 504 3637 588">
    <p class='ocr_par' dir='ltr' id='par_1_5' title="bbox 2094 504 3637 579">
     <span class='ocr_line' id='line_1_5' title="bbox 2094 504 3637 579; baseline -0.005 -16"><span class='ocrx_word' id='word_1_25' title='bbox 2094 510 2345 579; x_wconf 80' lang='lat' dir='ltr'><strong>ignilicat</strong></span> <span class='ocrx_word' id='word_1_26' title='bbox 2380 510 2483 567; x_wconf 80' lang='lat' dir='ltr'><strong>hoc</strong></span> <span class='ocrx_word' id='word_1_27' title='bbox 2515 510 2634 565; x_wconf 87' lang='lat' dir='ltr'><strong>loco</strong></span> <span class='ocrx_word' id='word_1_28' title='bbox 2668 528 2685 560; x_wconf 78' lang='grc' dir='ltr'><strong>ι</strong></span> <span class='ocrx_word' id='word_1_29' title='bbox 2720 517 2974 578; x_wconf 86' lang='lat' dir='ltr'><strong>paratum</strong></span> <span class='ocrx_word' id='word_1_30' title='bbox 2998 527 3016 559; x_wconf 73' lang='grc' dir='ltr'><strong>ι</strong></span> <span class='ocrx_word' id='word_1_31' title='bbox 3055 521 3201 562; x_wconf 83' lang='lat' dir='ltr'><strong>esse.</strong></span> <span class='ocrx_word' id='word_1_32' title='bbox 3263 504 3637 572; x_wconf 81' lang='lat' dir='ltr'><strong>Quemadmo-</strong></span> 
     </span>
    </p>
   </div>
   <div class='ocr_carea' id='block_1_6' title="bbox 395 602 1959 677">
    <p class='ocr_par' dir='ltr' id='par_1_6' title="bbox 395 602 1959 677">
     <span class='ocr_line' id='line_1_6' title="bbox 395 602 1959 677; baseline -0.006 -16"><span class='ocrx_word' id='word_1_33' title='bbox 395 621 513 661; x_wconf 86' lang='grc' dir='ltr'>σου.</span> <span class='ocrx_word' id='word_1_34' title='bbox 546 623 564 658; x_wconf 72' lang='grc' dir='ltr'><strong>ι</strong></span> <span class='ocrx_word' id='word_1_35' title='bbox 602 606 693 677; x_wconf 82' lang='grc' dir='ltr'><strong>Τῷ</strong></span> <span class='ocrx_word' id='word_1_36' title='bbox 728 604 821 658; x_wconf 77' lang='grc' dir='ltr'>οὖν</span> <span class='ocrx_word' id='word_1_37' title='bbox 855 604 1092 676; x_wconf 79' lang='grc' dir='ltr'>κρίνοντι</span> <span class='ocrx_word' id='word_1_38' title='bbox 1129 603 1339 670; x_wconf 70' lang='grc' dir='ltr'>ζῶντας</span> <span class='ocrx_word' id='word_1_39' title='bbox 1377 604 1473 657; x_wconf 81' lang='grc' dir='ltr'>καὶ</span> <span class='ocrx_word' id='word_1_40' title='bbox 1498 604 1726 672; x_wconf 72' lang='grc' dir='ltr'><strong>¹νεκροὺς</strong></span> <span class='ocrx_word' id='word_1_41' title='bbox 1754 602 1959 670; x_wconf 78' lang='grc' dir='ltr'>ἀμετα-</span> 
     </span>
    </p>
   </div>
   <div class='ocr_carea' id='block_1_7' title="bbox 395 693 1965 768">
    <p class='ocr_par' dir='ltr' id='par_1_7' title="bbox 395 693 1965 768">
     <span class='ocr_line' id='line_1_7' title="bbox 395 693 1965 768; baseline -0.004 -16"><span class='ocrx_word' id='word_1_42' title='bbox 395 698 568 762; x_wconf 79' lang='grc' dir='ltr'>θέτως</span> <span class='ocrx_word' id='word_1_43' title='bbox 591 699 683 752; x_wconf 75' lang='grc' dir='ltr'>καὶ</span> <span class='ocrx_word' id='word_1_44' title='bbox 710 697 944 768; x_wconf 77' lang='grc' dir='ltr'>βεϐαίως</span> <span class='ocrx_word' id='word_1_45' title='bbox 981 715 999 749; x_wconf 83' lang='grc' dir='ltr'><strong>ι</strong></span> <span class='ocrx_word' id='word_1_46' title='bbox 1036 696 1268 752; x_wconf 85' lang='grc' dir='ltr'>δώσουσι</span> <span class='ocrx_word' id='word_1_47' title='bbox 1292 696 1450 765; x_wconf 79' lang='grc' dir='ltr'>λόγον</span> <span class='ocrx_word' id='word_1_48' title='bbox 1481 715 1500 748; x_wconf 76' lang='grc' dir='ltr'><strong>ι</strong></span> <span class='ocrx_word' id='word_1_49' title='bbox 1527 696 1577 749; x_wconf 82' lang='grc' dir='ltr'>οἱ</span> <span class='ocrx_word' id='word_1_50' title='bbox 1611 693 1965 766; x_wconf 78' lang='grc' dir='ltr'><strong>χλευάζοντες</strong></span> 
     </span>
    </p>
   </div>
   <div class='ocr_carea' id='block_1_8' title="bbox 393 783 1968 862">
    <p class='ocr_par' dir='ltr' id='par_1_8' title="bbox 393 783 1968 862">
     <span class='ocr_line' id='line_1_8' title="bbox 393 783 1968 862; baseline 0.001 -18"><span class='ocrx_word' id='word_1_51' title='bbox 393 790 560 861; x_wconf 78' lang='grc' dir='ltr'>ὑμᾶς.</span> <span class='ocrx_word' id='word_1_52' title='bbox 590 789 717 854; x_wconf 87' lang='grc' dir='ltr'>Πῶς</span> <span class='ocrx_word' id='word_1_53' title='bbox 747 789 806 843; x_wconf 78' lang='grc' dir='ltr'>δὲ</span> <span class='ocrx_word' id='word_1_54' title='bbox 854 788 1073 856; x_wconf 78' lang='grc' dir='ltr'><strong>ζώντων</strong></span> <span class='ocrx_word' id='word_1_55' title='bbox 1126 788 1365 862; x_wconf 74' lang='grc' dir='ltr'>[κριτὴς]</span> <span class='ocrx_word' id='word_1_56' title='bbox 1416 790 1507 843; x_wconf 76' lang='grc' dir='ltr'>καὶ</span> <span class='ocrx_word' id='word_1_57' title='bbox 1552 786 1782 858; x_wconf 82' lang='grc' dir='ltr'>νεκρῶν,</span> <span class='ocrx_word' id='word_1_58' title='bbox 1841 783 1968 852; x_wconf 78' lang='grc' dir='ltr'><strong>ἑξῆς</strong></span> 
     </span>
    </p>
   </div>
   <div class='ocr_carea' id='block_1_9' title="bbox 393 881 1182 954">
    <p class='ocr_par' dir='ltr' id='par_1_9' title="bbox 393 881 1182 954">
     <span class='ocr_line' id='line_1_9' title="bbox 393 881 1182 954; baseline -0.004 -17"><span class='ocrx_word' id='word_1_59' title='bbox 393 881 626 952; x_wconf 80' lang='grc' dir='ltr'><strong>δηλώσει</strong></span> <span class='ocrx_word' id='word_1_60' title='bbox 657 882 687 935; x_wconf 82' lang='grc' dir='ltr'><strong>δ</strong></span> <span class='ocrx_word' id='word_1_61' title='bbox 725 883 900 936; x_wconf 82' lang='grc' dir='ltr'>ταῦτα</span> <span class='ocrx_word' id='word_1_62' title='bbox 933 881 1182 954; x_wconf 79' lang='grc' dir='ltr'>γράφων.</span> 
     </span>
    </p>
   </div>
   <div class='ocr_carea' id='block_1_10' title="bbox 2068 594 3644 669">
    <p class='ocr_par' dir='ltr' id='par_1_10' title="bbox 2068 594 3644 669">
     <span class='ocr_line' id='line_1_10' title="bbox 2068 594 3644 669; baseline -0.006 -14"><span class='ocrx_word' id='word_1_63' title='bbox 2068 600 2197 655; x_wconf 91' lang='lat' dir='ltr'><strong>dmn</strong></span> <span class='ocrx_word' id='word_1_64' title='bbox 2227 608 2280 653; x_wconf 91' lang='lat' dir='ltr'><strong>ct</strong></span> <span class='ocrx_word' id='word_1_65' title='bbox 2306 615 2431 654; x_wconf 85' lang='lat' dir='ltr'><strong>cum</strong></span> <span class='ocrx_word' id='word_1_66' title='bbox 2460 599 2663 654; x_wconf 81' lang='lat' dir='ltr'><strong>dicitur</strong></span> <span class='ocrx_word' id='word_1_67' title='bbox 2694 600 2734 630; x_wconf 81' lang='lat'>“</span> <span class='ocrx_word' id='word_1_68' title='bbox 2768 618 2786 653; x_wconf 84' lang='lat'><strong>:</strong></span> <span class='ocrx_word' id='word_1_69' title='bbox 2820 618 2836 650; x_wconf 89' lang='grc' dir='ltr'><strong>ι</strong></span> <span class='ocrx_word' id='word_1_70' title='bbox 2870 597 3419 669; x_wconf 63' lang='lat' dir='ltr'><strong>Pra&#39;paransmontes</strong></span> <span class='ocrx_word' id='word_1_71' title='bbox 3448 594 3501 647; x_wconf 91' lang='lat' dir='ltr'><strong>iu</strong></span> <span class='ocrx_word' id='word_1_72' title='bbox 3537 594 3644 645; x_wconf 71' lang='lat' dir='ltr'><strong>vir-</strong></span> 
     </span>
    </p>
   </div>
   <div class='ocr_carea' id='block_1_11' title="bbox 2074 683 3643 754">
    <p class='ocr_par' dir='ltr' id='par_1_11' title="bbox 2074 683 3643 754">
     <span class='ocr_line' id='line_1_11' title="bbox 2074 683 3643 754; baseline -0.002 -9"><span class='ocrx_word' id='word_1_73' title='bbox 2074 700 2188 745; x_wconf 88' lang='lat' dir='ltr'><strong>tute</strong></span> <span class='ocrx_word' id='word_1_74' title='bbox 2216 706 2334 746; x_wconf 88' lang='lat' dir='ltr'><strong>sua.</strong></span> <span class='ocrx_word' id='word_1_75' title='bbox 2382 710 2400 743; x_wconf 80' lang='grc'>›</span> <span class='ocrx_word' id='word_1_76' title='bbox 2441 689 2564 745; x_wconf 80' lang='lat' dir='ltr'><strong>Et&quot;</strong></span> <span class='ocrx_word' id='word_1_77' title='bbox 2598 708 2613 744; x_wconf 85' lang='lat'><strong>:</strong></span> <span class='ocrx_word' id='word_1_78' title='bbox 2665 710 2681 742; x_wconf 84' lang='grc' dir='ltr'><strong>ι</strong></span> <span class='ocrx_word' id='word_1_79' title='bbox 2715 689 2911 744; x_wconf 79' lang='lat' dir='ltr'><strong>Parata</strong></span> <span class='ocrx_word' id='word_1_80' title='bbox 2967 688 3124 745; x_wconf 91' lang='lat' dir='ltr'><strong>sedes</strong></span> <span class='ocrx_word' id='word_1_81' title='bbox 3161 695 3273 741; x_wconf 89' lang='lat' dir='ltr'><strong>tua.</strong></span> <span class='ocrx_word' id='word_1_82' title='bbox 3308 703 3327 737; x_wconf 76' lang='grc' dir='ltr'><strong>ι</strong></span> <span class='ocrx_word' id='word_1_83' title='bbox 3366 683 3424 738; x_wconf 84' lang='grc' dir='ltr'><strong>Εἰ</strong></span> <span class='ocrx_word' id='word_1_84' title='bbox 3459 683 3643 754; x_wconf 78' lang='lat' dir='ltr'><strong>igitur.</strong></span> 
     </span>
    </p>
   </div>
   <div class='ocr_carea' id='block_1_12' title="bbox 2077 779 3645 851">
    <p class='ocr_par' dir='ltr' id='par_1_12' title="bbox 2077 779 3645 851">
     <span class='ocr_line' id='line_1_12' title="bbox 2077 779 3645 851; baseline -0.006 -16"><span class='ocrx_word' id='word_1_85' title='bbox 2077 782 2169 851; x_wconf 88' lang='lat' dir='ltr'><strong>qui</strong></span> <span class='ocrx_word' id='word_1_86' title='bbox 2203 782 2357 836; x_wconf 85' lang='lat' dir='ltr'><strong>lirma</strong></span> <span class='ocrx_word' id='word_1_87' title='bbox 2411 792 2463 838; x_wconf 90' lang='lat' dir='ltr'><strong>et</strong></span> <span class='ocrx_word' id='word_1_88' title='bbox 2495 783 2820 837; x_wconf 84' lang='lat' dir='ltr'><strong>immutabili</strong></span> <span class='ocrx_word' id='word_1_89' title='bbox 2846 779 3121 837; x_wconf 86' lang='lat' dir='ltr'><strong>sententia</strong></span> <span class='ocrx_word' id='word_1_90' title='bbox 3146 779 3300 833; x_wconf 85' lang='lat' dir='ltr'><strong>vivos</strong></span> <span class='ocrx_word' id='word_1_91' title='bbox 3322 783 3376 831; x_wconf 89' lang='lat' dir='ltr'><strong>et</strong></span> <span class='ocrx_word' id='word_1_92' title='bbox 3402 780 3645 829; x_wconf 84' lang='lat' dir='ltr'><strong>mortuus</strong></span> 
     </span>
    </p>
   </div>
   <div class='ocr_carea' id='block_1_13' title="bbox 2080 863 3641 944">
    <p class='ocr_par' dir='ltr' id='par_1_13' title="bbox 2080 863 3641 944">
     <span class='ocr_line' id='line_1_13' title="bbox 2080 863 3641 944; baseline -0.006 -17"><span class='ocrx_word' id='word_1_93' title='bbox 2080 871 2425 942; x_wconf 77' lang='lat' dir='ltr'><strong>iudicaturus</strong></span> <span class='ocrx_word' id='word_1_94' title='bbox 2482 884 2586 937; x_wconf 88' lang='lat' dir='ltr'><strong>est,</strong></span> <span class='ocrx_word' id='word_1_95' title='bbox 2645 873 2963 944; x_wconf 82' lang='lat' dir='ltr'><strong>quicunque</strong></span> <span class='ocrx_word' id='word_1_96' title='bbox 3024 886 3122 927; x_wconf 73' lang='lat' dir='ltr'><strong>vos</strong></span> <span class='ocrx_word' id='word_1_97' title='bbox 3173 881 3320 923; x_wconf 86' lang='lat' dir='ltr'><strong>nunc</strong></span> <span class='ocrx_word' id='word_1_98' title='bbox 3373 863 3641 927; x_wconf 84' lang='lat' dir='ltr'><strong>irrident,</strong></span> 
     </span>
    </p>
   </div>
   <div class='ocr_carea' id='block_1_14' title="bbox 396 952 3630 1038">
    <p class='ocr_par' dir='ltr' id='par_1_14' title="bbox 396 952 3630 1038">
     <span class='ocr_line' id='line_1_14' title="bbox 396 952 3630 1038; baseline -0.006 -11"><span class='ocrx_word' id='word_1_99' title='bbox 396 985 461 1028; x_wconf 87' lang='lat' dir='ltr'><strong>ac</strong></span> <span class='ocrx_word' id='word_1_100' title='bbox 508 968 771 1029; x_wconf 55' lang='lat' dir='ltr'><strong>ludibrio‘</strong></span> <span class='ocrx_word' id='word_1_101' title='bbox 810 973 1035 1038; x_wconf 80' lang='lat' dir='ltr'><strong>habent,</strong></span> <span class='ocrx_word' id='word_1_102' title='bbox 1093 991 1113 1024; x_wconf 82' lang='grc' dir='ltr'><strong>ι</strong></span> <span class='ocrx_word' id='word_1_103' title='bbox 1155 971 1423 1027; x_wconf 87' lang='lat' dir='ltr'><strong>rationem</strong></span> <span class='ocrx_word' id='word_1_104' title='bbox 1507 970 1756 1027; x_wconf 77' lang='lat' dir='ltr'><strong>reddent.</strong></span> <span class='ocrx_word' id='word_1_105' title='bbox 1800 986 1818 1019; x_wconf 74' lang='grc' dir='ltr'><strong>ι</strong></span> <span class='ocrx_word' id='word_1_106' title='bbox 1865 964 1980 1033; x_wconf 87' lang='lat' dir='ltr'><strong>Qua</strong></span> <span class='ocrx_word' id='word_1_107' title='bbox 2057 975 2189 1017; x_wconf 79' lang='lat' dir='ltr'><strong>vero</strong></span> <span class='ocrx_word' id='word_1_108' title='bbox 2281 965 2494 1019; x_wconf 84' lang='lat' dir='ltr'><strong>ratione</strong></span> <span class='ocrx_word' id='word_1_109' title='bbox 2554 964 2849 1019; x_wconf 85' lang='lat' dir='ltr'><strong>viventiqu</strong></span> <span class='ocrx_word' id='word_1_110' title='bbox 2940 969 2995 1017; x_wconf 87' lang='lat' dir='ltr'><strong>ct</strong></span> <span class='ocrx_word' id='word_1_111' title='bbox 3068 969 3411 1015; x_wconf 90' lang='lat' dir='ltr'><strong>mortuorum</strong></span> <span class='ocrx_word' id='word_1_112' title='bbox 3468 952 3630 1023; x_wconf 75' lang='lat' dir='ltr'><strong>iudex</strong></span> 
     </span>
    </p>
   </div>
   <div class='ocr_carea' id='block_1_15' title="bbox 393 1065 1497 1138">
    <p class='ocr_par' dir='ltr' id='par_1_15' title="bbox 393 1065 1497 1138">
     <span class='ocr_line' id='line_1_15' title="bbox 393 1065 1497 1138; baseline 0.001 -18"><span class='ocrx_word' id='word_1_113' title='bbox 393 1067 485 1134; x_wconf 85' lang='lat' dir='ltr'><strong>sit,</strong></span> <span class='ocrx_word' id='word_1_114' title='bbox 512 1065 770 1138; x_wconf 81' lang='lat' dir='ltr'><strong>deinceps</strong></span> <span class='ocrx_word' id='word_1_115' title='bbox 801 1066 1049 1123; x_wconf 84' lang='lat' dir='ltr'><strong>declarat</strong></span> <span class='ocrx_word' id='word_1_116' title='bbox 1085 1067 1200 1123; x_wconf 74' lang='lat' dir='ltr'><strong>haec</strong></span> <span class='ocrx_word' id='word_1_117' title='bbox 1225 1066 1497 1123; x_wconf 87' lang='lat' dir='ltr'><strong>scribens.</strong></span> 
     </span>
    </p>
   </div>
   <div class='ocr_carea' id='block_1_16' title="bbox 474 1156 1968 1230">
    <p class='ocr_par' dir='ltr' id='par_1_16' title="bbox 474 1156 1968 1230">
     <span class='ocr_line' id='line_1_16' title="bbox 474 1156 1968 1230; baseline -0.004 -19"><span class='ocrx_word' id='word_1_118' title='bbox 474 1176 495 1211; x_wconf 82' lang='grc' dir='ltr'><strong>ι</strong></span> <span class='ocrx_word' id='word_1_119' title='bbox 528 1157 591 1212; x_wconf 81' lang='grc' dir='ltr'><strong>οἳ</strong></span> <span class='ocrx_word' id='word_1_120' title='bbox 630 1156 972 1214; x_wconf 76' lang='grc' dir='ltr'><strong>ἀποδώσουσι</strong></span> <span class='ocrx_word' id='word_1_121' title='bbox 1010 1159 1169 1229; x_wconf 77' lang='grc' dir='ltr'>λόγον</span> <span class='ocrx_word' id='word_1_122' title='bbox 1195 1159 1273 1230; x_wconf 83' lang='grc' dir='ltr'>τῷ</span> <span class='ocrx_word' id='word_1_123' title='bbox 1296 1159 1528 1229; x_wconf 71' lang='grc' dir='ltr'>ἑτοίμως</span> <span class='ocrx_word' id='word_1_124' title='bbox 1560 1157 1733 1229; x_wconf 70' lang='grc' dir='ltr'>ἔχοντι</span> <span class='ocrx_word' id='word_1_125' title='bbox 1783 1156 1968 1225; x_wconf 76' lang='grc' dir='ltr'>κρῖναι</span> 
     </span>
    </p>
   </div>
   <div class='ocr_carea' id='block_1_17' title="bbox 396 1241 1968 1324">
    <p class='ocr_par' dir='ltr' id='par_1_17' title="bbox 396 1241 1968 1324">
     <span class='ocr_line' id='line_1_17' title="bbox 396 1241 1968 1324; baseline -0.004 -20"><span class='ocrx_word' id='word_1_126' title='bbox 396 1248 606 1314; x_wconf 78' lang='grc' dir='ltr'>ζῶντας</span> <span class='ocrx_word' id='word_1_127' title='bbox 641 1250 737 1304; x_wconf 74' lang='grc' dir='ltr'>καὶ</span> <span class='ocrx_word' id='word_1_128' title='bbox 766 1252 1016 1324; x_wconf 78' lang='grc' dir='ltr'>νεκρούς.</span> <span class='ocrx_word' id='word_1_129' title='bbox 1052 1270 1071 1305; x_wconf 77' lang='grc' dir='ltr'><strong>ι</strong></span> <span class='ocrx_word' id='word_1_130' title='bbox 1129 1246 1204 1305; x_wconf 81' lang='grc' dir='ltr'><strong>Τὸ</strong></span> <span class='ocrx_word' id='word_1_131' title='bbox 1252 1251 1404 1323; x_wconf 78' lang='grc' dir='ltr'>ἑξῆς,</span> <span class='ocrx_word' id='word_1_132' title='bbox 1437 1246 1606 1314; x_wconf 76' lang='grc' dir='ltr'>οὕτως</span> <span class='ocrx_word' id='word_1_133' title='bbox 1632 1267 1645 1281; x_wconf 91' lang='grc'><strong>·</strong></span> <span class='ocrx_word' id='word_1_134' title='bbox 1702 1241 1863 1303; x_wconf 54' lang='lat' dir='ltr'><strong>uiator</strong></span> <span class='ocrx_word' id='word_1_135' title='bbox 1918 1245 1968 1299; x_wconf 86' lang='grc' dir='ltr'><strong>οί</strong></span> 
     </span>
    </p>
   </div>
   <div class='ocr_carea' id='block_1_18' title="bbox 397 1338 1967 1414">
    <p class='ocr_par' dir='ltr' id='par_1_18' title="bbox 397 1338 1967 1414">
     <span class='ocr_line' id='line_1_18' title="bbox 397 1338 1967 1414; baseline 0.003 -18"><span class='ocrx_word' id='word_1_136' title='bbox 397 1341 848 1414; x_wconf 79' lang='grc' dir='ltr'>βλασφημοῦντες</span> <span class='ocrx_word' id='word_1_137' title='bbox 901 1343 1047 1414; x_wconf 76' lang='grc' dir='ltr'>ὑμᾶς</span> <span class='ocrx_word' id='word_1_138' title='bbox 1087 1361 1107 1396; x_wconf 81' lang='grc' dir='ltr'><strong>ι</strong></span> <span class='ocrx_word' id='word_1_139' title='bbox 1136 1342 1370 1397; x_wconf 85' lang='grc' dir='ltr'>δώσουσι</span> <span class='ocrx_word' id='word_1_140' title='bbox 1440 1342 1596 1411; x_wconf 76' lang='grc' dir='ltr'>λόγον</span> <span class='ocrx_word' id='word_1_141' title='bbox 1625 1340 1704 1412; x_wconf 82' lang='grc' dir='ltr'>τῷ</span> <span class='ocrx_word' id='word_1_142' title='bbox 1758 1338 1967 1401; x_wconf 77' lang='grc' dir='ltr'>πάντας</span> 
     </span>
    </p>
   </div>
   <div class='ocr_carea' id='block_1_19' title="bbox 395 1431 1971 1507">
    <p class='ocr_par' dir='ltr' id='par_1_19' title="bbox 395 1431 1971 1507">
     <span class='ocr_line' id='line_1_19' title="bbox 395 1431 1971 1507; baseline -0.004 -19"><span class='ocrx_word' id='word_1_143' title='bbox 395 1435 668 1504; x_wconf 78' lang='grc' dir='ltr'>κρινοῦντι</span> <span class='ocrx_word' id='word_1_144' title='bbox 695 1433 906 1500; x_wconf 80' lang='grc' dir='ltr'>ζῶντας</span> <span class='ocrx_word' id='word_1_145' title='bbox 934 1437 1029 1489; x_wconf 73' lang='grc' dir='ltr'>καὶ</span> <span class='ocrx_word' id='word_1_146' title='bbox 1057 1434 1305 1507; x_wconf 77' lang='grc' dir='ltr'>νεκρούς.</span> <span class='ocrx_word' id='word_1_147' title='bbox 1342 1454 1365 1489; x_wconf 70' lang='grc' dir='ltr'><strong>ι</strong></span> <span class='ocrx_word' id='word_1_148' title='bbox 1405 1435 1697 1506; x_wconf 85' lang='grc' dir='ltr'>Κρίνονται</span> <span class='ocrx_word' id='word_1_149' title='bbox 1722 1432 1829 1505; x_wconf 79' lang='grc' dir='ltr'>γάρ</span> <span class='ocrx_word' id='word_1_150' title='bbox 1873 1431 1971 1484; x_wconf 79' lang='grc' dir='ltr'>καὶ</span> 
     </span>
    </p>
   </div>
   <div class='ocr_carea' id='block_1_20' title="bbox 396 1523 1972 1598">
    <p class='ocr_par' dir='ltr' id='par_1_20' title="bbox 396 1523 1972 1598">
     <span class='ocr_line' id='line_1_20' title="bbox 396 1523 1972 1598; baseline -0.003 -20"><span class='ocrx_word' id='word_1_151' title='bbox 396 1525 601 1596; x_wconf 74' lang='grc' dir='ltr'>νεκροὶ,</span> <span class='ocrx_word' id='word_1_152' title='bbox 635 1525 730 1579; x_wconf 75' lang='grc' dir='ltr'>καὶ</span> <span class='ocrx_word' id='word_1_153' title='bbox 760 1525 920 1596; x_wconf 81' lang='grc' dir='ltr'>δῆλον</span> <span class='ocrx_word' id='word_1_154' title='bbox 948 1524 1057 1581; x_wconf 77' lang='grc' dir='ltr'>άπὸ</span> <span class='ocrx_word' id='word_1_155' title='bbox 1085 1525 1181 1581; x_wconf 78' lang='grc' dir='ltr'><strong>τοῦ</strong></span> <span class='ocrx_word' id='word_1_156' title='bbox 1204 1526 1412 1598; x_wconf 82' lang='grc' dir='ltr'><strong>Κυρίου</strong></span> <span class='ocrx_word' id='word_1_157' title='bbox 1434 1525 1531 1596; x_wconf 79' lang='grc' dir='ltr'>τῆς</span> <span class='ocrx_word' id='word_1_158' title='bbox 1559 1526 1638 1589; x_wconf 86' lang='grc' dir='ltr'><strong>είς</strong></span> <span class='ocrx_word' id='word_1_159' title='bbox 1669 1523 1802 1596; x_wconf 78' lang='grc' dir='ltr'>ᾃδην</span> <span class='ocrx_word' id='word_1_160' title='bbox 1830 1538 1972 1592; x_wconf 87' lang='grc' dir='ltr'>παρ-</span> 
     </span>
    </p>
   </div>
   <div class='ocr_carea' id='block_1_21' title="bbox 395 1615 1973 1692">
    <p class='ocr_par' dir='ltr' id='par_1_21' title="bbox 395 1615 1973 1692">
     <span class='ocr_line' id='line_1_21' title="bbox 395 1615 1973 1692; baseline -0.001 -23"><span class='ocrx_word' id='word_1_161' title='bbox 395 1615 603 1682; x_wconf 88' lang='grc' dir='ltr'>ουσίας.</span> <span class='ocrx_word' id='word_1_162' title='bbox 630 1618 810 1672; x_wconf 82' lang='grc' dir='ltr'>Κάκεϊ</span> <span class='ocrx_word' id='word_1_163' title='bbox 834 1619 944 1690; x_wconf 83' lang='grc' dir='ltr'>γὰρ</span> <span class='ocrx_word' id='word_1_164' title='bbox 969 1619 1317 1692; x_wconf 79' lang='grc' dir='ltr'><strong>ἐπιδημήσας</strong></span> <span class='ocrx_word' id='word_1_165' title='bbox 1343 1620 1400 1675; x_wconf 76' lang='grc' dir='ltr'>ὲν</span> <span class='ocrx_word' id='word_1_166' title='bbox 1422 1618 1500 1689; x_wconf 86' lang='grc' dir='ltr'><strong>τῷ</strong></span> <span class='ocrx_word' id='word_1_167' title='bbox 1528 1618 1667 1689; x_wconf 81' lang='grc' dir='ltr'>μετὰ</span> <span class='ocrx_word' id='word_1_168' title='bbox 1691 1619 1781 1670; x_wconf 67' lang='grc' dir='ltr'><strong>τὸν</strong></span> <span class='ocrx_word' id='word_1_169' title='bbox 1809 1633 1973 1668; x_wconf 88' lang='grc' dir='ltr'>σταυ-</span> 
     </span>
    </p>
   </div>
   <div class='ocr_carea' id='block_1_22' title="bbox 401 1692 1974 1784">
    <p class='ocr_par' dir='ltr' id='par_1_22' title="bbox 401 1692 1974 1784">
     <span class='ocr_line' id='line_1_22' title="bbox 401 1692 1974 1784; baseline -0.001 -25"><span class='ocrx_word' id='word_1_170' title='bbox 401 1706 492 1778; x_wconf 81' lang='grc' dir='ltr'>ρὸν</span> <span class='ocrx_word' id='word_1_171' title='bbox 538 1707 781 1779; x_wconf 84' lang='grc' dir='ltr'>δηλονότι</span> <span class='ocrx_word' id='word_1_172' title='bbox 815 1708 1030 1782; x_wconf 82' lang='grc' dir='ltr'><strong>Θανάτῳ</strong></span> <span class='ocrx_word' id='word_1_173' title='bbox 1075 1710 1240 1765; x_wconf 76' lang='grc' dir='ltr'><strong>αὐτοῦ</strong></span> <span class='ocrx_word' id='word_1_174' title='bbox 1279 1692 1615 1784; x_wconf 74' lang='grc' dir='ltr'>[ἐκήρυξεν,]</span> <span class='ocrx_word' id='word_1_175' title='bbox 1658 1707 1849 1777; x_wconf 83' lang='grc' dir='ltr'>ὥσπερ</span> <span class='ocrx_word' id='word_1_176' title='bbox 1878 1708 1974 1759; x_wconf 82' lang='grc' dir='ltr'>καὶ</span> 
     </span>
    </p>
   </div>
   <div class='ocr_carea' id='block_1_23' title="bbox 397 1796 1972 1872">
    <p class='ocr_par' dir='ltr' id='par_1_23' title="bbox 397 1796 1972 1872">
     <span class='ocr_line' id='line_1_23' title="bbox 397 1796 1972 1872; baseline 0.001 -22"><span class='ocrx_word' id='word_1_177' title='bbox 397 1796 491 1850; x_wconf 74' lang='grc' dir='ltr'><strong>ἐπὶ</strong></span> <span class='ocrx_word' id='word_1_178' title='bbox 525 1797 628 1869; x_wconf 86' lang='grc' dir='ltr'>τῆς</span> <span class='ocrx_word' id='word_1_179' title='bbox 658 1801 787 1871; x_wconf 81' lang='grc' dir='ltr'>γῆς.</span> <span class='ocrx_word' id='word_1_180' title='bbox 834 1800 1100 1872; x_wconf 75' lang='grc' dir='ltr'>Ἐκήρυεε</span> <span class='ocrx_word' id='word_1_181' title='bbox 1129 1801 1185 1856; x_wconf 80' lang='grc' dir='ltr'>δὲ</span> <span class='ocrx_word' id='word_1_182' title='bbox 1214 1802 1277 1856; x_wconf 76' lang='grc' dir='ltr'>οὐ</span> <span class='ocrx_word' id='word_1_183' title='bbox 1301 1800 1464 1872; x_wconf 83' lang='grc' dir='ltr'>λόγῳ,</span> <span class='ocrx_word' id='word_1_184' title='bbox 1494 1800 1631 1854; x_wconf 73' lang='grc' dir='ltr'>ἀλλὰ</span> <span class='ocrx_word' id='word_1_185' title='bbox 1661 1798 1972 1871; x_wconf 79' lang='grc' dir='ltr'>πράγματι.</span> 
     </span>
    </p>
   </div>
   <div class='ocr_carea' id='block_1_24' title="bbox 398 1886 1974 1963">
    <p class='ocr_par' dir='ltr' id='par_1_24' title="bbox 398 1886 1974 1963">
     <span class='ocr_line' id='line_1_24' title="bbox 398 1886 1974 1963; baseline 0 -22"><span class='ocrx_word' id='word_1_186' title='bbox 398 1887 508 1941; x_wconf 76' lang='grc' dir='ltr'><strong>Καὶ</strong></span> <span class='ocrx_word' id='word_1_187' title='bbox 544 1886 736 1959; x_wconf 84' lang='grc' dir='ltr'>ὥσπερ</span> <span class='ocrx_word' id='word_1_188' title='bbox 783 1891 842 1944; x_wconf 77' lang='grc' dir='ltr'>ἐν</span> <span class='ocrx_word' id='word_1_189' title='bbox 880 1890 958 1962; x_wconf 84' lang='grc' dir='ltr'>τῷ</span> <span class='ocrx_word' id='word_1_190' title='bbox 995 1893 1188 1963; x_wconf 83' lang='grc' dir='ltr'>κόσμῳ</span> <span class='ocrx_word' id='word_1_191' title='bbox 1235 1890 1677 1963; x_wconf 76' lang='grc' dir='ltr'>παραγενόμενος</span> <span class='ocrx_word' id='word_1_192' title='bbox 1719 1892 1832 1954; x_wconf 85' lang='grc' dir='ltr'>τοῖς</span> <span class='ocrx_word' id='word_1_193' title='bbox 1876 1890 1974 1959; x_wconf 84' lang='grc' dir='ltr'>μὲν</span> 
     </span>
    </p>
   </div>
   <div class='ocr_carea' id='block_1_25' title="bbox 399 1975 1980 2049">
    <p class='ocr_par' dir='ltr' id='par_1_25' title="bbox 399 1975 1980 2049">
     <span class='ocr_line' id='line_1_25' title="bbox 399 1975 1980 2049; baseline 0.001 -21"><span class='ocrx_word' id='word_1_194' title='bbox 399 1977 632 2047; x_wconf 81' lang='grc' dir='ltr'>ἑτοίμως</span> <span class='ocrx_word' id='word_1_195' title='bbox 683 1977 899 2049; x_wconf 75' lang='grc' dir='ltr'>ἔχουσιν</span> <span class='ocrx_word' id='word_1_196' title='bbox 948 1979 1319 2048; x_wconf 76' lang='grc' dir='ltr'><strong>ἐπεγνωκέναι</strong></span> <span class='ocrx_word' id='word_1_197' title='bbox 1355 1976 1652 2040; x_wconf 75' lang='grc' dir='ltr'>αὐτὺνείς</span> <span class='ocrx_word' id='word_1_198' title='bbox 1702 1975 1980 2045; x_wconf 74' lang='grc' dir='ltr'>δικαίωμα</span> 
     </span>
    </p>
   </div>
   <div class='ocr_carea' id='block_1_26' title="bbox 400 2060 1974 2142">
    <p class='ocr_par' dir='ltr' id='par_1_26' title="bbox 400 2060 1974 2142">
     <span class='ocr_line' id='line_1_26' title="bbox 400 2060 1974 2142; baseline -0.001 -21"><span class='ocrx_word' id='word_1_199' title='bbox 400 2060 788 2139; x_wconf 69' lang='grc' dir='ltr'>παραγέγονε,</span> <span class='ocrx_word' id='word_1_200' title='bbox 842 2071 957 2133; x_wconf 72' lang='grc' dir='ltr'>τοῖς</span> <span class='ocrx_word' id='word_1_201' title='bbox 1006 2070 1063 2124; x_wconf 75' lang='grc' dir='ltr'>δὲ</span> <span class='ocrx_word' id='word_1_202' title='bbox 1115 2071 1448 2142; x_wconf 79' lang='grc' dir='ltr'>άγνοήσασιν</span> <span class='ocrx_word' id='word_1_203' title='bbox 1494 2071 1577 2134; x_wconf 82' lang='grc' dir='ltr'><strong>εἰς</strong></span> <span class='ocrx_word' id='word_1_204' title='bbox 1622 2068 1974 2136; x_wconf 75' lang='grc' dir='ltr'>κατάκριμαο</span> 
     </span>
    </p>
   </div>
   <div class='ocr_carea' id='block_1_27' title="bbox 402 2158 1980 2234">
    <p class='ocr_par' dir='ltr' id='par_1_27' title="bbox 402 2158 1980 2234">
     <span class='ocr_line' id='line_1_27' title="bbox 402 2158 1980 2234; baseline -0.002 -20"><span class='ocrx_word' id='word_1_205' title='bbox 402 2158 547 2215; x_wconf 68' lang='grc' dir='ltr'>οὕτω</span> <span class='ocrx_word' id='word_1_206' title='bbox 576 2163 805 2226; x_wconf 77' lang='grc' dir='ltr'>καὶτοῖς</span> <span class='ocrx_word' id='word_1_207' title='bbox 831 2163 891 2215; x_wconf 79' lang='grc' dir='ltr'>ἐν</span> <span class='ocrx_word' id='word_1_208' title='bbox 918 2160 1041 2234; x_wconf 62' lang='grc' dir='ltr'><strong>ᾅδῃ.</strong></span> <span class='ocrx_word' id='word_1_209' title='bbox 1073 2164 1190 2227; x_wconf 83' lang='grc' dir='ltr'>τοῖς</span> <span class='ocrx_word' id='word_1_210' title='bbox 1227 2162 1327 2234; x_wconf 77' lang='grc' dir='ltr'>μὲν</span> <span class='ocrx_word' id='word_1_211' title='bbox 1356 2160 1500 2216; x_wconf 77' lang='grc' dir='ltr'>κατὰ</span> <span class='ocrx_word' id='word_1_212' title='bbox 1534 2160 1715 2232; x_wconf 80' lang='grc' dir='ltr'>σάρκα</span> <span class='ocrx_word' id='word_1_213' title='bbox 1749 2158 1980 2229; x_wconf 80' lang='grc' dir='ltr'>ζήσασιν</span> 
     </span>
    </p>
   </div>
   <div class='ocr_carea' id='block_1_28' title="bbox 402 2247 1979 2326">
    <p class='ocr_par' dir='ltr' id='par_1_28' title="bbox 402 2247 1979 2326">
     <span class='ocr_line' id='line_1_28' title="bbox 402 2247 1979 2326; baseline -0.002 -20"><span class='ocrx_word' id='word_1_214' title='bbox 402 2254 484 2318; x_wconf 75' lang='grc' dir='ltr'><strong>είς</strong></span> <span class='ocrx_word' id='word_1_215' title='bbox 520 2256 694 2326; x_wconf 74' lang='grc' dir='ltr'>κρῖμα</span> <span class='ocrx_word' id='word_1_216' title='bbox 726 2254 1096 2326; x_wconf 82' lang='grc' dir='ltr'>παραγέγονε,</span> <span class='ocrx_word' id='word_1_217' title='bbox 1145 2255 1260 2319; x_wconf 83' lang='grc' dir='ltr'>τοῖς</span> <span class='ocrx_word' id='word_1_218' title='bbox 1295 2252 1353 2308; x_wconf 83' lang='grc' dir='ltr'>δὲ</span> <span class='ocrx_word' id='word_1_219' title='bbox 1385 2252 1530 2307; x_wconf 68' lang='grc' dir='ltr'>κατὰ</span> <span class='ocrx_word' id='word_1_220' title='bbox 1565 2250 1803 2322; x_wconf 79' lang='grc' dir='ltr'>πνεῦμα,</span> <span class='ocrx_word' id='word_1_221' title='bbox 1832 2247 1979 2305; x_wconf 77' lang='grc' dir='ltr'>τοῦτ’</span> 
     </span>
    </p>
   </div>
   <div class='ocr_carea' id='block_1_29' title="bbox 403 2343 1980 2417">
    <p class='ocr_par' dir='ltr' id='par_1_29' title="bbox 403 2343 1980 2417">
     <span class='ocr_line' id='line_1_29' title="bbox 403 2343 1980 2417; baseline -0.001 -19"><span class='ocrx_word' id='word_1_222' title='bbox 403 2344 520 2399; x_wconf 77' lang='grc' dir='ltr'>ἔστι</span> <span class='ocrx_word' id='word_1_223' title='bbox 550 2345 693 2400; x_wconf 84' lang='grc' dir='ltr'>κατὰ</span> <span class='ocrx_word' id='word_1_224' title='bbox 729 2346 824 2400; x_wconf 80' lang='grc' dir='ltr'><strong>τὸν</strong></span> <span class='ocrx_word' id='word_1_225' title='bbox 876 2345 1254 2414; x_wconf 79' lang='grc' dir='ltr'>πνευματικὸν</span> <span class='ocrx_word' id='word_1_226' title='bbox 1282 2344 1379 2399; x_wconf 66' lang='grc' dir='ltr'>καὶ</span> <span class='ocrx_word' id='word_1_227' title='bbox 1423 2344 1679 2417; x_wconf 76' lang='grc' dir='ltr'>ἐνάρετον</span> <span class='ocrx_word' id='word_1_228' title='bbox 1719 2343 1855 2415; x_wconf 86' lang='grc' dir='ltr'>βίον,</span> <span class='ocrx_word' id='word_1_229' title='bbox 1901 2343 1980 2407; x_wconf 80' lang='grc' dir='ltr'><strong>είς</strong></span> 
     </span>
    </p>
   </div>
   <div class='ocr_carea' id='block_1_30' title="bbox 402 2431 1983 2507">
    <p class='ocr_par' dir='ltr' id='par_1_30' title="bbox 402 2431 1983 2507">
     <span class='ocr_line' id='line_1_30' title="bbox 402 2431 1983 2507; baseline -0.001 -18"><span class='ocrx_word' id='word_1_230' title='bbox 402 2434 562 2499; x_wconf 79' lang='grc' dir='ltr'>δόξαν</span> <span class='ocrx_word' id='word_1_231' title='bbox 611 2435 710 2489; x_wconf 73' lang='grc' dir='ltr'>καὶ</span> <span class='ocrx_word' id='word_1_232' title='bbox 741 2435 1038 2507; x_wconf 86' lang='grc' dir='ltr'>σωτηρίαν,</span> <span class='ocrx_word' id='word_1_233' title='bbox 1072 2434 1237 2488; x_wconf 82' lang='grc' dir='ltr'>Ὥστε</span> <span class='ocrx_word' id='word_1_234' title='bbox 1271 2433 1370 2490; x_wconf 72' lang='grc' dir='ltr'>καὶ</span> <span class='ocrx_word' id='word_1_235' title='bbox 1400 2431 1618 2499; x_wconf 78' lang='grc' dir='ltr'>ζώντων</span> <span class='ocrx_word' id='word_1_236' title='bbox 1647 2432 1744 2485; x_wconf 82' lang='grc' dir='ltr'>καὶ</span> <span class='ocrx_word' id='word_1_237' title='bbox 1773 2432 1983 2503; x_wconf 84' lang='grc' dir='ltr'>νεκρῶν</span> 
     </span>
    </p>
   </div>
   <div class='ocr_carea' id='block_1_31' title="bbox 404 2523 1983 2599">
    <p class='ocr_par' dir='ltr' id='par_1_31' title="bbox 404 2523 1983 2599">
     <span class='ocr_line' id='line_1_31' title="bbox 404 2523 1983 2599; baseline -0.001 -20"><span class='ocrx_word' id='word_1_238' title='bbox 404 2525 630 2593; x_wconf 78' lang='grc' dir='ltr'>δικαίως</span> <span class='ocrx_word' id='word_1_239' title='bbox 664 2526 732 2583; x_wconf 77' lang='grc' dir='ltr'>ἂν</span> <span class='ocrx_word' id='word_1_240' title='bbox 770 2526 978 2599; x_wconf 82' lang='grc' dir='ltr'>Κριτὴς</span> <span class='ocrx_word' id='word_1_241' title='bbox 1008 2527 1238 2597; x_wconf 82' lang='grc' dir='ltr'>λέγοιτο.</span> <span class='ocrx_word' id='word_1_242' title='bbox 1279 2526 1516 2591; x_wconf 81' lang='grc' dir='ltr'>Ἀλλως.</span> <span class='ocrx_word' id='word_1_243' title='bbox 1554 2523 1983 2599; x_wconf 80' lang='grc' dir='ltr'><strong>[ΚΥΡῙΛΛΟΥ.]</strong></span> 
     </span>
    </p>
   </div>
   <div class='ocr_carea' id='block_1_32' title="bbox 406 2617 1984 2691">
    <p class='ocr_par' dir='ltr' id='par_1_32' title="bbox 406 2617 1984 2691">
     <span class='ocr_line' id='line_1_32' title="bbox 406 2617 1984 2691; baseline -0.001 -19"><span class='ocrx_word' id='word_1_244' title='bbox 406 2618 655 2691; x_wconf 74' lang='grc' dir='ltr'>Νεκροὺς</span> <span class='ocrx_word' id='word_1_245' title='bbox 686 2619 922 2675; x_wconf 78' lang='grc' dir='ltr'>ἐνταῦθα</span> <span class='ocrx_word' id='word_1_246' title='bbox 945 2621 1101 2673; x_wconf 86' lang='grc' dir='ltr'>καλεῖ</span> <span class='ocrx_word' id='word_1_247' title='bbox 1127 2620 1254 2685; x_wconf 79' lang='grc' dir='ltr'>τοὺς</span> <span class='ocrx_word' id='word_1_248' title='bbox 1285 2619 1344 2673; x_wconf 81' lang='grc' dir='ltr'>ὲν</span> <span class='ocrx_word' id='word_1_249' title='bbox 1371 2620 1482 2683; x_wconf 80' lang='grc' dir='ltr'>τοῖς</span> <span class='ocrx_word' id='word_1_250' title='bbox 1513 2619 1724 2673; x_wconf 80' lang='grc' dir='ltr'>ἔθνεσιν</span> <span class='ocrx_word' id='word_1_251' title='bbox 1744 2618 1848 2673; x_wconf 79' lang='grc' dir='ltr'><strong>ὑπὸ</strong></span> <span class='ocrx_word' id='word_1_252' title='bbox 1874 2617 1984 2672; x_wconf 88' lang='grc' dir='ltr'><strong>τῶν</strong></span> 
     </span>
    </p>
   </div>
   <div class='ocr_carea' id='block_1_33' title="bbox 406 2708 1986 2782">
    <p class='ocr_par' dir='ltr' id='par_1_33' title="bbox 406 2708 1986 2782">
     <span class='ocr_line' id='line_1_33' title="bbox 406 2708 1986 2782; baseline 0.002 -21"><span class='ocrx_word' id='word_1_253' title='bbox 406 2709 910 2781; x_wconf 78' lang='grc' dir='ltr'>κατηριθμημένων</span> <span class='ocrx_word' id='word_1_254' title='bbox 958 2711 1246 2782; x_wconf 81' lang='grc' dir='ltr'>ἁμαρτιῶν</span> <span class='ocrx_word' id='word_1_255' title='bbox 1278 2710 1739 2782; x_wconf 76' lang='grc' dir='ltr'>νενεκρωμένους,</span> <span class='ocrx_word' id='word_1_256' title='bbox 1770 2708 1863 2775; x_wconf 79' lang='grc' dir='ltr'>οὓς</span> <span class='ocrx_word' id='word_1_257' title='bbox 1893 2710 1986 2766; x_wconf 75' lang='grc' dir='ltr'>καὶ</span> 
     </span>
    </p>
   </div>
   <div class='ocr_carea' id='block_1_34' title="bbox 409 2797 1987 2874">
    <p class='ocr_par' dir='ltr' id='par_1_34' title="bbox 409 2797 1987 2874">
     <span class='ocr_line' id='line_1_34' title="bbox 409 2797 1987 2874; baseline 0.004 -21"><span class='ocrx_word' id='word_1_258' title='bbox 409 2797 628 2873; x_wconf 78' lang='grc' dir='ltr'>εὔχεται</span> <span class='ocrx_word' id='word_1_259' title='bbox 678 2801 708 2855; x_wconf 81' lang='grc' dir='ltr'><strong>δ</strong></span> <span class='ocrx_word' id='word_1_260' title='bbox 739 2801 1035 2865; x_wconf 71' lang='grc' dir='ltr'>ἀπόστολος</span> <span class='ocrx_word' id='word_1_261' title='bbox 1060 2801 1498 2874; x_wconf 67' lang='grc' dir='ltr'>ἐπιστρέψαντας</span> <span class='ocrx_word' id='word_1_262' title='bbox 1535 2820 1553 2854; x_wconf 86' lang='grc' dir='ltr'><strong>ι</strong></span> <span class='ocrx_word' id='word_1_263' title='bbox 1576 2801 1732 2871; x_wconf 82' lang='grc' dir='ltr'>λόγον</span> <span class='ocrx_word' id='word_1_264' title='bbox 1755 2822 1774 2855; x_wconf 73' lang='grc' dir='ltr'><strong>ι</strong></span> <span class='ocrx_word' id='word_1_265' title='bbox 1807 2803 1987 2874; x_wconf 82' lang='grc' dir='ltr'>ἄμεμ-</span> 
     </span>
    </p>
   </div>
   <div class='ocr_carea' id='block_1_35' title="bbox 412 2888 1988 2964">
    <p class='ocr_par' dir='ltr' id='par_1_35' title="bbox 412 2888 1988 2964">
     <span class='ocr_line' id='line_1_35' title="bbox 412 2888 1988 2964; baseline 0.002 -21"><span class='ocrx_word' id='word_1_266' title='bbox 412 2906 549 2943; x_wconf 86' lang='grc' dir='ltr'>πτον</span> <span class='ocrx_word' id='word_1_267' title='bbox 602 2908 621 2942; x_wconf 81' lang='grc' dir='ltr'><strong>ι</strong></span> <span class='ocrx_word' id='word_1_268' title='bbox 652 2888 958 2946; x_wconf 81' lang='grc' dir='ltr'>άποδοῦναι</span> <span class='ocrx_word' id='word_1_269' title='bbox 984 2891 1061 2963; x_wconf 78' lang='grc' dir='ltr'><strong>τῷ</strong></span> <span class='ocrx_word' id='word_1_270' title='bbox 1087 2892 1319 2964; x_wconf 79' lang='grc' dir='ltr'>ἑτοίμως</span> <span class='ocrx_word' id='word_1_271' title='bbox 1357 2891 1535 2963; x_wconf 78' lang='grc' dir='ltr'>ἔχοντι</span> <span class='ocrx_word' id='word_1_272' title='bbox 1568 2895 1750 2964; x_wconf 78' lang='grc' dir='ltr'>κρῖναι</span> <span class='ocrx_word' id='word_1_273' title='bbox 1780 2892 1988 2959; x_wconf 77' lang='grc' dir='ltr'>ζῶντας</span> 
     </span>
    </p>
   </div>
   <div class='ocr_carea' id='block_1_36' title="bbox 413 2981 1989 3059">
    <p class='ocr_par' dir='ltr' id='par_1_36' title="bbox 413 2981 1989 3059">
     <span class='ocr_line' id='line_1_36' title="bbox 413 2981 1989 3059; baseline 0.004 -24"><span class='ocrx_word' id='word_1_274' title='bbox 413 2982 510 3035; x_wconf 77' lang='grc' dir='ltr'>καὶ</span> <span class='ocrx_word' id='word_1_275' title='bbox 539 2983 789 3053; x_wconf 83' lang='grc' dir='ltr'>νεκρούς.</span> <span class='ocrx_word' id='word_1_276' title='bbox 820 3002 838 3036; x_wconf 79' lang='grc' dir='ltr'><strong>ι</strong></span> <span class='ocrx_word' id='word_1_277' title='bbox 877 3012 944 3025; x_wconf 90' lang='grc'><strong><em>-</em></strong></span> <span class='ocrx_word' id='word_1_278' title='bbox 975 2981 1003 3036; x_wconf 83' lang='grc' dir='ltr'><strong>ἰ</strong></span> <span class='ocrx_word' id='word_1_279' title='bbox 1026 2986 1248 3050; x_wconf 87' lang='grc' dir='ltr'>Ζῶντας</span> <span class='ocrx_word' id='word_1_280' title='bbox 1289 2985 1344 3040; x_wconf 81' lang='grc' dir='ltr'>δὲ</span> <span class='ocrx_word' id='word_1_281' title='bbox 1375 2985 1471 3041; x_wconf 73' lang='grc' dir='ltr'>καὶ</span> <span class='ocrx_word' id='word_1_282' title='bbox 1500 2986 1725 3059; x_wconf 75' lang='grc' dir='ltr'>νεκροὺς</span> <span class='ocrx_word' id='word_1_283' title='bbox 1761 3006 1779 3038; x_wconf 80' lang='grc' dir='ltr'><strong>ι</strong></span> <span class='ocrx_word' id='word_1_284' title='bbox 1826 2986 1989 3041; x_wconf 87' lang='grc' dir='ltr'>πάλιν</span> 
     </span>
    </p>
   </div>
   <div class='ocr_carea' id='block_1_37' title="bbox 416 3067 1990 3145">
    <p class='ocr_par' dir='ltr' id='par_1_37' title="bbox 416 3067 1990 3145">
     <span class='ocr_line' id='line_1_37' title="bbox 416 3067 1990 3145; baseline 0.001 -20"><span class='ocrx_word' id='word_1_285' title='bbox 416 3072 553 3142; x_wconf 79' lang='grc' dir='ltr'>φησὶ</span> <span class='ocrx_word' id='word_1_286' title='bbox 600 3072 728 3135; x_wconf 78' lang='grc' dir='ltr'>τοὺς</span> <span class='ocrx_word' id='word_1_287' title='bbox 775 3073 1015 3137; x_wconf 76' lang='grc' dir='ltr'>δικαίους</span> <span class='ocrx_word' id='word_1_288' title='bbox 1050 3074 1145 3128; x_wconf 77' lang='grc' dir='ltr'>καὶ</span> <span class='ocrx_word' id='word_1_289' title='bbox 1208 3072 1589 3145; x_wconf 81' lang='grc' dir='ltr'>ἁμαρτωλοὺς,</span> <span class='ocrx_word' id='word_1_290' title='bbox 1654 3067 1737 3137; x_wconf 79' lang='grc' dir='ltr'>οἷς</span> <span class='ocrx_word' id='word_1_291' title='bbox 1769 3074 1798 3128; x_wconf 83' lang='grc' dir='ltr'>ὁ</span> <span class='ocrx_word' id='word_1_292' title='bbox 1847 3071 1990 3137; x_wconf 80' lang='grc' dir='ltr'>θεῖος</span> 
     </span>
    </p>
   </div>
   <div class='ocr_carea' id='block_1_38' title="bbox 414 3162 1990 3238">
    <p class='ocr_par' dir='ltr' id='par_1_38' title="bbox 414 3162 1990 3238">
     <span class='ocr_line' id='line_1_38' title="bbox 414 3162 1990 3238; baseline 0.002 -22"><span class='ocrx_word' id='word_1_293' title='bbox 414 3162 588 3231; x_wconf 77' lang='grc' dir='ltr'>Λόγος</span> <span class='ocrx_word' id='word_1_294' title='bbox 621 3162 970 3236; x_wconf 71' lang='grc' dir='ltr'>ἐπιδημήσας</span> <span class='ocrx_word' id='word_1_295' title='bbox 1002 3164 1396 3238; x_wconf 80' lang='grc' dir='ltr'>εὐηγγελίσατο</span> <span class='ocrx_word' id='word_1_296' title='bbox 1446 3163 1545 3237; x_wconf 79' lang='grc' dir='ltr'>τὴν</span> <span class='ocrx_word' id='word_1_297' title='bbox 1586 3162 1700 3219; x_wconf 85' lang='grc' dir='ltr'><strong>τῶν</strong></span> <span class='ocrx_word' id='word_1_298' title='bbox 1743 3164 1990 3236; x_wconf 84' lang='grc' dir='ltr'>οὐρανῶν</span> 
     </span>
    </p>
   </div>
   <div class='ocr_carea' id='block_1_39' title="bbox 2155 1123 3648 1213">
    <p class='ocr_par' dir='ltr' id='par_1_39' title="bbox 2155 1123 3648 1213">
     <span class='ocr_line' id='line_1_39' title="bbox 2155 1123 3648 1213; baseline -0.009 -14"><span class='ocrx_word' id='word_1_299' title='bbox 2155 1143 2318 1200; x_wconf 65' lang='lat' dir='ltr'><strong>Vens.</strong></span> <span class='ocrx_word' id='word_1_300' title='bbox 2347 1144 2400 1200; x_wconf 84' lang='lat'><strong>5.</strong></span> <span class='ocrx_word' id='word_1_301' title='bbox 2436 1164 2453 1198; x_wconf 84' lang='grc' dir='ltr'><strong>ι</strong></span> <span class='ocrx_word' id='word_1_302' title='bbox 2491 1144 2594 1213; x_wconf 86' lang='lat' dir='ltr'><strong>Qui</strong></span> <span class='ocrx_word' id='word_1_303' title='bbox 2630 1143 2859 1202; x_wconf 87' lang='lat' dir='ltr'><strong>reddent</strong></span> <span class='ocrx_word' id='word_1_304' title='bbox 2883 1143 3153 1197; x_wconf 83' lang='lat' dir='ltr'><strong>rationem</strong></span> <span class='ocrx_word' id='word_1_305' title='bbox 3183 1141 3256 1205; x_wconf 88' lang='lat' dir='ltr'><strong>ei,</strong></span> <span class='ocrx_word' id='word_1_306' title='bbox 3282 1136 3374 1208; x_wconf 86' lang='lat' dir='ltr'><strong>qui</strong></span> <span class='ocrx_word' id='word_1_307' title='bbox 3428 1123 3648 1206; x_wconf 76' lang='lat' dir='ltr'><strong>paratus</strong></span> 
     </span>
    </p>
   </div>
   <div class='ocr_carea' id='block_1_40' title="bbox 2077 1226 3649 1307">
    <p class='ocr_par' dir='ltr' id='par_1_40' title="bbox 2077 1226 3649 1307">
     <span class='ocr_line' id='line_1_40' title="bbox 2077 1226 3649 1307; baseline -0.007 -17"><span class='ocrx_word' id='word_1_308' title='bbox 2077 1244 2162 1291; x_wconf 89' lang='lat' dir='ltr'><strong>est</strong></span> <span class='ocrx_word' id='word_1_309' title='bbox 2213 1235 2467 1307; x_wconf 85' lang='lat' dir='ltr'><strong>judicare</strong></span> <span class='ocrx_word' id='word_1_310' title='bbox 2501 1236 2656 1292; x_wconf 85' lang='lat' dir='ltr'><strong>vivos</strong></span> <span class='ocrx_word' id='word_1_311' title='bbox 2718 1246 2773 1292; x_wconf 85' lang='lat' dir='ltr'><strong>et</strong></span> <span class='ocrx_word' id='word_1_312' title='bbox 2828 1245 3097 1290; x_wconf 89' lang='lat' dir='ltr'><strong>mortuos.</strong></span> <span class='ocrx_word' id='word_1_313' title='bbox 3132 1250 3151 1285; x_wconf 83' lang='grc'>›</span> <span class='ocrx_word' id='word_1_314' title='bbox 3191 1232 3399 1286; x_wconf 82' lang='lat' dir='ltr'><strong>Sensus</strong></span> <span class='ocrx_word' id='word_1_315' title='bbox 3431 1237 3553 1284; x_wconf 88' lang='lat' dir='ltr'><strong>est:</strong></span> <span class='ocrx_word' id='word_1_316' title='bbox 3587 1226 3649 1291; x_wconf 91' lang='lat' dir='ltr'><strong>Ii,</strong></span> 
     </span>
    </p>
   </div>
   <div class='ocr_carea' id='block_1_41' title="bbox 2087 1318 3652 1398">
    <p class='ocr_par' dir='ltr' id='par_1_41' title="bbox 2087 1318 3652 1398">
     <span class='ocr_line' id='line_1_41' title="bbox 2087 1318 3652 1398; baseline -0.008 -17"><span class='ocrx_word' id='word_1_317' title='bbox 2087 1328 2181 1398; x_wconf 91' lang='lat' dir='ltr'><strong>qui</strong></span> <span class='ocrx_word' id='word_1_318' title='bbox 2210 1343 2305 1383; x_wconf 90' lang='lat' dir='ltr'><strong>vos</strong></span> <span class='ocrx_word' id='word_1_319' title='bbox 2339 1328 2608 1384; x_wconf 87' lang='lat' dir='ltr'><strong>conviciis</strong></span> <span class='ocrx_word' id='word_1_320' title='bbox 2667 1327 3010 1383; x_wconf 79' lang='lat' dir='ltr'><strong>insectantur</strong></span> <span class='ocrx_word' id='word_1_321' title='bbox 3049 1344 3067 1377; x_wconf 82' lang='grc' dir='ltr'><strong>ι</strong></span> <span class='ocrx_word' id='word_1_322' title='bbox 3113 1321 3384 1379; x_wconf 87' lang='lat' dir='ltr'><strong>rationem</strong></span> <span class='ocrx_word' id='word_1_323' title='bbox 3422 1318 3652 1374; x_wconf 83' lang='lat' dir='ltr'><strong>reddent</strong></span> 
     </span>
    </p>
   </div>
   <div class='ocr_carea' id='block_1_42' title="bbox 2072 1410 3652 1489">
    <p class='ocr_par' dir='ltr' id='par_1_42' title="bbox 2072 1410 3652 1489">
     <span class='ocr_line' id='line_1_42' title="bbox 2072 1410 3652 1489; baseline -0.009 -15"><span class='ocrx_word' id='word_1_324' title='bbox 2072 1421 2146 1486; x_wconf 92' lang='lat' dir='ltr'><strong>ei,</strong></span> <span class='ocrx_word' id='word_1_325' title='bbox 2178 1417 2269 1489; x_wconf 87' lang='lat' dir='ltr'><strong>qui</strong></span> <span class='ocrx_word' id='word_1_326' title='bbox 2306 1419 2457 1475; x_wconf 83' lang='lat' dir='ltr'><strong>vivos</strong></span> <span class='ocrx_word' id='word_1_327' title='bbox 2511 1427 2567 1475; x_wconf 91' lang='lat' dir='ltr'><strong>ct</strong></span> <span class='ocrx_word' id='word_1_328' title='bbox 2611 1426 2856 1474; x_wconf 90' lang='lat' dir='ltr'><strong>mortuos</strong></span> <span class='ocrx_word' id='word_1_329' title='bbox 2904 1414 3199 1489; x_wconf 86' lang='lat' dir='ltr'><strong>judicabit.</strong></span> <span class='ocrx_word' id='word_1_330' title='bbox 3242 1431 3260 1465; x_wconf 78' lang='grc' dir='ltr'><strong>ι</strong></span> <span class='ocrx_word' id='word_1_331' title='bbox 3327 1410 3652 1468; x_wconf 86' lang='lat' dir='ltr'><strong>Judicantur</strong></span> 
     </span>
    </p>
   </div>
   <div class='ocr_carea' id='block_1_43' title="bbox 2076 1499 3653 1577">
    <p class='ocr_par' dir='ltr' id='par_1_43' title="bbox 2076 1499 3653 1577">
     <span class='ocr_line' id='line_1_43' title="bbox 2076 1499 3653 1577; baseline -0.007 -14"><span class='ocrx_word' id='word_1_332' title='bbox 2076 1509 2221 1563; x_wconf 86' lang='lat' dir='ltr'><strong>enim</strong></span> <span class='ocrx_word' id='word_1_333' title='bbox 2248 1509 2412 1565; x_wconf 87' lang='lat' dir='ltr'><strong>etiam</strong></span> <span class='ocrx_word' id='word_1_334' title='bbox 2441 1508 2666 1577; x_wconf 89' lang='lat' dir='ltr'><strong>mortui,</strong></span> <span class='ocrx_word' id='word_1_335' title='bbox 2703 1519 2764 1563; x_wconf 93' lang='lat' dir='ltr'><strong>ut</strong></span> <span class='ocrx_word' id='word_1_336' title='bbox 2802 1524 2868 1564; x_wconf 74' lang='lat' dir='ltr'><strong>ex</strong></span> <span class='ocrx_word' id='word_1_337' title='bbox 2908 1507 3120 1562; x_wconf 90' lang='lat' dir='ltr'><strong>Domini</strong></span> <span class='ocrx_word' id='word_1_338' title='bbox 3176 1504 3242 1559; x_wconf 87' lang='lat' dir='ltr'><strong>ad</strong></span> <span class='ocrx_word' id='word_1_339' title='bbox 3290 1502 3496 1558; x_wconf 79' lang='lat' dir='ltr'><strong>inferos</strong></span> <span class='ocrx_word' id='word_1_340' title='bbox 3560 1499 3653 1554; x_wconf 81' lang='lat' dir='ltr'><strong>dc-</strong></span> 
     </span>
    </p>
   </div>
   <div class='ocr_carea' id='block_1_44' title="bbox 2077 1590 3651 1672">
    <p class='ocr_par' dir='ltr' id='par_1_44' title="bbox 2077 1590 3651 1672">
     <span class='ocr_line' id='line_1_44' title="bbox 2077 1590 3651 1672; baseline -0.007 -16"><span class='ocrx_word' id='word_1_341' title='bbox 2077 1616 2277 1657; x_wconf 87' lang='lat' dir='ltr'><strong>scensu</strong></span> <span class='ocrx_word' id='word_1_342' title='bbox 2310 1609 2479 1672; x_wconf 86' lang='lat' dir='ltr'><strong>patet.</strong></span> <span class='ocrx_word' id='word_1_343' title='bbox 2506 1600 2637 1656; x_wconf 87' lang='lat' dir='ltr'><strong>Illuc</strong></span> <span class='ocrx_word' id='word_1_344' title='bbox 2659 1601 2806 1657; x_wconf 88' lang='lat' dir='ltr'><strong>enim</strong></span> <span class='ocrx_word' id='word_1_345' title='bbox 2828 1607 2953 1670; x_wconf 89' lang='lat' dir='ltr'><strong>post</strong></span> <span class='ocrx_word' id='word_1_346' title='bbox 2983 1607 3213 1655; x_wconf 86' lang='lat' dir='ltr'><strong>mortem</strong></span> <span class='ocrx_word' id='word_1_347' title='bbox 3245 1610 3404 1650; x_wconf 90' lang='lat' dir='ltr'><strong>suam</strong></span> <span class='ocrx_word' id='word_1_348' title='bbox 3467 1590 3651 1663; x_wconf 79' lang='lat' dir='ltr'><strong>profe-</strong></span> 
     </span>
    </p>
   </div>
   <div class='ocr_carea' id='block_1_45' title="bbox 2076 1687 3653 1762">
    <p class='ocr_par' dir='ltr' id='par_1_45' title="bbox 2076 1687 3653 1762">
     <span class='ocr_line' id='line_1_45' title="bbox 2076 1687 3653 1762; baseline -0.008 -13"><span class='ocrx_word' id='word_1_349' title='bbox 2076 1701 2200 1749; x_wconf 87' lang='lat' dir='ltr'><strong>ctus</strong></span> <span class='ocrx_word' id='word_1_350' title='bbox 2235 1693 2497 1762; x_wconf 86' lang='lat' dir='ltr'><strong>ipse,non</strong></span> <span class='ocrx_word' id='word_1_351' title='bbox 2532 1708 2693 1749; x_wconf 84' lang='lat' dir='ltr'><strong>secus</strong></span> <span class='ocrx_word' id='word_1_352' title='bbox 2747 1707 2810 1747; x_wconf 89' lang='lat' dir='ltr'><strong>ac</strong></span> <span class='ocrx_word' id='word_1_353' title='bbox 2844 1706 3010 1760; x_wconf 88' lang='lat' dir='ltr'><strong>supra</strong></span> <span class='ocrx_word' id='word_1_354' title='bbox 3043 1699 3240 1745; x_wconf 87' lang='lat' dir='ltr'><strong>terram</strong></span> <span class='ocrx_word' id='word_1_355' title='bbox 3266 1687 3484 1748; x_wconf 77' lang='lat' dir='ltr'><strong>iecerat,</strong></span> <span class='ocrx_word' id='word_1_356' title='bbox 3512 1697 3653 1754; x_wconf 66' lang='lat' dir='ltr'><strong>prae-</strong></span> 
     </span>
    </p>
   </div>
   <div class='ocr_carea' id='block_1_46' title="bbox 2079 1767 3653 1845">
    <p class='ocr_par' dir='ltr' id='par_1_46' title="bbox 2079 1767 3653 1845">
     <span class='ocr_line' id='line_1_46' title="bbox 2079 1767 3653 1845; baseline -0.008 -6"><span class='ocrx_word' id='word_1_357' title='bbox 2079 1783 2299 1839; x_wconf 88' lang='lat' dir='ltr'><strong>dicavit.</strong></span> <span class='ocrx_word' id='word_1_358' title='bbox 2331 1783 2658 1840; x_wconf 72' lang='lat' dir='ltr'><strong>Prazdicavit</strong></span> <span class='ocrx_word' id='word_1_359' title='bbox 2683 1793 2864 1838; x_wconf 90' lang='lat' dir='ltr'><strong>autem</strong></span> <span class='ocrx_word' id='word_1_360' title='bbox 2894 1797 3000 1837; x_wconf 92' lang='lat' dir='ltr'><strong>non</strong></span> <span class='ocrx_word' id='word_1_361' title='bbox 3036 1794 3310 1845; x_wconf 83' lang='lat' dir='ltr'><strong>sermone,</strong></span> <span class='ocrx_word' id='word_1_362' title='bbox 3344 1775 3437 1832; x_wconf 87' lang='lat' dir='ltr'><strong>sed</strong></span> <span class='ocrx_word' id='word_1_363' title='bbox 3469 1767 3653 1845; x_wconf 78' lang='lat' dir='ltr'><strong>opere.</strong></span> 
     </span>
    </p>
   </div>
   <div class='ocr_carea' id='block_1_47' title="bbox 2080 1871 3656 1945">
    <p class='ocr_par' dir='ltr' id='par_1_47' title="bbox 2080 1871 3656 1945">
     <span class='ocr_line' id='line_1_47' title="bbox 2080 1871 3656 1945; baseline -0.008 -15"><span class='ocrx_word' id='word_1_364' title='bbox 2080 1874 2554 1943; x_wconf 89' lang='lat' dir='ltr'><strong>Quemadmodum</strong></span> <span class='ocrx_word' id='word_1_365' title='bbox 2592 1890 2748 1941; x_wconf 83' lang='lat' dir='ltr'><strong>vero,</strong></span> <span class='ocrx_word' id='word_1_366' title='bbox 2791 1889 2915 1945; x_wconf 88' lang='lat' dir='ltr'><strong>cum</strong></span> <span class='ocrx_word' id='word_1_367' title='bbox 2948 1874 3003 1928; x_wconf 91' lang='lat' dir='ltr'><strong>in</strong></span> <span class='ocrx_word' id='word_1_368' title='bbox 3064 1871 3268 1926; x_wconf 88' lang='lat' dir='ltr'><strong>mundo</strong></span> <span class='ocrx_word' id='word_1_369' title='bbox 3324 1873 3656 1929; x_wconf 82' lang='lat' dir='ltr'><strong>versaretur,</strong></span> 
     </span>
    </p>
   </div>
   <div class='ocr_carea' id='block_1_48' title="bbox 2080 1959 3661 2035">
    <p class='ocr_par' dir='ltr' id='par_1_48' title="bbox 2080 1959 3661 2035">
     <span class='ocr_line' id='line_1_48' title="bbox 2080 1959 3661 2035; baseline -0.007 -16"><span class='ocrx_word' id='word_1_370' title='bbox 2080 1965 2203 2035; x_wconf 84' lang='lat' dir='ltr'><strong>ejus</strong></span> <span class='ocrx_word' id='word_1_371' title='bbox 2235 1964 2579 2034; x_wconf 67' lang='lat' dir='ltr'><strong>praedicatio,</strong></span> <span class='ocrx_word' id='word_1_372' title='bbox 2616 1963 2684 2018; x_wconf 89' lang='lat' dir='ltr'><strong>iis</strong></span> <span class='ocrx_word' id='word_1_373' title='bbox 2713 1963 2933 2034; x_wconf 83' lang='lat' dir='ltr'><strong>quidem</strong></span> <span class='ocrx_word' id='word_1_374' title='bbox 2970 1961 3066 2032; x_wconf 88' lang='lat' dir='ltr'><strong>qui</strong></span> <span class='ocrx_word' id='word_1_375' title='bbox 3138 1960 3207 2015; x_wconf 89' lang='lat' dir='ltr'><strong>ad</strong></span> <span class='ocrx_word' id='word_1_376' title='bbox 3260 1959 3439 2029; x_wconf 83' lang='lat' dir='ltr'><strong>ipsum</strong></span> <span class='ocrx_word' id='word_1_377' title='bbox 3493 1970 3661 2026; x_wconf 80' lang='lat' dir='ltr'><strong>agno-</strong></span> 
     </span>
    </p>
   </div>
   <div class='ocr_carea' id='block_1_49' title="bbox 2080 2036 3657 2124">
    <p class='ocr_par' dir='ltr' id='par_1_49' title="bbox 2080 2036 3657 2124">
     <span class='ocr_line' id='line_1_49' title="bbox 2080 2036 3657 2124; baseline -0.009 -14"><span class='ocrx_word' id='word_1_378' title='bbox 2080 2052 2344 2110; x_wconf 87' lang='lat' dir='ltr'><strong>scendum</strong></span> <span class='ocrx_word' id='word_1_379' title='bbox 2381 2050 2688 2124; x_wconf 83' lang='lat' dir='ltr'><strong>comparati</strong></span> <span class='ocrx_word' id='word_1_380' title='bbox 2722 2059 2901 2117; x_wconf 88' lang='lat' dir='ltr'><strong>erant,</strong></span> <span class='ocrx_word' id='word_1_381' title='bbox 2959 2051 3015 2105; x_wconf 91' lang='lat' dir='ltr'><strong>in</strong></span> <span class='ocrx_word' id='word_1_382' title='bbox 3066 2036 3513 2119; x_wconf 79' lang='lat' dir='ltr'><strong>iustiﬁcationem</strong></span> <span class='ocrx_word' id='word_1_383' title='bbox 3546 2084 3562 2107; x_wconf 92' lang='lat'><strong>,</strong></span> <span class='ocrx_word' id='word_1_384' title='bbox 3589 2043 3657 2097; x_wconf 90' lang='lat' dir='ltr'><strong>iis</strong></span> 
     </span>
    </p>
   </div>
   <div class='ocr_carea' id='block_1_50' title="bbox 2080 2135 3657 2217">
    <p class='ocr_par' dir='ltr' id='par_1_50' title="bbox 2080 2135 3657 2217">
     <span class='ocr_line' id='line_1_50' title="bbox 2080 2135 3657 2217; baseline -0.009 -14"><span class='ocrx_word' id='word_1_385' title='bbox 2080 2161 2214 2203; x_wconf 87' lang='lat' dir='ltr'><strong>vero</strong></span> <span class='ocrx_word' id='word_1_386' title='bbox 2241 2145 2338 2213; x_wconf 93' lang='lat' dir='ltr'><strong>qui</strong></span> <span class='ocrx_word' id='word_1_387' title='bbox 2366 2144 2549 2217; x_wconf 83' lang='lat' dir='ltr'><strong>ipsum</strong></span> <span class='ocrx_word' id='word_1_388' title='bbox 2586 2157 2885 2214; x_wconf 76' lang='lat' dir='ltr'><strong>agnoscere</strong></span> <span class='ocrx_word' id='word_1_389' title='bbox 2944 2140 3269 2205; x_wconf 89' lang='lat' dir='ltr'><strong>noluerunt,</strong></span> <span class='ocrx_word' id='word_1_390' title='bbox 3303 2138 3359 2193; x_wconf 92' lang='lat' dir='ltr'><strong>in</strong></span> <span class='ocrx_word' id='word_1_391' title='bbox 3395 2135 3657 2192; x_wconf 84' lang='lat' dir='ltr'><strong>condem—</strong></span> 
     </span>
    </p>
   </div>
   <div class='ocr_carea' id='block_1_51' title="bbox 2083 2222 3658 2304">
    <p class='ocr_par' dir='ltr' id='par_1_51' title="bbox 2083 2222 3658 2304">
     <span class='ocr_line' id='line_1_51' title="bbox 2083 2222 3658 2304; baseline -0.008 -12"><span class='ocrx_word' id='word_1_392' title='bbox 2083 2236 2362 2293; x_wconf 86' lang='lat' dir='ltr'><strong>nationem</strong></span> <span class='ocrx_word' id='word_1_393' title='bbox 2389 2235 2589 2303; x_wconf 85' lang='lat' dir='ltr'><strong>cessit;</strong></span> <span class='ocrx_word' id='word_1_394' title='bbox 2615 2235 2696 2292; x_wconf 89' lang='lat' dir='ltr'><strong>sic</strong></span> <span class='ocrx_word' id='word_1_395' title='bbox 2723 2243 2776 2290; x_wconf 92' lang='lat' dir='ltr'><strong>ct</strong></span> <span class='ocrx_word' id='word_1_396' title='bbox 2805 2233 2947 2304; x_wconf 86' lang='lat' dir='ltr'><strong>apud</strong></span> <span class='ocrx_word' id='word_1_397' title='bbox 2980 2231 3189 2288; x_wconf 81' lang='lat' dir='ltr'><strong>inferos</strong></span> <span class='ocrx_word' id='word_1_398' title='bbox 3215 2229 3450 2287; x_wconf 87' lang='lat' dir='ltr'><strong>detentis</strong></span> <span class='ocrx_word' id='word_1_399' title='bbox 3479 2222 3658 2282; x_wconf 89' lang='lat' dir='ltr'><strong>conti-</strong></span> 
     </span>
    </p>
   </div>
   <div class='ocr_carea' id='block_1_52' title="bbox 2080 2321 3657 2401">
    <p class='ocr_par' dir='ltr' id='par_1_52' title="bbox 2080 2321 3657 2401">
     <span class='ocr_line' id='line_1_52' title="bbox 2080 2321 3657 2401; baseline -0.007 -18"><span class='ocrx_word' id='word_1_400' title='bbox 2080 2328 2215 2401; x_wconf 68' lang='lat' dir='ltr'><strong>git:</strong></span> <span class='ocrx_word' id='word_1_401' title='bbox 2263 2328 2343 2385; x_wconf 80' lang='lat' dir='ltr'><strong>iis</strong></span> <span class='ocrx_word' id='word_1_402' title='bbox 2381 2328 2529 2384; x_wconf 89' lang='lat' dir='ltr'><strong>enim</strong></span> <span class='ocrx_word' id='word_1_403' title='bbox 2587 2326 2681 2399; x_wconf 84' lang='lat' dir='ltr'><strong>qui</strong></span> <span class='ocrx_word' id='word_1_404' title='bbox 2743 2326 3044 2382; x_wconf 88' lang='lat' dir='ltr'><strong>secundum</strong></span> <span class='ocrx_word' id='word_1_405' title='bbox 3104 2338 3329 2380; x_wconf 87' lang='lat' dir='ltr'><strong>carnem</strong></span> <span class='ocrx_word' id='word_1_406' title='bbox 3386 2321 3657 2382; x_wconf 81' lang='lat' dir='ltr'><strong>vixerant,</strong></span> 
     </span>
    </p>
   </div>
   <div class='ocr_carea' id='block_1_53' title="bbox 2078 2416 3658 2492">
    <p class='ocr_par' dir='ltr' id='par_1_53' title="bbox 2078 2416 3658 2492">
     <span class='ocr_line' id='line_1_53' title="bbox 2078 2416 3658 2492; baseline -0.007 -16"><span class='ocrx_word' id='word_1_407' title='bbox 2078 2421 2372 2492; x_wconf 82' lang='lat' dir='ltr'><strong>judicium,</strong></span> <span class='ocrx_word' id='word_1_408' title='bbox 2427 2421 2500 2477; x_wconf 89' lang='lat' dir='ltr'><strong>iis</strong></span> <span class='ocrx_word' id='word_1_409' title='bbox 2528 2427 2711 2476; x_wconf 84' lang='lat' dir='ltr'><strong>autem</strong></span> <span class='ocrx_word' id='word_1_410' title='bbox 2734 2419 2828 2490; x_wconf 88' lang='lat' dir='ltr'><strong>qui</strong></span> <span class='ocrx_word' id='word_1_411' title='bbox 2852 2416 3218 2490; x_wconf 73' lang='lat' dir='ltr'><strong>spiritualcm,</strong></span> <span class='ocrx_word' id='word_1_412' title='bbox 3255 2431 3352 2472; x_wconf 88' lang='lat' dir='ltr'><strong>seu</strong></span> <span class='ocrx_word' id='word_1_413' title='bbox 3411 2420 3658 2469; x_wconf 85' lang='lat' dir='ltr'><strong>ornatam</strong></span> 
     </span>
    </p>
   </div>
   <div class='ocr_carea' id='block_1_54' title="bbox 2089 2505 3659 2582">
    <p class='ocr_par' dir='ltr' id='par_1_54' title="bbox 2089 2505 3659 2582">
     <span class='ocr_line' id='line_1_54' title="bbox 2089 2505 3659 2582; baseline -0.01 -13"><span class='ocrx_word' id='word_1_414' title='bbox 2089 2514 2415 2581; x_wconf 83' lang='lat' dir='ltr'><strong>virtutibus,</strong></span> <span class='ocrx_word' id='word_1_415' title='bbox 2471 2513 2640 2568; x_wconf 82' lang='lat' dir='ltr'><strong>vitam</strong></span> <span class='ocrx_word' id='word_1_416' title='bbox 2699 2512 2991 2577; x_wconf 76' lang='lat' dir='ltr'><strong>duxerant,</strong></span> <span class='ocrx_word' id='word_1_417' title='bbox 3034 2508 3266 2582; x_wconf 81' lang='lat' dir='ltr'><strong>gloriam</strong></span> <span class='ocrx_word' id='word_1_418' title='bbox 3331 2516 3386 2562; x_wconf 89' lang='lat' dir='ltr'><strong>et</strong></span> <span class='ocrx_word' id='word_1_419' title='bbox 3427 2505 3659 2562; x_wconf 85' lang='lat' dir='ltr'><strong>salutem</strong></span> 
     </span>
    </p>
   </div>
   <div class='ocr_carea' id='block_1_55' title="bbox 2087 2600 3663 2673">
    <p class='ocr_par' dir='ltr' id='par_1_55' title="bbox 2087 2600 3663 2673">
     <span class='ocr_line' id='line_1_55' title="bbox 2087 2600 3663 2673; baseline -0.008 -15"><span class='ocrx_word' id='word_1_420' title='bbox 2087 2605 2292 2659; x_wconf 89' lang='lat' dir='ltr'><strong>attulit.</strong></span> <span class='ocrx_word' id='word_1_421' title='bbox 2316 2602 2500 2670; x_wconf 85' lang='lat' dir='ltr'><strong>Quare</strong></span> <span class='ocrx_word' id='word_1_422' title='bbox 2518 2600 2692 2658; x_wconf 80' lang='lat' dir='ltr'><strong>Judex</strong></span> <span class='ocrx_word' id='word_1_423' title='bbox 2716 2600 2970 2673; x_wconf 77' lang='lat' dir='ltr'><strong>vivorum</strong></span> <span class='ocrx_word' id='word_1_424' title='bbox 3035 2606 3091 2655; x_wconf 83' lang='lat' dir='ltr'><strong>et</strong></span> <span class='ocrx_word' id='word_1_425' title='bbox 3121 2604 3465 2653; x_wconf 82' lang='lat' dir='ltr'><strong>mortuorum</strong></span> <span class='ocrx_word' id='word_1_426' title='bbox 3519 2602 3663 2649; x_wconf 84' lang='lat' dir='ltr'><strong>recte</strong></span> 
     </span>
    </p>
   </div>
   <div class='ocr_carea' id='block_1_56' title="bbox 2086 2687 3665 2762">
    <p class='ocr_par' dir='ltr' id='par_1_56' title="bbox 2086 2687 3665 2762">
     <span class='ocr_line' id='line_1_56' title="bbox 2086 2687 3665 2762; baseline -0.008 -12"><span class='ocrx_word' id='word_1_427' title='bbox 2086 2693 2307 2750; x_wconf 89' lang='lat' dir='ltr'><strong>dicitur.</strong></span> <span class='ocrx_word' id='word_1_428' title='bbox 2366 2694 2558 2748; x_wconf 79' lang='lat' dir='ltr'><strong>Aliter.</strong></span> <span class='ocrx_word' id='word_1_429' title='bbox 2627 2691 2872 2748; x_wconf 81' lang='lat' dir='ltr'><strong>Mortuos</strong></span> <span class='ocrx_word' id='word_1_430' title='bbox 2932 2690 3024 2745; x_wconf 91' lang='lat' dir='ltr'><strong>hic</strong></span> <span class='ocrx_word' id='word_1_431' title='bbox 3081 2689 3318 2762; x_wconf 84' lang='lat' dir='ltr'><strong>appellat</strong></span> <span class='ocrx_word' id='word_1_432' title='bbox 3369 2701 3465 2742; x_wconf 87' lang='lat' dir='ltr'><strong>eos</strong></span> <span class='ocrx_word' id='word_1_433' title='bbox 3524 2687 3665 2741; x_wconf 85' lang='lat' dir='ltr'><strong>inter</strong></span> 
     </span>
    </p>
   </div>
   <div class='ocr_carea' id='block_1_57' title="bbox 2088 2774 3664 2857">
    <p class='ocr_par' dir='ltr' id='par_1_57' title="bbox 2088 2774 3664 2857">
     <span class='ocr_line' id='line_1_57' title="bbox 2088 2774 3664 2857; baseline -0.009 -16"><span class='ocrx_word' id='word_1_434' title='bbox 2088 2786 2341 2857; x_wconf 81' lang='lat' dir='ltr'><strong>gentiles,</strong></span> <span class='ocrx_word' id='word_1_435' title='bbox 2374 2786 2468 2857; x_wconf 89' lang='lat' dir='ltr'><strong>qui</strong></span> <span class='ocrx_word' id='word_1_436' title='bbox 2508 2782 2846 2840; x_wconf 80' lang='lat' dir='ltr'><strong>enumeratis</strong></span> <span class='ocrx_word' id='word_1_437' title='bbox 2890 2796 3056 2852; x_wconf 78' lang='lat' dir='ltr'><strong>supra</strong></span> <span class='ocrx_word' id='word_1_438' title='bbox 3124 2777 3449 2837; x_wconf 84' lang='lat' dir='ltr'><strong>criminibus</strong></span> <span class='ocrx_word' id='word_1_439' title='bbox 3496 2774 3664 2830; x_wconf 85' lang='lat' dir='ltr'><strong>occisi</strong></span> 
     </span>
    </p>
   </div>
   <div class='ocr_carea' id='block_1_58' title="bbox 2086 2867 3667 2954">
    <p class='ocr_par' dir='ltr' id='par_1_58' title="bbox 2086 2867 3667 2954">
     <span class='ocr_line' id='line_1_58' title="bbox 2086 2867 3667 2954; baseline -0.01 -20"><span class='ocrx_word' id='word_1_440' title='bbox 2086 2885 2246 2934; x_wconf 83' lang='lat' dir='ltr'><strong>erant</strong></span> <span class='ocrx_word' id='word_1_441' title='bbox 2277 2896 2291 2933; x_wconf 91' lang='lat'><strong>:</strong></span> <span class='ocrx_word' id='word_1_442' title='bbox 2322 2877 2391 2934; x_wconf 92' lang='lat' dir='ltr'><strong>de</strong></span> <span class='ocrx_word' id='word_1_443' title='bbox 2439 2877 2639 2954; x_wconf 80' lang='lat' dir='ltr'><strong>quibus</strong></span> <span class='ocrx_word' id='word_1_444' title='bbox 2668 2882 2822 2947; x_wconf 80' lang='lat' dir='ltr'><strong>optat</strong></span> <span class='ocrx_word' id='word_1_445' title='bbox 2885 2871 3193 2946; x_wconf 87' lang='lat' dir='ltr'><strong>apostolus,</strong></span> <span class='ocrx_word' id='word_1_446' title='bbox 3251 2878 3309 2926; x_wconf 89' lang='lat' dir='ltr'><strong>ut</strong></span> <span class='ocrx_word' id='word_1_447' title='bbox 3369 2867 3667 2938; x_wconf 83' lang='lat' dir='ltr'><strong>aliquando</strong></span> 
     </span>
    </p>
   </div>
   <div class='ocr_carea' id='block_1_59' title="bbox 2088 2958 3666 3030">
    <p class='ocr_par' dir='ltr' id='par_1_59' title="bbox 2088 2958 3666 3030">
     <span class='ocr_line' id='line_1_59' title="bbox 2088 2958 3666 3030; baseline -0.011 -3"><span class='ocrx_word' id='word_1_448' title='bbox 2088 2968 2344 3027; x_wconf 90' lang='lat' dir='ltr'><strong>conversi</strong></span> <span class='ocrx_word' id='word_1_449' title='bbox 2394 2976 2599 3025; x_wconf 81' lang='lat' dir='ltr'><strong>rectam</strong></span> <span class='ocrx_word' id='word_1_450' title='bbox 2669 2987 2687 3021; x_wconf 87' lang='grc' dir='ltr'><strong>ι</strong></span> <span class='ocrx_word' id='word_1_451' title='bbox 2734 2967 3002 3022; x_wconf 89' lang='lat' dir='ltr'><strong>rationem</strong></span> <span class='ocrx_word' id='word_1_452' title='bbox 3071 2963 3298 3020; x_wconf 87' lang='lat' dir='ltr'><strong>reddere</strong></span> <span class='ocrx_word' id='word_1_453' title='bbox 3360 2980 3378 3013; x_wconf 78' lang='grc' dir='ltr'><strong>ι</strong></span> <span class='ocrx_word' id='word_1_454' title='bbox 3448 2958 3666 3030; x_wconf 88' lang='lat' dir='ltr'><strong>pnssiut</strong></span> 
     </span>
    </p>
   </div>
   <div class='ocr_carea' id='block_1_60' title="bbox 2096 3056 3661 3136">
    <p class='ocr_par' dir='ltr' id='par_1_60' title="bbox 2096 3056 3661 3136">
     <span class='ocr_line' id='line_1_60' title="bbox 2096 3056 3661 3136; baseline -0.012 -18"><span class='ocrx_word' id='word_1_455' title='bbox 2096 3083 2117 3118; x_wconf 78' lang='grc' dir='ltr'><strong>ι</strong></span> <span class='ocrx_word' id='word_1_456' title='bbox 2154 3064 2227 3131; x_wconf 88' lang='lat' dir='ltr'><strong>ei,</strong></span> <span class='ocrx_word' id='word_1_457' title='bbox 2262 3062 2356 3136; x_wconf 86' lang='lat' dir='ltr'><strong>qui</strong></span> <span class='ocrx_word' id='word_1_458' title='bbox 2386 3069 2610 3132; x_wconf 72' lang='lat' dir='ltr'><strong>paratus</strong></span> <span class='ocrx_word' id='word_1_459' title='bbox 2639 3066 2722 3115; x_wconf 84' lang='lat' dir='ltr'><strong>est</strong></span> <span class='ocrx_word' id='word_1_460' title='bbox 2768 3057 3014 3128; x_wconf 86' lang='lat' dir='ltr'><strong>judicare</strong></span> <span class='ocrx_word' id='word_1_461' title='bbox 3044 3056 3196 3111; x_wconf 81' lang='lat' dir='ltr'><strong>vivos</strong></span> <span class='ocrx_word' id='word_1_462' title='bbox 3248 3061 3302 3108; x_wconf 91' lang='lat' dir='ltr'><strong>et</strong></span> <span class='ocrx_word' id='word_1_463' title='bbox 3333 3059 3600 3106; x_wconf 88' lang='lat' dir='ltr'><strong>mortuos.</strong></span> <span class='ocrx_word' id='word_1_464' title='bbox 3645 3068 3661 3099; x_wconf 75' lang='grc' dir='ltr'><strong>ι</strong></span> 
     </span>
    </p>
   </div>
   <div class='ocr_carea' id='block_1_61' title="bbox 2096 3149 3670 3220">
    <p class='ocr_par' dir='ltr' id='par_1_61' title="bbox 2096 3149 3670 3220">
     <span class='ocr_line' id='line_1_61' title="bbox 2096 3149 3670 3220; baseline -0.009 -12"><span class='ocrx_word' id='word_1_465' title='bbox 2096 3175 2115 3208; x_wconf 80' lang='grc' dir='ltr'><strong>ι</strong></span> <span class='ocrx_word' id='word_1_466' title='bbox 2159 3155 2344 3217; x_wconf 85' lang='lat' dir='ltr'><strong>Vives,</strong></span> <span class='ocrx_word' id='word_1_467' title='bbox 2387 3171 2409 3206; x_wconf 69' lang='grc' dir='ltr'><strong>ι</strong></span> <span class='ocrx_word' id='word_1_468' title='bbox 2444 3166 2636 3208; x_wconf 88' lang='lat' dir='ltr'><strong>rursus</strong></span> <span class='ocrx_word' id='word_1_469' title='bbox 2661 3149 2870 3220; x_wconf 85' lang='lat' dir='ltr'><strong>justos,</strong></span> <span class='ocrx_word' id='word_1_470' title='bbox 2896 3166 2914 3200; x_wconf 80' lang='grc' dir='ltr'><strong>ι</strong></span> <span class='ocrx_word' id='word_1_471' title='bbox 2976 3154 3220 3200; x_wconf 87' lang='lat' dir='ltr'><strong>mortuos</strong></span> <span class='ocrx_word' id='word_1_472' title='bbox 3249 3163 3267 3196; x_wconf 74' lang='grc' dir='ltr'><strong>ι</strong></span> <span class='ocrx_word' id='word_1_473' title='bbox 3305 3151 3484 3197; x_wconf 89' lang='lat' dir='ltr'><strong>autem</strong></span> <span class='ocrx_word' id='word_1_474' title='bbox 3543 3155 3670 3211; x_wconf 81' lang='lat' dir='ltr'><strong>pec-</strong></span> 
     </span>
    </p>
   </div>
   <div class='ocr_carea' id='block_1_62' title="bbox 417 3232 2009 3327">
    <p class='ocr_par' dir='ltr' id='par_1_62' title="bbox 417 3232 1988 3327">
     <span class='ocr_line' id='line_1_62' title="bbox 417 3232 1988 3327; baseline 0.001 -20"><span class='ocrx_word' id='word_1_475' title='bbox 417 3253 717 3324; x_wconf 85' lang='grc' dir='ltr'>βασιλείαν.</span> <span class='ocrx_word' id='word_1_476' title='bbox 752 3232 963 3320; x_wconf 72' lang='grc' dir='ltr'>όῖτινες</span> <span class='ocrx_word' id='word_1_477' title='bbox 1002 3232 1319 3327; x_wconf 71' lang='grc' dir='ltr'>ἁμαρτωλοὶ</span> <span class='ocrx_word' id='word_1_478' title='bbox 1355 3232 1783 3327; x_wconf 79' lang='grc' dir='ltr'>προσδεξάμενοι</span> <span class='ocrx_word' id='word_1_479' title='bbox 1813 3232 1988 3312; x_wconf 75' lang='grc' dir='ltr'>αὐτοῦ</span> 
     </span>
    </p>
   </div>
   <div class='ocr_carea' id='block_1_63' title="bbox 2094 3232 3667 3327">
    <p class='ocr_par' dir='ltr' id='par_1_63' title="bbox 2096 3232 3667 3314">
     <span class='ocr_line' id='line_1_63' title="bbox 2096 3232 3667 3314; baseline -0.014 -9"><span class='ocrx_word' id='word_1_480' title='bbox 2096 3256 2312 3305; x_wconf 81' lang='lat' dir='ltr'><strong>calores</strong></span> <span class='ocrx_word' id='word_1_481' title='bbox 2344 3250 2546 3299; x_wconf 83' lang='lat' dir='ltr'><strong>vocat:</strong></span> <span class='ocrx_word' id='word_1_482' title='bbox 2581 3241 2787 3314; x_wconf 85' lang='lat' dir='ltr'><strong>quibus</strong></span> <span class='ocrx_word' id='word_1_483' title='bbox 2812 3239 3058 3295; x_wconf 84' lang='lat' dir='ltr'><strong>divinum</strong></span> <span class='ocrx_word' id='word_1_484' title='bbox 3098 3235 3333 3292; x_wconf 83' lang='lat' dir='ltr'><strong>Verbum</strong></span> <span class='ocrx_word' id='word_1_485' title='bbox 3370 3234 3425 3288; x_wconf 93' lang='lat' dir='ltr'><strong>in</strong></span> <span class='ocrx_word' id='word_1_486' title='bbox 3458 3247 3560 3287; x_wconf 92' lang='lat' dir='ltr'><strong>suo</strong></span> <span class='ocrx_word' id='word_1_487' title='bbox 3613 3232 3667 3286; x_wconf 88' lang='lat' dir='ltr'><strong>in</strong></span> 
     </span>
    </p>
   </div>
   <div class='ocr_carea' id='block_1_64' title="bbox 418 3345 1990 3421">
    <p class='ocr_par' dir='ltr' id='par_1_64' title="bbox 418 3345 1990 3421">
     <span class='ocr_line' id='line_1_64' title="bbox 418 3345 1990 3421; baseline 0.001 -20"><span class='ocrx_word' id='word_1_488' title='bbox 418 3346 526 3412; x_wconf 77' lang='grc' dir='ltr'><strong>τὰς</strong></span> <span class='ocrx_word' id='word_1_489' title='bbox 569 3345 814 3415; x_wconf 76' lang='grc' dir='ltr'>ἐντολάς,</span> <span class='ocrx_word' id='word_1_490' title='bbox 874 3347 1157 3421; x_wconf 80' lang='grc' dir='ltr'>κρινοῦσιν</span> <span class='ocrx_word' id='word_1_491' title='bbox 1204 3349 1430 3415; x_wconf 80' lang='grc' dir='ltr'>ἑαυτοὺς</span> <span class='ocrx_word' id='word_1_492' title='bbox 1486 3349 1630 3403; x_wconf 75' lang='grc' dir='ltr'>κατὰ</span> <span class='ocrx_word' id='word_1_493' title='bbox 1669 3350 1990 3421; x_wconf 74' lang='grc' dir='ltr'>ἀνθρώπους</span> 
     </span>
    </p>
   </div>
   <div class='ocr_carea' id='block_1_65' title="bbox 414 3437 1992 3512">
    <p class='ocr_par' dir='ltr' id='par_1_65' title="bbox 414 3437 1992 3512">
     <span class='ocr_line' id='line_1_65' title="bbox 414 3437 1992 3512; baseline -0.001 -19"><span class='ocrx_word' id='word_1_494' title='bbox 414 3439 583 3510; x_wconf 84' lang='grc' dir='ltr'>σαρκί</span> <span class='ocrx_word' id='word_1_495' title='bbox 627 3454 642 3469; x_wconf 90' lang='grc'><strong>·</strong></span> <span class='ocrx_word' id='word_1_496' title='bbox 675 3438 823 3493; x_wconf 79' lang='grc' dir='ltr'>τοῦτ’</span> <span class='ocrx_word' id='word_1_497' title='bbox 873 3441 1042 3505; x_wconf 76' lang='grc' dir='ltr'>ἐστιν,</span> <span class='ocrx_word' id='word_1_498' title='bbox 1092 3441 1150 3494; x_wconf 82' lang='grc' dir='ltr'>ὲν</span> <span class='ocrx_word' id='word_1_499' title='bbox 1185 3439 1265 3510; x_wconf 87' lang='grc' dir='ltr'>τῷ</span> <span class='ocrx_word' id='word_1_500' title='bbox 1303 3438 1630 3512; x_wconf 80' lang='grc' dir='ltr'>ἀνθρωπίνῳ</span> <span class='ocrx_word' id='word_1_501' title='bbox 1671 3438 1847 3509; x_wconf 76' lang='grc' dir='ltr'>τούτῳ</span> <span class='ocrx_word' id='word_1_502' title='bbox 1892 3437 1992 3509; x_wconf 82' lang='grc' dir='ltr'>βίῳ</span> 
     </span>
    </p>
   </div>
   <div class='ocr_carea' id='block_1_66' title="bbox 418 3527 1994 3603">
    <p class='ocr_par' dir='ltr' id='par_1_66' title="bbox 418 3527 1994 3603">
     <span class='ocr_line' id='line_1_66' title="bbox 418 3527 1994 3603; baseline -0.001 -19"><span class='ocrx_word' id='word_1_503' title='bbox 418 3527 518 3592; x_wconf 74' lang='grc' dir='ltr'>τὴν</span> <span class='ocrx_word' id='word_1_504' title='bbox 551 3531 760 3586; x_wconf 76' lang='grc' dir='ltr'>ἑαυτῶν</span> <span class='ocrx_word' id='word_1_505' title='bbox 792 3530 974 3603; x_wconf 81' lang='grc' dir='ltr'>σάρκα</span> <span class='ocrx_word' id='word_1_506' title='bbox 1001 3531 1461 3596; x_wconf 74' lang='grc' dir='ltr'>καταδικάζουσιν</span> <span class='ocrx_word' id='word_1_507' title='bbox 1490 3531 1548 3584; x_wconf 81' lang='grc' dir='ltr'>ὲν</span> <span class='ocrx_word' id='word_1_508' title='bbox 1576 3528 1876 3601; x_wconf 81' lang='grc' dir='ltr'>νηστείαις,</span> <span class='ocrx_word' id='word_1_509' title='bbox 1900 3529 1994 3582; x_wconf 79' lang='grc' dir='ltr'>καὶ</span> 
     </span>
    </p>
   </div>
   <div class='ocr_carea' id='block_1_67' title="bbox 421 3619 1991 3696">
    <p class='ocr_par' dir='ltr' id='par_1_67' title="bbox 421 3619 1991 3696">
     <span class='ocr_line' id='line_1_67' title="bbox 421 3619 1991 3696; baseline -0.002 -22"><span class='ocrx_word' id='word_1_510' title='bbox 421 3620 764 3696; x_wconf 80' lang='grc' dir='ltr'>χαμευνίαις,</span> <span class='ocrx_word' id='word_1_511' title='bbox 795 3622 889 3674; x_wconf 75' lang='grc' dir='ltr'>καὶ</span> <span class='ocrx_word' id='word_1_512' title='bbox 921 3621 1176 3694; x_wconf 86' lang='grc' dir='ltr'>δάκρυσι,</span> <span class='ocrx_word' id='word_1_513' title='bbox 1212 3621 1309 3676; x_wconf 69' lang='grc' dir='ltr'>καὶ</span> <span class='ocrx_word' id='word_1_514' title='bbox 1335 3626 1403 3694; x_wconf 85' lang='grc' dir='ltr'>τῇ</span> <span class='ocrx_word' id='word_1_515' title='bbox 1432 3620 1597 3693; x_wconf 81' lang='grc' dir='ltr'>λοιπῇ</span> <span class='ocrx_word' id='word_1_516' title='bbox 1628 3619 1991 3691; x_wconf 72' lang='grc' dir='ltr'>κακοπαθείᾳ,</span> 
     </span>
    </p>
   </div>
   <div class='ocr_carea' id='block_1_68' title="bbox 423 3706 1996 3781">
    <p class='ocr_par' dir='ltr' id='par_1_68' title="bbox 423 3706 1996 3781">
     <span class='ocr_line' id='line_1_68' title="bbox 423 3706 1996 3781; baseline -0.001 -18"><span class='ocrx_word' id='word_1_517' title='bbox 423 3709 515 3765; x_wconf 80' lang='grc' dir='ltr'>ἵνα</span> <span class='ocrx_word' id='word_1_518' title='bbox 534 3710 744 3781; x_wconf 78' lang='grc' dir='ltr'>ζήσωσι</span> <span class='ocrx_word' id='word_1_519' title='bbox 769 3711 913 3766; x_wconf 78' lang='grc' dir='ltr'>κατὰ</span> <span class='ocrx_word' id='word_1_520' title='bbox 940 3710 1077 3766; x_wconf 75' lang='grc' dir='ltr'>Θεὸν</span> <span class='ocrx_word' id='word_1_521' title='bbox 1101 3710 1404 3781; x_wconf 82' lang='grc' dir='ltr'>πνεύματι,</span> <span class='ocrx_word' id='word_1_522' title='bbox 1428 3711 1489 3764; x_wconf 86' lang='grc' dir='ltr'>τὸ</span> <span class='ocrx_word' id='word_1_523' title='bbox 1513 3706 1873 3764; x_wconf 79' lang='grc' dir='ltr'>άποστολικὺν</span> <span class='ocrx_word' id='word_1_524' title='bbox 1904 3707 1996 3761; x_wconf 85' lang='grc' dir='ltr'><strong>λό-</strong></span> 
     </span>
    </p>
   </div>
   <div class='ocr_carea' id='block_1_69' title="bbox 424 3796 1996 3871">
    <p class='ocr_par' dir='ltr' id='par_1_69' title="bbox 424 3796 1996 3871">
     <span class='ocr_line' id='line_1_69' title="bbox 424 3796 1996 3871; baseline -0.003 -17"><span class='ocrx_word' id='word_1_525' title='bbox 424 3817 544 3870; x_wconf 75' lang='grc' dir='ltr'>γιον</span> <span class='ocrx_word' id='word_1_526' title='bbox 575 3799 974 3871; x_wconf 71' lang='grc' dir='ltr'>ἐνθυμούμενοι</span> <span class='ocrx_word' id='word_1_527' title='bbox 997 3802 1058 3855; x_wconf 78' lang='grc' dir='ltr'>τὸ</span> <span class='ocrx_word' id='word_1_528' title='bbox 1081 3800 1290 3870; x_wconf 86' lang='grc' dir='ltr'>φάσκον</span> <span class='ocrx_word' id='word_1_529' title='bbox 1311 3816 1324 3830; x_wconf 83' lang='grc'><em>’</em></span> <span class='ocrx_word' id='word_1_530' title='bbox 1358 3818 1377 3852; x_wconf 83' lang='grc' dir='ltr'><strong>ι</strong></span> <span class='ocrx_word' id='word_1_531' title='bbox 1413 3799 1476 3853; x_wconf 82' lang='grc' dir='ltr'><strong>Εἰ</strong></span> <span class='ocrx_word' id='word_1_532' title='bbox 1518 3799 1614 3852; x_wconf 78' lang='grc' dir='ltr'>καὶ</span> <span class='ocrx_word' id='word_1_533' title='bbox 1640 3800 1670 3852; x_wconf 85' lang='grc' dir='ltr'>ὁ</span> <span class='ocrx_word' id='word_1_534' title='bbox 1701 3797 1807 3865; x_wconf 75' lang='grc' dir='ltr'><strong>ἔξω</strong></span> <span class='ocrx_word' id='word_1_535' title='bbox 1836 3796 1996 3868; x_wconf 81' lang='grc' dir='ltr'>ἡμῶν</span> 
     </span>
    </p>
   </div>
   <div class='ocr_carea' id='block_1_70' title="bbox 427 3886 1997 3964">
    <p class='ocr_par' dir='ltr' id='par_1_70' title="bbox 427 3886 1997 3964">
     <span class='ocr_line' id='line_1_70' title="bbox 427 3886 1997 3964; baseline -0.004 -18"><span class='ocrx_word' id='word_1_536' title='bbox 427 3890 714 3963; x_wconf 78' lang='grc' dir='ltr'>ἄνθρωπος</span> <span class='ocrx_word' id='word_1_537' title='bbox 744 3890 1045 3964; x_wconf 80' lang='grc' dir='ltr'>φθείρεται,</span> <span class='ocrx_word' id='word_1_538' title='bbox 1073 3891 1187 3947; x_wconf 81' lang='grc' dir='ltr'>ἀλλ’</span> <span class='ocrx_word' id='word_1_539' title='bbox 1217 3892 1245 3945; x_wconf 84' lang='grc' dir='ltr'><strong>δ</strong></span> <span class='ocrx_word' id='word_1_540' title='bbox 1267 3890 1375 3945; x_wconf 75' lang='grc' dir='ltr'>ἔσω</span> <span class='ocrx_word' id='word_1_541' title='bbox 1399 3886 1786 3946; x_wconf 79' lang='grc' dir='ltr'>ἀνακαινοῦται</span> <span class='ocrx_word' id='word_1_542' title='bbox 1810 3887 1997 3960; x_wconf 62' lang='grc' dir='ltr'>ἡμέρᾳ</span> 
     </span>
    </p>
   </div>
   <div class='ocr_carea' id='block_1_71' title="bbox 423 3984 769 4058">
    <p class='ocr_par' dir='ltr' id='par_1_71' title="bbox 423 3984 769 4058">
     <span class='ocr_line' id='line_1_71' title="bbox 423 3984 769 4058; baseline -0.003 -2"><span class='ocrx_word' id='word_1_543' title='bbox 423 3985 492 4056; x_wconf 69' lang='grc' dir='ltr'>τῇ</span> <span class='ocrx_word' id='word_1_544' title='bbox 520 3984 720 4058; x_wconf 60' lang='grc' dir='ltr'>ἡμέρᾳ·</span> <span class='ocrx_word' id='word_1_545' title='bbox 744 4004 769 4038; x_wconf 70' lang='grc' dir='ltr'><strong>ι</strong></span> 
     </span>
    </p>
   </div>
   <div class='ocr_carea' id='block_1_72' title="bbox 506 4261 2002 4336">
    <p class='ocr_par' dir='ltr' id='par_1_72' title="bbox 506 4261 2002 4336">
     <span class='ocr_line' id='line_1_72' title="bbox 506 4261 2002 4336; baseline 0.001 -20"><span class='ocrx_word' id='word_1_546' title='bbox 506 4282 525 4316; x_wconf 79' lang='grc' dir='ltr'><strong>ι</strong></span> <span class='ocrx_word' id='word_1_547' title='bbox 565 4263 658 4328; x_wconf 78' lang='grc' dir='ltr'>Εἰς</span> <span class='ocrx_word' id='word_1_548' title='bbox 704 4261 865 4318; x_wconf 83' lang='grc' dir='ltr'>τοῦτο</span> <span class='ocrx_word' id='word_1_549' title='bbox 903 4263 1012 4336; x_wconf 80' lang='grc' dir='ltr'><strong>γάρ</strong></span> <span class='ocrx_word' id='word_1_550' title='bbox 1058 4263 1155 4318; x_wconf 70' lang='grc' dir='ltr'>καὶ</span> <span class='ocrx_word' id='word_1_551' title='bbox 1201 4265 1417 4335; x_wconf 76' lang='grc' dir='ltr'>νεκροῖς</span> <span class='ocrx_word' id='word_1_552' title='bbox 1458 4263 1845 4336; x_wconf 75' lang='grc' dir='ltr'>εὐηγγελίσθη.</span> <span class='ocrx_word' id='word_1_553' title='bbox 1887 4282 1906 4316; x_wconf 75' lang='grc' dir='ltr'><strong>ι</strong></span> <span class='ocrx_word' id='word_1_554' title='bbox 1938 4265 2002 4319; x_wconf 77' lang='grc' dir='ltr'><strong>Οἱ</strong></span> 
     </span>
    </p>
   </div>
   <div class='ocr_carea' id='block_1_73' title="bbox 434 4354 2005 4428">
    <p class='ocr_par' dir='ltr' id='par_1_73' title="bbox 434 4354 2005 4428">
     <span class='ocr_line' id='line_1_73' title="bbox 434 4354 2005 4428; baseline -0.001 -19"><span class='ocrx_word' id='word_1_555' title='bbox 434 4356 533 4427; x_wconf 78' lang='grc' dir='ltr'>μὲν</span> <span class='ocrx_word' id='word_1_556' title='bbox 558 4354 779 4411; x_wconf 78' lang='grc' dir='ltr'>παλαιοὶ</span> <span class='ocrx_word' id='word_1_557' title='bbox 808 4355 917 4410; x_wconf 85' lang='grc' dir='ltr'><strong>τῶν</strong></span> <span class='ocrx_word' id='word_1_558' title='bbox 949 4356 1208 4428; x_wconf 80' lang='grc' dir='ltr'>ΙΙατέρων</span> <span class='ocrx_word' id='word_1_559' title='bbox 1237 4354 1398 4410; x_wconf 75' lang='grc' dir='ltr'>τοῦτο</span> <span class='ocrx_word' id='word_1_560' title='bbox 1422 4355 1504 4421; x_wconf 79' lang='grc' dir='ltr'>τὸ,</span> <span class='ocrx_word' id='word_1_561' title='bbox 1544 4374 1563 4407; x_wconf 85' lang='grc' dir='ltr'><strong>ι</strong></span> <span class='ocrx_word' id='word_1_562' title='bbox 1588 4356 1820 4427; x_wconf 85' lang='grc' dir='ltr'>Νεκροῖς</span> <span class='ocrx_word' id='word_1_563' title='bbox 1838 4356 2005 4427; x_wconf 81' lang='grc' dir='ltr'>εὐηγ-</span> 
     </span>
    </p>
   </div>
   <div class='ocr_carea' id='block_1_74' title="bbox 431 4447 2017 4522">
    <p class='ocr_par' dir='ltr' id='par_1_74' title="bbox 431 4447 2017 4522">
     <span class='ocr_line' id='line_1_74' title="bbox 431 4447 2017 4522; baseline -0.001 -20"><span class='ocrx_word' id='word_1_564' title='bbox 431 4448 682 4521; x_wconf 78' lang='grc' dir='ltr'>γελίσθη,</span> <span class='ocrx_word' id='word_1_565' title='bbox 712 4468 731 4502; x_wconf 79' lang='grc' dir='ltr'><strong>ι</strong></span> <span class='ocrx_word' id='word_1_566' title='bbox 771 4447 847 4513; x_wconf 84' lang='grc' dir='ltr'><strong>ὡς</strong></span> <span class='ocrx_word' id='word_1_567' title='bbox 887 4449 1196 4522; x_wconf 79' lang='grc' dir='ltr'>περικοπὴν</span> <span class='ocrx_word' id='word_1_568' title='bbox 1234 4449 1593 4521; x_wconf 78' lang='grc' dir='ltr'>ἐξηγήσαντο,</span> <span class='ocrx_word' id='word_1_569' title='bbox 1637 4448 1791 4503; x_wconf 74' lang='grc' dir='ltr'>οὐδὲν</span> <span class='ocrx_word' id='word_1_570' title='bbox 1838 4464 2017 4518; x_wconf 58' lang='grc' dir='ltr'>φρονοη</span> 
     </span>
    </p>
   </div>
   <div class='ocr_carea' id='block_1_75' title="bbox 430 4535 2004 4611">
    <p class='ocr_par' dir='ltr' id='par_1_75' title="bbox 430 4535 2004 4611">
     <span class='ocr_line' id='line_1_75' title="bbox 430 4535 2004 4611; baseline -0.002 -18"><span class='ocrx_word' id='word_1_571' title='bbox 430 4540 681 4604; x_wconf 84' lang='grc' dir='ltr'>τίσαντες</span> <span class='ocrx_word' id='word_1_572' title='bbox 711 4540 810 4610; x_wconf 84' lang='grc' dir='ltr'><strong>τῆς</strong></span> <span class='ocrx_word' id='word_1_573' title='bbox 850 4539 1136 4611; x_wconf 85' lang='grc' dir='ltr'>συνεχείας</span> <span class='ocrx_word' id='word_1_574' title='bbox 1176 4539 1286 4594; x_wconf 90' lang='grc' dir='ltr'><strong>τῶν</strong></span> <span class='ocrx_word' id='word_1_575' title='bbox 1329 4537 1467 4605; x_wconf 80' lang='grc' dir='ltr'>ἄνω,</span> <span class='ocrx_word' id='word_1_576' title='bbox 1510 4537 1619 4592; x_wconf 78' lang='grc' dir='ltr'>οὐδ’</span> <span class='ocrx_word' id='word_1_577' title='bbox 1646 4539 1729 4592; x_wconf 86' lang='grc' dir='ltr'>ὃτι</span> <span class='ocrx_word' id='word_1_578' title='bbox 1773 4535 2004 4591; x_wconf 64' lang='lat' dir='ltr'><strong>tri-stolo-</strong></span> 
     </span>
    </p>
   </div>
   <div class='ocr_carea' id='block_1_76' title="bbox 2102 3328 3644 3401">
    <p class='ocr_par' dir='ltr' id='par_1_76' title="bbox 2102 3328 3644 3401">
     <span class='ocr_line' id='line_1_76' title="bbox 2102 3328 3644 3401; baseline -0.01 -7"><span class='ocrx_word' id='word_1_579' title='bbox 2102 3341 2249 3394; x_wconf 85' lang='lat' dir='ltr'><strong>hune</strong></span> <span class='ocrx_word' id='word_1_580' title='bbox 2280 3337 2543 3392; x_wconf 85' lang='lat' dir='ltr'><strong>mundum</strong></span> <span class='ocrx_word' id='word_1_581' title='bbox 2571 3337 2805 3389; x_wconf 84' lang='lat' dir='ltr'><strong>adventu</strong></span> <span class='ocrx_word' id='word_1_582' title='bbox 2852 3328 3246 3401; x_wconf 78' lang='lat' dir='ltr'><strong>evangelizarit</strong></span> <span class='ocrx_word' id='word_1_583' title='bbox 3277 3340 3501 3396; x_wconf 81' lang='lat' dir='ltr'><strong>regnum</strong></span> <span class='ocrx_word' id='word_1_584' title='bbox 3560 3338 3644 3379; x_wconf 68' lang='lat' dir='ltr'><strong>co:</strong></span> 
     </span>
    </p>
   </div>
   <div class='ocr_carea' id='block_1_77' title="bbox 2100 3408 3676 3495">
    <p class='ocr_par' dir='ltr' id='par_1_77' title="bbox 2100 3408 3676 3495">
     <span class='ocr_line' id='line_1_77' title="bbox 2100 3408 3676 3495; baseline -0.011 -12"><span class='ocrx_word' id='word_1_585' title='bbox 2100 3429 2299 3484; x_wconf 84' lang='lat' dir='ltr'><strong>lorum.</strong></span> <span class='ocrx_word' id='word_1_586' title='bbox 2352 3425 2419 3479; x_wconf 88' lang='lat' dir='ltr'><strong>Et</strong></span> <span class='ocrx_word' id='word_1_587' title='bbox 2449 3423 2669 3495; x_wconf 77' lang='lat' dir='ltr'><strong>quidem</strong></span> <span class='ocrx_word' id='word_1_588' title='bbox 2730 3428 3048 3492; x_wconf 82' lang='lat' dir='ltr'><strong>peccatores</strong></span> <span class='ocrx_word' id='word_1_589' title='bbox 3094 3417 3187 3488; x_wconf 85' lang='lat' dir='ltr'><strong>qui</strong></span> <span class='ocrx_word' id='word_1_590' title='bbox 3240 3418 3364 3486; x_wconf 79' lang='lat' dir='ltr'><strong>ejus</strong></span> <span class='ocrx_word' id='word_1_591' title='bbox 3422 3408 3676 3468; x_wconf 82' lang='lat' dir='ltr'><strong>mandata</strong></span> 
     </span>
    </p>
   </div>
   <div class='ocr_carea' id='block_1_78' title="bbox 2068 3506 3678 3592">
    <p class='ocr_par' dir='ltr' id='par_1_78' title="bbox 2068 3506 3678 3592">
     <span class='ocr_line' id='line_1_78' title="bbox 2068 3506 3678 3592; baseline -0.011 -16"><span class='ocrx_word' id='word_1_592' title='bbox 2068 3516 2332 3592; x_wconf 45' lang='lat' dir='ltr'><strong>&#39;amplcxi</strong></span> <span class='ocrx_word' id='word_1_593' title='bbox 2367 3517 2796 3588; x_wconf 80' lang='lat' dir='ltr'><strong>suut,judicant</strong></span> <span class='ocrx_word' id='word_1_594' title='bbox 2849 3514 3173 3582; x_wconf 84' lang='lat' dir='ltr'><strong>semetipsos</strong></span> <span class='ocrx_word' id='word_1_595' title='bbox 3228 3510 3377 3564; x_wconf 87' lang='lat' dir='ltr'><strong>velut</strong></span> <span class='ocrx_word' id='word_1_596' title='bbox 3427 3506 3678 3561; x_wconf 78' lang='lat' dir='ltr'><strong>homines</strong></span> 
     </span>
    </p>
   </div>
   <div class='ocr_carea' id='block_1_79' title="bbox 2107 3604 3680 3678">
    <p class='ocr_par' dir='ltr' id='par_1_79' title="bbox 2107 3604 3680 3678">
     <span class='ocr_line' id='line_1_79' title="bbox 2107 3604 3680 3678; baseline -0.01 -13"><span class='ocrx_word' id='word_1_597' title='bbox 2107 3633 2126 3665; x_wconf 82' lang='grc' dir='ltr'><strong>ι</strong></span> <span class='ocrx_word' id='word_1_598' title='bbox 2155 3628 2348 3678; x_wconf 82' lang='lat' dir='ltr'><strong>carne,</strong></span> <span class='ocrx_word' id='word_1_599' title='bbox 2395 3630 2413 3664; x_wconf 79' lang='grc' dir='ltr'><strong>ι</strong></span> <span class='ocrx_word' id='word_1_600' title='bbox 2456 3610 2560 3665; x_wconf 91' lang='lat' dir='ltr'><strong>hoc</strong></span> <span class='ocrx_word' id='word_1_601' title='bbox 2588 3614 2696 3674; x_wconf 75' lang='lat' dir='ltr'><strong>est,</strong></span> <span class='ocrx_word' id='word_1_602' title='bbox 2729 3606 2910 3662; x_wconf 89' lang='lat' dir='ltr'><strong>hacin</strong></span> <span class='ocrx_word' id='word_1_603' title='bbox 2953 3604 3063 3658; x_wconf 88' lang='lat' dir='ltr'><strong>vita</strong></span> <span class='ocrx_word' id='word_1_604' title='bbox 3093 3617 3316 3657; x_wconf 88' lang='lat' dir='ltr'><strong>carnem</strong></span> <span class='ocrx_word' id='word_1_605' title='bbox 3352 3614 3508 3655; x_wconf 90' lang='lat' dir='ltr'><strong>suam</strong></span> <span class='ocrx_word' id='word_1_606' title='bbox 3549 3613 3680 3652; x_wconf 85' lang='lat' dir='ltr'><strong>eon-</strong></span> 
     </span>
    </p>
   </div>
   <div class='ocr_carea' id='block_1_80' title="bbox 2102 3689 3677 3772">
    <p class='ocr_par' dir='ltr' id='par_1_80' title="bbox 2102 3689 3677 3772">
     <span class='ocr_line' id='line_1_80' title="bbox 2102 3689 3677 3772; baseline -0.01 -14"><span class='ocrx_word' id='word_1_607' title='bbox 2102 3705 2387 3769; x_wconf 87' lang='lat' dir='ltr'><strong>dcmuant,</strong></span> <span class='ocrx_word' id='word_1_608' title='bbox 2416 3699 2580 3772; x_wconf 77' lang='lat'><strong>375</strong></span> <span class='ocrx_word' id='word_1_609' title='bbox 2610 3711 2663 3755; x_wconf 90' lang='lat' dir='ltr'><strong>et</strong></span> <span class='ocrx_word' id='word_1_610' title='bbox 2685 3696 2935 3768; x_wconf 84' lang='lat' dir='ltr'><strong>jejuniis,</strong></span> <span class='ocrx_word' id='word_1_611' title='bbox 2972 3690 3369 3756; x_wconf 84' lang='lat' dir='ltr'><strong>humisterniis,</strong></span> <span class='ocrx_word' id='word_1_612' title='bbox 3398 3689 3677 3760; x_wconf 85' lang='lat' dir='ltr'><strong>lacrymis.</strong></span> 
     </span>
    </p>
   </div>
   <div class='ocr_carea' id='block_1_81' title="bbox 2104 3780 3678 3864">
    <p class='ocr_par' dir='ltr' id='par_1_81' title="bbox 2104 3780 3678 3864">
     <span class='ocr_line' id='line_1_81' title="bbox 2104 3780 3678 3864; baseline -0.009 -15"><span class='ocrx_word' id='word_1_613' title='bbox 2104 3795 2336 3864; x_wconf 77' lang='lat' dir='ltr'><strong>aliisque</strong></span> <span class='ocrx_word' id='word_1_614' title='bbox 2407 3789 2850 3845; x_wconf 81' lang='lat' dir='ltr'><strong>alnictatiouibus</strong></span> <span class='ocrx_word' id='word_1_615' title='bbox 2906 3787 3197 3855; x_wconf 77' lang='lat' dir='ltr'><strong>castigant,</strong></span> <span class='ocrx_word' id='word_1_616' title='bbox 3264 3790 3320 3837; x_wconf 92' lang='lat' dir='ltr'><strong>ut</strong></span> <span class='ocrx_word' id='word_1_617' title='bbox 3382 3780 3678 3835; x_wconf 40' lang='lat' dir='ltr'><strong>vivantsc‘</strong></span> 
     </span>
    </p>
   </div>
   <div class='ocr_carea' id='block_1_82' title="bbox 2102 3872 3681 3955">
    <p class='ocr_par' dir='ltr' id='par_1_82' title="bbox 2102 3872 3681 3955">
     <span class='ocr_line' id='line_1_82' title="bbox 2102 3872 3681 3955; baseline -0.013 -10"><span class='ocrx_word' id='word_1_618' title='bbox 2102 3890 2341 3946; x_wconf 78' lang='lat' dir='ltr'><strong>cundum</strong></span> <span class='ocrx_word' id='word_1_619' title='bbox 2373 3887 2545 3941; x_wconf 84' lang='lat' dir='ltr'><strong>Deum</strong></span> <span class='ocrx_word' id='word_1_620' title='bbox 2585 3883 2805 3955; x_wconf 85' lang='lat' dir='ltr'><strong>spiritu,</strong></span> <span class='ocrx_word' id='word_1_621' title='bbox 2851 3873 3477 3949; x_wconf 71' lang='lat' dir='ltr'><strong>memoresapostolieae</strong></span> <span class='ocrx_word' id='word_1_622' title='bbox 3535 3872 3681 3927; x_wconf 79' lang='lat' dir='ltr'><strong>illius</strong></span> 
     </span>
    </p>
   </div>
   <div class='ocr_carea' id='block_1_83' title="bbox 2104 3964 3680 4043">
    <p class='ocr_par' dir='ltr' id='par_1_83' title="bbox 2104 3964 3680 4043">
     <span class='ocr_line' id='line_1_83' title="bbox 2104 3964 3680 4043; baseline -0.016 -6"><span class='ocrx_word' id='word_1_623' title='bbox 2104 3978 2386 4038; x_wconf 62' lang='lat' dir='ltr'><strong>sententiae</strong></span> <span class='ocrx_word' id='word_1_624' title='bbox 2412 3977 2458 4011; x_wconf 76' lang='lat'>“</span> <span class='ocrx_word' id='word_1_625' title='bbox 2495 3992 2512 4033; x_wconf 88' lang='lat'><strong>:</strong></span> <span class='ocrx_word' id='word_1_626' title='bbox 2551 3995 2570 4028; x_wconf 77' lang='grc' dir='ltr'><strong>ι</strong></span> <span class='ocrx_word' id='word_1_627' title='bbox 2606 3975 2754 4030; x_wconf 79' lang='lat' dir='ltr'><strong>Licet</strong></span> <span class='ocrx_word' id='word_1_628' title='bbox 2778 3973 2847 4036; x_wconf 89' lang='lat' dir='ltr'><strong>is,</strong></span> <span class='ocrx_word' id='word_1_629' title='bbox 2875 3971 2968 4043; x_wconf 89' lang='lat' dir='ltr'><strong>qui</strong></span> <span class='ocrx_word' id='word_1_630' title='bbox 3010 3969 3143 4024; x_wconf 76' lang='lat' dir='ltr'><strong>foris</strong></span> <span class='ocrx_word' id='word_1_631' title='bbox 3165 3977 3270 4033; x_wconf 90' lang='lat' dir='ltr'><strong>est,</strong></span> <span class='ocrx_word' id='word_1_632' title='bbox 3302 3976 3487 4021; x_wconf 78' lang='lat' dir='ltr'><strong>noStcr</strong></span> <span class='ocrx_word' id='word_1_633' title='bbox 3518 3964 3680 4016; x_wconf 84' lang='grc' dir='ltr'>ιιοηιυ</span> 
     </span>
    </p>
   </div>
   <div class='ocr_carea' id='block_1_84' title="bbox 2101 4062 3684 4141">
    <p class='ocr_par' dir='ltr' id='par_1_84' title="bbox 2101 4062 3684 4141">
     <span class='ocr_line' id='line_1_84' title="bbox 2101 4062 3684 4141; baseline -0.014 -13"><span class='ocrx_word' id='word_1_634' title='bbox 2101 4077 2512 4141; x_wconf 79' lang='lat' dir='ltr'><strong>corrumpatur,</strong></span> <span class='ocrx_word' id='word_1_635' title='bbox 2568 4077 2752 4123; x_wconf 87' lang='lat' dir='ltr'><strong>tamen</strong></span> <span class='ocrx_word' id='word_1_636' title='bbox 2808 4069 2855 4124; x_wconf 92' lang='lat' dir='ltr'><strong>is</strong></span> <span class='ocrx_word' id='word_1_637' title='bbox 2899 4063 2989 4135; x_wconf 86' lang='lat' dir='ltr'><strong>qui</strong></span> <span class='ocrx_word' id='word_1_638' title='bbox 3024 4063 3171 4118; x_wconf 89' lang='lat' dir='ltr'><strong>intus</strong></span> <span class='ocrx_word' id='word_1_639' title='bbox 3225 4067 3328 4123; x_wconf 87' lang='lat' dir='ltr'><strong>est,</strong></span> <span class='ocrx_word' id='word_1_640' title='bbox 3384 4062 3684 4112; x_wconf 67' lang='lat' dir='ltr'><strong>renovatur</strong></span> 
     </span>
    </p>
   </div>
   <div class='ocr_carea' id='block_1_85' title="bbox 2106 4162 2633 4223">
    <p class='ocr_par' dir='ltr' id='par_1_85' title="bbox 2106 4162 2633 4223">
     <span class='ocr_line' id='line_1_85' title="bbox 2106 4162 2633 4223; baseline -0.023 0"><span class='ocrx_word' id='word_1_641' title='bbox 2106 4168 2175 4223; x_wconf 86' lang='lat' dir='ltr'><strong>de</strong></span> <span class='ocrx_word' id='word_1_642' title='bbox 2203 4164 2290 4219; x_wconf 91' lang='lat' dir='ltr'><strong>die</strong></span> <span class='ocrx_word' id='word_1_643' title='bbox 2322 4165 2377 4218; x_wconf 94' lang='lat' dir='ltr'><strong>in</strong></span> <span class='ocrx_word' id='word_1_644' title='bbox 2409 4162 2577 4216; x_wconf 84' lang='lat' dir='ltr'><strong>diem.</strong></span> <span class='ocrx_word' id='word_1_645' title='bbox 2614 4178 2633 4211; x_wconf 76' lang='grc' dir='ltr'><strong>ι</strong></span> 
     </span>
    </p>
   </div>
   <div class='ocr_carea' id='block_1_86' title="bbox 2181 4242 3686 4323">
    <p class='ocr_par' dir='ltr' id='par_1_86' title="bbox 2181 4242 3686 4323">
     <span class='ocr_line' id='line_1_86' title="bbox 2181 4242 3686 4323; baseline -0.015 -11"><span class='ocrx_word' id='word_1_646' title='bbox 2181 4256 2346 4313; x_wconf 65' lang='lat' dir='ltr'><strong>Vsus.</strong></span> <span class='ocrx_word' id='word_1_647' title='bbox 2382 4254 2435 4311; x_wconf 89' lang='lat'><strong>6.</strong></span> <span class='ocrx_word' id='word_1_648' title='bbox 2461 4274 2479 4308; x_wconf 82' lang='grc' dir='ltr'><strong>ι</strong></span> <span class='ocrx_word' id='word_1_649' title='bbox 2513 4252 2741 4323; x_wconf 75' lang='lat' dir='ltr'><strong>Propter</strong></span> <span class='ocrx_word' id='word_1_650' title='bbox 2771 4250 2877 4306; x_wconf 84' lang='lat' dir='ltr'><strong>hoc</strong></span> <span class='ocrx_word' id='word_1_651' title='bbox 2931 4245 3076 4303; x_wconf 86' lang='lat' dir='ltr'><strong>enim</strong></span> <span class='ocrx_word' id='word_1_652' title='bbox 3109 4251 3164 4301; x_wconf 90' lang='lat' dir='ltr'><strong>et</strong></span> <span class='ocrx_word' id='word_1_653' title='bbox 3190 4242 3424 4297; x_wconf 84' lang='lat' dir='ltr'><strong>mortuis</strong></span> <span class='ocrx_word' id='word_1_654' title='bbox 3449 4251 3686 4308; x_wconf 81' lang='lat' dir='ltr'><strong>cvange-</strong></span> 
     </span>
    </p>
   </div>
   <div class='ocr_carea' id='block_1_87' title="bbox 2110 4330 3689 4413">
    <p class='ocr_par' dir='ltr' id='par_1_87' title="bbox 2110 4330 3689 4413">
     <span class='ocr_line' id='line_1_87' title="bbox 2110 4330 3689 4413; baseline -0.014 -8"><span class='ocrx_word' id='word_1_655' title='bbox 2110 4351 2332 4406; x_wconf 84' lang='lat' dir='ltr'><strong>lizatum</strong></span> <span class='ocrx_word' id='word_1_656' title='bbox 2381 4356 2488 4404; x_wconf 88' lang='lat' dir='ltr'><strong>est.</strong></span> <span class='ocrx_word' id='word_1_657' title='bbox 2528 4364 2547 4399; x_wconf 81' lang='grc' dir='ltr'><strong>ι</strong></span> <span class='ocrx_word' id='word_1_658' title='bbox 2583 4342 2797 4399; x_wconf 80' lang='lat' dir='ltr'><strong>Vetusti</strong></span> <span class='ocrx_word' id='word_1_659' title='bbox 2857 4341 3080 4413; x_wconf 88' lang='lat' dir='ltr'><strong>quidam</strong></span> <span class='ocrx_word' id='word_1_660' title='bbox 3123 4337 3316 4392; x_wconf 81' lang='lat' dir='ltr'><strong>Patres</strong></span> <span class='ocrx_word' id='word_1_661' title='bbox 3369 4334 3539 4388; x_wconf 72' lang='lat' dir='ltr'><strong>hocce</strong></span> <span class='ocrx_word' id='word_1_662' title='bbox 3603 4330 3689 4385; x_wconf 82' lang='lat' dir='ltr'><strong>di-</strong></span> 
     </span>
    </p>
   </div>
   <div class='ocr_carea' id='block_1_88' title="bbox 2112 4425 3691 4505">
    <p class='ocr_par' dir='ltr' id='par_1_88' title="bbox 2112 4425 3691 4505">
     <span class='ocr_line' id='line_1_88' title="bbox 2112 4425 3691 4505; baseline -0.015 -7"><span class='ocrx_word' id='word_1_663' title='bbox 2112 4450 2256 4498; x_wconf 91' lang='lat' dir='ltr'><strong>ctum</strong></span> <span class='ocrx_word' id='word_1_664' title='bbox 2288 4458 2305 4497; x_wconf 86' lang='lat'><strong>:</strong></span> <span class='ocrx_word' id='word_1_665' title='bbox 2348 4460 2367 4493; x_wconf 80' lang='grc' dir='ltr'><strong>ι</strong></span> <span class='ocrx_word' id='word_1_666' title='bbox 2399 4437 2632 4494; x_wconf 83' lang='lat' dir='ltr'><strong>Mortuis</strong></span> <span class='ocrx_word' id='word_1_667' title='bbox 2657 4434 3090 4505; x_wconf 78' lang='lat' dir='ltr'><strong>cvangelizatum</strong></span> <span class='ocrx_word' id='word_1_668' title='bbox 3114 4436 3221 4493; x_wconf 82' lang='lat' dir='ltr'><strong>est,</strong></span> <span class='ocrx_word' id='word_1_669' title='bbox 3260 4446 3279 4479; x_wconf 74' lang='grc' dir='ltr'><strong>ι</strong></span> <span class='ocrx_word' id='word_1_670' title='bbox 3316 4427 3389 4481; x_wconf 89' lang='lat' dir='ltr'><strong>ita</strong></span> <span class='ocrx_word' id='word_1_671' title='bbox 3423 4425 3691 4492; x_wconf 75' lang='lat' dir='ltr'><strong>interpre-</strong></span> 
     </span>
    </p>
   </div>
   <div class='ocr_carea' id='block_1_89' title="bbox 2115 4514 3689 4598">
    <p class='ocr_par' dir='ltr' id='par_1_89' title="bbox 2115 4514 3689 4598">
     <span class='ocr_line' id='line_1_89' title="bbox 2115 4514 3689 4598; baseline -0.015 -10"><span class='ocrx_word' id='word_1_672' title='bbox 2115 4534 2210 4588; x_wconf 88' lang='lat' dir='ltr'><strong>tati</strong></span> <span class='ocrx_word' id='word_1_673' title='bbox 2242 4539 2394 4598; x_wconf 80' lang='lat' dir='ltr'><strong>snnt,</strong></span> <span class='ocrx_word' id='word_1_674' title='bbox 2455 4544 2519 4584; x_wconf 89' lang='lat' dir='ltr'><strong>ac</strong></span> <span class='ocrx_word' id='word_1_675' title='bbox 2556 4528 2602 4583; x_wconf 89' lang='lat' dir='ltr'><strong>si</strong></span> <span class='ocrx_word' id='word_1_676' title='bbox 2650 4526 2859 4581; x_wconf 89' lang='lat' dir='ltr'><strong>nullam</strong></span> <span class='ocrx_word' id='word_1_677' title='bbox 2911 4538 3036 4578; x_wconf 90' lang='lat' dir='ltr'><strong>eum</strong></span> <span class='ocrx_word' id='word_1_678' title='bbox 3107 4518 3236 4574; x_wconf 63' lang='lat' dir='ltr'><strong>aiiis</strong></span> <span class='ocrx_word' id='word_1_679' title='bbox 3294 4514 3689 4571; x_wconf 64' lang='lat' dir='ltr'><strong>conuersionem</strong></span> 
     </span>
    </p>
   </div>
   <div class='ocr_carea' id='block_1_90' title="bbox 434 4610 2009 4703">
    <p class='ocr_par' dir='ltr' id='par_1_90' title="bbox 434 4610 2009 4703">
     <span class='ocr_line' id='line_1_90' title="bbox 434 4610 2009 4703; baseline -0.001 -20"><span class='ocrx_word' id='word_1_680' title='bbox 434 4631 607 4699; x_wconf 87' lang='grc' dir='ltr'>γικῶς</span> <span class='ocrx_word' id='word_1_681' title='bbox 631 4630 940 4702; x_wconf 65' lang='grc' dir='ltr'>εἰρημένων</span> <span class='ocrx_word' id='word_1_682' title='bbox 1055 4662 1126 4673; x_wconf 89' lang='grc'><strong>-</strong></span> <span class='ocrx_word' id='word_1_683' title='bbox 1153 4628 1267 4702; x_wconf 83' lang='grc' dir='ltr'>νον]</span> <span class='ocrx_word' id='word_1_684' title='bbox 1295 4628 1379 4682; x_wconf 83' lang='grc' dir='ltr'>δεῖ</span> <span class='ocrx_word' id='word_1_685' title='bbox 1396 4628 1534 4699; x_wconf 76' lang='grc' dir='ltr'>πρὸς</span> <span class='ocrx_word' id='word_1_686' title='bbox 1554 4629 1681 4692; x_wconf 76' lang='grc' dir='ltr'>τοὺς</span> <span class='ocrx_word' id='word_1_687' title='bbox 1707 4627 1817 4699; x_wconf 79' lang='grc' dir='ltr'><strong>πρὸ</strong></span> <span class='ocrx_word' id='word_1_688' title='bbox 1841 4627 2009 4681; x_wconf 80' lang='grc' dir='ltr'>αὐτοῦ</span> 
     </span>
    </p>
   </div>
   <div class='ocr_carea' id='block_1_91' title="bbox 2094 4610 3690 4703">
    <p class='ocr_par' dir='ltr' id='par_1_91' title="bbox 2119 4610 3690 4691">
     <span class='ocr_line' id='line_1_91' title="bbox 2119 4610 3690 4691; baseline -0.017 -11"><span class='ocrx_word' id='word_1_689' title='bbox 2119 4625 2389 4691; x_wconf 83' lang='lat' dir='ltr'><strong>haberet;</strong></span> <span class='ocrx_word' id='word_1_690' title='bbox 2443 4635 2552 4675; x_wconf 84' lang='lat' dir='ltr'><strong>non</strong></span> <span class='ocrx_word' id='word_1_691' title='bbox 2588 4614 3030 4676; x_wconf 79' lang='lat' dir='ltr'><strong>considerantes,</strong></span> <span class='ocrx_word' id='word_1_692' title='bbox 3090 4610 3259 4677; x_wconf 88' lang='lat' dir='ltr'><strong>quod,</strong></span> <span class='ocrx_word' id='word_1_693' title='bbox 3305 4619 3429 4660; x_wconf 89' lang='lat' dir='ltr'><strong>cum</strong></span> <span class='ocrx_word' id='word_1_694' title='bbox 3469 4616 3690 4659; x_wconf 85' lang='lat' dir='ltr'><strong>causam</strong></span> 
     </span>
    </p>
   </div>
   <div class='ocr_carea' id='block_1_92' title="bbox 433 4715 2009 4790">
    <p class='ocr_par' dir='ltr' id='par_1_92' title="bbox 433 4715 2009 4790">
     <span class='ocr_line' id='line_1_92' title="bbox 433 4715 2009 4790; baseline -0.001 -18"><span class='ocrx_word' id='word_1_695' title='bbox 433 4717 827 4788; x_wconf 74' lang='grc' dir='ltr'>ἀναφέρεσθαι.</span> <span class='ocrx_word' id='word_1_696' title='bbox 851 4716 1024 4771; x_wconf 72' lang='grc' dir='ltr'>Τοῦτο</span> <span class='ocrx_word' id='word_1_697' title='bbox 1048 4717 1157 4790; x_wconf 81' lang='grc' dir='ltr'>γὰρ</span> <span class='ocrx_word' id='word_1_698' title='bbox 1186 4717 1393 4788; x_wconf 81' lang='grc' dir='ltr'>ὀφείλει</span> <span class='ocrx_word' id='word_1_699' title='bbox 1415 4717 1476 4771; x_wconf 84' lang='grc' dir='ltr'>τὸ</span> <span class='ocrx_word' id='word_1_700' title='bbox 1506 4715 1625 4771; x_wconf 84' lang='grc' dir='ltr'>κατ’</span> <span class='ocrx_word' id='word_1_701' title='bbox 1648 4717 1829 4772; x_wconf 78' lang='grc' dir='ltr'>αἰτίαν</span> <span class='ocrx_word' id='word_1_702' title='bbox 1850 4717 2009 4787; x_wconf 76' lang='grc' dir='ltr'>λεγὸο</span> 
     </span>
    </p>
   </div>
   <div class='ocr_carea' id='block_1_93' title="bbox 439 4808 2011 4882">
    <p class='ocr_par' dir='ltr' id='par_1_93' title="bbox 439 4808 2011 4882">
     <span class='ocr_line' id='line_1_93' title="bbox 439 4808 2011 4882; baseline 0.001 -20"><span class='ocrx_word' id='word_1_703' title='bbox 439 4826 599 4882; x_wconf 90' lang='grc' dir='ltr'>μενον</span> <span class='ocrx_word' id='word_1_704' title='bbox 645 4810 822 4881; x_wconf 75' lang='grc' dir='ltr'>ἔχειν·</span> <span class='ocrx_word' id='word_1_705' title='bbox 861 4809 978 4864; x_wconf 81' lang='grc' dir='ltr'>ἀλλ’</span> <span class='ocrx_word' id='word_1_706' title='bbox 1030 4808 1108 4869; x_wconf 81' lang='grc' dir='ltr'>ὥς</span> <span class='ocrx_word' id='word_1_707' title='bbox 1140 4808 1380 4882; x_wconf 74' lang='grc' dir='ltr'>εἴρηται,</span> <span class='ocrx_word' id='word_1_708' title='bbox 1413 4809 1490 4875; x_wconf 83' lang='grc' dir='ltr'>ὡς</span> <span class='ocrx_word' id='word_1_709' title='bbox 1536 4809 1843 4882; x_wconf 84' lang='grc' dir='ltr'>περικοπὴν</span> <span class='ocrx_word' id='word_1_710' title='bbox 1878 4810 2011 4863; x_wconf 70' lang='grc' dir='ltr'>αὐτὸ</span> 
     </span>
    </p>
   </div>
   <div class='ocr_carea' id='block_1_94' title="bbox 436 4900 2011 4973">
    <p class='ocr_par' dir='ltr' id='par_1_94' title="bbox 436 4900 2011 4973">
     <span class='ocr_line' id='line_1_94' title="bbox 436 4900 2011 4973; baseline -0.001 -18"><span class='ocrx_word' id='word_1_711' title='bbox 436 4900 779 4973; x_wconf 76' lang='grc' dir='ltr'>ἐξηγήσαντο</span> <span class='ocrx_word' id='word_1_712' title='bbox 809 4900 1004 4965; x_wconf 68' lang='grc' dir='ltr'>οὕτως.</span> <span class='ocrx_word' id='word_1_713' title='bbox 1043 4918 1063 4953; x_wconf 79' lang='grc' dir='ltr'><strong>ι</strong></span> <span class='ocrx_word' id='word_1_714' title='bbox 1101 4900 1351 4973; x_wconf 80' lang='grc' dir='ltr'>Νεκροὺς</span> <span class='ocrx_word' id='word_1_715' title='bbox 1379 4920 1398 4954; x_wconf 73' lang='grc' dir='ltr'><strong>ι</strong></span> <span class='ocrx_word' id='word_1_716' title='bbox 1438 4900 1547 4973; x_wconf 81' lang='grc' dir='ltr'>γὰρ</span> <span class='ocrx_word' id='word_1_717' title='bbox 1574 4900 1785 4971; x_wconf 76' lang='grc' dir='ltr'>ἔφασαν</span> <span class='ocrx_word' id='word_1_718' title='bbox 1815 4900 2011 4966; x_wconf 87' lang='grc' dir='ltr'>διττῶς</span> 
     </span>
    </p>
   </div>
   <div class='ocr_carea' id='block_1_95' title="bbox 437 4991 2012 5064">
    <p class='ocr_par' dir='ltr' id='par_1_95' title="bbox 437 4991 2012 5064">
     <span class='ocr_line' id='line_1_95' title="bbox 437 4991 2012 5064; baseline -0.003 -17"><span class='ocrx_word' id='word_1_719' title='bbox 437 4993 622 5063; x_wconf 79' lang='grc' dir='ltr'>λέγειν</span> <span class='ocrx_word' id='word_1_720' title='bbox 653 4994 755 5064; x_wconf 81' lang='grc' dir='ltr'>τὴν</span> <span class='ocrx_word' id='word_1_721' title='bbox 787 4992 942 5048; x_wconf 84' lang='grc' dir='ltr'>θείαν</span> <span class='ocrx_word' id='word_1_722' title='bbox 998 4991 1246 5064; x_wconf 80' lang='grc' dir='ltr'>Γραφὴν,</span> <span class='ocrx_word' id='word_1_723' title='bbox 1295 4992 1330 5062; x_wconf 75' lang='grc' dir='ltr'>ἢ</span> <span class='ocrx_word' id='word_1_724' title='bbox 1369 4993 1496 5055; x_wconf 82' lang='grc' dir='ltr'>τοὺς</span> <span class='ocrx_word' id='word_1_725' title='bbox 1544 4993 1666 5055; x_wconf 77' lang='grc' dir='ltr'>ταῖς</span> <span class='ocrx_word' id='word_1_726' title='bbox 1712 4992 2012 5062; x_wconf 83' lang='grc' dir='ltr'>ἁμαρτίαις</span> 
     </span>
    </p>
   </div>
   <div class='ocr_carea' id='block_1_96' title="bbox 439 5081 2013 5155">
    <p class='ocr_par' dir='ltr' id='par_1_96' title="bbox 439 5081 2013 5155">
     <span class='ocr_line' id='line_1_96' title="bbox 439 5081 2013 5155; baseline -0.002 -17"><span class='ocrx_word' id='word_1_727' title='bbox 439 5086 890 5150; x_wconf 77' lang='grc' dir='ltr'>ἐναποθανόντας,</span> <span class='ocrx_word' id='word_1_728' title='bbox 917 5084 968 5139; x_wconf 75' lang='grc' dir='ltr'>οἳ</span> <span class='ocrx_word' id='word_1_729' title='bbox 996 5085 1117 5139; x_wconf 80' lang='grc' dir='ltr'>οὐδὲ</span> <span class='ocrx_word' id='word_1_730' title='bbox 1146 5084 1294 5155; x_wconf 82' lang='grc' dir='ltr'>ζωήν</span> <span class='ocrx_word' id='word_1_731' title='bbox 1319 5099 1449 5137; x_wconf 84' lang='grc' dir='ltr'>ποτε</span> <span class='ocrx_word' id='word_1_732' title='bbox 1480 5082 1642 5138; x_wconf 81' lang='grc' dir='ltr'>τδοιεν</span> <span class='ocrx_word' id='word_1_733' title='bbox 1661 5098 1677 5112; x_wconf 75' lang='grc' dir='ltr'><strong>ο</strong></span> <span class='ocrx_word' id='word_1_734' title='bbox 1705 5082 1742 5152; x_wconf 76' lang='grc' dir='ltr'><strong>ἢ</strong></span> <span class='ocrx_word' id='word_1_735' title='bbox 1775 5082 1901 5145; x_wconf 77' lang='grc' dir='ltr'>τοὺς</span> <span class='ocrx_word' id='word_1_736' title='bbox 1932 5081 2013 5151; x_wconf 80' lang='grc' dir='ltr'>τῷ</span> 
     </span>
    </p>
   </div>
   <div class='ocr_carea' id='block_1_97' title="bbox 441 5166 2017 5248">
    <p class='ocr_par' dir='ltr' id='par_1_97' title="bbox 441 5166 2017 5248">
     <span class='ocr_line' id='line_1_97' title="bbox 441 5166 2017 5248; baseline -0.003 -17"><span class='ocrx_word' id='word_1_737' title='bbox 441 5166 659 5248; x_wconf 78' lang='grc' dir='ltr'>θανάτῳ</span> <span class='ocrx_word' id='word_1_738' title='bbox 690 5174 788 5231; x_wconf 79' lang='grc' dir='ltr'><strong>τοῦ</strong></span> <span class='ocrx_word' id='word_1_739' title='bbox 839 5176 1082 5248; x_wconf 80' lang='grc' dir='ltr'>Χριστοῦ</span> <span class='ocrx_word' id='word_1_740' title='bbox 1124 5174 1652 5247; x_wconf 79' lang='grc' dir='ltr'>συμμορφωθέντας,</span> <span class='ocrx_word' id='word_1_741' title='bbox 1682 5174 1782 5228; x_wconf 80' lang='grc' dir='ltr'>καὶ</span> <span class='ocrx_word' id='word_1_742' title='bbox 1810 5171 2017 5228; x_wconf 84' lang='grc' dir='ltr'>ἀποθα-</span> 
     </span>
    </p>
   </div>
   <div class='ocr_carea' id='block_1_98' title="bbox 440 5262 2019 5341">
    <p class='ocr_par' dir='ltr' id='par_1_98' title="bbox 440 5262 2019 5341">
     <span class='ocr_line' id='line_1_98' title="bbox 440 5262 2019 5341; baseline -0.003 -21"><span class='ocrx_word' id='word_1_743' title='bbox 440 5270 630 5331; x_wconf 80' lang='grc' dir='ltr'>νόντας</span> <span class='ocrx_word' id='word_1_744' title='bbox 664 5269 763 5341; x_wconf 75' lang='grc' dir='ltr'>μὲν</span> <span class='ocrx_word' id='word_1_745' title='bbox 786 5269 864 5341; x_wconf 83' lang='grc' dir='ltr'><strong>τῷ</strong></span> <span class='ocrx_word' id='word_1_746' title='bbox 892 5269 1105 5340; x_wconf 82' lang='grc' dir='ltr'>κόσμῳ,</span> <span class='ocrx_word' id='word_1_747' title='bbox 1123 5266 1271 5322; x_wconf 78' lang='grc' dir='ltr'>τοῦτ’</span> <span class='ocrx_word' id='word_1_748' title='bbox 1294 5266 1412 5321; x_wconf 77' lang='grc' dir='ltr'>ἔστι</span> <span class='ocrx_word' id='word_1_749' title='bbox 1434 5262 1555 5330; x_wconf 77' lang='grc' dir='ltr'>ταῖς</span> <span class='ocrx_word' id='word_1_750' title='bbox 1582 5266 1874 5335; x_wconf 69' lang='grc' dir='ltr'>κοσμικαῖς</span> <span class='ocrx_word' id='word_1_751' title='bbox 1900 5264 2019 5317; x_wconf 81' lang='grc' dir='ltr'>ἑπι-</span> 
     </span>
    </p>
   </div>
   <div class='ocr_carea' id='block_1_99' title="bbox 442 5354 2017 5433">
    <p class='ocr_par' dir='ltr' id='par_1_99' title="bbox 442 5354 2017 5433">
     <span class='ocr_line' id='line_1_99' title="bbox 442 5354 2017 5433; baseline -0.003 -19"><span class='ocrx_word' id='word_1_752' title='bbox 442 5360 692 5433; x_wconf 83' lang='grc' dir='ltr'>θυμίαις,</span> <span class='ocrx_word' id='word_1_753' title='bbox 738 5360 947 5426; x_wconf 78' lang='grc' dir='ltr'>ζῶντας</span> <span class='ocrx_word' id='word_1_754' title='bbox 981 5360 1039 5414; x_wconf 87' lang='grc' dir='ltr'>δὲ</span> <span class='ocrx_word' id='word_1_755' title='bbox 1092 5360 1238 5432; x_wconf 80' lang='grc' dir='ltr'>μόνῳ</span> <span class='ocrx_word' id='word_1_756' title='bbox 1276 5357 1502 5431; x_wconf 78' lang='grc' dir='ltr'>Χριστῷ</span> <span class='ocrx_word' id='word_1_757' title='bbox 1523 5373 1539 5390; x_wconf 90' lang='grc'><strong>·</strong></span> <span class='ocrx_word' id='word_1_758' title='bbox 1572 5357 1652 5421; x_wconf 80' lang='grc' dir='ltr'><strong>ὡς</strong></span> <span class='ocrx_word' id='word_1_759' title='bbox 1684 5358 1779 5411; x_wconf 71' lang='grc' dir='ltr'>καὶ</span> <span class='ocrx_word' id='word_1_760' title='bbox 1807 5354 2017 5420; x_wconf 67' lang='lat' dir='ltr'><strong>nam;</strong></span> 
     </span>
    </p>
   </div>
   <div class='ocr_carea' id='block_1_100' title="bbox 444 5446 2017 5521">
    <p class='ocr_par' dir='ltr' id='par_1_100' title="bbox 444 5446 2017 5521">
     <span class='ocr_line' id='line_1_100' title="bbox 444 5446 2017 5521; baseline 0.006 -18"><span class='ocrx_word' id='word_1_761' title='bbox 444 5467 645 5521; x_wconf 74' lang='grc' dir='ltr'>φησιν’</span> <span class='ocrx_word' id='word_1_762' title='bbox 683 5471 702 5505; x_wconf 81' lang='grc' dir='ltr'><strong>ι</strong></span> <span class='ocrx_word' id='word_1_763' title='bbox 737 5452 804 5505; x_wconf 79' lang='grc' dir='ltr'>Ὀ</span> <span class='ocrx_word' id='word_1_764' title='bbox 834 5451 892 5506; x_wconf 72' lang='grc' dir='ltr'>δὲ</span> <span class='ocrx_word' id='word_1_765' title='bbox 920 5451 1017 5506; x_wconf 81' lang='grc' dir='ltr'><strong>νῦν</strong></span> <span class='ocrx_word' id='word_1_766' title='bbox 1068 5450 1147 5517; x_wconf 79' lang='grc' dir='ltr'>ζῶ</span> <span class='ocrx_word' id='word_1_767' title='bbox 1175 5452 1235 5504; x_wconf 80' lang='grc' dir='ltr'>ὲν</span> <span class='ocrx_word' id='word_1_768' title='bbox 1295 5449 1481 5521; x_wconf 77' lang='grc' dir='ltr'>σαρκὶ,</span> <span class='ocrx_word' id='word_1_769' title='bbox 1512 5449 1570 5502; x_wconf 82' lang='grc' dir='ltr'>ὲν</span> <span class='ocrx_word' id='word_1_770' title='bbox 1608 5447 1790 5500; x_wconf 82' lang='grc' dir='ltr'>πίστει</span> <span class='ocrx_word' id='word_1_771' title='bbox 1829 5446 1907 5510; x_wconf 78' lang='grc' dir='ltr'>ζῶ</span> <span class='ocrx_word' id='word_1_772' title='bbox 1950 5448 2017 5516; x_wconf 71' lang='grc' dir='ltr'><strong>τῇ</strong></span> 
     </span>
    </p>
   </div>
   <div class='ocr_carea' id='block_1_101' title="bbox 443 5537 2020 5602">
    <p class='ocr_par' dir='ltr' id='par_1_101' title="bbox 443 5537 2020 5602">
     <span class='ocr_line' id='line_1_101' title="bbox 443 5537 2020 5602; baseline -0.005 -5"><span class='ocrx_word' id='word_1_773' title='bbox 443 5542 538 5597; x_wconf 54' lang='grc' dir='ltr'><strong>τοῦ</strong></span> <span class='ocrx_word' id='word_1_774' title='bbox 567 5543 699 5597; x_wconf 83' lang='grc' dir='ltr'><strong>Υἱοῦ</strong></span> <span class='ocrx_word' id='word_1_775' title='bbox 727 5542 821 5596; x_wconf 82' lang='grc' dir='ltr'>τοῦ</span> <span class='ocrx_word' id='word_1_776' title='bbox 851 5543 1007 5598; x_wconf 81' lang='grc' dir='ltr'>Θεοῦ.</span> <span class='ocrx_word' id='word_1_777' title='bbox 1029 5561 1049 5596; x_wconf 80' lang='grc' dir='ltr'><strong>ι</strong></span> <span class='ocrx_word' id='word_1_778' title='bbox 1082 5542 1250 5596; x_wconf 73' lang='grc' dir='ltr'>Φασὶν</span> <span class='ocrx_word' id='word_1_779' title='bbox 1269 5540 1364 5594; x_wconf 72' lang='grc' dir='ltr'>οὖν</span> <span class='ocrx_word' id='word_1_780' title='bbox 1383 5557 1397 5572; x_wconf 91' lang='grc'><strong>·</strong></span> <span class='ocrx_word' id='word_1_781' title='bbox 1437 5541 1502 5595; x_wconf 81' lang='lat' dir='ltr'><strong>Oi</strong></span> <span class='ocrx_word' id='word_1_782' title='bbox 1524 5538 1694 5602; x_wconf 81' lang='grc' dir='ltr'>οὕτως</span> <span class='ocrx_word' id='word_1_783' title='bbox 1719 5537 2020 5592; x_wconf 79' lang='grc' dir='ltr'>ἀποθανόν-</span> 
     </span>
    </p>
   </div>
   <div class='ocr_carea' id='block_1_102' title="bbox 444 5616 2019 5707">
    <p class='ocr_par' dir='ltr' id='par_1_102' title="bbox 444 5616 2019 5707">
     <span class='ocr_line' id='line_1_102' title="bbox 444 5616 2019 5707; baseline -0.004 -18"><span class='ocrx_word' id='word_1_784' title='bbox 444 5649 537 5698; x_wconf 81' lang='grc' dir='ltr'><strong>τες</strong></span> <span class='ocrx_word' id='word_1_785' title='bbox 557 5632 802 5706; x_wconf 81' lang='grc' dir='ltr'>Χριστῷ,</span> <span class='ocrx_word' id='word_1_786' title='bbox 833 5637 901 5707; x_wconf 82' lang='grc' dir='ltr'><strong>τῇ</strong></span> <span class='ocrx_word' id='word_1_787' title='bbox 929 5635 1093 5707; x_wconf 72' lang='grc' dir='ltr'>σαρκὶ</span> <span class='ocrx_word' id='word_1_788' title='bbox 1124 5635 1353 5697; x_wconf 77' lang='grc' dir='ltr'>ἑαυτοὺς</span> <span class='ocrx_word' id='word_1_789' title='bbox 1386 5616 1808 5701; x_wconf 71' lang='grc' dir='ltr'>κατακρίνουσιν</span> <span class='ocrx_word' id='word_1_790' title='bbox 1835 5629 1929 5683; x_wconf 77' lang='grc' dir='ltr'><strong>ἐπὶ</strong></span> <span class='ocrx_word' id='word_1_791' title='bbox 1952 5633 2019 5701; x_wconf 75' lang='grc' dir='ltr'><strong>τῇ</strong></span> 
     </span>
    </p>
   </div>
   <div class='ocr_carea' id='block_1_103' title="bbox 547 5811 1590 5882">
    <p class='ocr_par' dir='ltr' id='par_1_103' title="bbox 547 5811 1590 5882">
     <span class='ocr_line' id='line_1_103' title="bbox 547 5811 1590 5882; baseline -0.004 -11"><span class='ocrx_word' id='word_1_792' title='bbox 547 5815 591 5850; x_wconf 83' lang='grc'>⁶¹</span> <span class='ocrx_word' id='word_1_793' title='bbox 624 5814 774 5871; x_wconf 81' lang='lat' dir='ltr'><strong>Psal.</strong></span> <span class='ocrx_word' id='word_1_794' title='bbox 800 5830 945 5882; x_wconf 72' lang='lat' dir='ltr'><strong>thv,</strong></span> <span class='ocrx_word' id='word_1_795' title='bbox 971 5812 1027 5868; x_wconf 80' lang='lat'><strong>7.</strong></span> <span class='ocrx_word' id='word_1_796' title='bbox 1106 5814 1150 5846; x_wconf 69' lang='grc' dir='ltr'><strong>δ’</strong></span> <span class='ocrx_word' id='word_1_797' title='bbox 1182 5811 1326 5868; x_wconf 73' lang='lat' dir='ltr'><strong>Pii-il.</strong></span> <span class='ocrx_word' id='word_1_798' title='bbox 1377 5825 1509 5876; x_wconf 74' lang='lat' dir='ltr'><strong>xcn,</strong></span> <span class='ocrx_word' id='word_1_799' title='bbox 1534 5811 1590 5867; x_wconf 74' lang='lat'><strong>2.</strong></span> 
     </span>
    </p>
   </div>
   <div class='ocr_carea' id='block_1_104' title="bbox 1670 5805 2155 5876">
    <p class='ocr_par' dir='ltr' id='par_1_104' title="bbox 1670 5805 2155 5876">
     <span class='ocr_line' id='line_1_104' title="bbox 1670 5805 2155 5876; baseline -0.01 -8"><span class='ocrx_word' id='word_1_800' title='bbox 1670 5810 1716 5844; x_wconf 84' lang='lat'>“</span> <span class='ocrx_word' id='word_1_801' title='bbox 1748 5809 1767 5866; x_wconf 88' lang='grc' dir='ltr'><strong>Ι</strong></span> <span class='ocrx_word' id='word_1_802' title='bbox 1795 5807 1925 5866; x_wconf 89' lang='lat' dir='ltr'><strong>Cor.</strong></span> <span class='ocrx_word' id='word_1_803' title='bbox 1963 5822 2036 5876; x_wconf 86' lang='lat' dir='ltr'><strong>tv,</strong></span> <span class='ocrx_word' id='word_1_804' title='bbox 2069 5805 2155 5863; x_wconf 80' lang='grc'><strong>16.</strong></span> 
     </span>
    </p>
   </div>
   <div class='ocr_carea' id='block_1_105' title="bbox 2111 4694 3689 4777">
    <p class='ocr_par' dir='ltr' id='par_1_105' title="bbox 2111 4694 3689 4777">
     <span class='ocr_line' id='line_1_105' title="bbox 2111 4694 3689 4777; baseline -0.019 -5"><span class='ocrx_word' id='word_1_805' title='bbox 2111 4716 2411 4775; x_wconf 84' lang='lat' dir='ltr'><strong>contineat,</strong></span> <span class='ocrx_word' id='word_1_806' title='bbox 2453 4712 2521 4764; x_wconf 89' lang='lat' dir='ltr'><strong>ad</strong></span> <span class='ocrx_word' id='word_1_807' title='bbox 2561 4707 2643 4773; x_wconf 89' lang='lat' dir='ltr'><strong>id,</strong></span> <span class='ocrx_word' id='word_1_808' title='bbox 2696 4704 2841 4777; x_wconf 89' lang='lat' dir='ltr'><strong>quod</strong></span> <span class='ocrx_word' id='word_1_809' title='bbox 2896 4701 3180 4774; x_wconf 64' lang='lat' dir='ltr'><strong>praecedit,</strong></span> <span class='ocrx_word' id='word_1_810' title='bbox 3248 4695 3455 4752; x_wconf 78' lang='lat' dir='ltr'><strong>referre</strong></span> <span class='ocrx_word' id='word_1_811' title='bbox 3512 4694 3689 4762; x_wconf 74' lang='lat' dir='ltr'><strong>ipsam</strong></span> 
     </span>
    </p>
   </div>
   <div class='ocr_carea' id='block_1_106' title="bbox 2113 4787 3687 4879">
    <p class='ocr_par' dir='ltr' id='par_1_106' title="bbox 2113 4787 3687 4879">
     <span class='ocr_line' id='line_1_106' title="bbox 2113 4787 3687 4879; baseline -0.017 -16"><span class='ocrx_word' id='word_1_812' title='bbox 2113 4812 2422 4879; x_wconf 51' lang='lat' dir='ltr'><strong>oporteata</strong></span> <span class='ocrx_word' id='word_1_813' title='bbox 2459 4800 2657 4858; x_wconf 75' lang='lat' dir='ltr'><strong>Morini</strong></span> <span class='ocrx_word' id='word_1_814' title='bbox 2697 4818 2715 4852; x_wconf 80' lang='grc' dir='ltr'><strong>ι</strong></span> <span class='ocrx_word' id='word_1_815' title='bbox 2752 4798 2940 4869; x_wconf 75' lang='lat' dir='ltr'><strong>igitur,</strong></span> <span class='ocrx_word' id='word_1_816' title='bbox 2963 4794 3243 4864; x_wconf 87' lang='lat' dir='ltr'><strong>inquiunt,</strong></span> <span class='ocrx_word' id='word_1_817' title='bbox 3267 4790 3374 4844; x_wconf 90' lang='lat' dir='ltr'><strong>duo</strong></span> <span class='ocrx_word' id='word_1_818' title='bbox 3403 4787 3687 4841; x_wconf 83' lang='lat' dir='ltr'><strong>hominum</strong></span> 
     </span>
    </p>
   </div>
   <div class='ocr_carea' id='block_1_107' title="bbox 2116 4876 3693 4971">
    <p class='ocr_par' dir='ltr' id='par_1_107' title="bbox 2116 4876 3693 4971">
     <span class='ocr_line' id='line_1_107' title="bbox 2116 4876 3693 4971; baseline -0.016 -16"><span class='ocrx_word' id='word_1_819' title='bbox 2116 4876 2317 4971; x_wconf 78' lang='lat' dir='ltr'><strong>genera</strong></span> <span class='ocrx_word' id='word_1_820' title='bbox 2352 4897 2405 4951; x_wconf 92' lang='lat' dir='ltr'><strong>in</strong></span> <span class='ocrx_word' id='word_1_821' title='bbox 2441 4894 2728 4963; x_wconf 72' lang='lat' dir='ltr'><strong>Srriptura</strong></span> <span class='ocrx_word' id='word_1_822' title='bbox 2777 4890 3072 4945; x_wconf 89' lang='lat' dir='ltr'><strong>dicuntur:</strong></span> <span class='ocrx_word' id='word_1_823' title='bbox 3102 4885 3184 4938; x_wconf 84' lang='lat' dir='ltr'><strong>vel</strong></span> <span class='ocrx_word' id='word_1_824' title='bbox 3241 4881 3278 4936; x_wconf 90' lang='lat' dir='ltr'><strong>ii</strong></span> <span class='ocrx_word' id='word_1_825' title='bbox 3309 4880 3539 4944; x_wconf 87' lang='lat' dir='ltr'><strong>scilicet,</strong></span> <span class='ocrx_word' id='word_1_826' title='bbox 3599 4876 3693 4946; x_wconf 87' lang='lat' dir='ltr'><strong>qui</strong></span> 
     </span>
    </p>
   </div>
   <div class='ocr_carea' id='block_1_108' title="bbox 2118 4967 3692 5064">
    <p class='ocr_par' dir='ltr' id='par_1_108' title="bbox 2118 4967 3692 5064">
     <span class='ocr_line' id='line_1_108' title="bbox 2118 4967 3692 5064; baseline -0.017 -16"><span class='ocrx_word' id='word_1_827' title='bbox 2118 4967 2363 5064; x_wconf 65' lang='lat' dir='ltr'><strong>peccatis</strong></span> <span class='ocrx_word' id='word_1_828' title='bbox 2395 4983 2679 5042; x_wconf 89' lang='lat' dir='ltr'><strong>immortui</strong></span> <span class='ocrx_word' id='word_1_829' title='bbox 2713 4990 2877 5045; x_wconf 67' lang='lat' dir='ltr'><strong>sunt,</strong></span> <span class='ocrx_word' id='word_1_830' title='bbox 2923 4979 3016 5049; x_wconf 90' lang='lat' dir='ltr'><strong>qui</strong></span> <span class='ocrx_word' id='word_1_831' title='bbox 3049 4990 3225 5046; x_wconf 90' lang='lat' dir='ltr'><strong>neque</strong></span> <span class='ocrx_word' id='word_1_832' title='bbox 3254 4985 3494 5042; x_wconf 85' lang='lat' dir='ltr'><strong>unquam</strong></span> <span class='ocrx_word' id='word_1_833' title='bbox 3529 4967 3692 5022; x_wconf 86' lang='lat' dir='ltr'><strong>vitam</strong></span> 
     </span>
    </p>
   </div>
   <div class='ocr_carea' id='block_1_109' title="bbox 2117 5063 3694 5150">
    <p class='ocr_par' dir='ltr' id='par_1_109' title="bbox 2117 5063 3694 5150">
     <span class='ocr_line' id='line_1_109' title="bbox 2117 5063 3694 5150; baseline -0.015 -12"><span class='ocrx_word' id='word_1_834' title='bbox 2117 5063 2319 5138; x_wconf 86' lang='lat' dir='ltr'><strong>habere</strong></span> <span class='ocrx_word' id='word_1_835' title='bbox 2350 5083 2651 5150; x_wconf 86' lang='lat' dir='ltr'><strong>poterunt;</strong></span> <span class='ocrx_word' id='word_1_836' title='bbox 2697 5073 2779 5132; x_wconf 89' lang='lat' dir='ltr'><strong>vel</strong></span> <span class='ocrx_word' id='word_1_837' title='bbox 2816 5074 2909 5143; x_wconf 90' lang='lat' dir='ltr'><strong>qui</strong></span> <span class='ocrx_word' id='word_1_838' title='bbox 2944 5070 3154 5128; x_wconf 85' lang='lat' dir='ltr'><strong>Christi</strong></span> <span class='ocrx_word' id='word_1_839' title='bbox 3196 5066 3357 5122; x_wconf 86' lang='lat' dir='ltr'><strong>morti</strong></span> <span class='ocrx_word' id='word_1_840' title='bbox 3383 5063 3694 5119; x_wconf 82' lang='lat' dir='ltr'><strong>coul&#39;ormcs</strong></span> 
     </span>
    </p>
   </div>
   <div class='ocr_carea' id='block_1_110' title="bbox 2119 5152 3698 5238">
    <p class='ocr_par' dir='ltr' id='par_1_110' title="bbox 2119 5152 3698 5238">
     <span class='ocr_line' id='line_1_110' title="bbox 2119 5152 3698 5238; baseline -0.015 -9"><span class='ocrx_word' id='word_1_841' title='bbox 2119 5176 2303 5231; x_wconf 78' lang='lat' dir='ltr'><strong>aﬂccti</strong></span> <span class='ocrx_word' id='word_1_842' title='bbox 2335 5181 2485 5238; x_wconf 87' lang='lat' dir='ltr'><strong>sunt,</strong></span> <span class='ocrx_word' id='word_1_843' title='bbox 2515 5169 2724 5226; x_wconf 92' lang='lat' dir='ltr'><strong>mundo</strong></span> <span class='ocrx_word' id='word_1_844' title='bbox 2757 5166 3001 5238; x_wconf 89' lang='lat' dir='ltr'><strong>quidem,</strong></span> <span class='ocrx_word' id='word_1_845' title='bbox 3050 5178 3146 5219; x_wconf 87' lang='lat' dir='ltr'><strong>seu</strong></span> <span class='ocrx_word' id='word_1_846' title='bbox 3217 5156 3511 5213; x_wconf 88' lang='lat' dir='ltr'><strong>mundanis</strong></span> <span class='ocrx_word' id='word_1_847' title='bbox 3571 5152 3698 5207; x_wconf 74' lang='lat' dir='ltr'><strong>all‘e-</strong></span> 
     </span>
    </p>
   </div>
   <div class='ocr_carea' id='block_1_111' title="bbox 2118 5244 3697 5327">
    <p class='ocr_par' dir='ltr' id='par_1_111' title="bbox 2118 5244 3697 5327">
     <span class='ocr_line' id='line_1_111' title="bbox 2118 5244 3697 5327; baseline -0.016 -6"><span class='ocrx_word' id='word_1_848' title='bbox 2118 5265 2308 5321; x_wconf 87' lang='lat' dir='ltr'><strong>ctihus</strong></span> <span class='ocrx_word' id='word_1_849' title='bbox 2336 5262 2565 5327; x_wconf 89' lang='lat' dir='ltr'><strong>inortui,</strong></span> <span class='ocrx_word' id='word_1_850' title='bbox 2597 5261 2846 5316; x_wconf 76' lang='lat' dir='ltr'><strong>viventes</strong></span> <span class='ocrx_word' id='word_1_851' title='bbox 2887 5263 3069 5309; x_wconf 85' lang='lat' dir='ltr'><strong>autem</strong></span> <span class='ocrx_word' id='word_1_852' title='bbox 3103 5250 3325 5305; x_wconf 88' lang='lat' dir='ltr'><strong>Christo</strong></span> <span class='ocrx_word' id='word_1_853' title='bbox 3355 5247 3454 5302; x_wconf 90' lang='lat' dir='ltr'><strong>soli</strong></span> <span class='ocrx_word' id='word_1_854' title='bbox 3484 5263 3498 5313; x_wconf 91' lang='lat'>;</span> <span class='ocrx_word' id='word_1_855' title='bbox 3533 5244 3607 5299; x_wconf 91' lang='lat' dir='ltr'><strong>uti</strong></span> <span class='ocrx_word' id='word_1_856' title='bbox 3643 5252 3697 5299; x_wconf 92' lang='lat' dir='ltr'><strong>ct</strong></span> 
     </span>
    </p>
   </div>
   <div class='ocr_carea' id='block_1_112' title="bbox 2122 5334 3701 5419">
    <p class='ocr_par' dir='ltr' id='par_1_112' title="bbox 2122 5334 3701 5419">
     <span class='ocr_line' id='line_1_112' title="bbox 2122 5334 3701 5419; baseline -0.013 -7"><span class='ocrx_word' id='word_1_857' title='bbox 2122 5357 2325 5413; x_wconf 83' lang='lat' dir='ltr'><strong>Paulus</strong></span> <span class='ocrx_word' id='word_1_858' title='bbox 2360 5353 2437 5408; x_wconf 93' lang='lat' dir='ltr'><strong>ait</strong></span> <span class='ocrx_word' id='word_1_859' title='bbox 2464 5352 2512 5385; x_wconf 78' lang='lat'>“</span> <span class='ocrx_word' id='word_1_860' title='bbox 2540 5369 2553 5406; x_wconf 89' lang='lat'><strong>:</strong></span> <span class='ocrx_word' id='word_1_861' title='bbox 2591 5370 2608 5403; x_wconf 85' lang='grc' dir='ltr'><strong>ι</strong></span> <span class='ocrx_word' id='word_1_862' title='bbox 2648 5350 2805 5419; x_wconf 88' lang='lat' dir='ltr'><strong>Quod</strong></span> <span class='ocrx_word' id='word_1_863' title='bbox 2832 5363 2977 5404; x_wconf 89' lang='lat' dir='ltr'><strong>nunc</strong></span> <span class='ocrx_word' id='word_1_864' title='bbox 3001 5344 3146 5410; x_wconf 89' lang='lat' dir='ltr'><strong>vivo,</strong></span> <span class='ocrx_word' id='word_1_865' title='bbox 3180 5341 3235 5395; x_wconf 91' lang='lat' dir='ltr'><strong>in</strong></span> <span class='ocrx_word' id='word_1_866' title='bbox 3264 5355 3451 5404; x_wconf 85' lang='lat' dir='ltr'><strong>carne,</strong></span> <span class='ocrx_word' id='word_1_867' title='bbox 3486 5337 3540 5391; x_wconf 92' lang='lat' dir='ltr'><strong>in</strong></span> <span class='ocrx_word' id='word_1_868' title='bbox 3596 5334 3701 5391; x_wconf 84' lang='lat' dir='ltr'><strong>lidc</strong></span> 
     </span>
    </p>
   </div>
   <div class='ocr_carea' id='block_1_113' title="bbox 2121 5430 3700 5510">
    <p class='ocr_par' dir='ltr' id='par_1_113' title="bbox 2121 5430 3700 5510">
     <span class='ocr_line' id='line_1_113' title="bbox 2121 5430 3700 5510; baseline -0.013 -8"><span class='ocrx_word' id='word_1_869' title='bbox 2121 5447 2249 5502; x_wconf 80' lang='lat' dir='ltr'><strong>vivo</strong></span> <span class='ocrx_word' id='word_1_870' title='bbox 2267 5444 2391 5500; x_wconf 83' lang='lat' dir='ltr'><strong>Filii</strong></span> <span class='ocrx_word' id='word_1_871' title='bbox 2436 5443 2555 5501; x_wconf 89' lang='lat' dir='ltr'><strong>Dei.</strong></span> <span class='ocrx_word' id='word_1_872' title='bbox 2600 5463 2619 5496; x_wconf 73' lang='grc' dir='ltr'><strong>ι</strong></span> <span class='ocrx_word' id='word_1_873' title='bbox 2656 5442 2747 5498; x_wconf 77' lang='lat' dir='ltr'><strong>Sic</strong></span> <span class='ocrx_word' id='word_1_874' title='bbox 2784 5442 2966 5510; x_wconf 89' lang='lat' dir='ltr'><strong>itaque</strong></span> <span class='ocrx_word' id='word_1_875' title='bbox 2995 5436 3148 5493; x_wconf 87' lang='lat' dir='ltr'><strong>aiunt</strong></span> <span class='ocrx_word' id='word_1_876' title='bbox 3187 5450 3202 5487; x_wconf 90' lang='lat'><strong>:</strong></span> <span class='ocrx_word' id='word_1_877' title='bbox 3235 5432 3275 5487; x_wconf 93' lang='lat' dir='ltr'><strong>li</strong></span> <span class='ocrx_word' id='word_1_878' title='bbox 3310 5430 3403 5503; x_wconf 90' lang='lat' dir='ltr'><strong>qui</strong></span> <span class='ocrx_word' id='word_1_879' title='bbox 3457 5430 3559 5484; x_wconf 86' lang='lat' dir='ltr'><strong>hac</strong></span> <span class='ocrx_word' id='word_1_880' title='bbox 3612 5444 3700 5482; x_wconf 86' lang='lat' dir='ltr'><strong>ra-</strong></span> 
     </span>
    </p>
   </div>
   <div class='ocr_carea' id='block_1_114' title="bbox 2128 5516 3702 5593">
    <p class='ocr_par' dir='ltr' id='par_1_114' title="bbox 2128 5516 3702 5593">
     <span class='ocr_line' id='line_1_114' title="bbox 2128 5516 3702 5593; baseline -0.015 0"><span class='ocrx_word' id='word_1_881' title='bbox 2128 5537 2280 5593; x_wconf 87' lang='lat' dir='ltr'><strong>tione</strong></span> <span class='ocrx_word' id='word_1_882' title='bbox 2311 5535 2534 5591; x_wconf 80' lang='lat' dir='ltr'><strong>Christo</strong></span> <span class='ocrx_word' id='word_1_883' title='bbox 2586 5529 2911 5591; x_wconf 88' lang='lat' dir='ltr'><strong>commortui</strong></span> <span class='ocrx_word' id='word_1_884' title='bbox 2969 5531 3121 5590; x_wconf 88' lang='lat' dir='ltr'><strong>sunt,</strong></span> <span class='ocrx_word' id='word_1_885' title='bbox 3178 5523 3233 5578; x_wconf 92' lang='lat' dir='ltr'><strong>in</strong></span> <span class='ocrx_word' id='word_1_886' title='bbox 3284 5535 3446 5576; x_wconf 88' lang='lat' dir='ltr'><strong>carne</strong></span> <span class='ocrx_word' id='word_1_887' title='bbox 3493 5516 3702 5587; x_wconf 81' lang='lat' dir='ltr'><strong>scipsos</strong></span> 
     </span>
    </p>
   </div>
   <div class='ocr_carea' id='block_1_115' title="bbox 2131 5609 3705 5685">
    <p class='ocr_par' dir='ltr' id='par_1_115' title="bbox 2131 5609 3705 5685">
     <span class='ocr_line' id='line_1_115' title="bbox 2131 5609 3705 5685; baseline -0.015 0"><span class='ocrx_word' id='word_1_888' title='bbox 2131 5629 2202 5685; x_wconf 92' lang='lat' dir='ltr'><strong>ob</strong></span> <span class='ocrx_word' id='word_1_889' title='bbox 2259 5627 2590 5681; x_wconf 88' lang='lat' dir='ltr'><strong>anteriorem</strong></span> <span class='ocrx_word' id='word_1_890' title='bbox 2653 5624 2821 5680; x_wconf 85' lang='lat' dir='ltr'><strong>vitam</strong></span> <span class='ocrx_word' id='word_1_891' title='bbox 2914 5615 3185 5676; x_wconf 87' lang='lat' dir='ltr'><strong>desidiose</strong></span> <span class='ocrx_word' id='word_1_892' title='bbox 3246 5621 3300 5670; x_wconf 88' lang='lat' dir='ltr'><strong>et</strong></span> <span class='ocrx_word' id='word_1_893' title='bbox 3371 5609 3705 5682; x_wconf 75' lang='lat' dir='ltr'><strong>negligenter</strong></span> 
     </span>
    </p>
   </div>
   <div class='ocr_carea' id='block_1_116' title="bbox 2249 5800 2698 5867">
    <p class='ocr_par' dir='ltr' id='par_1_116' title="bbox 2249 5800 2698 5867">
     <span class='ocr_line' id='line_1_116' title="bbox 2249 5800 2698 5867; baseline -0.007 -8"><span class='ocrx_word' id='word_1_894' title='bbox 2249 5802 2294 5836; x_wconf 81' lang='lat'><strong>“</strong></span> <span class='ocrx_word' id='word_1_895' title='bbox 2314 5801 2498 5858; x_wconf 85' lang='lat' dir='ltr'><strong>Galat.</strong></span> <span class='ocrx_word' id='word_1_896' title='bbox 2520 5815 2583 5867; x_wconf 85' lang='lat' dir='ltr'><strong>il,</strong></span> <span class='ocrx_word' id='word_1_897' title='bbox 2605 5800 2698 5856; x_wconf 70' lang='lat'><strong>20.</strong></span> 
     </span>
    </p>
   </div>
  </div>
