4120 6428
421 438 556 515 τευ
1190 440 1702 510 EXPOSITIOIN
1745 447 1981 507 EPIST.
2018 448 2044 506 1
2085 448 2143 506 s.
2191 449 2442 510 PETRI.
2479 476 2550 487 —
2583 445 2740 516 CAP.
2784 447 2887 518 Iv.
3531 451 3670 518 1212

415 564 630 632 εἴρηται
669 551 751 628 τδ,
784 581 802 614 ι
823 549 1005 631 Ἕντῷ
1039 550 1140 633 ᾅδῃ
1204 561 1288 624 τίς
1320 559 1775 630 ἐξομολογήσεταί
1810 573 1930 620 σοις
1964 576 1974 607 ι

2094 555 2301 618 dictum
2327 560 2398 615 sit
2421 561 2467 593 ⁸⁸
2507 580 2520 616 :
2553 581 2571 613 ι
2593 561 2711 617 Non
2732 565 2932 618 mortui
2953 563 3251 620 laudabunt
3281 575 3355 629 te,
3377 563 3601 619 Domine
3645 586 3664 616 ι

414 655 702 712 Confessio
733 655 915 724 itaque
954 662 1037 708 est
1083 653 1383 723 gratiarum
1407 653 1550 706 actio
1585 651 1712 717 Deo,
1738 669 1862 707 cum
1889 655 2014 724 quis
2047 654 2117 710 ab
2146 653 2327 722 aliqua
2391 652 2638 708 molestia
2676 654 2941 712 liberatus
2977 665 3085 712 est.
3124 656 3294 710 Porro
3351 671 3477 709 cum
3533 662 3667 708 tem.

415 766 521 822 pus
553 746 820 818 operandi
857 747 960 798 hac
1022 744 1132 798 vita
1158 743 1666 815 finiatur,(mortui
1729 747 1874 800 enim
1917 747 1987 800 ab
2029 744 2180 801 omni
2207 743 2630 814 vacantopere,)
2663 746 2910 814 profecto
2938 762 3066 802 eum
3110 748 3245 802 nihil
3275 747 3386 800 itlic
3455 746 3672 800 contin-

413 852 525 912 gat,
558 841 628 895 ob
658 838 802 910 quod
833 838 958 907 quis
1000 837 1262 892 liberatus
1329 836 1679 901 Confitentur,
1721 837 1916 893 merito
1954 839 2164 894 dictum
2196 847 2281 892 est
2312 855 2326 890 :
2357 855 2376 888 ι
2413 836 2468 891 In
2503 837 2720 893 inferno
2775 839 2900 908 quis
2935 839 3290 895 conﬁtebitur
3324 839 3420 893 tibi
3480 839 3504 891 ?
3543 857 3560 888 ι

493 953 511 985 ι
554 924 782 988 Πάντων
820 923 877 985 δὲ
911 930 973 983 τδ
1005 929 1158 993 τέλος
1189 930 1409 1000 ήγγικε.
1443 929 1839 997 Σωφρονὴσατε
1873 926 1990 996 οὖν,

414 1025 511 1078 καὶ
541 1025 750 1092 νήψατέ
797 1014 879 1084 είς
926 1020 1026 1083 τὰς
1094 1018 1425 1088 προσευχάς.
1504 1019 1616 1088 Πρὸ
1662 1019 1883 1074 πάντων
1935 1021 1993 1075 δὲ

413 1118 514 1187 τὴν
545 1119 625 1179 εἰς
655 1104 882 1176 ἑαυτοὺς
910 1104 1133 1184 ἀγάπην
1155 1113 1348 1180 ὲκτενῆ
1374 1112 1710 1182 ἔχοντες,δτι
1741 1115 1774 1184 ἡ
1806 1113 1994 1186 ἀγάπη

414 1208 686 1262 καλύπτει
726 1194 932 1276 πλῆθος
961 1197 1270 1274 ἁμαρτιῶν.
1307 1194 1579 1268 Φιλόξενοι
1610 1205 1690 1266 είς
1730 1204 1995 1276 ἀλλήλους

413 1298 545 1352 ἄνευ
579 1282 908 1365 γογγισμοῦ.
943 1311 962 1345 ι
997 1312 1064 1332 -'-
1101 1309 1121 1343 ι
1149 1281 1336 1356 Τέλος,
1368 1309 1387 1342 ι
1425 1284 1546 1343 ἀντὶ
1580 1289 1699 1354 τοῦ,
1739 1292 1995 1361 συμπλή-

415 1405 604 1461 ρωσις,
636 1379 939 1440 συντελεια.
972 1403 992 1437 ι
1016 1373 1181 1447 Τέλος
1213 1403 1231 1435 ι
1273 1383 1438 1454 φησιν
1479 1392 1498 1435 ι
1530 1383 1820 1452 ἤγγικὲναι
1853 1384 1994 1436 πάν-

411 1496 552 1534 των·
587 1497 606 1532 ι
644 1478 807 1532 τοῦτο
855 1466 912 1530 at
961 1466 1156 1547 ἀληθεῖ
1198 1475 1342 1547 λόγῳ
1377 1475 1528 1529 ἐστὶν
1567 1477 1594 1528 ό
1625 1468 1860 1543 Χριστός
1883 1489 1896 1505 ·
1953 1477 1988 1546 η

412 1573 632 1628 πάντων
683 1570 794 1641 γὰρ
839 1568 1117 1638 τελειότης
1159 1569 1322 1632 αὑτός
1379 1570 1563 1622 ἐστιν·
1617 1567 1733 1621 ἀλλ’
1777 1568 1876 1639 οὐχ
1914 1568 1991 1631 ὡς

407 1661 673 1730 Ἕλληνες
719 1658 1002 1730 ληροῦσιν,
1030 1658 1080 1710 oi
1140 1657 1241 1728 μὲν
1283 1657 1384 1727 τὴν
1435 1648 1630 1727 ἡδονὴν
1686 1651 1991 1726 φάσκοντες

2168 929 2335 985 Vens.
2363 929 2481 987 7-9.
2512 949 2531 984 ι
2561 929 2819 986 Omnium
2852 940 3037 986 autem
3077 931 3202 985 fluis
3271 931 3673 1001 appropinqua-

2095 1025 2194 1086 vit,
2224 1027 2414 1081 Estote
2451 1025 2638 1097 itaque
2669 1026 2991 1097 prudentes,
3034 1036 3090 1080 et
3124 1026 3350 1096 vigilate
3387 1025 3442 1079 in
3463 1027 3673 1079 oratio-

2094 1117 2281 1171 nibus.
2309 1116 2450 1172 Ante
2487 1118 2676 1172 omnia
2708 1127 2888 1173 autem
2925 1125 3171 1170 mutuam
3203 1117 3257 1170 in
3307 1116 3672 1185 vobismetip-

2097 1207 2178 1264 sis
2207 1207 2531 1262 cbaritatem
2566 1208 2883 1262 continuam
2907 1207 3166 1262 habentes
3197 1223 3210 1259 :
3247 1205 3377 1274 quia
3419 1207 3670 1261 charitas

2093 1296 2273 1367 operit
2303 1296 2712 1352 multitudinem
2752 1304 3132 1367 peccatorum.
3167 1293 3480 1365 ilospitales
3535 1294 3672 1346 invi-

2091 1402 2209 1443 cem
2241 1389 2362 1444 sine
2417 1388 2872 1442 murmuratione.
2907 1405 2927 1439 ι
2999 1385 3235 1440 Ponitur
3298 1403 3317 1436 ι
3355 1384 3482 1438 ﬁnis
3518 1401 3537 1433 ι
3571 1397 3670 1452 pro

2091 1479 2522 1546 complemento,
2553 1494 2648 1536 seu
2679 1479 3174 1534 consunnnatione.
3215 1476 3391 1531 Porro
3427 1494 3446 1527 ι
3507 1477 3668 1529 ﬁnem

2092 1569 2340 1623 omnium
2405 1569 2898 1640 appropinquasse,
2931 1586 2951 1619 ι
2991 1568 3087 1631 ait,
3117 1567 3208 1637 qui
3237 1577 3319 1622 est
3369 1565 3627 1622 Christus
3654 1581 3669 1618 :

2089 1661 2208 1731 ipse
2237 1660 2383 1716 enim
2414 1662 2660 1716 omnium
2676 1660 2944 1732 perfectio
2969 1667 3053 1716 est
3083 1677 3096 1713 :
3126 1667 3181 1714 et
3217 1673 3326 1712 non
3358 1666 3416 1712 ut
3444 1656 3673 1728 gentiles

405 1751 579 1815 τέλος,
624 1742 700 1813 ὼς
743 1737 1095 1819 Ἐπικοϋροςο
1151 1748 1202 1800 οἱ
1240 1741 1304 1834 ,δὲ
1341 1746 1442 1816 τὴν
1499 1747 1830 1818 ἐπιστήμην,
1862 1743 1974 1818 ἦτοι

2083 1751 2362 1817 effutiunt,
2407 1766 2643 1822 quorum
2663 1751 2754 1806 alii
2781 1751 3136 1823 voluptatem,
3175 1756 3232 1804 ut
3267 1748 3558 1818 Epicurus,
3579 1745 3668 1800 alii

405 1838 717 1911 θεωρίαν,ἢ
769 1839 994 1908 ἀρετήν.
1033 1837 1157 1892 Ἐπὶ
1197 1836 1262 1909 If.
1296 1836 1442 1910 ἐπεὶ]
1479 1837 1661 1892 τοίνυν
1693 1839 1727 1907 ή
1757 1838 1974 1893 πάντων

2081 1843 2369 1897 scientiam
2388 1858 2482 1898 seu
2495 1841 3126 1913 contetnplationent,aiii
3141 1841 3398 1895 virtutem
3421 1838 3670 1893 ultimum

403 1932 682 2002 τελειότης
713 1927 948 2012 Χριστὸς
971 1933 1336 2002 παραγίγονε,
1378 1934 1473 1986 καὶ
1521 1924 1675 1986 αὐτοὶ
1705 1930 1879 2005 ταύτῃ
1909 1935 1974 2004 τῇ

2081 1933 2242 1988 linem
2265 1949 2389 1989 esse
2415 1935 2776 1989 arbitrantur.
2793 1932 3064 2001 Quoniam
3090 1932 3259 2003 igitur
3277 1932 3522 1986 omnium
3542 1945 3663 1999 per-

403 2024 724 2096 τελειότητι,
764 2026 918 2096 φησὶ,
955 2024 1466 2096 συμμορφούμενοι,
1493 2023 1803 2089 ἀνελλιπεῐς
1853 2025 1985 2078 ἑαυ-

402 2117 532 2181 τοὺς
586 2119 646 2171 ὲν
676 2116 838 2170 παντὶ
886 2114 1144 2182 δεὶξατε,
1195 2118 1252 2170 ὲν
1293 2113 1654 2189 σωφροσύνῃ,
1705 2118 1766 2171 ὲν
1824 2117 1985 2189 νήψει

403 2205 856 2280 προσευχόμενοι.
908 2207 1211 2278 Νηφόντων
1261 2208 1372 2280 γάρ
1419 2210 1453 2280 ἡ
1497 2209 1778 2280 προσευχὴ
1815 2209 1875 2264 ὲν
1916 2211 1982 2280 τῇ

322 2351 334 2359 ,
403 2299 544 2370 πρὸς
565 2299 830 2371 ἀλλήλους
857 2300 1072 2371 ἀγάπῃ.
1111 2299 1333 2373 Ταύτην
1353 2299 1412 2355 δὲ
1448 2292 1663 2365 Παῦλος
1704 2321 1723 2354 ι
1760 2291 1984 2372 πλήρω-

405 2402 485 2459 μα
516 2406 536 2440 ι
573 2382 696 2442 εἶπε
729 2389 896 2459 νόμου
920 2406 934 2420 ·
969 2382 1126 2452 οὗτος
1173 2388 1231 2442 δὲ
1269 2407 1287 2441 ι
1316 2389 1594 2460 ἁμαρτίας
1624 2407 1642 2442 ι
1674 2389 1984 2462 δυναμένην

407 2497 427 2532 ι
465 2478 781 2533 καλύπτειν.
819 2497 838 2531 ι
882 2478 941 2533 '0
989 2478 1099 2550 γὰρ
1155 2481 1236 2543 είς
1261 2479 1353 2534 τὸν
1401 2480 1632 2551 πλησίον
1679 2481 1830 2540 ἔλεος
1891 2479 1984 2536 τὸν

403 2569 536 2624 Θεὸν
566 2571 699 2641 ημῖν
729 2570 888 2624 ῐλεων
915 2572 1080 2624 ποιεῖ.
1111 2569 1296 2624 Εἰπὼν
1318 2571 1377 2626 δὲ
1418 2589 1438 2624 ι
1461 2572 1702 2642 ἀγάπην,
1727 2591 1747 2626 ι
1785 2573 1984 2642 ἐπάγει

399 2655 498 2715 καὶ
533 2660 602 2713 τά
649 2662 718 2732 τῇ
771 2655 963 2732 ἀγάπῃ
1014 2661 1536 2729 συνακολουθοῦντα,
1571 2664 1674 2735 τὴν
1711 2682 1731 2716 ι
1768 2663 1981 2734 φιλοξε-

400 2738 544 2815 νίαν,
589 2767 608 2803 ι
667 2745 736 2822 ἢν
789 2770 808 2804 ι
847 2751 976 2806 ἄνευ
1007 2751 1330 2824 γογγυσμοῦ
1371 2771 1390 2804 ι
1455 2753 1698 2808 ἐκτελεῖν
1743 2754 1978 2810 κελεύει.

410 2835 576 2898 ’Ᾱλλά
603 2843 699 2896 καὶ
736 2846 850 2907 τοῖς
878 2834 1306 2916 εὐπορουμένοις
1334 2843 1551 2916 ἑκάστῳ
1575 2846 1880 2918 χαρίσματι
1905 2845 1982 2916 τῷ

403 2925 482 3008 μὴ
504 2927 682 3006 ἔχοντι
713 2928 928 3006 ἁδελφῷ
951 2939 1252 3003 κοινωνεῖν,
1277 2932 1392 2991 οἷον
1422 2938 1450 2991 ό
1471 2937 1631 3006 λόγον
1662 2937 1800 3009 ἔχων
1831 2937 1980 2991 διδα-

402 3025 662 3080 σκαλικὸν
700 3023 884 3097 (τοῦτο
913 3027 1024 3099 γὰρ
1055 3027 1116 3081 τὸ
1142 3067 1158 3092 ,
1196 3046 1218 3080 ι
1249 3028 1325 3090 ὼς
1344 3028 1501 3096 λόγια
1539 3027 1699 3092 Θεοῦ,
1733 3047 1753 3080 ι
1785 3027 1981 3098 δηλοῖ),

397 3114 480 3186 τῷ
506 3116 763 3188 χρῄζοντι
791 3117 1005 3175 τούτου.
1052 3119 1112 3174 '0
1155 3119 1423 3192 χορηγίαν
1462 3119 1604 3190 ἔχων
1653 3121 1872 3191 τροφῶν
1898 3120 1980 3190 τῷ

400 3208 476 3280 μὴ
531 3207 712 3279 ιχοντι
763 3209 1088 3276 ἐπιδιδόναι,
1143 3212 1219 3281 μὴ
1262 3211 1638 3282 μικροψύχως,
1681 3212 1799 3267 ἀλλ’
1827 3212 1902 3274 ὡς
1942 3214 1974 3284 ἡ

2084 3212 2320 3269 libenter
2365 3209 2771 3265 communicent
2818 3221 2833 3264 ι

2087 2021 2254 2079 lectio
2291 2037 2358 2078 ac
2391 2023 2515 2079 finis
2557 2023 2810 2080 Christus
2832 2021 3070 2086 advenit,
3103 2019 3303 2090 inquit,
3325 2025 3380 2072 et
3414 2032 3511 2071 vos
3545 2015 3667 2069 huic

2085 2113 2422 2169 conformati
2489 2113 2843 2185 perfectioni,
2874 2111 3132 2169 exhibete
3183 2107 3552 2176 vosmetipsos
3612 2105 3666 2159 in

2086 2204 2238 2260 omni
2266 2207 2470 2261 virtute
2529 2205 2739 2275 absque
2765 2203 3011 2269 defectu,
3043 2203 3096 2258 in
3122 2202 3420 2258 sobrietate
3443 2205 3498 2254 et
3533 2196 3666 2266 vigi-

2091 2296 2262 2352 lantia
2318 2295 2962 2370 orantes(vigilantinm
2993 2293 3142 2350 enim
3205 2299 3292 2347 est
3347 2289 3526 2344 oratio
3558 2287 3576 2346 δ
3609 2287 3664 2340 in

2091 2406 2112 2441 ι
2147 2397 2338 2443 mutua
2359 2389 2652 2444 charitate.
2695 2405 2716 2438 ι
2750 2389 2904 2442 lianc
2935 2387 3142 2441 Paulus
3168 2383 3388 2453 quidem
3423 2399 3443 2432 ι
3485 2378 3664 2449 pleni-

2091 2479 2337 2535 tudinem
2379 2479 2514 2548 legis
2542 2497 2562 2532 ι
2588 2489 2744 2534 vocat
2768 2495 2784 2544 ;
2818 2477 2911 2532 hic
2937 2487 3120 2532 autem
3151 2473 3435 2544 apostolus
3483 2472 3558 2523 ait
3587 2468 3661 2528 θ’.

2093 2585 2216 2626 eam
2250 2588 2270 2623 ι
2305 2579 2530 2641 peccata
2579 2569 2799 2640 operire
2863 2587 2883 2621 ι
2934 2582 3100 2639 posse
3141 2583 3156 2622 :
3189 2563 3462 2634 siquidem
3493 2561 3664 2616 mise-

2086 2660 2328 2718 ricordia
2367 2660 2566 2732 quain
2601 2659 2911 2731 proximum
2941 2668 3252 2721 exercetur,
3289 2653 3456 2710 Deum
3504 2649 3664 2705 nobis

2084 2753 2381 2824 prOpitium
2409 2751 2614 2808 reddit.
2646 2749 2716 2806 Ut
2743 2766 2876 2806 vero
2903 2750 2972 2804 de
3000 2769 3020 2800 ι
3053 2747 3323 2803 eharitate
3358 2762 3376 2795 ι
3420 2741 3661 2797 mentio-

2083 2859 2208 2901 nem
2234 2843 2384 2908 fecit,
2409 2843 2699 2914 subiungit
2727 2857 2818 2907 ea,
2841 2857 2974 2912 quae
3001 2841 3149 2894 illam
3177 2835 3431 2894 comitari
3448 2834 3661 2890 solent:

2085 2946 2147 2991 ιιι
2167 2946 2252 2993 est
2291 2953 2310 2989 ι
2359 2936 2744 3007 hospitalitas»
2779 2949 2944 3005 quam
2975 2953 2993 2986 ι
3029 2933 3149 2988 sine
3172 2927 3605 2984 murmuratione
3639 2944 3658 2976 ι

2081 3025 2444 3084 exercendam
2478 3026 2758 3097 percipit;
2783 3026 2928 3080 sicut
2969 3025 3157 3089 etiam,
3181 3031 3242 3077 nt
3274 3021 3336 3086 ii,
3363 3019 3455 3087 qui
3479 3018 3664 3087 aliquo

2085 3120 2373 3176 abundant
2398 3119 2568 3184 dono,
2599 3119 2732 3173 illud
2766 3133 2890 3173 eum
2923 3116 3084 3187 3'77
3111 3113 3405 3170 iratrenon
3427 3111 3665 3165 habente

2911 3217 2971 3264 ut
3047 3208 3094 3262 si
3159 3205 3285 3276 quis
3353 3203 3662 3258 doctrinam

393 3300 639 3372 δύναμις
663 3320 683 3353 ι
723 3303 956 3373 παρέχει
990 3303 1090 3372 τῆς
1131 3302 1240 3358 ἀπὸ
1282 3301 1422 3356 Θεοῦ
1465 3303 1752 3376 χορηγίας.
1787 3282 1974 3359 Ταῦτα

2077 3302 2362 3376 possidet(
2397 3305 2498 3357 hoe
2517 3301 2666 3356 enim
2721 3300 2879 3364 illud,
2925 3317 2945 3350 ι
2989 3308 3049 3354 ιιι
3076 3311 3360 3354 sermones
3393 3294 3490 3348 Dei
3525 3311 3545 3344 ι
3583 3291 3664 3346 si-

391 3388 451 3444 δὶ
493 3391 766 3462 παραινῶ,
797 3393 984 3464 φησὶν,
1023 3412 1042 3446 ι
1078 3393 1165 3449 ίνα
1193 3394 1253 3448 ἐν
1279 3395 1447 3448 πᾶσιν
1472 3412 1490 3447 ι
1532 3394 1642 3448 εἴτε
1674 3394 1905 3462 ἔθνεσιν,
1936 3397 1970 3466 ἢ

2077 3393 2344 3465 gnificat).
2375 3408 2525 3452 eum.
2557 3393 2650 3459 qui
2687 3390 2942 3460 indigens
2991 3396 3100 3455 est,
3166 3387 3286 3457 ipsa
3351 3382 3662 3456 participet.

392 3479 489 3534 καὶ
519 3482 630 3546 τοῖς
661 3479 828 3554 ἐγγὺς
856 3483 1034 3556 ὑμῶν,
1073 3497 1093 3538 ι
1120 3481 1413 3556 δοξάζηται
1446 3486 1476 3540 ό
1500 3485 1656 3550 Θεός.
1693 3499 1714 3538 δ

2073 3489 2167 3546 Sic
2199 3487 2292 3557 qui
2356 3487 2634 3541 alimentis
2685 3483 2951 3547 abundat,
2985 3483 3034 3538 ei
3093 3482 3187 3552 qui
3237 3488 3411 3544 caret,
3453 3484 3660 3548 partem

392 3570 560 3627 faciat
593 3584 679 3642 ;et
731 3591 842 3632 non
883 3577 1104 3649 quidem
1161 3586 1349 3650 parce,
1409 3578 1503 3636 sed
1535 3578 1693 3649 juxta
1723 3578 2061 3652 facultatem,
2108 3597 2272 3654 quam
2311 3581 2390 3636 illi
2422 3580 2564 3636 Deus
2627 3577 3020 3650 suppeditavit.
3054 3579 3169 3633 Hoc
3199 3584 3405 3640 autem,
3464 3570 3664 3641 inquit,

390 3669 549 3727 vobis
580 3670 783 3727 idcirco
835 3671 1063 3734 suadeo,
1142 3691 1160 3724 ‹
1230 3681 1288 3726 ιιι
1325 3673 1394 3727 ab
1460 3671 1738 3738 omnibus,
1805 3694 1824 3728 ι
1861 3680 1977 3733 sive
2017 3677 2248 3748 gentiles
2283 3675 2414 3740 sint,
2447 3675 2564 3728 sive
2591 3673 2904 3744 propinqui,
2939 3691 2959 3724 ι
2988 3671 3381 3726 honorificetur
3436 3663 3601 3720 Deus.
3640 3681 3660 3715 ι

466 3783 486 3818 ι
523 3765 794 3828 Ἕκαστος
838 3758 1022 3828 καθὼς
1057 3763 1215 3818 ἔλαϐε
1243 3765 1492 3835 χάρισμα
1546 3767 1656 3820 άπὺ
1695 3767 1854 3831 Θεοῦ,
1886 3771 1966 3832 εἰς

390 3846 619 3919 ἑαυτοὺς
643 3855 777 3909 αὐτὸ
804 3854 1200 3920 διακονοῦντες,
1231 3855 1308 3919 ὡς
1354 3855 1512 3910 καλοὶ
1537 3857 1810 3928 οἰκονόμοι
1845 3875 1936 3913 ποι

388 3945 549 4015 κξλης
577 3947 801 4016 χάριτος
851 3945 1010 4000 Θεοῦ.
1042 3944 1108 3997 Εἴ
1131 3962 1217 4008 τις
1270 3945 1444 4012 λαλεῖ,
1487 3942 1564 4011 ὥς
1597 3946 1754 4016 λόγια
1787 3949 1926 4005 Θεοῦ
1948 3963 1964 3980 ⁶

388 4039 444 4093 ετ
468 4054 550 4100 τις
583 4037 843 4098 διακονεῖ,
874 4037 951 4100 ὡς
978 4037 1037 4102 ἐξ
1065 4035 1248 4108 ἰσχύος
1280 4028 1347 4109 ἦς
1372 4042 1602 4110 χορηγεῖ
1639 4041 1813 4105 ὀθεός
1835 4051 1850 4070 ⁸
1881 4042 1970 4099 ἵνα

386 4117 445 4179 ὲν
474 4126 640 4179 πᾶσιν
697 4128 726 4179 ό
774 4125 908 4188 Θεὸς
960 4124 1252 4197 δοξάζηται
1283 4128 1371 4182 διὰ
1414 4123 1590 4199 Ἰησοῦ
1620 4131 1881 4201 Χριστοῦ,

385 4212 534 4272 ἔστιν
559 4210 592 4289 ἢ
627 4217 754 4282 δόξα
770 4220 865 4271 καὶ
887 4219 947 4271 τδ
970 4211 1191 4290 κράτος,
1220 4219 1301 4285 εἰς
1329 4221 1456 4284 τοὺς
1476 4222 1678 4287 αἰῶνας
1699 4222 1812 4278 τῶν
1837 4223 1968 4279 αἰώ-

385 4320 518 4366 νων.
559 4307 754 4382 ’Δμήω
799 4329 818 4364 ι
855 4311 976 4364 Τῶν
1005 4311 1116 4384 γάρ
1158 4305 1401 4384 ὲφήμῖν
1443 4315 1735 4385 κειμένων,
1765 4316 1860 4370 καὶ
1887 4312 1964 4372 ὧν

385 4401 555 4474 ἔσμεν
585 4403 786 4474 κύριοι,
816 4404 890 4476 μὴ
913 4407 1106 4470 ποιεῖν,
1163 4405 1323 4460 τοῦτο
1371 4407 1552 4477 πάσης
1593 4408 1809 4473 ἀδικίας
1852 4409 1967 4481 ἔχει

2144 3761 2313 3823 Vens.
2346 3767 2540 3831 10,“.
2578 3784 2600 3817 ι
2644 3762 3058 3837 Unusquisque,
3111 3764 3256 3819 sicut
3293 3760 3508 3831 accepit
3536 3775 3658 3830 gra-

2065 3860 2219 3923 tiam,
2247 3859 2300 3913 in
2319 3857 2642 3914 alterutrum
2677 3857 2821 3911 illam
2855 3853 3325 3914 administrantes.
3345 3854 3490 3908 sicut
3530 3851 3657 3904 boni

2074 3951 2497 4022 dispensatores
2545 3949 2900 4005 multiformis
2933 3949 3124 4017 gratiae
3155 3948 3274 4003 Dei.
3311 3943 3368 4000 Si
3407 3944 3535 4014 quis
3578 3942 3658 3997 lo-

2077 4043 2292 4112 quitur,
2319 4041 2474 4110 qnasi
2505 4054 2793 4097 sermones
2817 4039 2909 4094 Del
2936 4057 2950 4095 :
2983 4039 3028 4095 si
3055 4038 3179 4108 quis
3205 4035 3505 4097 ministrat,
3535 4042 3652 4088 tan-

2075 4148 2239 4200 quam
2290 4147 2355 4188 ex
2392 4133 2616 4190 virtute.
2675 4144 2839 4201 quam
2895 4129 3245 4184 administrat
3284 4126 3427 4181 Deus
3455 4144 3470 4181 :
3502 4133 3563 4178 ut
3603 4125 3657 4178 in

2075 4223 2333 4279 omnibus
2369 4221 2762 4276 honorificetur
2803 4219 2964 4283 Dens,
2987 4234 3084 4290 per
3113 4218 3299 4274 Jesum
3327 4215 3605 4271 Christum
3641 4232 3653 4266 :

2073 4317 2159 4373 cui
2200 4325 2286 4372 est
2334 4315 2505 4386 gloria
2533 4325 2587 4370 ct
2615 4313 2904 4384 imperium
2957 4315 3012 4368 in
3060 4311 3258 4368 saecula
3305 4309 3655 4366 smeulorum.

2074 4407 2270 4464 Amen.
2310 4425 2330 4460 ι
2365 4406 2497 4462 Nam
2528 4422 2652 4478 qua:
2686 4407 2742 4460 in
2797 4411 2986 4461 nostra
3022 4411 3293 4474 potestate
3342 4399 3655 4456 omnimodo.

384 4493 628 4564 γραφήν.
658 4494 733 4547 Oti
791 4495 900 4566 γὰρ
949 4496 1043 4548 ὲπὶ
1075 4496 1176 4566 τῆς
1231 4496 1344 4550 τῶν
1388 4497 1689 4570 χρημάτων
1719 4500 1967 4570 κτήσεως

2077 4510 2219 4571 sunt,
2251 4513 2313 4554 ea
2344 4515 2451 4553 non
2497 4499 2683 4554 facere
2713 4509 2942 4551 summa:
2967 4495 3254 4563 injustitiae
3295 4495 3512 4563 species
3544 4498 3649 4546 est.

389 4584 582 4656 μόνης,
615 4585 752 4640 ἀλλὰ
783 4587 879 4640 καὶ
908 4587 1019 4642 τῶν
1054 4589 1232 4643 ἄλλων
1276 4590 1523 4658 φυσικῶν
1556 4591 1964 4662 πλεονεκτημά-

385 4681 494 4728 των
523 4677 685 4746 ἔχων,
730 4677 1017 4750 ὑπόχρὲώς
1070 4681 1189 4733 ἔστι
1225 4680 1489 4752 παρέχειν
1529 4681 1608 4754 τῷ
1648 4681 1726 4755 μὴ
1757 4681 1957 4753 ἔχοντι.

383 4765 509 4820 Ὅτι
538 4761 632 4822 καὶ
655 4768 817 4833 αὐτὸς
855 4771 932 4841 μὴ
959 4763 1101 4842 ἔχων
1133 4773 1285 4843 παρὰ
1312 4772 1448 4828 Θεοῦ
1470 4773 1684 4844 ἔλασεν,
1708 4775 1796 4831 ἴνα
1811 4789 1957 4848 napo

381 4853 480 4929 ἔχῃ
515 4851 592 4928 τῷ
617 4852 692 4930 μὴ
721 4859 918 4930 ἔχοντι.

459 5057 479 5092 ι
528 5033 853 5112 ’Ἀγαπητοὶ,
892 5043 967 5114 μὴ
1017 5042 1288 5110 ξενίζεσθε
1329 5047 1396 5117 τῇ
1441 5046 1500 5099 ἐν
1528 5047 1658 5117 ὑμῖν
1690 5048 1956 5120 πυρώσει,

381 5131 520 5200 πρὸς
559 5135 870 5203 πειρασμδν
903 5135 1032 5206 ὑμῖν
1047 5137 1314 5209 γενομένῃ
1333 5136 1496 5209 [ινιιιθ.
1523 5137 1682 5212 γιν.],
1710 5139 1786 5204 ὡς
1805 5141 1956 5206 ξένου

381 5214 513 5290 ὖμΐν
543 5223 964 5292 συμϐαίνοντοςο
996 5225 1131 5280 ἀλλὰ
1158 5227 1294 5280 καθὸ
1321 5227 1486 5301 [υιιίῃ.
1527 5228 1736 5302 καθὼς]
1763 5248 1959 5286 κοινω-

379 5314 520 5365 νεῐτε
553 5315 668 5376 τοῖς
715 5315 810 5368 τοῦ
868 5317 1075 5387 Κυρίου
1107 5319 1420 5389 παθήμασι,
1456 5320 1714 5393 χαίρετε·
1747 5323 1834 5376 ἴνα
1861 5323 1958 5376 καὶ

2065 4591 2184 4646 Νοη
2213 4593 2363 4648 enim
2411 4591 2448 4647 ii
2488 4600 2704 4646 tantum
2736 4590 2830 4660 qui
2865 4589 3131 4659 pecunias
3188 4586 3492 4656 possident,
3552 4584 3649 4638 sed

2063 4685 2390 4755 quicunque
2441 4683 2680 4739 naturali
2713 4683 2902 4751 aliquo
2927 4680 3076 4736 dono
3114 4680 3455 4749 praecellunt,
3513 4675 3645 4730 illud

2057 4787 2186 4833 cum
2216 4791 2322 4830 non
2350 4775 2584 4830 habente
2616 4773 3026 4829 communicare
3053 4773 3255 4827 debent
3275 4769 3653 4840 :qnan'oqui-

1989 4839 2036 4895 θ
2067 4867 2190 4924 dem
2221 4868 2386 4923 etiam
2418 4866 2558 4938 ipse,
2594 4881 2720 4920 cum
2751 4881 2857 4920 non
2897 4865 3144 4930 haberet,
3186 4839 3403 4934 accepit
3460 4863 3651 4933 utique

2069 4966 2129 5014 ut
2151 4958 2527 5030 indigentibus
2554 4958 2934 5013 distribueret.

2138 5048 2306 5105 Vens.
2349 5049 2436 5116 i2,
2473 5050 2562 5104 i3.
2611 5068 2631 5102 ι
2657 5049 3002 5117 Charissimi,
3038 5049 3204 5104 nolite
3233 5047 3566 5119 peregrinari
3591 5047 3645 5101 in

2067 5141 2298 5204 fervore.
2327 5142 2422 5213 qui
2468 5141 2540 5197 ad
2571 5141 2932 5198 tcntationem
2975 5141 3130 5196 vobis
3186 5141 3279 5203 sit,
3323 5140 3483 5211 quasi
3519 5140 3642 5193 novi

2069 5234 2275 5306 aliquid
2303 5235 2459 5291 vobis
2477 5234 2778 5304 contingat.
2815 5234 2924 5290 Sed
2945 5233 3413 5288 communicantes
3436 5230 3641 5284 Christi

2066 5323 2440 5394 passionibus,
2472 5326 2726 5395 gaudete,
2785 5334 2847 5380 ut
2889 5333 2946 5379 et
2974 5323 3030 5378 in
3065 5321 3401 5378 revelatione
3449 5319 3660 5390 gloriae.

377 5395 438 5456 ὲν
459 5406 526 5476 τῇ
548 5406 896 5498 ἀποκαλύψει
926 5404 1024 5479 τῆς
1062 5408 1222 5480 δόξης
1249 5412 1414 5466 αὑτοῦ
1449 5413 1658 5485 χαρῆτε
1681 5414 1955 5480 ἀγαλλιώ-

2077 5418 2182 5484 :jns
2215 5416 2498 5488 gaudeatis
2523 5417 2888 5473 exsultantes.
2926 5433 2944 5468 ι
2975 5416 3110 5470 Cum
3149 5415 3223 5468 ita
3258 5413 3403 5469 circa
3439 5427 3638 5482 praece-

381 5502 556 5564 μενοι.
605 5515 625 5549 ι
680 5497 838 5553 υῦτω
883 5497 1277 5572 διαταξάμενος
1330 5505 1459 5576 περὶ
1507 5505 1619 5559 τῶν
1671 5509 1956 5578 προσεχῶς

2080 5509 2246 5563 lentia
2283 5509 2679 5575 constituisset,
2702 5507 2961 5580 quoniam
2988 5507 3370 5578 perspiciebat,
3405 5505 3612 5559 notinui

377 5579 708 5658 εἰρημένων,
734 5592 855 5646 ἐπεί
876 5604 1030 5658 τινας
1061 5593 1209 5667 ἐώρα
1247 5594 1334 5650 διὰ
1361 5599 1458 5662 τὰς
1485 5599 1828 5671 ἐπαγομένας
1854 5601 1951 5654 αὐ-

376 5678 488 5743 τοῖς
517 5678 728 5751 θλίψεις
751 5685 1295 5758 σκανδαλιζομὲνους,
1333 5687 1428 5742 an
1471 5689 1530 5743 ὲν
1554 5690 1631 5762 τῷ
1655 5691 1806 5764 νόμῳ
1836 5695 1947 5757 τοῖς

449 5856 497 5890 ⁸³
536 5855 680 5913 Psal.
735 5873 888 5924 cam,
955 5861 1037 5916 i7.
1107 5863 1148 5895 δ’
1183 5860 1342 5919 Rom.
1374 5878 1494 5930 xm,
1526 5864 1610 5922 l0.

2060 5599 2128 5655 iis
2159 5599 2489 5656 oﬂ‘endiculo
2515 5617 2637 5658 esse
2667 5617 2784 5667 cas,
2816 5617 2952 5673 quas
2981 5601 3348 5672 patiebantur,
3379 5599 3636 5654 nﬂiictio-

2056 5707 2177 5758 nes,
2205 5705 2271 5749 eo
2292 5693 2593 5764 praesertim
2613 5694 2756 5766 quod
2781 5695 2833 5750 in
2863 5694 2979 5766 iege
2999 5694 3086 5760 iis,
3107 5692 3198 5766 qui
3219 5693 3327 5749 Deo
3351 5692 3625 5757 serviunt,
