  <div class='ocr_page' id='page_1' title='image "/cluster/home/n/w/nwhite01/storage/ocr_20150623/125:no.3/coo.31924054870302/631.png"; bbox 0 0 4120 6462; ppageno 0'>
   <div class='ocr_carea' id='block_1_1' title="bbox 433 454 566 524">
    <p class='ocr_par' dir='ltr' id='par_1_1' title="bbox 433 454 566 524">
     <span class='ocr_line' id='line_1_1' title="bbox 433 454 566 524; baseline 0 0"><span class='ocrx_word' id='word_1_1' title='bbox 433 454 566 524; x_wconf 78' lang='lat'><strong>1‘2-7</strong></span> 
     </span>
    </p>
   </div>
   <div class='ocr_carea' id='block_1_2' title="bbox 1388 460 2849 522">
    <p class='ocr_par' dir='ltr' id='par_1_2' title="bbox 1388 460 2849 522">
     <span class='ocr_line' id='line_1_2' title="bbox 1388 460 2849 522; baseline -0.001 -3"><span class='ocrx_word' id='word_1_2' title='bbox 1388 461 1963 522; x_wconf 68' lang='lat' dir='ltr'><strong>THEOPIIYLACTI</strong></span> <span class='ocrx_word' id='word_1_3' title='bbox 2024 460 2432 520; x_wconf 62' lang='lat' dir='ltr'><strong>“ULGARLE</strong></span> <span class='ocrx_word' id='word_1_4' title='bbox 2493 460 2849 520; x_wconf 66' lang='lat' dir='ltr'><strong>ARCHIEP.</strong></span> 
     </span>
    </p>
   </div>
   <div class='ocr_carea' id='block_1_3' title="bbox 3569 456 3702 520">
    <p class='ocr_par' dir='ltr' id='par_1_3' title="bbox 3569 456 3702 520">
     <span class='ocr_line' id='line_1_3' title="bbox 3569 456 3702 520; baseline 0.015 -2"><span class='ocrx_word' id='word_1_5' title='bbox 3569 456 3702 520; x_wconf 50' lang='lat'><strong>1:253</strong></span> 
     </span>
    </p>
   </div>
   <div class='ocr_carea' id='block_1_4' title="bbox 433 571 2025 645">
    <p class='ocr_par' dir='ltr' id='par_1_4' title="bbox 433 571 2000 642">
     <span class='ocr_line' id='line_1_4' title="bbox 433 571 2000 642; baseline 0.001 -17"><span class='ocrx_word' id='word_1_6' title='bbox 433 571 671 642; x_wconf 79' lang='lat' dir='ltr'><strong>majores</strong></span> <span class='ocrx_word' id='word_1_7' title='bbox 703 581 851 628; x_wconf 89' lang='lat' dir='ltr'><strong>natu.</strong></span> <span class='ocrx_word' id='word_1_8' title='bbox 882 572 1083 626; x_wconf 66' lang='lat' dir='ltr'><strong>Deiude</strong></span> <span class='ocrx_word' id='word_1_9' title='bbox 1118 582 1174 626; x_wconf 92' lang='lat' dir='ltr'><strong>ut</strong></span> <span class='ocrx_word' id='word_1_10' title='bbox 1202 573 1555 628; x_wconf 84' lang='lat' dir='ltr'><strong>eminentiam</strong></span> <span class='ocrx_word' id='word_1_11' title='bbox 1585 591 1762 638; x_wconf 88' lang='lat' dir='ltr'><strong>suam,</strong></span> <span class='ocrx_word' id='word_1_12' title='bbox 1798 584 1852 628; x_wconf 88' lang='lat' dir='ltr'><strong>et</strong></span> <span class='ocrx_word' id='word_1_13' title='bbox 1903 575 2000 627; x_wconf 87' lang='lat' dir='ltr'><strong>lm-</strong></span> 
     </span>
    </p>
   </div>
   <div class='ocr_carea' id='block_1_5' title="bbox 2130 571 3711 645">
    <p class='ocr_par' dir='ltr' id='par_1_5' title="bbox 2130 571 3711 645">
     <span class='ocr_line' id='line_1_5' title="bbox 2130 571 3711 645; baseline -0.002 -22"><span class='ocrx_word' id='word_1_14' title='bbox 2130 574 2224 629; x_wconf 57' lang='lat' dir='ltr'><strong>C&#39;rat</strong></span> <span class='ocrx_word' id='word_1_15' title='bbox 2265 575 2587 645; x_wconf 78' lang='grc' dir='ltr'>βουλόμενος</span> <span class='ocrx_word' id='word_1_16' title='bbox 2633 574 2707 627; x_wconf 77' lang='grc' dir='ltr'>τὸ·</span> <span class='ocrx_word' id='word_1_17' title='bbox 2741 571 3014 642; x_wconf 74' lang='grc' dir='ltr'><strong>ὑπερέχον</strong></span> <span class='ocrx_word' id='word_1_18' title='bbox 3067 571 3265 625; x_wconf 76' lang='grc' dir='ltr'>ἑαυτοῦ</span> <span class='ocrx_word' id='word_1_19' title='bbox 3327 573 3711 641; x_wconf 64' lang='grc' dir='ltr'><strong>παραστῆσαι,⁸</strong></span> 
     </span>
    </p>
   </div>
   <div class='ocr_carea' id='block_1_6' title="bbox 432 664 2001 735">
    <p class='ocr_par' dir='ltr' id='par_1_6' title="bbox 432 664 2001 735">
     <span class='ocr_line' id='line_1_6' title="bbox 432 664 2001 735; baseline -0.002 -17"><span class='ocrx_word' id='word_1_20' title='bbox 432 666 683 720; x_wconf 87' lang='lat' dir='ltr'><strong>militatis</strong></span> <span class='ocrx_word' id='word_1_21' title='bbox 738 664 1116 719; x_wconf 74' lang='lat' dir='ltr'><strong>tantummodo</strong></span> <span class='ocrx_word' id='word_1_22' title='bbox 1166 666 1339 735; x_wconf 88' lang='lat' dir='ltr'><strong>gratia</strong></span> <span class='ocrx_word' id='word_1_23' title='bbox 1387 681 1445 721; x_wconf 87' lang='lat' dir='ltr'><strong>se</strong></span> <span class='ocrx_word' id='word_1_24' title='bbox 1489 684 1512 716; x_wconf 73' lang='grc' dir='ltr'>ι</span> <span class='ocrx_word' id='word_1_25' title='bbox 1562 667 1938 720; x_wconf 81' lang='lat' dir='ltr'><strong>conseniorem</strong></span> <span class='ocrx_word' id='word_1_26' title='bbox 1977 684 2001 715; x_wconf 71' lang='grc' dir='ltr'>ι</span> 
     </span>
    </p>
   </div>
   <div class='ocr_carea' id='block_1_7' title="bbox 434 755 2008 828">
    <p class='ocr_par' dir='ltr' id='par_1_7' title="bbox 434 755 2008 828">
     <span class='ocr_line' id='line_1_7' title="bbox 434 755 2008 828; baseline -0.001 -17"><span class='ocrx_word' id='word_1_27' title='bbox 434 772 677 822; x_wconf 79' lang='lat' dir='ltr'><strong>vocasse,</strong></span> <span class='ocrx_word' id='word_1_28' title='bbox 707 755 1042 822; x_wconf 85' lang='lat' dir='ltr'><strong>ostenderet,</strong></span> <span class='ocrx_word' id='word_1_29' title='bbox 1085 758 1507 826; x_wconf 75' lang='lat' dir='ltr'><strong>przrcellentiam</strong></span> <span class='ocrx_word' id='word_1_30' title='bbox 1540 773 1696 812; x_wconf 84' lang='lat' dir='ltr'><strong>suam</strong></span> <span class='ocrx_word' id='word_1_31' title='bbox 1727 758 1917 828; x_wconf 86' lang='lat' dir='ltr'><strong>pandit</strong></span> <span class='ocrx_word' id='word_1_32' title='bbox 1952 758 2008 810; x_wconf 91' lang='lat' dir='ltr'><strong>in</strong></span> 
     </span>
    </p>
   </div>
   <div class='ocr_carea' id='block_1_8' title="bbox 434 845 2013 915">
    <p class='ocr_par' dir='ltr' id='par_1_8' title="bbox 434 845 2013 915">
     <span class='ocr_line' id='line_1_8' title="bbox 434 845 2013 915; baseline 0 -15"><span class='ocrx_word' id='word_1_33' title='bbox 434 860 500 900; x_wconf 91' lang='lat' dir='ltr'><strong>eo</strong></span> <span class='ocrx_word' id='word_1_34' title='bbox 532 845 714 910; x_wconf 83' lang='lat' dir='ltr'><strong>sitam,</strong></span> <span class='ocrx_word' id='word_1_35' title='bbox 741 845 885 914; x_wconf 90' lang='lat' dir='ltr'><strong>quod</strong></span> <span class='ocrx_word' id='word_1_36' title='bbox 925 862 943 896; x_wconf 84' lang='grc' dir='ltr'>ι</span> <span class='ocrx_word' id='word_1_37' title='bbox 1001 847 1154 900; x_wconf 87' lang='lat' dir='ltr'><strong>testis</strong></span> <span class='ocrx_word' id='word_1_38' title='bbox 1183 846 1386 901; x_wconf 84' lang='lat' dir='ltr'><strong>Christi</strong></span> <span class='ocrx_word' id='word_1_39' title='bbox 1415 846 1732 915; x_wconf 73' lang='lat' dir='ltr'><strong>passionum</strong></span> <span class='ocrx_word' id='word_1_40' title='bbox 1765 865 1784 899; x_wconf 78' lang='grc' dir='ltr'>ι</span> <span class='ocrx_word' id='word_1_41' title='bbox 1811 855 1959 902; x_wconf 71' lang='lat' dir='ltr'><strong>essrt</strong></span> <span class='ocrx_word' id='word_1_42' title='bbox 1990 863 2013 913; x_wconf 75' lang='grc' dir='ltr'>ς.</span> 
     </span>
    </p>
   </div>
   <div class='ocr_carea' id='block_1_9' title="bbox 437 933 2006 1006">
    <p class='ocr_par' dir='ltr' id='par_1_9' title="bbox 437 933 2006 1006">
     <span class='ocr_line' id='line_1_9' title="bbox 437 933 2006 1006; baseline 0.004 -21"><span class='ocrx_word' id='word_1_43' title='bbox 437 935 663 1004; x_wconf 79' lang='lat' dir='ltr'><strong>perinde</strong></span> <span class='ocrx_word' id='word_1_44' title='bbox 693 951 756 989; x_wconf 90' lang='lat' dir='ltr'><strong>ac</strong></span> <span class='ocrx_word' id='word_1_45' title='bbox 790 936 834 989; x_wconf 88' lang='lat' dir='ltr'><strong>si</strong></span> <span class='ocrx_word' id='word_1_46' title='bbox 865 935 1111 990; x_wconf 91' lang='lat' dir='ltr'><strong>diceret:</strong></span> <span class='ocrx_word' id='word_1_47' title='bbox 1151 933 1206 988; x_wconf 89' lang='lat' dir='ltr'><strong>Si</strong></span> <span class='ocrx_word' id='word_1_48' title='bbox 1237 951 1359 1006; x_wconf 88' lang='lat' dir='ltr'><strong>ego,</strong></span> <span class='ocrx_word' id='word_1_49' title='bbox 1387 937 1478 1005; x_wconf 89' lang='lat' dir='ltr'><strong>qui</strong></span> <span class='ocrx_word' id='word_1_50' title='bbox 1510 937 1699 991; x_wconf 88' lang='lat' dir='ltr'><strong>talimn</strong></span> <span class='ocrx_word' id='word_1_51' title='bbox 1731 937 2006 992; x_wconf 78' lang='lat' dir='ltr'><strong>visionum</strong></span> 
     </span>
    </p>
   </div>
   <div class='ocr_carea' id='block_1_10' title="bbox 439 1026 2006 1097">
    <p class='ocr_par' dir='ltr' id='par_1_10' title="bbox 439 1026 2006 1097">
     <span class='ocr_line' id='line_1_10' title="bbox 439 1026 2006 1097; baseline 0.001 -17"><span class='ocrx_word' id='word_1_52' title='bbox 439 1027 594 1082; x_wconf 80' lang='lat' dir='ltr'><strong>vobis</strong></span> <span class='ocrx_word' id='word_1_53' title='bbox 626 1027 895 1096; x_wconf 75' lang='lat' dir='ltr'><strong>interpres</strong></span> <span class='ocrx_word' id='word_1_54' title='bbox 927 1042 1070 1090; x_wconf 88' lang='lat' dir='ltr'><strong>sum,</strong></span> <span class='ocrx_word' id='word_1_55' title='bbox 1118 1026 1259 1080; x_wconf 87' lang='lat' dir='ltr'><strong>haud</strong></span> <span class='ocrx_word' id='word_1_56' title='bbox 1301 1026 1587 1097; x_wconf 78' lang='lat' dir='ltr'><strong>dedignor,</strong></span> <span class='ocrx_word' id='word_1_57' title='bbox 1623 1029 2006 1097; x_wconf 85' lang='lat' dir='ltr'><strong>tnemetipsutu</strong></span> 
     </span>
    </p>
   </div>
   <div class='ocr_carea' id='block_1_11' title="bbox 444 1117 2010 1188">
    <p class='ocr_par' dir='ltr' id='par_1_11' title="bbox 444 1117 2010 1188">
     <span class='ocr_line' id='line_1_11' title="bbox 444 1117 2010 1188; baseline 0.004 -22"><span class='ocrx_word' id='word_1_58' title='bbox 444 1135 462 1166; x_wconf 77' lang='grc' dir='ltr'>ι</span> <span class='ocrx_word' id='word_1_59' title='bbox 489 1119 864 1171; x_wconf 86' lang='lat' dir='ltr'><strong>conseuiorem</strong></span> <span class='ocrx_word' id='word_1_60' title='bbox 890 1135 909 1168; x_wconf 76' lang='grc' dir='ltr'>ι</span> <span class='ocrx_word' id='word_1_61' title='bbox 940 1125 1180 1171; x_wconf 87' lang='lat' dir='ltr'><strong>vestrum</strong></span> <span class='ocrx_word' id='word_1_62' title='bbox 1203 1118 1475 1186; x_wconf 89' lang='lat' dir='ltr'><strong>appellare</strong></span> <span class='ocrx_word' id='word_1_63' title='bbox 1497 1133 1510 1181; x_wconf 93' lang='lat'><strong>;</strong></span> <span class='ocrx_word' id='word_1_64' title='bbox 1532 1117 1773 1186; x_wconf 75' lang='lat' dir='ltr'><strong>profecto</strong></span> <span class='ocrx_word' id='word_1_65' title='bbox 1792 1132 2010 1188; x_wconf 67' lang='lat' dir='ltr'><strong>aequum</strong></span> 
     </span>
    </p>
   </div>
   <div class='ocr_carea' id='block_1_12' title="bbox 437 1207 2010 1277">
    <p class='ocr_par' dir='ltr' id='par_1_12' title="bbox 437 1207 2010 1277">
     <span class='ocr_line' id='line_1_12' title="bbox 437 1207 2010 1277; baseline 0.001 -17"><span class='ocrx_word' id='word_1_66' title='bbox 437 1222 545 1261; x_wconf 91' lang='lat' dir='ltr'><strong>non</strong></span> <span class='ocrx_word' id='word_1_67' title='bbox 575 1213 679 1269; x_wconf 88' lang='lat' dir='ltr'><strong>est,</strong></span> <span class='ocrx_word' id='word_1_68' title='bbox 717 1215 777 1260; x_wconf 90' lang='grc' dir='ltr'>ιιι</span> <span class='ocrx_word' id='word_1_69' title='bbox 811 1222 908 1262; x_wconf 85' lang='lat' dir='ltr'><strong>vos</strong></span> <span class='ocrx_word' id='word_1_70' title='bbox 947 1223 1114 1277; x_wconf 85' lang='lat' dir='ltr'><strong>supra</strong></span> <span class='ocrx_word' id='word_1_71' title='bbox 1162 1219 1280 1274; x_wconf 86' lang='lat' dir='ltr'><strong>eos,</strong></span> <span class='ocrx_word' id='word_1_72' title='bbox 1331 1209 1426 1277; x_wconf 89' lang='lat' dir='ltr'><strong>qui</strong></span> <span class='ocrx_word' id='word_1_73' title='bbox 1487 1207 1592 1262; x_wconf 86' lang='lat' dir='ltr'><strong>sub</strong></span> <span class='ocrx_word' id='word_1_74' title='bbox 1645 1207 2010 1262; x_wconf 83' lang='lat' dir='ltr'><strong>vobis-mini-</strong></span> 
     </span>
    </p>
   </div>
   <div class='ocr_carea' id='block_1_13' title="bbox 437 1297 2012 1364">
    <p class='ocr_par' dir='ltr' id='par_1_13' title="bbox 437 1297 2012 1364">
     <span class='ocr_line' id='line_1_13' title="bbox 437 1297 2012 1364; baseline 0.001 -12"><span class='ocrx_word' id='word_1_75' title='bbox 437 1307 635 1363; x_wconf 90' lang='lat' dir='ltr'><strong>straut,</strong></span> <span class='ocrx_word' id='word_1_76' title='bbox 664 1299 994 1354; x_wconf 77' lang='lat' dir='ltr'><strong>ell&#39;eramini.</strong></span> <span class='ocrx_word' id='word_1_77' title='bbox 1033 1298 1216 1364; x_wconf 82' lang='lat' dir='ltr'><strong>Quare</strong></span> <span class='ocrx_word' id='word_1_78' title='bbox 1246 1307 1300 1352; x_wconf 91' lang='lat' dir='ltr'><strong>et</strong></span> <span class='ocrx_word' id='word_1_79' title='bbox 1341 1297 1606 1354; x_wconf 88' lang='lat' dir='ltr'><strong>Dominus</strong></span> <span class='ocrx_word' id='word_1_80' title='bbox 1633 1298 1699 1354; x_wconf 85' lang='lat' dir='ltr'><strong>de</strong></span> <span class='ocrx_word' id='word_1_81' title='bbox 1728 1299 2012 1353; x_wconf 80' lang='lat' dir='ltr'><strong>humilita-</strong></span> 
     </span>
    </p>
   </div>
   <div class='ocr_carea' id='block_1_14' title="bbox 435 1388 2011 1461">
    <p class='ocr_par' dir='ltr' id='par_1_14' title="bbox 435 1388 2011 1461">
     <span class='ocr_line' id='line_1_14' title="bbox 435 1388 2011 1461; baseline 0.003 -20"><span class='ocrx_word' id='word_1_82' title='bbox 435 1388 506 1442; x_wconf 90' lang='lat' dir='ltr'><strong>tis</strong></span> <span class='ocrx_word' id='word_1_83' title='bbox 531 1389 680 1443; x_wconf 90' lang='lat' dir='ltr'><strong>cultu</strong></span> <span class='ocrx_word' id='word_1_84' title='bbox 713 1389 1176 1446; x_wconf 86' lang='lat' dir='ltr'><strong>disserensait&quot;:</strong></span> <span class='ocrx_word' id='word_1_85' title='bbox 1213 1409 1231 1442; x_wconf 86' lang='grc' dir='ltr'><strong>ι</strong></span> <span class='ocrx_word' id='word_1_86' title='bbox 1265 1388 1322 1446; x_wconf 83' lang='lat' dir='ltr'><strong>Si</strong></span> <span class='ocrx_word' id='word_1_87' title='bbox 1347 1405 1447 1461; x_wconf 87' lang='lat' dir='ltr'><strong>ego</strong></span> <span class='ocrx_word' id='word_1_88' title='bbox 1479 1390 1581 1444; x_wconf 87' lang='lat' dir='ltr'><strong>lavi</strong></span> <span class='ocrx_word' id='word_1_89' title='bbox 1607 1389 1774 1459; x_wconf 83' lang='lat' dir='ltr'><strong>pedes</strong></span> <span class='ocrx_word' id='word_1_90' title='bbox 1799 1400 2011 1446; x_wconf 83' lang='lat' dir='ltr'><strong>vestros</strong></span> 
     </span>
    </p>
   </div>
   <div class='ocr_carea' id='block_1_15' title="bbox 438 1479 2010 1552">
    <p class='ocr_par' dir='ltr' id='par_1_15' title="bbox 438 1479 2010 1552">
     <span class='ocr_line' id='line_1_15' title="bbox 438 1479 2010 1552; baseline 0.003 -20"><span class='ocrx_word' id='word_1_91' title='bbox 438 1479 702 1535; x_wconf 85' lang='lat' dir='ltr'><strong>Dominus</strong></span> <span class='ocrx_word' id='word_1_92' title='bbox 756 1489 811 1536; x_wconf 89' lang='lat' dir='ltr'><strong>et</strong></span> <span class='ocrx_word' id='word_1_93' title='bbox 847 1481 1128 1552; x_wconf 77' lang='lat' dir='ltr'><strong>Magister,</strong></span> <span class='ocrx_word' id='word_1_94' title='bbox 1191 1502 1210 1535; x_wconf 78' lang='grc' dir='ltr'>ιν</span> <span class='ocrx_word' id='word_1_95' title='bbox 1272 1498 1379 1538; x_wconf 66' lang='lat' dir='ltr'><strong>etc.</strong></span> <span class='ocrx_word' id='word_1_96' title='bbox 1430 1483 1596 1537; x_wconf 83' lang='lat' dir='ltr'><strong>Addit</strong></span> <span class='ocrx_word' id='word_1_97' title='bbox 1625 1497 1801 1538; x_wconf 90' lang='lat' dir='ltr'><strong>vero:</strong></span> <span class='ocrx_word' id='word_1_98' title='bbox 1843 1501 1862 1535; x_wconf 80' lang='grc' dir='ltr'><strong>ι</strong></span> <span class='ocrx_word' id='word_1_99' title='bbox 1906 1483 2010 1550; x_wconf 87' lang='lat' dir='ltr'><strong>Qui</strong></span> 
     </span>
    </p>
   </div>
   <div class='ocr_carea' id='block_1_16' title="bbox 436 1565 2012 1642">
    <p class='ocr_par' dir='ltr' id='par_1_16' title="bbox 436 1565 2012 1642">
     <span class='ocr_line' id='line_1_16' title="bbox 436 1565 2012 1642; baseline 0.005 -25"><span class='ocrx_word' id='word_1_100' title='bbox 436 1573 491 1617; x_wconf 87' lang='lat' dir='ltr'><strong>et</strong></span> <span class='ocrx_word' id='word_1_101' title='bbox 519 1565 663 1633; x_wconf 87' lang='lat' dir='ltr'><strong>ejus,</strong></span> <span class='ocrx_word' id='word_1_102' title='bbox 704 1583 826 1636; x_wconf 71' lang='lat' dir='ltr'><strong>qua:</strong></span> <span class='ocrx_word' id='word_1_103' title='bbox 858 1569 913 1622; x_wconf 91' lang='lat' dir='ltr'><strong>in</strong></span> <span class='ocrx_word' id='word_1_104' title='bbox 947 1569 1136 1624; x_wconf 78' lang='lat' dir='ltr'><strong>futuro</strong></span> <span class='ocrx_word' id='word_1_105' title='bbox 1168 1571 1456 1625; x_wconf 87' lang='lat' dir='ltr'><strong>revelanda</strong></span> <span class='ocrx_word' id='word_1_106' title='bbox 1493 1579 1596 1634; x_wconf 88' lang='lat' dir='ltr'><strong>est,</strong></span> <span class='ocrx_word' id='word_1_107' title='bbox 1637 1572 1825 1642; x_wconf 71' lang='lat' dir='ltr'><strong>gloria:</strong></span> <span class='ocrx_word' id='word_1_108' title='bbox 1856 1587 2012 1626; x_wconf 88' lang='lat' dir='ltr'><strong>com-</strong></span> 
     </span>
    </p>
   </div>
   <div class='ocr_carea' id='block_1_17' title="bbox 437 1659 2017 1727">
    <p class='ocr_par' dir='ltr' id='par_1_17' title="bbox 437 1659 2017 1727">
     <span class='ocr_line' id='line_1_17' title="bbox 437 1659 2017 1727; baseline 0.006 -18"><span class='ocrx_word' id='word_1_109' title='bbox 437 1659 773 1723; x_wconf 85' lang='lat' dir='ltr'><strong>municator,</strong></span> <span class='ocrx_word' id='word_1_110' title='bbox 811 1678 830 1712; x_wconf 74' lang='grc' dir='ltr'>ι</span> <span class='ocrx_word' id='word_1_111' title='bbox 860 1675 956 1716; x_wconf 87' lang='lat' dir='ltr'><strong>seu</strong></span> <span class='ocrx_word' id='word_1_112' title='bbox 993 1676 1249 1727; x_wconf 85' lang='lat' dir='ltr'><strong>consors,</strong></span> <span class='ocrx_word' id='word_1_113' title='bbox 1280 1671 1340 1716; x_wconf 89' lang='lat' dir='ltr'><strong>ut</strong></span> <span class='ocrx_word' id='word_1_114' title='bbox 1387 1663 1715 1718; x_wconf 79' lang='lat' dir='ltr'><strong>humilitatis</strong></span> <span class='ocrx_word' id='word_1_115' title='bbox 1737 1665 2017 1719; x_wconf 75' lang='lat' dir='ltr'><strong>excellen-</strong></span> 
     </span>
    </p>
   </div>
   <div class='ocr_carea' id='block_1_18' title="bbox 439 1750 2010 1823">
    <p class='ocr_par' dir='ltr' id='par_1_18' title="bbox 439 1750 2010 1823">
     <span class='ocr_line' id='line_1_18' title="bbox 439 1750 2010 1823; baseline 0.004 -21"><span class='ocrx_word' id='word_1_116' title='bbox 439 1750 570 1803; x_wconf 82' lang='lat' dir='ltr'><strong>tiam</strong></span> <span class='ocrx_word' id='word_1_117' title='bbox 598 1750 1035 1808; x_wconf 88' lang='lat' dir='ltr'><strong>demonstraret:</strong></span> <span class='ocrx_word' id='word_1_118' title='bbox 1060 1754 1519 1823; x_wconf 87' lang='lat' dir='ltr'><strong>quemadmodum</strong></span> <span class='ocrx_word' id='word_1_119' title='bbox 1543 1764 1597 1809; x_wconf 92' lang='lat' dir='ltr'><strong>et</strong></span> <span class='ocrx_word' id='word_1_120' title='bbox 1614 1753 1816 1809; x_wconf 80' lang='lat' dir='ltr'><strong>Paulus</strong></span> <span class='ocrx_word' id='word_1_121' title='bbox 1832 1756 1966 1810; x_wconf 75' lang='lat' dir='ltr'><strong>ait&quot;</strong></span> <span class='ocrx_word' id='word_1_122' title='bbox 1999 1772 2010 1808; x_wconf 94' lang='lat'><strong>:</strong></span> 
     </span>
    </p>
   </div>
   <div class='ocr_carea' id='block_1_19' title="bbox 446 1840 2016 1915">
    <p class='ocr_par' dir='ltr' id='par_1_19' title="bbox 446 1840 2016 1915">
     <span class='ocr_line' id='line_1_19' title="bbox 446 1840 2016 1915; baseline 0.007 -25"><span class='ocrx_word' id='word_1_123' title='bbox 446 1857 465 1890; x_wconf 78' lang='grc' dir='ltr'><strong>ι</strong></span> <span class='ocrx_word' id='word_1_124' title='bbox 522 1840 661 1894; x_wconf 86' lang='lat' dir='ltr'><strong>Cum</strong></span> <span class='ocrx_word' id='word_1_125' title='bbox 707 1841 960 1898; x_wconf 83' lang='lat' dir='ltr'><strong>Christus</strong></span> <span class='ocrx_word' id='word_1_126' title='bbox 1010 1845 1346 1914; x_wconf 85' lang='lat' dir='ltr'><strong>apparuerit,</strong></span> <span class='ocrx_word' id='word_1_127' title='bbox 1375 1855 1504 1899; x_wconf 89' lang='lat' dir='ltr'><strong>tunc</strong></span> <span class='ocrx_word' id='word_1_128' title='bbox 1525 1854 1578 1900; x_wconf 92' lang='lat' dir='ltr'><strong>et</strong></span> <span class='ocrx_word' id='word_1_129' title='bbox 1604 1861 1702 1900; x_wconf 85' lang='lat' dir='ltr'><strong>nos</strong></span> <span class='ocrx_word' id='word_1_130' title='bbox 1720 1847 2016 1915; x_wconf 83' lang='lat' dir='ltr'><strong>apparebi-</strong></span> 
     </span>
    </p>
   </div>
   <div class='ocr_carea' id='block_1_20' title="bbox 441 1917 2090 2007">
    <p class='ocr_par' dir='ltr' id='par_1_20' title="bbox 441 1917 2090 2007">
     <span class='ocr_line' id='line_1_20' title="bbox 441 1917 2090 2007; baseline 0.004 -25"><span class='ocrx_word' id='word_1_131' title='bbox 441 1931 637 1986; x_wconf 84' lang='lat' dir='ltr'><strong>musin</strong></span> <span class='ocrx_word' id='word_1_132' title='bbox 661 1932 852 2000; x_wconf 80' lang='lat' dir='ltr'><strong>gloria.</strong></span> <span class='ocrx_word' id='word_1_133' title='bbox 893 1952 911 1985; x_wconf 75' lang='grc' dir='ltr'><strong>ι</strong></span> <span class='ocrx_word' id='word_1_134' title='bbox 955 1933 1125 1989; x_wconf 90' lang='lat' dir='ltr'><strong>Porro</strong></span> <span class='ocrx_word' id='word_1_135' title='bbox 1160 1953 1179 1984; x_wconf 86' lang='grc'><strong><em>‹</em></strong></span> <span class='ocrx_word' id='word_1_136' title='bbox 1213 1952 1316 1989; x_wconf 90' lang='lat' dir='ltr'><strong>nou</strong></span> <span class='ocrx_word' id='word_1_137' title='bbox 1353 1944 1541 1990; x_wconf 80' lang='lat' dir='ltr'><strong>coacte</strong></span> <span class='ocrx_word' id='word_1_138' title='bbox 1579 1954 1597 1988; x_wconf 76' lang='grc' dir='ltr'>ι</span> <span class='ocrx_word' id='word_1_139' title='bbox 1635 1951 1853 2007; x_wconf 86' lang='lat' dir='ltr'><strong>gregem</strong></span> <span class='ocrx_word' id='word_1_140' title='bbox 1895 1936 2011 2001; x_wconf 88' lang='lat' dir='ltr'><strong>Dei,</strong></span> <span class='ocrx_word' id='word_1_141' title='bbox 2049 1917 2090 1972; x_wconf 74' lang='grc' dir='ltr'><strong>Β</strong></span> 
     </span>
    </p>
   </div>
   <div class='ocr_carea' id='block_1_21' title="bbox 442 2022 2012 2094">
    <p class='ocr_par' dir='ltr' id='par_1_21' title="bbox 442 2022 2012 2094">
     <span class='ocr_line' id='line_1_21' title="bbox 442 2022 2012 2094; baseline 0.003 -21"><span class='ocrx_word' id='word_1_142' title='bbox 442 2022 621 2089; x_wconf 88' lang='lat' dir='ltr'><strong>pascit</strong></span> <span class='ocrx_word' id='word_1_143' title='bbox 649 2023 759 2086; x_wconf 89' lang='lat' dir='ltr'><strong>ille,</strong></span> <span class='ocrx_word' id='word_1_144' title='bbox 793 2023 884 2092; x_wconf 86' lang='lat' dir='ltr'><strong>qui</strong></span> <span class='ocrx_word' id='word_1_145' title='bbox 913 2031 1168 2094; x_wconf 89' lang='lat' dir='ltr'><strong>tanquam</strong></span> <span class='ocrx_word' id='word_1_146' title='bbox 1208 2043 1226 2076; x_wconf 81' lang='grc' dir='ltr'>ι</span> <span class='ocrx_word' id='word_1_147' title='bbox 1269 2023 1494 2078; x_wconf 78' lang='lat' dir='ltr'><strong>formam</strong></span> <span class='ocrx_word' id='word_1_148' title='bbox 1527 2042 1545 2076; x_wconf 81' lang='grc' dir='ltr'>ι</span> <span class='ocrx_word' id='word_1_149' title='bbox 1583 2023 1722 2080; x_wconf 85' lang='lat' dir='ltr'><strong>bene</strong></span> <span class='ocrx_word' id='word_1_150' title='bbox 1751 2024 2012 2093; x_wconf 84' lang='lat' dir='ltr'><strong>Operandi</strong></span> 
     </span>
    </p>
   </div>
   <div class='ocr_carea' id='block_1_22' title="bbox 442 2111 2015 2186">
    <p class='ocr_par' dir='ltr' id='par_1_22' title="bbox 442 2111 2015 2186">
     <span class='ocr_line' id='line_1_22' title="bbox 442 2111 2015 2186; baseline 0.003 -21"><span class='ocrx_word' id='word_1_151' title='bbox 442 2111 678 2166; x_wconf 83' lang='lat' dir='ltr'><strong>subditis</strong></span> <span class='ocrx_word' id='word_1_152' title='bbox 711 2115 827 2166; x_wconf 85' lang='lat' dir='ltr'><strong>suis</strong></span> <span class='ocrx_word' id='word_1_153' title='bbox 857 2113 1024 2184; x_wconf 76' lang='lat'><strong>380</strong></span> <span class='ocrx_word' id='word_1_154' title='bbox 1072 2115 1426 2183; x_wconf 87' lang='lat' dir='ltr'><strong>semetipsum</strong></span> <span class='ocrx_word' id='word_1_155' title='bbox 1470 2130 1806 2186; x_wconf 89' lang='lat' dir='ltr'><strong>proponens,</strong></span> <span class='ocrx_word' id='word_1_156' title='bbox 1841 2115 2015 2170; x_wconf 82' lang='lat' dir='ltr'><strong>disci-</strong></span> 
     </span>
    </p>
   </div>
   <div class='ocr_carea' id='block_1_23' title="bbox 442 2203 2008 2271">
    <p class='ocr_par' dir='ltr' id='par_1_23' title="bbox 442 2203 2008 2271">
     <span class='ocr_line' id='line_1_23' title="bbox 442 2203 2008 2271; baseline 0.001 -14"><span class='ocrx_word' id='word_1_157' title='bbox 442 2203 601 2271; x_wconf 84' lang='lat' dir='ltr'><strong>pulos</strong></span> <span class='ocrx_word' id='word_1_158' title='bbox 631 2204 793 2258; x_wconf 85' lang='lat' dir='ltr'><strong>habet</strong></span> <span class='ocrx_word' id='word_1_159' title='bbox 824 2221 884 2260; x_wconf 90' lang='lat' dir='ltr'><strong>se</strong></span> <span class='ocrx_word' id='word_1_160' title='bbox 915 2216 1104 2260; x_wconf 91' lang='lat' dir='ltr'><strong>mutuo</strong></span> <span class='ocrx_word' id='word_1_161' title='bbox 1161 2207 1451 2262; x_wconf 84' lang='lat' dir='ltr'><strong>incitantes</strong></span> <span class='ocrx_word' id='word_1_162' title='bbox 1515 2207 1584 2262; x_wconf 86' lang='lat' dir='ltr'><strong>ad</strong></span> <span class='ocrx_word' id='word_1_163' title='bbox 1644 2207 2008 2261; x_wconf 86' lang='lat' dir='ltr'><strong>imitationem</strong></span> 
     </span>
    </p>
   </div>
   <div class='ocr_carea' id='block_1_24' title="bbox 443 2293 2011 2368">
    <p class='ocr_par' dir='ltr' id='par_1_24' title="bbox 443 2293 2011 2368">
     <span class='ocr_line' id='line_1_24' title="bbox 443 2293 2011 2368; baseline 0.002 -20"><span class='ocrx_word' id='word_1_164' title='bbox 443 2293 712 2365; x_wconf 80' lang='lat' dir='ltr'><strong>Magistri.</strong></span> <span class='ocrx_word' id='word_1_165' title='bbox 740 2297 816 2352; x_wconf 84' lang='lat' dir='ltr'><strong>Ac</strong></span> <span class='ocrx_word' id='word_1_166' title='bbox 849 2315 868 2349; x_wconf 79' lang='grc' dir='ltr'>ι</span> <span class='ocrx_word' id='word_1_167' title='bbox 907 2299 1085 2368; x_wconf 88' lang='lat' dir='ltr'><strong>turpis</strong></span> <span class='ocrx_word' id='word_1_168' title='bbox 1115 2299 1249 2353; x_wconf 89' lang='lat' dir='ltr'><strong>lucri</strong></span> <span class='ocrx_word' id='word_1_169' title='bbox 1293 2317 1312 2352; x_wconf 73' lang='grc' dir='ltr'>ι</span> <span class='ocrx_word' id='word_1_170' title='bbox 1350 2309 1600 2368; x_wconf 86' lang='lat' dir='ltr'><strong>captator</strong></span> <span class='ocrx_word' id='word_1_171' title='bbox 1642 2316 1747 2354; x_wconf 91' lang='lat' dir='ltr'><strong>nou</strong></span> <span class='ocrx_word' id='word_1_172' title='bbox 1777 2309 1863 2355; x_wconf 84' lang='lat' dir='ltr'><strong>est.</strong></span> <span class='ocrx_word' id='word_1_173' title='bbox 1896 2299 2011 2364; x_wconf 89' lang='lat' dir='ltr'><strong>ille,</strong></span> 
     </span>
    </p>
   </div>
   <div class='ocr_carea' id='block_1_25' title="bbox 442 2382 2017 2461">
    <p class='ocr_par' dir='ltr' id='par_1_25' title="bbox 442 2382 2017 2461">
     <span class='ocr_line' id='line_1_25' title="bbox 442 2382 2017 2461; baseline 0.002 -22"><span class='ocrx_word' id='word_1_174' title='bbox 442 2387 538 2456; x_wconf 85' lang='lat' dir='ltr'><strong>qui</strong></span> <span class='ocrx_word' id='word_1_175' title='bbox 569 2403 734 2458; x_wconf 87' lang='lat' dir='ltr'><strong>supra</strong></span> <span class='ocrx_word' id='word_1_176' title='bbox 755 2382 1035 2459; x_wconf 79' lang='lat' dir='ltr'><strong>subjectos</strong></span> <span class='ocrx_word' id='word_1_177' title='bbox 1063 2406 1188 2446; x_wconf 86' lang='lat' dir='ltr'><strong>sese</strong></span> <span class='ocrx_word' id='word_1_178' title='bbox 1214 2401 1537 2461; x_wconf 78' lang='lat' dir='ltr'><strong>arroganter</strong></span> <span class='ocrx_word' id='word_1_179' title='bbox 1561 2408 1667 2445; x_wconf 91' lang='lat' dir='ltr'><strong>non</strong></span> <span class='ocrx_word' id='word_1_180' title='bbox 1698 2392 1878 2456; x_wconf 78' lang='lat' dir='ltr'><strong>cll&#39;ert,</strong></span> <span class='ocrx_word' id='word_1_181' title='bbox 1923 2389 2017 2444; x_wconf 88' lang='lat' dir='ltr'><strong>sed</strong></span> 
     </span>
    </p>
   </div>
   <div class='ocr_carea' id='block_1_26' title="bbox 449 2478 2019 2553">
    <p class='ocr_par' dir='ltr' id='par_1_26' title="bbox 449 2478 2019 2553">
     <span class='ocr_line' id='line_1_26' title="bbox 449 2478 2019 2553; baseline 0 -20"><span class='ocrx_word' id='word_1_182' title='bbox 449 2478 730 2535; x_wconf 87' lang='lat' dir='ltr'><strong>humiliter</strong></span> <span class='ocrx_word' id='word_1_183' title='bbox 767 2495 891 2536; x_wconf 90' lang='lat' dir='ltr'><strong>cum</strong></span> <span class='ocrx_word' id='word_1_184' title='bbox 918 2483 1052 2552; x_wconf 88' lang='lat' dir='ltr'><strong>ipsis</strong></span> <span class='ocrx_word' id='word_1_185' title='bbox 1079 2493 1330 2538; x_wconf 84' lang='lat' dir='ltr'><strong>versatur</strong></span> <span class='ocrx_word' id='word_1_186' title='bbox 1358 2501 1370 2535; x_wconf 91' lang='lat'>:</span> <span class='ocrx_word' id='word_1_187' title='bbox 1406 2499 1499 2538; x_wconf 89' lang='lat' dir='ltr'><strong>seu</strong></span> <span class='ocrx_word' id='word_1_188' title='bbox 1529 2485 1619 2553; x_wconf 85' lang='lat' dir='ltr'><strong>qui</strong></span> <span class='ocrx_word' id='word_1_189' title='bbox 1650 2498 1748 2538; x_wconf 89' lang='lat' dir='ltr'><strong>uec</strong></span> <span class='ocrx_word' id='word_1_190' title='bbox 1780 2481 2019 2550; x_wconf 88' lang='lat' dir='ltr'><strong>pretiosa</strong></span> 
     </span>
    </p>
   </div>
   <div class='ocr_carea' id='block_1_27' title="bbox 447 2570 2013 2642">
    <p class='ocr_par' dir='ltr' id='par_1_27' title="bbox 447 2570 2013 2642">
     <span class='ocr_line' id='line_1_27' title="bbox 447 2570 2013 2642; baseline -0.001 -19"><span class='ocrx_word' id='word_1_191' title='bbox 447 2570 796 2633; x_wconf 86' lang='lat' dir='ltr'><strong>vestimenta,</strong></span> <span class='ocrx_word' id='word_1_192' title='bbox 827 2586 926 2626; x_wconf 89' lang='lat' dir='ltr'><strong>nec</strong></span> <span class='ocrx_word' id='word_1_193' title='bbox 968 2581 1346 2640; x_wconf 83' lang='lat' dir='ltr'><strong>sumptuosam</strong></span> <span class='ocrx_word' id='word_1_194' title='bbox 1387 2589 1656 2636; x_wconf 71' lang='lat' dir='ltr'><strong>incusant,</strong></span> <span class='ocrx_word' id='word_1_195' title='bbox 1693 2570 2013 2642; x_wconf 87' lang='lat' dir='ltr'><strong>cujusmodi</strong></span> 
     </span>
    </p>
   </div>
   <div class='ocr_carea' id='block_1_28' title="bbox 445 2663 2018 2735">
    <p class='ocr_par' dir='ltr' id='par_1_28' title="bbox 445 2663 2018 2735">
     <span class='ocr_line' id='line_1_28' title="bbox 445 2663 2018 2735; baseline 0 -19"><span class='ocrx_word' id='word_1_196' title='bbox 445 2663 764 2732; x_wconf 77' lang='lat' dir='ltr'><strong>arrogantia</strong></span> <span class='ocrx_word' id='word_1_197' title='bbox 806 2664 1032 2735; x_wconf 81' lang='lat' dir='ltr'><strong>expetit,</strong></span> <span class='ocrx_word' id='word_1_198' title='bbox 1063 2673 1117 2719; x_wconf 89' lang='lat' dir='ltr'><strong>et</strong></span> <span class='ocrx_word' id='word_1_199' title='bbox 1165 2675 1324 2735; x_wconf 89' lang='lat' dir='ltr'><strong>turpe</strong></span> <span class='ocrx_word' id='word_1_200' title='bbox 1363 2666 1578 2719; x_wconf 90' lang='lat' dir='ltr'><strong>lucrum</strong></span> <span class='ocrx_word' id='word_1_201' title='bbox 1605 2665 2018 2731; x_wconf 75' lang='lat' dir='ltr'><strong>subministrat,</strong></span> 
     </span>
    </p>
   </div>
   <div class='ocr_carea' id='block_1_29' title="bbox 450 2755 2023 2824">
    <p class='ocr_par' dir='ltr' id='par_1_29' title="bbox 450 2755 2023 2824">
     <span class='ocr_line' id='line_1_29' title="bbox 450 2755 2023 2824; baseline 0.003 -17"><span class='ocrx_word' id='word_1_202' title='bbox 450 2755 701 2824; x_wconf 87' lang='lat' dir='ltr'><strong>requirit.</strong></span> <span class='ocrx_word' id='word_1_203' title='bbox 735 2771 754 2806; x_wconf 83' lang='grc' dir='ltr'>ι</span> <span class='ocrx_word' id='word_1_204' title='bbox 787 2755 1009 2811; x_wconf 84' lang='lat' dir='ltr'><strong>Clerum</strong></span> <span class='ocrx_word' id='word_1_205' title='bbox 1050 2775 1069 2810; x_wconf 77' lang='grc' dir='ltr'>ι</span> <span class='ocrx_word' id='word_1_206' title='bbox 1105 2766 1262 2811; x_wconf 78' lang='lat' dir='ltr'><strong>vocat</strong></span> <span class='ocrx_word' id='word_1_207' title='bbox 1294 2772 1511 2812; x_wconf 88' lang='lat' dir='ltr'><strong>sacrum</strong></span> <span class='ocrx_word' id='word_1_208' title='bbox 1541 2765 1768 2811; x_wconf 82' lang='lat' dir='ltr'><strong>ca-tnm.</strong></span> <span class='ocrx_word' id='word_1_209' title='bbox 1803 2755 2023 2812; x_wconf 82' lang='lat' dir='ltr'><strong>Addens</strong></span> 
     </span>
    </p>
   </div>
   <div class='ocr_carea' id='block_1_30' title="bbox 450 2846 2022 2920">
    <p class='ocr_par' dir='ltr' id='par_1_30' title="bbox 450 2846 2022 2920">
     <span class='ocr_line' id='line_1_30' title="bbox 450 2846 2022 2920; baseline 0.003 -22"><span class='ocrx_word' id='word_1_210' title='bbox 450 2854 632 2901; x_wconf 87' lang='lat' dir='ltr'><strong>autem</strong></span> <span class='ocrx_word' id='word_1_211' title='bbox 659 2863 673 2899; x_wconf 88' lang='lat'><strong>:</strong></span> <span class='ocrx_word' id='word_1_212' title='bbox 706 2865 723 2898; x_wconf 86' lang='grc' dir='ltr'>ι</span> <span class='ocrx_word' id='word_1_213' title='bbox 760 2846 958 2902; x_wconf 84' lang='lat' dir='ltr'><strong>Forma</strong></span> <span class='ocrx_word' id='word_1_214' title='bbox 990 2848 1114 2904; x_wconf 86' lang='lat' dir='ltr'><strong>lacti</strong></span> <span class='ocrx_word' id='word_1_215' title='bbox 1145 2848 1345 2920; x_wconf 80' lang='lat' dir='ltr'><strong>gregis,</strong></span> <span class='ocrx_word' id='word_1_216' title='bbox 1389 2867 1406 2900; x_wconf 79' lang='grc' dir='ltr'>ι</span> <span class='ocrx_word' id='word_1_217' title='bbox 1441 2865 1546 2903; x_wconf 90' lang='lat' dir='ltr'><strong>nou</strong></span> <span class='ocrx_word' id='word_1_218' title='bbox 1572 2858 1760 2904; x_wconf 87' lang='lat' dir='ltr'><strong>coacte</strong></span> <span class='ocrx_word' id='word_1_219' title='bbox 1790 2864 2022 2918; x_wconf 76' lang='lat' dir='ltr'><strong>pascen-</strong></span> 
     </span>
    </p>
   </div>
   <div class='ocr_carea' id='block_1_31' title="bbox 446 2937 2026 3011">
    <p class='ocr_par' dir='ltr' id='par_1_31' title="bbox 446 2937 2026 3011">
     <span class='ocr_line' id='line_1_31' title="bbox 446 2937 2026 3011; baseline 0.001 -20"><span class='ocrx_word' id='word_1_220' title='bbox 446 2937 579 2992; x_wconf 87' lang='lat' dir='ltr'><strong>dum</strong></span> <span class='ocrx_word' id='word_1_221' title='bbox 623 2938 802 2994; x_wconf 83' lang='lat' dir='ltr'><strong>docet.</strong></span> <span class='ocrx_word' id='word_1_222' title='bbox 855 2940 912 2994; x_wconf 90' lang='lat' dir='ltr'><strong>In</strong></span> <span class='ocrx_word' id='word_1_223' title='bbox 950 2955 1018 2995; x_wconf 88' lang='lat' dir='ltr'><strong>eo</strong></span> <span class='ocrx_word' id='word_1_224' title='bbox 1069 2951 1295 2995; x_wconf 83' lang='lat' dir='ltr'><strong>autem:</strong></span> <span class='ocrx_word' id='word_1_225' title='bbox 1335 2960 1354 2991; x_wconf 83' lang='grc' dir='ltr'>ι</span> <span class='ocrx_word' id='word_1_226' title='bbox 1418 2941 1482 2994; x_wconf 84' lang='lat' dir='ltr'><strong>Et</strong></span> <span class='ocrx_word' id='word_1_227' title='bbox 1533 2957 1658 2994; x_wconf 87' lang='lat' dir='ltr'><strong>eum</strong></span> <span class='ocrx_word' id='word_1_228' title='bbox 1690 2941 2026 3011; x_wconf 78' lang='lat' dir='ltr'><strong>apparuerit</strong></span> 
     </span>
    </p>
   </div>
   <div class='ocr_carea' id='block_1_32' title="bbox 448 3029 2026 3103">
    <p class='ocr_par' dir='ltr' id='par_1_32' title="bbox 448 3029 2026 3103">
     <span class='ocr_line' id='line_1_32' title="bbox 448 3029 2026 3103; baseline 0.002 -19"><span class='ocrx_word' id='word_1_229' title='bbox 448 3029 710 3099; x_wconf 76' lang='lat' dir='ltr'><strong>Princeps</strong></span> <span class='ocrx_word' id='word_1_230' title='bbox 741 3043 1040 3100; x_wconf 83' lang='lat' dir='ltr'><strong>pastorum,</strong></span> <span class='ocrx_word' id='word_1_231' title='bbox 1075 3053 1093 3087; x_wconf 73' lang='grc' dir='ltr'>ι</span> <span class='ocrx_word' id='word_1_232' title='bbox 1133 3033 1261 3087; x_wconf 89' lang='lat' dir='ltr'><strong>illud</strong></span> <span class='ocrx_word' id='word_1_233' title='bbox 1292 3053 1308 3085; x_wconf 83' lang='grc' dir='ltr'>ι</span> <span class='ocrx_word' id='word_1_234' title='bbox 1347 3043 1402 3087; x_wconf 90' lang='lat' dir='ltr'><strong>et</strong></span> <span class='ocrx_word' id='word_1_235' title='bbox 1441 3052 1459 3085; x_wconf 78' lang='grc' dir='ltr'>ι</span> <span class='ocrx_word' id='word_1_236' title='bbox 1492 3033 1754 3103; x_wconf 82' lang='lat' dir='ltr'><strong>particula</strong></span> <span class='ocrx_word' id='word_1_237' title='bbox 1787 3032 2026 3088; x_wconf 78' lang='lat' dir='ltr'><strong>causalis</strong></span> 
     </span>
    </p>
   </div>
   <div class='ocr_carea' id='block_1_33' title="bbox 454 3120 2023 3192">
    <p class='ocr_par' dir='ltr' id='par_1_33' title="bbox 454 3120 2023 3192">
     <span class='ocr_line' id='line_1_33' title="bbox 454 3120 2023 3192; baseline 0.003 -19"><span class='ocrx_word' id='word_1_238' title='bbox 454 3120 540 3174; x_wconf 88' lang='lat' dir='ltr'><strong>hic</strong></span> <span class='ocrx_word' id='word_1_239' title='bbox 565 3129 671 3184; x_wconf 88' lang='lat' dir='ltr'><strong>est,</strong></span> <span class='ocrx_word' id='word_1_240' title='bbox 703 3123 878 3190; x_wconf 77' lang='lat' dir='ltr'><strong>posita</strong></span> <span class='ocrx_word' id='word_1_241' title='bbox 905 3138 1054 3192; x_wconf 73' lang='grc' dir='ltr'><strong>ιιι-0,(</strong></span> <span class='ocrx_word' id='word_1_242' title='bbox 1085 3131 1144 3179; x_wconf 88' lang='grc' dir='ltr'><strong>ιιι</strong></span> <span class='ocrx_word' id='word_1_243' title='bbox 1181 3143 1199 3177; x_wconf 75' lang='grc' dir='ltr'>ι</span> <span class='ocrx_word' id='word_1_244' title='bbox 1253 3141 1268 3190; x_wconf 89' lang='grc'><strong>;</strong></span> <span class='ocrx_word' id='word_1_245' title='bbox 1297 3124 1543 3192; x_wconf 87' lang='lat' dir='ltr'><strong>adeoque</strong></span> <span class='ocrx_word' id='word_1_246' title='bbox 1579 3139 1776 3179; x_wconf 87' lang='lat' dir='ltr'><strong>sensus</strong></span> <span class='ocrx_word' id='word_1_247' title='bbox 1829 3123 2023 3192; x_wconf 84' lang='lat' dir='ltr'><strong>hujus-</strong></span> 
     </span>
    </p>
   </div>
   <div class='ocr_carea' id='block_1_34' title="bbox 451 3211 2020 3286">
    <p class='ocr_par' dir='ltr' id='par_1_34' title="bbox 451 3211 2020 3286">
     <span class='ocr_line' id='line_1_34' title="bbox 451 3211 2020 3286; baseline 0.003 -23"><span class='ocrx_word' id='word_1_248' title='bbox 451 3211 597 3266; x_wconf 90' lang='lat' dir='ltr'><strong>modi</strong></span> <span class='ocrx_word' id='word_1_249' title='bbox 621 3220 705 3266; x_wconf 89' lang='lat' dir='ltr'><strong>est</strong></span> <span class='ocrx_word' id='word_1_250' title='bbox 730 3231 743 3267; x_wconf 91' lang='lat'><strong>:</strong></span> <span class='ocrx_word' id='word_1_251' title='bbox 786 3232 805 3265; x_wconf 80' lang='grc' dir='ltr'>ι</span> <span class='ocrx_word' id='word_1_252' title='bbox 839 3213 904 3269; x_wconf 84' lang='lat' dir='ltr'><strong>Ut</strong></span> <span class='ocrx_word' id='word_1_253' title='bbox 924 3229 1050 3269; x_wconf 88' lang='lat' dir='ltr'><strong>cum</strong></span> <span class='ocrx_word' id='word_1_254' title='bbox 1073 3217 1387 3286; x_wconf 88' lang='lat' dir='ltr'><strong>apparuerit</strong></span> <span class='ocrx_word' id='word_1_255' title='bbox 1410 3215 1672 3286; x_wconf 84' lang='lat' dir='ltr'><strong>Princeps</strong></span> <span class='ocrx_word' id='word_1_256' title='bbox 1702 3224 1978 3285; x_wconf 86' lang='lat' dir='ltr'><strong>pastorum</strong></span> <span class='ocrx_word' id='word_1_257' title='bbox 2005 3255 2020 3280; x_wconf 92' lang='lat'><strong>,</strong></span> 
     </span>
    </p>
   </div>
   <div class='ocr_carea' id='block_1_35' title="bbox 454 3306 2022 3378">
    <p class='ocr_par' dir='ltr' id='par_1_35' title="bbox 454 3306 2022 3378">
     <span class='ocr_line' id='line_1_35' title="bbox 454 3306 2022 3378; baseline 0.003 -20"><span class='ocrx_word' id='word_1_258' title='bbox 454 3306 773 3374; x_wconf 87' lang='lat' dir='ltr'><strong>percipiatis</strong></span> <span class='ocrx_word' id='word_1_259' title='bbox 803 3307 1348 3378; x_wconf 83' lang='lat' dir='ltr'><strong>incorruptibilitatis</strong></span> <span class='ocrx_word' id='word_1_260' title='bbox 1371 3324 1650 3363; x_wconf 88' lang='lat' dir='ltr'><strong>coronam.</strong></span> <span class='ocrx_word' id='word_1_261' title='bbox 1688 3307 1894 3362; x_wconf 84' lang='lat' dir='ltr'><strong>Omnes</strong></span> <span class='ocrx_word' id='word_1_262' title='bbox 1923 3323 2022 3362; x_wconf 83' lang='lat' dir='ltr'><strong>au-</strong></span> 
     </span>
    </p>
   </div>
   <div class='ocr_carea' id='block_1_36' title="bbox 454 3396 2026 3470">
    <p class='ocr_par' dir='ltr' id='par_1_36' title="bbox 454 3396 2026 3470">
     <span class='ocr_line' id='line_1_36' title="bbox 454 3396 2026 3470; baseline 0.002 -21"><span class='ocrx_word' id='word_1_263' title='bbox 454 3406 560 3450; x_wconf 87' lang='lat' dir='ltr'><strong>tem</strong></span> <span class='ocrx_word' id='word_1_264' title='bbox 587 3396 822 3452; x_wconf 80' lang='lat' dir='ltr'><strong>invicem</strong></span> <span class='ocrx_word' id='word_1_265' title='bbox 848 3399 1108 3466; x_wconf 67' lang='lat' dir='ltr'><strong>subjecti,</strong></span> <span class='ocrx_word' id='word_1_266' title='bbox 1149 3400 1512 3455; x_wconf 86' lang='lat' dir='ltr'><strong>humilitatem</strong></span> <span class='ocrx_word' id='word_1_267' title='bbox 1555 3400 1815 3454; x_wconf 89' lang='lat' dir='ltr'><strong>innectite</strong></span> <span class='ocrx_word' id='word_1_268' title='bbox 1854 3418 1866 3452; x_wconf 91' lang='lat'><strong>:</strong></span> <span class='ocrx_word' id='word_1_269' title='bbox 1900 3400 2026 3470; x_wconf 85' lang='lat' dir='ltr'><strong>quia</strong></span> 
     </span>
    </p>
   </div>
   <div class='ocr_carea' id='block_1_37' title="bbox 457 3484 2028 3556">
    <p class='ocr_par' dir='ltr' id='par_1_37' title="bbox 457 3484 2028 3556">
     <span class='ocr_line' id='line_1_37' title="bbox 457 3484 2028 3556; baseline 0.004 -19"><span class='ocrx_word' id='word_1_270' title='bbox 457 3484 603 3540; x_wconf 79' lang='lat' dir='ltr'><strong>Deus</strong></span> <span class='ocrx_word' id='word_1_271' title='bbox 641 3487 891 3554; x_wconf 85' lang='lat' dir='ltr'><strong>superbis</strong></span> <span class='ocrx_word' id='word_1_272' title='bbox 926 3490 1173 3554; x_wconf 87' lang='lat' dir='ltr'><strong>resistit,</strong></span> <span class='ocrx_word' id='word_1_273' title='bbox 1229 3490 1530 3544; x_wconf 90' lang='lat' dir='ltr'><strong>humilibus</strong></span> <span class='ocrx_word' id='word_1_274' title='bbox 1562 3498 1744 3544; x_wconf 85' lang='lat' dir='ltr'><strong>autem</strong></span> <span class='ocrx_word' id='word_1_275' title='bbox 1782 3491 1872 3541; x_wconf 88' lang='lat' dir='ltr'><strong>dat</strong></span> <span class='ocrx_word' id='word_1_276' title='bbox 1903 3505 2028 3556; x_wconf 83' lang='lat' dir='ltr'><strong>gra-</strong></span> 
     </span>
    </p>
   </div>
   <div class='ocr_carea' id='block_1_38' title="bbox 457 3577 2032 3648">
    <p class='ocr_par' dir='ltr' id='par_1_38' title="bbox 457 3577 2032 3648">
     <span class='ocr_line' id='line_1_38' title="bbox 457 3577 2032 3648; baseline 0.001 -18"><span class='ocrx_word' id='word_1_277' title='bbox 457 3577 613 3631; x_wconf 89' lang='lat' dir='ltr'><strong>tiam.</strong></span> <span class='ocrx_word' id='word_1_278' title='bbox 653 3596 672 3628; x_wconf 67' lang='lat' dir='ltr'><strong>i</strong></span> <span class='ocrx_word' id='word_1_279' title='bbox 732 3577 888 3644; x_wconf 83' lang='lat' dir='ltr'><strong>illud,</strong></span> <span class='ocrx_word' id='word_1_280' title='bbox 928 3596 947 3630; x_wconf 82' lang='grc' dir='ltr'><strong>ι</strong></span> <span class='ocrx_word' id='word_1_281' title='bbox 996 3578 1291 3642; x_wconf 80' lang='lat' dir='ltr'><strong>limeetite,</strong></span> <span class='ocrx_word' id='word_1_282' title='bbox 1331 3599 1351 3633; x_wconf 76' lang='grc' dir='ltr'><strong>ι</strong></span> <span class='ocrx_word' id='word_1_283' title='bbox 1397 3581 1474 3648; x_wconf 81' lang='lat' dir='ltr'><strong>(li)</strong></span> <span class='ocrx_word' id='word_1_284' title='bbox 1528 3580 1670 3634; x_wconf 88' lang='lat' dir='ltr'><strong>idem</strong></span> <span class='ocrx_word' id='word_1_285' title='bbox 1743 3578 1832 3633; x_wconf 89' lang='lat' dir='ltr'><strong>hic</strong></span> <span class='ocrx_word' id='word_1_286' title='bbox 1892 3581 2032 3632; x_wconf 73' lang='lat' dir='ltr'><strong>valet</strong></span> 
     </span>
    </p>
   </div>
   <div class='ocr_carea' id='block_1_39' title="bbox 457 3670 2029 3742">
    <p class='ocr_par' dir='ltr' id='par_1_39' title="bbox 457 3670 2029 3742">
     <span class='ocr_line' id='line_1_39' title="bbox 457 3670 2029 3742; baseline 0.002 -18"><span class='ocrx_word' id='word_1_287' title='bbox 457 3685 524 3724; x_wconf 90' lang='lat' dir='ltr'><strong>ac</strong></span> <span class='ocrx_word' id='word_1_288' title='bbox 582 3670 863 3738; x_wconf 82' lang='lat' dir='ltr'><strong>involvite,</strong></span> <span class='ocrx_word' id='word_1_289' title='bbox 924 3671 1287 3742; x_wconf 80' lang='lat' dir='ltr'><strong>circumdate,</strong></span> <span class='ocrx_word' id='word_1_290' title='bbox 1350 3673 1636 3740; x_wconf 81' lang='lat' dir='ltr'><strong>assmnite,</strong></span> <span class='ocrx_word' id='word_1_291' title='bbox 1694 3671 2029 3742; x_wconf 83' lang='lat' dir='ltr'><strong>complecta-</strong></span> 
     </span>
    </p>
   </div>
   <div class='ocr_carea' id='block_1_40' title="bbox 456 3763 616 3820">
    <p class='ocr_par' dir='ltr' id='par_1_40' title="bbox 456 3763 616 3820">
     <span class='ocr_line' id='line_1_40' title="bbox 456 3763 616 3820; baseline 0 -2"><span class='ocrx_word' id='word_1_292' title='bbox 456 3763 616 3820; x_wconf 90' lang='lat' dir='ltr'><strong>mini.</strong></span> 
     </span>
    </p>
   </div>
   <div class='ocr_carea' id='block_1_41' title="bbox 532 3856 2024 3931">
    <p class='ocr_par' dir='ltr' id='par_1_41' title="bbox 532 3856 2024 3931">
     <span class='ocr_line' id='line_1_41' title="bbox 532 3856 2024 3931; baseline 0.003 -21"><span class='ocrx_word' id='word_1_293' title='bbox 532 3856 694 3914; x_wconf 75' lang='lat' dir='ltr'><strong>Vens.</strong></span> <span class='ocrx_word' id='word_1_294' title='bbox 750 3858 860 3922; x_wconf 82' lang='lat'><strong>6,7.</strong></span> <span class='ocrx_word' id='word_1_295' title='bbox 923 3877 943 3910; x_wconf 82' lang='grc' dir='ltr'><strong>ι</strong></span> <span class='ocrx_word' id='word_1_296' title='bbox 983 3858 1357 3914; x_wconf 84' lang='lat' dir='ltr'><strong>llumiliamiui</strong></span> <span class='ocrx_word' id='word_1_297' title='bbox 1417 3860 1582 3930; x_wconf 81' lang='lat' dir='ltr'><strong>igitur</strong></span> <span class='ocrx_word' id='word_1_298' title='bbox 1627 3863 1733 3918; x_wconf 90' lang='lat' dir='ltr'><strong>sub</strong></span> <span class='ocrx_word' id='word_1_299' title='bbox 1809 3861 2024 3931; x_wconf 87' lang='lat' dir='ltr'><strong>potenti</strong></span> 
     </span>
    </p>
   </div>
   <div class='ocr_carea' id='block_1_42' title="bbox 458 3952 2032 4024">
    <p class='ocr_par' dir='ltr' id='par_1_42' title="bbox 458 3952 2032 4024">
     <span class='ocr_line' id='line_1_42' title="bbox 458 3952 2032 4024; baseline 0.002 -19"><span class='ocrx_word' id='word_1_300' title='bbox 458 3966 626 4005; x_wconf 80' lang='lat' dir='ltr'><strong>manu</strong></span> <span class='ocrx_word' id='word_1_301' title='bbox 666 3952 778 4016; x_wconf 84' lang='lat' dir='ltr'><strong>Dei,</strong></span> <span class='ocrx_word' id='word_1_302' title='bbox 819 3963 996 4008; x_wconf 88' lang='lat' dir='ltr'><strong>ntvos</strong></span> <span class='ocrx_word' id='word_1_303' title='bbox 1028 3953 1229 4008; x_wconf 81' lang='lat' dir='ltr'><strong>cxaltet</strong></span> <span class='ocrx_word' id='word_1_304' title='bbox 1271 3955 1325 4008; x_wconf 91' lang='lat' dir='ltr'><strong>in</strong></span> <span class='ocrx_word' id='word_1_305' title='bbox 1365 3962 1610 4023; x_wconf 82' lang='lat' dir='ltr'><strong>tempore</strong></span> <span class='ocrx_word' id='word_1_306' title='bbox 1641 3970 1744 4010; x_wconf 89' lang='lat' dir='ltr'><strong>suo</strong></span> <span class='ocrx_word' id='word_1_307' title='bbox 1766 3956 1868 4024; x_wconf 84' lang='lat'><strong>(7).</strong></span> <span class='ocrx_word' id='word_1_308' title='bbox 1899 3953 2032 4010; x_wconf 90' lang='lat' dir='ltr'><strong>Om-</strong></span> 
     </span>
    </p>
   </div>
   <div class='ocr_carea' id='block_1_43' title="bbox 459 4043 2031 4114">
    <p class='ocr_par' dir='ltr' id='par_1_43' title="bbox 459 4043 2031 4114">
     <span class='ocr_line' id='line_1_43' title="bbox 459 4043 2031 4114; baseline 0.002 -17"><span class='ocrx_word' id='word_1_309' title='bbox 459 4058 583 4097; x_wconf 85' lang='lat' dir='ltr'><strong>nem</strong></span> <span class='ocrx_word' id='word_1_310' title='bbox 615 4043 1042 4099; x_wconf 81' lang='lat' dir='ltr'><strong>sollicitudinem</strong></span> <span class='ocrx_word' id='word_1_311' title='bbox 1095 4056 1332 4098; x_wconf 85' lang='lat' dir='ltr'><strong>vcstram</strong></span> <span class='ocrx_word' id='word_1_312' title='bbox 1389 4046 1745 4114; x_wconf 85' lang='lat' dir='ltr'><strong>projicicutcs</strong></span> <span class='ocrx_word' id='word_1_313' title='bbox 1791 4047 1844 4100; x_wconf 93' lang='lat' dir='ltr'><strong>iu</strong></span> <span class='ocrx_word' id='word_1_314' title='bbox 1877 4061 2031 4108; x_wconf 88' lang='lat' dir='ltr'><strong>eum.</strong></span> 
     </span>
    </p>
   </div>
   <div class='ocr_carea' id='block_1_44' title="bbox 459 4134 2033 4207">
    <p class='ocr_par' dir='ltr' id='par_1_44' title="bbox 459 4134 2033 4207">
     <span class='ocr_line' id='line_1_44' title="bbox 459 4134 2033 4207; baseline 0.006 -23"><span class='ocrx_word' id='word_1_315' title='bbox 459 4134 720 4202; x_wconf 89' lang='lat' dir='ltr'><strong>quoniam</strong></span> <span class='ocrx_word' id='word_1_316' title='bbox 782 4135 886 4203; x_wconf 84' lang='lat' dir='ltr'><strong>ipsi</strong></span> <span class='ocrx_word' id='word_1_317' title='bbox 938 4151 1070 4190; x_wconf 89' lang='lat' dir='ltr'><strong>cura</strong></span> <span class='ocrx_word' id='word_1_318' title='bbox 1109 4144 1193 4191; x_wconf 91' lang='lat' dir='ltr'><strong>est</strong></span> <span class='ocrx_word' id='word_1_319' title='bbox 1241 4138 1308 4190; x_wconf 88' lang='lat' dir='ltr'><strong>dc</strong></span> <span class='ocrx_word' id='word_1_320' title='bbox 1349 4138 1525 4190; x_wconf 88' lang='lat' dir='ltr'><strong>vobis.</strong></span> <span class='ocrx_word' id='word_1_321' title='bbox 1564 4156 1582 4189; x_wconf 79' lang='grc' dir='ltr'>ι</span> <span class='ocrx_word' id='word_1_322' title='bbox 1626 4165 1699 4179; x_wconf 93' lang='grc'><strong><em>-</em></strong></span> <span class='ocrx_word' id='word_1_323' title='bbox 1728 4156 1746 4189; x_wconf 83' lang='grc' dir='ltr'>ι</span> <span class='ocrx_word' id='word_1_324' title='bbox 1785 4137 2033 4207; x_wconf 84' lang='lat' dir='ltr'><strong>Tempus</strong></span> 
     </span>
    </p>
   </div>
   <div class='ocr_carea' id='block_1_45' title="bbox 458 4227 2035 4298">
    <p class='ocr_par' dir='ltr' id='par_1_45' title="bbox 458 4227 2035 4298">
     <span class='ocr_line' id='line_1_45' title="bbox 458 4227 2035 4298; baseline 0.001 -18"><span class='ocrx_word' id='word_1_325' title='bbox 458 4242 644 4291; x_wconf 87' lang='lat' dir='ltr'><strong>suum,</strong></span> <span class='ocrx_word' id='word_1_326' title='bbox 676 4245 693 4277; x_wconf 77' lang='grc' dir='ltr'>ι</span> <span class='ocrx_word' id='word_1_327' title='bbox 731 4227 936 4292; x_wconf 73' lang='grc' dir='ltr'><strong>Ιιοεζεει</strong></span> <span class='ocrx_word' id='word_1_328' title='bbox 972 4239 1338 4296; x_wconf 89' lang='lat' dir='ltr'><strong>opportunum</strong></span> <span class='ocrx_word' id='word_1_329' title='bbox 1373 4232 1461 4282; x_wconf 83' lang='lat' dir='ltr'><strong>hic</strong></span> <span class='ocrx_word' id='word_1_330' title='bbox 1483 4229 1651 4294; x_wconf 91' lang='lat' dir='ltr'><strong>dicit;</strong></span> <span class='ocrx_word' id='word_1_331' title='bbox 1675 4230 2035 4298; x_wconf 87' lang='lat' dir='ltr'><strong>quemadmo-</strong></span> 
     </span>
    </p>
   </div>
   <div class='ocr_carea' id='block_1_46' title="bbox 460 4316 2032 4385">
    <p class='ocr_par' dir='ltr' id='par_1_46' title="bbox 460 4316 2032 4385">
     <span class='ocr_line' id='line_1_46' title="bbox 460 4316 2032 4385; baseline 0.003 -14"><span class='ocrx_word' id='word_1_332' title='bbox 460 4316 589 4371; x_wconf 87' lang='lat' dir='ltr'><strong>dum</strong></span> <span class='ocrx_word' id='word_1_333' title='bbox 618 4327 671 4371; x_wconf 88' lang='lat' dir='ltr'><strong>et</strong></span> <span class='ocrx_word' id='word_1_334' title='bbox 697 4317 886 4379; x_wconf 83' lang='lat' dir='ltr'><strong>David.</strong></span> <span class='ocrx_word' id='word_1_335' title='bbox 913 4333 1037 4373; x_wconf 89' lang='lat' dir='ltr'><strong>cum</strong></span> <span class='ocrx_word' id='word_1_336' title='bbox 1080 4319 1159 4372; x_wconf 89' lang='lat' dir='ltr'><strong>ait</strong></span> <span class='ocrx_word' id='word_1_337' title='bbox 1193 4319 1240 4350; x_wconf 86' lang='lat'><strong>&quot;&quot;</strong></span> <span class='ocrx_word' id='word_1_338' title='bbox 1277 4337 1289 4370; x_wconf 92' lang='lat'><strong>:</strong></span> <span class='ocrx_word' id='word_1_339' title='bbox 1325 4338 1344 4370; x_wconf 79' lang='grc' dir='ltr'>ι</span> <span class='ocrx_word' id='word_1_340' title='bbox 1381 4320 1541 4385; x_wconf 86' lang='lat' dir='ltr'><strong>Quod</strong></span> <span class='ocrx_word' id='word_1_341' title='bbox 1587 4321 1826 4374; x_wconf 81' lang='lat' dir='ltr'><strong>fructum</strong></span> <span class='ocrx_word' id='word_1_342' title='bbox 1871 4337 2032 4376; x_wconf 83' lang='lat' dir='ltr'><strong>smuu</strong></span> 
     </span>
    </p>
   </div>
   <div class='ocr_carea' id='block_1_47' title="bbox 461 4409 2036 4482">
    <p class='ocr_par' dir='ltr' id='par_1_47' title="bbox 461 4409 2036 4482">
     <span class='ocr_line' id='line_1_47' title="bbox 461 4409 2036 4482; baseline 0.004 -20"><span class='ocrx_word' id='word_1_343' title='bbox 461 4409 613 4463; x_wconf 85' lang='lat' dir='ltr'><strong>dabit</strong></span> <span class='ocrx_word' id='word_1_344' title='bbox 649 4410 702 4464; x_wconf 92' lang='lat' dir='ltr'><strong>in</strong></span> <span class='ocrx_word' id='word_1_345' title='bbox 731 4419 978 4479; x_wconf 89' lang='lat' dir='ltr'><strong>tempore</strong></span> <span class='ocrx_word' id='word_1_346' title='bbox 1008 4427 1132 4466; x_wconf 89' lang='lat' dir='ltr'><strong>suo.</strong></span> <span class='ocrx_word' id='word_1_347' title='bbox 1169 4429 1187 4462; x_wconf 79' lang='grc' dir='ltr'>ι</span> <span class='ocrx_word' id='word_1_348' title='bbox 1216 4411 1381 4465; x_wconf 85' lang='lat' dir='ltr'><strong>Addit</strong></span> <span class='ocrx_word' id='word_1_349' title='bbox 1419 4421 1600 4467; x_wconf 89' lang='lat' dir='ltr'><strong>autem</strong></span> <span class='ocrx_word' id='word_1_350' title='bbox 1641 4431 1660 4464; x_wconf 81' lang='grc' dir='ltr'>ι</span> <span class='ocrx_word' id='word_1_351' title='bbox 1701 4411 1756 4466; x_wconf 85' lang='grc' dir='ltr'>ἰιι</span> <span class='ocrx_word' id='word_1_352' title='bbox 1787 4426 2036 4482; x_wconf 88' lang='lat' dir='ltr'><strong>tempore</strong></span> 
     </span>
    </p>
   </div>
   <div class='ocr_carea' id='block_1_48' title="bbox 456 4502 2036 4572">
    <p class='ocr_par' dir='ltr' id='par_1_48' title="bbox 456 4502 2036 4572">
     <span class='ocr_line' id='line_1_48' title="bbox 456 4502 2036 4572; baseline 0.002 -15"><span class='ocrx_word' id='word_1_353' title='bbox 456 4517 583 4565; x_wconf 82' lang='lat' dir='ltr'><strong>suo,</strong></span> <span class='ocrx_word' id='word_1_354' title='bbox 621 4520 640 4555; x_wconf 81' lang='grc' dir='ltr'>ι</span> <span class='ocrx_word' id='word_1_355' title='bbox 683 4503 807 4571; x_wconf 84' lang='lat' dir='ltr'><strong>quia</strong></span> <span class='ocrx_word' id='word_1_356' title='bbox 834 4503 901 4557; x_wconf 89' lang='lat' dir='ltr'><strong>de</strong></span> <span class='ocrx_word' id='word_1_357' title='bbox 917 4502 1248 4558; x_wconf 83' lang='lat' dir='ltr'><strong>exaltatione</strong></span> <span class='ocrx_word' id='word_1_358' title='bbox 1277 4503 1590 4572; x_wconf 83' lang='lat' dir='ltr'><strong>loquituriu</strong></span> <span class='ocrx_word' id='word_1_359' title='bbox 1621 4503 1804 4558; x_wconf 88' lang='lat' dir='ltr'><strong>l‘uturo</strong></span> <span class='ocrx_word' id='word_1_360' title='bbox 1833 4507 2036 4560; x_wconf 64' lang='lat' dir='ltr'><strong>saeculo</strong></span> 
     </span>
    </p>
   </div>
   <div class='ocr_carea' id='block_1_49' title="bbox 2113 661 3672 734">
    <p class='ocr_par' dir='ltr' id='par_1_49' title="bbox 2113 661 3672 734">
     <span class='ocr_line' id='line_1_49' title="bbox 2113 661 3672 734; baseline -0.002 -17"><span class='ocrx_word' id='word_1_361' title='bbox 2113 668 2214 719; x_wconf 60' lang='lat' dir='ltr'><strong>ut</strong></span> <span class='ocrx_word' id='word_1_362' title='bbox 2229 667 2312 718; x_wconf 82' lang='grc' dir='ltr'>ὅτι</span> <span class='ocrx_word' id='word_1_363' title='bbox 2344 662 2843 734; x_wconf 71' lang='grc' dir='ltr'><strong>ταπεινοφροσύνης</strong></span> <span class='ocrx_word' id='word_1_364' title='bbox 2865 663 3052 718; x_wconf 75' lang='grc' dir='ltr'>ἕνεκεν</span> <span class='ocrx_word' id='word_1_365' title='bbox 3082 682 3101 713; x_wconf 84' lang='grc' dir='ltr'><strong>ι</strong></span> <span class='ocrx_word' id='word_1_366' title='bbox 3132 661 3633 732; x_wconf 70' lang='grc' dir='ltr'>συμπρεσὸύτερονε</span> <span class='ocrx_word' id='word_1_367' title='bbox 3654 681 3672 714; x_wconf 77' lang='grc' dir='ltr'><strong>ι</strong></span> 
     </span>
    </p>
   </div>
   <div class='ocr_carea' id='block_1_50' title="bbox 2112 752 3702 825">
    <p class='ocr_par' dir='ltr' id='par_1_50' title="bbox 2112 752 3702 825">
     <span class='ocr_line' id='line_1_50' title="bbox 2112 752 3702 825; baseline -0.002 -16"><span class='ocrx_word' id='word_1_368' title='bbox 2112 756 2303 810; x_wconf 79' lang='grc' dir='ltr'>ἑαυτὸν</span> <span class='ocrx_word' id='word_1_369' title='bbox 2325 755 2503 822; x_wconf 78' lang='grc' dir='ltr'>λέγει’</span> <span class='ocrx_word' id='word_1_370' title='bbox 2532 755 2739 822; x_wconf 79' lang='grc' dir='ltr'>ἐπάγει</span> <span class='ocrx_word' id='word_1_371' title='bbox 2759 753 2819 806; x_wconf 82' lang='grc' dir='ltr'>τὺ</span> <span class='ocrx_word' id='word_1_372' title='bbox 2835 752 3052 825; x_wconf 81' lang='grc' dir='ltr'>ἀξίωμα</span> <span class='ocrx_word' id='word_1_373' title='bbox 3073 753 3289 817; x_wconf 66' lang='grc' dir='ltr'>ἑαυτοῦ,</span> <span class='ocrx_word' id='word_1_374' title='bbox 3307 754 3388 817; x_wconf 70' lang='grc' dir='ltr'>τὸ,</span> <span class='ocrx_word' id='word_1_375' title='bbox 3421 771 3440 806; x_wconf 80' lang='grc' dir='ltr'><strong>ι</strong></span> <span class='ocrx_word' id='word_1_376' title='bbox 3475 754 3650 825; x_wconf 83' lang='grc' dir='ltr'>μάρτυ</span> <span class='ocrx_word' id='word_1_377' title='bbox 3664 771 3702 816; x_wconf 69' lang='grc' dir='ltr'>ς.</span> 
     </span>
    </p>
   </div>
   <div class='ocr_carea' id='block_1_51' title="bbox 2112 843 3696 916">
    <p class='ocr_par' dir='ltr' id='par_1_51' title="bbox 2112 843 3696 916">
     <span class='ocr_line' id='line_1_51' title="bbox 2112 843 3696 916; baseline -0.001 -16"><span class='ocrx_word' id='word_1_378' title='bbox 2112 845 2222 900; x_wconf 83' lang='grc' dir='ltr'><strong>τῶν</strong></span> <span class='ocrx_word' id='word_1_379' title='bbox 2250 846 2344 899; x_wconf 67' lang='grc' dir='ltr'>τοῦ</span> <span class='ocrx_word' id='word_1_380' title='bbox 2377 844 2616 916; x_wconf 80' lang='grc' dir='ltr'><strong>Χριστοῦ</strong></span> <span class='ocrx_word' id='word_1_381' title='bbox 2649 843 2988 915; x_wconf 71' lang='grc' dir='ltr'><strong>παθημάτων</strong></span> <span class='ocrx_word' id='word_1_382' title='bbox 3021 861 3035 877; x_wconf 79' lang='grc' dir='ltr'><strong>ο</strong></span> <span class='ocrx_word' id='word_1_383' title='bbox 3075 863 3094 897; x_wconf 79' lang='grc' dir='ltr'>ι</span> <span class='ocrx_word' id='word_1_384' title='bbox 3151 844 3316 898; x_wconf 75' lang='grc' dir='ltr'>οἱονεὶ</span> <span class='ocrx_word' id='word_1_385' title='bbox 3361 844 3558 913; x_wconf 73' lang='grc' dir='ltr'>λέγων,</span> <span class='ocrx_word' id='word_1_386' title='bbox 3614 845 3696 898; x_wconf 83' lang='grc' dir='ltr'><strong>ὅτι</strong></span> 
     </span>
    </p>
   </div>
   <div class='ocr_carea' id='block_1_52' title="bbox 2115 932 3698 1006">
    <p class='ocr_par' dir='ltr' id='par_1_52' title="bbox 2115 932 3698 1006">
     <span class='ocr_line' id='line_1_52' title="bbox 2115 932 3698 1006; baseline -0.005 -15"><span class='ocrx_word' id='word_1_387' title='bbox 2115 939 2176 991; x_wconf 79' lang='lat' dir='ltr'><strong>Ei</strong></span> <span class='ocrx_word' id='word_1_388' title='bbox 2204 932 2314 1006; x_wconf 79' lang='grc' dir='ltr'><strong>ἐγὼ</strong></span> <span class='ocrx_word' id='word_1_389' title='bbox 2341 938 2369 989; x_wconf 79' lang='grc' dir='ltr'><em>ὁ</em></span> <span class='ocrx_word' id='word_1_390' title='bbox 2397 937 2509 991; x_wconf 89' lang='grc' dir='ltr'><strong>τῶν</strong></span> <span class='ocrx_word' id='word_1_391' title='bbox 2558 937 2817 991; x_wconf 74' lang='grc' dir='ltr'><strong>τοιούτων</strong></span> <span class='ocrx_word' id='word_1_392' title='bbox 2858 937 2987 1005; x_wconf 82' lang='grc' dir='ltr'>ὑμῖν</span> <span class='ocrx_word' id='word_1_393' title='bbox 3042 935 3331 1006; x_wconf 81' lang='grc' dir='ltr'><strong>θεαμάτων</strong></span> <span class='ocrx_word' id='word_1_394' title='bbox 3390 934 3698 1006; x_wconf 69' lang='grc' dir='ltr'>ὑφηγητὴς,</span> 
     </span>
    </p>
   </div>
   <div class='ocr_carea' id='block_1_53' title="bbox 2113 1024 3693 1097">
    <p class='ocr_par' dir='ltr' id='par_1_53' title="bbox 2113 1024 3693 1097">
     <span class='ocr_line' id='line_1_53' title="bbox 2113 1024 3693 1097; baseline -0.003 -18"><span class='ocrx_word' id='word_1_395' title='bbox 2113 1027 2214 1080; x_wconf 72' lang='grc' dir='ltr'><strong>οὐκ</strong></span> <span class='ocrx_word' id='word_1_396' title='bbox 2271 1024 2489 1091; x_wconf 80' lang='grc' dir='ltr'>ἀπαξιῶ</span> <span class='ocrx_word' id='word_1_397' title='bbox 2553 1046 2572 1078; x_wconf 79' lang='grc' dir='ltr'>ι</span> <span class='ocrx_word' id='word_1_398' title='bbox 2607 1025 3092 1097; x_wconf 78' lang='grc' dir='ltr'>συμπρεσσύτερον</span> <span class='ocrx_word' id='word_1_399' title='bbox 3125 1043 3142 1076; x_wconf 77' lang='grc' dir='ltr'>ι</span> <span class='ocrx_word' id='word_1_400' title='bbox 3193 1024 3432 1094; x_wconf 75' lang='grc' dir='ltr'>ἐμαυτὸν</span> <span class='ocrx_word' id='word_1_401' title='bbox 3491 1024 3693 1089; x_wconf 82' lang='grc' dir='ltr'><strong>καλεῖν,</strong></span> 
     </span>
    </p>
   </div>
   <div class='ocr_carea' id='block_1_54' title="bbox 2121 1116 3694 1188">
    <p class='ocr_par' dir='ltr' id='par_1_54' title="bbox 2121 1116 3694 1188">
     <span class='ocr_line' id='line_1_54' title="bbox 2121 1116 3694 1188; baseline -0.003 -16"><span class='ocrx_word' id='word_1_402' title='bbox 2121 1119 2242 1173; x_wconf 72' lang='grc' dir='ltr'>οὐδὲ</span> <span class='ocrx_word' id='word_1_403' title='bbox 2281 1119 2438 1187; x_wconf 80' lang='grc' dir='ltr'>ὑμεῖς</span> <span class='ocrx_word' id='word_1_404' title='bbox 2472 1118 2682 1172; x_wconf 88' lang='grc' dir='ltr'>δίκαιον</span> <span class='ocrx_word' id='word_1_405' title='bbox 2727 1116 3130 1188; x_wconf 84' lang='grc' dir='ltr'>κατεπαίρεσθε</span> <span class='ocrx_word' id='word_1_406' title='bbox 3187 1116 3254 1185; x_wconf 74' lang='grc' dir='ltr'><strong>[Γ.</strong></span> <span class='ocrx_word' id='word_1_407' title='bbox 3306 1117 3508 1170; x_wconf 84' lang='grc' dir='ltr'>δίκαιοι</span> <span class='ocrx_word' id='word_1_408' title='bbox 3564 1134 3694 1170; x_wconf 78' lang='grc' dir='ltr'><strong>κατ⁴</strong></span> 
     </span>
    </p>
   </div>
   <div class='ocr_carea' id='block_1_55' title="bbox 2113 1207 3696 1281">
    <p class='ocr_par' dir='ltr' id='par_1_55' title="bbox 2113 1207 3696 1281">
     <span class='ocr_line' id='line_1_55' title="bbox 2113 1207 3696 1281; baseline -0.002 -18"><span class='ocrx_word' id='word_1_409' title='bbox 2113 1209 2463 1281; x_wconf 82' lang='grc' dir='ltr'>επαίρεσθαι]</span> <span class='ocrx_word' id='word_1_410' title='bbox 2491 1210 2609 1263; x_wconf 82' lang='grc' dir='ltr'>τῶν·</span> <span class='ocrx_word' id='word_1_411' title='bbox 2630 1211 2719 1280; x_wconf 76' lang='grc' dir='ltr'><strong>ὑφ’</strong></span> <span class='ocrx_word' id='word_1_412' title='bbox 2753 1210 2896 1280; x_wconf 80' lang='grc' dir='ltr'>ὑμᾶς</span> <span class='ocrx_word' id='word_1_413' title='bbox 2917 1209 3235 1266; x_wconf 73' lang='grc' dir='ltr'><strong>τελούντων.</strong></span> <span class='ocrx_word' id='word_1_414' title='bbox 3254 1207 3427 1262; x_wconf 80' lang='grc' dir='ltr'>Τοῦτο</span> <span class='ocrx_word' id='word_1_415' title='bbox 3457 1208 3513 1262; x_wconf 74' lang='grc' dir='ltr'>δὲ</span> <span class='ocrx_word' id='word_1_416' title='bbox 3552 1209 3645 1261; x_wconf 72' lang='grc' dir='ltr'><strong>καὶ</strong></span> <span class='ocrx_word' id='word_1_417' title='bbox 3669 1210 3696 1260; x_wconf 88' lang='grc' dir='ltr'>ὁ</span> 
     </span>
    </p>
   </div>
   <div class='ocr_carea' id='block_1_56' title="bbox 2117 1295 3697 1370">
    <p class='ocr_par' dir='ltr' id='par_1_56' title="bbox 2117 1295 3697 1370">
     <span class='ocr_line' id='line_1_56' title="bbox 2117 1295 3697 1370; baseline -0.004 -15"><span class='ocrx_word' id='word_1_418' title='bbox 2117 1300 2320 1370; x_wconf 82' lang='grc' dir='ltr'>Κύριός</span> <span class='ocrx_word' id='word_1_419' title='bbox 2348 1318 2484 1370; x_wconf 78' lang='grc' dir='ltr'>φησι</span> <span class='ocrx_word' id='word_1_420' title='bbox 2515 1301 2644 1370; x_wconf 73' lang='grc' dir='ltr'>περὶ</span> <span class='ocrx_word' id='word_1_421' title='bbox 2669 1299 3173 1370; x_wconf 78' lang='grc' dir='ltr'><strong>ταπεινοφροσύνης</strong></span> <span class='ocrx_word' id='word_1_422' title='bbox 3200 1297 3374 1368; x_wconf 76' lang='grc' dir='ltr'>λέγων</span> <span class='ocrx_word' id='word_1_423' title='bbox 3409 1315 3422 1328; x_wconf 83' lang='grc'><strong>-</strong></span> <span class='ocrx_word' id='word_1_424' title='bbox 3455 1317 3474 1349; x_wconf 80' lang='grc' dir='ltr'><strong>ι</strong></span> <span class='ocrx_word' id='word_1_425' title='bbox 3517 1299 3578 1351; x_wconf 83' lang='lat' dir='ltr'><strong>Ei</strong></span> <span class='ocrx_word' id='word_1_426' title='bbox 3603 1295 3697 1351; x_wconf 72' lang='grc' dir='ltr'><strong>οὖν</strong></span> 
     </span>
    </p>
   </div>
   <div class='ocr_carea' id='block_1_57' title="bbox 2115 1390 3695 1462">
    <p class='ocr_par' dir='ltr' id='par_1_57' title="bbox 2115 1390 3695 1462">
     <span class='ocr_line' id='line_1_57' title="bbox 2115 1390 3695 1462; baseline -0.003 -16"><span class='ocrx_word' id='word_1_427' title='bbox 2115 1392 2227 1461; x_wconf 74' lang='grc' dir='ltr'><strong>ἐγὼ</strong></span> <span class='ocrx_word' id='word_1_428' title='bbox 2255 1393 2283 1444; x_wconf 82' lang='grc' dir='ltr'>ὁ</span> <span class='ocrx_word' id='word_1_429' title='bbox 2305 1393 2506 1462; x_wconf 83' lang='grc' dir='ltr'>Κύριος</span> <span class='ocrx_word' id='word_1_430' title='bbox 2536 1393 2632 1445; x_wconf 79' lang='grc' dir='ltr'><strong>καὶ</strong></span> <span class='ocrx_word' id='word_1_431' title='bbox 2657 1391 3012 1455; x_wconf 77' lang='grc' dir='ltr'>Διδασκάλος,</span> <span class='ocrx_word' id='word_1_432' title='bbox 3043 1391 3200 1460; x_wconf 74' lang='grc' dir='ltr'>ἔνιψα</span> <span class='ocrx_word' id='word_1_433' title='bbox 3230 1390 3390 1461; x_wconf 79' lang='grc' dir='ltr'>ὑμῶν</span> <span class='ocrx_word' id='word_1_434' title='bbox 3427 1391 3553 1454; x_wconf 78' lang='grc' dir='ltr'>τοὺς</span> <span class='ocrx_word' id='word_1_435' title='bbox 3597 1391 3695 1442; x_wconf 75' lang='grc' dir='ltr'><strong>πό-</strong></span> 
     </span>
    </p>
   </div>
   <div class='ocr_carea' id='block_1_58' title="bbox 2116 1482 3706 1556">
    <p class='ocr_par' dir='ltr' id='par_1_58' title="bbox 2116 1482 3706 1556">
     <span class='ocr_line' id='line_1_58' title="bbox 2116 1482 3706 1556; baseline -0.003 -15"><span class='ocrx_word' id='word_1_436' title='bbox 2116 1487 2230 1548; x_wconf 84' lang='grc' dir='ltr'>δας.</span> <span class='ocrx_word' id='word_1_437' title='bbox 2273 1505 2291 1538; x_wconf 81' lang='grc' dir='ltr'>ι</span> <span class='ocrx_word' id='word_1_438' title='bbox 2328 1486 2401 1538; x_wconf 83' lang='grc' dir='ltr'>Τδ</span> <span class='ocrx_word' id='word_1_439' title='bbox 2427 1486 2505 1548; x_wconf 78' lang='grc' dir='ltr'><strong>δὲ,</strong></span> <span class='ocrx_word' id='word_1_440' title='bbox 2562 1505 2580 1538; x_wconf 84' lang='grc' dir='ltr'><strong>ι</strong></span> <span class='ocrx_word' id='word_1_441' title='bbox 2613 1487 2872 1548; x_wconf 84' lang='grc' dir='ltr'>κοινωνός</span> <span class='ocrx_word' id='word_1_442' title='bbox 2927 1487 3023 1555; x_wconf 80' lang='grc' dir='ltr'><strong>τῆς</strong></span> <span class='ocrx_word' id='word_1_443' title='bbox 3050 1482 3402 1556; x_wconf 72' lang='grc' dir='ltr'><strong>[μελλούσης]</strong></span> <span class='ocrx_word' id='word_1_444' title='bbox 3434 1483 3706 1537; x_wconf 81' lang='grc' dir='ltr'>ἀποκαλύ-</span> 
     </span>
    </p>
   </div>
   <div class='ocr_carea' id='block_1_59' title="bbox 2116 1575 3706 1647">
    <p class='ocr_par' dir='ltr' id='par_1_59' title="bbox 2116 1575 3706 1647">
     <span class='ocr_line' id='line_1_59' title="bbox 2116 1575 3706 1647; baseline -0.007 -16"><span class='ocrx_word' id='word_1_445' title='bbox 2116 1579 2348 1632; x_wconf 85' lang='grc' dir='ltr'>πτεσθαι</span> <span class='ocrx_word' id='word_1_446' title='bbox 2370 1577 2585 1647; x_wconf 77' lang='grc' dir='ltr'>δόξης,ι</span> <span class='ocrx_word' id='word_1_447' title='bbox 2610 1577 2986 1647; x_wconf 68' lang='grc' dir='ltr'>προστίθησιν,</span> <span class='ocrx_word' id='word_1_448' title='bbox 3017 1577 3105 1630; x_wconf 76' lang='grc' dir='ltr'>ἵνα</span> <span class='ocrx_word' id='word_1_449' title='bbox 3149 1575 3563 1646; x_wconf 72' lang='grc' dir='ltr'>παραστησῃτὸ</span> <span class='ocrx_word' id='word_1_450' title='bbox 3605 1577 3706 1642; x_wconf 63' lang='lat' dir='ltr'><strong>cfp,</strong></span> 
     </span>
    </p>
   </div>
   <div class='ocr_carea' id='block_1_60' title="bbox 2117 1663 3700 1737">
    <p class='ocr_par' dir='ltr' id='par_1_60' title="bbox 2117 1663 3700 1737">
     <span class='ocr_line' id='line_1_60' title="bbox 2117 1663 3700 1737; baseline -0.004 -16"><span class='ocrx_word' id='word_1_451' title='bbox 2117 1667 2622 1737; x_wconf 75' lang='grc' dir='ltr'>ταπεινοφροσύνης</span> <span class='ocrx_word' id='word_1_452' title='bbox 2645 1666 2944 1737; x_wconf 78' lang='grc' dir='ltr'>ἐξαίρετον,</span> <span class='ocrx_word' id='word_1_453' title='bbox 2973 1665 3050 1728; x_wconf 90' lang='grc' dir='ltr'><strong>ώς</strong></span> <span class='ocrx_word' id='word_1_454' title='bbox 3097 1666 3194 1719; x_wconf 75' lang='grc' dir='ltr'><strong>καὶ</strong></span> <span class='ocrx_word' id='word_1_455' title='bbox 3232 1663 3444 1726; x_wconf 79' lang='grc' dir='ltr'>Παῦλός</span> <span class='ocrx_word' id='word_1_456' title='bbox 3485 1682 3647 1734; x_wconf 77' lang='grc' dir='ltr'>φησιν</span> <span class='ocrx_word' id='word_1_457' title='bbox 3686 1679 3700 1694; x_wconf 77' lang='grc'><em>’</em></span> 
     </span>
    </p>
   </div>
   <div class='ocr_carea' id='block_1_61' title="bbox 2125 1755 3704 1826">
    <p class='ocr_par' dir='ltr' id='par_1_61' title="bbox 2125 1755 3704 1826">
     <span class='ocr_line' id='line_1_61' title="bbox 2125 1755 3704 1826; baseline -0.004 -16"><span class='ocrx_word' id='word_1_458' title='bbox 2125 1776 2145 1810; x_wconf 78' lang='grc' dir='ltr'><strong>ι</strong></span> <span class='ocrx_word' id='word_1_459' title='bbox 2181 1758 2354 1810; x_wconf 82' lang='grc' dir='ltr'>Ὅταν</span> <span class='ocrx_word' id='word_1_460' title='bbox 2385 1757 2414 1808; x_wconf 76' lang='grc'>6</span> <span class='ocrx_word' id='word_1_461' title='bbox 2437 1755 2672 1826; x_wconf 81' lang='grc' dir='ltr'>Χριστὸς</span> <span class='ocrx_word' id='word_1_462' title='bbox 2705 1755 3020 1826; x_wconf 77' lang='grc' dir='ltr'>φανερωθῇ.</span> <span class='ocrx_word' id='word_1_463' title='bbox 3055 1755 3173 1807; x_wconf 75' lang='grc' dir='ltr'>τότε</span> <span class='ocrx_word' id='word_1_464' title='bbox 3201 1755 3297 1807; x_wconf 76' lang='grc' dir='ltr'><strong>καὶ</strong></span> <span class='ocrx_word' id='word_1_465' title='bbox 3349 1755 3513 1824; x_wconf 81' lang='grc' dir='ltr'>ἡμεῖς</span> <span class='ocrx_word' id='word_1_466' title='bbox 3545 1770 3704 1821; x_wconf 80' lang='grc' dir='ltr'>φανε-</span> 
     </span>
    </p>
   </div>
   <div class='ocr_carea' id='block_1_62' title="bbox 2125 1836 3706 1919">
    <p class='ocr_par' dir='ltr' id='par_1_62' title="bbox 2125 1836 3706 1919">
     <span class='ocr_line' id='line_1_62' title="bbox 2125 1836 3706 1919; baseline -0.004 -18"><span class='ocrx_word' id='word_1_467' title='bbox 2125 1848 2508 1919; x_wconf 84' lang='grc' dir='ltr'>ρωθησόμεθα.</span> <span class='ocrx_word' id='word_1_468' title='bbox 2556 1865 2576 1900; x_wconf 76' lang='grc' dir='ltr'>ι</span> <span class='ocrx_word' id='word_1_469' title='bbox 2619 1875 2686 1886; x_wconf 86' lang='lat'><strong>—-</strong></span> <span class='ocrx_word' id='word_1_470' title='bbox 2745 1866 2763 1898; x_wconf 83' lang='grc' dir='ltr'><strong>ι</strong></span> <span class='ocrx_word' id='word_1_471' title='bbox 2831 1846 2924 1916; x_wconf 78' lang='grc' dir='ltr'><strong>Μὴ</strong></span> <span class='ocrx_word' id='word_1_472' title='bbox 2979 1843 3341 1912; x_wconf 78' lang='grc' dir='ltr'><strong>ἀναγκαστῶς</strong></span> <span class='ocrx_word' id='word_1_473' title='bbox 3382 1863 3401 1897; x_wconf 75' lang='grc' dir='ltr'>ι</span> <span class='ocrx_word' id='word_1_474' title='bbox 3451 1844 3507 1898; x_wconf 77' lang='grc' dir='ltr'>δὲ</span> <span class='ocrx_word' id='word_1_475' title='bbox 3551 1836 3706 1906; x_wconf 75' lang='grc' dir='ltr'>οὗτος</span> 
     </span>
    </p>
   </div>
   <div class='ocr_carea' id='block_1_63' title="bbox 2127 1934 3708 2010">
    <p class='ocr_par' dir='ltr' id='par_1_63' title="bbox 2127 1934 3708 2010">
     <span class='ocr_line' id='line_1_63' title="bbox 2127 1934 3708 2010; baseline -0.003 -20"><span class='ocrx_word' id='word_1_476' title='bbox 2127 1937 2454 2010; x_wconf 79' lang='grc' dir='ltr'>[ποιμανεῖ,]</span> <span class='ocrx_word' id='word_1_477' title='bbox 2485 1937 2544 2001; x_wconf 83' lang='grc' dir='ltr'><strong>ὃς</strong></span> <span class='ocrx_word' id='word_1_478' title='bbox 2605 1957 2624 1990; x_wconf 80' lang='grc' dir='ltr'>ι</span> <span class='ocrx_word' id='word_1_479' title='bbox 2655 1936 2824 1990; x_wconf 81' lang='grc' dir='ltr'>τύπον</span> <span class='ocrx_word' id='word_1_480' title='bbox 2857 1954 2875 1987; x_wconf 74' lang='grc' dir='ltr'><strong>ι</strong></span> <span class='ocrx_word' id='word_1_481' title='bbox 2936 1935 3128 1989; x_wconf 69' lang='grc' dir='ltr'>ἑαυτὸν</span> <span class='ocrx_word' id='word_1_482' title='bbox 3171 1934 3537 2004; x_wconf 71' lang='grc' dir='ltr'>ἀγαθοεργίας</span> <span class='ocrx_word' id='word_1_483' title='bbox 3591 1935 3708 1996; x_wconf 78' lang='grc' dir='ltr'>τοῖς</span> 
     </span>
    </p>
   </div>
   <div class='ocr_carea' id='block_1_64' title="bbox 2125 2021 3714 2100">
    <p class='ocr_par' dir='ltr' id='par_1_64' title="bbox 2125 2021 3714 2100">
     <span class='ocr_line' id='line_1_64' title="bbox 2125 2021 3714 2100; baseline -0.004 -16"><span class='ocrx_word' id='word_1_484' title='bbox 2125 2031 2438 2100; x_wconf 70' lang='grc' dir='ltr'>ὑφ’ὲαυτδν</span> <span class='ocrx_word' id='word_1_485' title='bbox 2493 2027 2797 2100; x_wconf 75' lang='grc' dir='ltr'><strong>προτιθεὶς,</strong></span> <span class='ocrx_word' id='word_1_486' title='bbox 2853 2026 2980 2090; x_wconf 72' lang='grc' dir='ltr'>τοὺς</span> <span class='ocrx_word' id='word_1_487' title='bbox 3023 2025 3494 2097; x_wconf 74' lang='grc' dir='ltr'>μαθητευομὲνους</span> <span class='ocrx_word' id='word_1_488' title='bbox 3546 2021 3714 2098; x_wconf 11' lang='grc' dir='ltr'>[ἔχειιι</span> 
     </span>
    </p>
   </div>
   <div class='ocr_carea' id='block_1_65' title="bbox 2124 2115 3704 2191">
    <p class='ocr_par' dir='ltr' id='par_1_65' title="bbox 2124 2115 3704 2191">
     <span class='ocr_line' id='line_1_65' title="bbox 2124 2115 3704 2191; baseline -0.006 -18"><span class='ocrx_word' id='word_1_489' title='bbox 2124 2119 2264 2191; x_wconf 76' lang='grc' dir='ltr'>πρὸς</span> <span class='ocrx_word' id='word_1_490' title='bbox 2292 2119 2454 2189; x_wconf 80' lang='grc' dir='ltr'>ζῆλον</span> <span class='ocrx_word' id='word_1_491' title='bbox 2485 2117 2578 2172; x_wconf 78' lang='grc' dir='ltr'>τοῦ</span> <span class='ocrx_word' id='word_1_492' title='bbox 2607 2118 2943 2172; x_wconf 76' lang='grc' dir='ltr'>Διδασκὲιλου</span> <span class='ocrx_word' id='word_1_493' title='bbox 2998 2115 3496 2186; x_wconf 79' lang='grc' dir='ltr'>κατεπειγομένους</span> <span class='ocrx_word' id='word_1_494' title='bbox 3540 2117 3704 2186; x_wconf 78' lang='grc' dir='ltr'>ἀλλή-</span> 
     </span>
    </p>
   </div>
   <div class='ocr_carea' id='block_1_66' title="bbox 2125 2204 3708 2280">
    <p class='ocr_par' dir='ltr' id='par_1_66' title="bbox 2125 2204 3708 2280">
     <span class='ocr_line' id='line_1_66' title="bbox 2125 2204 3708 2280; baseline -0.003 -19"><span class='ocrx_word' id='word_1_495' title='bbox 2125 2209 2232 2262; x_wconf 91' lang='grc' dir='ltr'><strong>λων</strong></span> <span class='ocrx_word' id='word_1_496' title='bbox 2265 2225 2280 2240; x_wconf 80' lang='grc' dir='ltr'><strong>ο</strong></span> <span class='ocrx_word' id='word_1_497' title='bbox 2319 2209 2395 2279; x_wconf 84' lang='grc' dir='ltr'>μὴ</span> <span class='ocrx_word' id='word_1_498' title='bbox 2433 2226 2452 2260; x_wconf 82' lang='grc' dir='ltr'>ι</span> <span class='ocrx_word' id='word_1_499' title='bbox 2493 2209 2897 2280; x_wconf 72' lang='grc' dir='ltr'><strong>αἰσχροκερδῶς</strong></span> <span class='ocrx_word' id='word_1_500' title='bbox 2936 2225 2958 2260; x_wconf 72' lang='grc' dir='ltr'>ι</span> <span class='ocrx_word' id='word_1_501' title='bbox 3023 2207 3103 2272; x_wconf 86' lang='grc' dir='ltr'><strong>δὲ,</strong></span> <span class='ocrx_word' id='word_1_502' title='bbox 3135 2207 3164 2258; x_wconf 83' lang='grc' dir='ltr'>ὁ</span> <span class='ocrx_word' id='word_1_503' title='bbox 3197 2205 3272 2277; x_wconf 76' lang='grc' dir='ltr'>μὴ</span> <span class='ocrx_word' id='word_1_504' title='bbox 3297 2205 3363 2259; x_wconf 82' lang='grc' dir='ltr'>δι’</span> <span class='ocrx_word' id='word_1_505' title='bbox 3391 2204 3708 2270; x_wconf 73' lang='grc' dir='ltr'>ἀλαζονείας</span> 
     </span>
    </p>
   </div>
   <div class='ocr_carea' id='block_1_67' title="bbox 2127 2294 3708 2369">
    <p class='ocr_par' dir='ltr' id='par_1_67' title="bbox 2127 2294 3708 2369">
     <span class='ocr_line' id='line_1_67' title="bbox 2127 2294 3708 2369; baseline -0.006 -17"><span class='ocrx_word' id='word_1_506' title='bbox 2127 2298 2334 2369; x_wconf 81' lang='grc' dir='ltr'>προϊὼν</span> <span class='ocrx_word' id='word_1_507' title='bbox 2383 2299 2480 2352; x_wconf 70' lang='grc' dir='ltr'><strong>καλ⁹</strong></span> <span class='ocrx_word' id='word_1_508' title='bbox 2515 2297 2982 2369; x_wconf 86' lang='grc' dir='ltr'>κατεπαιρόμενος</span> <span class='ocrx_word' id='word_1_509' title='bbox 3007 2297 3118 2349; x_wconf 89' lang='grc' dir='ltr'><strong>τῶν</strong></span> <span class='ocrx_word' id='word_1_510' title='bbox 3139 2296 3536 2366; x_wconf 75' lang='grc' dir='ltr'>ὑποκειμένων,</span> <span class='ocrx_word' id='word_1_511' title='bbox 3590 2294 3708 2349; x_wconf 57' lang='grc' dir='ltr'>ἀλλ’</span> 
     </span>
    </p>
   </div>
   <div class='ocr_carea' id='block_1_68' title="bbox 2127 2386 3709 2460">
    <p class='ocr_par' dir='ltr' id='par_1_68' title="bbox 2127 2386 3709 2460">
     <span class='ocr_line' id='line_1_68' title="bbox 2127 2386 3709 2460; baseline -0.003 -17"><span class='ocrx_word' id='word_1_512' title='bbox 2127 2393 2185 2444; x_wconf 78' lang='grc' dir='ltr'>ὲν</span> <span class='ocrx_word' id='word_1_513' title='bbox 2209 2389 2452 2460; x_wconf 66' lang='grc' dir='ltr'>εὐτελείᾳ</span> <span class='ocrx_word' id='word_1_514' title='bbox 2481 2388 2704 2454; x_wconf 78' lang='grc' dir='ltr'>διαζῶν,</span> <span class='ocrx_word' id='word_1_515' title='bbox 2735 2389 2790 2442; x_wconf 77' lang='grc' dir='ltr'><strong>εί</strong></span> <span class='ocrx_word' id='word_1_516' title='bbox 2831 2406 2917 2452; x_wconf 89' lang='grc' dir='ltr'><strong>τις</strong></span> <span class='ocrx_word' id='word_1_517' title='bbox 2962 2388 3194 2458; x_wconf 76' lang='grc' dir='ltr'>ἱματίων</span> <span class='ocrx_word' id='word_1_518' title='bbox 3245 2386 3580 2451; x_wconf 73' lang='grc' dir='ltr'>πολυτελῶν,</span> <span class='ocrx_word' id='word_1_519' title='bbox 3614 2387 3709 2440; x_wconf 80' lang='grc' dir='ltr'><strong>καί</strong></span> 
     </span>
    </p>
   </div>
   <div class='ocr_carea' id='block_1_69' title="bbox 2125 2475 3714 2554">
    <p class='ocr_par' dir='ltr' id='par_1_69' title="bbox 2125 2475 3714 2554">
     <span class='ocr_line' id='line_1_69' title="bbox 2125 2475 3714 2554; baseline -0.003 -19"><span class='ocrx_word' id='word_1_520' title='bbox 2125 2482 2403 2554; x_wconf 79' lang='grc' dir='ltr'>τραπέζης</span> <span class='ocrx_word' id='word_1_521' title='bbox 2433 2481 2622 2552; x_wconf 85' lang='grc' dir='ltr'>ὁμοίας</span> <span class='ocrx_word' id='word_1_522' title='bbox 2643 2481 2744 2535; x_wconf 88' lang='grc' dir='ltr'><strong>οὑκ</strong></span> <span class='ocrx_word' id='word_1_523' title='bbox 2771 2481 3041 2551; x_wconf 77' lang='grc' dir='ltr'>ἐπιζητεῖ,</span> <span class='ocrx_word' id='word_1_524' title='bbox 3067 2479 3103 2534; x_wconf 78' lang='grc' dir='ltr'><strong>ἀ</strong></span> <span class='ocrx_word' id='word_1_525' title='bbox 3120 2480 3217 2550; x_wconf 81' lang='grc' dir='ltr'>τὴν</span> <span class='ocrx_word' id='word_1_526' title='bbox 3242 2477 3559 2542; x_wconf 70' lang='grc' dir='ltr'>ἀλαζονείαν</span> <span class='ocrx_word' id='word_1_527' title='bbox 3617 2475 3714 2530; x_wconf 72' lang='grc' dir='ltr'>καῖ</span> 
     </span>
    </p>
   </div>
   <div class='ocr_carea' id='block_1_70' title="bbox 2127 2569 3712 2644">
    <p class='ocr_par' dir='ltr' id='par_1_70' title="bbox 2127 2569 3712 2644">
     <span class='ocr_line' id='line_1_70' title="bbox 2127 2569 3712 2644; baseline -0.003 -17"><span class='ocrx_word' id='word_1_528' title='bbox 2127 2573 2227 2643; x_wconf 83' lang='grc' dir='ltr'><strong>τὴν</strong></span> <span class='ocrx_word' id='word_1_529' title='bbox 2255 2572 2362 2627; x_wconf 75' lang='grc' dir='ltr'>ἀπὸ</span> <span class='ocrx_word' id='word_1_530' title='bbox 2389 2573 2488 2641; x_wconf 83' lang='grc' dir='ltr'><strong>τῆς</strong></span> <span class='ocrx_word' id='word_1_531' title='bbox 2521 2573 2963 2644; x_wconf 73' lang='grc' dir='ltr'>αἰσχροκερδείας</span> <span class='ocrx_word' id='word_1_532' title='bbox 2988 2572 3259 2644; x_wconf 81' lang='grc' dir='ltr'>χορηγίαν</span> <span class='ocrx_word' id='word_1_533' title='bbox 3297 2573 3462 2624; x_wconf 88' lang='grc' dir='ltr'>ποιεῖ.</span> <span class='ocrx_word' id='word_1_534' title='bbox 3511 2589 3529 2622; x_wconf 83' lang='grc' dir='ltr'>ι</span> <span class='ocrx_word' id='word_1_535' title='bbox 3565 2569 3712 2640; x_wconf 60' lang='lat' dir='ltr'><strong>KH,-</strong></span> 
     </span>
    </p>
   </div>
   <div class='ocr_carea' id='block_1_71' title="bbox 2129 2661 3709 2736">
    <p class='ocr_par' dir='ltr' id='par_1_71' title="bbox 2129 2661 3709 2736">
     <span class='ocr_line' id='line_1_71' title="bbox 2129 2661 3709 2736; baseline -0.001 -20"><span class='ocrx_word' id='word_1_536' title='bbox 2129 2682 2222 2736; x_wconf 87' lang='grc' dir='ltr'><strong>ρον</strong></span> <span class='ocrx_word' id='word_1_537' title='bbox 2267 2683 2286 2716; x_wconf 76' lang='grc' dir='ltr'>ι</span> <span class='ocrx_word' id='word_1_538' title='bbox 2315 2665 2373 2718; x_wconf 79' lang='grc' dir='ltr'>δὲ</span> <span class='ocrx_word' id='word_1_539' title='bbox 2428 2665 2490 2718; x_wconf 85' lang='grc' dir='ltr'><strong>τὸ</strong></span> <span class='ocrx_word' id='word_1_540' title='bbox 2514 2666 2660 2736; x_wconf 78' lang='grc' dir='ltr'>ἱερὸν</span> <span class='ocrx_word' id='word_1_541' title='bbox 2689 2665 2943 2734; x_wconf 83' lang='grc' dir='ltr'>σύστημα</span> <span class='ocrx_word' id='word_1_542' title='bbox 2976 2663 3153 2728; x_wconf 81' lang='grc' dir='ltr'>καλεῖ,</span> <span class='ocrx_word' id='word_1_543' title='bbox 3185 2662 3498 2735; x_wconf 70' lang='grc' dir='ltr'>προστιθεὶς</span> <span class='ocrx_word' id='word_1_544' title='bbox 3525 2662 3582 2715; x_wconf 82' lang='grc' dir='ltr'>δὲ</span> <span class='ocrx_word' id='word_1_545' title='bbox 3625 2661 3709 2724; x_wconf 78' lang='grc' dir='ltr'><strong>τὸ,</strong></span> 
     </span>
    </p>
   </div>
   <div class='ocr_carea' id='block_1_72' title="bbox 2135 2755 3711 2828">
    <p class='ocr_par' dir='ltr' id='par_1_72' title="bbox 2135 2755 3711 2828">
     <span class='ocr_line' id='line_1_72' title="bbox 2135 2755 3711 2828; baseline -0.001 -17"><span class='ocrx_word' id='word_1_546' title='bbox 2135 2777 2153 2811; x_wconf 87' lang='grc' dir='ltr'>ι</span> <span class='ocrx_word' id='word_1_547' title='bbox 2183 2757 2342 2812; x_wconf 86' lang='grc' dir='ltr'>τύποι</span> <span class='ocrx_word' id='word_1_548' title='bbox 2391 2757 2675 2828; x_wconf 79' lang='grc' dir='ltr'>γενόμενοι</span> <span class='ocrx_word' id='word_1_549' title='bbox 2728 2756 2823 2810; x_wconf 80' lang='grc' dir='ltr'>τοῦ</span> <span class='ocrx_word' id='word_1_550' title='bbox 2871 2755 3146 2827; x_wconf 78' lang='grc' dir='ltr'>ποιμνίου,</span> <span class='ocrx_word' id='word_1_551' title='bbox 3180 2775 3200 2808; x_wconf 75' lang='grc' dir='ltr'>ι</span> <span class='ocrx_word' id='word_1_552' title='bbox 3242 2755 3304 2809; x_wconf 83' lang='grc' dir='ltr'>τὸ</span> <span class='ocrx_word' id='word_1_553' title='bbox 3353 2755 3711 2824; x_wconf 72' lang='grc' dir='ltr'>ἀναγκαστῶς</span> 
     </span>
    </p>
   </div>
   <div class='ocr_carea' id='block_1_73' title="bbox 2132 2845 3710 2920">
    <p class='ocr_par' dir='ltr' id='par_1_73' title="bbox 2132 2845 3710 2920">
     <span class='ocr_line' id='line_1_73' title="bbox 2132 2845 3710 2920; baseline -0.003 -18"><span class='ocrx_word' id='word_1_554' title='bbox 2132 2849 2208 2920; x_wconf 82' lang='grc' dir='ltr'>μὴ</span> <span class='ocrx_word' id='word_1_555' title='bbox 2247 2848 2555 2917; x_wconf 80' lang='grc' dir='ltr'>ποιμαίνειν</span> <span class='ocrx_word' id='word_1_556' title='bbox 2603 2847 2786 2920; x_wconf 80' lang='grc' dir='ltr'>φησίν.</span> <span class='ocrx_word' id='word_1_557' title='bbox 2823 2847 2912 2900; x_wconf 88' lang='grc' dir='ltr'>Ἐν</span> <span class='ocrx_word' id='word_1_558' title='bbox 2965 2847 3023 2900; x_wconf 83' lang='grc' dir='ltr'><strong>δὲ</strong></span> <span class='ocrx_word' id='word_1_559' title='bbox 3081 2845 3179 2916; x_wconf 84' lang='grc' dir='ltr'>τῷ,</span> <span class='ocrx_word' id='word_1_560' title='bbox 3219 2863 3240 2897; x_wconf 80' lang='grc' dir='ltr'><strong>ι</strong></span> <span class='ocrx_word' id='word_1_561' title='bbox 3282 2845 3441 2918; x_wconf 73' lang='grc' dir='ltr'>[Καὶ]</span> <span class='ocrx_word' id='word_1_562' title='bbox 3466 2862 3710 2916; x_wconf 77' lang='grc' dir='ltr'>φανερω-</span> 
     </span>
    </p>
   </div>
   <div class='ocr_carea' id='block_1_74' title="bbox 2131 2936 3712 3010">
    <p class='ocr_par' dir='ltr' id='par_1_74' title="bbox 2131 2936 3712 3010">
     <span class='ocr_line' id='line_1_74' title="bbox 2131 2936 3712 3010; baseline -0.004 -14"><span class='ocrx_word' id='word_1_563' title='bbox 2131 2942 2313 3004; x_wconf 79' lang='grc' dir='ltr'>θέντος</span> <span class='ocrx_word' id='word_1_564' title='bbox 2338 2941 2432 2995; x_wconf 76' lang='grc' dir='ltr'>τοῦ</span> <span class='ocrx_word' id='word_1_565' title='bbox 2477 2938 2907 3010; x_wconf 84' lang='grc' dir='ltr'>’Λρχιποίμενος,</span> <span class='ocrx_word' id='word_1_566' title='bbox 2957 2957 2975 2990; x_wconf 77' lang='grc' dir='ltr'>ι</span> <span class='ocrx_word' id='word_1_567' title='bbox 3001 2940 3048 3002; x_wconf 73' lang='grc' dir='ltr'>ὁ,</span> <span class='ocrx_word' id='word_1_568' title='bbox 3085 2957 3104 2991; x_wconf 79' lang='grc' dir='ltr'><strong>ι</strong></span> <span class='ocrx_word' id='word_1_569' title='bbox 3140 2940 3269 3002; x_wconf 74' lang='grc' dir='ltr'>καὶ,</span> <span class='ocrx_word' id='word_1_570' title='bbox 3303 2957 3321 2990; x_wconf 78' lang='grc' dir='ltr'><strong>ι</strong></span> <span class='ocrx_word' id='word_1_571' title='bbox 3357 2936 3712 3006; x_wconf 67' lang='grc' dir='ltr'>αἰτιολογικὺς</span> 
     </span>
    </p>
   </div>
   <div class='ocr_carea' id='block_1_75' title="bbox 2132 3029 3696 3102">
    <p class='ocr_par' dir='ltr' id='par_1_75' title="bbox 2132 3029 3696 3102">
     <span class='ocr_line' id='line_1_75' title="bbox 2132 3029 3696 3102; baseline -0.003 -16"><span class='ocrx_word' id='word_1_572' title='bbox 2132 3033 2430 3101; x_wconf 81' lang='grc' dir='ltr'>σύνδεσμος</span> <span class='ocrx_word' id='word_1_573' title='bbox 2450 3034 2649 3096; x_wconf 84' lang='grc' dir='ltr'>κεῖται,</span> <span class='ocrx_word' id='word_1_574' title='bbox 2683 3031 2802 3084; x_wconf 74' lang='grc' dir='ltr'>ἀντὶ</span> <span class='ocrx_word' id='word_1_575' title='bbox 2837 3029 2953 3094; x_wconf 82' lang='grc' dir='ltr'>τοῦ,</span> <span class='ocrx_word' id='word_1_576' title='bbox 2977 3029 3065 3085; x_wconf 84' lang='grc' dir='ltr'><strong>ἵνα</strong></span> <span class='ocrx_word' id='word_1_577' title='bbox 3091 3031 3221 3102; x_wconf 80' lang='grc' dir='ltr'>γὰρ,</span> <span class='ocrx_word' id='word_1_578' title='bbox 3257 3030 3374 3084; x_wconf 76' lang='grc' dir='ltr'>ἐστι</span> <span class='ocrx_word' id='word_1_579' title='bbox 3393 3031 3506 3095; x_wconf 84' lang='grc' dir='ltr'>τὸ,ι</span> <span class='ocrx_word' id='word_1_580' title='bbox 3531 3031 3648 3093; x_wconf 76' lang='grc' dir='ltr'>καὶ,</span> <span class='ocrx_word' id='word_1_581' title='bbox 3675 3047 3696 3082; x_wconf 74' lang='grc' dir='ltr'><strong>ι</strong></span> 
     </span>
    </p>
   </div>
   <div class='ocr_carea' id='block_1_76' title="bbox 2133 3118 3719 3195">
    <p class='ocr_par' dir='ltr' id='par_1_76' title="bbox 2133 3118 3719 3195">
     <span class='ocr_line' id='line_1_76' title="bbox 2133 3118 3719 3195; baseline -0.003 -19"><span class='ocrx_word' id='word_1_582' title='bbox 2133 3123 2222 3177; x_wconf 81' lang='grc' dir='ltr'>ἵνα</span> <span class='ocrx_word' id='word_1_583' title='bbox 2287 3141 2306 3174; x_wconf 81' lang='grc' dir='ltr'><strong>ι</strong></span> <span class='ocrx_word' id='word_1_584' title='bbox 2335 3124 2738 3195; x_wconf 78' lang='grc' dir='ltr'>φανερωθέντος</span> <span class='ocrx_word' id='word_1_585' title='bbox 2773 3121 2869 3176; x_wconf 80' lang='grc' dir='ltr'>τοῦ</span> <span class='ocrx_word' id='word_1_586' title='bbox 2933 3118 3366 3194; x_wconf 80' lang='grc' dir='ltr'>Ἀρχιποίμενος,</span> <span class='ocrx_word' id='word_1_587' title='bbox 3434 3121 3719 3193; x_wconf 73' lang='grc' dir='ltr'>κομιεῖσθε,</span> 
     </span>
    </p>
   </div>
   <div class='ocr_carea' id='block_1_77' title="bbox 2131 3214 3714 3286">
    <p class='ocr_par' dir='ltr' id='par_1_77' title="bbox 2131 3214 3714 3286">
     <span class='ocr_line' id='line_1_77' title="bbox 2131 3214 3714 3286; baseline -0.002 -17"><span class='ocrx_word' id='word_1_588' title='bbox 2131 3215 2224 3269; x_wconf 82' lang='grc' dir='ltr'><strong>τὸν</strong></span> <span class='ocrx_word' id='word_1_589' title='bbox 2251 3233 2269 3266; x_wconf 72' lang='grc' dir='ltr'>ι</span> <span class='ocrx_word' id='word_1_590' title='bbox 2297 3218 2396 3286; x_wconf 67' lang='grc' dir='ltr'><strong>τῆς</strong></span> <span class='ocrx_word' id='word_1_591' title='bbox 2430 3214 2739 3286; x_wconf 79' lang='grc' dir='ltr'>ἀφθαρσίας</span> <span class='ocrx_word' id='word_1_592' title='bbox 2775 3234 2795 3267; x_wconf 75' lang='grc' dir='ltr'>ι</span> <span class='ocrx_word' id='word_1_593' title='bbox 2821 3215 3103 3284; x_wconf 82' lang='grc' dir='ltr'>στέφανον.</span> <span class='ocrx_word' id='word_1_594' title='bbox 3137 3233 3261 3266; x_wconf 78' lang='grc' dir='ltr'><strong>ι-ι</strong></span> <span class='ocrx_word' id='word_1_595' title='bbox 3297 3215 3504 3279; x_wconf 84' lang='grc' dir='ltr'>Πάντες</span> <span class='ocrx_word' id='word_1_596' title='bbox 3534 3214 3590 3268; x_wconf 81' lang='grc' dir='ltr'>δὲ</span> <span class='ocrx_word' id='word_1_597' title='bbox 3619 3215 3714 3268; x_wconf 78' lang='grc' dir='ltr'>ἀλ-</span> 
     </span>
    </p>
   </div>
   <div class='ocr_carea' id='block_1_78' title="bbox 2129 3307 3718 3380">
    <p class='ocr_par' dir='ltr' id='par_1_78' title="bbox 2129 3307 3718 3380">
     <span class='ocr_line' id='line_1_78' title="bbox 2129 3307 3718 3380; baseline -0.001 -18"><span class='ocrx_word' id='word_1_598' title='bbox 2129 3308 2313 3379; x_wconf 87' lang='grc' dir='ltr'>λήλοις</span> <span class='ocrx_word' id='word_1_599' title='bbox 2346 3309 2799 3379; x_wconf 79' lang='grc' dir='ltr'>ὑποτασσόμενοι,</span> <span class='ocrx_word' id='word_1_600' title='bbox 2829 3308 2929 3380; x_wconf 79' lang='grc' dir='ltr'>τὴν</span> <span class='ocrx_word' id='word_1_601' title='bbox 2959 3307 3464 3378; x_wconf 70' lang='grc' dir='ltr'>ταπεινοφροσύνην</span> <span class='ocrx_word' id='word_1_602' title='bbox 3520 3308 3718 3377; x_wconf 70' lang='grc' dir='ltr'>ἐγκομ-</span> 
     </span>
    </p>
   </div>
   <div class='ocr_carea' id='block_1_79' title="bbox 2133 3399 3716 3471">
    <p class='ocr_par' dir='ltr' id='par_1_79' title="bbox 2133 3399 3716 3471">
     <span class='ocr_line' id='line_1_79' title="bbox 2133 3399 3716 3471; baseline 0 -19"><span class='ocrx_word' id='word_1_603' title='bbox 2133 3399 2383 3453; x_wconf 87' lang='grc' dir='ltr'>6ώσασοε</span> <span class='ocrx_word' id='word_1_604' title='bbox 2415 3417 2430 3433; x_wconf 77' lang='grc' dir='ltr'><strong><em>ο</em></strong></span> <span class='ocrx_word' id='word_1_605' title='bbox 2489 3401 2572 3455; x_wconf 83' lang='grc' dir='ltr'><strong>ὅτι</strong></span> <span class='ocrx_word' id='word_1_606' title='bbox 2626 3401 2655 3454; x_wconf 86' lang='grc' dir='ltr'>ὁ</span> <span class='ocrx_word' id='word_1_607' title='bbox 2717 3401 2850 3465; x_wconf 74' lang='grc' dir='ltr'>Θεὸς</span> <span class='ocrx_word' id='word_1_608' title='bbox 2894 3400 3267 3471; x_wconf 65' lang='grc' dir='ltr'>ὑπερηφάνοις</span> <span class='ocrx_word' id='word_1_609' title='bbox 3311 3399 3716 3466; x_wconf 77' lang='grc' dir='ltr'>ἀντιτάσσεται,</span> 
     </span>
    </p>
   </div>
   <div class='ocr_carea' id='block_1_80' title="bbox 2129 3491 3712 3563">
    <p class='ocr_par' dir='ltr' id='par_1_80' title="bbox 2129 3491 3712 3563">
     <span class='ocr_line' id='line_1_80' title="bbox 2129 3491 3712 3563; baseline -0.001 -19"><span class='ocrx_word' id='word_1_610' title='bbox 2129 3493 2409 3555; x_wconf 81' lang='grc' dir='ltr'>ταπεινοῖς</span> <span class='ocrx_word' id='word_1_611' title='bbox 2437 3491 2494 3545; x_wconf 83' lang='grc' dir='ltr'>δὲ</span> <span class='ocrx_word' id='word_1_612' title='bbox 2525 3491 2710 3545; x_wconf 86' lang='grc' dir='ltr'>δίδωσι</span> <span class='ocrx_word' id='word_1_613' title='bbox 2743 3493 2920 3563; x_wconf 81' lang='grc' dir='ltr'>χάριν.</span> <span class='ocrx_word' id='word_1_614' title='bbox 2959 3511 2980 3544; x_wconf 73' lang='grc' dir='ltr'><strong>ι</strong></span> <span class='ocrx_word' id='word_1_615' title='bbox 3005 3493 3099 3557; x_wconf 79' lang='grc' dir='ltr'>Τὸ,</span> <span class='ocrx_word' id='word_1_616' title='bbox 3138 3511 3157 3544; x_wconf 80' lang='grc' dir='ltr'><strong>ι</strong></span> <span class='ocrx_word' id='word_1_617' title='bbox 3197 3491 3712 3560; x_wconf 76' lang='grc' dir='ltr'>Ἑγκομὸώσασθε,ι</span> 
     </span>
    </p>
   </div>
   <div class='ocr_carea' id='block_1_81' title="bbox 2133 3581 3719 3655">
    <p class='ocr_par' dir='ltr' id='par_1_81' title="bbox 2133 3581 3719 3655">
     <span class='ocr_line' id='line_1_81' title="bbox 2133 3581 3719 3655; baseline 0 -20"><span class='ocrx_word' id='word_1_618' title='bbox 2133 3582 2253 3635; x_wconf 78' lang='grc' dir='ltr'>ἀντὶ</span> <span class='ocrx_word' id='word_1_619' title='bbox 2274 3581 2388 3645; x_wconf 77' lang='grc' dir='ltr'>τοῦ,</span> <span class='ocrx_word' id='word_1_620' title='bbox 2410 3583 2782 3654; x_wconf 80' lang='grc' dir='ltr'>ὲνειλήσασθε,</span> <span class='ocrx_word' id='word_1_621' title='bbox 2809 3583 3169 3655; x_wconf 76' lang='grc' dir='ltr'>περιϐάλεσθε</span> <span class='ocrx_word' id='word_1_622' title='bbox 3201 3600 3219 3617; x_wconf 79' lang='grc' dir='ltr'><strong>ο</strong></span> <span class='ocrx_word' id='word_1_623' title='bbox 3272 3583 3310 3655; x_wconf 74' lang='grc' dir='ltr'>ἢ</span> <span class='ocrx_word' id='word_1_624' title='bbox 3361 3581 3719 3645; x_wconf 77' lang='grc' dir='ltr'>ἀναϐάλεσθε,</span> 
     </span>
    </p>
   </div>
   <div class='ocr_carea' id='block_1_82' title="bbox 2133 3671 2546 3726">
    <p class='ocr_par' dir='ltr' id='par_1_82' title="bbox 2133 3671 2546 3726">
     <span class='ocr_line' id='line_1_82' title="bbox 2133 3671 2546 3726; baseline 0.002 -1"><span class='ocrx_word' id='word_1_625' title='bbox 2133 3671 2546 3726; x_wconf 81' lang='grc' dir='ltr'>ἀναστείλασθε.</span> 
     </span>
    </p>
   </div>
   <div class='ocr_carea' id='block_1_83' title="bbox 2213 3848 3719 3928">
    <p class='ocr_par' dir='ltr' id='par_1_83' title="bbox 2213 3848 3719 3928">
     <span class='ocr_line' id='line_1_83' title="bbox 2213 3848 3719 3928; baseline -0.001 -17"><span class='ocrx_word' id='word_1_626' title='bbox 2213 3877 2231 3911; x_wconf 83' lang='grc' dir='ltr'><strong>ι</strong></span> <span class='ocrx_word' id='word_1_627' title='bbox 2273 3855 2660 3928; x_wconf 87' lang='grc' dir='ltr'>Ταπεινώθητε</span> <span class='ocrx_word' id='word_1_628' title='bbox 2680 3848 2773 3910; x_wconf 71' lang='grc' dir='ltr'>οὖν</span> <span class='ocrx_word' id='word_1_629' title='bbox 2803 3855 2908 3910; x_wconf 79' lang='grc' dir='ltr'><strong>ὑπδ</strong></span> <span class='ocrx_word' id='word_1_630' title='bbox 2959 3856 3058 3928; x_wconf 79' lang='grc' dir='ltr'>τὴν</span> <span class='ocrx_word' id='word_1_631' title='bbox 3107 3857 3376 3927; x_wconf 87' lang='grc' dir='ltr'>κραταιάν</span> <span class='ocrx_word' id='word_1_632' title='bbox 3419 3859 3578 3927; x_wconf 82' lang='grc' dir='ltr'>χεῖρα</span> <span class='ocrx_word' id='word_1_633' title='bbox 3623 3857 3719 3909; x_wconf 75' lang='grc' dir='ltr'><strong>τοῦ</strong></span> 
     </span>
    </p>
   </div>
   <div class='ocr_carea' id='block_1_84' title="bbox 2135 3947 3723 4021">
    <p class='ocr_par' dir='ltr' id='par_1_84' title="bbox 2135 3947 3723 4021">
     <span class='ocr_line' id='line_1_84' title="bbox 2135 3947 3723 4021; baseline -0.003 -17"><span class='ocrx_word' id='word_1_634' title='bbox 2135 3950 2296 4015; x_wconf 78' lang='grc' dir='ltr'>θεοῦ,</span> <span class='ocrx_word' id='word_1_635' title='bbox 2332 3952 2420 4004; x_wconf 85' lang='grc' dir='ltr'>ἶνα</span> <span class='ocrx_word' id='word_1_636' title='bbox 2447 3949 2637 4021; x_wconf 79' lang='grc' dir='ltr'>ὑψώσῃ</span> <span class='ocrx_word' id='word_1_637' title='bbox 2662 3951 2812 4020; x_wconf 81' lang='grc' dir='ltr'>ὑμᾶς</span> <span class='ocrx_word' id='word_1_638' title='bbox 2859 3951 2919 4003; x_wconf 76' lang='grc' dir='ltr'>ὲν</span> <span class='ocrx_word' id='word_1_639' title='bbox 2939 3947 3138 4020; x_wconf 83' lang='grc' dir='ltr'>καιρῷ,</span> <span class='ocrx_word' id='word_1_640' title='bbox 3193 3951 3374 4003; x_wconf 81' lang='grc' dir='ltr'>πᾶσαν</span> <span class='ocrx_word' id='word_1_641' title='bbox 3420 3949 3520 4018; x_wconf 81' lang='grc' dir='ltr'>τὴν</span> <span class='ocrx_word' id='word_1_642' title='bbox 3565 3947 3723 4018; x_wconf 74' lang='grc' dir='ltr'>μέρι-</span> 
     </span>
    </p>
   </div>
   <div class='ocr_carea' id='block_1_85' title="bbox 2140 4039 3722 4114">
    <p class='ocr_par' dir='ltr' id='par_1_85' title="bbox 2140 4039 3722 4114">
     <span class='ocr_line' id='line_1_85' title="bbox 2140 4039 3722 4114; baseline -0.004 -18"><span class='ocrx_word' id='word_1_643' title='bbox 2140 4059 2278 4112; x_wconf 85' lang='grc' dir='ltr'>μναν</span> <span class='ocrx_word' id='word_1_644' title='bbox 2307 4041 2461 4111; x_wconf 85' lang='grc' dir='ltr'>ὑμῶν</span> <span class='ocrx_word' id='word_1_645' title='bbox 2488 4041 2876 4114; x_wconf 71' lang='grc' dir='ltr'>ὲπιρρίψαντες</span> <span class='ocrx_word' id='word_1_646' title='bbox 2899 4043 2986 4094; x_wconf 74' lang='grc' dir='ltr'><strong>ἐπ’</strong></span> <span class='ocrx_word' id='word_1_647' title='bbox 3008 4041 3190 4110; x_wconf 77' lang='grc' dir='ltr'>αὑτὸν,</span> <span class='ocrx_word' id='word_1_648' title='bbox 3212 4041 3294 4095; x_wconf 83' lang='grc' dir='ltr'>ὅτι</span> <span class='ocrx_word' id='word_1_649' title='bbox 3356 4040 3508 4112; x_wconf 83' lang='grc' dir='ltr'>αὑτῷ</span> <span class='ocrx_word' id='word_1_650' title='bbox 3569 4039 3722 4112; x_wconf 80' lang='grc' dir='ltr'>μέλει</span> 
     </span>
    </p>
   </div>
   <div class='ocr_carea' id='block_1_86' title="bbox 2138 4133 3726 4206">
    <p class='ocr_par' dir='ltr' id='par_1_86' title="bbox 2138 4133 3726 4206">
     <span class='ocr_line' id='line_1_86' title="bbox 2138 4133 3726 4206; baseline -0.003 -18"><span class='ocrx_word' id='word_1_651' title='bbox 2138 4136 2270 4206; x_wconf 74' lang='grc' dir='ltr'>περὶ</span> <span class='ocrx_word' id='word_1_652' title='bbox 2305 4136 2480 4204; x_wconf 79' lang='grc' dir='ltr'>ὑμῶν.</span> <span class='ocrx_word' id='word_1_653' title='bbox 2518 4154 2536 4186; x_wconf 76' lang='grc' dir='ltr'>ι</span> <span class='ocrx_word' id='word_1_654' title='bbox 2578 4164 2642 4174; x_wconf 93' lang='grc'><strong><em>-</em></strong></span> <span class='ocrx_word' id='word_1_655' title='bbox 2690 4155 2708 4185; x_wconf 75' lang='grc' dir='ltr'>ι</span> <span class='ocrx_word' id='word_1_656' title='bbox 2732 4133 2944 4205; x_wconf 69' lang='lat' dir='ltr'><strong>Kmpr</strong></span> <span class='ocrx_word' id='word_1_657' title='bbox 2979 4152 2997 4185; x_wconf 71' lang='grc' dir='ltr'>ι</span> <span class='ocrx_word' id='word_1_658' title='bbox 3033 4133 3126 4186; x_wconf 83' lang='grc' dir='ltr'><strong>τὸν</strong></span> <span class='ocrx_word' id='word_1_659' title='bbox 3179 4133 3489 4204; x_wconf 81' lang='grc' dir='ltr'>ἐπιτήδειόν</span> <span class='ocrx_word' id='word_1_660' title='bbox 3537 4149 3726 4202; x_wconf 77' lang='grc' dir='ltr'>φησιν,</span> 
     </span>
    </p>
   </div>
   <div class='ocr_carea' id='block_1_87' title="bbox 2138 4223 3724 4294">
    <p class='ocr_par' dir='ltr' id='par_1_87' title="bbox 2138 4223 3724 4294">
     <span class='ocr_line' id='line_1_87' title="bbox 2138 4223 3724 4294; baseline -0.004 -12"><span class='ocrx_word' id='word_1_661' title='bbox 2138 4229 2214 4292; x_wconf 88' lang='grc' dir='ltr'>ὡς</span> <span class='ocrx_word' id='word_1_662' title='bbox 2235 4228 2376 4282; x_wconf 74' lang='grc' dir='ltr'><strong>καὶὸ</strong></span> <span class='ocrx_word' id='word_1_663' title='bbox 2407 4227 2571 4281; x_wconf 79' lang='grc' dir='ltr'>Δαϐίδ</span> <span class='ocrx_word' id='word_1_664' title='bbox 2605 4242 2630 4259; x_wconf 87' lang='grc'><strong>·-</strong></span> <span class='ocrx_word' id='word_1_665' title='bbox 2685 4246 2704 4278; x_wconf 81' lang='grc' dir='ltr'>ι</span> <span class='ocrx_word' id='word_1_666' title='bbox 2743 4227 2808 4280; x_wconf 83' lang='grc' dir='ltr'><em>Ὃ</em></span> <span class='ocrx_word' id='word_1_667' title='bbox 2838 4227 2931 4278; x_wconf 78' lang='grc' dir='ltr'><strong>τὸν</strong></span> <span class='ocrx_word' id='word_1_668' title='bbox 2957 4225 3172 4294; x_wconf 70' lang='grc' dir='ltr'>καρπὸν</span> <span class='ocrx_word' id='word_1_669' title='bbox 3229 4224 3397 4278; x_wconf 76' lang='grc' dir='ltr'>αὑτοῦ</span> <span class='ocrx_word' id='word_1_670' title='bbox 3453 4223 3616 4277; x_wconf 87' lang='grc' dir='ltr'>δώσει</span> <span class='ocrx_word' id='word_1_671' title='bbox 3664 4226 3724 4277; x_wconf 83' lang='grc' dir='ltr'>ὲν</span> 
     </span>
    </p>
   </div>
   <div class='ocr_carea' id='block_1_88' title="bbox 2139 4315 3718 4391">
    <p class='ocr_par' dir='ltr' id='par_1_88' title="bbox 2139 4315 3718 4391">
     <span class='ocr_line' id='line_1_88' title="bbox 2139 4315 3718 4391; baseline -0.006 -15"><span class='ocrx_word' id='word_1_672' title='bbox 2139 4320 2318 4391; x_wconf 86' lang='grc' dir='ltr'>καιρῷ</span> <span class='ocrx_word' id='word_1_673' title='bbox 2362 4317 2528 4374; x_wconf 80' lang='grc' dir='ltr'>αὑτοῦ</span> <span class='ocrx_word' id='word_1_674' title='bbox 2561 4334 2574 4350; x_wconf 80' lang='grc' dir='ltr'><strong>ο</strong></span> <span class='ocrx_word' id='word_1_675' title='bbox 2609 4337 2628 4371; x_wconf 78' lang='grc' dir='ltr'>ι</span> <span class='ocrx_word' id='word_1_676' title='bbox 2685 4317 3009 4389; x_wconf 83' lang='grc' dir='ltr'>πρόσκειται</span> <span class='ocrx_word' id='word_1_677' title='bbox 3043 4317 3098 4369; x_wconf 84' lang='grc' dir='ltr'>δὲ</span> <span class='ocrx_word' id='word_1_678' title='bbox 3148 4316 3230 4380; x_wconf 80' lang='grc' dir='ltr'><strong>τὸ,</strong></span> <span class='ocrx_word' id='word_1_679' title='bbox 3263 4335 3282 4368; x_wconf 82' lang='grc' dir='ltr'><strong>ι</strong></span> <span class='ocrx_word' id='word_1_680' title='bbox 3328 4317 3386 4370; x_wconf 78' lang='grc' dir='ltr'>ἐν</span> <span class='ocrx_word' id='word_1_681' title='bbox 3447 4315 3624 4386; x_wconf 77' lang='grc' dir='ltr'>καιρῷ</span> <span class='ocrx_word' id='word_1_682' title='bbox 3649 4331 3662 4346; x_wconf 88' lang='grc'><strong>·</strong></span> <span class='ocrx_word' id='word_1_683' title='bbox 3701 4335 3718 4366; x_wconf 78' lang='grc' dir='ltr'>ι</span> 
     </span>
    </p>
   </div>
   <div class='ocr_carea' id='block_1_89' title="bbox 2142 4404 3721 4483">
    <p class='ocr_par' dir='ltr' id='par_1_89' title="bbox 2142 4404 3721 4483">
     <span class='ocr_line' id='line_1_89' title="bbox 2142 4404 3721 4483; baseline -0.003 -20"><span class='ocrx_word' id='word_1_684' title='bbox 2142 4411 2278 4483; x_wconf 73' lang='grc' dir='ltr'>πρὸς</span> <span class='ocrx_word' id='word_1_685' title='bbox 2296 4410 2404 4478; x_wconf 82' lang='grc' dir='ltr'><strong>γὰρ</strong></span> <span class='ocrx_word' id='word_1_686' title='bbox 2429 4407 2528 4479; x_wconf 80' lang='grc' dir='ltr'><strong>τὴν</strong></span> <span class='ocrx_word' id='word_1_687' title='bbox 2564 4407 2622 4460; x_wconf 77' lang='grc' dir='ltr'>ὲν</span> <span class='ocrx_word' id='word_1_688' title='bbox 2640 4407 2718 4478; x_wconf 79' lang='grc' dir='ltr'>τῷ</span> <span class='ocrx_word' id='word_1_689' title='bbox 2762 4406 3012 4478; x_wconf 80' lang='grc' dir='ltr'>μέλλοντι</span> <span class='ocrx_word' id='word_1_690' title='bbox 3066 4406 3225 4461; x_wconf 85' lang='grc' dir='ltr'>αἰῶνι</span> <span class='ocrx_word' id='word_1_691' title='bbox 3274 4404 3483 4475; x_wconf 54' lang='grc' dir='ltr'>ὔύωσιν</span> <span class='ocrx_word' id='word_1_692' title='bbox 3546 4424 3721 4476; x_wconf 83' lang='grc' dir='ltr'>παρα-</span> 
     </span>
    </p>
   </div>
   <div class='ocr_carea' id='block_1_90' title="bbox 2140 4494 3721 4574">
    <p class='ocr_par' dir='ltr' id='par_1_90' title="bbox 2140 4494 3721 4574">
     <span class='ocr_line' id='line_1_90' title="bbox 2140 4494 3721 4574; baseline -0.003 -17"><span class='ocrx_word' id='word_1_693' title='bbox 2140 4505 2440 4574; x_wconf 84' lang='grc' dir='ltr'>πέμπεται,</span> <span class='ocrx_word' id='word_1_694' title='bbox 2469 4502 2592 4571; x_wconf 74' lang='grc' dir='ltr'>ῆτις</span> <span class='ocrx_word' id='word_1_695' title='bbox 2613 4501 2706 4554; x_wconf 66' lang='grc' dir='ltr'><strong>καί¹</strong></span> <span class='ocrx_word' id='word_1_696' title='bbox 2757 4501 2920 4572; x_wconf 69' lang='grc' dir='ltr'>[μόνη</span> <span class='ocrx_word' id='word_1_697' title='bbox 2949 4494 3181 4570; x_wconf 77' lang='grc' dir='ltr'>ὑψωσις]</span> <span class='ocrx_word' id='word_1_698' title='bbox 3232 4500 3310 4561; x_wconf 86' lang='grc' dir='ltr'><strong>ώς</strong></span> <span class='ocrx_word' id='word_1_699' title='bbox 3363 4499 3721 4562; x_wconf 74' lang='grc' dir='ltr'>ἀναλλοίωτος</span> 
     </span>
    </p>
   </div>
   <div class='ocr_carea' id='block_1_91' title="bbox 460 4590 2025 4677">
    <p class='ocr_par' dir='ltr' id='par_1_91' title="bbox 460 4595 2025 4668">
     <span class='ocr_line' id='line_1_91' title="bbox 460 4595 2025 4668; baseline 0.004 -22"><span class='ocrx_word' id='word_1_700' title='bbox 460 4595 748 4657; x_wconf 81' lang='lat' dir='ltr'><strong>habenda;</strong></span> <span class='ocrx_word' id='word_1_701' title='bbox 783 4611 904 4664; x_wconf 74' lang='lat' dir='ltr'><strong>qua:</strong></span> <span class='ocrx_word' id='word_1_702' title='bbox 946 4597 1061 4650; x_wconf 89' lang='lat' dir='ltr'><strong>sola</strong></span> <span class='ocrx_word' id='word_1_703' title='bbox 1094 4596 1441 4650; x_wconf 86' lang='lat' dir='ltr'><strong>iuvariabilis</strong></span> <span class='ocrx_word' id='word_1_704' title='bbox 1493 4613 1556 4651; x_wconf 82' lang='lat' dir='ltr'><strong>ac</strong></span> <span class='ocrx_word' id='word_1_705' title='bbox 1605 4608 1868 4668; x_wconf 85' lang='lat' dir='ltr'><strong>perpetua</strong></span> <span class='ocrx_word' id='word_1_706' title='bbox 1927 4608 2025 4654; x_wconf 88' lang='lat' dir='ltr'><strong>est.</strong></span> 
     </span>
    </p>
   </div>
   <div class='ocr_carea' id='block_1_92' title="bbox 2130 4590 3718 4677">
    <p class='ocr_par' dir='ltr' id='par_1_92' title="bbox 2143 4590 3718 4661">
     <span class='ocr_line' id='line_1_92' title="bbox 2143 4590 3718 4661; baseline -0.003 -13"><span class='ocrx_word' id='word_1_707' title='bbox 2143 4595 2235 4649; x_wconf 71' lang='grc' dir='ltr'><strong>καλ⁸</strong></span> <span class='ocrx_word' id='word_1_708' title='bbox 2256 4593 2652 4655; x_wconf 71' lang='grc' dir='ltr'>διαιωνίζουσα.</span> <span class='ocrx_word' id='word_1_709' title='bbox 2683 4593 2748 4645; x_wconf 86' lang='grc' dir='ltr'><strong>Ἦ</strong></span> <span class='ocrx_word' id='word_1_710' title='bbox 2777 4593 2884 4661; x_wconf 70' lang='grc' dir='ltr'><strong>γὰρ</strong></span> <span class='ocrx_word' id='word_1_711' title='bbox 2910 4590 3144 4646; x_wconf 79' lang='grc' dir='ltr'>ἐνταῦθα</span> <span class='ocrx_word' id='word_1_712' title='bbox 3174 4592 3381 4661; x_wconf 70' lang='grc' dir='ltr'>ὑψωσις</span> <span class='ocrx_word' id='word_1_713' title='bbox 3409 4593 3509 4645; x_wconf 83' lang='grc' dir='ltr'><strong>οὑκ</strong></span> <span class='ocrx_word' id='word_1_714' title='bbox 3545 4594 3718 4660; x_wconf 71' lang='grc' dir='ltr'>ἀσφα-</span> 
     </span>
    </p>
   </div>
   <div class='ocr_carea' id='block_1_93' title="bbox 463 4685 2039 4755">
    <p class='ocr_par' dir='ltr' id='par_1_93' title="bbox 463 4685 2039 4755">
     <span class='ocr_line' id='line_1_93' title="bbox 463 4685 2039 4755; baseline 0.006 -19"><span class='ocrx_word' id='word_1_715' title='bbox 463 4685 734 4740; x_wconf 79' lang='lat' dir='ltr'><strong>Exaltatio</strong></span> <span class='ocrx_word' id='word_1_716' title='bbox 757 4701 1012 4755; x_wconf 87' lang='lat' dir='ltr'><strong>namque,</strong></span> <span class='ocrx_word' id='word_1_717' title='bbox 1045 4703 1166 4755; x_wconf 74' lang='lat' dir='ltr'><strong>quae</strong></span> <span class='ocrx_word' id='word_1_718' title='bbox 1186 4689 1238 4741; x_wconf 82' lang='grc' dir='ltr'><strong>ξιι</strong></span> <span class='ocrx_word' id='word_1_719' title='bbox 1259 4687 1363 4742; x_wconf 93' lang='lat' dir='ltr'><strong>hoc</strong></span> <span class='ocrx_word' id='word_1_720' title='bbox 1385 4690 1585 4743; x_wconf 64' lang='lat' dir='ltr'><strong>saeculo</strong></span> <span class='ocrx_word' id='word_1_721' title='bbox 1614 4690 1912 4754; x_wconf 85' lang='lat' dir='ltr'><strong>obtinetur,</strong></span> <span class='ocrx_word' id='word_1_722' title='bbox 1939 4705 2039 4746; x_wconf 89' lang='lat' dir='ltr'><strong>nec</strong></span> 
     </span>
    </p>
   </div>
   <div class='ocr_carea' id='block_1_94' title="bbox 461 4780 2036 4852">
    <p class='ocr_par' dir='ltr' id='par_1_94' title="bbox 461 4780 2036 4852">
     <span class='ocr_line' id='line_1_94' title="bbox 461 4780 2036 4852; baseline 0.003 -20"><span class='ocrx_word' id='word_1_723' title='bbox 461 4791 684 4842; x_wconf 66' lang='grc' dir='ltr'>εοειιιιι,</span> <span class='ocrx_word' id='word_1_724' title='bbox 715 4794 892 4846; x_wconf 76' lang='lat' dir='ltr'><strong>nequc</strong></span> <span class='ocrx_word' id='word_1_725' title='bbox 910 4780 1126 4834; x_wconf 79' lang='lat' dir='ltr'><strong>stabilis</strong></span> <span class='ocrx_word' id='word_1_726' title='bbox 1155 4789 1236 4835; x_wconf 87' lang='lat' dir='ltr'><strong>est</strong></span> <span class='ocrx_word' id='word_1_727' title='bbox 1262 4797 1278 4845; x_wconf 84' lang='lat'><strong>;</strong></span> <span class='ocrx_word' id='word_1_728' title='bbox 1309 4781 1509 4850; x_wconf 77' lang='lat' dir='ltr'><strong>quippe</strong></span> <span class='ocrx_word' id='word_1_729' title='bbox 1535 4797 1656 4849; x_wconf 71' lang='lat' dir='ltr'><strong>qure</strong></span> <span class='ocrx_word' id='word_1_730' title='bbox 1677 4782 1840 4836; x_wconf 89' lang='lat' dir='ltr'><strong>citius</strong></span> <span class='ocrx_word' id='word_1_731' title='bbox 1872 4796 2036 4852; x_wconf 88' lang='lat' dir='ltr'><strong>quam</strong></span> 
     </span>
    </p>
   </div>
   <div class='ocr_carea' id='block_1_95' title="bbox 464 4857 2038 4929">
    <p class='ocr_par' dir='ltr' id='par_1_95' title="bbox 464 4857 2038 4929">
     <span class='ocr_line' id='line_1_95' title="bbox 464 4857 2038 4929; baseline 0.004 -7"><span class='ocrx_word' id='word_1_732' title='bbox 464 4868 709 4928; x_wconf 80' lang='lat' dir='ltr'><strong>advenit.</strong></span> <span class='ocrx_word' id='word_1_733' title='bbox 745 4874 1041 4926; x_wconf 84' lang='lat' dir='ltr'><strong>evanescit.</strong></span> <span class='ocrx_word' id='word_1_734' title='bbox 1079 4873 1148 4924; x_wconf 83' lang='lat' dir='ltr'><strong>At</strong></span> <span class='ocrx_word' id='word_1_735' title='bbox 1183 4873 1490 4928; x_wconf 87' lang='lat' dir='ltr'><strong>humilitate</strong></span> <span class='ocrx_word' id='word_1_736' title='bbox 1527 4857 1710 4929; x_wconf 85' lang='lat' dir='ltr'><strong>veram</strong></span> <span class='ocrx_word' id='word_1_737' title='bbox 1749 4874 2038 4928; x_wconf 83' lang='lat' dir='ltr'><strong>exaltatio-</strong></span> 
     </span>
    </p>
   </div>
   <div class='ocr_carea' id='block_1_96' title="bbox 466 4963 2040 5032">
    <p class='ocr_par' dir='ltr' id='par_1_96' title="bbox 466 4963 2040 5032">
     <span class='ocr_line' id='line_1_96' title="bbox 466 4963 2040 5032; baseline 0.003 -18"><span class='ocrx_word' id='word_1_738' title='bbox 466 4974 590 5015; x_wconf 85' lang='lat' dir='ltr'><strong>nem</strong></span> <span class='ocrx_word' id='word_1_739' title='bbox 622 4964 949 5030; x_wconf 87' lang='lat' dir='ltr'><strong>comparari,</strong></span> <span class='ocrx_word' id='word_1_740' title='bbox 986 4971 1039 5017; x_wconf 88' lang='lat' dir='ltr'><strong>et</strong></span> <span class='ocrx_word' id='word_1_741' title='bbox 1065 4963 1180 5032; x_wconf 64' lang='lat' dir='ltr'><strong>ipse</strong></span> <span class='ocrx_word' id='word_1_742' title='bbox 1223 4963 1486 5020; x_wconf 87' lang='lat' dir='ltr'><strong>Dominus</strong></span> <span class='ocrx_word' id='word_1_743' title='bbox 1529 4965 1732 5019; x_wconf 88' lang='lat' dir='ltr'><strong>diserte</strong></span> <span class='ocrx_word' id='word_1_744' title='bbox 1762 4964 1924 5019; x_wconf 83' lang='lat' dir='ltr'><strong>docet</strong></span> <span class='ocrx_word' id='word_1_745' title='bbox 1955 4965 2040 5019; x_wconf 88' lang='lat' dir='ltr'><strong>his</strong></span> 
     </span>
    </p>
   </div>
   <div class='ocr_carea' id='block_1_97' title="bbox 465 5050 2043 5124">
    <p class='ocr_par' dir='ltr' id='par_1_97' title="bbox 465 5050 2043 5124">
     <span class='ocr_line' id='line_1_97' title="bbox 465 5050 2043 5124; baseline 0.004 -24"><span class='ocrx_word' id='word_1_746' title='bbox 465 5050 648 5105; x_wconf 81' lang='lat' dir='ltr'><strong>verbis</strong></span> <span class='ocrx_word' id='word_1_747' title='bbox 678 5050 724 5083; x_wconf 83' lang='grc'><strong>⁷⁸</strong></span> <span class='ocrx_word' id='word_1_748' title='bbox 764 5069 776 5103; x_wconf 94' lang='lat'><strong>:</strong></span> <span class='ocrx_word' id='word_1_749' title='bbox 827 5071 844 5104; x_wconf 85' lang='grc' dir='ltr'>ι</span> <span class='ocrx_word' id='word_1_750' title='bbox 881 5053 1082 5121; x_wconf 52' lang='grc' dir='ltr'>,Οιιιιιίε</span> <span class='ocrx_word' id='word_1_751' title='bbox 1101 5057 1192 5124; x_wconf 88' lang='grc' dir='ltr'>ιιιιί</span> <span class='ocrx_word' id='word_1_752' title='bbox 1235 5071 1296 5110; x_wconf 90' lang='lat' dir='ltr'><strong>se</strong></span> <span class='ocrx_word' id='word_1_753' title='bbox 1319 5055 1948 5120; x_wconf 71' lang='lat' dir='ltr'><strong>exaltathumiliabitur,</strong></span> <span class='ocrx_word' id='word_1_754' title='bbox 1989 5063 2043 5110; x_wconf 90' lang='lat' dir='ltr'><strong>et</strong></span> 
     </span>
    </p>
   </div>
   <div class='ocr_carea' id='block_1_98' title="bbox 463 5143 2046 5217">
    <p class='ocr_par' dir='ltr' id='par_1_98' title="bbox 463 5143 2046 5217">
     <span class='ocr_line' id='line_1_98' title="bbox 463 5143 2046 5217; baseline 0.001 -23"><span class='ocrx_word' id='word_1_755' title='bbox 463 5145 557 5212; x_wconf 82' lang='lat' dir='ltr'><strong>qui</strong></span> <span class='ocrx_word' id='word_1_756' title='bbox 585 5160 644 5198; x_wconf 87' lang='lat' dir='ltr'><strong>se</strong></span> <span class='ocrx_word' id='word_1_757' title='bbox 675 5143 922 5202; x_wconf 87' lang='lat' dir='ltr'><strong>humiliat</strong></span> <span class='ocrx_word' id='word_1_758' title='bbox 948 5146 1278 5200; x_wconf 76' lang='lat' dir='ltr'><strong>exaltabitur</strong></span> <span class='ocrx_word' id='word_1_759' title='bbox 1301 5186 1316 5200; x_wconf 94' lang='lat'><strong>.</strong></span> <span class='ocrx_word' id='word_1_760' title='bbox 1362 5165 1379 5198; x_wconf 80' lang='grc' dir='ltr'>ι</span> <span class='ocrx_word' id='word_1_761' title='bbox 1422 5146 1484 5200; x_wconf 76' lang='lat' dir='ltr'><strong>Et</strong></span> <span class='ocrx_word' id='word_1_762' title='bbox 1504 5147 1551 5177; x_wconf 84' lang='lat'>&quot;</span> <span class='ocrx_word' id='word_1_763' title='bbox 1587 5161 1600 5198; x_wconf 90' lang='lat'>:</span> <span class='ocrx_word' id='word_1_764' title='bbox 1639 5163 1660 5197; x_wconf 78' lang='grc' dir='ltr'>ι</span> <span class='ocrx_word' id='word_1_765' title='bbox 1692 5144 1750 5199; x_wconf 84' lang='lat' dir='ltr'><strong>Si</strong></span> <span class='ocrx_word' id='word_1_766' title='bbox 1781 5146 1905 5217; x_wconf 90' lang='lat' dir='ltr'><strong>quis</strong></span> <span class='ocrx_word' id='word_1_767' title='bbox 1930 5144 2046 5198; x_wconf 84' lang='lat' dir='ltr'><strong>vult</strong></span> 
     </span>
    </p>
   </div>
   <div class='ocr_carea' id='block_1_99' title="bbox 467 5235 2046 5305">
    <p class='ocr_par' dir='ltr' id='par_1_99' title="bbox 467 5235 2046 5305">
     <span class='ocr_line' id='line_1_99' title="bbox 467 5235 2046 5305; baseline 0.001 -18"><span class='ocrx_word' id='word_1_768' title='bbox 467 5237 682 5305; x_wconf 88' lang='lat' dir='ltr'><strong>primus</strong></span> <span class='ocrx_word' id='word_1_769' title='bbox 711 5251 854 5302; x_wconf 88' lang='lat' dir='ltr'><strong>esse,</strong></span> <span class='ocrx_word' id='word_1_770' title='bbox 889 5239 995 5292; x_wconf 89' lang='lat' dir='ltr'><strong>erit</strong></span> <span class='ocrx_word' id='word_1_771' title='bbox 1022 5239 1266 5293; x_wconf 88' lang='lat' dir='ltr'><strong>onmium</strong></span> <span class='ocrx_word' id='word_1_772' title='bbox 1319 5238 1674 5294; x_wconf 85' lang='lat' dir='ltr'><strong>novissimus.</strong></span> <span class='ocrx_word' id='word_1_773' title='bbox 1752 5255 1771 5288; x_wconf 76' lang='grc' dir='ltr'>ι</span> <span class='ocrx_word' id='word_1_774' title='bbox 1861 5235 2046 5290; x_wconf 87' lang='lat' dir='ltr'><strong>luuuit</strong></span> 
     </span>
    </p>
   </div>
   <div class='ocr_carea' id='block_1_100' title="bbox 466 5325 2041 5396">
    <p class='ocr_par' dir='ltr' id='par_1_100' title="bbox 466 5325 2041 5396">
     <span class='ocr_line' id='line_1_100' title="bbox 466 5325 2041 5396; baseline 0.003 -20"><span class='ocrx_word' id='word_1_775' title='bbox 466 5334 648 5379; x_wconf 75' lang='lat' dir='ltr'><strong>mutem</strong></span> <span class='ocrx_word' id='word_1_776' title='bbox 682 5341 777 5395; x_wconf 89' lang='lat' dir='ltr'><strong>per</strong></span> <span class='ocrx_word' id='word_1_777' title='bbox 829 5328 982 5390; x_wconf 91' lang='lat' dir='ltr'><strong>illud,</strong></span> <span class='ocrx_word' id='word_1_778' title='bbox 1019 5346 1037 5380; x_wconf 84' lang='grc' dir='ltr'>ι</span> <span class='ocrx_word' id='word_1_779' title='bbox 1085 5329 1138 5382; x_wconf 87' lang='lat' dir='ltr'><strong>in</strong></span> <span class='ocrx_word' id='word_1_780' title='bbox 1167 5337 1408 5396; x_wconf 87' lang='lat' dir='ltr'><strong>tempore</strong></span> <span class='ocrx_word' id='word_1_781' title='bbox 1460 5345 1582 5392; x_wconf 89' lang='lat' dir='ltr'><strong>suo,</strong></span> <span class='ocrx_word' id='word_1_782' title='bbox 1632 5345 1650 5378; x_wconf 81' lang='grc' dir='ltr'>ι</span> <span class='ocrx_word' id='word_1_783' title='bbox 1691 5334 1751 5380; x_wconf 87' lang='grc' dir='ltr'>ιιι</span> <span class='ocrx_word' id='word_1_784' title='bbox 1781 5325 2041 5389; x_wconf 81' lang='lat' dir='ltr'><strong>diximus,</strong></span> 
     </span>
    </p>
   </div>
   <div class='ocr_carea' id='block_1_101' title="bbox 470 5414 2046 5489">
    <p class='ocr_par' dir='ltr' id='par_1_101' title="bbox 470 5414 2046 5489">
     <span class='ocr_line' id='line_1_101' title="bbox 470 5414 2046 5489; baseline 0.003 -25"><span class='ocrx_word' id='word_1_785' title='bbox 470 5414 629 5465; x_wconf 87' lang='lat' dir='ltr'><strong>etiam</strong></span> <span class='ocrx_word' id='word_1_786' title='bbox 662 5416 715 5468; x_wconf 91' lang='lat' dir='ltr'><strong>iu</strong></span> <span class='ocrx_word' id='word_1_787' title='bbox 751 5414 934 5470; x_wconf 79' lang='lat' dir='ltr'><strong>futuro</strong></span> <span class='ocrx_word' id='word_1_788' title='bbox 977 5419 1181 5472; x_wconf 84' lang='lat' dir='ltr'><strong>s:eculo</strong></span> <span class='ocrx_word' id='word_1_789' title='bbox 1221 5419 1459 5489; x_wconf 84' lang='lat' dir='ltr'><strong>promitti</strong></span> <span class='ocrx_word' id='word_1_790' title='bbox 1495 5418 1794 5471; x_wconf 58' lang='lat' dir='ltr'><strong>hun&#39;iilibus</strong></span> <span class='ocrx_word' id='word_1_791' title='bbox 1839 5416 2046 5470; x_wconf 80' lang='lat' dir='ltr'><strong>exalta-</strong></span> 
     </span>
    </p>
   </div>
   <div class='ocr_carea' id='block_1_102' title="bbox 475 5502 2047 5565">
    <p class='ocr_par' dir='ltr' id='par_1_102' title="bbox 475 5502 2047 5565">
     <span class='ocr_line' id='line_1_102' title="bbox 475 5502 2047 5565; baseline 0.006 -11"><span class='ocrx_word' id='word_1_792' title='bbox 475 5502 700 5558; x_wconf 86' lang='lat' dir='ltr'><strong>tionem.</strong></span> <span class='ocrx_word' id='word_1_793' title='bbox 756 5505 1121 5563; x_wconf 83' lang='lat' dir='ltr'><strong>Stabilitatcm</strong></span> <span class='ocrx_word' id='word_1_794' title='bbox 1173 5509 1320 5564; x_wconf 90' lang='lat' dir='ltr'><strong>enim</strong></span> <span class='ocrx_word' id='word_1_795' title='bbox 1371 5519 1426 5565; x_wconf 85' lang='lat' dir='ltr'><strong>ct.</strong></span> <span class='ocrx_word' id='word_1_796' title='bbox 1474 5509 1906 5565; x_wconf 88' lang='lat' dir='ltr'><strong>inunobilitatem</strong></span> <span class='ocrx_word' id='word_1_797' title='bbox 1960 5523 2047 5564; x_wconf 84' lang='lat' dir='ltr'><strong>res</strong></span> 
     </span>
    </p>
   </div>
   <div class='ocr_carea' id='block_1_103' title="bbox 2141 4679 3722 4757">
    <p class='ocr_par' dir='ltr' id='par_1_103' title="bbox 2141 4679 3722 4757">
     <span class='ocr_line' id='line_1_103' title="bbox 2141 4679 3722 4757; baseline -0.003 -18"><span class='ocrx_word' id='word_1_798' title='bbox 2141 4687 2260 4757; x_wconf 76' lang='grc' dir='ltr'>λης,</span> <span class='ocrx_word' id='word_1_799' title='bbox 2311 4686 2433 4738; x_wconf 85' lang='grc' dir='ltr'>οὑδὲ</span> <span class='ocrx_word' id='word_1_800' title='bbox 2465 4684 2680 4756; x_wconf 77' lang='grc' dir='ltr'>βεϐαία,</span> <span class='ocrx_word' id='word_1_801' title='bbox 2721 4683 2854 4736; x_wconf 80' lang='grc' dir='ltr'><strong>άλλά</strong></span> <span class='ocrx_word' id='word_1_802' title='bbox 2898 4679 3157 4753; x_wconf 80' lang='grc' dir='ltr'>θᾶττονῆ</span> <span class='ocrx_word' id='word_1_803' title='bbox 3206 4680 3487 4752; x_wconf 69' lang='grc' dir='ltr'>ὑψωθῆναι</span> <span class='ocrx_word' id='word_1_804' title='bbox 3537 4700 3722 4736; x_wconf 83' lang='grc' dir='ltr'>ταπει-</span> 
     </span>
    </p>
   </div>
   <div class='ocr_carea' id='block_1_104' title="bbox 2141 4775 3724 4850">
    <p class='ocr_par' dir='ltr' id='par_1_104' title="bbox 2141 4775 3724 4850">
     <span class='ocr_line' id='line_1_104' title="bbox 2141 4775 3724 4850; baseline -0.005 -15"><span class='ocrx_word' id='word_1_805' title='bbox 2141 4781 2397 4850; x_wconf 78' lang='grc' dir='ltr'>νουμένη.</span> <span class='ocrx_word' id='word_1_806' title='bbox 2436 4778 2607 4849; x_wconf 86' lang='grc' dir='ltr'>Τῆσδε</span> <span class='ocrx_word' id='word_1_807' title='bbox 2643 4776 3044 4840; x_wconf 83' lang='grc' dir='ltr'>ταπεινώσεως,</span> <span class='ocrx_word' id='word_1_808' title='bbox 3099 4777 3199 4845; x_wconf 87' lang='grc' dir='ltr'>τῆς</span> <span class='ocrx_word' id='word_1_809' title='bbox 3260 4775 3319 4828; x_wconf 78' lang='grc' dir='ltr'>τὸ</span> <span class='ocrx_word' id='word_1_810' title='bbox 3358 4775 3489 4844; x_wconf 72' lang='grc' dir='ltr'>ὕψος</span> <span class='ocrx_word' id='word_1_811' title='bbox 3543 4775 3724 4828; x_wconf 79' lang='grc' dir='ltr'>ποιού-</span> 
     </span>
    </p>
   </div>
   <div class='ocr_carea' id='block_1_105' title="bbox 2143 4864 3728 4942">
    <p class='ocr_par' dir='ltr' id='par_1_105' title="bbox 2143 4864 3728 4942">
     <span class='ocr_line' id='line_1_105' title="bbox 2143 4864 3728 4942; baseline -0.006 -17"><span class='ocrx_word' id='word_1_812' title='bbox 2143 4888 2266 4942; x_wconf 79' lang='grc' dir='ltr'>σης,</span> <span class='ocrx_word' id='word_1_813' title='bbox 2287 4870 2383 4923; x_wconf 73' lang='grc' dir='ltr'><strong>καὶ</strong></span> <span class='ocrx_word' id='word_1_814' title='bbox 2413 4868 2573 4930; x_wconf 77' lang='grc' dir='ltr'>αὑτὸς</span> <span class='ocrx_word' id='word_1_815' title='bbox 2602 4867 2630 4919; x_wconf 83' lang='grc' dir='ltr'><strong>ὑ</strong></span> <span class='ocrx_word' id='word_1_816' title='bbox 2654 4866 2857 4938; x_wconf 82' lang='grc' dir='ltr'>Κύριός</span> <span class='ocrx_word' id='word_1_817' title='bbox 2886 4884 3019 4936; x_wconf 83' lang='grc' dir='ltr'>φησι</span> <span class='ocrx_word' id='word_1_818' title='bbox 3055 4880 3068 4894; x_wconf 84' lang='grc'>⁶</span> <span class='ocrx_word' id='word_1_819' title='bbox 3103 4884 3122 4917; x_wconf 82' lang='grc' dir='ltr'><strong>ι</strong></span> <span class='ocrx_word' id='word_1_820' title='bbox 3164 4866 3276 4928; x_wconf 78' lang='grc' dir='ltr'><strong>Πᾶς</strong></span> <span class='ocrx_word' id='word_1_821' title='bbox 3304 4864 3497 4933; x_wconf 71' lang='grc' dir='ltr'>ὀὺψῶν</span> <span class='ocrx_word' id='word_1_822' title='bbox 3515 4865 3728 4926; x_wconf 71' lang='grc' dir='ltr'>ἑαυτὸν,</span> 
     </span>
    </p>
   </div>
   <div class='ocr_carea' id='block_1_106' title="bbox 2146 4957 3732 5029">
    <p class='ocr_par' dir='ltr' id='par_1_106' title="bbox 2146 4957 3732 5029">
     <span class='ocr_line' id='line_1_106' title="bbox 2146 4957 3732 5029; baseline -0.005 -13"><span class='ocrx_word' id='word_1_823' title='bbox 2146 4961 2616 5029; x_wconf 79' lang='grc' dir='ltr'>ταπεινωθήσεται</span> <span class='ocrx_word' id='word_1_824' title='bbox 2649 4976 2664 4991; x_wconf 80' lang='grc'><strong><em>⁸</em></strong></span> <span class='ocrx_word' id='word_1_825' title='bbox 2699 4961 2842 5012; x_wconf 77' lang='grc' dir='ltr'><strong>καλὸ</strong></span> <span class='ocrx_word' id='word_1_826' title='bbox 2875 4959 3152 5014; x_wconf 85' lang='grc' dir='ltr'>ταπεινῶν</span> <span class='ocrx_word' id='word_1_827' title='bbox 3177 4958 3394 5022; x_wconf 83' lang='grc' dir='ltr'>ἑαυτὸν,</span> <span class='ocrx_word' id='word_1_828' title='bbox 3451 4957 3732 5026; x_wconf 60' lang='grc' dir='ltr'>ὑψωθήσε-</span> 
     </span>
    </p>
   </div>
   <div class='ocr_carea' id='block_1_107' title="bbox 2147 5046 3733 5121">
    <p class='ocr_par' dir='ltr' id='par_1_107' title="bbox 2147 5046 3733 5121">
     <span class='ocr_line' id='line_1_107' title="bbox 2147 5046 3733 5121; baseline -0.004 -16"><span class='ocrx_word' id='word_1_829' title='bbox 2147 5067 2240 5107; x_wconf 86' lang='grc' dir='ltr'><strong>ται</strong></span> <span class='ocrx_word' id='word_1_830' title='bbox 2280 5067 2295 5081; x_wconf 85' lang='grc'><strong>·</strong></span> <span class='ocrx_word' id='word_1_831' title='bbox 2333 5071 2351 5104; x_wconf 77' lang='grc' dir='ltr'><strong>ι</strong></span> <span class='ocrx_word' id='word_1_832' title='bbox 2384 5051 2497 5115; x_wconf 73' lang='grc' dir='ltr'>καὶ,</span> <span class='ocrx_word' id='word_1_833' title='bbox 2532 5068 2550 5101; x_wconf 86' lang='grc' dir='ltr'>ι</span> <span class='ocrx_word' id='word_1_834' title='bbox 2592 5049 2651 5104; x_wconf 90' lang='lat'><strong>&#39;0</strong></span> <span class='ocrx_word' id='word_1_835' title='bbox 2685 5049 2855 5104; x_wconf 75' lang='grc' dir='ltr'>θέλων</span> <span class='ocrx_word' id='word_1_836' title='bbox 2889 5052 2946 5103; x_wconf 81' lang='grc' dir='ltr'>ὲν</span> <span class='ocrx_word' id='word_1_837' title='bbox 2976 5051 3105 5118; x_wconf 87' lang='grc' dir='ltr'>ὑμῖν</span> <span class='ocrx_word' id='word_1_838' title='bbox 3153 5046 3295 5102; x_wconf 78' lang='grc' dir='ltr'>εἶναι</span> <span class='ocrx_word' id='word_1_839' title='bbox 3323 5049 3559 5121; x_wconf 80' lang='grc' dir='ltr'>πρῶτος,</span> <span class='ocrx_word' id='word_1_840' title='bbox 3593 5048 3733 5100; x_wconf 77' lang='grc' dir='ltr'>ἔστω</span> 
     </span>
    </p>
   </div>
   <div class='ocr_carea' id='block_1_108' title="bbox 2151 5139 3729 5213">
    <p class='ocr_par' dir='ltr' id='par_1_108' title="bbox 2151 5139 3729 5213">
     <span class='ocr_line' id='line_1_108' title="bbox 2151 5139 3729 5213; baseline -0.003 -18"><span class='ocrx_word' id='word_1_841' title='bbox 2151 5143 2370 5197; x_wconf 84' lang='grc' dir='ltr'>πάντων</span> <span class='ocrx_word' id='word_1_842' title='bbox 2391 5143 2635 5213; x_wconf 75' lang='grc' dir='ltr'>ἔσχατος.</span> <span class='ocrx_word' id='word_1_843' title='bbox 2669 5161 2686 5194; x_wconf 78' lang='grc' dir='ltr'>ι</span> <span class='ocrx_word' id='word_1_844' title='bbox 2709 5142 2963 5212; x_wconf 79' lang='grc' dir='ltr'>ᾘνίξατο</span> <span class='ocrx_word' id='word_1_845' title='bbox 2982 5141 3038 5194; x_wconf 80' lang='grc' dir='ltr'>δὲ</span> <span class='ocrx_word' id='word_1_846' title='bbox 3066 5141 3179 5209; x_wconf 81' lang='grc' dir='ltr'>[διὰ</span> <span class='ocrx_word' id='word_1_847' title='bbox 3197 5140 3313 5204; x_wconf 82' lang='grc' dir='ltr'>τοῦ,</span> <span class='ocrx_word' id='word_1_848' title='bbox 3345 5159 3364 5194; x_wconf 80' lang='grc' dir='ltr'><strong>ι</strong></span> <span class='ocrx_word' id='word_1_849' title='bbox 3395 5143 3451 5193; x_wconf 76' lang='grc' dir='ltr'>ὲν</span> <span class='ocrx_word' id='word_1_850' title='bbox 3473 5140 3668 5209; x_wconf 78' lang='grc' dir='ltr'>καιρῷ,</span> <span class='ocrx_word' id='word_1_851' title='bbox 3683 5139 3729 5211; x_wconf 78' lang='grc' dir='ltr'><strong>ι]</strong></span> 
     </span>
    </p>
   </div>
   <div class='ocr_carea' id='block_1_109' title="bbox 2152 5231 3730 5302">
    <p class='ocr_par' dir='ltr' id='par_1_109' title="bbox 2152 5231 3730 5302">
     <span class='ocr_line' id='line_1_109' title="bbox 2152 5231 3730 5302; baseline -0.002 -16"><span class='ocrx_word' id='word_1_852' title='bbox 2152 5231 2227 5297; x_wconf 82' lang='grc' dir='ltr'>ὡς</span> <span class='ocrx_word' id='word_1_853' title='bbox 2256 5232 2490 5301; x_wconf 71' lang='grc' dir='ltr'>ἔφημεν,</span> <span class='ocrx_word' id='word_1_854' title='bbox 2542 5232 2638 5286; x_wconf 81' lang='grc' dir='ltr'>καὶ</span> <span class='ocrx_word' id='word_1_855' title='bbox 2693 5232 2751 5286; x_wconf 82' lang='grc' dir='ltr'><strong>τὸ</strong></span> <span class='ocrx_word' id='word_1_856' title='bbox 2804 5233 2885 5295; x_wconf 83' lang='grc' dir='ltr'><strong>είς</strong></span> <span class='ocrx_word' id='word_1_857' title='bbox 2922 5232 3012 5284; x_wconf 82' lang='grc' dir='ltr'><strong>τὸν</strong></span> <span class='ocrx_word' id='word_1_858' title='bbox 3045 5232 3312 5302; x_wconf 78' lang='grc' dir='ltr'>μέλλοντα</span> <span class='ocrx_word' id='word_1_859' title='bbox 3361 5232 3533 5284; x_wconf 82' lang='grc' dir='ltr'>αἰῶνα</span> <span class='ocrx_word' id='word_1_860' title='bbox 3560 5234 3730 5298; x_wconf 76' lang='grc' dir='ltr'>ἐπαγ-</span> 
     </span>
    </p>
   </div>
   <div class='ocr_carea' id='block_1_110' title="bbox 2154 5319 3732 5393">
    <p class='ocr_par' dir='ltr' id='par_1_110' title="bbox 2154 5319 3732 5393">
     <span class='ocr_line' id='line_1_110' title="bbox 2154 5319 3732 5393; baseline -0.001 -19"><span class='ocrx_word' id='word_1_861' title='bbox 2154 5323 2444 5392; x_wconf 77' lang='grc' dir='ltr'>γέλλεσθαι</span> <span class='ocrx_word' id='word_1_862' title='bbox 2473 5323 2572 5393; x_wconf 78' lang='grc' dir='ltr'><strong>τὴν</strong></span> <span class='ocrx_word' id='word_1_863' title='bbox 2606 5322 2713 5377; x_wconf 76' lang='grc' dir='ltr'><strong>ἀπὸ</strong></span> <span class='ocrx_word' id='word_1_864' title='bbox 2738 5323 2836 5391; x_wconf 83' lang='grc' dir='ltr'>τῆς</span> <span class='ocrx_word' id='word_1_865' title='bbox 2866 5323 3246 5386; x_wconf 79' lang='grc' dir='ltr'>ταπεινώσεως</span> <span class='ocrx_word' id='word_1_866' title='bbox 3271 5319 3501 5391; x_wconf 67' lang='grc' dir='ltr'>ὕψωσιν.</span> <span class='ocrx_word' id='word_1_867' title='bbox 3543 5323 3600 5375; x_wconf 82' lang='grc' dir='ltr'>Ὀ</span> <span class='ocrx_word' id='word_1_868' title='bbox 3622 5322 3732 5391; x_wconf 67' lang='grc' dir='ltr'><strong>γὰρ</strong></span> 
     </span>
    </p>
   </div>
   <div class='ocr_carea' id='block_1_111' title="bbox 2153 5404 3730 5483">
    <p class='ocr_par' dir='ltr' id='par_1_111' title="bbox 2153 5404 3730 5483">
     <span class='ocr_line' id='line_1_111' title="bbox 2153 5404 3730 5483; baseline -0.003 -16"><span class='ocrx_word' id='word_1_869' title='bbox 2153 5414 2259 5467; x_wconf 86' lang='grc' dir='ltr'><strong>τῶν</strong></span> <span class='ocrx_word' id='word_1_870' title='bbox 2299 5413 2674 5466; x_wconf 77' lang='grc' dir='ltr'>ἀναλλοιώτων</span> <span class='ocrx_word' id='word_1_871' title='bbox 2701 5412 2892 5482; x_wconf 65' lang='grc' dir='ltr'>καιρὸς</span> <span class='ocrx_word' id='word_1_872' title='bbox 2924 5414 2981 5465; x_wconf 78' lang='grc' dir='ltr'>ἐν</span> <span class='ocrx_word' id='word_1_873' title='bbox 3002 5413 3078 5481; x_wconf 79' lang='grc' dir='ltr'>τῷ</span> <span class='ocrx_word' id='word_1_874' title='bbox 3115 5413 3361 5483; x_wconf 85' lang='grc' dir='ltr'>μέλλοντι</span> <span class='ocrx_word' id='word_1_875' title='bbox 3395 5415 3573 5468; x_wconf 71' lang='grc' dir='ltr'>αἰῶνι.</span> <span class='ocrx_word' id='word_1_876' title='bbox 3600 5404 3730 5464; x_wconf 82' lang='grc' dir='ltr'>Εἶτα</span> 
     </span>
    </p>
   </div>
   <div class='ocr_carea' id='block_1_112' title="bbox 2153 5504 3732 5577">
    <p class='ocr_par' dir='ltr' id='par_1_112' title="bbox 2153 5504 3732 5577">
     <span class='ocr_line' id='line_1_112' title="bbox 2153 5504 3732 5577; baseline -0.001 -19"><span class='ocrx_word' id='word_1_877' title='bbox 2153 5507 2214 5559; x_wconf 85' lang='grc' dir='ltr'><strong>τὸ</strong></span> <span class='ocrx_word' id='word_1_878' title='bbox 2237 5505 2354 5569; x_wconf 79' lang='grc' dir='ltr'>δέος</span> <span class='ocrx_word' id='word_1_879' title='bbox 2377 5505 2624 5574; x_wconf 72' lang='grc' dir='ltr'>ἀφαιρῶν</span> <span class='ocrx_word' id='word_1_880' title='bbox 2665 5504 2726 5557; x_wconf 80' lang='grc' dir='ltr'><strong>τὸ</strong></span> <span class='ocrx_word' id='word_1_881' title='bbox 2760 5505 2858 5567; x_wconf 60' lang='lat' dir='ltr'><strong>ti;</strong></span> <span class='ocrx_word' id='word_1_882' title='bbox 2881 5505 3289 5573; x_wconf 82' lang='grc' dir='ltr'>ταπεινώσεως,</span> <span class='ocrx_word' id='word_1_883' title='bbox 3315 5506 3449 5576; x_wconf 72' lang='grc' dir='ltr'>φησι</span> <span class='ocrx_word' id='word_1_884' title='bbox 3476 5522 3490 5537; x_wconf 82' lang='grc'><em>’</em></span> <span class='ocrx_word' id='word_1_885' title='bbox 3528 5507 3618 5577; x_wconf 72' lang='grc' dir='ltr'><strong>Μὴ</strong></span> <span class='ocrx_word' id='word_1_886' title='bbox 3647 5504 3732 5557; x_wconf 54' lang='grc' dir='ltr'><strong>δέ-</strong></span> 
     </span>
    </p>
   </div>
   <div class='ocr_carea' id='block_1_113' title="bbox 547 5659 2025 5747">
    <p class='ocr_par' dir='ltr' id='par_1_113' title="bbox 547 5659 2025 5735">
     <span class='ocr_line' id='line_1_113' title="bbox 547 5659 2025 5735; baseline 0.002 -16"><span class='ocrx_word' id='word_1_887' title='bbox 547 5665 594 5697; x_wconf 84' lang='lat'>&quot;</span> <span class='ocrx_word' id='word_1_888' title='bbox 622 5659 778 5720; x_wconf 79' lang='lat' dir='ltr'><strong>Joau.</strong></span> <span class='ocrx_word' id='word_1_889' title='bbox 806 5683 926 5734; x_wconf 77' lang='lat' dir='ltr'><strong>xm,</strong></span> <span class='ocrx_word' id='word_1_890' title='bbox 957 5667 1042 5724; x_wconf 80' lang='grc' dir='ltr'><strong>Η.</strong></span> <span class='ocrx_word' id='word_1_891' title='bbox 1119 5669 1165 5701; x_wconf 74' lang='grc'><strong>’⁸</strong></span> <span class='ocrx_word' id='word_1_892' title='bbox 1192 5666 1407 5726; x_wconf 84' lang='lat' dir='ltr'><strong>Coloss.</strong></span> <span class='ocrx_word' id='word_1_893' title='bbox 1436 5685 1516 5735; x_wconf 82' lang='grc' dir='ltr'>ιιι,</span> <span class='ocrx_word' id='word_1_894' title='bbox 1553 5669 1605 5724; x_wconf 82' lang='grc' dir='ltr'>ι.</span> <span class='ocrx_word' id='word_1_895' title='bbox 1685 5669 1728 5701; x_wconf 84' lang='grc'><strong>⁷⁷</strong></span> <span class='ocrx_word' id='word_1_896' title='bbox 1761 5669 1903 5724; x_wconf 84' lang='lat' dir='ltr'><strong>Psal.</strong></span> <span class='ocrx_word' id='word_1_897' title='bbox 1935 5683 1973 5734; x_wconf 90' lang='grc' dir='ltr'>ι,</span> <span class='ocrx_word' id='word_1_898' title='bbox 1997 5669 2025 5722; x_wconf 78' lang='grc'><strong>5</strong></span> 
     </span>
    </p>
   </div>
   <div class='ocr_carea' id='block_1_114' title="bbox 2130 5659 3447 5747">
    <p class='ocr_par' dir='ltr' id='par_1_114' title="bbox 2130 5667 3447 5747">
     <span class='ocr_line' id='line_1_114' title="bbox 2130 5667 3447 5747; baseline 0.002 -26"><span class='ocrx_word' id='word_1_899' title='bbox 2130 5668 2164 5700; x_wconf 73' lang='grc'><strong>⁷⁸</strong></span> <span class='ocrx_word' id='word_1_900' title='bbox 2190 5667 2324 5721; x_wconf 74' lang='lat' dir='ltr'><strong>Luc.</strong></span> <span class='ocrx_word' id='word_1_901' title='bbox 2360 5683 2469 5724; x_wconf 74' lang='lat' dir='ltr'><strong>xlv.</strong></span> <span class='ocrx_word' id='word_1_902' title='bbox 2513 5667 2605 5747; x_wconf 30' lang='lat' dir='ltr'><strong>ll,‘</strong></span> <span class='ocrx_word' id='word_1_903' title='bbox 2632 5679 2784 5730; x_wconf 73' lang='lat' dir='ltr'><strong>XVIII,</strong></span> <span class='ocrx_word' id='word_1_904' title='bbox 2824 5667 2907 5722; x_wconf 67' lang='lat' dir='ltr'><strong>l4.</strong></span> <span class='ocrx_word' id='word_1_905' title='bbox 2989 5670 3035 5702; x_wconf 70' lang='grc' dir='ltr'><strong>’τ’</strong></span> <span class='ocrx_word' id='word_1_906' title='bbox 3058 5667 3226 5724; x_wconf 77' lang='lat' dir='ltr'><strong>Mare.</strong></span> <span class='ocrx_word' id='word_1_907' title='bbox 3262 5669 3447 5735; x_wconf 75' lang='lat' dir='ltr'><strong>nt,5l.</strong></span> 
     </span>
    </p>
   </div>
   <div class='ocr_carea' id='block_1_115' title="bbox 1694 5791 2507 5855">
    <p class='ocr_par' dir='ltr' id='par_1_115' title="bbox 1694 5791 2507 5855">
     <span class='ocr_line' id='line_1_115' title="bbox 1694 5791 2507 5855; baseline -0.005 -3"><span class='ocrx_word' id='word_1_908' title='bbox 1694 5791 1993 5852; x_wconf 72' lang='lat' dir='ltr'><strong>Bonifztc&#39;ti</strong></span> <span class='ocrx_word' id='word_1_909' title='bbox 2040 5791 2262 5853; x_wconf 79' lang='lat' dir='ltr'><strong>Finetti</strong></span> <span class='ocrx_word' id='word_1_910' title='bbox 2313 5798 2507 5855; x_wconf 73' lang='grc' dir='ltr'>ιιιιιιε.</span> 
     </span>
    </p>
   </div>
   <div class='ocr_carea' id='block_1_116' title="bbox 551 5888 1341 5961">
    <p class='ocr_par' dir='ltr' id='par_1_116' title="bbox 551 5888 1341 5961">
     <span class='ocr_line' id='line_1_116' title="bbox 551 5888 1341 5961; baseline 0.004 -18"><span class='ocrx_word' id='word_1_911' title='bbox 551 5888 632 5961; x_wconf 79' lang='lat'><strong>(6)</strong></span> <span class='ocrx_word' id='word_1_912' title='bbox 659 5888 808 5960; x_wconf 75' lang='lat' dir='ltr'><strong>Vulg.</strong></span> <span class='ocrx_word' id='word_1_913' title='bbox 838 5889 1020 5954; x_wconf 72' lang='lat' dir='ltr'><strong>habet,</strong></span> <span class='ocrx_word' id='word_1_914' title='bbox 1059 5890 1341 5946; x_wconf 71' lang='lat' dir='ltr'><strong>insinuata.</strong></span> 
     </span>
    </p>
   </div>
   <div class='ocr_carea' id='block_1_117' title="bbox 2223 5886 3232 5961">
    <p class='ocr_par' dir='ltr' id='par_1_117' title="bbox 2223 5886 3232 5961">
     <span class='ocr_line' id='line_1_117' title="bbox 2223 5886 3232 5961; baseline 0.005 -20"><span class='ocrx_word' id='word_1_915' title='bbox 2223 5892 2301 5961; x_wconf 82' lang='lat'><strong>(7)</strong></span> <span class='ocrx_word' id='word_1_916' title='bbox 2341 5891 2518 5959; x_wconf 43' lang='grc' dir='ltr'>γωδ,</span> <span class='ocrx_word' id='word_1_917' title='bbox 2548 5891 2598 5944; x_wconf 84' lang='lat' dir='ltr'><strong>in</strong></span> <span class='ocrx_word' id='word_1_918' title='bbox 2634 5899 2858 5958; x_wconf 62' lang='lat' dir='ltr'><strong>(corpore</strong></span> <span class='ocrx_word' id='word_1_919' title='bbox 2893 5886 3232 5946; x_wconf 65' lang='lat' dir='ltr'><strong>t-ioitatiouis.</strong></span> 
     </span>
    </p>
   </div>
  </div>
