  <div class='ocr_page' id='page_1' title='image "/cluster/home/n/w/nwhite01/storage/ocr_20150623/125:no.3/coo.31924054870302/636.png"; bbox 0 0 4120 6444; ppageno 0'>
   <div class='ocr_carea' id='block_1_1' title="bbox 408 392 547 461">
    <p class='ocr_par' dir='ltr' id='par_1_1' title="bbox 408 392 547 461">
     <span class='ocr_line' id='line_1_1' title="bbox 408 392 547 461; baseline -0.007 0"><span class='ocrx_word' id='word_1_1' title='bbox 408 392 547 461; x_wconf 78' lang='lat'><strong>1257</strong></span> 
     </span>
    </p>
   </div>
   <div class='ocr_carea' id='block_1_2' title="bbox 1180 396 2841 470">
    <p class='ocr_par' dir='ltr' id='par_1_2' title="bbox 1180 396 2841 470">
     <span class='ocr_line' id='line_1_2' title="bbox 1180 396 2841 470; baseline 0.003 -10"><span class='ocrx_word' id='word_1_2' title='bbox 1180 396 1589 461; x_wconf 84' lang='lat' dir='ltr'><strong>EXPOSITIO</strong></span> <span class='ocrx_word' id='word_1_3' title='bbox 1613 398 1697 461; x_wconf 82' lang='lat' dir='ltr'><strong>IN</strong></span> <span class='ocrx_word' id='word_1_4' title='bbox 1726 397 1969 462; x_wconf 85' lang='lat' dir='ltr'><strong>EPIST.</strong></span> <span class='ocrx_word' id='word_1_5' title='bbox 1999 399 2063 460; x_wconf 85' lang='lat' dir='ltr'>II</span> <span class='ocrx_word' id='word_1_6' title='bbox 2101 400 2162 460; x_wconf 91' lang='lat' dir='ltr'><strong>S.</strong></span> <span class='ocrx_word' id='word_1_7' title='bbox 2201 400 2454 461; x_wconf 70' lang='lat' dir='ltr'><strong>Phl‘RI.</strong></span> <span class='ocrx_word' id='word_1_8' title='bbox 2495 425 2564 439; x_wconf 90' lang='lat'><strong>--</strong></span> <span class='ocrx_word' id='word_1_9' title='bbox 2598 404 2756 470; x_wconf 85' lang='lat' dir='ltr'><strong>CAP.</strong></span> <span class='ocrx_word' id='word_1_10' title='bbox 2787 404 2841 466; x_wconf 92' lang='lat' dir='ltr'><strong>I.</strong></span> 
     </span>
    </p>
   </div>
   <div class='ocr_carea' id='block_1_3' title="bbox 3503 403 3638 469">
    <p class='ocr_par' dir='ltr' id='par_1_3' title="bbox 3503 403 3638 469">
     <span class='ocr_line' id='line_1_3' title="bbox 3503 403 3638 469; baseline -0.015 0"><span class='ocrx_word' id='word_1_11' title='bbox 3503 403 3638 469; x_wconf 75' lang='lat' dir='ltr'><strong>125i</strong></span> 
     </span>
    </p>
   </div>
   <div class='ocr_carea' id='block_1_4' title="bbox 404 503 1993 586">
    <p class='ocr_par' dir='ltr' id='par_1_4' title="bbox 404 503 1966 581">
     <span class='ocr_line' id='line_1_4' title="bbox 404 503 1966 581; baseline 0.001 -18"><span class='ocrx_word' id='word_1_12' title='bbox 404 510 473 563; x_wconf 81' lang='grc' dir='ltr'>δι’</span> <span class='ocrx_word' id='word_1_13' title='bbox 528 503 603 561; x_wconf 85' lang='grc' dir='ltr'>ὧν</span> <span class='ocrx_word' id='word_1_14' title='bbox 661 507 733 562; x_wconf 83' lang='grc' dir='ltr'>τὰ</span> <span class='ocrx_word' id='word_1_15' title='bbox 781 506 935 577; x_wconf 88' lang='grc' dir='ltr'>τίμια</span> <span class='ocrx_word' id='word_1_16' title='bbox 986 508 1078 562; x_wconf 71' lang='grc' dir='ltr'>καὶ</span> <span class='ocrx_word' id='word_1_17' title='bbox 1117 508 1353 578; x_wconf 80' lang='grc' dir='ltr'>μέγιστα</span> <span class='ocrx_word' id='word_1_18' title='bbox 1406 511 1540 580; x_wconf 72' lang='grc' dir='ltr'>ἡμῖν</span> <span class='ocrx_word' id='word_1_19' title='bbox 1573 511 1966 581; x_wconf 74' lang='grc' dir='ltr'><strong>ἐπαγγέλματα</strong></span> 
     </span>
    </p>
   </div>
   <div class='ocr_carea' id='block_1_5' title="bbox 2077 503 3631 586">
    <p class='ocr_par' dir='ltr' id='par_1_5' title="bbox 2077 513 3631 586">
     <span class='ocr_line' id='line_1_5' title="bbox 2077 513 3631 586; baseline 0.006 -22"><span class='ocrx_word' id='word_1_20' title='bbox 2077 513 2153 565; x_wconf 69' lang='lat' dir='ltr'><strong>ria</strong></span> <span class='ocrx_word' id='word_1_21' title='bbox 2224 522 2277 566; x_wconf 91' lang='lat' dir='ltr'><strong>et</strong></span> <span class='ocrx_word' id='word_1_22' title='bbox 2327 515 2545 568; x_wconf 81' lang='lat' dir='ltr'><strong>virtute.</strong></span> <span class='ocrx_word' id='word_1_23' title='bbox 2611 513 2715 569; x_wconf 85' lang='lat' dir='ltr'><strong>Per</strong></span> <span class='ocrx_word' id='word_1_24' title='bbox 2764 528 2924 585; x_wconf 87' lang='lat' dir='ltr'><strong>quem</strong></span> <span class='ocrx_word' id='word_1_25' title='bbox 2973 515 3207 571; x_wconf 77' lang='lat' dir='ltr'><strong>maxima</strong></span> <span class='ocrx_word' id='word_1_26' title='bbox 3283 520 3341 571; x_wconf 83' lang='lat' dir='ltr'><strong>et</strong></span> <span class='ocrx_word' id='word_1_27' title='bbox 3405 520 3631 586; x_wconf 56' lang='lat' dir='ltr'><strong>pretiosa</strong></span> 
     </span>
    </p>
   </div>
   <div class='ocr_carea' id='block_1_6' title="bbox 402 598 1971 674">
    <p class='ocr_par' dir='ltr' id='par_1_6' title="bbox 402 598 1971 674">
     <span class='ocr_line' id='line_1_6' title="bbox 402 598 1971 674; baseline 0.003 -23"><span class='ocrx_word' id='word_1_28' title='bbox 402 600 722 669; x_wconf 86' lang='grc' dir='ltr'>δεδώρηται.</span> <span class='ocrx_word' id='word_1_29' title='bbox 762 618 781 651; x_wconf 77' lang='grc' dir='ltr'><strong>ι</strong></span> <span class='ocrx_word' id='word_1_30' title='bbox 817 598 891 652; x_wconf 84' lang='grc' dir='ltr'><strong>Τὸ</strong></span> <span class='ocrx_word' id='word_1_31' title='bbox 954 600 1079 669; x_wconf 76' lang='grc' dir='ltr'>ἑξῆς</span> <span class='ocrx_word' id='word_1_32' title='bbox 1118 600 1279 654; x_wconf 71' lang='grc' dir='ltr'>οὔτωο</span> <span class='ocrx_word' id='word_1_33' title='bbox 1314 602 1493 672; x_wconf 82' lang='grc' dir='ltr'><strong>Χάρις</strong></span> <span class='ocrx_word' id='word_1_34' title='bbox 1528 603 1659 673; x_wconf 80' lang='grc' dir='ltr'>ὑμῖν</span> <span class='ocrx_word' id='word_1_35' title='bbox 1692 602 1788 656; x_wconf 77' lang='grc' dir='ltr'>καὶ</span> <span class='ocrx_word' id='word_1_36' title='bbox 1821 605 1971 674; x_wconf 80' lang='grc' dir='ltr'>εἰρή-</span> 
     </span>
    </p>
   </div>
   <div class='ocr_carea' id='block_1_7' title="bbox 403 691 1974 766">
    <p class='ocr_par' dir='ltr' id='par_1_7' title="bbox 403 691 1974 766">
     <span class='ocr_line' id='line_1_7' title="bbox 403 691 1974 766; baseline 0.003 -22"><span class='ocrx_word' id='word_1_37' title='bbox 403 709 492 759; x_wconf 83' lang='grc' dir='ltr'><strong>νη,</strong></span> <span class='ocrx_word' id='word_1_38' title='bbox 542 691 618 753; x_wconf 87' lang='grc' dir='ltr'><strong>ὡς</strong></span> <span class='ocrx_word' id='word_1_39' title='bbox 651 691 829 745; x_wconf 81' lang='grc' dir='ltr'>πάντα</span> <span class='ocrx_word' id='word_1_40' title='bbox 856 692 992 760; x_wconf 81' lang='grc' dir='ltr'>πρὸς</span> <span class='ocrx_word' id='word_1_41' title='bbox 1039 692 1185 763; x_wconf 79' lang='grc' dir='ltr'>ζωὴν</span> <span class='ocrx_word' id='word_1_42' title='bbox 1220 694 1318 747; x_wconf 78' lang='grc' dir='ltr'>καὶ</span> <span class='ocrx_word' id='word_1_43' title='bbox 1349 693 1636 749; x_wconf 85' lang='grc' dir='ltr'>εὐσέϐειαν</span> <span class='ocrx_word' id='word_1_44' title='bbox 1664 695 1723 747; x_wconf 84' lang='grc' dir='ltr'><strong>ἐν</strong></span> <span class='ocrx_word' id='word_1_45' title='bbox 1752 698 1818 766; x_wconf 78' lang='grc' dir='ltr'>τῇ</span> <span class='ocrx_word' id='word_1_46' title='bbox 1852 697 1974 748; x_wconf 83' lang='grc' dir='ltr'>ἐπι-</span> 
     </span>
    </p>
   </div>
   <div class='ocr_carea' id='block_1_8' title="bbox 401 781 1975 856">
    <p class='ocr_par' dir='ltr' id='par_1_8' title="bbox 401 781 1975 856">
     <span class='ocr_line' id='line_1_8' title="bbox 401 781 1975 856; baseline 0.003 -21"><span class='ocrx_word' id='word_1_47' title='bbox 401 783 602 851; x_wconf 79' lang='grc' dir='ltr'><strong>γνώσει</strong></span> <span class='ocrx_word' id='word_1_48' title='bbox 657 782 752 836; x_wconf 90' lang='grc' dir='ltr'><strong>τοῦ</strong></span> <span class='ocrx_word' id='word_1_49' title='bbox 793 781 930 837; x_wconf 82' lang='grc' dir='ltr'><strong>Θεοῦ</strong></span> <span class='ocrx_word' id='word_1_50' title='bbox 969 784 1065 838; x_wconf 68' lang='grc' dir='ltr'><strong>κα)⁵</strong></span> <span class='ocrx_word' id='word_1_51' title='bbox 1083 783 1262 852; x_wconf 84' lang='grc' dir='ltr'>Ἰησοῦ</span> <span class='ocrx_word' id='word_1_52' title='bbox 1304 784 1399 837; x_wconf 84' lang='grc' dir='ltr'><strong>τοῦ</strong></span> <span class='ocrx_word' id='word_1_53' title='bbox 1433 784 1640 856; x_wconf 77' lang='grc' dir='ltr'>Κυρίου</span> <span class='ocrx_word' id='word_1_54' title='bbox 1678 785 1855 855; x_wconf 82' lang='grc' dir='ltr'>ἡμῶν,</span> <span class='ocrx_word' id='word_1_55' title='bbox 1886 785 1975 839; x_wconf 64' lang='grc' dir='ltr'><strong>διὰ</strong></span> 
     </span>
    </p>
   </div>
   <div class='ocr_carea' id='block_1_9' title="bbox 400 874 1975 947">
    <p class='ocr_par' dir='ltr' id='par_1_9' title="bbox 400 874 1975 947">
     <span class='ocr_line' id='line_1_9' title="bbox 400 874 1975 947; baseline 0.002 -20"><span class='ocrx_word' id='word_1_56' title='bbox 400 876 498 944; x_wconf 83' lang='grc' dir='ltr'><strong>τῆς</strong></span> <span class='ocrx_word' id='word_1_57' title='bbox 526 875 674 936; x_wconf 82' lang='grc' dir='ltr'>θείας</span> <span class='ocrx_word' id='word_1_58' title='bbox 697 874 863 929; x_wconf 87' lang='grc' dir='ltr'>αὐτοῦ</span> <span class='ocrx_word' id='word_1_59' title='bbox 905 875 1186 945; x_wconf 77' lang='grc' dir='ltr'>δυνάμεως</span> <span class='ocrx_word' id='word_1_60' title='bbox 1219 876 1320 946; x_wconf 81' lang='grc' dir='ltr'><strong>τῆς</strong></span> <span class='ocrx_word' id='word_1_61' title='bbox 1347 877 1570 947; x_wconf 81' lang='grc' dir='ltr'>χάριτος</span> <span class='ocrx_word' id='word_1_62' title='bbox 1599 876 1805 947; x_wconf 83' lang='grc' dir='ltr'><strong>ταύτης</strong></span> <span class='ocrx_word' id='word_1_63' title='bbox 1845 878 1975 945; x_wconf 84' lang='grc' dir='ltr'>ὑμῖν</span> 
     </span>
    </p>
   </div>
   <div class='ocr_carea' id='block_1_10' title="bbox 400 966 1974 1039">
    <p class='ocr_par' dir='ltr' id='par_1_10' title="bbox 400 966 1974 1039">
     <span class='ocr_line' id='line_1_10' title="bbox 400 966 1974 1039; baseline -0.011 -11"><span class='ocrx_word' id='word_1_64' title='bbox 400 967 801 1037; x_wconf 79' lang='grc' dir='ltr'><strong>δωρησαμένης</strong></span> <span class='ocrx_word' id='word_1_65' title='bbox 833 967 913 1030; x_wconf 82' lang='grc' dir='ltr'><strong>είς</strong></span> <span class='ocrx_word' id='word_1_66' title='bbox 944 966 1044 1039; x_wconf 79' lang='grc' dir='ltr'>τὴν</span> <span class='ocrx_word' id='word_1_67' title='bbox 1089 967 1383 1035; x_wconf 74' lang='grc' dir='ltr'><strong>ἐπίγνωσιν</strong></span> <span class='ocrx_word' id='word_1_68' title='bbox 1400 967 1505 1039; x_wconf 82' lang='grc' dir='ltr'><strong>τῆς</strong></span> <span class='ocrx_word' id='word_1_69' title='bbox 1527 966 1686 1038; x_wconf 83' lang='grc' dir='ltr'><strong>δόξης</strong></span> <span class='ocrx_word' id='word_1_70' title='bbox 1716 969 1813 1023; x_wconf 72' lang='grc' dir='ltr'>καὶ</span> <span class='ocrx_word' id='word_1_71' title='bbox 1842 972 1974 1036; x_wconf 81' lang='grc' dir='ltr'>ἀρε-</span> 
     </span>
    </p>
   </div>
   <div class='ocr_carea' id='block_1_11' title="bbox 400 1049 1975 1130">
    <p class='ocr_par' dir='ltr' id='par_1_11' title="bbox 400 1049 1975 1130">
     <span class='ocr_line' id='line_1_11' title="bbox 400 1049 1975 1130; baseline 0.002 -21"><span class='ocrx_word' id='word_1_72' title='bbox 400 1058 522 1126; x_wconf 81' lang='grc' dir='ltr'>τῆς,</span> <span class='ocrx_word' id='word_1_73' title='bbox 548 1057 614 1109; x_wconf 78' lang='grc' dir='ltr'><strong>δι’</strong></span> <span class='ocrx_word' id='word_1_74' title='bbox 650 1049 737 1111; x_wconf 83' lang='grc' dir='ltr'>ὧν</span> <span class='ocrx_word' id='word_1_75' title='bbox 759 1057 828 1110; x_wconf 79' lang='grc' dir='ltr'>τὰ</span> <span class='ocrx_word' id='word_1_76' title='bbox 869 1058 1104 1127; x_wconf 88' lang='grc' dir='ltr'>μέγιστα</span> <span class='ocrx_word' id='word_1_77' title='bbox 1153 1057 1550 1129; x_wconf 85' lang='grc' dir='ltr'>ἐπαγγέλματα</span> <span class='ocrx_word' id='word_1_78' title='bbox 1584 1059 1856 1130; x_wconf 71' lang='grc' dir='ltr'>ἐδωρήθησ</span> <span class='ocrx_word' id='word_1_79' title='bbox 1886 1060 1975 1112; x_wconf 81' lang='grc' dir='ltr'>ἶνα</span> 
     </span>
    </p>
   </div>
   <div class='ocr_carea' id='block_1_12' title="bbox 400 1147 1975 1221">
    <p class='ocr_par' dir='ltr' id='par_1_12' title="bbox 400 1147 1975 1221">
     <span class='ocr_line' id='line_1_12' title="bbox 400 1147 1975 1221; baseline 0.003 -20"><span class='ocrx_word' id='word_1_80' title='bbox 400 1149 774 1215; x_wconf 68' lang='grc' dir='ltr'><strong>ἀποφυγόντες</strong></span> <span class='ocrx_word' id='word_1_81' title='bbox 814 1147 912 1218; x_wconf 77' lang='grc' dir='ltr'>τὴν</span> <span class='ocrx_word' id='word_1_82' title='bbox 953 1149 1224 1219; x_wconf 81' lang='grc' dir='ltr'><strong>κοσμικὴν</strong></span> <span class='ocrx_word' id='word_1_83' title='bbox 1270 1148 1517 1221; x_wconf 68' lang='grc' dir='ltr'>φθορὰν,</span> <span class='ocrx_word' id='word_1_84' title='bbox 1544 1149 1643 1220; x_wconf 79' lang='grc' dir='ltr'>τὴν</span> <span class='ocrx_word' id='word_1_85' title='bbox 1688 1151 1757 1204; x_wconf 81' lang='grc' dir='ltr'>δι’</span> <span class='ocrx_word' id='word_1_86' title='bbox 1785 1151 1975 1205; x_wconf 74' lang='grc' dir='ltr'>ἐπιθυ-</span> 
     </span>
    </p>
   </div>
   <div class='ocr_carea' id='block_1_13' title="bbox 403 1237 1973 1309">
    <p class='ocr_par' dir='ltr' id='par_1_13' title="bbox 403 1237 1973 1309">
     <span class='ocr_line' id='line_1_13' title="bbox 403 1237 1973 1309; baseline 0.004 -19"><span class='ocrx_word' id='word_1_87' title='bbox 403 1237 532 1307; x_wconf 89' lang='grc' dir='ltr'>μίας</span> <span class='ocrx_word' id='word_1_88' title='bbox 567 1238 946 1309; x_wconf 83' lang='grc' dir='ltr'>ὲγγινομένην,</span> <span class='ocrx_word' id='word_1_89' title='bbox 1000 1240 1231 1308; x_wconf 81' lang='grc' dir='ltr'><strong>γένησθε</strong></span> <span class='ocrx_word' id='word_1_90' title='bbox 1271 1241 1519 1293; x_wconf 74' lang='grc' dir='ltr'>κοινωνοὶ</span> <span class='ocrx_word' id='word_1_91' title='bbox 1553 1240 1702 1304; x_wconf 80' lang='grc' dir='ltr'>θείας</span> <span class='ocrx_word' id='word_1_92' title='bbox 1733 1240 1973 1309; x_wconf 80' lang='grc' dir='ltr'>φύσεως.</span> 
     </span>
    </p>
   </div>
   <div class='ocr_carea' id='block_1_14' title="bbox 406 1329 1973 1403">
    <p class='ocr_par' dir='ltr' id='par_1_14' title="bbox 406 1329 1973 1403">
     <span class='ocr_line' id='line_1_14' title="bbox 406 1329 1973 1403; baseline 0.003 -22"><span class='ocrx_word' id='word_1_93' title='bbox 406 1329 616 1392; x_wconf 85' lang='grc' dir='ltr'>Ἀλλως</span> <span class='ocrx_word' id='word_1_94' title='bbox 646 1342 662 1357; x_wconf 77' lang='grc' dir='ltr'><strong>ο</strong></span> <span class='ocrx_word' id='word_1_95' title='bbox 720 1330 820 1384; x_wconf 83' lang='grc' dir='ltr'>Διά</span> <span class='ocrx_word' id='word_1_96' title='bbox 881 1329 1099 1401; x_wconf 79' lang='grc' dir='ltr'>μακροῦ</span> <span class='ocrx_word' id='word_1_97' title='bbox 1154 1330 1254 1399; x_wconf 82' lang='grc' dir='ltr'>μὲν</span> <span class='ocrx_word' id='word_1_98' title='bbox 1307 1330 1649 1386; x_wconf 83' lang='grc' dir='ltr'>ἀποδέδοται·</span> <span class='ocrx_word' id='word_1_99' title='bbox 1682 1330 1797 1384; x_wconf 76' lang='grc' dir='ltr'>ἔστι</span> <span class='ocrx_word' id='word_1_100' title='bbox 1834 1331 1891 1385; x_wconf 82' lang='grc' dir='ltr'><strong>δέ</strong></span> <span class='ocrx_word' id='word_1_101' title='bbox 1938 1334 1973 1403; x_wconf 79' lang='grc' dir='ltr'>ἡ</span> 
     </span>
    </p>
   </div>
   <div class='ocr_carea' id='block_1_15' title="bbox 400 1419 1974 1493">
    <p class='ocr_par' dir='ltr' id='par_1_15' title="bbox 400 1419 1974 1493">
     <span class='ocr_line' id='line_1_15' title="bbox 400 1419 1974 1493; baseline 0.003 -21"><span class='ocrx_word' id='word_1_102' title='bbox 400 1420 609 1473; x_wconf 82' lang='grc' dir='ltr'>διάνοια</span> <span class='ocrx_word' id='word_1_103' title='bbox 657 1419 818 1491; x_wconf 76' lang='grc' dir='ltr'>αὕτη·</span> <span class='ocrx_word' id='word_1_104' title='bbox 864 1421 952 1485; x_wconf 85' lang='grc' dir='ltr'>Ὠς</span> <span class='ocrx_word' id='word_1_105' title='bbox 1002 1421 1172 1493; x_wconf 87' lang='grc' dir='ltr'>μυρία</span> <span class='ocrx_word' id='word_1_106' title='bbox 1206 1420 1466 1486; x_wconf 88' lang='grc' dir='ltr'>λαϐόντες</span> <span class='ocrx_word' id='word_1_107' title='bbox 1515 1421 1699 1491; x_wconf 76' lang='grc' dir='ltr'>ἀγαθὰ</span> <span class='ocrx_word' id='word_1_108' title='bbox 1751 1421 1840 1477; x_wconf 78' lang='grc' dir='ltr'>διὰ</span> <span class='ocrx_word' id='word_1_109' title='bbox 1875 1423 1974 1493; x_wconf 85' lang='grc' dir='ltr'><strong>τῆς</strong></span> 
     </span>
    </p>
   </div>
   <div class='ocr_carea' id='block_1_16' title="bbox 398 1510 1975 1583">
    <p class='ocr_par' dir='ltr' id='par_1_16' title="bbox 398 1510 1975 1583">
     <span class='ocr_line' id='line_1_16' title="bbox 398 1510 1975 1583; baseline 0.001 -16"><span class='ocrx_word' id='word_1_110' title='bbox 398 1513 685 1582; x_wconf 83' lang='grc' dir='ltr'>δυνάμεως</span> <span class='ocrx_word' id='word_1_111' title='bbox 722 1511 818 1564; x_wconf 88' lang='grc' dir='ltr'><strong>τοῦ</strong></span> <span class='ocrx_word' id='word_1_112' title='bbox 849 1510 1115 1583; x_wconf 79' lang='grc' dir='ltr'><strong>Χριστοῦ,</strong></span> <span class='ocrx_word' id='word_1_113' title='bbox 1146 1512 1426 1583; x_wconf 82' lang='grc' dir='ltr'>δυνάμεθα</span> <span class='ocrx_word' id='word_1_114' title='bbox 1450 1513 1544 1566; x_wconf 73' lang='grc' dir='ltr'>καὶ</span> <span class='ocrx_word' id='word_1_115' title='bbox 1583 1512 1734 1575; x_wconf 86' lang='grc' dir='ltr'>θείας</span> <span class='ocrx_word' id='word_1_116' title='bbox 1759 1513 1975 1582; x_wconf 88' lang='grc' dir='ltr'>φύσεως</span> 
     </span>
    </p>
   </div>
   <div class='ocr_carea' id='block_1_17' title="bbox 399 1603 1973 1675">
    <p class='ocr_par' dir='ltr' id='par_1_17' title="bbox 399 1603 1973 1675">
     <span class='ocr_line' id='line_1_17' title="bbox 399 1603 1973 1675; baseline 0.002 -18"><span class='ocrx_word' id='word_1_117' title='bbox 399 1604 655 1673; x_wconf 87' lang='grc' dir='ltr'>γενέσθαι</span> <span class='ocrx_word' id='word_1_118' title='bbox 713 1603 984 1669; x_wconf 76' lang='grc' dir='ltr'>κοινωνοὶ,</span> <span class='ocrx_word' id='word_1_119' title='bbox 1028 1605 1123 1658; x_wconf 77' lang='grc' dir='ltr'>καὶ</span> <span class='ocrx_word' id='word_1_120' title='bbox 1169 1605 1305 1674; x_wconf 70' lang='grc' dir='ltr'>πρὸς</span> <span class='ocrx_word' id='word_1_121' title='bbox 1350 1604 1496 1675; x_wconf 79' lang='grc' dir='ltr'>ζωὴν</span> <span class='ocrx_word' id='word_1_122' title='bbox 1533 1604 1629 1657; x_wconf 78' lang='grc' dir='ltr'>καὶ</span> <span class='ocrx_word' id='word_1_123' title='bbox 1689 1604 1973 1660; x_wconf 83' lang='grc' dir='ltr'>εὐσέϐειαν</span> 
     </span>
    </p>
   </div>
   <div class='ocr_carea' id='block_1_18' title="bbox 404 1696 1975 1767">
    <p class='ocr_par' dir='ltr' id='par_1_18' title="bbox 404 1696 1975 1767">
     <span class='ocr_line' id='line_1_18' title="bbox 404 1696 1975 1767; baseline 0.001 -16"><span class='ocrx_word' id='word_1_124' title='bbox 404 1696 730 1767; x_wconf 84' lang='grc' dir='ltr'>ἀναχθῆναι,</span> <span class='ocrx_word' id='word_1_125' title='bbox 763 1696 1054 1767; x_wconf 79' lang='grc' dir='ltr'>ὀφείλομεν</span> <span class='ocrx_word' id='word_1_126' title='bbox 1088 1696 1469 1751; x_wconf 86' lang='grc' dir='ltr'>πολιτεύεσθαι</span> <span class='ocrx_word' id='word_1_127' title='bbox 1520 1696 1718 1763; x_wconf 79' lang='grc' dir='ltr'>οὕτως,</span> <span class='ocrx_word' id='word_1_128' title='bbox 1748 1698 1825 1764; x_wconf 83' lang='grc' dir='ltr'>ὡς</span> <span class='ocrx_word' id='word_1_129' title='bbox 1856 1700 1975 1752; x_wconf 81' lang='grc' dir='ltr'>ἐπι-</span> 
     </span>
    </p>
   </div>
   <div class='ocr_carea' id='block_1_19' title="bbox 401 1789 1973 1864">
    <p class='ocr_par' dir='ltr' id='par_1_19' title="bbox 401 1789 1973 1864">
     <span class='ocr_line' id='line_1_19' title="bbox 401 1789 1973 1864; baseline 0.003 -24"><span class='ocrx_word' id='word_1_130' title='bbox 401 1791 659 1860; x_wconf 74' lang='grc' dir='ltr'>χορηγεῖν</span> <span class='ocrx_word' id='word_1_131' title='bbox 695 1790 763 1858; x_wconf 81' lang='grc' dir='ltr'>τῇ</span> <span class='ocrx_word' id='word_1_132' title='bbox 792 1789 974 1842; x_wconf 84' lang='grc' dir='ltr'>πίστει</span> <span class='ocrx_word' id='word_1_133' title='bbox 1006 1789 1107 1859; x_wconf 82' lang='grc' dir='ltr'>τὴν</span> <span class='ocrx_word' id='word_1_134' title='bbox 1134 1790 1357 1860; x_wconf 74' lang='grc' dir='ltr'>ἀρετὴν,</span> <span class='ocrx_word' id='word_1_135' title='bbox 1386 1790 1481 1844; x_wconf 75' lang='grc' dir='ltr'><strong>καὶ</strong></span> <span class='ocrx_word' id='word_1_136' title='bbox 1503 1789 1594 1844; x_wconf 80' lang='grc' dir='ltr'><strong>διὰ</strong></span> <span class='ocrx_word' id='word_1_137' title='bbox 1631 1793 1733 1862; x_wconf 84' lang='grc' dir='ltr'><strong>τῆς</strong></span> <span class='ocrx_word' id='word_1_138' title='bbox 1770 1793 1973 1864; x_wconf 81' lang='grc' dir='ltr'>ἀρετῆς</span> 
     </span>
    </p>
   </div>
   <div class='ocr_carea' id='block_1_20' title="bbox 402 1878 1974 1952">
    <p class='ocr_par' dir='ltr' id='par_1_20' title="bbox 402 1878 1974 1952">
     <span class='ocr_line' id='line_1_20' title="bbox 402 1878 1974 1952; baseline 0.003 -21"><span class='ocrx_word' id='word_1_139' title='bbox 402 1880 483 1942; x_wconf 84' lang='grc' dir='ltr'><strong>είς</strong></span> <span class='ocrx_word' id='word_1_140' title='bbox 510 1878 608 1949; x_wconf 81' lang='grc' dir='ltr'>τὴν</span> <span class='ocrx_word' id='word_1_141' title='bbox 632 1879 755 1934; x_wconf 88' lang='grc' dir='ltr'>κατ’</span> <span class='ocrx_word' id='word_1_142' title='bbox 783 1879 1066 1934; x_wconf 83' lang='grc' dir='ltr'>εὐσέϐειαν</span> <span class='ocrx_word' id='word_1_143' title='bbox 1096 1882 1406 1952; x_wconf 79' lang='grc' dir='ltr'>προκοπὴν,</span> <span class='ocrx_word' id='word_1_144' title='bbox 1436 1881 1545 1945; x_wconf 70' lang='grc' dir='ltr'>ἔρως</span> <span class='ocrx_word' id='word_1_145' title='bbox 1573 1884 1652 1945; x_wconf 85' lang='grc' dir='ltr'><strong>είς</strong></span> <span class='ocrx_word' id='word_1_146' title='bbox 1676 1882 1739 1935; x_wconf 83' lang='grc' dir='ltr'><strong>τδ</strong></span> <span class='ocrx_word' id='word_1_147' title='bbox 1771 1881 1974 1936; x_wconf 81' lang='grc' dir='ltr'>τέλειον</span> 
     </span>
    </p>
   </div>
   <div class='ocr_carea' id='block_1_21' title="bbox 400 1971 1972 2043">
    <p class='ocr_par' dir='ltr' id='par_1_21' title="bbox 400 1971 1972 2043">
     <span class='ocr_line' id='line_1_21' title="bbox 400 1971 1972 2043; baseline 0.003 -19"><span class='ocrx_word' id='word_1_148' title='bbox 400 1971 511 2025; x_wconf 90' lang='grc' dir='ltr'><strong>τῶν</strong></span> <span class='ocrx_word' id='word_1_149' title='bbox 559 1971 800 2041; x_wconf 79' lang='grc' dir='ltr'>ἀγαθῶν,</span> <span class='ocrx_word' id='word_1_150' title='bbox 867 1974 897 2027; x_wconf 79' lang='grc' dir='ltr'>ὃ</span> <span class='ocrx_word' id='word_1_151' title='bbox 928 1975 1078 2027; x_wconf 68' lang='grc' dir='ltr'>ἐστιν</span> <span class='ocrx_word' id='word_1_152' title='bbox 1128 1973 1341 2043; x_wconf 82' lang='grc' dir='ltr'>ἀγάπη,</span> <span class='ocrx_word' id='word_1_153' title='bbox 1407 1973 1674 2043; x_wconf 73' lang='grc' dir='ltr'>ἔλθωμεν.</span> <span class='ocrx_word' id='word_1_154' title='bbox 1719 1973 1881 2039; x_wconf 87' lang='grc' dir='ltr'>Θείας</span> <span class='ocrx_word' id='word_1_155' title='bbox 1914 1974 1972 2028; x_wconf 90' lang='grc' dir='ltr'><strong>δέ</strong></span> 
     </span>
    </p>
   </div>
   <div class='ocr_carea' id='block_1_22' title="bbox 402 2063 1974 2137">
    <p class='ocr_par' dir='ltr' id='par_1_22' title="bbox 402 2063 1974 2137">
     <span class='ocr_line' id='line_1_22' title="bbox 402 2063 1974 2137; baseline 0.001 -20"><span class='ocrx_word' id='word_1_156' title='bbox 402 2066 650 2118; x_wconf 86' lang='grc' dir='ltr'>κοινωνοὶ</span> <span class='ocrx_word' id='word_1_157' title='bbox 684 2065 901 2132; x_wconf 87' lang='grc' dir='ltr'>φύσεως</span> <span class='ocrx_word' id='word_1_158' title='bbox 926 2063 1234 2135; x_wconf 80' lang='grc' dir='ltr'>γεγόναμεν</span> <span class='ocrx_word' id='word_1_159' title='bbox 1264 2063 1354 2118; x_wconf 74' lang='grc' dir='ltr'><strong>διὰ</strong></span> <span class='ocrx_word' id='word_1_160' title='bbox 1390 2065 1490 2134; x_wconf 82' lang='grc' dir='ltr'><strong>τῆς</strong></span> <span class='ocrx_word' id='word_1_161' title='bbox 1518 2063 1614 2118; x_wconf 89' lang='grc' dir='ltr'><strong>τοῦ</strong></span> <span class='ocrx_word' id='word_1_162' title='bbox 1646 2066 1853 2137; x_wconf 82' lang='grc' dir='ltr'>Κυρίου</span> <span class='ocrx_word' id='word_1_163' title='bbox 1878 2067 1974 2119; x_wconf 80' lang='grc' dir='ltr'>καὶ</span> 
     </span>
    </p>
   </div>
   <div class='ocr_carea' id='block_1_23' title="bbox 401 2154 1975 2227">
    <p class='ocr_par' dir='ltr' id='par_1_23' title="bbox 401 2154 1975 2227">
     <span class='ocr_line' id='line_1_23' title="bbox 401 2154 1975 2227; baseline 0.001 -17"><span class='ocrx_word' id='word_1_164' title='bbox 401 2154 540 2210; x_wconf 86' lang='grc' dir='ltr'>Θεοῦ</span> <span class='ocrx_word' id='word_1_165' title='bbox 567 2155 889 2226; x_wconf 87' lang='grc' dir='ltr'>ἐπιδημίας,</span> <span class='ocrx_word' id='word_1_166' title='bbox 933 2157 1193 2227; x_wconf 69' lang='grc' dir='ltr'>ἀπαρχὴν</span> <span class='ocrx_word' id='word_1_167' title='bbox 1230 2155 1331 2224; x_wconf 71' lang='grc' dir='ltr'><strong>τῆς</strong></span> <span class='ocrx_word' id='word_1_168' title='bbox 1357 2157 1632 2227; x_wconf 82' lang='grc' dir='ltr'>ἡμετέρας</span> <span class='ocrx_word' id='word_1_169' title='bbox 1672 2156 1888 2225; x_wconf 90' lang='grc' dir='ltr'>φύσεως</span> <span class='ocrx_word' id='word_1_170' title='bbox 1917 2159 1975 2211; x_wconf 86' lang='grc' dir='ltr'><strong>ἐν</strong></span> 
     </span>
    </p>
   </div>
   <div class='ocr_carea' id='block_1_24' title="bbox 402 2246 1974 2320">
    <p class='ocr_par' dir='ltr' id='par_1_24' title="bbox 402 2246 1974 2320">
     <span class='ocr_line' id='line_1_24' title="bbox 402 2246 1974 2320; baseline 0.004 -22"><span class='ocrx_word' id='word_1_171' title='bbox 402 2246 580 2317; x_wconf 81' lang='grc' dir='ltr'>ἐαυτῷ</span> <span class='ocrx_word' id='word_1_172' title='bbox 601 2247 1009 2318; x_wconf 83' lang='grc' dir='ltr'>ὐποστήσαντός</span> <span class='ocrx_word' id='word_1_173' title='bbox 1046 2265 1106 2300; x_wconf 89' lang='grc' dir='ltr'><strong>τε</strong></span> <span class='ocrx_word' id='word_1_174' title='bbox 1133 2247 1225 2301; x_wconf 77' lang='grc' dir='ltr'>καὶ</span> <span class='ocrx_word' id='word_1_175' title='bbox 1264 2248 1593 2316; x_wconf 84' lang='grc' dir='ltr'>ἀγιάσαντος</span> <span class='ocrx_word' id='word_1_176' title='bbox 1630 2251 1696 2319; x_wconf 75' lang='grc' dir='ltr'><strong>τῇ</strong></span> <span class='ocrx_word' id='word_1_177' title='bbox 1733 2252 1974 2320; x_wconf 86' lang='grc' dir='ltr'>προσλή-</span> 
     </span>
    </p>
   </div>
   <div class='ocr_carea' id='block_1_25' title="bbox 400 2338 1975 2412">
    <p class='ocr_par' dir='ltr' id='par_1_25' title="bbox 400 2338 1975 2412">
     <span class='ocr_line' id='line_1_25' title="bbox 400 2338 1975 2412; baseline 0.002 -22"><span class='ocrx_word' id='word_1_178' title='bbox 400 2338 511 2408; x_wconf 80' lang='grc' dir='ltr'>ψει.</span> <span class='ocrx_word' id='word_1_179' title='bbox 547 2340 607 2392; x_wconf 81' lang='grc' dir='ltr'><strong>Εἰ</strong></span> <span class='ocrx_word' id='word_1_180' title='bbox 641 2340 699 2393; x_wconf 82' lang='grc' dir='ltr'><strong>δέ</strong></span> <span class='ocrx_word' id='word_1_181' title='bbox 739 2342 771 2408; x_wconf 73' lang='grc' dir='ltr'><strong>ἡ</strong></span> <span class='ocrx_word' id='word_1_182' title='bbox 800 2340 1025 2410; x_wconf 80' lang='grc' dir='ltr'>ἀπαρχὴ</span> <span class='ocrx_word' id='word_1_183' title='bbox 1060 2339 1211 2407; x_wconf 88' lang='grc' dir='ltr'>ἁγία,</span> <span class='ocrx_word' id='word_1_184' title='bbox 1245 2341 1341 2394; x_wconf 75' lang='grc' dir='ltr'><strong>καὶ</strong></span> <span class='ocrx_word' id='word_1_185' title='bbox 1387 2340 1446 2393; x_wconf 84' lang='grc' dir='ltr'>τὸ</span> <span class='ocrx_word' id='word_1_186' title='bbox 1480 2339 1732 2412; x_wconf 79' lang='grc' dir='ltr'>φύραμα.</span> <span class='ocrx_word' id='word_1_187' title='bbox 1762 2341 1975 2410; x_wconf 74' lang='grc' dir='ltr'>Φθορὰν</span> 
     </span>
    </p>
   </div>
   <div class='ocr_carea' id='block_1_26' title="bbox 401 2428 1976 2502">
    <p class='ocr_par' dir='ltr' id='par_1_26' title="bbox 401 2428 1976 2502">
     <span class='ocr_line' id='line_1_26' title="bbox 401 2428 1976 2502; baseline 0 -18"><span class='ocrx_word' id='word_1_188' title='bbox 401 2428 457 2484; x_wconf 85' lang='grc' dir='ltr'><strong>δέ</strong></span> <span class='ocrx_word' id='word_1_189' title='bbox 485 2430 585 2501; x_wconf 81' lang='grc' dir='ltr'>τὴν</span> <span class='ocrx_word' id='word_1_190' title='bbox 615 2430 726 2484; x_wconf 73' lang='grc' dir='ltr'>ἀπὸ</span> <span class='ocrx_word' id='word_1_191' title='bbox 751 2430 849 2501; x_wconf 86' lang='grc' dir='ltr'><strong>τῆς</strong></span> <span class='ocrx_word' id='word_1_192' title='bbox 885 2430 1159 2501; x_wconf 84' lang='grc' dir='ltr'>κοσμικῆς</span> <span class='ocrx_word' id='word_1_193' title='bbox 1211 2430 1510 2501; x_wconf 72' lang='grc' dir='ltr'>ἐπιθυμίας</span> <span class='ocrx_word' id='word_1_194' title='bbox 1567 2432 1757 2502; x_wconf 70' lang='grc' dir='ltr'>φησὶν,</span> <span class='ocrx_word' id='word_1_195' title='bbox 1809 2431 1884 2495; x_wconf 88' lang='grc' dir='ltr'>ὼς</span> <span class='ocrx_word' id='word_1_196' title='bbox 1910 2435 1976 2484; x_wconf 84' lang='grc' dir='ltr'>ὲκ</span> 
     </span>
    </p>
   </div>
   <div class='ocr_carea' id='block_1_27' title="bbox 405 2518 1735 2593">
    <p class='ocr_par' dir='ltr' id='par_1_27' title="bbox 405 2518 1735 2593">
     <span class='ocr_line' id='line_1_27' title="bbox 405 2518 1735 2593; baseline 0.002 -21"><span class='ocrx_word' id='word_1_197' title='bbox 405 2518 661 2591; x_wconf 82' lang='grc' dir='ltr'>φθαρτῶν</span> <span class='ocrx_word' id='word_1_198' title='bbox 699 2536 761 2573; x_wconf 88' lang='grc' dir='ltr'><strong>τε</strong></span> <span class='ocrx_word' id='word_1_199' title='bbox 800 2520 895 2574; x_wconf 83' lang='grc' dir='ltr'>καὶ</span> <span class='ocrx_word' id='word_1_200' title='bbox 928 2520 1059 2593; x_wconf 79' lang='grc' dir='ltr'>περὶ</span> <span class='ocrx_word' id='word_1_201' title='bbox 1096 2520 1315 2593; x_wconf 85' lang='grc' dir='ltr'>φθαρτά</span> <span class='ocrx_word' id='word_1_202' title='bbox 1347 2521 1735 2592; x_wconf 84' lang='grc' dir='ltr'>συγκειμένης.</span> 
     </span>
    </p>
   </div>
   <div class='ocr_carea' id='block_1_28' title="bbox 481 2824 1953 2898">
    <p class='ocr_par' dir='ltr' id='par_1_28' title="bbox 481 2824 1953 2898">
     <span class='ocr_line' id='line_1_28' title="bbox 481 2824 1953 2898; baseline -0.001 -19"><span class='ocrx_word' id='word_1_203' title='bbox 481 2846 500 2879; x_wconf 80' lang='grc' dir='ltr'><strong>ι</strong></span> <span class='ocrx_word' id='word_1_204' title='bbox 537 2828 656 2883; x_wconf 79' lang='grc' dir='ltr'>Ἵνα</span> <span class='ocrx_word' id='word_1_205' title='bbox 683 2827 772 2880; x_wconf 88' lang='grc' dir='ltr'><strong>διά</strong></span> <span class='ocrx_word' id='word_1_206' title='bbox 796 2827 998 2882; x_wconf 86' lang='grc' dir='ltr'>τούτων</span> <span class='ocrx_word' id='word_1_207' title='bbox 1024 2827 1255 2898; x_wconf 78' lang='grc' dir='ltr'>γένησθε</span> <span class='ocrx_word' id='word_1_208' title='bbox 1280 2826 1430 2889; x_wconf 88' lang='grc' dir='ltr'>θείας</span> <span class='ocrx_word' id='word_1_209' title='bbox 1456 2825 1671 2896; x_wconf 86' lang='grc' dir='ltr'>φύσεως</span> <span class='ocrx_word' id='word_1_210' title='bbox 1704 2824 1953 2879; x_wconf 76' lang='grc' dir='ltr'>κοινωνοὶ</span> 
     </span>
    </p>
   </div>
   <div class='ocr_carea' id='block_1_29' title="bbox 402 2915 1972 2992">
    <p class='ocr_par' dir='ltr' id='par_1_29' title="bbox 402 2915 1972 2992">
     <span class='ocr_line' id='line_1_29' title="bbox 402 2915 1972 2992; baseline -0.003 -18"><span class='ocrx_word' id='word_1_211' title='bbox 402 2919 777 2989; x_wconf 73' lang='grc' dir='ltr'>ἀποφυγόντες</span> <span class='ocrx_word' id='word_1_212' title='bbox 815 2921 913 2992; x_wconf 87' lang='grc' dir='ltr'><strong>τῆς</strong></span> <span class='ocrx_word' id='word_1_213' title='bbox 949 2923 1005 2974; x_wconf 88' lang='grc' dir='ltr'><strong>ἐν</strong></span> <span class='ocrx_word' id='word_1_214' title='bbox 1049 2921 1238 2991; x_wconf 83' lang='grc' dir='ltr'>κόσμῳ</span> <span class='ocrx_word' id='word_1_215' title='bbox 1269 2922 1325 2972; x_wconf 91' lang='grc' dir='ltr'><strong>ἐν</strong></span> <span class='ocrx_word' id='word_1_216' title='bbox 1360 2917 1628 2989; x_wconf 82' lang='grc' dir='ltr'>ἐπιθυμίᾳ</span> <span class='ocrx_word' id='word_1_217' title='bbox 1686 2915 1915 2988; x_wconf 82' lang='grc' dir='ltr'>φθορᾶς.</span> <span class='ocrx_word' id='word_1_218' title='bbox 1953 2934 1972 2969; x_wconf 75' lang='grc' dir='ltr'><strong>ι</strong></span> 
     </span>
    </p>
   </div>
   <div class='ocr_carea' id='block_1_30' title="bbox 404 3009 1979 3082">
    <p class='ocr_par' dir='ltr' id='par_1_30' title="bbox 404 3009 1979 3082">
     <span class='ocr_line' id='line_1_30' title="bbox 404 3009 1979 3082; baseline -0.001 -18"><span class='ocrx_word' id='word_1_219' title='bbox 404 3012 478 3064; x_wconf 85' lang='grc' dir='ltr'><strong>Τὸ</strong></span> <span class='ocrx_word' id='word_1_220' title='bbox 512 3012 638 3082; x_wconf 82' lang='grc' dir='ltr'><strong>ἑξῆς</strong></span> <span class='ocrx_word' id='word_1_221' title='bbox 687 3013 894 3075; x_wconf 78' lang='grc' dir='ltr'>οὕτως’</span> <span class='ocrx_word' id='word_1_222' title='bbox 920 3012 1039 3065; x_wconf 85' lang='grc' dir='ltr'>Ἵνα</span> <span class='ocrx_word' id='word_1_223' title='bbox 1098 3010 1511 3079; x_wconf 78' lang='grc' dir='ltr'>ἀπαλλαγέντες</span> <span class='ocrx_word' id='word_1_224' title='bbox 1546 3011 1646 3080; x_wconf 85' lang='grc' dir='ltr'><strong>τῆς</strong></span> <span class='ocrx_word' id='word_1_225' title='bbox 1686 3011 1746 3064; x_wconf 85' lang='grc' dir='ltr'><strong>ἐν</strong></span> <span class='ocrx_word' id='word_1_226' title='bbox 1788 3009 1979 3081; x_wconf 86' lang='grc' dir='ltr'>κόσμῳ</span> 
     </span>
    </p>
   </div>
   <div class='ocr_carea' id='block_1_31' title="bbox 404 3101 1980 3176">
    <p class='ocr_par' dir='ltr' id='par_1_31' title="bbox 404 3101 1980 3176">
     <span class='ocr_line' id='line_1_31' title="bbox 404 3101 1980 3176; baseline 0 -21"><span class='ocrx_word' id='word_1_227' title='bbox 404 3102 628 3174; x_wconf 82' lang='grc' dir='ltr'>φθορᾶς.</span> <span class='ocrx_word' id='word_1_228' title='bbox 664 3103 766 3173; x_wconf 84' lang='grc' dir='ltr'><strong>τῆς</strong></span> <span class='ocrx_word' id='word_1_229' title='bbox 795 3104 853 3156; x_wconf 83' lang='grc' dir='ltr'><strong>ἐν</strong></span> <span class='ocrx_word' id='word_1_230' title='bbox 891 3104 1155 3176; x_wconf 68' lang='grc' dir='ltr'>ἐπιθυμίᾳ</span> <span class='ocrx_word' id='word_1_231' title='bbox 1210 3105 1448 3174; x_wconf 82' lang='grc' dir='ltr'>σαρκικῇ</span> <span class='ocrx_word' id='word_1_232' title='bbox 1493 3102 1847 3174; x_wconf 80' lang='grc' dir='ltr'>τελουμένης,</span> <span class='ocrx_word' id='word_1_233' title='bbox 1887 3101 1980 3172; x_wconf 89' lang='grc' dir='ltr'>γέ-</span> 
     </span>
    </p>
   </div>
   <div class='ocr_carea' id='block_1_32' title="bbox 2074 602 3634 671">
    <p class='ocr_par' dir='ltr' id='par_1_32' title="bbox 2074 602 3634 671">
     <span class='ocr_line' id='line_1_32' title="bbox 2074 602 3634 671; baseline 0.006 -17"><span class='ocrx_word' id='word_1_234' title='bbox 2074 602 2231 656; x_wconf 88' lang='lat' dir='ltr'><strong>nobis</strong></span> <span class='ocrx_word' id='word_1_235' title='bbox 2287 604 2554 671; x_wconf 82' lang='lat' dir='ltr'><strong>promissa</strong></span> <span class='ocrx_word' id='word_1_236' title='bbox 2603 606 2846 661; x_wconf 86' lang='lat' dir='ltr'><strong>donavit.</strong></span> <span class='ocrx_word' id='word_1_237' title='bbox 2887 627 2907 655; x_wconf 75' lang='grc' dir='ltr'><strong>ι</strong></span> <span class='ocrx_word' id='word_1_238' title='bbox 2937 605 3083 664; x_wconf 81' lang='lat' dir='ltr'><strong>Ordo</strong></span> <span class='ocrx_word' id='word_1_239' title='bbox 3136 607 3224 661; x_wconf 78' lang='lat' dir='ltr'><strong>llic</strong></span> <span class='ocrx_word' id='word_1_240' title='bbox 3281 617 3409 662; x_wconf 84' lang='lat' dir='ltr'><strong>est:</strong></span> <span class='ocrx_word' id='word_1_241' title='bbox 3460 608 3634 663; x_wconf 74' lang='lat' dir='ltr'><strong>Gratia</strong></span> 
     </span>
    </p>
   </div>
   <div class='ocr_carea' id='block_1_33' title="bbox 2074 691 3634 764">
    <p class='ocr_par' dir='ltr' id='par_1_33' title="bbox 2074 691 3634 764">
     <span class='ocr_line' id='line_1_33' title="bbox 2074 691 3634 764; baseline 0.003 -20"><span class='ocrx_word' id='word_1_242' title='bbox 2074 691 2226 746; x_wconf 88' lang='lat' dir='ltr'><strong>vobis</strong></span> <span class='ocrx_word' id='word_1_243' title='bbox 2262 701 2316 745; x_wconf 92' lang='lat' dir='ltr'><strong>et</strong></span> <span class='ocrx_word' id='word_1_244' title='bbox 2347 708 2448 762; x_wconf 81' lang='lat' dir='ltr'><strong>pax</strong></span> <span class='ocrx_word' id='word_1_245' title='bbox 2487 694 2592 760; x_wconf 91' lang='lat' dir='ltr'><strong>sit;</strong></span> <span class='ocrx_word' id='word_1_246' title='bbox 2636 695 3093 764; x_wconf 85' lang='lat' dir='ltr'><strong>quemadmodum</strong></span> <span class='ocrx_word' id='word_1_247' title='bbox 3128 697 3311 752; x_wconf 83' lang='lat' dir='ltr'><strong>omnia</strong></span> <span class='ocrx_word' id='word_1_248' title='bbox 3359 698 3428 752; x_wconf 88' lang='lat' dir='ltr'><strong>ad</strong></span> <span class='ocrx_word' id='word_1_249' title='bbox 3476 700 3634 752; x_wconf 75' lang='lat' dir='ltr'><strong>vitam</strong></span> 
     </span>
    </p>
   </div>
   <div class='ocr_carea' id='block_1_34' title="bbox 2070 783 3634 855">
    <p class='ocr_par' dir='ltr' id='par_1_34' title="bbox 2070 783 3634 855">
     <span class='ocr_line' id='line_1_34' title="bbox 2070 783 3634 855; baseline 0.004 -17"><span class='ocrx_word' id='word_1_250' title='bbox 2070 789 2125 838; x_wconf 88' lang='lat' dir='ltr'><strong>et</strong></span> <span class='ocrx_word' id='word_1_251' title='bbox 2175 783 2453 853; x_wconf 76' lang='lat' dir='ltr'><strong>pietatem,</strong></span> <span class='ocrx_word' id='word_1_252' title='bbox 2509 786 2563 839; x_wconf 91' lang='lat' dir='ltr'><strong>in</strong></span> <span class='ocrx_word' id='word_1_253' title='bbox 2624 786 2937 855; x_wconf 71' lang='lat' dir='ltr'><strong>cognitione</strong></span> <span class='ocrx_word' id='word_1_254' title='bbox 2995 787 3086 844; x_wconf 91' lang='lat' dir='ltr'><strong>Dei</strong></span> <span class='ocrx_word' id='word_1_255' title='bbox 3148 797 3204 842; x_wconf 92' lang='lat' dir='ltr'><strong>et</strong></span> <span class='ocrx_word' id='word_1_256' title='bbox 3251 788 3381 845; x_wconf 81' lang='lat' dir='ltr'><strong>Jesu</strong></span> <span class='ocrx_word' id='word_1_257' title='bbox 3433 790 3634 845; x_wconf 81' lang='lat' dir='ltr'><strong>Christi</strong></span> 
     </span>
    </p>
   </div>
   <div class='ocr_carea' id='block_1_35' title="bbox 2072 873 3636 951">
    <p class='ocr_par' dir='ltr' id='par_1_35' title="bbox 2072 873 3636 951">
     <span class='ocr_line' id='line_1_35' title="bbox 2072 873 3636 951; baseline 0.006 -23"><span class='ocrx_word' id='word_1_258' title='bbox 2072 873 2283 929; x_wconf 87' lang='lat' dir='ltr'><strong>Domini</strong></span> <span class='ocrx_word' id='word_1_259' title='bbox 2320 877 2516 937; x_wconf 85' lang='lat' dir='ltr'><strong>nostri.</strong></span> <span class='ocrx_word' id='word_1_260' title='bbox 2557 892 2654 946; x_wconf 89' lang='lat' dir='ltr'><strong>per</strong></span> <span class='ocrx_word' id='word_1_261' title='bbox 2679 878 2852 946; x_wconf 77' lang='lat' dir='ltr'><strong>ipsnus</strong></span> <span class='ocrx_word' id='word_1_262' title='bbox 2886 879 3207 948; x_wconf 85' lang='lat' dir='ltr'><strong>potentiam,</strong></span> <span class='ocrx_word' id='word_1_263' title='bbox 3236 896 3361 951; x_wconf 73' lang='lat' dir='ltr'><strong>quat</strong></span> <span class='ocrx_word' id='word_1_264' title='bbox 3408 897 3506 936; x_wconf 90' lang='lat' dir='ltr'><strong>vos</strong></span> <span class='ocrx_word' id='word_1_265' title='bbox 3539 882 3636 937; x_wconf 74' lang='lat' dir='ltr'><strong>hac</strong></span> 
     </span>
    </p>
   </div>
   <div class='ocr_carea' id='block_1_36' title="bbox 2070 965 3646 1041">
    <p class='ocr_par' dir='ltr' id='par_1_36' title="bbox 2070 965 3646 1041">
     <span class='ocr_line' id='line_1_36' title="bbox 2070 965 3646 1041; baseline 0.004 -24"><span class='ocrx_word' id='word_1_266' title='bbox 2070 965 2243 1035; x_wconf 76' lang='lat' dir='ltr'><strong>gratia</strong></span> <span class='ocrx_word' id='word_1_267' title='bbox 2288 967 2531 1034; x_wconf 86' lang='lat' dir='ltr'><strong>donavit,</strong></span> <span class='ocrx_word' id='word_1_268' title='bbox 2587 968 2751 1040; x_wconf 77' lang='lat'><strong>385</strong></span> <span class='ocrx_word' id='word_1_269' title='bbox 2814 971 2882 1025; x_wconf 86' lang='lat' dir='ltr'><strong>ad</strong></span> <span class='ocrx_word' id='word_1_270' title='bbox 2941 971 3308 1040; x_wconf 77' lang='lat' dir='ltr'><strong>cognitionem</strong></span> <span class='ocrx_word' id='word_1_271' title='bbox 3353 973 3538 1041; x_wconf 71' lang='lat' dir='ltr'><strong>gloria:</strong></span> <span class='ocrx_word' id='word_1_272' title='bbox 3590 982 3646 1024; x_wconf 74' lang='lat' dir='ltr'><strong>et</strong></span> 
     </span>
    </p>
   </div>
   <div class='ocr_carea' id='block_1_37' title="bbox 2075 1056 3638 1130">
    <p class='ocr_par' dir='ltr' id='par_1_37' title="bbox 2075 1056 3638 1130">
     <span class='ocr_line' id='line_1_37' title="bbox 2075 1056 3638 1130; baseline 0.009 -27"><span class='ocrx_word' id='word_1_273' title='bbox 2075 1056 2311 1121; x_wconf 87' lang='lat' dir='ltr'><strong>virtutis,</strong></span> <span class='ocrx_word' id='word_1_274' title='bbox 2352 1073 2447 1126; x_wconf 85' lang='lat' dir='ltr'><strong>per</strong></span> <span class='ocrx_word' id='word_1_275' title='bbox 2474 1074 2598 1127; x_wconf 66' lang='lat' dir='ltr'><strong>quae</strong></span> <span class='ocrx_word' id='word_1_276' title='bbox 2627 1061 2861 1114; x_wconf 73' lang='lat' dir='ltr'><strong>niaxima</strong></span> <span class='ocrx_word' id='word_1_277' title='bbox 2904 1061 3173 1130; x_wconf 84' lang='lat' dir='ltr'><strong>promissa</strong></span> <span class='ocrx_word' id='word_1_278' title='bbox 3217 1062 3420 1117; x_wconf 88' lang='lat' dir='ltr'><strong>donata</strong></span> <span class='ocrx_word' id='word_1_279' title='bbox 3454 1075 3584 1118; x_wconf 85' lang='lat' dir='ltr'><strong>sunt</strong></span> <span class='ocrx_word' id='word_1_280' title='bbox 3625 1083 3638 1117; x_wconf 93' lang='lat'>:</span> 
     </span>
    </p>
   </div>
   <div class='ocr_carea' id='block_1_38' title="bbox 2073 1145 3646 1222">
    <p class='ocr_par' dir='ltr' id='par_1_38' title="bbox 2073 1145 3646 1222">
     <span class='ocr_line' id='line_1_38' title="bbox 2073 1145 3646 1222; baseline 0.006 -26"><span class='ocrx_word' id='word_1_281' title='bbox 2073 1150 2131 1196; x_wconf 93' lang='lat' dir='ltr'><strong>ut</strong></span> <span class='ocrx_word' id='word_1_282' title='bbox 2182 1145 2448 1201; x_wconf 77' lang='lat' dir='ltr'><strong>evitantes</strong></span> <span class='ocrx_word' id='word_1_283' title='bbox 2503 1149 2834 1203; x_wconf 85' lang='lat' dir='ltr'><strong>mundanam</strong></span> <span class='ocrx_word' id='word_1_284' title='bbox 2881 1151 3313 1221; x_wconf 81' lang='lat' dir='ltr'><strong>corruptionem,</strong></span> <span class='ocrx_word' id='word_1_285' title='bbox 3368 1167 3491 1221; x_wconf 67' lang='lat' dir='ltr'><strong>quae</strong></span> <span class='ocrx_word' id='word_1_286' title='bbox 3546 1168 3646 1222; x_wconf 82' lang='lat' dir='ltr'><strong>per</strong></span> 
     </span>
    </p>
   </div>
   <div class='ocr_carea' id='block_1_39' title="bbox 2071 1238 3646 1310">
    <p class='ocr_par' dir='ltr' id='par_1_39' title="bbox 2071 1238 3646 1310">
     <span class='ocr_line' id='line_1_39' title="bbox 2071 1238 3646 1310; baseline 0.005 -21"><span class='ocrx_word' id='word_1_287' title='bbox 2071 1238 2572 1306; x_wconf 82' lang='lat' dir='ltr'><strong>concupiscentiam</strong></span> <span class='ocrx_word' id='word_1_288' title='bbox 2640 1239 3011 1310; x_wconf 79' lang='lat' dir='ltr'><strong>ingeneratur,</strong></span> <span class='ocrx_word' id='word_1_289' title='bbox 3081 1242 3387 1298; x_wconf 79' lang='lat' dir='ltr'><strong>elﬁcianiini</strong></span> <span class='ocrx_word' id='word_1_290' title='bbox 3445 1243 3646 1298; x_wconf 71' lang='lat' dir='ltr'><strong>divina:</strong></span> 
     </span>
    </p>
   </div>
   <div class='ocr_carea' id='block_1_40' title="bbox 2071 1331 3645 1403">
    <p class='ocr_par' dir='ltr' id='par_1_40' title="bbox 2071 1331 3645 1403">
     <span class='ocr_line' id='line_1_40' title="bbox 2071 1331 3645 1403; baseline 0.006 -24"><span class='ocrx_word' id='word_1_291' title='bbox 2071 1334 2359 1383; x_wconf 85' lang='lat' dir='ltr'><strong>consortes</strong></span> <span class='ocrx_word' id='word_1_292' title='bbox 2412 1339 2638 1384; x_wconf 67' lang='lat' dir='ltr'><strong>naturae.</strong></span> <span class='ocrx_word' id='word_1_293' title='bbox 2683 1331 2891 1386; x_wconf 86' lang='lat' dir='ltr'><strong>Aliter:</strong></span> <span class='ocrx_word' id='word_1_294' title='bbox 2950 1332 3071 1387; x_wconf 87' lang='lat' dir='ltr'><strong>fuse</strong></span> <span class='ocrx_word' id='word_1_295' title='bbox 3115 1333 3370 1403; x_wconf 84' lang='lat' dir='ltr'><strong>equidem</strong></span> <span class='ocrx_word' id='word_1_296' title='bbox 3425 1333 3529 1389; x_wconf 86' lang='lat' dir='ltr'><strong>ista</strong></span> <span class='ocrx_word' id='word_1_297' title='bbox 3592 1334 3645 1388; x_wconf 90' lang='lat' dir='ltr'><strong>in</strong></span> 
     </span>
    </p>
   </div>
   <div class='ocr_carea' id='block_1_41' title="bbox 2072 1417 3646 1482">
    <p class='ocr_par' dir='ltr' id='par_1_41' title="bbox 2072 1417 3646 1482">
     <span class='ocr_line' id='line_1_41' title="bbox 2072 1417 3646 1482; baseline 0.006 -12"><span class='ocrx_word' id='word_1_298' title='bbox 2072 1425 2223 1471; x_wconf 75' lang='lat' dir='ltr'><strong>textu</strong></span> <span class='ocrx_word' id='word_1_299' title='bbox 2281 1417 2512 1474; x_wconf 88' lang='lat' dir='ltr'><strong>deducta</strong></span> <span class='ocrx_word' id='word_1_300' title='bbox 2563 1429 2693 1476; x_wconf 89' lang='lat' dir='ltr'><strong>sunt</strong></span> <span class='ocrx_word' id='word_1_301' title='bbox 2729 1438 2743 1474; x_wconf 90' lang='lat'><strong>:</strong></span> <span class='ocrx_word' id='word_1_302' title='bbox 2789 1432 3027 1478; x_wconf 75' lang='lat' dir='ltr'><strong>attamen</strong></span> <span class='ocrx_word' id='word_1_303' title='bbox 3069 1440 3266 1482; x_wconf 82' lang='lat' dir='ltr'><strong>sensus</strong></span> <span class='ocrx_word' id='word_1_304' title='bbox 3302 1426 3409 1481; x_wconf 84' lang='lat' dir='ltr'><strong>bne</strong></span> <span class='ocrx_word' id='word_1_305' title='bbox 3453 1425 3594 1481; x_wconf 86' lang='lat' dir='ltr'><strong>redit</strong></span> <span class='ocrx_word' id='word_1_306' title='bbox 3630 1444 3646 1480; x_wconf 88' lang='lat'><strong>:</strong></span> 
     </span>
    </p>
   </div>
   <div class='ocr_carea' id='block_1_42' title="bbox 2071 1512 3647 1589">
    <p class='ocr_par' dir='ltr' id='par_1_42' title="bbox 2071 1512 3647 1589">
     <span class='ocr_line' id='line_1_42' title="bbox 2071 1512 3647 1589; baseline 0.003 -20"><span class='ocrx_word' id='word_1_307' title='bbox 2071 1512 2208 1570; x_wconf 86' lang='lat' dir='ltr'><strong>Cum</strong></span> <span class='ocrx_word' id='word_1_308' title='bbox 2238 1515 2526 1568; x_wconf 89' lang='lat' dir='ltr'><strong>innumera</strong></span> <span class='ocrx_word' id='word_1_309' title='bbox 2560 1530 2655 1585; x_wconf 86' lang='lat' dir='ltr'><strong>per</strong></span> <span class='ocrx_word' id='word_1_310' title='bbox 2685 1515 2891 1573; x_wconf 85' lang='lat' dir='ltr'><strong>Christi</strong></span> <span class='ocrx_word' id='word_1_311' title='bbox 2935 1518 3195 1574; x_wconf 79' lang='lat' dir='ltr'><strong>virtutem</strong></span> <span class='ocrx_word' id='word_1_312' title='bbox 3236 1520 3376 1576; x_wconf 90' lang='lat' dir='ltr'><strong>bona</strong></span> <span class='ocrx_word' id='word_1_313' title='bbox 3426 1535 3647 1589; x_wconf 76' lang='lat' dir='ltr'><strong>recepe-</strong></span> 
     </span>
    </p>
   </div>
   <div class='ocr_carea' id='block_1_43' title="bbox 2074 1604 3648 1674">
    <p class='ocr_par' dir='ltr' id='par_1_43' title="bbox 2074 1604 3648 1674">
     <span class='ocr_line' id='line_1_43' title="bbox 2074 1604 3648 1674; baseline 0.004 -18"><span class='ocrx_word' id='word_1_314' title='bbox 2074 1604 2285 1669; x_wconf 87' lang='lat' dir='ltr'><strong>rimus;</strong></span> <span class='ocrx_word' id='word_1_315' title='bbox 2343 1617 2640 1674; x_wconf 84' lang='lat' dir='ltr'><strong>possumus</strong></span> <span class='ocrx_word' id='word_1_316' title='bbox 2692 1607 2856 1661; x_wconf 89' lang='lat' dir='ltr'><strong>etiam</strong></span> <span class='ocrx_word' id='word_1_317' title='bbox 2916 1608 3031 1664; x_wconf 90' lang='lat' dir='ltr'><strong>ﬁeri</strong></span> <span class='ocrx_word' id='word_1_318' title='bbox 3100 1608 3299 1664; x_wconf 68' lang='lat' dir='ltr'><strong>divinat</strong></span> <span class='ocrx_word' id='word_1_319' title='bbox 3361 1621 3648 1664; x_wconf 85' lang='lat' dir='ltr'><strong>consortes</strong></span> 
     </span>
    </p>
   </div>
   <div class='ocr_carea' id='block_1_44' title="bbox 2073 1694 3645 1768">
    <p class='ocr_par' dir='ltr' id='par_1_44' title="bbox 2073 1694 3645 1768">
     <span class='ocr_line' id='line_1_44' title="bbox 2073 1694 3645 1768; baseline 0.003 -21"><span class='ocrx_word' id='word_1_320' title='bbox 2073 1700 2303 1757; x_wconf 65' lang='lat' dir='ltr'><strong>naturae,</strong></span> <span class='ocrx_word' id='word_1_321' title='bbox 2334 1702 2388 1748; x_wconf 89' lang='lat' dir='ltr'><strong>et</strong></span> <span class='ocrx_word' id='word_1_322' title='bbox 2420 1694 2488 1748; x_wconf 90' lang='lat' dir='ltr'><strong>ad</strong></span> <span class='ocrx_word' id='word_1_323' title='bbox 2548 1697 2713 1751; x_wconf 85' lang='lat' dir='ltr'><strong>vitam</strong></span> <span class='ocrx_word' id='word_1_324' title='bbox 2765 1705 2820 1753; x_wconf 89' lang='lat' dir='ltr'><strong>et</strong></span> <span class='ocrx_word' id='word_1_325' title='bbox 2869 1698 3122 1766; x_wconf 80' lang='lat' dir='ltr'><strong>pietatem</strong></span> <span class='ocrx_word' id='word_1_326' title='bbox 3169 1699 3412 1768; x_wconf 81' lang='lat' dir='ltr'><strong>perduci.</strong></span> <span class='ocrx_word' id='word_1_327' title='bbox 3449 1698 3645 1754; x_wconf 76' lang='lat' dir='ltr'><strong>Verum</strong></span> 
     </span>
    </p>
   </div>
   <div class='ocr_carea' id='block_1_45' title="bbox 2076 1783 3648 1867">
    <p class='ocr_par' dir='ltr' id='par_1_45' title="bbox 2076 1783 3648 1867">
     <span class='ocr_line' id='line_1_45' title="bbox 2076 1783 3648 1867; baseline 0.003 -32"><span class='ocrx_word' id='word_1_328' title='bbox 2076 1783 2148 1835; x_wconf 88' lang='lat' dir='ltr'><strong>ita</strong></span> <span class='ocrx_word' id='word_1_329' title='bbox 2180 1783 2498 1838; x_wconf 83' lang='lat' dir='ltr'><strong>conversari</strong></span> <span class='ocrx_word' id='word_1_330' title='bbox 2527 1783 2811 1849; x_wconf 83' lang='lat' dir='ltr'><strong>debemus,</strong></span> <span class='ocrx_word' id='word_1_331' title='bbox 2846 1795 2905 1840; x_wconf 90' lang='lat' dir='ltr'><strong>nt</strong></span> <span class='ocrx_word' id='word_1_332' title='bbox 2939 1784 3044 1840; x_wconf 87' lang='lat' dir='ltr'><strong>ﬁde</strong></span> <span class='ocrx_word' id='word_1_333' title='bbox 3086 1802 3442 1843; x_wconf 75' lang='lat' dir='ltr'><strong>exerceamus</strong></span> <span class='ocrx_word' id='word_1_334' title='bbox 3476 1788 3648 1867; x_wconf 27' lang='lat' dir='ltr'><strong>virtu-ﬁ</strong></span> 
     </span>
    </p>
   </div>
   <div class='ocr_carea' id='block_1_46' title="bbox 2006 1859 3647 1944">
    <p class='ocr_par' dir='ltr' id='par_1_46' title="bbox 2006 1859 3647 1944">
     <span class='ocr_line' id='line_1_46' title="bbox 2006 1859 3647 1944; baseline 0.002 -19"><span class='ocrx_word' id='word_1_335' title='bbox 2006 1859 2049 1919; x_wconf 86' lang='grc' dir='ltr'><strong>Β</strong></span> <span class='ocrx_word' id='word_1_336' title='bbox 2079 1879 2210 1937; x_wconf 90' lang='lat' dir='ltr'><strong>tem,</strong></span> <span class='ocrx_word' id='word_1_337' title='bbox 2263 1885 2329 1927; x_wconf 85' lang='lat' dir='ltr'><strong>ac</strong></span> <span class='ocrx_word' id='word_1_338' title='bbox 2365 1887 2460 1942; x_wconf 88' lang='lat' dir='ltr'><strong>per</strong></span> <span class='ocrx_word' id='word_1_339' title='bbox 2509 1874 2766 1929; x_wconf 75' lang='lat' dir='ltr'><strong>virtutem</strong></span> <span class='ocrx_word' id='word_1_340' title='bbox 2821 1874 2876 1928; x_wconf 91' lang='lat' dir='ltr'><strong>in</strong></span> <span class='ocrx_word' id='word_1_341' title='bbox 2933 1876 3187 1944; x_wconf 82' lang='lat' dir='ltr'><strong>pietatem</strong></span> <span class='ocrx_word' id='word_1_342' title='bbox 3247 1862 3647 1944; x_wconf 62' lang='lat' dir='ltr'><strong>proﬁciamusé</strong></span> 
     </span>
    </p>
   </div>
   <div class='ocr_carea' id='block_1_47' title="bbox 2077 1960 3648 2036">
    <p class='ocr_par' dir='ltr' id='par_1_47' title="bbox 2077 1960 3648 2036">
     <span class='ocr_line' id='line_1_47' title="bbox 2077 1960 3648 2036; baseline 0.003 -19"><span class='ocrx_word' id='word_1_343' title='bbox 2077 1960 2251 2017; x_wconf 89' lang='lat' dir='ltr'><strong>donec</strong></span> <span class='ocrx_word' id='word_1_344' title='bbox 2281 1961 2496 2016; x_wconf 83' lang='lat' dir='ltr'><strong>tandem</strong></span> <span class='ocrx_word' id='word_1_345' title='bbox 2536 1962 2604 2016; x_wconf 88' lang='lat' dir='ltr'><strong>ad</strong></span> <span class='ocrx_word' id='word_1_346' title='bbox 2631 1964 3092 2033; x_wconf 56' lang='lat' dir='ltr'><strong>perfectissimum</strong></span> <span class='ocrx_word' id='word_1_347' title='bbox 3126 1964 3419 2030; x_wconf 88' lang='lat' dir='ltr'><strong>bonorum,</strong></span> <span class='ocrx_word' id='word_1_348' title='bbox 3451 1981 3648 2036; x_wconf 85' lang='lat' dir='ltr'><strong>nempe</strong></span> 
     </span>
    </p>
   </div>
   <div class='ocr_carea' id='block_1_48' title="bbox 2077 2050 3650 2119">
    <p class='ocr_par' dir='ltr' id='par_1_48' title="bbox 2077 2050 3650 2119">
     <span class='ocr_line' id='line_1_48' title="bbox 2077 2050 3650 2119; baseline 0.005 -15"><span class='ocrx_word' id='word_1_349' title='bbox 2077 2050 2421 2118; x_wconf 82' lang='lat' dir='ltr'><strong>eliaritatem,</strong></span> <span class='ocrx_word' id='word_1_350' title='bbox 2455 2055 2857 2119; x_wconf 74' lang='lat' dir='ltr'><strong>perveniamus.</strong></span> <span class='ocrx_word' id='word_1_351' title='bbox 2901 2053 3103 2109; x_wconf 68' lang='lat' dir='ltr'><strong>Divina:</strong></span> <span class='ocrx_word' id='word_1_352' title='bbox 3152 2062 3334 2109; x_wconf 85' lang='lat' dir='ltr'><strong>autem</strong></span> <span class='ocrx_word' id='word_1_353' title='bbox 3362 2064 3650 2112; x_wconf 84' lang='lat' dir='ltr'><strong>eonsortes</strong></span> 
     </span>
    </p>
   </div>
   <div class='ocr_carea' id='block_1_49' title="bbox 2078 2142 3651 2216">
    <p class='ocr_par' dir='ltr' id='par_1_49' title="bbox 2078 2142 3651 2216">
     <span class='ocr_line' id='line_1_49' title="bbox 2078 2142 3651 2216; baseline 0.004 -21"><span class='ocrx_word' id='word_1_354' title='bbox 2078 2152 2286 2197; x_wconf 73' lang='lat' dir='ltr'><strong>natura:</strong></span> <span class='ocrx_word' id='word_1_355' title='bbox 2318 2142 2493 2197; x_wconf 83' lang='lat' dir='ltr'><strong>eﬁ&#39;ecti</strong></span> <span class='ocrx_word' id='word_1_356' title='bbox 2528 2158 2718 2199; x_wconf 81' lang='lat' dir='ltr'><strong>smnus</strong></span> <span class='ocrx_word' id='word_1_357' title='bbox 2754 2160 2851 2215; x_wconf 87' lang='lat' dir='ltr'><strong>per</strong></span> <span class='ocrx_word' id='word_1_358' title='bbox 2901 2145 3109 2200; x_wconf 86' lang='lat' dir='ltr'><strong>Domini</strong></span> <span class='ocrx_word' id='word_1_359' title='bbox 3165 2145 3455 2201; x_wconf 85' lang='lat' dir='ltr'><strong>adventum</strong></span> <span class='ocrx_word' id='word_1_360' title='bbox 3492 2164 3507 2200; x_wconf 89' lang='lat'><strong>:</strong></span> <span class='ocrx_word' id='word_1_361' title='bbox 3539 2164 3651 2216; x_wconf 88' lang='lat' dir='ltr'><strong>quo</strong></span> 
     </span>
    </p>
   </div>
   <div class='ocr_carea' id='block_1_50' title="bbox 2078 2232 3651 2305">
    <p class='ocr_par' dir='ltr' id='par_1_50' title="bbox 2078 2232 3651 2305">
     <span class='ocr_line' id='line_1_50' title="bbox 2078 2232 3651 2305; baseline 0.003 -21"><span class='ocrx_word' id='word_1_362' title='bbox 2078 2232 2350 2301; x_wconf 85' lang='lat' dir='ltr'><strong>primitias</strong></span> <span class='ocrx_word' id='word_1_363' title='bbox 2399 2241 2613 2288; x_wconf 72' lang='lat' dir='ltr'><strong>naturae</strong></span> <span class='ocrx_word' id='word_1_364' title='bbox 2669 2242 2869 2289; x_wconf 67' lang='lat' dir='ltr'><strong>nostra:</strong></span> <span class='ocrx_word' id='word_1_365' title='bbox 2916 2234 2970 2289; x_wconf 92' lang='lat' dir='ltr'><strong>in</strong></span> <span class='ocrx_word' id='word_1_366' title='bbox 3017 2236 3200 2305; x_wconf 89' lang='lat' dir='ltr'><strong>seipso</strong></span> <span class='ocrx_word' id='word_1_367' title='bbox 3244 2236 3564 2304; x_wconf 84' lang='lat' dir='ltr'><strong>assumpsit,</strong></span> <span class='ocrx_word' id='word_1_368' title='bbox 3595 2245 3651 2290; x_wconf 88' lang='lat' dir='ltr'><strong>et</strong></span> 
     </span>
    </p>
   </div>
   <div class='ocr_carea' id='block_1_51' title="bbox 2078 2324 3652 2396">
    <p class='ocr_par' dir='ltr' id='par_1_51' title="bbox 2078 2324 3652 2396">
     <span class='ocr_line' id='line_1_51' title="bbox 2078 2324 3652 2396; baseline 0.003 -21"><span class='ocrx_word' id='word_1_369' title='bbox 2078 2324 2409 2378; x_wconf 69' lang='lat' dir='ltr'><strong>assumenda</strong></span> <span class='ocrx_word' id='word_1_370' title='bbox 2434 2325 2817 2379; x_wconf 79' lang='lat' dir='ltr'><strong>sanctiliravit.</strong></span> <span class='ocrx_word' id='word_1_371' title='bbox 2849 2325 2905 2379; x_wconf 89' lang='lat' dir='ltr'><strong>Si</strong></span> <span class='ocrx_word' id='word_1_372' title='bbox 2931 2336 3109 2380; x_wconf 87' lang='lat' dir='ltr'><strong>autem</strong></span> <span class='ocrx_word' id='word_1_373' title='bbox 3138 2325 3435 2396; x_wconf 81' lang='lat' dir='ltr'><strong>primordia</strong></span> <span class='ocrx_word' id='word_1_374' title='bbox 3459 2336 3652 2381; x_wconf 86' lang='lat' dir='ltr'><strong>sancta</strong></span> 
     </span>
    </p>
   </div>
   <div class='ocr_carea' id='block_1_52' title="bbox 2077 2416 3655 2486">
    <p class='ocr_par' dir='ltr' id='par_1_52' title="bbox 2077 2416 3655 2486">
     <span class='ocr_line' id='line_1_52' title="bbox 2077 2416 3655 2486; baseline 0.003 -20"><span class='ocrx_word' id='word_1_375' title='bbox 2077 2425 2226 2480; x_wconf 74' lang='lat' dir='ltr'><strong>sunt,</strong></span> <span class='ocrx_word' id='word_1_376' title='bbox 2283 2424 2337 2470; x_wconf 91' lang='lat' dir='ltr'><strong>et</strong></span> <span class='ocrx_word' id='word_1_377' title='bbox 2368 2416 2482 2484; x_wconf 87' lang='lat' dir='ltr'><strong>ipsa</strong></span> <span class='ocrx_word' id='word_1_378' title='bbox 2532 2431 2709 2470; x_wconf 86' lang='lat' dir='ltr'><strong>massa</strong></span> <span class='ocrx_word' id='word_1_379' title='bbox 2746 2426 2930 2470; x_wconf 81' lang='lat' dir='ltr'><strong>saneta</strong></span> <span class='ocrx_word' id='word_1_380' title='bbox 2971 2418 3042 2472; x_wconf 90' lang='lat' dir='ltr'><strong>sit</strong></span> <span class='ocrx_word' id='word_1_381' title='bbox 3070 2424 3303 2486; x_wconf 87' lang='lat' dir='ltr'><strong>oportet.</strong></span> <span class='ocrx_word' id='word_1_382' title='bbox 3338 2417 3655 2486; x_wconf 88' lang='lat' dir='ltr'><strong>Corruptio-</strong></span> 
     </span>
    </p>
   </div>
   <div class='ocr_carea' id='block_1_53' title="bbox 2081 2506 3655 2577">
    <p class='ocr_par' dir='ltr' id='par_1_53' title="bbox 2081 2506 3655 2577">
     <span class='ocr_line' id='line_1_53' title="bbox 2081 2506 3655 2577; baseline 0.003 -19"><span class='ocrx_word' id='word_1_383' title='bbox 2081 2519 2207 2559; x_wconf 88' lang='lat' dir='ltr'><strong>nem</strong></span> <span class='ocrx_word' id='word_1_384' title='bbox 2257 2522 2385 2560; x_wconf 87' lang='lat' dir='ltr'><strong>vero</strong></span> <span class='ocrx_word' id='word_1_385' title='bbox 2428 2522 2548 2560; x_wconf 83' lang='lat' dir='ltr'><strong>eain</strong></span> <span class='ocrx_word' id='word_1_386' title='bbox 2587 2507 2673 2561; x_wconf 83' lang='lat' dir='ltr'><strong>hic</strong></span> <span class='ocrx_word' id='word_1_387' title='bbox 2702 2506 2859 2573; x_wconf 83' lang='lat' dir='ltr'><strong>dicit,</strong></span> <span class='ocrx_word' id='word_1_388' title='bbox 2890 2523 3011 2577; x_wconf 85' lang='lat' dir='ltr'><strong>quae</strong></span> <span class='ocrx_word' id='word_1_389' title='bbox 3040 2524 3106 2562; x_wconf 76' lang='lat' dir='ltr'><strong>ex</strong></span> <span class='ocrx_word' id='word_1_390' title='bbox 3147 2506 3420 2562; x_wconf 88' lang='lat' dir='ltr'><strong>mundana</strong></span> <span class='ocrx_word' id='word_1_391' title='bbox 3446 2522 3655 2562; x_wconf 85' lang='lat' dir='ltr'><strong>concu-</strong></span> 
     </span>
    </p>
   </div>
   <div class='ocr_carea' id='block_1_54' title="bbox 2078 2597 3651 2668">
    <p class='ocr_par' dir='ltr' id='par_1_54' title="bbox 2078 2597 3651 2668">
     <span class='ocr_line' id='line_1_54' title="bbox 2078 2597 3651 2668; baseline 0.003 -18"><span class='ocrx_word' id='word_1_392' title='bbox 2078 2597 2346 2666; x_wconf 78' lang='lat' dir='ltr'><strong>piscentia</strong></span> <span class='ocrx_word' id='word_1_393' title='bbox 2378 2599 2626 2667; x_wconf 85' lang='lat' dir='ltr'><strong>procedit</strong></span> <span class='ocrx_word' id='word_1_394' title='bbox 2662 2637 2674 2651; x_wconf 91' lang='lat'><strong>.</strong></span> <span class='ocrx_word' id='word_1_395' title='bbox 2696 2600 2904 2668; x_wconf 76' lang='lat' dir='ltr'><strong>quippe</strong></span> <span class='ocrx_word' id='word_1_396' title='bbox 2933 2612 3056 2667; x_wconf 68' lang='lat' dir='ltr'><strong>qua:</strong></span> <span class='ocrx_word' id='word_1_397' title='bbox 3082 2615 3151 2653; x_wconf 77' lang='lat' dir='ltr'><strong>ex</strong></span> <span class='ocrx_word' id='word_1_398' title='bbox 3202 2598 3651 2668; x_wconf 76' lang='lat' dir='ltr'><strong>corruptibilibus</strong></span> 
     </span>
    </p>
   </div>
   <div class='ocr_carea' id='block_1_55' title="bbox 2079 2691 3141 2759">
    <p class='ocr_par' dir='ltr' id='par_1_55' title="bbox 2079 2691 3141 2759">
     <span class='ocr_line' id='line_1_55' title="bbox 2079 2691 3141 2759; baseline 0.001 -17"><span class='ocrx_word' id='word_1_399' title='bbox 2079 2697 2320 2754; x_wconf 87' lang='lat' dir='ltr'><strong>constat,</strong></span> <span class='ocrx_word' id='word_1_400' title='bbox 2346 2698 2402 2745; x_wconf 90' lang='lat' dir='ltr'><strong>et</strong></span> <span class='ocrx_word' id='word_1_401' title='bbox 2439 2691 2493 2744; x_wconf 90' lang='lat' dir='ltr'><strong>in</strong></span> <span class='ocrx_word' id='word_1_402' title='bbox 2525 2691 2905 2759; x_wconf 87' lang='lat' dir='ltr'><strong>corruptibilia</strong></span> <span class='ocrx_word' id='word_1_403' title='bbox 2946 2691 3141 2746; x_wconf 85' lang='lat' dir='ltr'><strong>tendit.</strong></span> 
     </span>
    </p>
   </div>
   <div class='ocr_carea' id='block_1_56' title="bbox 2156 2826 3651 2896">
    <p class='ocr_par' dir='ltr' id='par_1_56' title="bbox 2156 2826 3651 2896">
     <span class='ocr_line' id='line_1_56' title="bbox 2156 2826 3651 2896; baseline 0.001 -18"><span class='ocrx_word' id='word_1_404' title='bbox 2156 2844 2175 2878; x_wconf 85' lang='grc' dir='ltr'><strong>ι</strong></span> <span class='ocrx_word' id='word_1_405' title='bbox 2221 2826 2291 2881; x_wconf 89' lang='lat' dir='ltr'><strong>Ut</strong></span> <span class='ocrx_word' id='word_1_406' title='bbox 2320 2841 2418 2896; x_wconf 82' lang='lat' dir='ltr'><strong>per</strong></span> <span class='ocrx_word' id='word_1_407' title='bbox 2447 2826 2560 2883; x_wconf 66' lang='lat' dir='ltr'><strong>hinc</strong></span> <span class='ocrx_word' id='word_1_408' title='bbox 2598 2827 2904 2883; x_wconf 86' lang='lat' dir='ltr'><strong>efﬁciamini</strong></span> <span class='ocrx_word' id='word_1_409' title='bbox 2935 2827 3130 2882; x_wconf 69' lang='lat' dir='ltr'><strong>divinae</strong></span> <span class='ocrx_word' id='word_1_410' title='bbox 3179 2835 3463 2883; x_wconf 88' lang='lat' dir='ltr'><strong>consortes</strong></span> <span class='ocrx_word' id='word_1_411' title='bbox 3492 2838 3651 2881; x_wconf 85' lang='lat' dir='ltr'><strong>natu-</strong></span> 
     </span>
    </p>
   </div>
   <div class='ocr_carea' id='block_1_57' title="bbox 2081 2918 3652 2990">
    <p class='ocr_par' dir='ltr' id='par_1_57' title="bbox 2081 2918 3652 2990">
     <span class='ocr_line' id='line_1_57' title="bbox 2081 2918 3652 2990; baseline -0.003 -16"><span class='ocrx_word' id='word_1_412' title='bbox 2081 2935 2178 2986; x_wconf 78' lang='lat' dir='ltr'><strong>rae,</strong></span> <span class='ocrx_word' id='word_1_413' title='bbox 2221 2919 2494 2989; x_wconf 77' lang='lat' dir='ltr'><strong>fugientes</strong></span> <span class='ocrx_word' id='word_1_414' title='bbox 2524 2919 2644 2989; x_wconf 78' lang='lat' dir='ltr'><strong>ejus</strong></span> <span class='ocrx_word' id='word_1_415' title='bbox 2669 2936 2788 2990; x_wconf 67' lang='lat' dir='ltr'><strong>qua:</strong></span> <span class='ocrx_word' id='word_1_416' title='bbox 2811 2921 2863 2974; x_wconf 91' lang='lat' dir='ltr'><strong>in</strong></span> <span class='ocrx_word' id='word_1_417' title='bbox 2891 2920 3094 2975; x_wconf 86' lang='lat' dir='ltr'><strong>mundo</strong></span> <span class='ocrx_word' id='word_1_418' title='bbox 3124 2930 3229 2984; x_wconf 79' lang='grc' dir='ltr'>εει,</span> <span class='ocrx_word' id='word_1_419' title='bbox 3259 2918 3652 2988; x_wconf 86' lang='lat' dir='ltr'><strong>concupiscen-</strong></span> 
     </span>
    </p>
   </div>
   <div class='ocr_carea' id='block_1_58' title="bbox 2082 3003 3650 3081">
    <p class='ocr_par' dir='ltr' id='par_1_58' title="bbox 2082 3003 3650 3081">
     <span class='ocr_line' id='line_1_58' title="bbox 2082 3003 3650 3081; baseline -0.002 -17"><span class='ocrx_word' id='word_1_420' title='bbox 2082 3012 2171 3068; x_wconf 76' lang='lat' dir='ltr'><strong>tiae</strong></span> <span class='ocrx_word' id='word_1_421' title='bbox 2194 3010 2623 3081; x_wconf 84' lang='lat' dir='ltr'><strong>corruptionem.</strong></span> <span class='ocrx_word' id='word_1_422' title='bbox 2668 3031 2685 3063; x_wconf 75' lang='grc' dir='ltr'><strong>ι</strong></span> <span class='ocrx_word' id='word_1_423' title='bbox 2722 3010 2775 3064; x_wconf 87' lang='lat' dir='ltr'><strong>Id</strong></span> <span class='ocrx_word' id='word_1_424' title='bbox 2806 3019 2928 3066; x_wconf 88' lang='lat' dir='ltr'><strong>est:</strong></span> <span class='ocrx_word' id='word_1_425' title='bbox 2962 3010 3030 3066; x_wconf 81' lang='lat' dir='ltr'><strong>Ut</strong></span> <span class='ocrx_word' id='word_1_426' title='bbox 3062 3003 3403 3064; x_wconf 45' lang='lat' dir='ltr'><strong>a&#39;mnndana</strong></span> <span class='ocrx_word' id='word_1_427' title='bbox 3451 3024 3650 3063; x_wconf 82' lang='lat' dir='ltr'><strong>corru-</strong></span> 
     </span>
    </p>
   </div>
   <div class='ocr_carea' id='block_1_59' title="bbox 2083 3098 3654 3172">
    <p class='ocr_par' dir='ltr' id='par_1_59' title="bbox 2083 3098 3654 3172">
     <span class='ocr_line' id='line_1_59' title="bbox 2083 3098 3654 3172; baseline -0.005 -15"><span class='ocrx_word' id='word_1_428' title='bbox 2083 3103 2290 3172; x_wconf 88' lang='lat' dir='ltr'><strong>ptione,</strong></span> <span class='ocrx_word' id='word_1_429' title='bbox 2337 3117 2458 3171; x_wconf 73' lang='lat' dir='ltr'><strong>quae</strong></span> <span class='ocrx_word' id='word_1_430' title='bbox 2496 3104 2548 3157; x_wconf 90' lang='lat' dir='ltr'><strong>in</strong></span> <span class='ocrx_word' id='word_1_431' title='bbox 2601 3101 3050 3172; x_wconf 82' lang='lat' dir='ltr'><strong>concupiscentia</strong></span> <span class='ocrx_word' id='word_1_432' title='bbox 3096 3100 3301 3154; x_wconf 87' lang='lat' dir='ltr'><strong>carnali</strong></span> <span class='ocrx_word' id='word_1_433' title='bbox 3352 3098 3654 3169; x_wconf 84' lang='lat' dir='ltr'><strong>perﬁcitur,</strong></span> 
     </span>
    </p>
   </div>
   <div class='ocr_carea' id='block_1_60' title="bbox 404 3180 1993 3265">
    <p class='ocr_par' dir='ltr' id='par_1_60' title="bbox 404 3180 1976 3265">
     <span class='ocr_line' id='line_1_60' title="bbox 404 3180 1976 3265; baseline 0.001 -21"><span class='ocrx_word' id='word_1_434' title='bbox 404 3194 584 3247; x_wconf 85' lang='grc' dir='ltr'>νοισθε</span> <span class='ocrx_word' id='word_1_435' title='bbox 624 3180 775 3257; x_wconf 70' lang='grc' dir='ltr'>θείας</span> <span class='ocrx_word' id='word_1_436' title='bbox 824 3194 1041 3264; x_wconf 87' lang='grc' dir='ltr'>φύσεως</span> <span class='ocrx_word' id='word_1_437' title='bbox 1091 3194 1360 3248; x_wconf 90' lang='grc' dir='ltr'>κοινωνοί.</span> <span class='ocrx_word' id='word_1_438' title='bbox 1423 3195 1495 3247; x_wconf 86' lang='grc' dir='ltr'>Τὸ</span> <span class='ocrx_word' id='word_1_439' title='bbox 1528 3192 1658 3265; x_wconf 82' lang='grc' dir='ltr'>γὰρ,</span> <span class='ocrx_word' id='word_1_440' title='bbox 1711 3213 1730 3246; x_wconf 82' lang='grc' dir='ltr'><strong>ι</strong></span> <span class='ocrx_word' id='word_1_441' title='bbox 1767 3194 1976 3263; x_wconf 82' lang='grc' dir='ltr'>ἀποφυ-</span> 
     </span>
    </p>
   </div>
   <div class='ocr_carea' id='block_1_61' title="bbox 2077 3180 3652 3265">
    <p class='ocr_par' dir='ltr' id='par_1_61' title="bbox 2087 3190 3652 3256">
     <span class='ocr_line' id='line_1_61' title="bbox 2087 3190 3652 3256; baseline -0.003 -8"><span class='ocrx_word' id='word_1_442' title='bbox 2087 3194 2320 3256; x_wconf 87' lang='lat' dir='ltr'><strong>liberati,</strong></span> <span class='ocrx_word' id='word_1_443' title='bbox 2350 3193 2655 3247; x_wconf 80' lang='lat' dir='ltr'><strong>eﬁiciantini</strong></span> <span class='ocrx_word' id='word_1_444' title='bbox 2690 3193 2888 3246; x_wconf 79' lang='lat' dir='ltr'><strong>divina:</strong></span> <span class='ocrx_word' id='word_1_445' title='bbox 2922 3200 3207 3247; x_wconf 66' lang='lat' dir='ltr'><strong>consortes</strong></span> <span class='ocrx_word' id='word_1_446' title='bbox 3253 3200 3481 3246; x_wconf 65' lang='lat' dir='ltr'><strong>naturae.</strong></span> <span class='ocrx_word' id='word_1_447' title='bbox 3519 3190 3652 3244; x_wconf 90' lang='lat' dir='ltr'><strong>Illud</strong></span> 
     </span>
    </p>
   </div>
   <div class='ocr_carea' id='block_1_62' title="bbox 404 3283 1670 3355">
    <p class='ocr_par' dir='ltr' id='par_1_62' title="bbox 404 3283 1670 3355">
     <span class='ocr_line' id='line_1_62' title="bbox 404 3283 1670 3355; baseline 0.002 -20"><span class='ocrx_word' id='word_1_448' title='bbox 404 3284 613 3351; x_wconf 87' lang='grc' dir='ltr'>γόντες,</span> <span class='ocrx_word' id='word_1_449' title='bbox 657 3304 677 3339; x_wconf 74' lang='grc' dir='ltr'><strong>ι</strong></span> <span class='ocrx_word' id='word_1_450' title='bbox 720 3286 844 3339; x_wconf 80' lang='grc' dir='ltr'>ἀντὶ</span> <span class='ocrx_word' id='word_1_451' title='bbox 875 3283 993 3349; x_wconf 90' lang='grc' dir='ltr'>τοῦ,</span> <span class='ocrx_word' id='word_1_452' title='bbox 1034 3285 1468 3355; x_wconf 80' lang='grc' dir='ltr'>ἀπαλλαγέντες,</span> <span class='ocrx_word' id='word_1_453' title='bbox 1502 3284 1670 3338; x_wconf 88' lang='grc' dir='ltr'>ἐστίν.</span> 
     </span>
    </p>
   </div>
   <div class='ocr_carea' id='block_1_63' title="bbox 480 3406 1972 3491">
    <p class='ocr_par' dir='ltr' id='par_1_63' title="bbox 480 3406 1972 3491">
     <span class='ocr_line' id='line_1_63' title="bbox 480 3406 1972 3491; baseline 0 -18"><span class='ocrx_word' id='word_1_454' title='bbox 480 3439 499 3472; x_wconf 86' lang='grc' dir='ltr'><strong>ι</strong></span> <span class='ocrx_word' id='word_1_455' title='bbox 527 3406 636 3474; x_wconf 78' lang='grc' dir='ltr'><strong>Καὶ</strong></span> <span class='ocrx_word' id='word_1_456' title='bbox 664 3419 798 3483; x_wconf 79' lang='grc' dir='ltr'>αὐτὸ</span> <span class='ocrx_word' id='word_1_457' title='bbox 843 3420 901 3474; x_wconf 86' lang='grc' dir='ltr'><strong>δέ</strong></span> <span class='ocrx_word' id='word_1_458' title='bbox 930 3419 1110 3484; x_wconf 87' lang='grc' dir='ltr'>τοῦτο,</span> <span class='ocrx_word' id='word_1_459' title='bbox 1154 3420 1389 3490; x_wconf 75' lang='grc' dir='ltr'>σπουδὴν</span> <span class='ocrx_word' id='word_1_460' title='bbox 1419 3420 1972 3491; x_wconf 79' lang='grc' dir='ltr'>παρεισενέγκαντες,</span> 
     </span>
    </p>
   </div>
   <div class='ocr_carea' id='block_1_64' title="bbox 405 3509 1976 3582">
    <p class='ocr_par' dir='ltr' id='par_1_64' title="bbox 405 3509 1976 3582">
     <span class='ocr_line' id='line_1_64' title="bbox 405 3509 1976 3582; baseline -0.002 -19"><span class='ocrx_word' id='word_1_461' title='bbox 405 3512 850 3582; x_wconf 79' lang='grc' dir='ltr'>ἐπιχορηγήσατε</span> <span class='ocrx_word' id='word_1_462' title='bbox 880 3512 941 3565; x_wconf 86' lang='grc' dir='ltr'><strong>ἐν</strong></span> <span class='ocrx_word' id='word_1_463' title='bbox 977 3513 1046 3581; x_wconf 82' lang='grc' dir='ltr'>τῇ</span> <span class='ocrx_word' id='word_1_464' title='bbox 1072 3509 1252 3564; x_wconf 85' lang='grc' dir='ltr'>πίστει</span> <span class='ocrx_word' id='word_1_465' title='bbox 1280 3510 1434 3581; x_wconf 88' lang='grc' dir='ltr'>ὐμῶν</span> <span class='ocrx_word' id='word_1_466' title='bbox 1463 3510 1561 3582; x_wconf 81' lang='grc' dir='ltr'>τὴν</span> <span class='ocrx_word' id='word_1_467' title='bbox 1585 3509 1807 3581; x_wconf 84' lang='grc' dir='ltr'>ἀρετὴν,</span> <span class='ocrx_word' id='word_1_468' title='bbox 1829 3511 1886 3564; x_wconf 83' lang='grc' dir='ltr'><strong>ἐν</strong></span> <span class='ocrx_word' id='word_1_469' title='bbox 1917 3510 1976 3564; x_wconf 88' lang='grc' dir='ltr'><strong>δέ</strong></span> 
     </span>
    </p>
   </div>
   <div class='ocr_carea' id='block_1_65' title="bbox 403 3598 1977 3672">
    <p class='ocr_par' dir='ltr' id='par_1_65' title="bbox 403 3598 1977 3672">
     <span class='ocr_line' id='line_1_65' title="bbox 403 3598 1977 3672; baseline -0.001 -19"><span class='ocrx_word' id='word_1_470' title='bbox 403 3602 470 3672; x_wconf 77' lang='grc' dir='ltr'><strong>τῇ</strong></span> <span class='ocrx_word' id='word_1_471' title='bbox 505 3602 672 3672; x_wconf 74' lang='grc' dir='ltr'>ἀρετῇ</span> <span class='ocrx_word' id='word_1_472' title='bbox 708 3601 807 3670; x_wconf 80' lang='grc' dir='ltr'>τὴν</span> <span class='ocrx_word' id='word_1_473' title='bbox 837 3600 1060 3668; x_wconf 89' lang='grc' dir='ltr'>γνῶσιν,</span> <span class='ocrx_word' id='word_1_474' title='bbox 1092 3602 1149 3653; x_wconf 90' lang='grc' dir='ltr'><strong>ἐν</strong></span> <span class='ocrx_word' id='word_1_475' title='bbox 1189 3599 1246 3652; x_wconf 82' lang='grc' dir='ltr'>δὲ</span> <span class='ocrx_word' id='word_1_476' title='bbox 1282 3603 1349 3670; x_wconf 80' lang='grc' dir='ltr'><strong>τῇ</strong></span> <span class='ocrx_word' id='word_1_477' title='bbox 1401 3598 1601 3667; x_wconf 87' lang='grc' dir='ltr'>γνώσει</span> <span class='ocrx_word' id='word_1_478' title='bbox 1634 3599 1734 3669; x_wconf 82' lang='grc' dir='ltr'><strong>τῆν</strong></span> <span class='ocrx_word' id='word_1_479' title='bbox 1772 3599 1977 3669; x_wconf 80' lang='grc' dir='ltr'>ἐγκρά-</span> 
     </span>
    </p>
   </div>
   <div class='ocr_carea' id='block_1_66' title="bbox 403 3689 1974 3761">
    <p class='ocr_par' dir='ltr' id='par_1_66' title="bbox 403 3689 1974 3761">
     <span class='ocr_line' id='line_1_66' title="bbox 403 3689 1974 3761; baseline 0 -18"><span class='ocrx_word' id='word_1_480' title='bbox 403 3708 576 3758; x_wconf 89' lang='grc' dir='ltr'>τειαν,</span> <span class='ocrx_word' id='word_1_481' title='bbox 612 3694 670 3743; x_wconf 85' lang='grc' dir='ltr'><strong>ἐν</strong></span> <span class='ocrx_word' id='word_1_482' title='bbox 731 3690 787 3742; x_wconf 88' lang='grc' dir='ltr'><strong>δέ</strong></span> <span class='ocrx_word' id='word_1_483' title='bbox 818 3692 884 3760; x_wconf 76' lang='grc' dir='ltr'>τῇ</span> <span class='ocrx_word' id='word_1_484' title='bbox 917 3689 1217 3761; x_wconf 74' lang='grc' dir='ltr'>ἐγκρατείᾳ</span> <span class='ocrx_word' id='word_1_485' title='bbox 1244 3689 1342 3761; x_wconf 76' lang='grc' dir='ltr'>τὴν</span> <span class='ocrx_word' id='word_1_486' title='bbox 1381 3690 1684 3761; x_wconf 81' lang='grc' dir='ltr'>ὑπομονὴν,</span> <span class='ocrx_word' id='word_1_487' title='bbox 1720 3691 1780 3741; x_wconf 91' lang='grc' dir='ltr'><strong>ἐν</strong></span> <span class='ocrx_word' id='word_1_488' title='bbox 1810 3690 1868 3743; x_wconf 85' lang='grc' dir='ltr'>δὲ</span> <span class='ocrx_word' id='word_1_489' title='bbox 1906 3693 1974 3761; x_wconf 77' lang='grc' dir='ltr'>τῇ</span> 
     </span>
    </p>
   </div>
   <div class='ocr_carea' id='block_1_67' title="bbox 403 3764 1975 3855">
    <p class='ocr_par' dir='ltr' id='par_1_67' title="bbox 403 3764 1975 3855">
     <span class='ocr_line' id='line_1_67' title="bbox 403 3764 1975 3855; baseline -0.004 -18"><span class='ocrx_word' id='word_1_490' title='bbox 403 3764 651 3855; x_wconf 78' lang='grc' dir='ltr'>ύπομονῇ</span> <span class='ocrx_word' id='word_1_491' title='bbox 689 3782 786 3855; x_wconf 82' lang='grc' dir='ltr'>τὴν</span> <span class='ocrx_word' id='word_1_492' title='bbox 836 3782 1142 3849; x_wconf 77' lang='grc' dir='ltr'>εὐσέϐειαν,</span> <span class='ocrx_word' id='word_1_493' title='bbox 1170 3783 1230 3836; x_wconf 80' lang='grc' dir='ltr'><strong>ἐν</strong></span> <span class='ocrx_word' id='word_1_494' title='bbox 1258 3782 1317 3836; x_wconf 89' lang='grc' dir='ltr'><strong>δέ</strong></span> <span class='ocrx_word' id='word_1_495' title='bbox 1338 3783 1405 3851; x_wconf 83' lang='grc' dir='ltr'>τῇ</span> <span class='ocrx_word' id='word_1_496' title='bbox 1431 3780 1687 3849; x_wconf 78' lang='grc' dir='ltr'>εὐσεϐείᾳ</span> <span class='ocrx_word' id='word_1_497' title='bbox 1711 3779 1811 3847; x_wconf 80' lang='grc' dir='ltr'>τὴν</span> <span class='ocrx_word' id='word_1_498' title='bbox 1852 3778 1975 3847; x_wconf 83' lang='grc' dir='ltr'>φιλ-</span> 
     </span>
    </p>
   </div>
   <div class='ocr_carea' id='block_1_68' title="bbox 402 3871 1967 3945">
    <p class='ocr_par' dir='ltr' id='par_1_68' title="bbox 402 3871 1967 3945">
     <span class='ocr_line' id='line_1_68' title="bbox 402 3871 1967 3945; baseline -0.005 -16"><span class='ocrx_word' id='word_1_499' title='bbox 402 3876 662 3944; x_wconf 85' lang='grc' dir='ltr'>αδελφίαν</span> <span class='ocrx_word' id='word_1_500' title='bbox 696 3915 712 3940; x_wconf 90' lang='grc'><strong>,</strong></span> <span class='ocrx_word' id='word_1_501' title='bbox 768 3879 824 3928; x_wconf 86' lang='grc' dir='ltr'><strong>ἐν</strong></span> <span class='ocrx_word' id='word_1_502' title='bbox 876 3875 933 3928; x_wconf 87' lang='grc' dir='ltr'><strong>δέ</strong></span> <span class='ocrx_word' id='word_1_503' title='bbox 994 3877 1059 3945; x_wconf 80' lang='grc' dir='ltr'>τῇ</span> <span class='ocrx_word' id='word_1_504' title='bbox 1117 3872 1444 3945; x_wconf 74' lang='grc' dir='ltr'>φιλαδελφίᾳ</span> <span class='ocrx_word' id='word_1_505' title='bbox 1500 3872 1601 3942; x_wconf 83' lang='grc' dir='ltr'>τὴν</span> <span class='ocrx_word' id='word_1_506' title='bbox 1649 3871 1889 3941; x_wconf 79' lang='grc' dir='ltr'>ἀγάπην.</span> <span class='ocrx_word' id='word_1_507' title='bbox 1949 3889 1967 3921; x_wconf 71' lang='grc' dir='ltr'><strong>ι</strong></span> 
     </span>
    </p>
   </div>
   <div class='ocr_carea' id='block_1_69' title="bbox 404 3961 1976 4038">
    <p class='ocr_par' dir='ltr' id='par_1_69' title="bbox 404 3961 1976 4038">
     <span class='ocr_line' id='line_1_69' title="bbox 404 3961 1976 4038; baseline -0.006 -17"><span class='ocrx_word' id='word_1_508' title='bbox 404 3968 655 4038; x_wconf 79' lang='grc' dir='ltr'>Βαθμούς</span> <span class='ocrx_word' id='word_1_509' title='bbox 685 3968 783 4037; x_wconf 89' lang='grc' dir='ltr'><strong>τῆς</strong></span> <span class='ocrx_word' id='word_1_510' title='bbox 810 3965 1093 4037; x_wconf 85' lang='grc' dir='ltr'>προκοπῆς</span> <span class='ocrx_word' id='word_1_511' title='bbox 1124 3966 1437 4029; x_wconf 72' lang='grc' dir='ltr'>ἐπίσταται,</span> <span class='ocrx_word' id='word_1_512' title='bbox 1492 3961 1718 4034; x_wconf 83' lang='grc' dir='ltr'>πρώτην</span> <span class='ocrx_word' id='word_1_513' title='bbox 1755 3963 1853 4032; x_wconf 80' lang='grc' dir='ltr'>τὴν</span> <span class='ocrx_word' id='word_1_514' title='bbox 1887 3962 1948 4014; x_wconf 83' lang='grc' dir='ltr'><strong>πί</strong></span> <span class='ocrx_word' id='word_1_515' title='bbox 1966 3995 1976 4004; x_wconf 87' lang='grc'><strong><em>-</em></strong></span> 
     </span>
    </p>
   </div>
   <div class='ocr_carea' id='block_1_70' title="bbox 406 4053 1969 4131">
    <p class='ocr_par' dir='ltr' id='par_1_70' title="bbox 406 4053 1969 4131">
     <span class='ocr_line' id='line_1_70' title="bbox 406 4053 1969 4131; baseline -0.004 -18"><span class='ocrx_word' id='word_1_516' title='bbox 406 4077 547 4123; x_wconf 91' lang='grc' dir='ltr'>στιν,</span> <span class='ocrx_word' id='word_1_517' title='bbox 596 4060 719 4131; x_wconf 71' lang='grc' dir='ltr'>ἥτις</span> <span class='ocrx_word' id='word_1_518' title='bbox 746 4058 996 4129; x_wconf 81' lang='grc' dir='ltr'>θεμέλιός</span> <span class='ocrx_word' id='word_1_519' title='bbox 1029 4059 1144 4111; x_wconf 86' lang='grc' dir='ltr'>ἐστι</span> <span class='ocrx_word' id='word_1_520' title='bbox 1182 4056 1293 4110; x_wconf 89' lang='grc' dir='ltr'><strong>τῶν</strong></span> <span class='ocrx_word' id='word_1_521' title='bbox 1350 4054 1573 4124; x_wconf 79' lang='grc' dir='ltr'>ἀγαθῶν</span> <span class='ocrx_word' id='word_1_522' title='bbox 1608 4057 1699 4109; x_wconf 77' lang='grc' dir='ltr'>καὶ</span> <span class='ocrx_word' id='word_1_523' title='bbox 1737 4053 1969 4125; x_wconf 79' lang='grc' dir='ltr'>κρηπίς’</span> 
     </span>
    </p>
   </div>
   <div class='ocr_carea' id='block_1_71' title="bbox 404 4145 1974 4224">
    <p class='ocr_par' dir='ltr' id='par_1_71' title="bbox 404 4145 1974 4224">
     <span class='ocr_line' id='line_1_71' title="bbox 404 4145 1974 4224; baseline -0.006 -17"><span class='ocrx_word' id='word_1_524' title='bbox 404 4149 526 4207; x_wconf 85' lang='grc' dir='ltr'>εἶτα</span> <span class='ocrx_word' id='word_1_525' title='bbox 559 4152 820 4224; x_wconf 79' lang='grc' dir='ltr'>δευτέραν</span> <span class='ocrx_word' id='word_1_526' title='bbox 854 4170 873 4202; x_wconf 82' lang='grc' dir='ltr'><strong>ι</strong></span> <span class='ocrx_word' id='word_1_527' title='bbox 911 4153 1010 4219; x_wconf 79' lang='grc' dir='ltr'>τὴν</span> <span class='ocrx_word' id='word_1_528' title='bbox 1041 4150 1264 4221; x_wconf 82' lang='grc' dir='ltr'>ἀρετὴν,</span> <span class='ocrx_word' id='word_1_529' title='bbox 1305 4167 1323 4199; x_wconf 81' lang='grc' dir='ltr'><strong>ι</strong></span> <span class='ocrx_word' id='word_1_530' title='bbox 1354 4148 1473 4218; x_wconf 81' lang='grc' dir='ltr'>ῆτοι</span> <span class='ocrx_word' id='word_1_531' title='bbox 1510 4147 1578 4199; x_wconf 74' lang='grc' dir='ltr'>τὰ</span> <span class='ocrx_word' id='word_1_532' title='bbox 1617 4145 1784 4216; x_wconf 80' lang='grc' dir='ltr'>ἔργα·</span> <span class='ocrx_word' id='word_1_533' title='bbox 1806 4146 1974 4215; x_wconf 65' lang='grc' dir='ltr'>χωρὶς</span> 
     </span>
    </p>
   </div>
   <div class='ocr_carea' id='block_1_72' title="bbox 403 4231 1975 4313">
    <p class='ocr_par' dir='ltr' id='par_1_72' title="bbox 403 4231 1975 4313">
     <span class='ocr_line' id='line_1_72' title="bbox 403 4231 1975 4313; baseline -0.006 -20"><span class='ocrx_word' id='word_1_534' title='bbox 403 4254 513 4313; x_wconf 80' lang='grc' dir='ltr'><strong>γαρ</strong></span> <span class='ocrx_word' id='word_1_535' title='bbox 537 4240 744 4294; x_wconf 88' lang='grc' dir='ltr'>τούτων</span> <span class='ocrx_word' id='word_1_536' title='bbox 769 4241 804 4310; x_wconf 80' lang='grc' dir='ltr'>ἡ</span> <span class='ocrx_word' id='word_1_537' title='bbox 841 4241 1022 4300; x_wconf 73' lang='grc' dir='ltr'>πίστις</span> <span class='ocrx_word' id='word_1_538' title='bbox 1052 4256 1070 4289; x_wconf 80' lang='grc' dir='ltr'><strong>ι</strong></span> <span class='ocrx_word' id='word_1_539' title='bbox 1099 4236 1293 4309; x_wconf 68' lang='grc' dir='ltr'>νεκρὰ,</span> <span class='ocrx_word' id='word_1_540' title='bbox 1330 4254 1348 4288; x_wconf 77' lang='grc' dir='ltr'><strong>ι</strong></span> <span class='ocrx_word' id='word_1_541' title='bbox 1379 4236 1455 4297; x_wconf 85' lang='grc' dir='ltr'>ὡς</span> <span class='ocrx_word' id='word_1_542' title='bbox 1504 4236 1533 4287; x_wconf 85' lang='grc' dir='ltr'>ὁ</span> <span class='ocrx_word' id='word_1_543' title='bbox 1584 4231 1838 4294; x_wconf 75' lang='grc' dir='ltr'>Ἰάκωϐος</span> <span class='ocrx_word' id='word_1_544' title='bbox 1873 4247 1975 4300; x_wconf 87' lang='grc' dir='ltr'>φη-</span> 
     </span>
    </p>
   </div>
   <div class='ocr_carea' id='block_1_73' title="bbox 406 4325 1974 4398">
    <p class='ocr_par' dir='ltr' id='par_1_73' title="bbox 406 4325 1974 4398">
     <span class='ocr_line' id='line_1_73' title="bbox 406 4325 1974 4398; baseline -0.006 -13"><span class='ocrx_word' id='word_1_545' title='bbox 406 4348 512 4387; x_wconf 90' lang='grc' dir='ltr'>σιν.</span> <span class='ocrx_word' id='word_1_546' title='bbox 562 4333 683 4385; x_wconf 80' lang='grc' dir='ltr'>Ἐπὶ</span> <span class='ocrx_word' id='word_1_547' title='bbox 728 4330 942 4393; x_wconf 88' lang='grc' dir='ltr'>τούτοις</span> <span class='ocrx_word' id='word_1_548' title='bbox 975 4330 1059 4398; x_wconf 76' lang='grc' dir='ltr'><strong>«ἡ</strong></span> <span class='ocrx_word' id='word_1_549' title='bbox 1100 4327 1326 4396; x_wconf 74' lang='grc' dir='ltr'>γνῶσις.</span> <span class='ocrx_word' id='word_1_550' title='bbox 1375 4345 1395 4378; x_wconf 75' lang='grc' dir='ltr'><strong>ι</strong></span> <span class='ocrx_word' id='word_1_551' title='bbox 1437 4326 1534 4389; x_wconf 86' lang='grc' dir='ltr'>Τίς</span> <span class='ocrx_word' id='word_1_552' title='bbox 1575 4325 1634 4379; x_wconf 78' lang='grc' dir='ltr'>δὲ</span> <span class='ocrx_word' id='word_1_553' title='bbox 1685 4326 1857 4393; x_wconf 86' lang='grc' dir='ltr'>α’ύτη;</span> <span class='ocrx_word' id='word_1_554' title='bbox 1910 4326 1974 4376; x_wconf 82' lang='grc' dir='ltr'><strong>Ἠ</strong></span> 
     </span>
    </p>
   </div>
   <div class='ocr_carea' id='block_1_74' title="bbox 404 4415 1974 4488">
    <p class='ocr_par' dir='ltr' id='par_1_74' title="bbox 404 4415 1974 4488">
     <span class='ocr_line' id='line_1_74' title="bbox 404 4415 1974 4488; baseline -0.003 -18"><span class='ocrx_word' id='word_1_555' title='bbox 404 4418 516 4472; x_wconf 90' lang='grc' dir='ltr'><strong>τῶν</strong></span> <span class='ocrx_word' id='word_1_556' title='bbox 563 4418 659 4471; x_wconf 89' lang='grc' dir='ltr'><strong>τοῦ</strong></span> <span class='ocrx_word' id='word_1_557' title='bbox 687 4417 824 4471; x_wconf 87' lang='grc' dir='ltr'>Θεοῦ</span> <span class='ocrx_word' id='word_1_558' title='bbox 854 4415 1189 4488; x_wconf 84' lang='grc' dir='ltr'>ἀποκρύφων</span> <span class='ocrx_word' id='word_1_559' title='bbox 1229 4415 1547 4486; x_wconf 87' lang='grc' dir='ltr'>μυστηρίων</span> <span class='ocrx_word' id='word_1_560' title='bbox 1593 4415 1820 4485; x_wconf 82' lang='grc' dir='ltr'>είδησις,</span> <span class='ocrx_word' id='word_1_561' title='bbox 1854 4416 1974 4485; x_wconf 77' lang='grc' dir='ltr'>ἥτις</span> 
     </span>
    </p>
   </div>
   <div class='ocr_carea' id='block_1_75' title="bbox 406 4505 2057 4597">
    <p class='ocr_par' dir='ltr' id='par_1_75' title="bbox 406 4505 2057 4597">
     <span class='ocr_line' id='line_1_75' title="bbox 406 4505 2057 4597; baseline -0.006 -32"><span class='ocrx_word' id='word_1_562' title='bbox 406 4514 468 4565; x_wconf 82' lang='grc' dir='ltr'><strong>οὐ</strong></span> <span class='ocrx_word' id='word_1_563' title='bbox 511 4510 591 4580; x_wconf 81' lang='grc' dir='ltr'>τῷ</span> <span class='ocrx_word' id='word_1_564' title='bbox 651 4509 871 4579; x_wconf 86' lang='grc' dir='ltr'>τυχόντι</span> <span class='ocrx_word' id='word_1_565' title='bbox 915 4507 1305 4578; x_wconf 83' lang='grc' dir='ltr'>ὲμφιλοχωρεῖ,</span> <span class='ocrx_word' id='word_1_566' title='bbox 1332 4506 1492 4569; x_wconf 65' lang='grc' dir='ltr'>,ἀλλά</span> <span class='ocrx_word' id='word_1_567' title='bbox 1553 4505 1633 4575; x_wconf 79' lang='grc' dir='ltr'>τῷ</span> <span class='ocrx_word' id='word_1_568' title='bbox 1683 4505 1749 4558; x_wconf 86' lang='grc' dir='ltr'><strong>δι’</strong></span> <span class='ocrx_word' id='word_1_569' title='bbox 1798 4506 1974 4576; x_wconf 72' lang='grc' dir='ltr'>ἔργων</span> <span class='ocrx_word' id='word_1_570' title='bbox 2011 4539 2057 4597; x_wconf 77' lang='lat' dir='ltr'><strong>D</strong></span> 
     </span>
    </p>
   </div>
   <div class='ocr_carea' id='block_1_76' title="bbox 2085 3282 3325 3355">
    <p class='ocr_par' dir='ltr' id='par_1_76' title="bbox 2085 3282 3325 3355">
     <span class='ocr_line' id='line_1_76' title="bbox 2085 3282 3325 3355; baseline 0.002 -17"><span class='ocrx_word' id='word_1_571' title='bbox 2085 3285 2229 3339; x_wconf 88' lang='lat' dir='ltr'><strong>enim</strong></span> <span class='ocrx_word' id='word_1_572' title='bbox 2260 3302 2278 3334; x_wconf 85' lang='grc' dir='ltr'><strong>ι</strong></span> <span class='ocrx_word' id='word_1_573' title='bbox 2315 3283 2586 3355; x_wconf 74' lang='lat' dir='ltr'><strong>fugientes</strong></span> <span class='ocrx_word' id='word_1_574' title='bbox 2626 3302 2645 3334; x_wconf 72' lang='grc' dir='ltr'><strong>ι</strong></span> <span class='ocrx_word' id='word_1_575' title='bbox 2687 3283 2826 3338; x_wconf 77' lang='lat' dir='ltr'><strong>idem</strong></span> <span class='ocrx_word' id='word_1_576' title='bbox 2859 3293 2964 3348; x_wconf 86' lang='lat' dir='ltr'><strong>est,</strong></span> <span class='ocrx_word' id='word_1_577' title='bbox 3000 3298 3063 3337; x_wconf 92' lang='lat' dir='ltr'><strong>ac</strong></span> <span class='ocrx_word' id='word_1_578' title='bbox 3092 3282 3325 3340; x_wconf 85' lang='lat' dir='ltr'><strong>liberati.</strong></span> 
     </span>
    </p>
   </div>
   <div class='ocr_carea' id='block_1_77' title="bbox 2156 3420 3654 3480">
    <p class='ocr_par' dir='ltr' id='par_1_77' title="bbox 2156 3420 3654 3480">
     <span class='ocr_line' id='line_1_77' title="bbox 2156 3420 3654 3480; baseline 0.003 -5"><span class='ocrx_word' id='word_1_579' title='bbox 2156 3420 2321 3478; x_wconf 70' lang='lat' dir='ltr'><strong>Vens.</strong></span> <span class='ocrx_word' id='word_1_580' title='bbox 2362 3421 2486 3477; x_wconf 57' lang='lat'><strong>5-7.</strong></span> <span class='ocrx_word' id='word_1_581' title='bbox 2531 3439 2551 3474; x_wconf 85' lang='grc' dir='ltr'><strong>ι</strong></span> <span class='ocrx_word' id='word_1_582' title='bbox 2582 3421 2689 3478; x_wconf 80' lang='lat' dir='ltr'><strong>Vos</strong></span> <span class='ocrx_word' id='word_1_583' title='bbox 2727 3432 2909 3478; x_wconf 86' lang='lat' dir='ltr'><strong>autem</strong></span> <span class='ocrx_word' id='word_1_584' title='bbox 2936 3438 3124 3479; x_wconf 85' lang='lat' dir='ltr'><strong>curam</strong></span> <span class='ocrx_word' id='word_1_585' title='bbox 3155 3437 3371 3479; x_wconf 87' lang='lat' dir='ltr'><strong>onmem</strong></span> <span class='ocrx_word' id='word_1_586' title='bbox 3403 3423 3654 3480; x_wconf 81' lang='lat' dir='ltr'><strong>subinfe-</strong></span> 
     </span>
    </p>
   </div>
   <div class='ocr_carea' id='block_1_78' title="bbox 2084 3515 3655 3585">
    <p class='ocr_par' dir='ltr' id='par_1_78' title="bbox 2084 3515 3655 3585">
     <span class='ocr_line' id='line_1_78' title="bbox 2084 3515 3655 3585; baseline 0.001 -15"><span class='ocrx_word' id='word_1_587' title='bbox 2084 3515 2605 3585; x_wconf 84' lang='lat' dir='ltr'><strong>rentesministrate</strong></span> <span class='ocrx_word' id='word_1_588' title='bbox 2627 3517 2681 3570; x_wconf 91' lang='lat' dir='ltr'><strong>in</strong></span> <span class='ocrx_word' id='word_1_589' title='bbox 2714 3515 2818 3570; x_wconf 91' lang='lat' dir='ltr'><strong>ﬁde</strong></span> <span class='ocrx_word' id='word_1_590' title='bbox 2845 3524 3022 3570; x_wconf 88' lang='lat' dir='ltr'><strong>vestra</strong></span> <span class='ocrx_word' id='word_1_591' title='bbox 3056 3515 3332 3581; x_wconf 77' lang='lat' dir='ltr'><strong>virtutem,</strong></span> <span class='ocrx_word' id='word_1_592' title='bbox 3363 3516 3419 3571; x_wconf 89' lang='lat' dir='ltr'><strong>in</strong></span> <span class='ocrx_word' id='word_1_593' title='bbox 3453 3517 3655 3572; x_wconf 85' lang='lat' dir='ltr'><strong>virtute</strong></span> 
     </span>
    </p>
   </div>
   <div class='ocr_carea' id='block_1_79' title="bbox 2083 3607 3653 3672">
    <p class='ocr_par' dir='ltr' id='par_1_79' title="bbox 2083 3607 3653 3672">
     <span class='ocr_line' id='line_1_79' title="bbox 2083 3607 3653 3672; baseline -0.001 -10"><span class='ocrx_word' id='word_1_594' title='bbox 2083 3617 2263 3664; x_wconf 85' lang='lat' dir='ltr'><strong>autem</strong></span> <span class='ocrx_word' id='word_1_595' title='bbox 2295 3607 2602 3664; x_wconf 87' lang='lat' dir='ltr'><strong>scientiam.</strong></span> <span class='ocrx_word' id='word_1_596' title='bbox 2642 3609 2695 3661; x_wconf 90' lang='lat' dir='ltr'><strong>ln</strong></span> <span class='ocrx_word' id='word_1_597' title='bbox 2749 3608 2979 3662; x_wconf 88' lang='lat' dir='ltr'><strong>scientia</strong></span> <span class='ocrx_word' id='word_1_598' title='bbox 3011 3616 3190 3661; x_wconf 88' lang='lat' dir='ltr'><strong>autem</strong></span> <span class='ocrx_word' id='word_1_599' title='bbox 3241 3607 3653 3672; x_wconf 86' lang='lat' dir='ltr'><strong>abstinentiam,</strong></span> 
     </span>
    </p>
   </div>
   <div class='ocr_carea' id='block_1_80' title="bbox 2028 3694 3651 3762">
    <p class='ocr_par' dir='ltr' id='par_1_80' title="bbox 2028 3694 3651 3762">
     <span class='ocr_line' id='line_1_80' title="bbox 2028 3694 3651 3762; baseline -0.002 -12"><span class='ocrx_word' id='word_1_600' title='bbox 2028 3752 2033 3758; x_wconf 69' lang='grc'><strong>,</strong></span> <span class='ocrx_word' id='word_1_601' title='bbox 2082 3697 2140 3751; x_wconf 89' lang='lat' dir='ltr'><strong>in</strong></span> <span class='ocrx_word' id='word_1_602' title='bbox 2169 3696 2499 3750; x_wconf 87' lang='lat' dir='ltr'><strong>abstinentia</strong></span> <span class='ocrx_word' id='word_1_603' title='bbox 2524 3703 2706 3748; x_wconf 86' lang='lat' dir='ltr'><strong>autem</strong></span> <span class='ocrx_word' id='word_1_604' title='bbox 2741 3695 3079 3762; x_wconf 73' lang='lat' dir='ltr'><strong>patientiam,</strong></span> <span class='ocrx_word' id='word_1_605' title='bbox 3105 3694 3159 3747; x_wconf 89' lang='lat' dir='ltr'><strong>in</strong></span> <span class='ocrx_word' id='word_1_606' title='bbox 3187 3694 3447 3762; x_wconf 86' lang='lat' dir='ltr'><strong>patientia</strong></span> <span class='ocrx_word' id='word_1_607' title='bbox 3468 3704 3651 3750; x_wconf 88' lang='lat' dir='ltr'><strong>autem</strong></span> 
     </span>
    </p>
   </div>
   <div class='ocr_carea' id='block_1_81' title="bbox 2082 3783 3652 3856">
    <p class='ocr_par' dir='ltr' id='par_1_81' title="bbox 2082 3783 3652 3856">
     <span class='ocr_line' id='line_1_81' title="bbox 2082 3783 3652 3856; baseline -0.001 -17"><span class='ocrx_word' id='word_1_608' title='bbox 2082 3786 2360 3856; x_wconf 85' lang='lat' dir='ltr'><strong>pietatem.</strong></span> <span class='ocrx_word' id='word_1_609' title='bbox 2415 3784 2469 3838; x_wconf 92' lang='lat' dir='ltr'><strong>ln</strong></span> <span class='ocrx_word' id='word_1_610' title='bbox 2502 3785 2702 3851; x_wconf 86' lang='lat' dir='ltr'><strong>pietate</strong></span> <span class='ocrx_word' id='word_1_611' title='bbox 2751 3791 2933 3838; x_wconf 78' lang='lat' dir='ltr'><strong>autent</strong></span> <span class='ocrx_word' id='word_1_612' title='bbox 2979 3798 3218 3838; x_wconf 87' lang='lat' dir='ltr'><strong>amorem</strong></span> <span class='ocrx_word' id='word_1_613' title='bbox 3273 3783 3652 3850; x_wconf 85' lang='lat' dir='ltr'><strong>fraternitatis,</strong></span> 
     </span>
    </p>
   </div>
   <div class='ocr_carea' id='block_1_82' title="bbox 2083 3873 3653 3937">
    <p class='ocr_par' dir='ltr' id='par_1_82' title="bbox 2083 3873 3653 3937">
     <span class='ocr_line' id='line_1_82' title="bbox 2083 3873 3653 3937; baseline 0.001 -9"><span class='ocrx_word' id='word_1_614' title='bbox 2083 3874 2138 3928; x_wconf 92' lang='lat' dir='ltr'><strong>in</strong></span> <span class='ocrx_word' id='word_1_615' title='bbox 2173 3888 2357 3929; x_wconf 86' lang='lat' dir='ltr'><strong>amore</strong></span> <span class='ocrx_word' id='word_1_616' title='bbox 2386 3885 2566 3929; x_wconf 85' lang='lat' dir='ltr'><strong>autem</strong></span> <span class='ocrx_word' id='word_1_617' title='bbox 2603 3873 2963 3929; x_wconf 79' lang='lat' dir='ltr'><strong>fraternitatis</strong></span> <span class='ocrx_word' id='word_1_618' title='bbox 2988 3874 3337 3930; x_wconf 85' lang='lat' dir='ltr'><strong>charitatem.</strong></span> <span class='ocrx_word' id='word_1_619' title='bbox 3362 3895 3382 3927; x_wconf 74' lang='grc' dir='ltr'><strong>ι</strong></span> <span class='ocrx_word' id='word_1_620' title='bbox 3414 3874 3653 3937; x_wconf 86' lang='lat' dir='ltr'><strong>Gradus,</strong></span> 
     </span>
    </p>
   </div>
   <div class='ocr_carea' id='block_1_83' title="bbox 2081 3965 3653 4035">
    <p class='ocr_par' dir='ltr' id='par_1_83' title="bbox 2081 3965 3653 4035">
     <span class='ocr_line' id='line_1_83' title="bbox 2081 3965 3653 4035; baseline -0.001 -15"><span class='ocrx_word' id='word_1_621' title='bbox 2081 3966 2283 4033; x_wconf 86' lang='lat' dir='ltr'><strong>quibus</strong></span> <span class='ocrx_word' id='word_1_622' title='bbox 2311 3965 2709 4034; x_wconf 86' lang='lat' dir='ltr'><strong>proﬁciendum</strong></span> <span class='ocrx_word' id='word_1_623' title='bbox 2745 3966 2905 4020; x_wconf 86' lang='lat' dir='ltr'><strong>nobis</strong></span> <span class='ocrx_word' id='word_1_624' title='bbox 2936 3974 3047 4031; x_wconf 88' lang='lat' dir='ltr'><strong>est,</strong></span> <span class='ocrx_word' id='word_1_625' title='bbox 3083 3965 3169 4019; x_wconf 84' lang='lat' dir='ltr'><strong>hic</strong></span> <span class='ocrx_word' id='word_1_626' title='bbox 3207 3965 3277 4019; x_wconf 90' lang='lat' dir='ltr'><strong>ob</strong></span> <span class='ocrx_word' id='word_1_627' title='bbox 3317 3965 3510 4020; x_wconf 88' lang='lat' dir='ltr'><strong>oculos</strong></span> <span class='ocrx_word' id='word_1_628' title='bbox 3550 3982 3653 4035; x_wconf 86' lang='lat' dir='ltr'><strong>pu-</strong></span> 
     </span>
    </p>
   </div>
   <div class='ocr_carea' id='block_1_84' title="bbox 2083 4057 3656 4127">
    <p class='ocr_par' dir='ltr' id='par_1_84' title="bbox 2083 4057 3656 4127">
     <span class='ocr_line' id='line_1_84' title="bbox 2083 4057 3656 4127; baseline 0.001 -16"><span class='ocrx_word' id='word_1_629' title='bbox 2083 4057 2184 4111; x_wconf 90' lang='lat' dir='ltr'><strong>nit.</strong></span> <span class='ocrx_word' id='word_1_630' title='bbox 2228 4057 2298 4112; x_wconf 86' lang='lat' dir='ltr'><strong>Et</strong></span> <span class='ocrx_word' id='word_1_631' title='bbox 2339 4057 2560 4126; x_wconf 89' lang='lat' dir='ltr'><strong>quidem</strong></span> <span class='ocrx_word' id='word_1_632' title='bbox 2610 4057 2789 4127; x_wconf 90' lang='lat' dir='ltr'><strong>primo</strong></span> <span class='ocrx_word' id='word_1_633' title='bbox 2820 4058 2939 4112; x_wconf 92' lang='lat' dir='ltr'><strong>loco</strong></span> <span class='ocrx_word' id='word_1_634' title='bbox 2981 4057 3170 4112; x_wconf 88' lang='lat' dir='ltr'><strong>statuit</strong></span> <span class='ocrx_word' id='word_1_635' title='bbox 3204 4075 3224 4109; x_wconf 83' lang='grc' dir='ltr'><strong>ι</strong></span> <span class='ocrx_word' id='word_1_636' title='bbox 3256 4057 3438 4121; x_wconf 85' lang='lat' dir='ltr'><strong>ﬁdem,</strong></span> <span class='ocrx_word' id='word_1_637' title='bbox 3486 4075 3505 4108; x_wconf 75' lang='grc' dir='ltr'><strong>ι</strong></span> <span class='ocrx_word' id='word_1_638' title='bbox 3534 4074 3656 4127; x_wconf 69' lang='lat' dir='ltr'><strong>qua:</strong></span> 
     </span>
    </p>
   </div>
   <div class='ocr_carea' id='block_1_85' title="bbox 2082 4149 3655 4219">
    <p class='ocr_par' dir='ltr' id='par_1_85' title="bbox 2082 4149 3655 4219">
     <span class='ocr_line' id='line_1_85' title="bbox 2082 4149 3655 4219; baseline -0.003 -14"><span class='ocrx_word' id='word_1_639' title='bbox 2082 4151 2325 4205; x_wconf 88' lang='lat' dir='ltr'><strong>omnium</strong></span> <span class='ocrx_word' id='word_1_640' title='bbox 2384 4151 2652 4204; x_wconf 85' lang='lat' dir='ltr'><strong>bonorum</strong></span> <span class='ocrx_word' id='word_1_641' title='bbox 2704 4164 2928 4219; x_wconf 74' lang='lat' dir='ltr'><strong>operum</strong></span> <span class='ocrx_word' id='word_1_642' title='bbox 2973 4149 3387 4205; x_wconf 77' lang='lat' dir='ltr'><strong>fundamentum</strong></span> <span class='ocrx_word' id='word_1_643' title='bbox 3444 4161 3528 4206; x_wconf 85' lang='lat' dir='ltr'><strong>est</strong></span> <span class='ocrx_word' id='word_1_644' title='bbox 3594 4160 3655 4203; x_wconf 90' lang='lat' dir='ltr'><strong>et</strong></span> 
     </span>
    </p>
   </div>
   <div class='ocr_carea' id='block_1_86' title="bbox 2084 4238 3655 4310">
    <p class='ocr_par' dir='ltr' id='par_1_86' title="bbox 2084 4238 3655 4310">
     <span class='ocr_line' id='line_1_86' title="bbox 2084 4238 3655 4310; baseline -0.001 -16"><span class='ocrx_word' id='word_1_645' title='bbox 2084 4239 2251 4294; x_wconf 83' lang='lat' dir='ltr'><strong>basis.</strong></span> <span class='ocrx_word' id='word_1_646' title='bbox 2295 4238 2502 4294; x_wconf 80' lang='lat' dir='ltr'><strong>Deinde</strong></span> <span class='ocrx_word' id='word_1_647' title='bbox 2535 4257 2554 4289; x_wconf 77' lang='grc' dir='ltr'><strong>ι</strong></span> <span class='ocrx_word' id='word_1_648' title='bbox 2588 4240 2869 4300; x_wconf 83' lang='lat' dir='ltr'><strong>virtutem.</strong></span> <span class='ocrx_word' id='word_1_649' title='bbox 2908 4258 2928 4291; x_wconf 76' lang='grc' dir='ltr'><strong>ι</strong></span> <span class='ocrx_word' id='word_1_650' title='bbox 2970 4240 3072 4293; x_wconf 78' lang='lat' dir='ltr'><strong>hoc</strong></span> <span class='ocrx_word' id='word_1_651' title='bbox 3120 4250 3207 4295; x_wconf 85' lang='lat' dir='ltr'><strong>est</strong></span> <span class='ocrx_word' id='word_1_652' title='bbox 3254 4241 3393 4295; x_wconf 81' lang='lat' dir='ltr'><strong>bona</strong></span> <span class='ocrx_word' id='word_1_653' title='bbox 3439 4256 3605 4310; x_wconf 84' lang='lat' dir='ltr'><strong>opera</strong></span> <span class='ocrx_word' id='word_1_654' title='bbox 3637 4258 3655 4293; x_wconf 89' lang='lat'><strong>:</strong></span> 
     </span>
    </p>
   </div>
   <div class='ocr_carea' id='block_1_87' title="bbox 2084 4332 3657 4398">
    <p class='ocr_par' dir='ltr' id='par_1_87' title="bbox 2084 4332 3657 4398">
     <span class='ocr_line' id='line_1_87' title="bbox 2084 4332 3657 4398; baseline 0.002 -14"><span class='ocrx_word' id='word_1_655' title='bbox 2084 4347 2209 4386; x_wconf 86' lang='lat' dir='ltr'><strong>nam</strong></span> <span class='ocrx_word' id='word_1_656' title='bbox 2269 4332 2388 4386; x_wconf 88' lang='lat' dir='ltr'><strong>sine</strong></span> <span class='ocrx_word' id='word_1_657' title='bbox 2445 4332 2568 4387; x_wconf 82' lang='lat' dir='ltr'><strong>istis</strong></span> <span class='ocrx_word' id='word_1_658' title='bbox 2631 4333 2763 4387; x_wconf 88' lang='lat' dir='ltr'><strong>ﬁdes</strong></span> <span class='ocrx_word' id='word_1_659' title='bbox 2803 4349 2821 4383; x_wconf 85' lang='grc' dir='ltr'><strong>ι</strong></span> <span class='ocrx_word' id='word_1_660' title='bbox 2863 4344 3078 4388; x_wconf 83' lang='lat' dir='ltr'><strong>mortua</strong></span> <span class='ocrx_word' id='word_1_661' title='bbox 3115 4341 3219 4398; x_wconf 79' lang='lat' dir='ltr'><strong>est,</strong></span> <span class='ocrx_word' id='word_1_662' title='bbox 3260 4351 3281 4383; x_wconf 72' lang='grc' dir='ltr'><strong>ι</strong></span> <span class='ocrx_word' id='word_1_663' title='bbox 3319 4341 3380 4387; x_wconf 86' lang='grc' dir='ltr'><strong>ιιι</strong></span> <span class='ocrx_word' id='word_1_664' title='bbox 3428 4341 3657 4388; x_wconf 82' lang='lat' dir='ltr'><strong>sanctus</strong></span> 
     </span>
    </p>
   </div>
   <div class='ocr_carea' id='block_1_88' title="bbox 2082 4422 3655 4501">
    <p class='ocr_par' dir='ltr' id='par_1_88' title="bbox 2082 4422 3655 4501">
     <span class='ocr_line' id='line_1_88' title="bbox 2082 4422 3655 4501; baseline 0.001 -24"><span class='ocrx_word' id='word_1_665' title='bbox 2082 4422 2321 4501; x_wconf 69' lang='lat' dir='ltr'><strong>lacubus</strong></span> <span class='ocrx_word' id='word_1_666' title='bbox 2349 4424 2446 4477; x_wconf 87' lang='lat' dir='ltr'><strong>ait.</strong></span> <span class='ocrx_word' id='word_1_667' title='bbox 2478 4424 2735 4480; x_wconf 86' lang='lat' dir='ltr'><strong>Succedit</strong></span> <span class='ocrx_word' id='word_1_668' title='bbox 2767 4442 2784 4475; x_wconf 76' lang='grc' dir='ltr'><strong>ι</strong></span> <span class='ocrx_word' id='word_1_669' title='bbox 2826 4425 3081 4479; x_wconf 83' lang='lat' dir='ltr'><strong>scientia.</strong></span> <span class='ocrx_word' id='word_1_670' title='bbox 3118 4442 3138 4476; x_wconf 77' lang='grc' dir='ltr'><strong>ι</strong></span> <span class='ocrx_word' id='word_1_671' title='bbox 3179 4424 3439 4488; x_wconf 69' lang='lat' dir='ltr'><strong>Quaenam</strong></span> <span class='ocrx_word' id='word_1_672' title='bbox 3469 4434 3655 4479; x_wconf 81' lang='lat' dir='ltr'><strong>autem</strong></span> 
     </span>
    </p>
   </div>
   <div class='ocr_carea' id='block_1_89' title="bbox 2084 4513 3655 4586">
    <p class='ocr_par' dir='ltr' id='par_1_89' title="bbox 2084 4513 3655 4586">
     <span class='ocr_line' id='line_1_89' title="bbox 2084 4513 3655 4586; baseline 0.001 -18"><span class='ocrx_word' id='word_1_673' title='bbox 2084 4513 2210 4568; x_wconf 83' lang='lat' dir='ltr'><strong>illa?</strong></span> <span class='ocrx_word' id='word_1_674' title='bbox 2246 4513 2471 4584; x_wconf 87' lang='lat' dir='ltr'><strong>Nempe,</strong></span> <span class='ocrx_word' id='word_1_675' title='bbox 2514 4526 2851 4571; x_wconf 87' lang='lat' dir='ltr'><strong>secretorum</strong></span> <span class='ocrx_word' id='word_1_676' title='bbox 2886 4515 2981 4569; x_wconf 88' lang='lat' dir='ltr'><strong>Dei</strong></span> <span class='ocrx_word' id='word_1_677' title='bbox 3037 4515 3420 4584; x_wconf 82' lang='lat' dir='ltr'><strong>mysteriorum</strong></span> <span class='ocrx_word' id='word_1_678' title='bbox 3461 4519 3655 4586; x_wconf 77' lang='lat' dir='ltr'><strong>cogni-</strong></span> 
     </span>
    </p>
   </div>
   <div class='ocr_carea' id='block_1_90' title="bbox 406 4597 1993 4676">
    <p class='ocr_par' dir='ltr' id='par_1_90' title="bbox 406 4597 1972 4674">
     <span class='ocr_line' id='line_1_90' title="bbox 406 4597 1972 4674; baseline -0.006 -16"><span class='ocrx_word' id='word_1_679' title='bbox 406 4603 734 4674; x_wconf 83' lang='grc' dir='ltr'>κρειττόνων</span> <span class='ocrx_word' id='word_1_680' title='bbox 771 4603 869 4673; x_wconf 80' lang='grc' dir='ltr'>τὴν</span> <span class='ocrx_word' id='word_1_681' title='bbox 900 4600 1011 4666; x_wconf 54' lang='grc' dir='ltr'><strong>ἔξω</strong></span> <span class='ocrx_word' id='word_1_682' title='bbox 1025 4598 1484 4670; x_wconf 85' lang='grc' dir='ltr'>γεγυμνασμένῳ.</span> <span class='ocrx_word' id='word_1_683' title='bbox 1502 4599 1625 4651; x_wconf 70' lang='grc' dir='ltr'><strong>Ἐπὶ</strong></span> <span class='ocrx_word' id='word_1_684' title='bbox 1644 4597 1854 4661; x_wconf 81' lang='grc' dir='ltr'>τούτοις</span> <span class='ocrx_word' id='word_1_685' title='bbox 1884 4616 1904 4649; x_wconf 79' lang='grc' dir='ltr'><strong>ι</strong></span> <span class='ocrx_word' id='word_1_686' title='bbox 1942 4600 1972 4669; x_wconf 76' lang='grc' dir='ltr'>ἠ</span> 
     </span>
    </p>
   </div>
   <div class='ocr_carea' id='block_1_91' title="bbox 2077 4597 3655 4676">
    <p class='ocr_par' dir='ltr' id='par_1_91' title="bbox 2079 4605 3655 4676">
     <span class='ocr_line' id='line_1_91' title="bbox 2079 4605 3655 4676; baseline 0.001 -16"><span class='ocrx_word' id='word_1_687' title='bbox 2079 4608 2157 4661; x_wconf 91' lang='lat' dir='ltr'><strong>tio</strong></span> <span class='ocrx_word' id='word_1_688' title='bbox 2190 4620 2206 4660; x_wconf 90' lang='lat'><strong>:</strong></span> <span class='ocrx_word' id='word_1_689' title='bbox 2242 4622 2363 4675; x_wconf 67' lang='lat' dir='ltr'><strong>quae</strong></span> <span class='ocrx_word' id='word_1_690' title='bbox 2394 4623 2499 4662; x_wconf 90' lang='lat' dir='ltr'><strong>non</strong></span> <span class='ocrx_word' id='word_1_691' title='bbox 2539 4608 2738 4676; x_wconf 81' lang='lat' dir='ltr'><strong>cuique</strong></span> <span class='ocrx_word' id='word_1_692' title='bbox 2785 4612 2959 4674; x_wconf 82' lang='lat' dir='ltr'><strong>patet,</strong></span> <span class='ocrx_word' id='word_1_693' title='bbox 3001 4605 3095 4661; x_wconf 86' lang='lat' dir='ltr'><strong>sed</strong></span> <span class='ocrx_word' id='word_1_694' title='bbox 3127 4605 3310 4675; x_wconf 90' lang='lat' dir='ltr'><strong>ei,qni</strong></span> <span class='ocrx_word' id='word_1_695' title='bbox 3343 4622 3401 4661; x_wconf 88' lang='lat' dir='ltr'><strong>se</strong></span> <span class='ocrx_word' id='word_1_696' title='bbox 3426 4607 3478 4660; x_wconf 92' lang='lat' dir='ltr'><strong>in</strong></span> <span class='ocrx_word' id='word_1_697' title='bbox 3511 4622 3655 4676; x_wconf 76' lang='lat' dir='ltr'><strong>pra:-</strong></span> 
     </span>
    </p>
   </div>
   <div class='ocr_carea' id='block_1_92' title="bbox 407 4691 1976 4766">
    <p class='ocr_par' dir='ltr' id='par_1_92' title="bbox 407 4691 1976 4766">
     <span class='ocr_line' id='line_1_92' title="bbox 407 4691 1976 4766; baseline -0.003 -18"><span class='ocrx_word' id='word_1_698' title='bbox 407 4697 727 4766; x_wconf 81' lang='grc' dir='ltr'>ἐγκράτεια.</span> <span class='ocrx_word' id='word_1_699' title='bbox 763 4713 783 4747; x_wconf 78' lang='grc' dir='ltr'><strong>ι</strong></span> <span class='ocrx_word' id='word_1_700' title='bbox 824 4696 918 4747; x_wconf 80' lang='grc' dir='ltr'><strong>Δεῖ</strong></span> <span class='ocrx_word' id='word_1_701' title='bbox 958 4694 1069 4764; x_wconf 74' lang='grc' dir='ltr'><strong>γὰρ</strong></span> <span class='ocrx_word' id='word_1_702' title='bbox 1120 4692 1217 4746; x_wconf 74' lang='grc' dir='ltr'><strong>καὶ</strong></span> <span class='ocrx_word' id='word_1_703' title='bbox 1259 4691 1465 4760; x_wconf 82' lang='grc' dir='ltr'>ταύτης</span> <span class='ocrx_word' id='word_1_704' title='bbox 1491 4691 1570 4762; x_wconf 83' lang='grc' dir='ltr'><strong>τῷ</strong></span> <span class='ocrx_word' id='word_1_705' title='bbox 1606 4691 1743 4759; x_wconf 78' lang='grc' dir='ltr'>πρὸς</span> <span class='ocrx_word' id='word_1_706' title='bbox 1776 4692 1976 4761; x_wconf 86' lang='grc' dir='ltr'>μέτρον</span> 
     </span>
    </p>
   </div>
   <div class='ocr_carea' id='block_1_93' title="bbox 408 4780 1977 4856">
    <p class='ocr_par' dir='ltr' id='par_1_93' title="bbox 408 4780 1977 4856">
     <span class='ocr_line' id='line_1_93' title="bbox 408 4780 1977 4856; baseline -0.004 -17"><span class='ocrx_word' id='word_1_707' title='bbox 408 4789 751 4856; x_wconf 81' lang='grc' dir='ltr'>ἀφικομένῳ,</span> <span class='ocrx_word' id='word_1_708' title='bbox 783 4786 856 4846; x_wconf 83' lang='grc' dir='ltr'>ὡς</span> <span class='ocrx_word' id='word_1_709' title='bbox 880 4784 945 4836; x_wconf 83' lang='grc' dir='ltr'>ἂν</span> <span class='ocrx_word' id='word_1_710' title='bbox 968 4783 1044 4854; x_wconf 83' lang='grc' dir='ltr'>μὴ</span> <span class='ocrx_word' id='word_1_711' title='bbox 1081 4780 1354 4848; x_wconf 77' lang='grc' dir='ltr'>ἐξυϐρίζοι</span> <span class='ocrx_word' id='word_1_712' title='bbox 1389 4780 1467 4851; x_wconf 79' lang='grc' dir='ltr'>τῷ</span> <span class='ocrx_word' id='word_1_713' title='bbox 1492 4780 1712 4849; x_wconf 85' lang='grc' dir='ltr'>μεγέθει</span> <span class='ocrx_word' id='word_1_714' title='bbox 1739 4783 1836 4850; x_wconf 86' lang='grc' dir='ltr'><strong>τῆς</strong></span> <span class='ocrx_word' id='word_1_715' title='bbox 1871 4780 1977 4832; x_wconf 80' lang='grc' dir='ltr'>δω-</span> 
     </span>
    </p>
   </div>
   <div class='ocr_carea' id='block_1_94' title="bbox 412 4873 1979 4951">
    <p class='ocr_par' dir='ltr' id='par_1_94' title="bbox 412 4873 1979 4951">
     <span class='ocr_line' id='line_1_94' title="bbox 412 4873 1979 4951; baseline -0.006 -18"><span class='ocrx_word' id='word_1_716' title='bbox 412 4882 562 4951; x_wconf 86' lang='grc' dir='ltr'>ρεᾶς.</span> <span class='ocrx_word' id='word_1_717' title='bbox 603 4879 823 4948; x_wconf 85' lang='grc' dir='ltr'>Ἐπειδὴ</span> <span class='ocrx_word' id='word_1_718' title='bbox 856 4876 912 4930; x_wconf 86' lang='grc' dir='ltr'><strong>δέ</strong></span> <span class='ocrx_word' id='word_1_719' title='bbox 938 4876 1014 4939; x_wconf 83' lang='grc' dir='ltr'><strong>ὡς</strong></span> <span class='ocrx_word' id='word_1_720' title='bbox 1038 4876 1138 4928; x_wconf 88' lang='grc' dir='ltr'><strong>οὐκ</strong></span> <span class='ocrx_word' id='word_1_721' title='bbox 1172 4874 1320 4928; x_wconf 77' lang='grc' dir='ltr'>ἐστιν</span> <span class='ocrx_word' id='word_1_722' title='bbox 1360 4876 1450 4926; x_wconf 75' lang='grc' dir='ltr'><strong>ἐπὶ</strong></span> <span class='ocrx_word' id='word_1_723' title='bbox 1490 4873 1673 4944; x_wconf 82' lang='grc' dir='ltr'>μικρῷ</span> <span class='ocrx_word' id='word_1_724' title='bbox 1693 4873 1979 4944; x_wconf 83' lang='grc' dir='ltr'>χρώμενον</span> 
     </span>
    </p>
   </div>
   <div class='ocr_carea' id='block_1_95' title="bbox 409 4965 1974 5044">
    <p class='ocr_par' dir='ltr' id='par_1_95' title="bbox 409 4965 1974 5044">
     <span class='ocr_line' id='line_1_95' title="bbox 409 4965 1974 5044; baseline -0.005 -18"><span class='ocrx_word' id='word_1_725' title='bbox 409 4977 471 5044; x_wconf 78' lang='grc' dir='ltr'>τῇ</span> <span class='ocrx_word' id='word_1_726' title='bbox 517 4971 813 5044; x_wconf 54' lang='grc' dir='ltr'>ἐγκρατείᾳ</span> <span class='ocrx_word' id='word_1_727' title='bbox 841 4968 1063 5041; x_wconf 85' lang='grc' dir='ltr'>βεϐαίαν</span> <span class='ocrx_word' id='word_1_728' title='bbox 1095 4966 1395 5038; x_wconf 87' lang='grc' dir='ltr'>κεκτῆσθαι</span> <span class='ocrx_word' id='word_1_729' title='bbox 1424 4965 1580 5039; x_wconf 77' lang='grc' dir='ltr'>[τῶν]</span> <span class='ocrx_word' id='word_1_730' title='bbox 1620 4966 1717 5034; x_wconf 86' lang='grc' dir='ltr'>τὴν</span> <span class='ocrx_word' id='word_1_731' title='bbox 1742 4966 1974 5036; x_wconf 64' lang='grc' dir='ltr'>δωρεὰν,</span> 
     </span>
    </p>
   </div>
   <div class='ocr_carea' id='block_1_96' title="bbox 408 5055 1979 5131">
    <p class='ocr_par' dir='ltr' id='par_1_96' title="bbox 408 5055 1979 5131">
     <span class='ocr_line' id='line_1_96' title="bbox 408 5055 1979 5131; baseline -0.007 -16"><span class='ocrx_word' id='word_1_732' title='bbox 408 5061 708 5131; x_wconf 80' lang='grc' dir='ltr'>φιλούντων</span> <span class='ocrx_word' id='word_1_733' title='bbox 751 5060 840 5112; x_wconf 79' lang='grc' dir='ltr'>ἀεὶ</span> <span class='ocrx_word' id='word_1_734' title='bbox 869 5058 975 5111; x_wconf 86' lang='grc' dir='ltr'><strong>τῶν</strong></span> <span class='ocrx_word' id='word_1_735' title='bbox 1008 5056 1216 5122; x_wconf 87' lang='grc' dir='ltr'>παθῶν,</span> <span class='ocrx_word' id='word_1_736' title='bbox 1335 5056 1459 5110; x_wconf 87' lang='lat' dir='ltr'><strong>add.</strong></span> <span class='ocrx_word' id='word_1_737' title='bbox 1494 5055 1586 5125; x_wconf 79' lang='grc' dir='ltr'><strong>τὰ]</strong></span> <span class='ocrx_word' id='word_1_738' title='bbox 1617 5055 1715 5125; x_wconf 85' lang='grc' dir='ltr'><strong>τῆς</strong></span> <span class='ocrx_word' id='word_1_739' title='bbox 1771 5072 1979 5123; x_wconf 75' lang='grc' dir='ltr'>καταγο</span> 
     </span>
    </p>
   </div>
   <div class='ocr_carea' id='block_1_97' title="bbox 407 5134 1973 5227">
    <p class='ocr_par' dir='ltr' id='par_1_97' title="bbox 407 5134 1973 5227">
     <span class='ocr_line' id='line_1_97' title="bbox 407 5134 1973 5227; baseline -0.006 -18"><span class='ocrx_word' id='word_1_740' title='bbox 407 5134 607 5227; x_wconf 85' lang='grc' dir='ltr'>χούσης</span> <span class='ocrx_word' id='word_1_741' title='bbox 645 5152 956 5222; x_wconf 86' lang='grc' dir='ltr'>ἐλευθερίας</span> <span class='ocrx_word' id='word_1_742' title='bbox 984 5152 1157 5204; x_wconf 75' lang='grc' dir='ltr'>ταῦτα</span> <span class='ocrx_word' id='word_1_743' title='bbox 1184 5151 1277 5204; x_wconf 79' lang='grc' dir='ltr'><strong>ἐπὶ</strong></span> <span class='ocrx_word' id='word_1_744' title='bbox 1305 5154 1367 5201; x_wconf 85' lang='grc' dir='ltr'>τὸ</span> <span class='ocrx_word' id='word_1_745' title='bbox 1397 5153 1579 5219; x_wconf 84' lang='grc' dir='ltr'>χεῖρον</span> <span class='ocrx_word' id='word_1_746' title='bbox 1602 5147 1973 5218; x_wconf 83' lang='grc' dir='ltr'>προάγεσθαι·</span> 
     </span>
    </p>
   </div>
   <div class='ocr_carea' id='block_1_98' title="bbox 407 5238 1979 5318">
    <p class='ocr_par' dir='ltr' id='par_1_98' title="bbox 407 5238 1979 5318">
     <span class='ocr_line' id='line_1_98' title="bbox 407 5238 1979 5318; baseline -0.006 -18"><span class='ocrx_word' id='word_1_747' title='bbox 407 5250 441 5318; x_wconf 82' lang='grc' dir='ltr'><strong>ἠ</strong></span> <span class='ocrx_word' id='word_1_748' title='bbox 484 5244 731 5315; x_wconf 82' lang='grc' dir='ltr'>ὑπομονὴ</span> <span class='ocrx_word' id='word_1_749' title='bbox 755 5240 1169 5306; x_wconf 80' lang='grc' dir='ltr'>ἐπεισελθοῦσα,</span> <span class='ocrx_word' id='word_1_750' title='bbox 1198 5240 1257 5293; x_wconf 81' lang='grc' dir='ltr'>τὸ</span> <span class='ocrx_word' id='word_1_751' title='bbox 1280 5242 1386 5293; x_wconf 82' lang='grc' dir='ltr'><strong>πᾶν</strong></span> <span class='ocrx_word' id='word_1_752' title='bbox 1427 5238 1848 5310; x_wconf 83' lang='grc' dir='ltr'>κατειργάσατο,</span> <span class='ocrx_word' id='word_1_753' title='bbox 1883 5240 1979 5291; x_wconf 70' lang='grc' dir='ltr'>καὶ</span> 
     </span>
    </p>
   </div>
   <div class='ocr_carea' id='block_1_99' title="bbox 407 5332 1979 5409">
    <p class='ocr_par' dir='ltr' id='par_1_99' title="bbox 407 5332 1979 5409">
     <span class='ocr_line' id='line_1_99' title="bbox 407 5332 1979 5409; baseline -0.006 -17"><span class='ocrx_word' id='word_1_754' title='bbox 407 5342 506 5409; x_wconf 83' lang='grc' dir='ltr'>τὴν</span> <span class='ocrx_word' id='word_1_755' title='bbox 540 5339 820 5392; x_wconf 85' lang='grc' dir='ltr'>εὐσέϐειαν</span> <span class='ocrx_word' id='word_1_756' title='bbox 848 5334 1202 5407; x_wconf 80' lang='grc' dir='ltr'>προεξένησε,</span> <span class='ocrx_word' id='word_1_757' title='bbox 1259 5333 1603 5401; x_wconf 81' lang='grc' dir='ltr'>τελειοτέραν</span> <span class='ocrx_word' id='word_1_758' title='bbox 1658 5332 1979 5402; x_wconf 84' lang='grc' dir='ltr'>ἀπεργασα-</span> 
     </span>
    </p>
   </div>
   <div class='ocr_carea' id='block_1_100' title="bbox 410 5421 1976 5502">
    <p class='ocr_par' dir='ltr' id='par_1_100' title="bbox 410 5421 1976 5502">
     <span class='ocr_line' id='line_1_100' title="bbox 410 5421 1976 5502; baseline -0.008 -18"><span class='ocrx_word' id='word_1_759' title='bbox 410 5432 548 5502; x_wconf 84' lang='grc' dir='ltr'>μένη</span> <span class='ocrx_word' id='word_1_760' title='bbox 570 5430 669 5501; x_wconf 80' lang='grc' dir='ltr'>τὴν</span> <span class='ocrx_word' id='word_1_761' title='bbox 691 5431 772 5493; x_wconf 87' lang='grc' dir='ltr'><strong>εἰς</strong></span> <span class='ocrx_word' id='word_1_762' title='bbox 804 5426 939 5481; x_wconf 82' lang='grc' dir='ltr'>Θεὸν</span> <span class='ocrx_word' id='word_1_763' title='bbox 970 5422 1323 5493; x_wconf 86' lang='grc' dir='ltr'>πεποίθησιν.</span> <span class='ocrx_word' id='word_1_764' title='bbox 1358 5421 1449 5475; x_wconf 83' lang='grc' dir='ltr'><strong>Διὸ</strong></span> <span class='ocrx_word' id='word_1_765' title='bbox 1470 5423 1563 5475; x_wconf 74' lang='grc' dir='ltr'>καὶ</span> <span class='ocrx_word' id='word_1_766' title='bbox 1606 5424 1673 5492; x_wconf 82' lang='grc' dir='ltr'>τῇ</span> <span class='ocrx_word' id='word_1_767' title='bbox 1719 5421 1976 5490; x_wconf 68' lang='grc' dir='ltr'>εὐσεϐείᾳ.</span> 
     </span>
    </p>
   </div>
   <div class='ocr_carea' id='block_1_101' title="bbox 406 5512 1973 5594">
    <p class='ocr_par' dir='ltr' id='par_1_101' title="bbox 406 5512 1973 5594">
     <span class='ocr_line' id='line_1_101' title="bbox 406 5512 1973 5594; baseline -0.008 -18"><span class='ocrx_word' id='word_1_768' title='bbox 406 5526 441 5594; x_wconf 80' lang='grc' dir='ltr'><strong>ἡ</strong></span> <span class='ocrx_word' id='word_1_769' title='bbox 483 5518 806 5592; x_wconf 81' lang='grc' dir='ltr'>φιλαδελφία</span> <span class='ocrx_word' id='word_1_770' title='bbox 823 5514 1253 5589; x_wconf 83' lang='grc' dir='ltr'>προσεπορίσθη,</span> <span class='ocrx_word' id='word_1_771' title='bbox 1288 5514 1382 5567; x_wconf 78' lang='grc' dir='ltr'>καὶ</span> <span class='ocrx_word' id='word_1_772' title='bbox 1403 5514 1497 5566; x_wconf 77' lang='grc' dir='ltr'>ἐπὶ</span> <span class='ocrx_word' id='word_1_773' title='bbox 1517 5514 1650 5566; x_wconf 80' lang='grc' dir='ltr'>πᾶσι</span> <span class='ocrx_word' id='word_1_774' title='bbox 1676 5512 1736 5565; x_wconf 82' lang='grc' dir='ltr'>τὸ</span> <span class='ocrx_word' id='word_1_775' title='bbox 1753 5513 1973 5565; x_wconf 82' lang='grc' dir='ltr'>πάντων</span> 
     </span>
    </p>
   </div>
   <div class='ocr_carea' id='block_1_102' title="bbox 404 5603 1973 5682">
    <p class='ocr_par' dir='ltr' id='par_1_102' title="bbox 404 5603 1973 5682">
     <span class='ocr_line' id='line_1_102' title="bbox 404 5603 1973 5682; baseline -0.008 -14"><span class='ocrx_word' id='word_1_776' title='bbox 404 5616 514 5668; x_wconf 87' lang='grc' dir='ltr'><strong>τῶν</strong></span> <span class='ocrx_word' id='word_1_777' title='bbox 542 5611 762 5682; x_wconf 81' lang='grc' dir='ltr'>ἀγαθῶν</span> <span class='ocrx_word' id='word_1_778' title='bbox 801 5611 1097 5680; x_wconf 83' lang='grc' dir='ltr'>πλήρωμα,</span> <span class='ocrx_word' id='word_1_779' title='bbox 1129 5610 1162 5675; x_wconf 78' lang='grc' dir='ltr'>ὴ</span> <span class='ocrx_word' id='word_1_780' title='bbox 1191 5607 1401 5673; x_wconf 80' lang='grc' dir='ltr'>ἀγάπη,</span> <span class='ocrx_word' id='word_1_781' title='bbox 1445 5605 1520 5666; x_wconf 87' lang='grc' dir='ltr'>ὡς</span> <span class='ocrx_word' id='word_1_782' title='bbox 1549 5603 1749 5673; x_wconf 82' lang='grc' dir='ltr'>Παύλῳ</span> <span class='ocrx_word' id='word_1_783' title='bbox 1782 5605 1875 5657; x_wconf 77' lang='grc' dir='ltr'>καὶ</span> <span class='ocrx_word' id='word_1_784' title='bbox 1906 5606 1973 5673; x_wconf 77' lang='grc' dir='ltr'>τῇ</span> 
     </span>
    </p>
   </div>
   <div class='ocr_carea' id='block_1_103' title="bbox 407 5692 1971 5775">
    <p class='ocr_par' dir='ltr' id='par_1_103' title="bbox 407 5692 1971 5775">
     <span class='ocr_line' id='line_1_103' title="bbox 407 5692 1971 5775; baseline -0.011 -15"><span class='ocrx_word' id='word_1_785' title='bbox 407 5704 639 5775; x_wconf 77' lang='grc' dir='ltr'>ἀληθεία</span> <span class='ocrx_word' id='word_1_786' title='bbox 681 5702 849 5755; x_wconf 88' lang='grc' dir='ltr'>δοκεῖ.</span> <span class='ocrx_word' id='word_1_787' title='bbox 882 5699 1030 5767; x_wconf 77' lang='grc' dir='ltr'>Αὕτη</span> <span class='ocrx_word' id='word_1_788' title='bbox 1056 5697 1161 5765; x_wconf 80' lang='grc' dir='ltr'>γὰρ</span> <span class='ocrx_word' id='word_1_789' title='bbox 1194 5696 1290 5748; x_wconf 80' lang='grc' dir='ltr'>καὶ</span> <span class='ocrx_word' id='word_1_790' title='bbox 1319 5696 1405 5746; x_wconf 66' lang='grc' dir='ltr'>τὶν</span> <span class='ocrx_word' id='word_1_791' title='bbox 1430 5693 1521 5745; x_wconf 80' lang='grc' dir='ltr'><strong>τοῦ</strong></span> <span class='ocrx_word' id='word_1_792' title='bbox 1548 5692 1681 5746; x_wconf 85' lang='grc' dir='ltr'>Θεοῦ</span> <span class='ocrx_word' id='word_1_793' title='bbox 1715 5692 1842 5744; x_wconf 84' lang='grc' dir='ltr'>Υίὸν</span> <span class='ocrx_word' id='word_1_794' title='bbox 1878 5696 1971 5744; x_wconf 77' lang='grc' dir='ltr'>καὶ</span> 
     </span>
    </p>
   </div>
   <div class='ocr_carea' id='block_1_104' title="bbox 406 5785 1974 5862">
    <p class='ocr_par' dir='ltr' id='par_1_104' title="bbox 406 5785 1974 5862">
     <span class='ocr_line' id='line_1_104' title="bbox 406 5785 1974 5862; baseline -0.011 -12"><span class='ocrx_word' id='word_1_795' title='bbox 406 5798 498 5852; x_wconf 70' lang='grc' dir='ltr'>τὸν</span> <span class='ocrx_word' id='word_1_796' title='bbox 529 5797 722 5850; x_wconf 75' lang='grc' dir='ltr'>τούτου</span> <span class='ocrx_word' id='word_1_797' title='bbox 771 5793 991 5862; x_wconf 83' lang='grc' dir='ltr'>Πατέρα</span> <span class='ocrx_word' id='word_1_798' title='bbox 1024 5788 1370 5853; x_wconf 73' lang='grc' dir='ltr'>ἐξεϐιάσατο’</span> <span class='ocrx_word' id='word_1_799' title='bbox 1405 5787 1493 5837; x_wconf 76' lang='grc' dir='ltr'>τὸν</span> <span class='ocrx_word' id='word_1_800' title='bbox 1549 5785 1669 5853; x_wconf 81' lang='grc' dir='ltr'>μὲν,</span> <span class='ocrx_word' id='word_1_801' title='bbox 1703 5786 1793 5835; x_wconf 80' lang='grc' dir='ltr'>τὸν</span> <span class='ocrx_word' id='word_1_802' title='bbox 1832 5785 1974 5849; x_wconf 83' lang='grc' dir='ltr'>ἀγα-</span> 
     </span>
    </p>
   </div>
   <div class='ocr_carea' id='block_1_105' title="bbox 719 5878 1407 5949">
    <p class='ocr_par' dir='ltr' id='par_1_105' title="bbox 719 5878 1407 5949">
     <span class='ocr_line' id='line_1_105' title="bbox 719 5878 1407 5949; baseline -0.017 1"><span class='ocrx_word' id='word_1_803' title='bbox 719 5892 992 5949; x_wconf 69' lang='grc' dir='ltr'>Ριτιιυι..</span> <span class='ocrx_word' id='word_1_804' title='bbox 1026 5888 1142 5941; x_wconf 70' lang='lat' dir='ltr'><strong>(in.</strong></span> <span class='ocrx_word' id='word_1_805' title='bbox 1177 5878 1407 5938; x_wconf 73' lang='lat' dir='ltr'><strong>CXXV.</strong></span> 
     </span>
    </p>
   </div>
   <div class='ocr_carea' id='block_1_106' title="bbox 2080 4696 3655 4767">
    <p class='ocr_par' dir='ltr' id='par_1_106' title="bbox 2080 4696 3655 4767">
     <span class='ocr_line' id='line_1_106' title="bbox 2080 4696 3655 4767; baseline -0.001 -15"><span class='ocrx_word' id='word_1_806' title='bbox 2080 4700 2442 4754; x_wconf 88' lang='lat' dir='ltr'><strong>stantioribus</strong></span> <span class='ocrx_word' id='word_1_807' title='bbox 2486 4698 2747 4767; x_wconf 86' lang='lat' dir='ltr'><strong>operibus</strong></span> <span class='ocrx_word' id='word_1_808' title='bbox 2782 4697 3131 4751; x_wconf 83' lang='lat' dir='ltr'><strong>continenter</strong></span> <span class='ocrx_word' id='word_1_809' title='bbox 3150 4698 3397 4751; x_wconf 81' lang='lat' dir='ltr'><strong>exercet.</strong></span> <span class='ocrx_word' id='word_1_810' title='bbox 3456 4696 3655 4753; x_wconf 81' lang='lat' dir='ltr'><strong>Postea</strong></span> 
     </span>
    </p>
   </div>
   <div class='ocr_carea' id='block_1_107' title="bbox 2088 4783 3653 4857">
    <p class='ocr_par' dir='ltr' id='par_1_107' title="bbox 2088 4783 3653 4857">
     <span class='ocr_line' id='line_1_107' title="bbox 2088 4783 3653 4857; baseline 0.001 -19"><span class='ocrx_word' id='word_1_811' title='bbox 2088 4787 2495 4849; x_wconf 62' lang='lat' dir='ltr'><strong>rabstinentia,</strong></span> <span class='ocrx_word' id='word_1_812' title='bbox 2534 4806 2552 4837; x_wconf 78' lang='grc' dir='ltr'><strong>ι</strong></span> <span class='ocrx_word' id='word_1_813' title='bbox 2594 4801 2690 4841; x_wconf 84' lang='lat' dir='ltr'><strong>seti</strong></span> <span class='ocrx_word' id='word_1_814' title='bbox 2722 4786 3097 4854; x_wconf 85' lang='lat' dir='ltr'><strong>temperantia.</strong></span> <span class='ocrx_word' id='word_1_815' title='bbox 3136 4783 3272 4840; x_wconf 86' lang='lat' dir='ltr'><strong>Nam</strong></span> <span class='ocrx_word' id='word_1_816' title='bbox 3302 4796 3356 4839; x_wconf 90' lang='lat' dir='ltr'><strong>et</strong></span> <span class='ocrx_word' id='word_1_817' title='bbox 3390 4786 3489 4842; x_wconf 83' lang='lat' dir='ltr'><strong>hac</strong></span> <span class='ocrx_word' id='word_1_818' title='bbox 3512 4801 3653 4857; x_wconf 84' lang='lat' dir='ltr'><strong>opus</strong></span> 
     </span>
    </p>
   </div>
   <div class='ocr_carea' id='block_1_108' title="bbox 2084 4877 3654 4948">
    <p class='ocr_par' dir='ltr' id='par_1_108' title="bbox 2084 4877 3654 4948">
     <span class='ocr_line' id='line_1_108' title="bbox 2084 4877 3654 4948; baseline -0.001 -15"><span class='ocrx_word' id='word_1_819' title='bbox 2084 4881 2262 4942; x_wconf 82' lang='lat' dir='ltr'><strong>habet,</strong></span> <span class='ocrx_word' id='word_1_820' title='bbox 2294 4881 2385 4948; x_wconf 87' lang='lat' dir='ltr'><strong>qui</strong></span> <span class='ocrx_word' id='word_1_821' title='bbox 2419 4881 2486 4932; x_wconf 86' lang='lat' dir='ltr'><strong>ad</strong></span> <span class='ocrx_word' id='word_1_822' title='bbox 2538 4878 2736 4932; x_wconf 87' lang='lat' dir='ltr'><strong>bonam</strong></span> <span class='ocrx_word' id='word_1_823' title='bbox 2786 4891 3096 4932; x_wconf 82' lang='lat' dir='ltr'><strong>Inensuram</strong></span> <span class='ocrx_word' id='word_1_824' title='bbox 3138 4877 3404 4946; x_wconf 68' lang='lat' dir='ltr'><strong>pervenit,</strong></span> <span class='ocrx_word' id='word_1_825' title='bbox 3435 4893 3502 4932; x_wconf 89' lang='lat' dir='ltr'><strong>ne</strong></span> <span class='ocrx_word' id='word_1_826' title='bbox 3524 4877 3654 4932; x_wconf 87' lang='lat' dir='ltr'><strong>doni</strong></span> 
     </span>
    </p>
   </div>
   <div class='ocr_carea' id='block_1_109' title="bbox 2083 4968 3653 5041">
    <p class='ocr_par' dir='ltr' id='par_1_109' title="bbox 2083 4968 3653 5041">
     <span class='ocr_line' id='line_1_109' title="bbox 2083 4968 3653 5041; baseline -0.001 -16"><span class='ocrx_word' id='word_1_827' title='bbox 2083 4970 2457 5041; x_wconf 77' lang='lat' dir='ltr'><strong>magnitudine</strong></span> <span class='ocrx_word' id='word_1_828' title='bbox 2507 4970 2834 5023; x_wconf 85' lang='lat' dir='ltr'><strong>insolentius</strong></span> <span class='ocrx_word' id='word_1_829' title='bbox 2879 4968 3160 5024; x_wconf 77' lang='lat' dir='ltr'><strong>eﬂeratur.</strong></span> <span class='ocrx_word' id='word_1_830' title='bbox 3217 4969 3487 5034; x_wconf 80' lang='lat' dir='ltr'><strong>Quoniam</strong></span> <span class='ocrx_word' id='word_1_831' title='bbox 3521 4985 3653 5024; x_wconf 87' lang='lat' dir='ltr'><strong>vero</strong></span> 
     </span>
    </p>
   </div>
   <div class='ocr_carea' id='block_1_110' title="bbox 2087 5058 3656 5130">
    <p class='ocr_par' dir='ltr' id='par_1_110' title="bbox 2087 5058 3656 5130">
     <span class='ocr_line' id='line_1_110' title="bbox 2087 5058 3656 5130; baseline -0.001 -14"><span class='ocrx_word' id='word_1_832' title='bbox 2087 5062 2199 5117; x_wconf 87' lang='lat' dir='ltr'><strong>ﬁeri</strong></span> <span class='ocrx_word' id='word_1_833' title='bbox 2231 5078 2339 5116; x_wconf 92' lang='lat' dir='ltr'><strong>non</strong></span> <span class='ocrx_word' id='word_1_834' title='bbox 2375 5070 2575 5130; x_wconf 86' lang='lat' dir='ltr'><strong>potest,</strong></span> <span class='ocrx_word' id='word_1_835' title='bbox 2603 5059 2774 5128; x_wconf 91' lang='lat' dir='ltr'><strong>utqui</strong></span> <span class='ocrx_word' id='word_1_836' title='bbox 2803 5058 2871 5115; x_wconf 88' lang='lat' dir='ltr'><strong>ad</strong></span> <span class='ocrx_word' id='word_1_837' title='bbox 2903 5059 3071 5115; x_wconf 80' lang='lat' dir='ltr'><strong>breve</strong></span> <span class='ocrx_word' id='word_1_838' title='bbox 3097 5067 3310 5128; x_wconf 84' lang='lat' dir='ltr'><strong>tempus</strong></span> <span class='ocrx_word' id='word_1_839' title='bbox 3343 5069 3656 5129; x_wconf 85' lang='lat' dir='ltr'><strong>temperan-</strong></span> 
     </span>
    </p>
   </div>
   <div class='ocr_carea' id='block_1_111' title="bbox 2085 5149 3656 5218">
    <p class='ocr_par' dir='ltr' id='par_1_111' title="bbox 2085 5149 3656 5218">
     <span class='ocr_line' id='line_1_111' title="bbox 2085 5149 3656 5218; baseline -0.001 -15"><span class='ocrx_word' id='word_1_840' title='bbox 2085 5159 2212 5205; x_wconf 87' lang='lat' dir='ltr'><strong>t.am</strong></span> <span class='ocrx_word' id='word_1_841' title='bbox 2246 5151 2506 5212; x_wconf 83' lang='lat' dir='ltr'><strong>servavit,</strong></span> <span class='ocrx_word' id='word_1_842' title='bbox 2565 5151 2780 5203; x_wconf 87' lang='lat' dir='ltr'><strong>lirmum</strong></span> <span class='ocrx_word' id='word_1_843' title='bbox 2833 5164 2897 5203; x_wconf 83' lang='lat' dir='ltr'><strong>ac</strong></span> <span class='ocrx_word' id='word_1_844' title='bbox 2954 5164 3209 5204; x_wconf 81' lang='lat' dir='ltr'><strong>securum</strong></span> <span class='ocrx_word' id='word_1_845' title='bbox 3238 5149 3437 5205; x_wconf 88' lang='lat' dir='ltr'><strong>d0nnm</strong></span> <span class='ocrx_word' id='word_1_846' title='bbox 3474 5153 3656 5218; x_wconf 83' lang='lat' dir='ltr'><strong>possi-</strong></span> 
     </span>
    </p>
   </div>
   <div class='ocr_carea' id='block_1_112' title="bbox 2084 5238 3652 5311">
    <p class='ocr_par' dir='ltr' id='par_1_112' title="bbox 2084 5238 3652 5311">
     <span class='ocr_line' id='line_1_112' title="bbox 2084 5238 3652 5311; baseline -0.003 -14"><span class='ocrx_word' id='word_1_847' title='bbox 2084 5242 2208 5297; x_wconf 88' lang='lat' dir='ltr'><strong>deat</strong></span> <span class='ocrx_word' id='word_1_848' title='bbox 2238 5240 2700 5311; x_wconf 84' lang='lat' dir='ltr'><strong>(quandoquidem</strong></span> <span class='ocrx_word' id='word_1_849' title='bbox 2728 5254 2946 5309; x_wconf 83' lang='lat' dir='ltr'><strong>semper</strong></span> <span class='ocrx_word' id='word_1_850' title='bbox 2977 5238 3226 5293; x_wconf 83' lang='lat' dir='ltr'><strong>nituntur</strong></span> <span class='ocrx_word' id='word_1_851' title='bbox 3256 5239 3537 5309; x_wconf 83' lang='lat' dir='ltr'><strong>passiones</strong></span> <span class='ocrx_word' id='word_1_852' title='bbox 3568 5258 3652 5305; x_wconf 82' lang='lat' dir='ltr'><strong>ea,</strong></span> 
     </span>
    </p>
   </div>
   <div class='ocr_carea' id='block_1_113' title="bbox 2084 5328 3651 5399">
    <p class='ocr_par' dir='ltr' id='par_1_113' title="bbox 2084 5328 3651 5399">
     <span class='ocr_line' id='line_1_113' title="bbox 2084 5328 3651 5399; baseline 0.001 -17"><span class='ocrx_word' id='word_1_853' title='bbox 2084 5345 2205 5399; x_wconf 62' lang='lat' dir='ltr'><strong>qua:</strong></span> <span class='ocrx_word' id='word_1_854' title='bbox 2237 5331 2475 5385; x_wconf 83' lang='lat' dir='ltr'><strong>libertati</strong></span> <span class='ocrx_word' id='word_1_855' title='bbox 2510 5328 2784 5382; x_wconf 84' lang='lat' dir='ltr'><strong>contraria</strong></span> <span class='ocrx_word' id='word_1_856' title='bbox 2833 5336 2983 5392; x_wconf 89' lang='lat' dir='ltr'><strong>sunt,</strong></span> <span class='ocrx_word' id='word_1_857' title='bbox 3020 5328 3229 5390; x_wconf 87' lang='lat' dir='ltr'><strong>tollere,</strong></span> <span class='ocrx_word' id='word_1_858' title='bbox 3258 5336 3312 5383; x_wconf 89' lang='lat' dir='ltr'><strong>et</strong></span> <span class='ocrx_word' id='word_1_859' title='bbox 3363 5328 3420 5383; x_wconf 91' lang='lat' dir='ltr'><strong>in</strong></span> <span class='ocrx_word' id='word_1_860' title='bbox 3469 5329 3651 5398; x_wconf 79' lang='lat' dir='ltr'><strong>pejora</strong></span> 
     </span>
    </p>
   </div>
   <div class='ocr_carea' id='block_1_114' title="bbox 2084 5416 3654 5491">
    <p class='ocr_par' dir='ltr' id='par_1_114' title="bbox 2084 5416 3654 5491">
     <span class='ocr_line' id='line_1_114' title="bbox 2084 5416 3654 5491; baseline 0.002 -18"><span class='ocrx_word' id='word_1_861' title='bbox 2084 5416 2460 5491; x_wconf 75' lang='lat' dir='ltr'><strong>convertere);</strong></span> <span class='ocrx_word' id='word_1_862' title='bbox 2506 5419 2903 5488; x_wconf 86' lang='lat' dir='ltr'><strong>superveniens</strong></span> <span class='ocrx_word' id='word_1_863' title='bbox 2941 5437 2960 5471; x_wconf 77' lang='grc' dir='ltr'><strong>ι</strong></span> <span class='ocrx_word' id='word_1_864' title='bbox 2990 5419 3269 5490; x_wconf 85' lang='lat' dir='ltr'><strong>patientia,</strong></span> <span class='ocrx_word' id='word_1_865' title='bbox 3310 5437 3329 5472; x_wconf 72' lang='grc' dir='ltr'><strong>ι</strong></span> <span class='ocrx_word' id='word_1_866' title='bbox 3383 5435 3492 5477; x_wconf 89' lang='lat' dir='ltr'><strong>rem</strong></span> <span class='ocrx_word' id='word_1_867' title='bbox 3529 5437 3654 5476; x_wconf 85' lang='lat' dir='ltr'><strong>ont-</strong></span> 
     </span>
    </p>
   </div>
   <div class='ocr_carea' id='block_1_115' title="bbox 2084 5511 3653 5581">
    <p class='ocr_par' dir='ltr' id='par_1_115' title="bbox 2084 5511 3653 5581">
     <span class='ocr_line' id='line_1_115' title="bbox 2084 5511 3653 5581; baseline 0 -16"><span class='ocrx_word' id='word_1_868' title='bbox 2084 5528 2207 5567; x_wconf 86' lang='lat' dir='ltr'><strong>nem</strong></span> <span class='ocrx_word' id='word_1_869' title='bbox 2260 5511 2482 5566; x_wconf 83' lang='lat' dir='ltr'><strong>coniicit</strong></span> <span class='ocrx_word' id='word_1_870' title='bbox 2514 5529 2526 5565; x_wconf 94' lang='lat'>:</span> <span class='ocrx_word' id='word_1_871' title='bbox 2572 5525 2700 5566; x_wconf 87' lang='lat' dir='ltr'><strong>nam</strong></span> <span class='ocrx_word' id='word_1_872' title='bbox 2730 5521 2784 5566; x_wconf 90' lang='lat' dir='ltr'><strong>et</strong></span> <span class='ocrx_word' id='word_1_873' title='bbox 2811 5511 3068 5581; x_wconf 85' lang='lat' dir='ltr'><strong>pietatem</strong></span> <span class='ocrx_word' id='word_1_874' title='bbox 3096 5512 3374 5576; x_wconf 83' lang='lat' dir='ltr'><strong>conciliat,</strong></span> <span class='ocrx_word' id='word_1_875' title='bbox 3404 5520 3457 5564; x_wconf 87' lang='lat' dir='ltr'><strong>et</strong></span> <span class='ocrx_word' id='word_1_876' title='bbox 3473 5513 3653 5581; x_wconf 80' lang='lat' dir='ltr'><strong>perfe-</strong></span> 
     </span>
    </p>
   </div>
   <div class='ocr_carea' id='block_1_116' title="bbox 2082 5600 3652 5672">
    <p class='ocr_par' dir='ltr' id='par_1_116' title="bbox 2082 5600 3652 5672">
     <span class='ocr_line' id='line_1_116' title="bbox 2082 5600 3652 5672; baseline 0.004 -16"><span class='ocrx_word' id='word_1_877' title='bbox 2082 5607 2308 5657; x_wconf 84' lang='lat' dir='ltr'><strong>ctiorem</strong></span> <span class='ocrx_word' id='word_1_878' title='bbox 2341 5602 2394 5655; x_wconf 91' lang='lat' dir='ltr'><strong>in</strong></span> <span class='ocrx_word' id='word_1_879' title='bbox 2433 5600 2602 5656; x_wconf 88' lang='lat' dir='ltr'><strong>Deum</strong></span> <span class='ocrx_word' id='word_1_880' title='bbox 2644 5602 2902 5659; x_wconf 83' lang='lat' dir='ltr'><strong>ﬁduciam</strong></span> <span class='ocrx_word' id='word_1_881' title='bbox 2952 5603 3233 5672; x_wconf 71' lang='lat' dir='ltr'><strong>elargitur.</strong></span> <span class='ocrx_word' id='word_1_882' title='bbox 3281 5604 3461 5669; x_wconf 81' lang='lat' dir='ltr'><strong>Quare</strong></span> <span class='ocrx_word' id='word_1_883' title='bbox 3485 5607 3652 5662; x_wconf 76' lang='lat' dir='ltr'><strong>etiam</strong></span> 
     </span>
    </p>
   </div>
   <div class='ocr_carea' id='block_1_117' title="bbox 2085 5690 3650 5761">
    <p class='ocr_par' dir='ltr' id='par_1_117' title="bbox 2085 5690 3650 5761">
     <span class='ocr_line' id='line_1_117' title="bbox 2085 5690 3650 5761; baseline 0.004 -17"><span class='ocrx_word' id='word_1_884' title='bbox 2085 5693 2270 5761; x_wconf 83' lang='lat' dir='ltr'><strong>pietati</strong></span> <span class='ocrx_word' id='word_1_885' title='bbox 2317 5690 2742 5760; x_wconf 77' lang='lat' dir='ltr'><strong>supperadditur</strong></span> <span class='ocrx_word' id='word_1_886' title='bbox 2795 5711 2814 5744; x_wconf 83' lang='grc' dir='ltr'><strong>ι</strong></span> <span class='ocrx_word' id='word_1_887' title='bbox 2850 5707 3004 5747; x_wconf 89' lang='lat' dir='ltr'><strong>amor</strong></span> <span class='ocrx_word' id='word_1_888' title='bbox 3057 5693 3438 5760; x_wconf 80' lang='lat' dir='ltr'><strong>fraternitatis,</strong></span> <span class='ocrx_word' id='word_1_889' title='bbox 3469 5712 3490 5748; x_wconf 79' lang='grc' dir='ltr'><strong>ι</strong></span> <span class='ocrx_word' id='word_1_890' title='bbox 3553 5710 3650 5750; x_wconf 86' lang='lat' dir='ltr'><strong>seu</strong></span> 
     </span>
    </p>
   </div>
   <div class='ocr_carea' id='block_1_118' title="bbox 2089 5782 3652 5853">
    <p class='ocr_par' dir='ltr' id='par_1_118' title="bbox 2089 5782 3652 5853">
     <span class='ocr_line' id='line_1_118' title="bbox 2089 5782 3652 5853; baseline 0.006 -20"><span class='ocrx_word' id='word_1_891' title='bbox 2089 5802 2105 5833; x_wconf 81' lang='grc' dir='ltr'><strong>ι</strong></span> <span class='ocrx_word' id='word_1_892' title='bbox 2145 5782 2417 5835; x_wconf 81' lang='lat' dir='ltr'><strong>fraternus</strong></span> <span class='ocrx_word' id='word_1_893' title='bbox 2452 5796 2496 5832; x_wconf 78' lang='grc' dir='ltr'><strong>ιι</strong></span> <span class='ocrx_word' id='word_1_894' title='bbox 2532 5789 2586 5834; x_wconf 91' lang='lat' dir='ltr'><strong>et</strong></span> <span class='ocrx_word' id='word_1_895' title='bbox 2638 5792 2763 5853; x_wconf 86' lang='lat' dir='ltr'><strong>post</strong></span> <span class='ocrx_word' id='word_1_896' title='bbox 2820 5784 3025 5847; x_wconf 80' lang='lat' dir='ltr'><strong>omnia,</strong></span> <span class='ocrx_word' id='word_1_897' title='bbox 3064 5797 3126 5838; x_wconf 88' lang='lat' dir='ltr'><strong>ea</strong></span> <span class='ocrx_word' id='word_1_898' title='bbox 3183 5797 3305 5851; x_wconf 80' lang='lat' dir='ltr'><strong>qua:</strong></span> <span class='ocrx_word' id='word_1_899' title='bbox 3352 5787 3652 5842; x_wconf 87' lang='lat' dir='ltr'><strong>secundum</strong></span> 
     </span>
    </p>
   </div>
   <div class='ocr_carea' id='block_1_119' title="bbox 3214 5878 3292 5937">
    <p class='ocr_par' dir='ltr' id='par_1_119' title="bbox 3214 5878 3292 5937">
     <span class='ocr_line' id='line_1_119' title="bbox 3214 5878 3292 5937; baseline 0.013 -1"><span class='ocrx_word' id='word_1_900' title='bbox 3214 5878 3292 5937; x_wconf 77' lang='grc' dir='ltr'><strong>1ιο</strong></span> 
     </span>
    </p>
   </div>
  </div>
