4120 6432
432 400 567 465 1259

1313 395 1897 458 THEOPHYLACTI
1935 393 2348 456 BULGARI/E
2390 393 2748 456 ARCHIEP.

3547 388 3692 454 1260

425 519 652 573 Paulum
705 525 759 572 ct
786 515 1092 579 veritatem,
1129 521 1212 570 est
1262 513 1534 568 bonorum
1566 513 1806 564 omnium
1837 510 2004 582 386

2127 511 2278 580 τητδν
2337 511 2503 565 αὑτοῦ
2558 510 2778 564 δοῦναι’
2838 510 2931 562 τ“ν
2965 509 3020 563 δὲ
3058 508 3207 574 Υἱὺν,
3244 509 3305 562 τὸ
3341 501 3480 577 αἷμα
3523 507 3688 560 αὑτοῦ

421 609 722 678 plenitudo,
758 607 998 660 charitas
1029 608 1049 635 ¹
1083 621 1095 655 :
1137 605 1251 658 hare
1284 618 1518 673 namque
1550 613 1601 656 et
1631 600 1724 655 Dei
1752 599 1912 666 Filio,
1938 616 2002 655 ac

2111 603 2252 673 ὑπὲρ
2287 603 2446 673 ήμῶν
2473 603 2688 672 ἐκχέαι.

423 710 626 753 :cterno
675 697 796 768 ejus
842 697 989 752 Patri
1035 696 1142 749 vim
1205 693 1608 764 quodammodo
1658 693 1871 757 intulit;
1946 693 2072 746 huic
2111 695 2331 763 quidem
2395 707 2452 749 ut
2504 695 2702 750 Filium
2759 708 2920 748 suum
2977 693 3237 747 dilectum
3289 691 3450 747 nobis
3505 690 3692 744 daret;

431 794 506 848 illi
555 778 709 856 v'cro,
771 799 829 845 ut
883 789 1203 860 sanguinem
1253 803 1412 843 suum
1467 803 1568 857 pro
1621 786 1780 841 nobis
1827 785 2159 843 eﬂunderet.

501 886 666 940 Vens.
712 885 767 939 8.
809 902 825 933 ι
880 881 1007 936 Haec
1055 881 1199 936 enim
1250 881 1296 934 si
1360 881 1643 934 vobiscum
1732 879 1912 932 adsint
1962 887 2016 932 et

426 986 711 1046 superent,
750 991 856 1029 non
896 989 1097 1030 vacuos
1157 988 1258 1027 nec
1302 973 1420 1027 sine
1457 972 1636 1026 fructu
1669 987 1766 1026 vos
1800 972 2008 1025 consti-

425 1077 600 1130 tuent,
635 1068 688 1120 in
722 1065 933 1120 Domini
961 1065 1133 1119 nostri
1168 1061 1296 1118 Jesu
1346 1065 1548 1117 Christi
1592 1063 1928 1131 cognitione.
1977 1081 1994 1112 ›

420 1190 492 1202 --
526 1179 544 1210 ‹
585 1158 708 1213 llaec
742 1175 754 1210 :
789 1177 807 1209 ›
855 1173 1072 1225 nempe,
1113 1155 1268 1220 ﬁdes,
1317 1157 1514 1220 virtus,
1548 1156 1798 1220 scientia,
1836 1154 2014 1209 absti-

424 1251 627 1315 nentia,
687 1266 781 1304 seu
837 1250 1223 1318 temperantia,
1288 1248 1572 1317 patientia,
1627 1248 1821 1317 pietas,
1857 1262 2012 1300 amor

426 1345 720 1404 fraternus,
754 1352 804 1395 et
839 1341 1112 1404 charitas;
1146 1354 1268 1408 quae
1304 1354 1408 1390 non
1447 1340 1623 1391 solum
1659 1337 1854 1391 adesse
1907 1337 2003 1389 de-

424 1435 574 1496 bent,
633 1432 726 1485 sed
760 1441 808 1483 et
863 1445 1146 1499 superare,
1187 1443 1283 1481 seu
1321 1429 1641 1481 abundare:
1675 1427 1719 1479 si
1773 1425 2036 1493 namque"

425 1525 640 1578 illarum
675 1523 962 1590 praesentia
999 1520 1242 1590 prodest,
1294 1520 1466 1572 multo
1499 1518 1673 1587 magis
1719 1517 2006 1570 abundan-

422 1614 518 1667 tia.
552 1612 654 1666 Sed
679 1627 927 1681 quaenam
979 1620 1064 1664 est
1107 1611 1350 1679 ipsarum
1388 1607 1632 1661 utilitas?
1679 1607 1832 1672 Quod
1872 1607 2002 1659 [idu-

423 1705 564 1757 eiatn
593 1713 648 1758 et
695 1704 1048 1757 securitatem
1097 1701 1341 1754 tribuant
1389 1700 1442 1752 in
1497 1699 1737 1754 secundo
1793 1699 2003 1752 Domini

2187 899 2205 930 ι
2243 880 2428 934 Ταῦτα
2482 881 2591 950 γὰρ
2626 881 2755 947 ὑμῖν
2793 879 3111 948 ὑπάρχοντα
3144 877 3240 931 καὶ
3291 875 3693 940 πλεονάζοντα,

2114 972 2214 1024 οὐκ
2259 971 2486 1042 ἀργοὺς,
2519 971 2640 1024 οὐδὲ
2671 972 2958 1040 ἀκάρπους
2991 971 3316 1039 καθίστησιν
3346 969 3430 1031 είς
3471 966 3570 1037 τήν
3599 962 3694 1016 τοῦ

2118 1064 2326 1134 Κυρίου
2345 1064 2507 1135 ¹ήμῶν
2543 1063 2719 1134 Ἰησοῦ
2739 1063 2978 1133 Χριστοῦ
3006 1063 3323 1130 ἐπίγνωσιν.
3358 1079 3375 1109 ι
3415 1089 3483 1100 —
3510 1079 3527 1110 ι
3557 1057 3696 1110 Ταῦ·

2115 1169 2208 1216 τα,
2245 1171 2264 1203 ι
2326 1155 2487 1219 tota;
2531 1152 2594 1205 Ἤ
2631 1153 2839 1214 πίστις,
2892 1155 2925 1222 ή
2966 1153 3221 1220 ἀρετὴ,ή
3263 1149 3484 1218 γνῶσις,
3526 1149 3557 1216 ἡ
3606 1148 3700 1213 ὲγ-

2119 1249 2366 1318 κράτεια,
2422 1248 2454 1316 ή
2496 1247 2764 1314 ὑπομονὴ,
2804 1246 2837 1314 ή
2890 1244 3165 1305 εὐσέϐεια,
3199 1244 3232 1310 ή
3284 1239 3632 1307 φιλαδελφία,
3665 1240 3699 1307 ή

2114 1337 2302 1404 ἀγάπη
2327 1349 2342 1364 °
2383 1335 2542 1388 ἆτινα
2569 1334 2630 1386 οὺ
2664 1333 2825 1404 μόνον
2849 1336 3103 1401 παρεῖναι
3137 1333 3238 1395 δεῖ,
3263 1331 3400 1384 ἀλλὰ
3425 1330 3520 1384 καὶ
3542 1329 3702 1380 πλεοο

2116 1428 2320 1491 νὰζειν.
2367 1429 2430 1480 Et
2465 1427 2573 1497 γὰρ
2620 1429 2653 1496 ή
2693 1425 2969 1498 παρουσία
3001 1424 3225 1493 ὠφελεῖ,
3269 1423 3455 1493 πολλῷ
3501 1421 3703 1492 μᾶλλον

2117 1525 2150 1591 ή
2187 1521 2498 1592 περιουσία.
2526 1521 2622 1584 Τίς
2653 1520 2708 1572 δὲ
2741 1521 2773 1590 ή
2815 1519 2874 1583 ἐξ
2895 1518 3076 1570 αὐτῶν
3115 1516 3378 1586 ὠφέλεια,
3411 1515 3445 1587 ἢ
3477 1513 3538 1566 τὸ
3561 1516 3704 1584 παῤ-

2121 1614 2320 1684 ρησίαν
2369 1616 2448 1674 είς
2511 1613 2609 1681 τὴν
2669 1611 2764 1663 τοῦ
2813 1609 3022 1679 Κυρίου
3071 1608 3336 1678 δευτέραν
3391 1605 3705 1674 παρουσίαν

2121 1706 2298 1775 ἔχειν;
2331 1705 2421 1773 Τῷ
2447 1705 2555 1774 γάρ
2594 1704 2669 1774 μὴ
2695 1704 2872 1774 ἔχοντι
2911 1702 3107 1767 ταῦτα,
3143 1704 3202 1754 ὲν
3219 1701 3350 1771 δόξῃ
3379 1699 3472 1753 τοῦ
3495 1696 3703 1769 Κριτοῦ

424 1794 683 1848 adventu.
721 1795 824 1860 Qui
858 1794 1027 1856 cnim,
1081 1793 1329 1846 veniente
1375 1790 1560 1859 judice
1615 1790 1666 1843 itt
1716 1789 1910 1859 gloria,
1960 1797 2012 1841 et

2127 1796 2594 1865 παραγενομένου,
2637 1795 2730 1847 καὶ
2757 1794 2831 1857 ὡς
2855 1794 3009 1862 ήλίου
3041 1793 3558 1861 ἀπαστράπτοντος,
3603 1787 3701 1840 τύ-

431 1886 720 1954 plusquam
741 1886 873 1939 solis
889 1885 1024 1938 radii
1043 1891 1387 1946 coruscante,
1405 1882 1487 1934 his
1504 1893 1730 1935 ornatus
1749 1896 1809 1935 ac
1833 1882 2016 1934 muni-

428 1985 515 2029 tus
555 1991 661 2028 non
721 1976 907 2032 fuerit.
950 1975 1316 2026 excaecabitur
1347 1988 1360 2023 ε
1394 1979 1488 2023 aut
1521 1972 1565 2022 si
1611 1973 1778 2023 etiam
1837 1970 2013 2021 visum

429 2067 756 2119 incolumem
825 2066 1077 2126 retineat,
1137 2079 1245 2116 non
1305 2070 1488 2114 tanien
1562 2062 1644 2114 vel
1680 2063 1758 2114 sic
1810 2062 2019 2127 absque

429 2157 649 2214 lmsione
671 2145 1178 2222 splendidissimum
1205 2154 1334 2205 illttd
1359 2152 1524 2220 jubar
1553 2151 1753 2204 intueri
1779 2155 1975 2218 poterit
2001 2165 2014 2200 :

427 2246 864 2315 quandoquidem
901 2247 1103 2297 nimius
1157 2242 1333 2312 fulgor
1369 2244 1577 2298 debiles
1619 2243 1811 2294 oculos
1862 2241 2022 2292 latulc

430 2337 775 2406 perstringit,
823 2336 1015 2403 eisque
1053 2335 1306 2388 tenebras
1353 2335 1514 2387 etiam
1541 2333 1827 2386 aﬂuttdere
1860 2334 2018 2385 s'olet.

503 2429 666 2481 VERS.
703 2429 759 2489 9,
797 2426 885 2481 10.
930 2445 946 2475 ι
976 2427 1075 2478 Cui
1113 2426 1258 2478 enim
1324 2441 1430 2478 non
1481 2435 1680 2493 praesto
1726 2433 1854 2476 sunt
1887 2427 2018 2486 lucc,

431 2533 608 2573 caecus
637 2528 739 2581 est,
771 2526 827 2572 et
865 2533 1026 2570 manu
1063 2524 1308 2579 tentans,
1360 2516 1692 2570 oblivionem
1746 2515 2022 2582 accipiens

433 2610 775 2678 purgationis
813 2617 1050 2661 veterum
1097 2621 1324 2661 suorum
1363 2606 1710 2658 delictorum.
1760 2606 2019 2674 Quapro-

433 2713 572 2769 pter,
617 2700 831 2760 fratres,
892 2700 1064 2769 magis
1113 2700 1365 2769 satagite,
1406 2708 1464 2752 ut
1513 2713 1608 2767 per
1636 2702 1776 2752 bona
1851 2712 2021 2765 Opera

431 2801 636 2844 e;-rtam
689 2799 927 2843 vestram
973 2791 1316 2843 mentionem
1351 2789 1588 2842 faciatis.
1639 2808 1657 2840 ι
1693 2817 1763 2827 -
1796 2807 1814 2839 ι
1852 2789 2013 2841 Manu

443 2895 649 2936 tentare
685 2902 702 2933 ι
769 2882 977 2951 (ϐτιιξςο
1034 2879 1382 2953 μυωπάζειν)
1446 2883 1585 2936 ident
1634 2890 1715 2934 est
1750 2897 1811 2934 ac
1845 2897 2024 2935 caecu-

433 2978 534 3030 tire
569 2994 584 3029 :
617 2977 834 3030 ducitur
885 2978 1030 3028 enim
1075 2978 1183 3028 ἀπὸ
1213 2976 1321 3028 τῶν
1358 2975 1508 3046 μυῶν
1557 2992 1654 3030 seu
1699 2990 1728 3027 a
1772 2977 2024 3028 muribus

438 3069 516 3118 vel
560 3067 742 3134 talpis,
781 3083 900 3135 quae
931 3068 1036 3120 sub
1065 3077 1212 3120 terra
1245 3067 1298 3119 ιιι
1329 3066 1644 3120 omnimoda
1679 3067 2018 3119 obscuritate

435 3168 744 3211 versantur.
806 3155 930 3210 "ile
974 3165 1157 3211 autem
1225 3158 1499 3210 sententia
1560 3157 1759 3210 similis
1805 3168 1887 3210 est
1942 3142 2092 3207 illic

429 3249 574 3301 beati
605 3246 790 3302 Jacobi
837 3249 985 3302 dicto
1016 3263 1030 3299 :
1067 3265 1084 3298 ι
1134 3246 1191 3301 Si
1226 3249 1350 3316 quis
1377 3247 1595 3300 auditor
1637 3255 1721 3300 est
1753 3248 1925 3309 verbi,
1967 3255 2020 3299 et

440 3357 548 3392 non
607 3343 800 3403 fartor,
870 3342 955 3393 hic
1010 3341 1420 3408 comparabitur
1475 3339 1592 3392 viro
1645 3341 2021 3392 consideranti

443 3436 648 3482 vuttum
709 3430 1008 3484 nativitatis
1065 3446 1179 3484 suae
1228 3431 1282 3483 in
1348 3431 1573 3498 speculo
1614 3431 1654 3482 ³.
1699 3449 1718 3480 ι
1770 3429 1904 3482 Nam
1968 3438 2023 3482 et

444 3522 610 3582 hunc,
673 3534 799 3570 cum
868 3530 1252 3586 cognosceret,
1313 3533 1372 3572 se
1429 3527 1623 3573 sancto
1696 3519 2023 3587 baptismate

440 3612 626 3663 multis
652 3611 966 3662 exsolutum
1000 3596 1124 3664 esse
1159 3613 1423 3680 peccatis,
1453 3613 1597 3664 scire
1624 3613 1930 3678 oportebat,
1957 3625 2023 3664 eo

440 3704 555 3768 ipso
590 3700 734 3768 quod
789 3709 1053 3769 purgatus
1109 3714 1176 3752 ac
1223 3701 1572 3754 sanctitatem
1623 3699 1851 3768 adeptus
1913 3703 2014 3764 sit,

439 3793 770 3859 vigilandum
815 3802 870 3846 et
926 3794 1242 3846 enitendum
1291 3792 1665 3846 indesinenter
1711 3793 1816 3845 sibi
1877 3807 2021 3856 esse,

441 3896 499 3937 ιιι
538 3887 685 3937 dicto
731 3882 893 3936 modo
933 3883 1310 3948 sanctitatem,
1363 3883 1482 3937 sine
1510 3899 1618 3951 qua
1665 3882 1834 3936 Deum
1867 3897 2025 3936 nemo

441 3976 606 4038 videt,
635 3983 840 4028 sartam
871 3983 1186 4042 tectatnque
1220 3985 1465 4028 servaret
1503 3990 1516 4026 :
1557 3974 1705 4043 quod
1740 3974 1830 4029 ille
1881 3975 2022 4027 obli-

443 4078 532 4120 tus
555 4075 660 4118 est.
723 4083 741 4114 ι
771 4063 1143 4133 Quapropter,
1179 4065 1276 4128 ait,
1306 4067 1478 4134 magis
1520 4067 1753 4132 satagite
1788 4083 1804 4116 ι
1839 4074 1898 4118 ut
1934 4064 2028 4117 lir-

442 4173 585 4210 mam
643 4172 708 4210 ac
763 4163 1176 4225 permanentem
1245 4156 1480 4210 -l'aciatis
1553 4157 1895 4210 vocationem
1977 4165 2033 4210 et

438 4249 759 4302 electionem
795 4258 1028 4302 vestram
1063 4266 1079 4303 :
1117 4249 1220 4301 hoc
1261 4255 1368 4309 est,
1403 4256 1462 4301 ut
1509 4246 1564 4300 in
1605 4247 1696 4309 i:s,
1731 4248 1796 4300 de
1826 4246 2028 4314 quibus

441 4339 496 4392 itt
532 4339 800 4392 electione
825 4348 879 4392 ct
910 4342 1197 4394 vocatione
1218 4348 1396 4393 vestra
1431 4339 1684 4392 instructi
1713 4339 1867 4401 estis,
1898 4339 2026 4393 sitis

2123 1887 2328 1955 φλωσις
2355 1886 2741 1947 ἐπακολουθεῖ,
2769 1885 2971 1952 ὃπουγε
3005 1885 3101 1937 καὶ
3123 1886 3173 1936 εί
3201 1883 3410 1954 ἔρρωτο
3434 1881 3539 1951 τὴν
3557 1879 3702 1948 ὄψιν,

2117 1980 2240 2032 οὶδὲ
2282 1978 2452 2042 οὕτως
2488 1979 2614 2048 ἐνῆν
2643 1978 2795 2048 αὑτῷ
2832 1977 3059 2039 ἀπαθῶς
3097 1977 3290 2046 ἐνορᾷν
3319 1973 3382 2027 τὸ
3414 1972 3700 2041 ὑπέρλαμ-

2123 2088 2280 2140 προν,
2331 2071 2640 2138 πεφυκότος
2680 2071 2765 2122 ἀεὶ
2811 2070 2906 2122 τοῦ
2946 2069 3086 2135 ἄγαν
3121 2066 3198 2136 τῷ
3245 2067 3387 2135 φωτὶ
3433 2062 3700 2117 ἀποστίλ-

2123 2162 2308 2224 ϐοντος
2342 2161 2780 2232 [ἁμαυροῦν”τῶν
2805 2160 3044 2221 ἀσθενῶς
3064 2159 3197 2227 πρὶς
3218 2157 3349 2210 αὐτὸ
3372 2155 3462 2209 τὸν
3493 2153 3700 2224 ὀφθαλ-

2124 2253 2222 2321 μδιν
2241 2252 2682 2324 ὲπερ;.δ5ντων].

2201 2421 2269 2500 ᾯ
2293 2431 2401 2499 γὰρ
2428 2429 2501 2497 μὴ
2531 2430 2762 2496 πάρεστι
2783 2426 2979 2491 ταῦτα,
3003 2425 3204 2495 τυφλός
3231 2425 3347 2477 ἐστι
3373 2419 3706 2492 μυωπάζων,

2126 2521 2298 2591 λήθην
2341 2520 2522 2573 λαϐὼν
2575 2521 2670 2573 τοῦ
2739 2518 3082 2590 καθαρισμοῦ
3139 2518 3248 2570 τῶν
3301 2514 3473 2569 πάλαι
3535 2513 3706 2566 αὑτοῦ

2127 2615 2430 2685 ἁμαρτιῶν.
2463 2613 2551 2665 Διὸ
2577 2613 2800 2683 μᾶλλον,
2834 2613 3078 2680 ἀδελφοὶ,
3109 2609 3450 2662 σπουδάσατε
3473 2605 3703 2676 βεϐαίαν

2127 2710 2282 2778 ὑμῶν
2314 2708 2412 2777 τὴν
2433 2707 2625 2776 κλῆσιν
2645 2707 2739 2758 καὶ
2769 2704 3000 2774 ἐκλογήν
3027 2702 3321 2756 ποιεῖσθαι.
3360 2720 3378 2753 ι
3411 2717 3506 2750 -ι
3539 2699 3708 2751 Μυω-

2129 2800 2329 2864 πάζειν
2371 2821 2388 2851 ι
2422 2799 2482 2851 τὸ
2521 2797 2858 2867 τυφλώττειν
2897 2799 3136 2867 εἴρηται,
3181 2795 3288 2848 ἀπὸ
3323 2793 3435 2847 τῶν
3467 2792 3573 2844 ὑπὸ
3605 2791 3709 2857 τὴν

2128 2889 2232 2957 γῆν
2282 2888 2432 2954 μυῶν
2482 2887 2701 2955 τυφλῶν
2733 2887 2813 2949 είς
2875 2887 3022 2940 ἅπαν
3077 2884 3486 2938 διατελούντων.
3539 2879 3712 2933 Τοῦτο

2129 2979 2185 3031 δὲ
2230 2979 2415 3048 ὅμοιόν
2439 2979 2555 3030 ἐστι
2589 2977 2665 3046 τῷ
2697 2977 2801 3030 ὑπὸ
2828 2976 2921 3030 τοῦ
2958 2978 3232 3046 μακαρίου
3265 2973 3524 3028 Ἰακώϐου
3559 2974 3713 3042 εἰρη-

2136 3074 2305 3139 μένῳ,
2353 3071 2435 3122 ὅτι
2474 3090 2490 3119 ι
2537 3069 2604 3121 Εἴ
2641 3084 2724 3130 τις
2753 3069 3030 3138 ἀκροατὴς
3082 3068 3242 3135 λόγου
3285 3063 3473 3138 [ὲστὶ,]
3510 3065 3607 3118 καὶ
3643 3065 3706 3115 οὺ

2129 3163 2380 3232 ποιητὴς,
2415 3157 2575 3223 οὗτος
2606 3161 2782 3214 ἔοικεν
2804 3161 2960 3230 ἀνδρὶ
2997 3158 3352 3212 κατανοοῦντι
3418 3159 3479 3210 τὸ
3533 3156 3711 3223 πρόσ-

2127 3273 2275 3307 ωπον
2299 3255 2401 3323 τῆς
2439 3255 2708 3324 γενέσεως
2744 3252 2909 3306 αὑτοῦ
2944 3255 3000 3306 ἐν
3022 3254 3322 3322 ἐσόπτρῳ..
3363 3252 3472 3304 Καὶ
3494 3248 3715 3318 γὰρκαὶ

2127 3341 2284 3405 οὗτος
2307 3346 2564 3412 ἐπιγνοὺς
2597 3346 2792 3398 ἑαυτὸν
2825 3344 2913 3398 διά
2944 3345 3038 3397 τοῦ
3072 3344 3414 3414 καθαρθῆναι
3463 3341 3542 3410 τῷ
3572 3340 3714 3408 ἀγίῳ

2132 3434 2490 3503 βαπτίσματι,
2525 3434 2606 3487 ὅτι
2653 3433 2896 3504 πλήθους
2931 3431 3220 3502 ἁμαρτιῶν
3268 3429 3563 3500 ὲξεπλύθη,
3593 3429 3714 3481 δέον

2131 3525 2346 3587 εἰδέναι,
2375 3524 2458 3576 ὅτι
2485 3523 2808 3593 καθαρθεὶς,
2841 3523 2936 3575 καὶ
2978 3523 3244 3590 ἁγιότητα
3277 3521 3459 3584 ἔλαϐε,
3494 3523 3712 3591 νήφειν,

2135 3614 2221 3666 ἵνα
2255 3613 2342 3666 διά
2383 3613 2577 3665 τούτου
2601 3615 2740 3683 τηρῇ
2779 3613 2872 3666 τὸν
2901 3613 3197 3680 ἀγιασμδν,
3230 3613 3290 3667 οῦ
3349 3611 3517 3683 χωρὶς
3539 3611 3717 3672 οὐδεὶς

2131 3703 2320 3772 ὄψεται
2369 3705 2460 3756 τὸν
2512 3702 2742 3772 Κύριον,
2801 3706 2829 3754 ό
2858 3703 2914 3755 δὲ
2963 3703 3282 3755 ἐπελάθετο.
3324 3721 3343 3753 ι
3393 3703 3506 3768 Διδ,
3554 3703 3712 3772 φησὶ,

2136 3793 2356 3866 μᾶλλον,
2394 3793 2613 3860 ἀδελφοί
2643 3810 2768 3862 μου,
2793 3793 3127 3847 σπουδάσατε
3158 3795 3386 3863 μόνιμον
3416 3811 3434 3844 ι
3471 3793 3716 3845 δεικνύν-

2131 3903 2221 3948 τες
2250 3905 2268 3936 ‹
2323 3887 2422 3956 τὴν
2475 3886 2666 3956 κλῆσιν
2729 3885 2884 3956 ὑμῶν
2944 3888 3040 3939 καὶ
3072 3887 3324 3956 ἐκλογὴν,
3364 3905 3381 3937 ι
3424 3885 3568 3938 τοῦτ’
3594 3884 3712 3936 ἐστι

2131 3979 2224 4031 τὸν
2239 3978 2609 4049 κατηχητικὸν
2633 3978 2810 4046 λόγον,
2838 3978 2896 4030 ὃν
2920 3979 3070 4048 παρὰ
3094 3996 3112 4029 ι
3138 3977 3236 4045 τὴν
3253 3976 3482 4046 ἐκλογὴν
3504 3976 3660 4044 ὑμῶν
3688 3993 3707 4026 ι

2131 4069 2424 4140 ἠκούσατε,
2455 4071 2550 4123 καὶ
2587 4088 2605 4121 ι
2633 4072 2733 4140 τὴν
2761 4070 2956 4140 κλῆσιν
2995 4088 3013 4120 ι
3054 4069 3413 4140 ἀνεπίληπτοι
3438 4063 3598 4132 εἶναι,
3621 4066 3712 4119 (va.

2138 4160 2213 4230 μὴ
2261 4162 2336 4224 ὡς
2381 4161 2806 4230 ἐπιλελησμένοι
2865 4161 2967 4230 τῆς
3015 4161 3227 4230 δωρεᾶς
3277 4159 3372 4214 τοῦ
3405 4157 3541 4212 Θεοῦ
3592 4173 3716 4228 κρι-

2135 4251 2286 4322 θῆτε,
2327 4251 2463 4306 ἀλλά
2512 4257 2734 4322 μείνητε
2762 4271 2780 4303 ι
2845 4253 3068 4322 βεϐαίαν
3115 4253 3214 4322 τὴν
3255 4252 3450 4320 κλῆσιν
3489 4250 3643 4321 ὑμῶν
3688 4268 3709 4301 ο

2135 4343 2372 4411 ἔχοντες.

446 4430 991 4498 irreprehensibiles;
1025 4445 1093 4484 ne
1141 4437 1402 4499 tanquam
1440 4431 1611 4482 divini
1647 4431 1889 4483 muneris
1921 4431 2074 4484 obliti
2102 4433 2569 4498 condemnemini,
2620 4433 2714 4488 sed
2776 4433 2957 4502 potius
3000 4431 3212 4486 ﬁrmam
3269 4448 3333 4486 ac
3363 4443 3569 4489 certam
3618 4449 3716 4488 vo-

441 4525 710 4577 catianem
785 4531 1020 4575 vestram
1080 4523 1786 4591 perseveranteshabeatis.

520 4620 678 4674 Vsus.
726 4619 910 4671 10-12..
947 4637 964 4668 ι
1004 4618 1128 4672 liazt:
1173 4621 1316 4672 enim
1361 4619 1626 4673 facientes
1667 4635 1774 4674 non
1823 4633 2016 4688 pecea-
2050 4626 2094 4680 ι)

445 4710 573 4764 bilis
606 4710 925 4776 aliquando.
949 4704 1042 4760 Sic
1067 4709 1212 4760 enim
1236 4707 1584 4762 abundanter
1614 4709 2022 4762 ministrabitur

447 4801 602 4853 vobis
650 4799 905 4852 introitus
953 4798 1008 4850 in
1049 4807 1312 4851 aeternum
1370 4813 1596 4868 regnum
1627 4796 1758 4854 Jesu
1795 4800 2021 4853 Christi.

445 4893 674 4962 Propter
704 4893 849 4958 quod
881 4891 1141 4961 incipiam
1187 4905 1284 4945 vos
1335 4906 1551 4960 semper
1580 4907 1931 4946 t-Omntonere
1956 4892 2024 4944 de

443 4987 549 5039 bis.
591 5003 608 5036 ι
665 5014 704 5023 -
736 5002 754 5034 ι
789 4983 911 5038 Haec
978 4983 1260 5037 facientes.
1299 5001 1317 5033 ι
1383 4983 1693 5047 Quaenam?
1743 4983 1842 5045 Ea,
1902 4998 2024 5052 qua!

444 5077 703 5148 praefatus
728 5086 842 5140 est;
876 5089 1091 5144 nempe,
1115 5074 1393 5140 virtutem,
1422 5077 1732 5138 scientiam,
1760 5087 1866 5130 etc.
1889 5077 2024 5129 Ani-

443 5169 724 5222 madverte
741 5181 888 5232 vero,
910 5165 1204 5235 quomodo,
1224 5181 1346 5219 eum
1371 5168 1546 5235 primu
1574 5175 1842 5221 mterrorc
1857 5182 2024 5235 supre

444 5261 514 5314 nti
568 5259 766 5329 iudicis
800 5273 897 5312 eos
924 5257 1253 5327 persuadere
1306 5259 1614 5326 sategisset,
1667 5273 1816 5311 nunc
1858 5257 2021 5327 387

444 5354 722 5423 preposito
754 5354 994 5421 prtetttio,
1054 5350 1306 5406 videlicet
1340 5368 1358 5402 ι
1398 5351 1624 5406 introitu
1661 5352 1713 5403 in
1759 5358 2022 5404 aeternum

446 5460 670 5514 regnum
703 5444 818 5505 Det,
856 5461 874 5493 ι
911 5441 1347 5496 adhortationem
1400 5456 1556 5496 suam
1623 5441 2012 5510 prosequitur.

517 5534 679 5589 Vens.
707 5536 772 5588 12
813 5534 896 5587 14.
929 5555 946 5586 ι
992 5532 1058 5588 Ει
1099 5535 1320 5604 quidem
1367 5535 1621 5599 scientes,
1658 5545 1709 5586 et
1737 5532 2024 5587 conﬁrma-

448 5635 532 5680 tos
577 5643 668 5679 vos
707 5629 761 5679 itt
809 5627 1063 5694 praesenti
1096 5626 1346 5732 rveritate.
1388 5623 1603 5678 Justum
1651 5635 1831 5678 autem
1869 5626 2018 5677 arbi-

517 5799 536 5830 ²
565 5798 584 5851 l
613 5799 736 5852 (lor.
771 5814 886 5862 xui,
925 5802 1005 5853 l3.
1100 5801 1116 5830 ³
1156 5799 1272 5854 Jac.
1324 5815 1359 5863 ι,
1389 5797 1482 5852 25.

2198 4638 2214 4668 ι
2247 4618 2430 4671 Ταῦτα
2487 4621 2594 4688 γὰρ
2654 4615 2956 4680 ποιοῦντες,
3003 4617 3064 4668 οῦ
3109 4617 3182 4685 μὴ
3238 4616 3510 4686 πταίσητέ
3546 4632 3700 4668 ποτε.

2131 4707 2287 4762 Οῦτω
2317 4709 2425 4778 γὰρ
2455 4709 2725 4770 πλουσίως
2764 4707 3304 4777 ἐπιχορηγηθήσεται
3343 4707 3473 4774 ὑμῖν
3502 4707 3534 4776 ή
3593 4708 3711 4759 εἴσ-

2131 4799 2248 4861 οδος
2281 4803 2360 4862 εἰς
2394 4799 2493 4870 τὴν
2524 4798 2741 4852 αἰώνιον
2771 4799 3052 4868 βασιλείαν
3082 4796 3174 4850 τοῦ
3203 4796 3409 4866 Κυρίου
3436 4798 3591 4869 ήμῶν
3623 4798 3717 4851 καὶ

2133 4893 2386 4963 Σωτῆρος
2413 4891 2591 4962 Ἰησοῦ
2623 4892 2884 4964 Χριστοῦ.
2912 4891 3004 4944 Διὸ
3025 4892 3124 4943 οὐκ
3151 4890 3434 4961 ἀμελήσω,
3468 4891 3717 4959 saepe;

2133 4985 2574 5053 ὑπομιμνήσκειν
2610 4987 2738 5053 περὶ
2775 4985 3001 5037 τούτων.
3043 5001 3062 5033 ι
3102 5012 3170 5021 -
3201 5003 3219 5034 ι
3254 4983 3438 5034 Ταῦτα
3494 4982 3718 5034 ποιοῦν-

2133 5092 2240 5137 τες.
2290 5093 2308 5126 ι
2340 5075 2507 5141 [1οῖα;
2557 5075 2636 5128 Τὰ
2689 5075 3064 5146 προειρημένα
3108 5092 3120 5106 ⁸
3157 5069 3285 5136 οἷον,
3329 5075 3428 5144 τὴν
3490 5075 3714 5144 ἀρετὴν,

2129 5167 2227 5235 τὴν
2263 5167 2488 5233 γνῶσιν,
2531 5167 2624 5220 καὶ
2655 5168 2724 5222 τά
2755 5168 2904 5234 ἑξῆς.
2951 5168 3154 5220 Σκόπει
3183 5167 3258 5229 δὲ,
3294 5168 3412 5228 πῶς
3444 5168 3715 5236 πρότερον

2132 5260 2240 5310 ἀπὸ
2269 5258 2378 5310 τῶν
2420 5258 2816 5329 φοϐερωτέρων
2847 5261 3298 5329 προτρεψάμενος
3328 5259 3419 5311 τοῦ
3468 5259 3715 5328 βήματος

2132 5348 2226 5401 τοῦ
2261 5349 2485 5417 Κριτοῦ,
2525 5348 2622 5401 νῦν
2646 5349 2753 5401 ἀπὸ
2791 5350 2900 5401 τῶν
2947 5349 3170 5417 ἀγαθῶν
3208 5350 3582 5419 προτρέπεται
3613 5348 3712 5418 τῆς

2137 5440 2372 5505 εἰσόδου,
2397 5441 2496 5508 τῆς
2537 5441 2616 5501 εἰς
2653 5458 2670 5490 ι
2701 5439 2798 5510 τήν
2822 5439 3040 5494 αἰώνιον
3077 5440 3354 5510 βασιλείαν
3376 5439 3470 5492 τοῦ
3502 5438 3657 5492 Θεοῦ.
3687 5457 3707 5489 ι

2208 5548 2225 5580 ι
2270 5529 2489 5597 Καίπερ
2537 5530 2745 5592 εἰδότας
2789 5533 2879 5583 καὶ
2917 5531 3342 5602 ἐστηριγμένους
3371 5532 3427 5582 ὲν
3465 5534 3530 5600 τῇ
3562 5547 3712 5600 παρα-

2131 5623 2268 5694 ούσῃ
2303 5622 2547 5692 ἀληθείᾳ.
2599 5623 2814 5677 Δίκαιον
2861 5623 2917 5676 δὲ
2945 5624 3208 5694 ἡγοῦμαι,
3245 5624 3328 5692 ἐφ’
3352 5628 3475 5676 ὅσον
3507 5622 3623 5692 εἰμὶ
3651 5626 3709 5674 ἐν
