4120 6434
418 371 552 436 1261

1218 360 1630 426 EXPOSITIO
1671 360 1754 423 ΙΝ
1783 358 2021 420 EPIST.
2065 356 2127 416 II
2157 356 2223 418 S.
2268 355 2520 415 PETRI.
2564 380 2636 391 -
2671 356 2833 417 CAP.
2879 357 2923 416 Ι.

3571 355 3705 419 1262

357 496 362 501 ’
414 486 592 557 τούτῳ
613 483 693 553 τῷ
718 478 1063 552 σκηνώματι,
1093 476 1385 547 διεγείρειν
1417 475 1562 546 ὑμᾶς
1586 475 1646 527 ὲν
1671 471 1998 541 ὑπομνήσει,
2035 478 2050 528 Α

2137 481 2245 530 ror,
2285 465 2528 537 quandiu
2580 480 2702 522 sum
2755 470 2808 521 in
2865 471 2970 526 hoc
3019 466 3399 537 tabernaculo,
3437 470 3707 524 suscitare

418 576 596 642 εἰδὼς,
631 575 715 628 ὅτι
756 569 953 642 ταχινή
994 569 1144 621 ἔστιν
1191 568 1226 633 ἡ
1270 566 1535 628 ἀπόθεσις
1584 563 1678 617 τοῦ
1715 561 2005 632 σκηνώμα-

418 670 509 733 τός
551 684 677 739 μου,
711 662 894 726 καθὼς
920 660 1015 715 καὶ
1039 662 1068 713 ό
1096 660 1302 730 Κύριος
1333 657 1492 730 ήμῶν
1531 655 1743 725 Ἰησοῦς
1772 653 2011 725 Χριστὸς

419 757 656 831 ἐδήλωσὲ
701 773 812 827 μοι.
857 773 877 805 ι
919 753 1040 805 Ἵνα
1071 752 1148 822 μὴ
1180 750 1376 817 δόξωσι
1407 747 1654 819 συνεχῶς
1688 747 2009 815 ἀναμιμνη-

425 853 681 922 σχόμενοι
736 847 868 919 περὶ
905 846 1014 898 τῶν
1070 842 1290 906 αὐτῶν,
1349 841 1425 905 ὼς
1476 842 1556 903 είς
1599 838 1805 908 ἀργίαν
1858 837 2012 896 ὄντες

425 945 870 1013 κατεγνωσμένοι
906 939 1097 1010 ⁵ταῦτα
1164 935 1466 998 ἀκούουσι,
1523 933 1620 988 καὶ
1673 928 2010 1001 λυπηθῶσιν,

423 1038 671 1108 ἐπήγαγε
709 1034 792 1100 τὸ,
828 1050 849 1086 ι
890 1030 1112 1101 Καίπερ
1182 1029 1392 1091 εἰδότας
1439 1026 1535 1080 καὶ
1576 1023 2010 1094 ἐστηριγμένους

343 1162 363 1177 κ
424 1130 480 1182 ὲν
510 1129 574 1197 τῇ
615 1123 868 1195 παρούσῃ
909 1119 1160 1193 ἀληθείᾳ.
1203 1138 1222 1172 ι
1258 1118 1452 1173 Αίτίαν
1500 1116 1556 1169 δὲ
1598 1115 1882 1176 ἀποδιδοὺς
1914 1112 2015 1181 τῆς

427 1218 689 1288 συνεχοῦς
739 1214 1125 1286 ὑπομνήσεως,
1181 1211 1428 1282 ἐπήγαγε
1470 1208 1551 1273 τὸ,
1610 1226 1629 1258 ι
1679 1206 1879 1259 εἰδέναι
1917 1222 2016 1256 τα-

426 1315 577 1383 χεῖαν
621 1330 639 1361 ι
668 1307 887 1362 ἔσεσθαι
919 1307 1014 1379 τὴν
1053 1303 1162 1357 ἀπὸ
1206 1303 1303 1356 τοῦ
1336 1301 1586 1372 σώματος
1617 1297 1785 1352 αὐτοῦ
1821 1295 2015 1350 τούτου

428 1401 779 1471 ἀπαλλαγήν.

508 1600 528 1634 ι
566 1579 859 1634 Σπουὸἀσω
905 1577 962 1630 δὲ
998 1574 1093 1629 καὶ
1139 1572 1399 1627 ἑκάστοτε
1452 1568 1595 1639 ἔχειν
1644 1568 1788 1638 ὑμᾶς
1821 1565 2019 1629 ταῦτα,

432 1676 527 1727 καί
592 1674 733 1743 μετά
792 1670 891 1740 τὴν
957 1668 1097 1738 ιμήν
1176 1664 1358 1731 ἔξοδον
1424 1662 1524 1731 τὴν
1600 1660 1807 1714 τούτων
1885 1658 2018 1728 μνή-
2048 1694 2066 1707 .

418 1785 546 1836 ,μην
582 1763 877 1820 ποιεῖσθαι.
913 1780 933 1815 ι
970 1762 1142 1814 Τοῦτό
1175 1775 1323 1823 τινες
1349 1759 1409 1811 ὲν
1447 1754 1743 1827 ὑπερδατῷ
1790 1753 2018 1807 ἀκούον-

2112 575 2209 616 vos
2238 561 2293 615 in
2324 564 2779 627 commonitione,
2827 572 3035 627 certus,
3088 562 3237 633 quod
3286 563 3439 617 velox
3482 570 3566 615 est
3610 563 3704 615 de-

2112 654 2314 725 positio
2344 655 2682 712 tabernaculi
2707 655 2835 721 mei,
2862 654 3163 710 secundum
3193 655 3338 725 quod
3362 665 3417 710 et
3442 653 3706 708 Dominus

2116 760 2304 804 noster
2327 747 2492 803 Jesus
2526 747 2785 805 Christus
2815 747 3148 817 signiﬁcavit
3186 748 3339 801 mihi.
3379 766 3398 798 ι
3432 743 3511 800 Ne
3546 753 3706 816 puta-

2117 850 2261 905 rent,
2297 856 2363 896 eo
2399 841 2543 911 quod
2569 842 2637 896 de
2664 840 2858 896 iisdem
2903 839 3072 895 rebus
3121 840 3438 909 frequenter
3464 854 3706 893 commo-

2117 942 2399 998 nereutur,
2460 933 2692 1002 ignavias
2746 948 2806 987 se
2858 931 3251 991 condemnari,
3304 931 3536 999 indeque
3597 931 3709 984 haec

2119 1024 2405 1079 audientes
2431 1025 2915 1090 emitristarentur,
2968 1023 3249 1093 subiungit
3277 1041 3290 1076 :
3320 1040 3338 1072 ι
3384 1021 3450 1076 Et
3487 1020 3708 1092 quidem

2120 1118 2378 1179 scientes,
2406 1124 2461 1170 ct
2491 1116 2843 1170 conﬁrmatos
2886 1129 2982 1170 vos
3017 1115 3072 1168 in
3114 1113 3365 1184 praesenti
3396 1115 3645 1168 veritate.
3682 1129 3706 1165 ι

2121 1209 2355 1263 Causam
2408 1222 2542 1262 vero
2592 1208 2991 1277 explicaturus,
3047 1222 3148 1261 cur
3206 1205 3345 1261 adeo
3395 1204 3715 1276 frequenter

2121 1317 2217 1355 eos
2261 1298 2783 1363 commonefaceret,
2817 1299 2990 1363 addit,
3028 1312 3088 1353 se
3116 1314 3135 1349 ι
3176 1306 3389 1352 certum
3420 1312 3564 1359 esse,
3617 1312 3713 1352 ve-

2126 1398 2319 1457 locem,
2357 1413 2374 1444 ι
2417 1409 2513 1447 seu
2546 1408 2734 1463 prope,
2765 1407 2886 1447 esse
2915 1406 3072 1446 suam
3117 1407 3146 1444 a
3179 1405 3412 1460 corpore
3440 1392 3548 1446 isto
3576 1389 3714 1444 libe-

2128 1487 2416 1539 ratiiueut.
2697 1476 2701 1480 ’

2199 1578 2365 1633 Vens.
2404 1576 2491 1632 15.
2525 1594 2544 1628 ι
2586 1575 2735 1631 Dabo
2776 1584 2958 1631 autem
3014 1592 3238 1647 operam
3299 1583 3356 1632 et
3388 1590 3606 1645 semper
3659 1582 3717 1629 et

2131 1672 2334 1741 ubique
2378 1669 2581 1724 habere
2607 1684 2705 1723 vos
2747 1675 2872 1738 post
2914 1669 3126 1725 obitum
3176 1683 3383 1731 meum,
3419 1678 3479 1722 ut
3517 1668 3715 1723 horum

2131 1762 2453 1817 memoriam
2504 1759 2734 1816 faciatis.
2775 1779 2793 1811 ι
2820 1760 3054 1827 Quidam
3101 1760 3191 1815 hic
3242 1762 3473 1829 tiguram
3515 1760 3718 1831 hyper-

433 1829 548 1925 τες,
579 1856 691 1913 οἷον
722 1857 804 1920 τὸ,
845 1876 863 1909 ι
907 1855 1209 1909 Σπουδάσω
1238 1855 1295 1907 δὲ
1337 1852 1433 1908 καὶ
1466 1852 1605 1923 μετά
1633 1851 1733 1922 τὴν
1770 1850 1909 1920 ἐμὴν
1936 1847 2020 1912 ἒξ-

2137 1858 2291 1910 baton
2343 1854 2526 1908 inesse
2573 1862 2852 1924 putantes,
2885 1861 2943 1906 ut
2970 1853 3199 1924 perinde
3238 1853 3313 1909 sit
3343 1868 3406 1908 ac
3458 1855 3507 1909 si
3538 1829 3718 1909 dixis-

436 1954 552 2005 οδον
579 1950 724 2021 ἔχειν
759 1949 902 2015 ὑμᾶς
935 1946 1196 2000 ἑκάστοτε
1238 1964 1256 1997 ι
1293 1944 1459 2017 (τοῦτ’
1488 1944 1627 2009 ἐστι,
1673 1940 2021 2009 καθεκάστην

436 2047 529 2101 καὶ
561 2042 848 2110 διηνεκῶς)
887 2059 905 2091 ι
966 2039 1065 2107 τὴν
1121 2038 1327 2090 τούτων
1367 2036 1613 2105 μνήμην,
1660 2052 1679 2086 ι
1739 2031 2023 2101 βούλονται

436 2136 711 2207 παριστᾷν
737 2134 845 2187 ἀπὸ
868 2131 1085 2193 τούτου,
1121 2130 1203 2181 ὅτι
1235 2129 1329 2181 καὶ
1368 2131 1505 2196 μετὰ
1538 2127 1768 2179 θάνατον
1800 2124 1848 2175 oi
1878 2122 2023 2189 ἅγιοι

441 2233 748 2301 μέμνηνται
796 2225 903 2279 τῶν
954 2218 1078 2284 ᾆδε,
1131 2221 1228 2274 καὶ
1276 2218 1677 2288 πρεσϐεύουσιν
1727 2215 1871 2285 ὑπὲρ
1916 2215 2025 2268 τῶν

441 2322 681 2386 ζοιντων,
702 2317 892 2388 ὥσπερ
921 2317 1021 2370 οὐκ
1050 2314 1156 2381 ἔξω
1199 2314 1438 2375 πίστεως
1470 2310 1734 2380 ἐναργοῦς
1772 2309 1834 2380 [Ῑ.
1861 2307 2024 2378 -γ;ῖ›;]

440 2410 713 2482 ὁσημέραι
756 2407 914 2462 τοῦτο
959 2406 1249 2475 γινόμενον
1287 2403 1563 2474 ὁρώντων,
1595 2402 1706 2455 τῶν
1736 2400 2027 2454 ἐπικαλου-

447 2504 626 2575 μένων
666 2501 764 2571 τὴν
791 2500 944 2553 θείαν
969 2496 1152 2551 αὐτῶν
1191 2495 1372 2566 χάριν.
1407 2494 1514 2546 Καὶ
1544 2492 1704 2545 τοῦτο
1734 2493 1833 2563 μὲν
1856 2490 2029 2554 οὕτως

444 2597 662 2650 ἐκεῖνοι.
706 2592 893 2647 Ἀλλοι
942 2590 999 2644 δὲ
1031 2588 1201 2651 οὕτως
1255 2586 1400 2656 ἔχειν
1428 2588 1557 2653 περὶ
1602 2582 1796 2636 τούτου
1841 2582 2030 2644 ἁπλῶς

447 2687 730 2759 βούλονται
773 2684 867 2737 τοῦ
915 2681 1079 2752 ῥητοῦ
1113 2682 1206 2734 καὶ
1236 2681 1400 2741 νοεῖν,
1437 2677 1620 2741 ὅτιτὸ,
1661 2696 1680 2729 ι
1733 2674 2032 2729 Σπουδὰσω

450 2780 590 2850 μετά
618 2781 716 2848 τὴν
750 2777 889 2847 ἐμὴν
928 2773 1111 2839 ἔξοδον
1140 2772 1286 2844 ἔχειν
1317 2772 1460 2843 ὑμᾶς
1487 2770 1751 2825 ἑκάστοτε
1780 2771 1880 2841 τὴν
1909 2770 2034 2822 τού-

444 2891 555 2926 των
611 2874 853 2942 μνήμην,
913 2888 930 2920 ι
991 2868 1156 2921 οἱονεὶ
1206 2866 1295 2920 διὰ
1355 2865 1513 2919 τοῦτο
1562 2863 1856 2935 ἐνδελεχῶς
1904 2865 2032 2933 ὑμῖν

444 2962 739 3035 ὲπιείμεθα
775 2963 840 3033 [ι’.
892 2959 1194 3031 ὲπικείμ.],
1237 2960 1306 3013 τά
1359 2959 1500 3013 αὐτὰ
1552 2958 1680 3027 ὑμῖν
1718 2957 2031 3029 ἐπᾴδοντες,

446 3056 520 3120 ὡς
544 3056 610 3109 ἀν
642 3055 757 3119 ἕξιν
789 3055 917 3125 ὑμῖν
953 3053 1357 3122 ἐμποιήσαντες
1402 3050 1535 3121 περὶ
1560 3049 1789 3114 τούτων,
1824 3049 1941 3102 ἀλλ’
1971 3051 2032 3101 οὐ

2126 1956 2246 2000 snt:
2286 1964 2305 1995 ι
2349 1945 2497 1999 Dabo
2540 1958 2764 2014 operam
2810 1945 2975 1999 etiam
3024 1953 3149 2016 post
3187 1944 3397 1998 obitum
3442 1961 3622 1999 meum
3658 1956 3718 1999 ut

2129 2039 2376 2095 habeatis
2408 2054 2505 2093 vos
2534 2052 2749 2107 semper
2792 2034 2921 2107 (hoc
2961 2044 3067 2101 est,
3099 2036 3345 2106 quotidie
3391 2046 3445 2091 et
3508 2037 3717 2093 indesi-

2130 2132 2343 2200 neuter)
2379 2131 2575 2185 horum
2610 2132 2970 2196 memoriam;
3016 2148 3035 2180 ι
3065 2144 3131 2184 ex
3183 2131 3288 2186 hoc
3341 2130 3721 2188 demonstrare

2133 2228 2405 2287 nituntur,
2435 2231 2656 2278 sant-tos
2682 2223 2847 2276 etiam
2892 2229 3016 2291 post
3046 2229 3275 2277 mortem
3313 2237 3495 2277 rerum
3530 2223 3719 2278 mundi

2133 2316 2455 2370 memoriam
2516 2316 2775 2377 retinere,
2833 2327 2900 2368 ac
2964 2327 3063 2384 pro
3126 2313 3440 2369 viventibus
3500 2328 3717 2369 orare:

2132 2400 2595 2469 quemadmodum
2651 2415 2761 2454 non
2813 2399 3024 2470 absque
3071 2400 3279 2456 eﬂicaci
3330 2400 3435 2457 ﬁde
3476 2403 3722 2473 quotidie

2136 2493 2251 2546 ﬁeri
2316 2493 2419 2546 hoc
2477 2500 2713 2545 cernunt
2784 2492 3103 2562 quicunque
3169 2492 3412 2548 divinam
3478 2495 3720 2565 ipsorum

2134 2602 2291 2656 opem
2327 2587 2639 2654 implorant.
2688 2583 2794 2640 .Sic
2832 2584 3049 2655 quidem
3094 2585 3197 2643 illi.
3256 2587 3364 2642 Alii
3391 2598 3575 2642 autem
3618 2588 3725 2644 hoc

2135 2678 2278 2733 Petri
2322 2676 2527 2733 dictum
2582 2676 2913 2746 simpliciter
2960 2678 3241 2746 accipiunt
3271 2688 3325 2734 et
3373 2679 3722 2751 intelligunt;

2136 2785 2332 2840 nempe
2361 2771 2434 2824 ita
2469 2786 2484 2822 :
2517 2787 2536 2820 ι
2581 2770 2729 2824 Dabo
2754 2784 3007 2840 operam,
3038 2779 3099 2824 ut
3133 2778 3256 2841 post
3287 2771 3500 2827 obitum
3542 2788 3723 2828 meum

2138 2873 2456 2934 perpetuam
2492 2863 2741 2916 habeatis
2785 2864 2981 2917 horum
3016 2863 3366 2919 memoriam.
3412 2883 3431 2915 ι
3471 2864 3582 2920 Hoc
3616 2876 3724 2931 est,

2137 2957 2350 3013 ideirco
2382 2956 2608 3012 assidue
2661 2971 2765 3011 nos
2801 2957 2956 3013 vobis
2990 2956 3182 3013 eadem
3235 2957 3587 3026 relricamus,
3616 2976 3725 3015 non

2139 3059 2199 3105 ut
2234 3065 2330 3106 vos
2362 3047 2770 3104 vinobedieutia:
2834 3057 2929 3104 aut
2979 3048 3339 3106 indocilitatis
3392 3052 3726 3107 condemne-

449 3149 796 3218 κατάγνωσιν
828 3145 1092 3221 ἀνηκοΐας
1116 3144 1209 3197 καὶ
1232 3143 1495 3210 ἀμαθίας,
1522 3141 1686 3214 ἔχητε
1708 3140 1789 3211 τῷ
1810 3142 2033 3213 ἐμμόνῳ

2147 3158 2290 3204 mus,
2365 3141 2460 3197 sed
2517 3151 2577 3195 ut
2626 3140 2853 3197 inducto
2903 3142 3124 3197 assidua
3171 3145 3487 3200 earumdem
3541 3160 3727 3200 rerum

450 3241 544 3295 καὶ
577 3237 967 3309 ἀμετακινήτῳ
1012 3234 1113 3304 τῆς
1151 3232 1358 3288 τούτων
1390 3232 1733 3304 ἀντιλήψεως
1768 3234 1864 3287 καὶ
1894 3236 2031 3304 μετά

448 3335 549 3406 τὴν
586 3333 725 3403 ἐμὴν
749 3329 1050 3384 ἁποϐίωσιν
1078 3327 1272 3399 βέὀαια
1299 3325 1396 3380 καὶ
1424 3327 1785 3392 ἀνεξάλειπτα
1813 3325 1882 3379 τὰ
1906 3327 2035 3397 περὶ

449 3424 655 3479 τούτων
683 3423 1055 3491 διατάγματα.

527 3533 548 3568 ι
588 3516 663 3569 Οὐ
693 3516 800 3582 γὰρ
828 3502 1243 3584 σεσοφισμένοις
1271 3512 1462 3584 μύθοις
1502 3512 2036 3585 ἐξακολουθήσαντες

451 3608 835 3679 ἐγνωρίσαμεν
886 3607 1018 3677 ὑμῖν
1065 3606 1164 3675 τὴν
1215 3606 1310 3659 τοῦ
1367 3606 1575 3675 Κυρίου
1628 3606 1788 3676 ἡμῶν
1859 3607 2037 3679 Ἰησοῦ

452 3700 691 3773 Χριστοῦ
733 3701 967 3771 δύναμιν
995 3703 1090 3752 καὶ
1128 3699 1456 3767 παρουσίαν,
1492 3698 1606 3752 ἀλλ’
1643 3700 1880 3754 ἐπόπται
1908 3717 2035 3769 γεν-

451 3793 706 3864 νηθέντες
736 3790 886 3862 [vulg
935 3788 1154 3858 γενηο.]
1183 3786 1285 3855 τῆς
1310 3786 1523 3838 ἐκείνου
1558 3786 2032 3856 μεγαλειότητος.»

452 3882 641 3938 Εἰπὼν
674 3876 1161 3950 περισπουδάστως
1208 3874 1352 3944 ἔχειν
1400 3872 1647 3944 [αὐτοὺς]
1681 3872 1919 3942 ὀφείλειν
1959 3874 2038 3937 είς

456 3974 524 4026 τὰ
549 3971 641 4025 ὑπ’
665 3968 836 4024 αὑτοῦ
861 3968 1044 4030 αὐτοῖς
1070 3964 1547 4033 εὐαγγελισθέντα,
1576 3965 1668 4016 καὶ
1693 3966 1821 4036 περὶ
1846 3964 2037 4018 τούτου

458 4067 627 4119 πολὺν
675 4062 1004 4122 κατατείνας
1054 4057 1149 4112 τὸν
1205 4057 1386 4124 λόγον,
1439 4055 1645 4126 καίπερ
1687 4056 1897 4120 εἰδότας
1946 4057 2041 4110 καὶ

457 4157 726 4226 διαφόρως
762 4153 1092 4221 ἀκηκοότας,
1144 4147 1241 4201 νῦν
1278 4163 1466 4218 φησιν,
1510 4149 1593 4199 ὅτι
1640 4146 1717 4200 Οὐ
1755 4146 1932 4216 μάτην
1980 4148 2041 4200 τὸ

458 4249 590 4319 περὶ
632 4246 774 4298 αὐτὰ
822 4241 1082 4310 ἐπιμελὲς
1112 4239 1485 4308 ἐπιδείκνυμι,
1534 4235 1674 4291 ἁλλά
1715 4237 1777 4288 τὸ
1822 4239 2042 4309 καίριον

460 4335 638 4389 αὐτῶν
660 4332 1046 4402 ἐπιστάμενος,
1070 4330 1261 4383 τούτου
1281 4328 1628 4399 περιέχομαι.
1651 4330 1759 4383 Καὶ
1779 4329 1832 4380 τί
1850 4329 2040 4393 τοῦτο;

460 4426 533 4478 Τὸ
559 4426 633 4495 μὴ
665 4424 826 4493 σοφίᾳ
854 4421 1175 4492 ἀνθρωπίνῃ
1197 4418 1508 4490 χρήσασθαι
1536 4421 1615 4483 εἰς
1642 4420 1791 4489 ἡμᾶς
1824 4419 1886 4491 [Ῐ.
1918 4418 2042 4492 ὕμ.]

2142 3234 2465 3304 repetitione
2504 3233 2715 3296 habitu,
2748 3249 2870 3305 qua:
2900 3235 3057 3288 vobis
3092 3234 3334 3291 viventes
3382 3236 3728 3307 perscripsi-

2139 3342 2286 3389 mus,
2321 3325 2484 3380 etiam
2520 3333 2644 3395 post
2672 3326 2880 3381 obitum
2913 3333 3165 3382 nostrum
3210 3326 3440 3384 ﬁrmiter
3483 3338 3539 3383 et
3567 3328 3725 3384 inde-

2138 3422 2373 3479 lebiliter
2406 3421 2709 3478 retineatis.

2211 3512 2381 3571 Vens.
2420 3513 2508 3569 l6.
2549 3533 2566 3566 ι
2614 3514 2733 3570 Non
2763 3515 2910 3570 enim
2940 3514 3134 3570 doctas
3180 3514 3393 3570 fabulas
3422 3513 3595 3570 secuti
3631 3527 3730 3570 no-

2141 3616 2250 3660 tam
2308 3605 2538 3661 l'erimus
2584 3605 2736 3660 vobis
2789 3603 3005 3660 Domini
3052 3604 3182 3661 Jesu
3221 3602 3429 3660 Christi
3470 3606 3726 3660 virtutem

2141 3703 2196 3749 et
2225 3695 2600 3765 praesentiam,
2671 3693 2763 3749 sed
2818 3696 3193 3765 speculatores
3242 3695 3371 3750 facti
3417 3696 3567 3751 illius
3608 3712 3730 3750 ma-

2141 3784 2466 3854 gnitudinis.
2509 3803 2529 3837 i
2561 3786 2695 3840 Cum
2724 3785 2833 3841 illis
2881 3786 3136 3851 dixisset,
3171 3802 3371 3859 magno
3398 3801 3493 3844 eos
3520 3788 3726 3853 studio,

2142 3891 2264 3947 qua:
2293 3876 2426 3946 ipsis
2477 3878 2925 3943 aununtiaverat,
2956 3880 3218 3949 prosequi
3258 3880 3481 3949 debere,
3515 3878 3732 3937 fusius-

2143 3983 2250 4038 que
2281 3968 2383 4023 hac
2407 3969 2475 4024 de
2505 3984 2562 4025 re
2609 3969 3008 4036 disseruisset;
3058 3985 3207 4026 nunc
3233 3971 3331 4039 ait,
3365 3985 3426 4028 se
3467 3988 3575 4029 non
3609 3972 3734 4028 sine

2142 4075 2308 4116 causa
2350 4060 2484 4115 adeo
2518 4061 2586 4118 de
2615 4060 2702 4117 his
2739 4076 2865 4118 esse
2908 4062 3230 4129 sollicitum,
3297 4064 3395 4120 sed
3436 4065 3643 4121 idcirco
3672 4066 3728 4120 in

2143 4151 2224 4207 eis
2254 4150 2463 4208 diutius
2508 4153 2740 4216 luerere,
2765 4153 2913 4224 quod
2949 4153 3268 4210 eorumdem
3304 4153 3616 4211 ﬁrmitatem
3662 4169 3730 4211 ac

2145 4245 2529 4299 certitudinem
2584 4257 2926 4315 perspectam
2978 4246 3205 4303 omnino
3255 4254 3313 4302 et
3387 4248 3727 4319 exploratam

2146 4337 2395 4392 haberet.
2430 4336 2568 4404 Quia
2604 4338 2836 4405 scilicet,
2868 4340 3072 4412 inquit,
3103 4356 3214 4398 non
3238 4341 3478 4396 humana
3505 4341 3728 4413 sapien-

2150 4431 2222 4485 tia
2253 4445 2382 4502 erga
2423 4446 2518 4486 vos
2557 4430 2669 4499 usi,
2721 4446 2901 4501 neque
2954 4433 3190 4503 comptis
3243 4432 3595 4489 sermonibus
3637 4448 3731 4488 ve-

457 4522 555 4573 καὶ
628 4515 1164 4585 κεκαλλωπισμένοις
1243 4513 1420 4580 λόγοις
1494 4511 2043 4581 καταγοητεύσαντας

2150 4531 2326 4578 stram
2358 4522 2732 4578 demulcentes
2774 4521 3043 4591 auditum,
3073 4540 3094 4573 ι
3140 4531 3326 4578 notam
3374 4523 3604 4579 fecimus
3638 4539 3734 4580 vo-

458 4609 613 4680 ὑμῶν
640 4608 738 4677 τὴν
775 4607 968 4676 ἀκοὴν,
1007 4624 1025 4656 ι
1062 4604 1332 4675 γνωρίσαι
1361 4603 1461 4675 τὴν
1504 4603 1600 4656 τοῦ
1647 4603 1856 4673 Κυρίου
1884 4603 2044 4657 δύνα-

466 4720 558 4772 μιν
587 4701 714 4770 ὑμῖν
745 4699 839 4751 καὶ
874 4696 1204 4769 παρουσίαν,
1248 4715 1268 4747 ι
1317 4695 1510 4767 ὥσπερ
1543 4695 1808 4760 ’Έλληνες
1831 4696 1927 4749 καὶ
1954 4697 2044 4749 αἱ·

465 4793 669 4866 ρετικοί
691 4810 704 4823 ·
739 4791 998 4860 Ἕλληνες
1026 4790 1146 4861 μὲν,
1180 4790 1259 4860 τῷ
1290 4790 1477 4843 κάλλει
1501 4791 1596 4844 καὶ
1633 4792 1746 4853 τοῖς
1775 4790 2047 4860 ποιήμασι

462 4887 846 4956 προσέχοντες,
867 4882 1251 4949 ἐξαπατῶντες
1274 4897 1289 4911 ⁸
1341 4884 1609 4954 αἱρετικο¹ι
1665 4882 1743 4947 δὲ,
1773 4885 1885 4946 τοῖς
1913 4882 2050 4937 πλά-

461 4995 686 5048 σμασιν.
722 4977 882 5037 Εἰκὶς
904 4976 1013 5042 γὰρ
1043 4973 1240 5037 αὐτοὺς
1259 4975 1353 5028 καὶ
1371 4974 1474 5045 ἤδη
1504 4974 1768 5044 ἄρχεσθαι
1802 4974 2047 5042 ὑποφυο-

465 5071 678 5137 μένους.
712 5067 879 5121 Οὐδὲν
904 5063 999 5119 οὖν
1030 5065 1272 5120 τοιοῦτον
1300 5067 1585 5120 κατανοεῖν
1623 5065 1771 5120 ἔστιν
1797 5068 1855 5120 ὲν
1891 5068 2046 5138 ἡμῖν’

462 5161 595 5232 λιτῷ
628 5161 737 5230 γὰρ
787 5159 931 5229 λόγῳ
984 5159 1339 5229 πεποιήμεθα
1382 5157 1483 5229 τήν
1524 5158 1659 5229 πρὸς
1713 5160 1859 5229 ὑμᾶς
1902 5158 2046 5213 διδα.

464 5255 713 5313 σκαλίαν,
763 5251 792 5303 ὃ
841 5253 934 5303 καὶ
966 5248 1179 5313 Παῦλος
1213 5249 1352 5321 πρὸς
1385 5251 1704 5320 Κορινθίους
1750 5252 1906 5320 φησὶ,
1952 5253 2045 5303 καὶ

461 5347 604 5415 ἀπερ
631 5345 691 5410 ἐξ
721 5344 987 5414 αὐτοψίας
1031 5342 1274 5413 ἔσχημεν
1324 5341 1388 5414 [Ῑ.
1426 5341 1754 5415 ἐσχήκαμ.].
1790 5345 1837 5396 οί
1881 5344 1938 5395 ὲν
1968 5343 2045 5413 τῷ

462 5440 580 5511 ὄρει
609 5436 689 5508 τῷ
729 5436 871 5507 ἁγίῳ
932 5435 1340 5499 συναναϐάντες
1368 5434 1541 5506 αὐτῷ.
1581 5435 1744 5505 Λέγει
1771 5436 1829 5490 δὲ
1858 5435 1958 5508 τήν
1986 5436 2044 5488 ἐν

460 5535 529 5602 τῇ
574 5528 999 5599 μεταμορφώσει
1042 5527 1350 5597 δειχθεῖσαν
1389 5528 1575 5591 αὐτοῖς
1605 5527 1710 5580 ὑπὸ
1743 5527 1840 5581 τοῦ
1868 5529 2044 5582 Μονο-

458 5622 650 5694 γενοῦς
692 5619 872 5688 δόξαν,
905 5620 998 5674 καὶ
1027 5619 1126 5691 τὴν
1158 5619 1343 5692 φωνήν
1381 5619 1449 5690 ἢν
1481 5621 1586 5673 ὑπὸ
1616 5620 1709 5674 τοῦ
1742 5621 1956 5685 Πατρός
1987 5622 2046 5687 ἐξ

528 5782 552 5814 ι
580 5782 622 5837 ιι
646 5782 772 5838 Cur.
805 5800 862 5850 ιι,
902 5781 951 5837 ι.

2151 4614 2239 4671 bis
2272 4613 2488 4669 Domini
2518 4613 2650 4669 Jesu
2683 4612 2891 4670 Christi
2927 4614 3185 4670 virtutem
3218 4624 3275 4671 et
3305 4616 3674 4686 praesentiam,
3708 4635 3727 4668 ο

2151 4707 2312 4763 sicuti
2340 4707 2573 4780 gentiles
2604 4719 2658 4763 ct
2689 4706 2929 4762 haeretici
2959 4706 3171 4762 faciunt
3205 4726 3218 4761 ε
3253 4708 3326 4763 illi
3357 4708 3577 4779 quidem
3622 4724 3733 4764 ser-

2155 4802 2333 4856 monis
2387 4799 2659 4871 elegantia
2699 4809 2753 4854 et
2789 4809 3099 4871 poematum
3149 4811 3434 4858 venustate
3456 4802 3735 4859 auditores

2154 4910 2286 4952 suos
2320 4892 2680 4963 decipientes,
2747 4893 2800 4947 hi
2843 4909 2975 4949 vero
3015 4895 3178 4949 etiam
3217 4895 3532 4951 fictionibus
3565 4901 3735 4965 (nauis,

2159 4997 2219 5041 ut
2249 4985 2544 5041 verisimile
2566 4992 2672 5051 est,
2716 4986 2830 5055 jam
2863 4988 2943 5041 vel
2971 4995 3102 5044 tunc
3131 4989 3443 5059 huiusmodi
3485 4990 3734 5045 homines

2156 5087 2437 5148 cmperant
2486 5076 2645 5146 oriri)
2693 5092 2707 5127 :
2761 5078 2934 5141 nihil,
2987 5077 3241 5149 inquam,
3298 5081 3492 5135 horum
3559 5088 3733 5150 potest

2153 5168 2324 5241 388
2352 5170 2405 5222 in
2445 5167 2604 5222 nobis
2635 5168 2925 5237 quisquam
2960 5164 3371 5238 deprehendere
3407 5187 3423 5227 :
3457 5171 3732 5241 siquidem

2157 5261 2347 5313 humili
2380 5274 2445 5313 ac
2471 5259 2706 5329 simplici
2752 5275 3010 5314 sermone
3039 5261 3196 5315 vobis
3241 5271 3484 5316 nostram
3530 5278 3732 5332 propo-

2155 5349 2369 5405 suimus
2429 5349 2736 5405 doctrinam
2796 5349 2961 5421 (idem
3027 5352 3227 5407 Paulus
3286 5352 3354 5407 ad
3416 5353 3733 5409 Corinthios

2153 5442 2402 5497 scribens
2434 5440 2504 5497 de
2533 5456 2593 5498 se
2624 5451 2857 5499 testatur
2885 5442 2928 5514 ⁸)
2956 5460 2969 5496 :
3007 5445 3101 5500 sed
3141 5460 3263 5515 quae
3293 5446 3408 5500 visu
3441 5457 3632 5502 nostro
3678 5448 3733 5502 in

2154 5546 2341 5591 monte
2365 5545 2557 5591 sancto
2580 5550 2704 5590 cum
2739 5536 2857 5606 ipso
2885 5538 3214 5594 exsistentes
3239 5536 3585 5609 percepimus
3627 5540 3731 5608 (lo-

2155 5630 2341 5699 quitur
2371 5627 2437 5684 de
2467 5629 2637 5699 gloria
2672 5627 2949 5699 Unigeniti
2985 5631 3120 5701 ipsis
3151 5641 3373 5687 ostensa
3425 5631 3482 5686 in
3518 5631 3730 5686 transtiA
