4120 6428
391 378 527 442 tam

1271 370 1855 436 THEOPHYLACTI
1893 369 2309 430 BULGARHZ
2350 370 2710 435 ARCHlEP.

3500 373 3641 438 1265

389 488 746 561 guratione‘,
792 494 844 542 et
893 484 958 541 de
1003 498 1161 547 voce,
1210 499 1371 555 quam
1424 500 1452 538 a
1486 484 1648 537 Patre
1697 482 1765 536 de
1809 480 1967 534 cmlis

2075 480 2304 550 ούρανοῦ
2342 480 2652 549 ἐνεχθεῖσαν
2685 482 2771 535 διὰ
2805 470 2894 535 τδί
2928 485 3130 552 Κύριον
3171 485 3428 556 ﬁxus-1v.
3495 486 3645 539 Ἐπεὶ

388 582 550 633 allata
583 589 803 648 propter
845 575 1134 628 Dominum
1168 575 1505 646 audierunt).
1540 574 1807 640 Quoniam
1838 587 1966 625 vero

387 688 472 736 ea,
509 686 630 740 quae
681 668 960 739 prophetae
1012 666 1433 730 annuntiarunt,
1471 663 1805 734 experientia
1846 663 1966 731 ipsa

387 763 766 835 cognovimus,
803 760 1013 814 idcirco
1048 758 1341 812 tirmiorem
1373 755 1689 811 eorumdem
1731 755 1968 824 prophe-

390 857 516 908 tiam
547 853 898 923 iudicamus;
945 849 1217 919 siquidem
1260 864 1345 902 res
1393 848 1524 917 ipsa:
1569 847 1747 901 verbis
1778 853 1969 899 exacte

388 947 811 1013 responderunt.
845 943 1025 1008 Quare
1063 959 1082 991 ι
1121 940 1255 994 bene
1288 937 1472 993 facitis
1502 951 1598 991 vos
1623 936 1968 999 attendentes

388 1037 712 1106 pmphetico
742 1033 1003 1097 sermoni,
1036 1050 1054 1083 ι
1087 1032 1191 1085 hoc
1217 1038 1301 1085 est
1332 1030 1420 1095 iis,
1453 1045 1575 1098 quae
1598 1043 1626 1081 a
1660 1028 1966 1097 prophetis.

389 1142 698 1197 quanquam
735 1125 893 1195 paulo
923 1122 1241 1186 obscurius,
1279 1120 1641 1191 praenuntiata
1674 1127 1824 1174 sunt.

460 1216 627 1271 Vnns.
660 1216 745 1269 l7.
786 1234 804 1267 ι
852 1214 1140 1284 Accipiens
1190 1213 1334 1266 enim
1384 1227 1414 1265 a
1460 1209 1571 1264 Deo
1602 1210 1763 1265 Patre
1800 1211 1973 1262 hono-

388 1325 499 1363 rem
536 1321 590 1363 et
642 1308 893 1375 gloriam.
934 1324 953 1358 ι
990 1335 1059 1345 -
1096 1322 1116 1356 ι
1150 1302 1436 1373 Accipiens
1477 1319 1496 1353 ι
1542 1302 1696 1367 dixit,
1746 1301 1829 1355 vel
1874 1316 1969 1354 su-

387 1399 584 1454 mendo
623 1399 971 1469 participium
1008 1411 1105 1467 pro
1130 1396 1407 1466 praterilo
1440 1393 1722 1448 indicativi
1754 1410 1773 1443 ι
1807 1407 1969 1446 accc-

386 1492 500 1563 pit;
542 1510 561 1543 ι
619 1490 1065 1560 quandoquidem
1120 1504 1229 1543 non
1289 1483 1683 1556 correspondet
1743 1486 1966 1539 verbum

382 1584 603 1652 aliquod
631 1582 686 1636 in
727 1581 888 1635 modo
939 1579 1260 1641 indicativo,
1302 1576 1450 1647 quod
1490 1576 1556 1629 ad
1620 1574 1965 1644 participium

384 1676 538 1743 juxta
611 1681 906 1742 syntaxeos
961 1671 1204 1740 regulam
1262 1667 1526 1736 consequi
1570 1667 1816 1722 deberet.
1874 1664 1971 1720 Vel

388 1767 432 1820 si
471 1781 570 1834 pro
605 1778 735 1818 vero
766 1762 1055 1831 participio
1091 1761 1222 1814 illud
1259 1778 1278 1811 ι
1316 1761 1592 1828 accipiens
1629 1776 1648 1810 ι
1683 1758 1967 1822 habeatur,

2070 569 2127 623 δὲ
2163 570 2252 623 διὰ
2275 570 2384 622 τῶν
2417 572 2758 642 πραγμάτων
2788 573 3038 644 ἔγνωμεν
3065 575 3133 628 τὰ
3161 576 3264 628 ὑπὸ
3288 576 3398 628 τῶν
3432 593 3640 647 προφη-

2070 661 2178 714 τῶν
2209 663 2755 733 προκατηγγελμένα,
2790 664 3159 735 βεϐαιοτέραν,
3188 669 3341 737 φησὶ,
3384 667 3472 720 διὰ
3519 669 3643 720 τού-

2070 768 2180 805 των
2226 755 2328 821 τὴν
2367 753 2709 823 προφητείαν
2758 755 2941 807 αὐτῶν
2977 756 3260 825 κρίνομεν.
3302 756 3426 818 Τοῖς
3469 756 3644 823 λόγοις

2071 846 2182 913 γάρ
2215 844 2664 917 ἐπηκολούθησαν
2704 845 2772 899 τά
2832 848 3153 917 πράγματα.
3202 847 3295 901 Διδ
3344 848 3441 901 καὶ
3493 849 3648 918 ὑμεῖς

2078 956 2095 987 ι
2132 935 2311 997 καλῶς
2341 938 2547 989 ποιεῖτε
2581 939 2945 1006 προσέχοντες
2988 940 3056 1008 τῇ
3095 938 3428 1008 προφητείᾳ,
3474 956 3493 989 ι
3531 940 3647 1009 ἦτοι

2071 1029 2181 1088 τοῖς
2233 1025 2338 1078 ὑπὸ
2390 1025 2499 1078 τῶν
2548 1027 2845 1096 προφητῶν
2896 1027 3405 1099 προλελαλημένοις,
3454 1027 3555 1082 κᾶν
3600 1031 3648 1081 εἰ

2073 1115 2330 1185 ἀμυδρῶς
2360 1116 2466 1169 ὑπὸ
2492 1115 2601 1170 τῶν
2629 1118 2929 1190 προφητῶν
2958 1119 3154 1190 ἐλέχθη
3185 1121 3330 1174 τότε.

2147 1225 2165 1257 ι
2203 1207 2398 1260 Λαϐὼν
2425 1207 2534 1279 γὰρ
2558 1210 2710 1281 παρὰ
2733 1208 2870 1263 Θεοῦ
2899 1210 3109 1280 Πατρδς
3134 1213 3300 1283 τιμὴν
3322 1211 3608 1276 καὶδόξαν.
3625 1230 3643 1261 ι

2073 1298 2319 1370 Τοῦτο,ἢ
2351 1301 2474 1353 ἀντὶ
2499 1290 2776 1371 ὁριστιᾶιοῦ
2811 1303 3056 1373 ῥήματος
3081 1302 3262 1370 ἔταξε,
3309 1304 3359 1374 [ι
3391 1303 3590 1368 λαϐὼν,
3624 1323 3644 1355 ι

2074 1388 2218 1462 ἀντὶ]
2248 1388 2368 1456 τοῦ,
2399 1390 2591 1446 ἐλαϐεν
2613 1408 2627 1422 ·
2668 1393 2794 1445 ἐπεὶ
2833 1393 2909 1465 μὴ
2942 1393 3002 1448 τδ
3036 1395 3325 1448 ἀκόλουθον
3355 1394 3457 1465 τῆς
3488 1412 3651 1464 μετο-

2075 1483 2179 1552 χῆς
2210 1484 2352 1536 κατὰ
2377 1482 2469 1536 τὸν
2492 1482 2594 1553 τῆς
2636 1484 2730 1537 τοῦ
2761 1485 2922 1553 λόγου
2955 1486 3262 1550 συντάξεως
3301 1488 3525 1550 κανόνα,
3569 1487 3650 1549 είς

2075 1575 2349 1645 ὀριστικὸν
2395 1576 2546 1646 ῥῆμα
2586 1578 2618 1647 ἡ
2649 1578 2905 1641 ἀπόδοσις
2940 1579 3119 1649 φέρει.
3146 1581 3216 1631 Ἦ
3263 1580 3315 1631 εί
3364 1579 3441 1649 μὴ
3471 1578 3649 1643 τοῦτο,

2073 1668 2175 1720 οὐκ
2223 1668 2291 1721 ἂν
2331 1667 2408 1731 ὼς
2448 1671 2654 1732 ἐκεῖνος
2689 1669 2923 1741 ἐνταῖθα
2950 1670 3249 1740 λαμϐάνειν
3287 1672 3349 1723 οὐ
3395 1669 3652 1742 βούληται

2075 1758 2157 1821 τὸ,
2211 1775 2230 1808 ι
2266 1757 2468 1825 λαῆὼν,
2511 1776 2529 1811 ι
2567 1761 2632 1829 τῇ
2670 1762 2871 1831 μετοχῇ
2917 1761 3254 1830 ἀναγκαίως,
3293 1763 3374 1825 είς
3414 1763 3652 1815 ἀσυντα-

374 1857 566 1911 oratio
597 1854 912 1908 necessario
942 1868 971 1905 a
1006 1859 1304 1922 syntaxeos
1335 1849 1538 1920 regulis
1568 1848 1791 1904 recedit.
1826 1850 1897 1902 At
1926 1849 1971 1903 si

2075 1849 2194 1915 Είαν
2240 1852 2273 1903 ό
2317 1849 2476 1918 λόγος
2524 1850 2884 1923 ὲξολισθήσει,
2930 1856 3054 1907 ἀντὶ
3096 1853 3153 1907 δὲ
3201 1854 3481 1923 όριστικοῢ
3530 1852 3648 1914 τοῦ,

392 1962 490 2018 pro
547 1969 565 1999 ι
625 1947 835 2015 accepit
886 1963 906 1996 ι
966 1952 1236 2009 sumatur,
1292 1954 1438 1998 recte
1503 1957 1563 1997 se
1632 1942 1792 2002 habet
1843 1940 1970 1995 sic:

395 2060 411 2091 ι
447 2038 669 2107 Accepit
718 2037 863 2090 enim
930 2051 961 2089 a
1026 2034 1135 2090 Deo
1197 2034 1359 2088 Patre
1417 2035 1678 2087 honorem
1734 2039 1790 2085 et
1848 2030 1971 2099 ειυς

318 2196 335 2207 ⁸
390 2132 545 2187 riam.
587 2147 607 2181 ι

463 2221 629 2277 Vens.
669 2221 859 2276 17-18.
903 2238 921 2271 ε
971 2216 1111 2273 Voce
1144 2217 1364 2287 delapsa
1390 2214 1770 2287 hujuscemodi
1795 2229 1825 2268 a
1859 2228 1973 2267 ma-

390 2313 586 2383 gnifica
635 2313 807 2382 gloria
845 2329 858 2365 :
892 2310 993 2365 llic
1038 2317 1124 2366 est
1173 2307 1344 2363 Filius
1403 2323 1558 2363 meus
1614 2307 1869 2368 dilectus,
1917 2306 1975 2359 in

389 2421 498 2475 quo
530 2406 662 2458 mihi
704 2402 1037 2473 complacui,
1066 2400 1246 2470 ipsum
1279 2400 1485 2453 audite.
1515 2397 1581 2453 Et
1610 2399 1750 2453 hanc
1784 2410 1974 2451 vocem

390 2509 493 2549 nos
532 2492 843 2548 audivimus
872 2490 939 2545 de
960 2491 1099 2545 caelo
1134 2490 1376 2553 allatam,
1410 2503 1534 2543 cum
1562 2501 1812 2542 essemus
1847 2500 1974 2541 cum

388 2590 513 2658 ipso
543 2590 596 2642 in
631 2597 815 2642 monte
844 2595 1059 2640 sancto.
1101 2602 1119 2635 ι
1167 2582 1285 2636 Non
1316 2582 1460 2650 quod
1492 2581 1560 2637 de
1595 2595 1727 2636 voce
1753 2581 1974 2650 delapsa

390 2695 419 2732 a
460 2678 619 2732 Patre
649 2678 713 2732 de
746 2675 888 2730 caalo
939 2674 1120 2743 aliqua
1152 2680 1331 2726 exstet
1360 2668 1685 2739 prophetia;
1717 2671 1813 2724 sed
1846 2670 1976 2737 quia

388 2787 454 2827 ex
490 2784 622 2825 voce
653 2767 833 2822 Patris
859 2763 999 2819 Filio
1031 2779 1133 2819 suo
1160 2763 1397 2830 desuper
1424 2761 1738 2815 attestantis
1768 2762 1977 2815 certius

386 2860 798 2932 cognoscimus,
856 2855 1043 2910 omnia
1104 2855 1501 2924 prophetarum
1577 2851 1838 2906 vaticinia
1904 2852 1973 2907 ad

386 2968 537 3018 eum,
587 2951 676 3005 cui
731 2948 893 3004 Pater
945 2947 1323 3003 testimonium
1394 2944 1692 3013 perhibuit,
1755 2944 1970 2999 referri.

388 3040 651 3095 Noviutus
700 3055 861 3102 vero,
916 3035 1209 3091 Dominum
1268 3042 1514 3087 nostrum
1577 3031 1764 3088 Jcsum
1819 3043 1900 3088 tcr
1945 3048 1977 3086 a

392 3133 568 3196 Patre,
604 3129 749 3199 quod
784 3126 954 3181 Filius
987 3128 1114 3195 ejus
1154 3125 1243 3187 sit,
1275 3124 1646 3179 testimonium
1682 3125 1974 3178 habuisse:

394 3239 589 3293 nempe
625 3221 821 3286 primo,
856 3218 910 3271 in
949 3217 1311 3285 baptismate;
1359 3213 1621 3277 secundo,
1656 3215 1974 3268 imminente

390 3317 672 3384 passione,
718 3325 843 3366 cum
893 3309 1077 3364 dixit:
1126 3324 1145 3357 ι
1180 3306 1245 3358 Et
1291 3305 1614 3377 glorificavi,
1671 3314 1725 3358 et
1777 3306 1973 3359 iterum

390 3406 706 3460 clariﬁcabo
732 3403 789 3468 °;
832 3420 850 3453 ι
886 3409 942 3455 et
970 3401 1022 3452 in
1053 3410 1259 3452 monte.

462 3493 628 3548 Vens.
663 3491 748 3544 17.
787 3509 805 3541 ι
845 3488 910 3541 Et
954 3490 1219 3541 habemus
1255 3485 1547 3538 ﬁrmiorem
1596 3485 1973 3553 pr0plicticutn

393 3598 753 3640 sermonem:
814 3581 901 3634 cui
953 3579 1088 3632 bene
1125 3578 1305 3630 far-itis
1367 3576 1731 3640 atti-ndentes,
1816 3576 1974 3645 quasi

393 3677 629 3731 lucerna:
684 3672 883 3726 lucenti
942 3672 996 3724 in
1057 3668 1361 3737 caliginoso
1417 3669 1557 3729 loco,
1608 3666 1786 3721 donec
1857 3668 1975 3723 dics

390 3769 689 3830 elucescat,
726 3773 781 3818 et
814 3762 1007 3817 lucifer
1053 3762 1263 3816 oriatur
1294 3763 1346 3813 in
1390 3760 1651 3814 cordibus
1685 3761 1907 3815 vestris.
1949 3778 1968 3812 ι

392 3857 772 3922 Attendentcs,
810 3853 1002 3923 inquit,
1033 3853 1101 3907 iis
1135 3868 1256 3921 quae
1283 3868 1311 3904 δ
1344 3853 1622 3921 prophetis
1647 3850 1792 3905 dicta
1823 3859 1972 3916 sunt,

395 3950 538 4004 haud
567 3949 829 4003 excidetts
860 3962 888 3997 ιι
921 3960 1014 4013 spe
1046 3952 1248 4003 vestra,
1283 3942 1466 3996 Rebus
1506 3942 1651 3996 enim
1711 3944 1841 4011 ipsis
1872 3960 1975 3997 suo

395 4052 639 4109 tempore
685 4035 1112 4093 succedentibus
1156 4034 1315 4104 (quas
1347 4034 1508 4087 etiam
1545 4050 1563 4083 ι
1601 4031 1766 4096 diem,
1808 4050 1827 4082 ›
1862 4046 1976 4085 mc-

394 4132 675 4199 tapboram
709 4126 961 4181 videlicet
1003 4138 1327 4194 prosccutus
1379 4122 1713 4192 appellavit;
1762 4123 1976 4175 dixerat

393 4223 537 4275 enim
577 4237 594 4269 ι
632 4219 937 4281 lucernam,
975 4235 992 4266 ι
1034 4225 1087 4270 ct
1117 4216 1292 4269 locum
1322 4215 1704 4283 caliginosum,
1745 4213 1837 4267 ubi
1869 4227 1976 4265 nox

394 4312 540 4382 cst):
577 4309 694 4364 dies
747 4309 912 4377 igitur
969 4320 1093 4359 cum
1139 4305 1439 4368 advenerit,
1480 4303 1677 4370 inquit,
1714 4317 1810 4356 seu
1848 4314 1974 4354 cum

397 4420 483 4458 res
512 4405 643 4472 ipsa:
675 4416 794 4468 ιμιω
841 4396 1214 4468 praenuntiata:
1269 4404 1417 4458 sunt,
1470 4394 1823 4462 contingent;
1878 4394 1975 4445 ha-

2073 1942 2258 2006 ἔλασε,
2285 1946 2368 2010 τὸ,
2425 1963 2443 1994 ι
2484 1943 2686 2007 λαϐὼν,
2720 1964 2739 1996 ι
2774 1945 3232 2017 μετειλημμένον,
3260 1946 3567 2010 ἀκολούθως
3593 1947 3656 1998 τὸ

2073 2035 2471 2105 ἐπιφερόμενον
2505 2036 2657 2090 ἔσται
2681 2050 2696 2065 ⁸
2737 2032 2871 2099 οἷον,
2906 2056 2923 2087 ι
2964 2037 3163 2092 Ἕλαόε
3194 2038 3304 2109 γὰρ
3338 2038 3490 2109 παρά
3517 2036 3653 2091 Θεοῦ

2076 2125 2287 2196 Πατρδς
2316 2127 2494 2191 δόξαν.
2529 2145 2548 2179 ο
3366 2116 3373 2121 ’

2151 2232 2170 2266 ι
2211 2215 2400 2285 Φωνῆς
2432 2217 2748 2287 ἐνεχθείσης
2781 2219 2995 2273 τοιᾶσδε
3020 2217 3168 2288 αὐτῷ
3205 2217 3313 2272 ὑπὸ
3342 2221 3438 2289 τῆς
3483 2234 3656 2289 μεγα-

2075 2306 2382 2377 λοπρεποῦς
2417 2309 2580 2379 δόξης
2602 2327 2616 2341 ·
2672 2305 2841 2372 Οὗτός
2877 2313 3027 2363 ἐστιν
3053 2312 3082 2363 ὁ
3116 2311 3244 2374 Υἱός
3284 2327 3387 2380 μου
3437 2312 3467 2364 ὁ
3514 2314 3656 2380 ἀγα-

2075 2399 2270 2467 πητὸς,
2303 2401 2360 2450 ὲν
2388 2394 2432 2463 ᾧ
2458 2400 2759 2469 ηὑδόκησα.
2792 2403 2899 2454 Καὶ
2928 2399 3131 2470 ταύτην
3159 2400 3256 2471 τὴν
3291 2403 3476 2471 φωνὴν
3494 2403 3658 2471 ἡμεῖς

2075 2486 2396 2557 ἠκούσαμεν
2443 2489 2501 2554 ἐξ
2531 2489 2762 2559 οὐρανοῦ
2798 2490 3129 2560 ἐνεχθεῖσαν,
3178 2493 3276 2544 σὺν
3307 2490 3459 2562 αὐτῷ
3504 2492 3658 2555 ὄντες

2077 2580 2135 2631 ὲν
2191 2578 2271 2638 τῶ
2330 2580 2471 2650 ἁγίῳ
2521 2580 2656 2650 ὄρει.
2696 2600 2716 2632 ι
2772 2583 2884 2651 υὺχ
2931 2582 3014 2634 ὅτι
3048 2581 3176 2651 περὶ
3208 2582 3307 2652 τῆς
3347 2581 3657 2652 ἐνεχθείσης

2078 2672 2265 2740 φωνῆς
2294 2672 2398 2722 ὑπὸ
2424 2670 2518 2723 τοῦ
2562 2672 2775 2740 Ιιατρὸς
2814 2672 3023 2726 ἄνωθέν
3055 2673 3173 2724 ἐστι
3211 2689 3296 2735 τις
3325 2673 3658 2743 προφητεία,

2078 2758 2193 2812 ἀλλ’
2226 2760 2308 2812 ὄτι
2340 2759 2448 2811 ἀπὸ
2475 2759 2572 2829 τῆς
2599 2760 2692 2810 τοῦ
2724 2759 2936 2829 [ιατρὸς
2961 2758 3169 2812 ἀνωθεν
3208 2758 3395 2828 φωνῆς
3423 2759 3524 2829 τὴν
3547 2759 3661 2812 υίό·

2077 2865 2216 2919 τητα
2269 2851 2727 2921 μαρτυρησάσης,
2762 2848 3137 2921 ήδράσθημεν,
3191 2852 3375 2905 πᾶσαν
3422 2849 3523 2921 τὴν
3571 2848 3660 2903 διὰ

2078 2939 2187 2991 τῶν
2221 2940 2517 3009 προφητῶν
2569 2942 2945 3011 χρησμῳδίαν,
2991 2942 3405 3012 ἀναντιρρἡτως
3433 2941 3529 2994 ἐπὶ
3568 2942 3658 2994 τον

2081 3030 2186 3082 ὑπὸ
2222 3030 2315 3082 τοῦ
2350 3030 2563 3101 Πατρός
2612 3032 3064 3103 μαρτυρούμενον
3090 3031 3378 3102 φέρεσθαι.
3422 3030 3557 3102 Τρὶς
3599 3033 3658 3084 δὲ

2081 3121 2331 3193 ἔγνωμεν
2355 3123 2443 3175 τὸν
2477 3124 2681 3194 Κύριον
2704 3123 2862 3193 ἡμῶν
2907 3122 3112 3195 Ἰησοῦν
3145 3124 3381 3195 Χριστὸν
3416 3124 3521 3178 ὑπὸ
3562 3122 3655 3176 τοῦ

2003 3187 2045 3247 c
2080 3187 2296 3283 Πατρός
2321 3212 2448 3266 Υἱὺν
2487 3187 2908 3285 μαρτυρηθέντα
2930 3230 2945 3245 °
2966 3187 3075 3268 ’ἐπὶ
3104 3187 3210 3268 τοῦ.
3259 3214 3656 3285 βαπτίσματος,

2075 3305 2134 3358 ἐν
2163 3304 2243 3375 τῷ
2275 3305 2460 3370 πάθει,
2496 3306 2577 3371 τὸ,
2611 3324 2630 3359 ι
2681 3307 2963 3374 Ἐδόξασα,
3015 3306 3109 3360 καὶ
3147 3306 3311 3361 πάλιν
3354 3296 3597 3372 δοξάσω·
3630 3327 3651 3359 ι

2078 3398 2173 3451 καὶ
2203 3399 2295 3451 ἐπὶ
2325 3398 2419 3450 τοῦ
2448 3399 2626 3466 ὅρους.

2152 3506 2171 3537 ι
2212 3489 2322 3539 Καὶ
2362 3487 2563 3557 ἔχομεν
2598 3488 2946 3559 βεϐαιότερον
2984 3489 3076 3542 τὸν
3108 3489 3450 3559 προφητικὸν
3479 3487 3655 3559 λόγον,

2074 3569 2119 3645 ᾧ
2149 3577 2330 3640 καλῶς
2363 3579 2571 3631 ποιεῖτε
2600 3561 2967 3649 προσέχοντες
3000 3580 3076 3643 ὡς
3121 3579 3300 3651 λύχνῳ
3331 3581 3574 3649 φαίνοντι
3599 3586 3658 3635 ὲν

2077 3665 2353 3738 αὐχμηρῷ
2378 3665 2548 3736 τόπῳ,
2582 3666 2685 3729 ἕως
2716 3664 2776 3720 οὗ
2805 3667 2984 3737 ήμέρα
3004 3667 3293 3740 διαυγάσῃ,
3319 3671 3409 3722 καὶ
3440 3670 3660 3739 φωσφό-

2080 3777 2171 3831 ρος
2197 3759 2452 3831 ἀνατείλῃ
2483 3763 2539 3813 ὲν
2560 3763 2679 3824 ταῖς
2703 3761 2952 3828 καρδίαις
2989 3761 3167 3830 ὑμῶν.
3212 3780 3232 3814 ι
3268 3762 3657 3832 Προσέχοντες,

2077 3853 2234 3921 φησι,
2263 3853 2476 3914 τούτοις
2523 3854 2638 3914 τοῖς
2680 3851 2786 3903 ὑπὸ
2831 3853 2941 3904 τῶν
2992 3854 3286 3922 προφητῶν
3322 3854 3655 3924 εἰρημένοις,

2075 3945 2177 3996 οὐκ
2224 3944 2568 4013 ἅστοχήσητε
2598 3946 2698 4013 τῆς
2731 3944 2973 4006 ἐλπίδος.
3004 3944 3126 3996 Τῶν
3156 3946 3501 4013 πραγμάτων
3548 3947 3659 4013 γὰρ

2077 4034 2219 4087 κατᾶ
2250 4034 2338 4086 τὸν
2367 4035 2498 4086 ἴδιον
2530 4034 2719 4104 καιρὸν
2749 4035 3205 4105 παραγινομένων
3239 4036 3295 4105 (ἃ
3330 4036 3425 4087 καὶ
3457 4052 3478 4087 ι
3516 4037 3657 4105 ὴμέ-

2080 4139 2181 4193 ραν
2237 4141 2256 4173 ι
2315 4123 2544 4176 ἐκάλεσε
2604 4126 2671 4195 τῇ
2742 4127 2917 4194 τροπῇ
2986 4125 3308 4193 ἐπιμείνας·
3379 4124 3499 4178 εἶπε
3547 4126 3656 4197 γάρ

2083 4232 2103 4265 ι
2137 4214 2351 4285 λύχνον,
2391 4234 2408 4267 ι
2448 4217 2541 4267 καλ⁵
2572 4215 2631 4265 τό
2645 4232 2757 4279 πον,
2785 4215 2904 4286 ἦτοι
2928 4214 3225 4281 σκοτεινὸν,
3260 4216 3401 4285 ὅπερ
3430 4220 3523 4269 καὶ
3556 4215 3657 4280 νύξ

2077 4307 2246 4375 ἐστιν)
2268 4323 2280 4336 ’
2315 4305 2532 4376 ἡμέρας
2567 4305 2682 4369 οὖν,
2722 4309 2876 4375 φησὶ,
2909 4307 3383 4377 παραγενομένης,
3413 4308 3512 4378 τῆς
3545 4308 3653 4362 τῶν

2078 4398 2445 4468 πραγμάτων,
2482 4398 2645 4467 λέγω,
2685 4399 3014 4469 παρουσίας,
3044 4399 3196 4463 ἕξετε
3222 4400 3315 4451 τὸν
3368 4403 3654 4471 φωσφόρον

394 4486 601 4550 ’ὺεϋὶιὶε
655 4490 948 4545 luciferum
1002 4498 1251 4542 exortum
1309 4487 1361 4538 in
1421 4486 1679 4538 cordibus
1732 4484 1971 4538 vestris:

2080 4489 2439 4542 ἀνατέλλοντα
2471 4492 2530 4542 ὲν
2557 4493 2680 4553 ταῖς
2726 4491 2975 4561 καρδίαις
3008 4492 3184 4559 ὑμῶν,
3224 4490 3369 4544 τοῦτ’
3400 4490 3517 4543 ἔστι
3556 4493 3655 4563 τὴν

398 4598 589 4651 nempe
629 4580 905 4635 Christum
937 4576 1226 4631 Dominum
1277 4580 1619 4645 przrs‘entcm,
1659 4575 1789 4628 olim
1842 4591 1974 4645 pra:-

397 4670 706 4727 nnntiatum
755 4688 783 4724 a
834 4669 1136 4739 prophetis,
1189 4669 1281 4736 qui
1329 4670 1489 4722 etiam
1526 4679 1783 4736 tanquam
1823 4687 1840 4718 ι
1882 4670 1971 4720 lux

397 4781 524 4815 Vt‘t'u
561 4780 579 4812 ι
615 4772 776 4815 υυιηιω
812 4768 988 4813 vestra
1028 4758 1378 4810 illutninabit.

465 4849 632 4919 389
668 4848 830 4901 νεεδ.
866 4847 967 4912 '20,
997 4848 1089 4899 Ἣ.
1129 4863 1146 4897 ι
1184 4847 1293 4900 lloc
1315 4832 1557 4915 primum
1592 4846 1973 4916 intelligentcs,

395 4945 574 4997 omnis
604 4942 885 5009 prophetia
926 4939 1223 5007 Scriptura:
1260 4937 1481 5006 pr0pria
1520 4937 1973 5006 interpretatione

398 5044 502 5088 nn'n
538 5035 613 5086 lit.
643 5032 761 5086 Non
792 5033 934 5085 enim
970 5033 1245 5084 Voluntate
1273 5031 1512 5082 humana
1552 5030 1713 5083 allata
1748 5039 1832 5085 est
1865 5030 1971 5082 ali-

395 5125 614 5196 quando
647 5125 929 5195 prophetia
969 5139 982 5175 :
1022 5124 1114 5177 sed
1148 5120 1360 5192 Spiritu
1385 5133 1576 5178 sancto
1599 5122 1852 5193 inspirati
1889 5125 1968 5176 lo-

395 5221 507 5272 cuti
537 5217 860 5272 suntsaucti
898 5215 991 5269 Dei
1027 5216 1298 5269 homines.
1339 5233 1358 5265 ι
1413 5216 1687 5269 Noverunt
1716 5215 1969 5280 equidem

398 5314 675 5380 prophetae
706 5323 768 5363 ea
821 5324 942 5377 qua:
1001 5308 1109 5361 illis
1163 5306 1483 5377 prophetico
1533 5304 1741 5375 Spiritu
1799 5305 1972 5359 indita

398 5404 575 5465 e'rant,
608 5409 663 5452 at
687 5413 795 5451 non
841 5399 976 5451 adeo
1023 5398 1171 5452 clare
1195 5404 1250 5451 et
1282 5407 1471 5451 exacte
1503 5407 1561 5449 ut
1588 5409 1773 5466 postea
1796 5396 1977 5450 conti-

399 5499 593 5559 gerunt
621 5509 632 5544 :
668 5505 836 5559 quare
868 5490 1028 5544 etiam
1059 5489 1446 5543 desiderabant
1471 5489 1675 5543 exitum
1728 5492 1973 5558 ipsarum

397 5597 578 5638 rerum
612 5582 815 5645 videre,
851 5593 907 5635 ut
945 5583 1203 5636 Dominus
1232 5583 1307 5635 ait
1343 5582 1382 5637 ⁷.
1410 5582 1657 5650 Explicat
1695 5596 1842 5646 vero,
1875 5597 1977 5635 cur

2080 4580 2174 4633 τοῦ
2204 4580 2441 4651 Χριστοῦ
2469 4582 2795 4650 παρουσίαν,
2832 4582 2932 4651 τὴν
2959 4583 3523 4653 προκατηγγελμένην
3552 4584 3656 4636 ὑπὸ

2080 4673 2188 4723 τῶν
2218 4671 2533 4741 προφητῶν,
2591 4673 2684 4724 καὶ
2732 4673 2807 4735 ὡς
2864 4673 2979 4740 φῶς
3020 4672 3218 4741 ἀληθὲς
3273 4676 3371 4736 τὰς
3430 4675 3655 4743 καρδίας

2082 4763 2234 4831 ὑμῶν
2266 4764 2677 4832 λαμπρύνοντα.

2151 4849 2319 4902 Τοῦτο
2350 4850 2565 4918 πρῶτον
2613 4850 2995 4919 γινώσκοντες,
3041 4853 3125 4906 ὃτι
3166 4838 3319 4909 πάσα
3353 4858 3658 4927 προφητεία

2078 4939 2303 5009 Γραφῆς
2341 4940 2473 5002 ἰδίας
2510 4941 2811 5004 ἐπιλύσεως
2855 4944 2915 4994 οὐ
2968 4944 3198 5009 γίνεται.
3251 4946 3325 4999 Ού
3360 4948 3470 5017 γὰρ
3498 4947 3659 5014 θελή-

2080 5049 2211 5105 ματι
2252 5031 2537 5101 ἀνθρώπου
2590 5034 2791 5104 ἠνέχθη
2845 5036 3151 5105 προφητεία
3202 5039 3359 5104 ποτὲ,
3400 5039 3513 5092 ἀλλ’
3553 5039 3658 5092 ὑπὸ

2081 5100 2397 5187 ίῙνεύμα-ςος
2428 5125 2584 5190 ἁγίου
2618 5100 2907 5195 φερόμενοι
2948 5100 3220 5197 ἔλάλησαν
3258 5130 3309 5182 of.
3344 5100 3505 5199 ’ἅγιοι
3555 5132 3660 5183 ὑπὸ

2079 5213 2214 5265 Θεοῦ
2264 5214 2562 5285 ἄνθρωποι.
2594 5235 2613 5267 ι
2654 5216 2889 5286 ’ᾘδεσαν
2931 5219 2979 5269 oi
3018 5220 3297 5287 προφῆται
3340 5221 3437 5272 καὶ
3482 5217 3519 5271 ἆ
3562 5223 3661 5286 sp.-

2084 5310 2342 5359 πνέονται
2374 5309 2479 5359 ὑπὸ
2511 5308 2604 5359 τοῦ
2646 5310 2987 5378 προφητικοΰ
3028 5309 3365 5379 Πνεύματος,
3410 5310 3505 5363 καὶ
3530 5310 3661 5375 περὶ

2080 5395 2177 5462 ὧν,
2200 5400 2259 5450 οὐ
2292 5401 2473 5469 μέντοι
2505 5403 2597 5453 καὶ
2626 5401 2868 5471 ἀκριϐῶς
2894 5399 3088 5470 οὕτως,
3118 5403 3210 5455 καὶ
3235 5402 3311 5464 ὡς
3344 5402 3661 5456 καθὲκαστα

2082 5488 2359 5557 ἐτελέσθη.
2393 5489 2483 5542 Διὸ
2507 5494 2597 5541 καί
2629 5489 2940 5560 ἑπευύμουν
2968 5492 3066 5563 τὴν
3099 5492 3326 5547 ἑκϐασιν
3359 5493 3510 5558 ἰδεῖν,
3538 5492 3614 5555 ὡς
3633 5494 3661 5544 ὁ

2086 5582 2287 5653 Κύριο,
2321 5582 2447 5653 ἔφη.
2488 5581 2870 5652 Ἐπεξηγεῐται
2910 5583 2965 5637 δὲ
3009 5584 3096 5638 διὰ
3125 5585 3178 5638 τί
3206 5588 3256 5638 ot
3290 5585 3566 5656 προφῆται
3592 5585 3660 5637 τὰ

471 5766 493 5796 ⁵
525 5760 724 5816 Matth.
780 5773 911 5821 xvtl,
961 5758 1016 5812 5.
1093 5760 1113 5792 ⁸
1156 5757 1345 5815 Matth.
1387 5772 1470 5825 ιη,
1498 5757 1559 5811 17
1590 5773 1606 5825 ;
1638 5755 1798 5812 Joan.
1841 5773 1943 5826 xu,

2158 5760 2178 5791 τ
2212 5757 2343 5813 Luc.
2378 5774 2435 5826 ι,
2468 5759 2557 5813 et.
