4120 6444
391 404 530 473 1265

1165 405 1572 470 EXPOSITIO
1602 405 1684 467 IN
1721 405 1965 468 EPIST.
1988 406 2050 466 II
2091 407 2133 467 S
2194 409 2444 472 PETRI.
2467 435 2537 448 -
2567 414 2729 476 CAP.
2762 415 2848 475 II.

3528 415 3667 480 1266

390 528 483 581 im”
510 525 692 581 αὐτῶν
725 526 998 599 εἰρημένα
1035 526 1135 597 οὐχ
1177 527 1562 598 ἡρμήνευσαν·
1608 526 1726 597 ἃμα
1772 526 1831 580 δὲ
1879 527 2006 583 καὶ.

2098 528 2178 595 psi
2238 529 2516 598 prophette
2569 496 2718 586 dicta
2782 546 2883 587 sua
2933 547 3041 587 non
3070 532 3183 587 sint
3210 531 3582 602 interpretati,
3611 542 3667 588 et

389 620 658 691 διακρίνει
706 620 808 691 τὴν
841 618 1015 691 ἀληθῆ
1062 620 1402 691 προφητείαν
1443 619 1545 689 τῆς
1593 618 1979 689 δαιμονιώδους

309 742 329 784 ,ο
392 714 489 768 καὶ
520 712 787 783 πλαστῆς,
816 713 941 783 ἥτις
970 713 1067 767 καὶ
1108 714 1168 767 ὲν
1196 714 1312 777 τοῖς
1359 712 1657 784 αἰρετικοίς
1688 714 1980 783 καταλαμ-

391 803 636 857 6άνεται.
675 822 695 854 ι
730 803 858 856 Ὅτι
889 807 1045 859 πᾶσα
1083 805 1394 876 προφητεία
1427 806 1652 878 Γραφῆς
1683 806 1824 871 ίδίας
1864 808 1980 861 sm-

391 892 601 959 λύσεως
645 895 708 949 οὐ
752 897 986 964 γίνεται.
1023 916 1043 949 ι
1091 897 1250 952 Τοῦτ’
1296 896 1469 964 ἔστιν,
1521 899 1603 953 ὅτι
1634 899 1976 965 λαμϐάνουσι

396 986 497 1057 μὲν
542 986 650 1040 ἀπὺ
696 987 791 1040 τοῦ
842 986 980 1041 Θεοῦ
1034 989 1085 1049 οἱ
1132 988 1418 1058 προφῆται
1472 991 1574 1060 τὴν
1611 991 1973 1061 προφητείαν,

393 1075 513 1131 ἀλλ’
543 1078 644 1149 οὐχ
692 1077 768 1140 ὡς
823 1081 1024 1133 ἐκείνοι
1075 1078 1380 1149 βούλονται,
1430 1081 1544 1135 ἀλλ’
1596 1082 1673 1146 ὡς
1723 1083 1786 1138 τὸ
1834 1082 1979 1137 θεῖον

393 1172 611 1241 ἐνεργεῖ
644 1170 901 1240 Πνεῦμα·
936 1172 1031 1224 καὶ
1082 1170 1282 1242 ᾔδεσαν
1333 1172 1435 1242 μὲν
1474 1174 1570 1227 καὶ
1603 1172 1860 1227 συνίεσαν
1887 1174 1979 1227 τὸν

395 1263 897 1332 καταπεμπόμενον
924 1262 1082 1330 λόγον
1102 1263 1286 1327 αὐτοῖς
1308 1265 1672 1336 προφητικὸν,
1704 1266 1765 1319 οὐ
1794 1266 1981 1334 μέντοι

395 1354 491 1405 καὶ
527 1352 629 1422 τὴν
662 1351 912 1407 ἐπίλυσιν
937 1353 1104 1408 αὑτοῦ
1135 1354 1446 1409 ἐποιοῦντο·
1481 1357 1576 1410 καὶ
1599 1358 1684 1411 ὅτι
1713 1358 1822 1412 ἀπὸ
1843 1357 1979 1412 Θεοῦ

395 1443 782 1513 ἑνεργοὺμενοι
802 1445 1122 1515 Πνεύματος
1143 1446 1192 1499 οί
1217 1448 1498 1518 προφῆται
1523 1448 1745 1519 ᾔδεσαν,
1768 1450 1845 1512 ὼς
1873 1451 1982 1502 ἀπὸ

397 1536 543 1589 θείου
589 1536 906 1607 Πνεῦματος
941 1538 1367 1608 καταπίμπεται
1397 1541 1425 1593 ὁ
1458 1540 1612 1608 λόγος
1649 1542 1856 1606 αὐτοῖς,
1883 1541 1980 1610 δῆ-

396 1628 488 1682 λον
516 1629 608 1697 ἀφ’
635 1621 712 1685 ὧν
739 1631 961 1693 ἑκόντες
992 1630 1326 1701 ὑπούργουν,
1355 1636 1451 1687 καὶ
1482 1633 1511 1687 ὃ
1537 1633 1603 1687 ἂν
1632 1634 1825 1705 ῆθελον
1855 1636 1982 1690 ἑλά-

397 1718 550 1772 λουν·
598 1720 627 1772 ὃ
670 1721 729 1774 δὲ
780 1721 857 1792 μὴ
912 1721 1132 1792 ἤθελον,
1184 1724 1471 1778 ἐσιώπων
1520 1726 1581 1778 οὐ
1643 1727 1750 1797 μὴν
1790 1728 1884 1781 καὶ
1931 1730 1981 1782 οι

2083 635 2264 673 veram
2304 638 2334 674 a
2379 622 2502 676 [icta
2545 634 2600 678 et
2628 624 2964 681 daemoniaca
2991 623 3348 694 quorumdam
3380 624 3667 679 haeretico-

2082 728 2202 766 rum
2264 716 2549 784 prophetia
2599 714 2867 771 discernit
2916 732 2931 770 :
3022 716 3306 787 quoniam,
3387 716 3663 785 inquiens,

2092 823 2110 855 ι
2153 806 2335 861 omnis
2366 801 2652 876 prophetia
2711 807 3013 878 Scriptura
3061 808 3281 878 propria
3331 808 3666 876 interpreta-

2079 897 2228 949 tione
2276 911 2383 950 non
2416 895 2495 951 lit.
2533 915 2553 949 ι
2625 884 2757 952 Hoc
2789 908 2900 959 est,
2945 898 3227 968 accipiunt
3255 897 3510 966 equidem
3541 912 3669 965 pro~

2083 987 2258 1056 pheta:
2287 1005 2315 1041 a
2350 988 2457 1043 Deo
2479 990 2851 1059 prophetiam;
2881 997 2936 1043 at
2966 1004 3095 1054 non,
3161 990 3238 1044 uti
3296 989 3400 1059 ipsi
3430 989 3622 1041 volunt
3644 1025 3660 1048 .

2081 1080 2179 1136 sed
2218 1089 2277 1136 ut
2321 1083 2506 1137 divino
2558 1082 2787 1152 Spiritui
2829 1082 2963 1138 libet
2988 1082 3283 1138 infundere
3333 1098 3348 1135 :
3403 1090 3566 1151 atque
3595 1082 3668 1133 illi

2082 1171 2301 1240 quidem
2330 1173 2636 1229 immissum
2674 1173 2783 1228 illis
2813 1173 3192 1244 propheticum
3224 1187 3538 1228 sermonem
3576 1186 3672 1225 c0-

2082 1266 2421 1334 gnoscebant
2453 1276 2507 1320 et
2552 1266 2950 1337 iutelligebant,
2981 1276 3221 1321 attamen
3256 1265 3375 1333 ejus
3399 1265 3673 1333 interpre—

2083 1358 2340 1412 taliettem
2368 1374 2463 1412 seu
2484 1361 2899 1430 explicationem
2932 1373 3040 1412 non
3085 1357 3382 1412 faciebant.
3419 1354 3487 1410 Et
3514 1370 3669 1420 sane,

2082 1450 2227 1518 quod
2259 1450 2538 1520 prephetm
2572 1466 2601 1505 a
2644 1452 2754 1506 Deo
2789 1454 2895 1506 acti
2956 1464 3270 1505 sermonem
3331 1448 3435 1502 sibi
3501 1463 3529 1500 a
3564 1446 3675 1500 Deo

2084 1549 2215 1596 tunc
2271 1541 2386 1595 ﬁeri
2441 1551 2693 1607 nossent,
2760 1541 3233 1610 perspicuum-est
3298 1554 3364 1592 ex
3412 1552 3499 1601 eo,
3529 1536 3675 1607 quod

2085 1644 2279 1705 sponte
2330 1633 2440 1689 Deo
2506 1634 2745 1689 moventi
2808 1633 3203 1699 inserviebam,
3236 1640 3288 1684 et
3341 1630 3509 1700 quod,
3554 1643 3676 1698 qum

2083 1728 2300 1798 quidem
2366 1728 2660 1791 volebant,
2720 1726 3102 1796 loquebantur,
3170 1739 3295 1795 quae
3344 1738 3474 1779 vero
3515 1722 3665 1791 loqui

394 1810 860 1882 ψευδοπροφῆται.
893 1813 970 1867 Οὐ
1002 1815 1113 1883 γάρ
1149 1813 1350 1886 ᾔδεσαν
1398 1818 1457 1869 ὲν
1499 1816 1579 1888 τῷ
1617 1818 1978 1889 ἐνεργεῖσθαι,

2095 1821 2367 1885 nolebant,
2404 1821 2623 1875 silentio
2647 1820 3024 1876 occultabant.
3085 1819 3200 1873 Non
3238 1818 3309 1872 ita
3358 1831 3489 1871 vero
3553 1815 3675 1870 falsi

397 1902 537 1956 ἀλλά
597 1905 765 1977 μανίᾳ
813 1907 1093 1975 γινόμενοι
1137 1910 1473 1980 παράφοροι,
1524 1910 1755 1979 ἠγνόουν
1790 1912 1818 1966 ὃ
1849 1911 1982 1965 ἔπα-

398 2011 546 2065 σχον,
575 1995 653 2060 ὡς
701 1999 751 2051 οἱ
806 1997 1123 2068 μεθύοντες.
1171 2001 1235 2053 Ol
1285 2001 1471 2070 μέντοι
1501 2000 1648 2069 ἅγιοι
1680 2005 1979 2075 προφῆται,

399 2088 606 2158 καίπερ
642 2089 869 2153 εἰδότες,
901 2091 962 2142 οὐ
1009 2090 1202 2160 χρείαν
1241 2086 1390 2161 εἶχον
1433 2093 1763 2164 ἑρμηνεύειν
1791 2096 1863 2149 τὰ
1891 2098 1982 2150 ὑπ’

396 2179 599 2243 αὐτῶν,
657 2179 774 2232 ἀλλ’
817 2180 1028 2251 ἑτέροις
1073 2181 1360 2253 διηκόνουν
1414 2184 1590 2240 ταῦτα
1617 2184 1798 2258 [(ήμῖν
1827 2189 1981 2259 γὰρ),

399 2271 519 2342 ἅμα
557 2270 615 2323 δὲ
657 2270 777 2345 καὶ]
811 2271 898 2325 ἵνα
927 2271 1168 2345 λανθάνῃ
1198 2275 1232 2345 ἡ
1283 2274 1376 2329 τοῦ
1428 2276 1638 2348 Κυρίου
1684 2282 1979 2350 παρουσία,

399 2362 497 2415 καὶ
545 2362 621 2433 μὴ
665 2362 1090 2435 ὲπιδουλεύηται
1136 2365 1243 2419 ὑπὸ
1297 2367 1408 2420 τῶν
1447 2369 1686 2424 ἀσεϐῶν.
1736 2371 1988 2427 Ἐπιὸου⁶

398 2453 669 2525 λευομένη
697 2454 806 2527 γὰρ
828 2454 1063 2526 ἠδύνατο
1087 2458 1182 2511 καὶ
1210 2459 1615 2530 διαδιδράσκειν
1642 2463 1732 2518 διὰ
1763 2464 1862 2534 τῆς
1887 2466 1983 2520 τοῦ

400 2548 611 2617 κυρίου
632 2548 941 2619 δυνάμεως.
983 2549 1125 2603 Ἀλλ’
1150 2551 1320 2616 είκδς,
1348 2551 1518 2606 ἐνίοτε
1546 2553 1638 2608 διά
1666 2535 1987 2627 παραδόξων

400 2635 502 2706 τῆς
531 2638 819 2708 ἀποφυγῆς
847 2639 1165 2711 γινομένης,
1188 2642 1492 2712 τερατῶδες
1527 2645 1674 2712 ἔδοξε
1709 2648 1770 2701 τὸ
1800 2649 1985 2703 τελού-

406 2743 569 2794 μενον
614 2729 717 2799 τῆς
757 2731 1246 2802 ἑνανθρωπήσεως.
1304 2733 1415 2787 Καὶ
1460 2737 1543 2788 ὅτι
1574 2737 1773 2808 ἀληθὲς
1804 2739 1984 2804 τοῦτο,

400 2817 562 2887 δῆλον
614 2820 724 2873 ἀπὸ
775 2820 885 2876 τῶν
933 2823 992 2875 ὲν
1039 2824 1108 2894 τῇ
1152 2822 1272 2895 Νέᾳ
1301 2826 1623 2896 προφητῶν,
1665 2829 1715 2882 οἳ
1764 2831 1860 2884 καὶ
1887 2832 1989 2900 ἠρο

408 2910 647 2979 μήνευον
672 2909 901 2975 ἑαυτοὺς
930 2912 1396 2984 προφητεύοντες,
1430 2920 1478 2969 εί
1513 2919 1609 2972 καὶ
1650 2920 1726 2990 μὴ
1766 2921 1987 2984 πάντες.

403 3002 480 3056 Οὐ
503 3002 614 3074 γὰρ
641 2998 712 3074 ἦν
741 3019 887 3066 τινος
916 3004 1164 3060 τοιούτου
1202 3007 1411 3077 ὑποψία
1455 3012 1515 3063 ὲν
1546 3014 1613 3083 τῇ
1648 3012 1784 3084 Νέᾳ.
1828 3014 1991 3069 Ἀλλά

404 3093 500 3146 καὶ
529 3094 612 3147 ὅτι
641 3094 746 3148 οὐκ
779 3094 1128 3164 ἐξιστάμενοι
1168 3100 1219 3151 οί
1249 3101 1532 3169 προφῆται
1571 3104 1987 3176 ἐχρησμῴδουν,

2090 1912 2388 1981 prophetae.
2422 1909 2538 1965 Non
2571 1912 2716 1963 enim
2742 1910 2840 1975 illi,
2868 1926 2990 1964 cum
3027 1910 3385 1980 agitarentur,
3419 1906 3503 1962 sui
3529 1921 3678 1961 com-

2091 2013 2243 2074 potes
2266 2012 2456 2069 erant;
2483 2001 2576 2057 sed
2610 2001 3044 2074 l'uroreqttodam
3092 2009 3247 2055 extra
3280 2015 3340 2055 se
3370 2000 3530 2067 rapti,
3568 1998 3679 2051 vel-

2092 2104 2151 2149 ut
2198 2096 2360 2159 ebrii,
2422 2095 2473 2150 id
2536 2094 2682 2164 quod
2756 2094 3130 2164 patiebantur,
3210 2091 3557 2161 ignorabant.
3612 2090 3681 2143 At

2089 2189 2263 2244 sancti
2296 2190 2594 2259 prophetae,
2636 2187 2853 2243 tametsi
2935 2187 3084 2240 dicta
3116 2199 3227 2239 sua
3282 2182 3677 2250 intelligerent,

2091 2299 2197 2337 non
2231 2291 2410 2337 tamen
2447 2296 2477 2336 e
2511 2296 2570 2337 re
2596 2296 2722 2336 esse
2759 2278 3081 2340 censebant,
3140 2275 3329 2329 eadem
3402 2272 3679 2342 interpre-

2090 2374 2195 2427 tari
2236 2389 2398 2428 :cum
2428 2373 2557 2443 quia
2582 2372 2724 2437 aliis,
2760 2371 2811 2425 id
2836 2377 2920 2426 est
2943 2368 3120 2434 nobis,
3152 2383 3215 2423 ea
3247 2364 3635 2420 ministrabant
3661 2403 3677 2426 ,

2091 2473 2204 2517 tum
2232 2471 2292 2518 ut
2335 2463 2547 2516 Domini
2579 2462 2846 2516 adventus
2872 2474 3045 2530 usque
3069 2457 3135 2512 ad
3170 2455 3503 2526 praeﬁnitum
3541 2461 3682 2507 tem-

2091 2574 2194 2626 pus
2220 2559 2625 2623 occultaretur;
2653 2570 2720 2624 ne
2744 2553 2947 2610 clarius
2967 2551 3372 2606 manifestatum
3391 2546 3680 2616 impiorum

2092 2650 2323 2706 insidias
2341 2650 2595 2704 subiret:
2630 2664 2739 2701 uou
2769 2645 2915 2714 quod
2947 2645 3113 2699 etiam
3146 2641 3365 2697 insidiis
3399 2640 3679 2709 appetitus

2093 2742 2185 2798 Dei
2211 2743 2453 2813 potentia
2477 2738 2818 2796 exsecutioni
2856 2736 3105 2792 mandari
3161 2749 3271 2791 non
3317 2741 3538 2804 posset;
3578 2733 3675 2786 sed

2090 2835 2219 2906 quia
2255 2831 2655 2888 incarnationis
2717 2845 2879 2899 Opus,
2909 2830 2956 2884 si
2986 2829 3125 2882 miro
3154 2836 3210 2881 et
3268 2825 3490 2881 insolito
3522 2824 3686 2877 modo

2091 2926 2361 2998 ejusmodi
2385 2922 2936 2994 etlugissetinsidias,
2959 2927 3205 2974 monstro
3235 2918 3452 2973 cuidam
3478 2931 3540 2969 ae
3561 2931 3684 2985 pur-

2091 3025 2266 3080 tento,
2299 3031 2397 3072 seu
2421 3015 2587 3069 etiam
2626 3012 2905 3083 prtestigio
2939 3009 3123 3067 simile
3152 3007 3327 3063 videri
3390 3005 3685 3076 potuisset.

2093 3108 2160 3163 Et
2197 3107 2421 3179 quidem
2452 3120 2567 3161 rem
2607 3106 2679 3158 ita
2714 3119 2772 3158 se
2825 3103 3035 3157 habere
3083 3099 3436 3171 perspicuum
3507 3102 3689 3152 est‘ex

403 3183 566 3254 δῆλον
612 3184 710 3239 καὶ
750 3185 934 3240 τοῦτο.
977 3187 1071 3253 Ἐξ
1112 3189 1231 3253 ἑνὸς
1279 3191 1389 3262 γὰρ
1424 3193 1741 3265 Πνεῦματος
1775 3214 1992 3268 προφη.

2097 3196 2384 3270 prOphetis
2407 3195 2533 3249 novi
2564 3191 2839 3257 Fmderis,
2867 3190 2962 3262 qui
2986 3189 3314 3258 semetipsos
3340 3181 3683 3256 interpretati

407 3276 679 3331 τευόντων
705 3278 823 3341 ιτῶν
860 3279 920 3331 ὲν
961 3282 1028 3350 τῇ
1076 3281 1291 3352 Παλαιᾷ
1336 3285 1432 3337 καὶ
1476 3287 1544 3356 τῇ
1581 3286 1717 3357 Νέᾳ,
1762 3295 1926 3357 φησὶν
1961 3293 1991 3344 ὁ

406 3367 653 3432 Παῦλοςο
703 3387 723 3422 ι
781 3370 909 3425 Ἐὰν
950 3370 1009 3425 δὲ
1060 3372 1425 3445 ἀποκαλυφθῇ
1472 3375 1619 3447 ἄλλῳ
1671 3379 1990 3453 καθημένῳ,

406 3462 615 3528 σιγάτω
646 3462 675 3515 ό
700 3463 942 3534 πρῶτος.
976 3482 995 3516 ι
1028 3465 1207 3534 Σαφὲς
1236 3472 1345 3537 γὰρ
1372 3468 1439 3521 ὲκ
1464 3468 1680 3534 τούτου,
1713 3471 1794 3525 ὅτι
1824 3475 1883 3526 ὲν
1911 3474 1992 3545 τῷ

405 3552 553 3606 κατά
612 3554 777 3621 φύσιν
811 3555 1095 3626 ἱστάμενοι
1145 3558 1195 3611 oi
1241 3559 1548 3628 προφῆται,
1595 3561 1816 3628 ἑκόντες
1856 3583 1995 3637 προ-

405 3644 693 3715 εφήτευον.
724 3645 816 3699 Διὸ
848 3647 941 3700 καὶ
962 3646 1124 3702 ἄλλου
1146 3648 1509 3720 ἀνισταμένου
1534 3652 1989 3723 ὲμπνευσθέντος,

404 3735 435 3787 ό
466 3733 683 3804 πρῶτος
723 3734 905 3789 λαλῶν
941 3739 1156 3810 σιωπᾷν
1204 3741 1567 3812 ἐπετράπετο,
1608 3745 1745 3818 ὅπερ
1779 3747 1880 3801 οὐκ
1925 3749 1993 3803 ἂν

406 3822 501 3877 ἐπὶ
533 3824 880 3893 μαινομένων
905 3824 1058 3895 εὖροι
1090 3843 1178 3891 τις
1209 3828 1525 3898 ἄνθρωπος.
1564 3831 1688 3898 Πῶς
1714 3835 1823 3906 γάρ
1864 3855 1993 3892 σιω-

408 3912 578 3983 πήσει
608 3914 636 3966 ό
660 3913 798 3984 μηδὲ
825 3913 855 3967 ὅ
881 3931 934 3968 τι
960 3914 1062 3985 δρᾷ
1092 3918 1490 3989 ὲπιστάμενος;
1526 3924 1637 3977 Καὶ
1674 3927 1990 3998 Πνεύματος

406 4004 465 4057 δὲ
494 4000 636 4059 εἶναι
674 4005 960 4075 ἐνέργειαν
991 4006 1151 4075 ἁγίου
1180 4009 1241 4061 ἐν
1271 4011 1387 4072 τοῖς
1416 4015 1746 4085 προφήταις,
1779 4020 1807 4071 ὁ
1831 4021 1995 4086 αὐτὸς

409 4095 624 4160 Παῦλός
662 4112 850 4167 φησιν,
908 4115 930 4149 ι
980 4090 1053 4168 '9
1093 4098 1231 4168 μὲν,
1284 4101 1529 4170 φάσκων,
1588 4105 1790 4162 δίδοται
1837 4110 1996 4182 λόγος

412 4186 626 4258 σοφίας,
653 4182 698 4257 ᾧ
725 4188 783 4242 δὲ
811 4188 1142 4260 προφητεία.
1182 4208 1202 4245 ι

2097 3297 2247 3353 sunt,
2281 3287 2498 3343 tametsi
2529 3301 2639 3341 non
2672 3299 2897 3349 omnes;
2929 3280 3075 3352 quod
3113 3281 3223 3350 iam
3254 3286 3366 3332 tum
3398 3278 3688 3346 hujusmo-

2097 3382 2150 3439 di
2176 3381 2420 3451 suspicio
2451 3386 2744 3435 cessasset.
2788 3376 2989 3430 Verum
3020 3380 3075 3430 et
3122 3372 3266 3442 quod
3306 3386 3413 3425 non
3441 3380 3594 3426 extra
3629 3384 3689 3422 se

2098 3472 2242 3543 rapti
2272 3470 2715 3526 vaticinarentur
2768 3464 3070 3537 prophetae,
3120 3460 3476 3516 manifestum
3507 3466 3588 3513 est
3622 3473 3690 3513 ex

2100 3578 2167 3618 eo
2192 3560 2341 3632 quod
2375 3574 2487 3615 uno
2512 3573 2576 3614 ac
2606 3555 2798 3613 eodem
2827 3553 3035 3625 Spiritu
3105 3550 3280 3606 sancti
3308 3548 3400 3605 Dei
3444 3547 3694 3603 homines

2101 3654 2155 3708 in
2180 3652 2364 3708 Veteri
2419 3658 2585 3719 atque
2615 3647 2671 3701 in
2703 3645 2856 3701 Novo
2895 3643 3263 3699 Testamento
3325 3640 3692 3711 prophetave-

2098 3744 2245 3810 rint;
2271 3742 2347 3796 ait
2373 3755 2501 3797 vero
2568 3738 2773 3793 Paulus
2810 3754 2823 3791 :
2862 3754 2881 3787 ι
2918 3734 2976 3790 Si
3021 3734 3114 3788 alii
3169 3734 3472 3788 revelatum
3530 3729 3696 3783 frterit

2099 3834 2335 3902 sedenti,
2359 3834 2511 3906 prior
2538 3838 2717 3886 taceat
2743 3830 2787 3884 ⁸.
2827 3849 2844 3881 ι
2878 3828 2953 3884 Ex
3007 3841 3119 3897 quo
3154 3834 3327 3897 patet,
3390 3823 3689 3895 prophetas

2098 3925 2404 3982 naturalem
2436 3930 2640 3978 statum
2675 3935 2833 3975 suum
2880 3917 3200 3982 retinuisse,
3233 3931 3358 3970 cum
3392 3914 3695 3984 propheta-

2101 4021 2233 4074 bant
2268 4037 2281 4072 :
2319 4016 2525 4070 idcirco
2545 4013 2712 4077 enim,
2747 4011 2855 4066 alio
2887 4016 3177 4081 surgente,
3206 4008 3297 4078 qui
3347 4005 3557 4077 Spiritu
3600 3998 3695 4059 Dei

2102 4110 2315 4167 amatus
2346 4113 2514 4171 eas-et,
2545 4106 2637 4175 qui
2688 4105 2843 4174 prius
2917 4101 3268 4172 loquebatur,
3326 4100 3487 4155 silere
3537 4097 3698 4162 jube-

2105 4216 2227 4270 tur;
2263 4199 2408 4270 quod
2436 4198 2491 4252 in
2538 4196 2850 4252 furentibus
2878 4194 3059 4249 locum
3084 4193 3291 4247 habere
3318 4205 3426 4246 non
3471 4195 3691 4260 petest:

409 4281 685 4350 quomodo
715 4282 860 4335 enim
915 4283 1336 4354 obtemperaret,
1368 4287 1461 4357 qui
1499 4290 1585 4344 sui
1641 4306 1867 4364 compos
1894 4312 2001 4353 non
2041 4298 2167 4355 est?
2197 4295 2304 4350 Sed
2333 4302 2389 4349 et
2419 4291 2799 4362 operationem
2834 4288 3077 4360 Spiritus
3134 4285 3311 4342 sancti
3347 4285 3400 4339 in
3462 4282 3696 4354 prophe-

411 4373 482 4425 tis
514 4371 702 4435 l'uisse,
729 4373 871 4428 idem
917 4372 1121 4431 Paulus
1175 4386 1432 4446 testatur,
1487 4396 1612 4436 cum
1669 4383 1790 4439 ait:
1861 4406 1880 4439 ι
1923 4390 2030 4445 Alii
2067 4389 2289 4462 quidem
2328 4402 2449 4458 per,
2474 4382 2741 4457 Spiritum
2782 4386 2946 4440 datur
2971 4396 3154 4441 sermo
3191 4379 3544 4450 sapientiae...
3605 4376 3699 4431 alii

416 4467 703 4541 prephetia
738 4471 780 4523 ’.
817 4487 837 4521 ι

1007 4565 1261 4620 ΚΕΦΑΛ.
1325 4565 1401 4624 B'.

491 4675 512 4708 ι
556 4655 841 4723 Ἐγένοντο
889 4654 949 4710 δὲ
999 4658 1097 4712 καὶ
1134 4657 1581 4729 ψευδοπροφῆται
1639 4663 1699 4715 ὲν
1756 4664 1836 4735 τῷ
1888 4666 2003 4739 λαῷ

412 4748 630 4818 ἐκείνῳ,
680 4746 755 4812 ὡς
788 4749 886 4802 καὶ
933 4749 993 4801 ὲν
1047 4748 1177 4820 ὑμῖν
1235 4748 1454 4804 ἔσονται
1499 4750 2003 4825 ψευδοδιδάσκαλοι,

410 4841 612 4903 οἵτινες
654 4839 1061 4910 παρεισάξωσιν
1120 4838 1286 4913 [υιιίρ.
1319 4840 1553 4917 -ξουσιν]
1610 4846 1852 4917 αἱρέσεις
1901 4849 2008 4903 ἀπ-

414 4927 636 4992 ωλείας,
666 4929 763 4983 καὶ
791 4929 884 4982 τὸν
915 4930 1264 5000 ἀγοράσαντα
1295 4932 1492 4998 αὐτοὺς
1508 4935 1788 5005 Δεσπότην
1806 4938 2007 5009 ἀρνού-

417 5036 592 5089 μενοι,
647 5019 955 5088 ἐπάγοντες
999 5021 1215 5086 ἑαυτοῖς
1262 5024 1493 5095 ταχινὴν
1540 5026 1838 5081 ἀπώλειαν.
1897 5027 2008 5082 Καὶ

416 5111 603 5165 πολλοὶ
642 5110 1152 5185 ἑξακολουθήσωσιν
1198 5114 1366 5188 [ναίθ.
1404 5119 1639 5192 ⁹σουσιν]
1666 5120 1847 5175 αὐτῶν
1883 5124 2004 5186 ταῖς

378 5229 384 5235 -
415 5202 752 5270 ἀσελγείαις,
787 5202 857 5255 δι’
886 5202 980 5267 οὓς
1017 5205 1051 5273 ἡ
1085 5204 1203 5268 ὁδὸς
1233 5204 1335 5275 τῆς
1368 5206 1627 5277 ἀληθείας
1672 5210 2004 5282 βλασφημη-

416 5296 663 5366 θήσεται.
700 5294 811 5349 Καὶ
838 5294 1123 5369 πλεονεξίᾳ
1153 5297 1412 5363 πλαστοῖς
1447 5300 1625 5369 λόγοις
1654 5302 1799 5372 ὑμᾶς
1825 5305 2004 5372 ἐμπο-

420 5385 734 5456 ρεύσονται.
766 5405 788 5439 ι
822 5385 1361 5452 Ψευδοδιδασκάλους
1403 5390 1524 5461 μὲν,
1558 5392 1808 5456 τοὺςάπὸ
1833 5394 2003 5448 Νικο-

416 5479 550 5535 λάου
598 5479 693 5533 καλ⁸
722 5480 1023 5552 Κηρινθίου
1074 5482 1231 5550 φησί.
1285 5483 1394 5536 Τοῦ
1431 5485 1489 5538 δὲ
1529 5488 1628 5555 τῆς
1662 5487 2004 5556 προφητείας

414 5567 685 5641 ὀνόματος
715 5570 912 5633 κοινῶς
948 5571 1043 5625 καὶ⁵
1073 5571 1223 5624 κατά
1261 5573 1370 5626 τῶν
1404 5574 1704 5646 προφητῶν
1737 5577 1832 5630 καὶ
1862 5579 2004 5632 κατά

417 5663 529 5719 τῶν
574 5663 1041 5737 ψευδοπροφητῶν
1089 5668 1432 5738 φερομένου,
1486 5671 1848 5742 άσφαλίζεται
1904 5673 2004 5742 μὲν

511 5840 534 5873 ³
611 5843 739 5899 Cor.
765 5859 876 5912 ειν,
908 5841 990 5904 30.
1060 5843 1280 5901 'lCor.
1335 5859 1434 5910 xu,
1488 5844 1546 5903 8.

2630 4564 2796 4637 390
2842 4559 3072 4618 CAPUT
3106 4561 3174 4615 u.

2178 4668 2348 4724 Vens.
2381 4664 2499 4719 1-5.
2530 4681 2549 4714 ι
2580 4660 2826 4715 Fuerunt
2857 4672 2986 4711 vero
3022 4667 3073 4709 et
3113 4652 3606 4722 pseudOprophette
3640 4651 3695 4704 iu

2110 4761 2338 4834 populo,
2370 4758 2514 4813 sicut
2541 4764 2594 4808 et
2626 4753 2682 4806 in
2724 4749 2882 4804 vobis
2908 4756 3073 4803 erunt
3096 4744 3342 4815 magistri
3381 4743 3695 4803 mendaces.

2109 4851 2204 4924 qui
2242 4846 2596 4905 introducent
2675 4851 2857 4898 sectas
2918 4836 3268 4908 perditionis,
3299 4841 3354 4889 et
3409 4848 3535 4886 eum
3602 4834 3698 4901 qui

2113 4944 2252 5001 emit
2301 4956 2421 5007 eos,
2451 4935 2739 4992 Dominum
2798 4939 3022 5001 negant,
3054 4927 3551 4998 supuritnlucentes
3587 4924 3692 4979 sibi

2111 5034 2341 5090 celerem
2372 5029 2754 5102 perditionem.
2801 5023 2871 5077 Et
2923 5022 3081 5076 multi
3146 5027 3449 5089 sequentur
3504 5032 3694 5069 eorum
3803 5053 3811 5062 .

2112 5123 2385 5187 luxurias,
2415 5138 2510 5191 per
2570 5134 2712 5187 quos
2752 5116 2835 5168 via
2888 5112 3139 5168 veritatis
3195 5107 3692 5179 blasphemabitur.

2110 5216 2178 5271 Et
2201 5217 2254 5269 iu
2287 5212 2517 5267 avaritia
2539 5210 2682 5264 ﬁctis
2706 5207 2886 5263 verbis
2917 5205 2985 5259 de
3011 5202 3168 5259 vobis
3193 5202 3640 5271 uegotiabuntur.
3672 5217 3690 5248 ι

2110 5307 2215 5363 Per
2244 5302 2750 5378 pseudoprophctas
2783 5300 2871 5353 hic
2907 5296 3114 5353 Nicolai
3152 5303 3207 5349 et
3265 5291 3511 5348 Cerinthi
3543 5304 3698 5345 assc-

2110 5399 2224 5454 clas
2254 5396 2527 5465 intelligit.
2558 5392 2694 5448 Cum
2748 5406 2878 5444 vero
2907 5387 3186 5458 propheta:
3214 5398 3411 5438 nomen
3440 5396 3563 5435 cum
3600 5392 3695 5434 vc-

2110 5492 2210 5555 ris,
2248 5498 2363 5542 ttuu
2415 5487 2566 5542 falsis
2635 5483 2917 5555 prophetis
2975 5478 3344 5535 communiter
3388 5474 3699 5536 tribuatur;

2113 5589 2429 5635 commouet
2497 5595 2617 5641 eos,
2654 5592 2720 5631 ne
2792 5574 2942 5628 falsis
3010 5570 3289 5641 prophetis
3341 5564 3695 5620 attentionem

2115 5679 2457 5743 pra'starcnt.
2498 5669 2801 5724 Discrimen
2850 5680 3000 5729 vero,
3036 5661 3182 5733 quod
3236 5660 3379 5714 inter
3432 5665 3696 5725 utrosque
