4120 6424
423 424 560 490 1267

1310 419 1895 484 THEOPHYLACTI
1934 416 2347 479 BULGARIIE
2386 414 2740 476 ARCHIEP.

3535 402 3675 466 1268

423 538 734 609 intercedit,
767 536 970 594 Paulus
991 535 1237 607 exponit,
1283 534 1474 589 dicens
1512 550 1526 586 :
1574 551 1592 583 σ
1631 532 1801 586 Nemo
1831 535 2011 601 potest

2132 531 2233 591 νῦν,
2271 528 2345 599 μὴ
2376 529 2492 589 τοῖς
2524 522 3001 595 ψευδοπροφήταις
3033 517 3342 588 προσέχειν.
3383 515 3496 569 Καὶ
3537 513 3591 566 τί
3629 512 3690 564 τδ

422 631 630 694 dicere,
657 628 918 682 Dominus
935 627 1119 691 Iesus,
1146 626 1254 681 nisi
1287 628 1341 681 in
1363 627 1572 696 Spiritu
1624 634 1835 679 sancto.
1877 624 1937 673 '°.
1984 639 2002 672 ι

425 721 565 775 llinc
596 730 776 775 autem
815 719 1009 791 incipit
1032 719 1295 775 adversus
1324 717 1714 773 Nicolaitarum
1757 713 2007 769 haeresim

425 815 724 880 disserere,
761 813 1034 883 duplicem
1066 812 1252 867 dicens
1279 825 1398 866 esse
1427 811 1671 881 ipsorum
1697 807 1961 862 malitiam
1990 822 2007 859 :

424 916 555 962 sunt
574 906 720 960 enim
743 905 924 973 quoad
953 904 1200 975 dogmata
1226 903 1447 972 quidem
1489 899 1800 971 impiissinti
1842 896 2008 969 (quod

426 998 671 1066 ipsorum
723 995 775 1048 in
829 995 1103 1051 Christum
1164 993 1517 1063 blasphemiae
1579 986 2009 1057 demonstranti,

428 1089 607 1153 quoad
639 1085 761 1141 vita:
786 1101 916 1142 vero
962 1101 1157 1156 genus,
1226 1081 1726 1156 propudiosissimi.
1788 1079 1855 1134 Et
1906 1081 2010 1133 hoc

428 1177 649 1248 quidem
678 1193 825 1233 nunc
860 1193 925 1232 ex
955 1176 1209 1245 turpibus
1234 1190 1426 1230 eorum
1465 1171 1882 1243 operationibus
1914 1183 2009 1223 os-

428 1269 622 1332 tendit,
670 1269 833 1338 paulo
885 1277 1006 1338 post
1059 1268 1266 1324 clarius
1320 1281 1435 1321 rem
1487 1264 1883 1334 explicaturos.
1934 1259 2011 1314 Ac

436 1378 457 1412 ι
524 1360 808 1414 avaritiam
846 1378 863 1410 ι
903 1358 1207 1422 nominans,
1258 1368 1466 1430 turpem
1525 1368 1714 1410 eorum
1761 1351 2007 1406 lucrandi

428 1452 694 1506 rationem
771 1450 844 1505 ob
925 1450 1116 1504 oculos
1162 1449 1336 1520 ponit.
1396 1468 1414 1501 ι
1488 1446 1730 1500 Avaritia
1793 1464 1811 1496 ι
1864 1443 2009 1497 enim

430 1542 759 1614 quandoque
839 1542 1161 1609 iniustitiam
1292 1540 1602 1611 signiﬁcat;
1681 1536 2013 1608 quandoque

433 1650 564 1690 vero
625 1642 783 1704 turpe
840 1634 1221 1689 tantummodo
1276 1633 1487 1687 lucrum
1544 1649 1560 1686 :
1618 1644 1787 1699 quare
1845 1642 2013 1696 appo-

436 1728 540 1781 site
592 1727 745 1781 addit
794 1726 923 1780 illud
997 1745 1015 1776 ι
1058 1723 1348 1795 negotiari.
1416 1742 1433 1772 ι
1497 1720 1567 1776 Ut
1616 1734 1746 1773 vero
1777 1717 2010 1773 adivina

436 1815 687 1870 doctrina
719 1815 944 1871 omnino
966 1815 1172 1869 alienos
1197 1828 1292 1868 eos
1317 1826 1439 1867 esse
1472 1811 1807 1873 ostenderet,
1869 1807 2012 1861 ﬁctis

2111 622 2447 685 διαστέλλον,
2481 618 2693 679 Παῦλος
2715 614 2975 680 ἐδίδαξεν,
3004 612 3085 664 ὅτι
3120 629 3138 661 ι
3174 608 3364 670 Οὐδεὶς
3401 607 3548 675 λέγει
3579 603 3692 658 Κύ-

2113 733 2228 787 ριον
2258 712 2489 785 Ἰησοῦν,
2519 713 2568 764 εἰ
2597 709 2672 779 μὴ
2702 710 2761 762 ἐν
2785 707 3064 777 Πνεῦματι
3089 704 3251 773 ἀγίῳ;
3291 719 3309 752 ι
3343 701 3607 770 Ἀρχεται
3631 698 3688 749 δὲ

2111 807 2358 862 ἐντεῦθεν
2392 806 2492 875 τῆς
2525 804 2669 857 κατά
2715 801 2826 854 τῶν
2874 795 3217 851 Νικολαϊτῶν
3272 793 3538 863 αἱρέσεως
3589 790 3691 857 τῆς

2110 896 2487 968 καταδρομῆς,
2535 893 2721 963 διττὴν
2749 891 2925 958 λέγων
2951 888 3051 957 τὴν
3086 887 3287 940 κακίαν
3330 883 3530 937 αὐτῶν.
3568 880 3691 934 Εἰσὶ

2114 991 2213 1060 μὲν
2241 988 2351 1059 γὰρ
2399 987 2530 1056 περὶ
2574 983 2643 1036 τὰ
2691 982 2942 1051 δόγματα
2980 977 3356 1038 ἀσεϐέστατοι,
3399 973 3427 1026 ὃ
3461 970 3551 1024 διὰ
3589 970 3689 1037 τῆς

2112 1084 2193 1146 εἰς
2236 1081 2329 1135 τὸν
2373 1078 2653 1145 Δεσπότην
2691 1072 2928 1143 Χριστὸν
2962 1068 3314 1140 βλασφημίας
3362 1063 3543 1119 αὐτῶν
3587 1064 3692 1116 ἀπ-

2113 1168 2341 1234 έδειξεν
2386 1165 2515 1236 περὶ
2557 1163 2614 1216 δὲ
2650 1162 2765 1231 βίον
2803 1159 3215 1227 ἀσελγέστατοι.
3251 1155 3361 1208 Καὶ
3385 1151 3545 1205 τοῦτο
3594 1150 3692 1218 μὲν

2112 1259 2206 1312 καὶ
2238 1256 2331 1310 νῦν
2378 1255 2466 1308 διὰ
2504 1254 2605 1319 τῆς
2638 1250 3034 1322 αἰσχρουργίας
3060 1247 3242 1302 αὐτῶν
3277 1243 3554 1312 παριστᾷ·
3603 1256 3693 1309 μι-

2112 1349 2244 1419 κρὸν
2294 1347 2354 1400 δὲ
2406 1345 2635 1414 ὕστερον
2696 1340 2908 1411 προϐὰς
2961 1336 3289 1408 τρανότερον
3349 1329 3692 1400 προενέγκοι·

2119 1418 2505 1502 ιΫΠλεονεξίαν
2542 1454 2562 1487 ι
2599 1435 2709 1504 γὰρ
2753 1429 2926 1486 εἰπὼν
2960 1428 3078 1493 νῦν,
3111 1425 3209 1496 τὴν
3240 1418 3693 1492 αἰσχροκέρδειαν

2113 1530 2293 1584 αὐτῶν
2330 1529 2596 1599 ὲσήμανε.
2673 1544 2692 1577 ι
2735 1522 2800 1579 Ἣ
2854 1518 3138 1584 πλεονεξία
3187 1534 3206 1568 ι
3257 1513 3367 1585 γὰρ
3418 1511 3550 1564 ποτὲ
3596 1509 3695 1578 μὲν

2112 1624 2211 1694 τὴν
2245 1621 2458 1675 ἀδικίαν
2515 1616 2792 1688 σημαίνει,
2841 1613 2971 1666 ποτὲ
3004 1610 3061 1663 δὲ
3103 1608 3202 1677 τὴν
3245 1601 3694 1675 αἰσχροκέρδειαν

2114 1714 2323 1776 ἁπλῶς.
2361 1712 2527 1766 Ὂθεν
2566 1708 2786 1769 οἰκείως
2814 1704 2874 1758 τδ
2926 1722 2945 1755 ι
3001 1696 3405 1772 ἐμπορεύεσθαι
3444 1713 3462 1745 ›
3520 1707 3693 1761 προσ-

2115 1806 2315 1874 έθηκεν
2351 1820 2365 1833 ·
2399 1799 2697 1870 ἀλλοτριῶν
2724 1798 2782 1851 δὲ
2833 1795 3030 1857 αὐτοὺς
3075 1789 3355 1850 παντελῶς
3398 1786 3498 1855 τῆς
3544 1781 3698 1874 θείας

439 1907 590 1973 ipsos
634 1906 812 1970 verbis
874 1905 950 1958 uti
993 1905 1089 1959 ait.
1126 1904 1230 1960 Sed
1264 1904 1561 1967 habebunt,
1592 1863 2015 1966 suldit,'impie-

2132 1863 2488 1958 ῑιδασκαλίας,
2526 1863 2782 1952 πλαστοῖς
2824 1884 2945 1940 εἶπε
2986 1885 3167 1952 λόγοις
3201 1878 3438 1951 χρῆσθαι
3469 1872 3691 1973 αὐζτρύς.

440 1991 567 2047 tatis
600 1993 896 2062 stipendia,
923 2004 1179 2048 mortem.
1232 1991 1368 2046 Illud
1402 2003 1582 2045 autem
1620 2009 1640 2041 ι
1682 1990 1810 2044 olim
1862 2007 1881 2039 ι
1921 1987 2012 2041 Dei

440 2084 837 2150 praescientiam
869 2086 1110 2140 denotat.
1152 2083 1292 2138 Deus
1339 2084 1487 2137 enim
1515 2080 1857 2150 praescientia
1893 2093 2014 2142 sua,

441 2175 895 2245 quemadmodum
928 2176 1099 2233 bonis
1133 2176 1379 2246 praemia,
1408 2174 1479 2228 ita
1507 2177 1669 2228 etiam
1695 2172 1854 2228 malis
1883 2186 2018 2225 con-

442 2277 635 2330 gruam
682 2266 816 2333 ipsis
850 2279 1066 2333 pmnam
1091 2266 1419 2335 praeparavit
1454 2280 1467 2316 :
1500 2280 1519 2314 ι
1552 2261 1819 2330 judicium
1869 2262 2015 2316 enim

437 2352 550 2423 jam
579 2354 708 2409 olim
745 2369 854 2409 non
879 2363 1077 2420 cessat,
1114 2374 1130 2407 ι
1155 2354 1257 2409 hoc
1282 2362 1387 2422 est,
1422 2373 1442 2406 ι
1475 2368 1585 2408 non
1614 2353 1810 2407 tardat.
1855 2371 1874 2403 ι

523 2547 544 2580 ι
579 2528 788 2595 Quibus
813 2531 1077 2600 judicium
1098 2530 1209 2600 jam
1236 2531 1365 2586 olim
1413 2546 1518 2586 non
1549 2543 1754 2597 cessat,
1804 2540 1857 2587 et
1903 2545 2023 2598 per-

446 2618 583 2674 ditio
615 2634 801 2674 eorum
821 2636 929 2673 non
952 2619 1231 2675 dormitat.
1266 2638 1286 2672 ι
1326 2618 1444 2676 Non
1473 2620 1594 2676 sine
1625 2635 1791 2676 causa
1831 2635 1859 2674 a
1891 2635 2024 2691 prm-

447 2710 1040 2771 stantioribusinitinm
1084 2713 1232 2776 facit,
1293 2713 1388 2768 sed
1431 2714 1558 2783 quia
1608 2714 1898 2769 ostendere
1934 2730 2027 2767 vo-

449 2803 615 2872 lebat,
651 2802 786 2858 istos
809 2803 1032 2873 majoris
1097 2803 1353 2874 supplicii
1408 2819 1529 2859 reos
1589 2806 1865 2874 peccando
1894 2819 2022 2858 eva-

2131 1988 2269 2043 Ἀλλ’
2300 1986 2502 2048 ἕξουσι,
2532 1982 2687 2051 φησὶ,
2738 1979 2834 2050 τῆς
2871 1975 3126 2037 ἀσεϐείας
3153 1972 3222 2025 τὰ
3270 1968 3502 2039 ὀψώνια,
3526 1964 3696 2017 θάνα-

2133 2094 2247 2131 τον.
2283 2076 2358 2128 Τὸ
2380 2075 2456 2139 δὲ,
2500 2062 2531 2124 ἶ
2556 2070 2814 2135 ἔκπαλαι,
2845 2085 2864 2118 ι
2922 2067 3021 2136 τῆς
3056 2059 3418 2132 προγνώσεως
3446 2053 3539 2109 τοῦ
3559 2052 3696 2105 Θεοῦ

2119 2172 2235 2223 ἐστι
2286 2163 2646 2238 σημαντικόν.
2693 2160 2802 2215 Καὶ
2843 2157 3031 2226 ὥσπερ
3062 2156 3176 2217 τοῖς
3205 2149 3431 2218 ἀγαθοῖς
3460 2159 3702 2238 προγνωο

2122 2260 2324 2322 στικῶς
2344 2235 2627 2327 ήτοίμασε
2657 2253 2725 2306 τὰ
2754 2249 2955 2318 ἀγαθὰ,
2994 2247 3137 2301 οὕτω
3166 2244 3261 2297 καὶ
3296 2241 3408 2303 τοῖς
3441 2235 3701 2327 πονηρρῖς

2120 2352 2214 2403 τὸν
2256 2322 2592 2416 κατάλλήλον
2624 2344 2808 2407 αὐτοῖς
2838 2340 3027 2394 τόπον.
3080 2353 3099 2387 ι
3134 2334 3211 2387 Τὸ
3249 2331 3358 2401 γὰρ
3387 2329 3561 2398 κρῖμα
3605 2322 3701 2376 ἑκ-

2123 2442 2290 2494 παλαι
2324 2439 2425 2492 οὑκ
2464 2437 2644 2508 ἀργεῖ.
2681 2451 2700 2485 ι

2201 2550 2219 2583 ι
2264 2526 2359 2592 Οἷς
2381 2529 2443 2582 τὸ
2473 2532 2647 2596 κρῖμα
2675 2524 2913 2583 ἔκπαλαι
2938 2520 3038 2575 οὐκ
3070 2519 3250 2589 ἀργεῖ,
3275 2515 3370 2571 καὶ
3393 2516 3428 2586 ή
3454 2513 3704 2568 ἀπώλεια

2125 2621 2306 2679 αὐτῶν
2338 2621 2399 2673 οὺ
2435 2618 2708 2681 νυστάζει.
2745 2634 2765 2667 ι
2801 2614 2913 2683 Οὐχ
2949 2611 3136 2673 ἁπλῶς
3166 2607 3274 2668 ἀπὸ
3302 2606 3412 2659 τῶν
3443 2621 3703 2676 προτιμο-

2124 2715 2299 2785 τέρων
2338 2710 2628 2780 ἐπιχειρεῖ,
2663 2704 2822 2777 [ἀλλὰ
2858 2700 3050 2772 δεῖξαι]
3084 2698 3425 2770 βουλόμενος,
3463 2691 3705 2785 ὼςμᾶλ-

2125 2804 2216 2857 λον
2272 2796 2419 2854 οὗτοι
2479 2796 2871 2867 ὑποδικώτεροι
2931 2790 3363 2863 ἁμαρτάνοντες.
3422 2784 3574 2839 Ἐπεὶ
3610 2776 3705 2834 οὖν

450 2896 606 2949 sisse.
653 2872 918 2960 Quoniam
954 2895 1119 2965 igitur
1146 2872 1212 2949 lii
1267 2911 1333 2950 ex
1369 2872 1845 2965 praestantiorihus
1874 2904 2027 2948 erant

2132 2896 2224 2948 καὶ
2252 2886 2399 2945 οὗτοι
2429 2889 2490 2943 τὸ
2528 2887 2923 2959 προτιμότερον
2953 2882 3191 2953 ἔχουσιν,
3226 2879 3302 2942 ὡς
3335 2875 3543 2947 πρῶτοι
3576 2872 3706 2941 κλη-

450 2986 620 3052 (velut
646 2987 807 3055 primi
832 2986 898 3041 ad
929 2987 1287 3056 apostolatum
1317 2987 1538 3056 vocati),
1561 3001 1684 3040 cum
1711 3002 1741 3041 a
1778 2998 1923 3043 rec'a
1945 2987 2026 3039 via

2132 2983 2321 3043 θέντες
2370 2979 2470 3048 μὲν
2510 2980 2589 3040 εἰς
2618 2974 2948 3045 ἀποστολὴν,
2993 2970 3362 3042 ἐκτραπέντες
3400 2965 3458 3019 δὲ
3488 2964 3587 3033 τῆς
3619 2960 3709 3056 et):

451 3078 804 3144 desciverint,
830 3078 1088 3147 majorem
1101 3078 1303 3133 habent
1330 3079 1862 3135 condemnationem.
1893 3078 2027 3132 Cum

2132 3072 2282 3134 θείας
2304 3072 2447 3132 ὁδοῦ,
2498 3068 2683 3139 μεῖζον
2721 3066 2816 3120 καὶ
2850 3065 2911 3118 τὸ
2963 3062 3285 3131 κατάκριμα
3326 3056 3577 3123 ἕξουσιν,
3614 3050 3706 3117 Ἐξ

451 3177 630 3226 autem
662 3186 759 3242 per
783 3172 999 3226 modum
1030 3171 1399 3243 bypotheseos
1430 3186 1542 3225 rem
1568 3172 1728 3227 istam
1767 3170 2027 3239 exemplis

2134 3162 2448 3224 ὑποθέσεως
2474 3159 2531 3213 δὲ
2558 3158 2789 3227 κινήσας
2829 3156 2928 3233 τὴν
2960 3147 3471 3220 παραδειγματικὴν
3502 3144 3706 3206 πίστιν,

2359 3253 2395 3256 __
2578 3249 2589 3256 .
2647 3249 2661 3256 Α
2724 3248 2756 3256 .-
2840 3245 2862 3256 Α
3039 3243 3064 3254 ευ
3182 3241 3195 3256 ι
3367 3254 3376 3256 Α
3434 3235 3512 3256 15‘
3531 3235 3556 3256 l.
3584 3248 3676 3256 --...

451 3261 778 3317 conﬁrmare
830 3277 1122 3333 aggressus
1182 3269 1354 3326 esset.
1392 3277 1502 3317 non
1535 3270 1714 3316 tamen
1772 3261 1823 3315 id
1886 3260 2027 3330 quod

2134 3257 2235 3307 οὐκ
2265 3253 2515 3307 ἀπέδωκε
2544 3249 2603 3301 τὸ
2636 3245 2929 3301 ἀκόλουθον
2973 3243 3067 3296 τοῦ
3102 3235 3560 3333 autumans
3580 3248 3698 3333 σμν·

453 3355 521 3408 ad
549 3353 891 3426 hypothesim
923 3369 1265 3425 consequens
1302 3362 1443 3420 erat,
1484 3363 1544 3409 ut
1573 3354 1799 3417 diceret.
1842 3354 2028 3408 statim

456 3444 762 3515 subjunxit,
797 3445 891 3499 sed
916 3445 1163 3513 exempla
1186 3444 1288 3497 alia
1313 3459 1375 3498 ex
1398 3445 1566 3512 justis
1600 3444 1914 3498 hominibus
1940 3443 2030 3496 dc—

459 3546 673 3604 sumpta
700 3535 996 3590 immiscuit
1031 3552 1044 3589 :
1074 3543 1129 3590 et
1167 3550 1292 3589 cum
1322 3533 1542 3589 deberet
1565 3549 1630 3588 ex
1659 3549 1724 3588 eo
1750 3535 1893 3602 quod
1924 3549 1972 3603 pe
1994 3533 2036 3586 i-

461 3643 550 3682 mo
572 3625 874 3697 proposuit,
904 3640 1099 3697 nempe
1130 3642 1193 3681 ex
1220 3626 1564 3697 peccantium
1588 3626 1874 3694 exemplis,
1906 3641 2035 3680 cnu-

460 3723 799 3791 scquentiam
821 3721 1041 3785 elicere,
1077 3719 1311 3775 dicendo
1342 3737 1355 3773 :
1394 3718 1450 3774 Si
1486 3720 1593 3774 illis
1618 3735 1727 3774 non
1764 3720 2033 3788 pepercit,

458 3830 602 3869 anne
630 3814 897 3883 improbis
925 3812 1045 3869 istis
1083 3813 1308 3883 parcet?
1342 3814 1425 3867 vel
1471 3828 1566 3883 per
1619 3812 2034 3869 allirmationem

460 3907 578 3959 sic:
607 3904 776 3974 Igitur
805 3903 974 3957 multo
1001 3903 1183 3974 minus
1247 3903 1366 3958 istis
1420 3910 1608 3972 parcet
1639 3920 1650 3954 :
1684 3918 1794 3956 non
1853 3911 2036 3956 tamen

463 3999 537 4051 ita
573 3996 727 4052 fecit.
763 3996 876 4050 Cur
902 3996 1072 4050 vero?
1100 3993 1238 4063 Quia
1268 4010 1390 4049 cum
1415 3994 1650 4064 duplicis
1682 3996 1899 4066 generis
1918 3994 2041 4063 (bo-

465 4103 659 4144 norum
690 4087 848 4157 391
888 4086 1096 4142 scilicet
1146 4094 1200 4140 et
1234 4087 1524 4154 malorum)
1553 4084 1829 4153 proposita
1854 4093 2042 4140 essent

465 4179 733 4247 exempla,
768 4177 1080 4247 liujusmodi
1114 4177 1508 4247 consequentia
1556 4181 1730 4233 malos
1762 4179 1913 4234 solos
1954 4193 2043 4233 re—

465 4272 649 4334 suicit,
686 4286 794 4325 non
831 4273 958 4325 item
984 4279 1038 4323 et
1070 4270 1245 4326 bonos
1278 4271 1703 4338 complectitur:
1758 4288 1866 4327 non
1894 4271 2039 4326 enim

470 4366 609 4415 bona
643 4361 798 4414 mulis
825 4368 1275 4430 compcnsantur.
1335 4359 1606 4424 Quoniam
1663 4361 1827 4431 igitur
1882 4361 2043 4415 unica

474 4452 832 4521 responsione
862 4466 957 4505 seu
993 4448 1388 4519 consequentia
1426 4451 1499 4514 ei,
1522 4450 1670 4521 quod
1704 4450 2044 4521 praemiserat

472 4547 680 4615 integre
721 4541 1036 4597 satisfacere
1073 4558 1179 4597 non
1206 4551 1441 4613 poterat,
1480 4542 1688 4597 idcirco
1734 4542 1840 4597 alia
1872 4543 2044 4597 utitur
2078 4521 2120 4576 ι)
2148 4526 2385 4615 ετέλξεςε·

474 4637 683 4705 purasi,
713 4645 886 4701 echr
917 4635 1281 4704 epiphonema
1309 4636 1610 4709 orationem
1641 4634 1898 4689 absolvit.
1930 4635 2044 4688 (iur

470 4743 607 4779 vero
635 4726 900 4778 malorum
936 4724 1198 4793 exemplis
1238 4723 1342 4777 alia
1369 4724 1637 4793 bonorum
1670 4724 1795 4779 item
1848 4724 2045 4792 adjun-

471 4828 585 4885 μοι,
619 4825 929 4885 opportuno
956 4817 1078 4870 loco
1106 4815 1340 4869 dicetur.
1380 4813 1446 4870 Ut
1492 4813 1658 4885 igitur
1714 4812 1921 4881 praefati
1954 4828 2045 4867 sn-

474 4925 617 4971 mus,
645 4925 751 4962 nou
784 4906 1083 4962 secundum
1116 4905 1384 4960 orationis
1424 4905 1654 4959 formam
1714 4903 2047 4973 propositio-

475 5018 604 5055 rum
632 5004 795 5055 etiam
827 4997 1185 5067 intelligentia
1218 4997 1487 5068 sequitur.
1514 4995 1631 5050 Non
1654 4999 1797 5050 enim
1827 4994 2046 5049 additur

475 5094 528 5147 id
569 5092 714 5159 quod
750 5092 801 5143 in
844 5089 1157 5159 hujusmodi
1193 5088 1456 5158 periodis,
1482 5103 1579 5142 seu
1608 5086 2042 5142 constructioni-

479 5186 582 5237 bus
616 5180 875 5249 subsequi
908 5179 1083 5242 solet;
1119 5179 1213 5233 sed
1265 5187 1349 5232 est
1410 5176 1556 5231 nuda
1606 5176 1953 5230 conﬁrmatio
1986 5190 2027 5227 c:

2158 5160 2435 5232 ἁμαρτίας
2500 5154 2740 5221 κολαζομ

476 5274 758 5343 exetnplis,
817 5287 942 5325 cum
983 5284 1192 5332 eorum,
1226 5268 1317 5338 qui
1373 5275 1591 5338 prejtcr
1654 5276 1872 5335 peccata
1926 5280 2055 5332 sup.

1316 5366 1539 5430 propter
1627 5358 1883 5411 virtutem
1951 5355 2050 5408 lto-

480 5364 663 5431 plicio.
726 5372 840 5416 tum
893 5376 1086 5415 eorum
1141 5363 1232 5427 qui

2139 3346 2259 3413 έχεε
2323 3341 2384 3394 τὸ
2433 3338 2785 3409 παράδειγμα
2831 3336 2900 3402 τῇ
2949 3332 3059 3384 τῶν
3105 3327 3329 3382 δικαίων
3379 3321 3708 3413 προσλήψει.

2136 3410 2249 3489 ιέὲιι
2287 3431 2520 3501 ὀφείλων
2568 3429 2662 3481 ἐπὶ
2707 3424 2803 3479 τοῦ
2859 3423 2918 3489 ἐξ
2975 3419 3150 3491 ἀρχῆς
3209 3416 3560 3487 προτεθέντος
3612 3410 3711 3481 τὴν

2138 3521 2441 3599 [ἀπόδοσιν]
2477 3521 2727 3588 ποιῆσαι,
2763 3515 2907 3570 τοῦτ’
2946 3514 3063 3566 ἔστι
3103 3510 3214 3563 τῶν
3255 3504 3708 3578 ήμαρτησόωτων,

2138 3592 2203 3670 δι’
2232 3615 2326 3678 οὒς
2359 3592 2452 3667 καί.
2488 3612 2548 3664 τὸ
2579 3608 2952 3681 παράδειγμα,
2995 3603 3089 3657 καὶ
3138 3602 3314 3654 εἰπεῖν
3335 3612 3349 3628 ⁸
3404 3597 3466 3648 Εἰ
3505 3592 3713 3681 τούτων

2138 3707 2239 3760 οὐκ
2275 3703 2548 3772 ἐφείσατο,
2580 3678 2671 3771 ιιῖρς
2699 3696 2792 3751 οὖν
2834 3695 2944 3748 τῶν
2991 3689 3274 3760 παρόντων
3320 3682 3567 3751 ἀσελγῶν
3597 3678 3715 3772 φεί-

2142 3770 2327 3865 σεταις
2356 3794 2537 3868 ἥκατά
2578 3791 2894 3859 ἀπόφασινο
2942 3782 3128 3852 Πολλῷ
3177 3775 3546 3868 μᾶλλοννοὺδὲ
3591 3770 3716 3824 τού-

2138 3910 2248 3946 των
2278 3864 2560 3959 ιρείσεταιο
2612 3884 2672 3937 οὐ
2725 3880 2886 3934 τοῦτο
2924 3876 3102 3929 ποιεῖ’
3132 3872 3222 3926 διὰ
3266 3869 3353 3935 τίς
3388 3864 3716 3934 Εὑρίσκεται

2141 3983 2251 4052 γὰρ
2280 3951 2419 4048 αὕτη
2454 3979 2488 4046 ή
2533 3975 2809 4035 ἀπόδοσις,
2843 3967 2939 4022 δύο
2968 3961 3345 4052 προκειμένων
3379 3951 3715 4052 ὑποδειγμά-

2141 4091 2272 4134 των,
2302 4070 2472 4124 καλοῦ
2504 4067 2601 4120 καὶ
2640 4063 2834 4126 κακοῦ,
2871 4058 3009 4131 πρὸς
3058 4055 3120 4109 τδ
3162 4051 3336 4107 κακὸν
3376 4049 3536 4119 μόνον
3569 4059 3716 4113 γινοο

2147 4165 2308 4235 μένη,
2343 4160 2443 4212 οὐκ
2475 4158 2555 4209 ἔτι
2600 4153 2697 4207 καί⁵
2745 4149 2883 4220 πρὸς
2920 4146 2982 4200 τὸ
3012 4142 3218 4213 ἀγαθόν
3241 4156 3256 4171 ·
3289 4139 3349 4193 οὐ
3383 4136 3492 4205 γὰρ
3531 4133 3721 4235 καλοῖς

2145 4226 2291 4311 κακά
2332 4249 2686 4306 ἀντιδέδοται.
2729 4244 2819 4296 Ἐν
2852 4234 2934 4303 οἷς
2970 4238 3064 4292 οὖν
3107 4235 3206 4289 οὐκ
3231 4233 3433 4304 ἢρκεσε
3460 4227 3561 4298 μιᾷ
3585 4226 3721 4278 ἀπο·-

2144 4348 2288 4402 δόσει
2317 4343 2380 4397 τδ
2414 4338 2679 4412 προτεθὲν
2728 4330 3052 4403 ἀπαρτίσαι,
3086 4325 3290 4396 ἑτέρως
3338 4318 3608 4388 διεγένετο
3633 4315 3721 4412 Δτῇ

2147 4438 2366 4508 φράσει,
2416 4406 2510 4487 καὶ
2551 4429 2617 4482 δι’
2657 4423 3082 4493 ὲπιφωνήματος
3135 4417 3198 4469 τὸ
3238 4412 3584 4508 ὀφειλόμενον
3625 4406 3725 4508 ἀπ-

2419 4520 2516 4574 Διά
2564 4518 2618 4570 τί
2645 4516 2703 4569 δὲ
2748 4515 2860 4575 τοῖς
2908 4509 3099 4571 κακοῖς
3131 4503 3457 4575 προστίθησι
3501 4499 3573 4552 τὰ
3614 4496 3724 4549 τῶν

2148 4613 2373 4682 ἀγαθῶν
2410 4607 2816 4674 ὑποδείγματα;
2872 4599 3168 4669 Εἰρήσεται
3217 4592 3361 4646 κατά
3409 4588 3500 4642 τδν
3529 4585 3726 4682 Δἀρμός

2151 4674 2310 4769 ζοντα
2342 4701 2526 4754 τόπον.
2567 4697 2655 4758 Ὡς
2686 4690 3048 4764 προλαϐόντες
3081 4685 3174 4739 οὖν
3207 4685 3455 4751 εἴπομεν,
3489 4676 3551 4731 οὺ
3586 4674 3727 4729 κατὰ

2150 4796 2212 4850 τὸ
2240 4795 2427 4864 σχῆμα
2457 4789 2549 4842 τοῦ
2582 4784 2906 4856 φαινομένου
2936 4781 3095 4847 λόγου
3135 4776 3228 4830 καὶ
3263 4776 3298 4845 ή
3319 4777 3493 4828 ἔννοια
3526 4773 3728 4864 ἐπακο-

2153 4886 2337 4941 λουθεῖ
2382 4884 2491 4936 τῶν
2556 4876 2953 4950 προκειμένων.
2984 4872 3059 4924 Οὐ
3092 4868 3198 4939 γὰρ
3225 4863 3571 4930 ὑπόκειται-ἡ
3601 4857 3729 4913 ἀπὸ·

2153 4981 2301 5039 δυσις
2338 4979 2370 5045 ἡ
2404 4973 2629 5026 εἰωθυῖα
2653 4971 2774 5031 ταῖς
2813 4964 3089 5024 τοιαύταις
3121 4956 3435 5023 συντάξεσιν
3462 4950 3724 5006 ἕπεσθαιο

2157 5069 2272 5125 ἀλλ’
2308 5039 2453 5120 ἔστιν
2484 5063 2628 5130 ἁπλῆ
2661 5053 3146 5128 παραδειγματικὴ
3179 5050 3381 5112 πίστις,
3406 5046 3499 5099 καὶ
3530 5042 3636 5095 τῶν
3661 5039 3728 5093 δι’

2744 5151 2903 5213 ένων,
2945 5145 3039 5200 καὶ
3089 5142 3198 5196 τῶν
3245 5139 3335 5193 διὰ
3384 5132 3729 5201 δικαιοσύνην
3767 5196 3774 5203 ι

2154 5224 2506 5326 τέμωμένων.
2555 5248 2641 5309 Ὠς
2672 5247 2719 5298 εἰ
2751 5244 2935 5308 ἔλεγεν
2954 5257 2968 5270 ο
3011 5232 3164 5289 Οἶδεν
3190 5236 3217 5286 ὁ
3246 5230 3377 5290 Θεὸς
3404 5226 3499 5282 καὶ
3526 5236 3650 5285 τους
3674 5224 3730 5275 ὲν

2162 5320 2461 5417 ἁμαρτίαις
2502 5341 2707 5406 ζῶντας
2754 5337 2882 5390 ἄνευ
2937 5327 3152 5400 φειδοῦς
3204 5324 3455 5385 κολάζειν
3499 5320 3732 5417 ἀπαραιῖ

480 5407 663 5431 νην...
727 5407 840 5416 -..-..
1145 5407 1232 5427 Ἰ---
1318 5407 1528 5430 νηΐ---
2003 5407 2008 5408 ,

480 5467 613 5505 ncrc
647 5452 822 5505 affecti
848 5460 996 5505 sunt.
1023 5448 1253 5503 Perinde
1285 5466 1348 5503 ac
1370 5450 1415 5500 si
1448 5449 1651 5502 diceret
1684 5466 1697 5500 :
1730 5446 1889 5499 Novit
1912 5445 2020 5498 Deu

2163 5407 2363 5510 τήτως,
2419 5435 2494 5496 ὼς
2538 5432 2663 5494 τοὺς
2715 5427 3141 5499 ἁμαρτήσαντας
3187 5416 3474 5485 ἀγγέλους,
3521 5411 3595 5510 ὡς
3641 5407 3734 5510 ἐπὶ

484 5559 600 5606 cos,
635 5544 726 5610 qui
759 5543 811 5595 in
843 5542 1082 5612 peccatis
1138 5554 1283 5594 nunc
1317 5539 1526 5603 vivunt,
1575 5540 1710 5593 citra
1768 5553 1919 5607 spem
1961 5552 2054 5591 νει·

487 5634 589 5686 uiso
623 5633 919 5687 inevitabili
978 5632 1244 5701 supplicio
1307 5632 1562 5699 plectere,
1599 5627 2052 5699 quemadmodum

568 5811 611 5845 ⁸⁸³
642 5811 658 5864 l
686 5810 815 5866 Cor.
859 5827 956 5876 xu,
1004 5813 1058 5865 5.

2166 5496 2258 5584 τοῦ
2289 5496 2704 5591 κατακλυσμοῦ,
2840 5518 2936 5580 τὰς
2968 5512 3218 5582 Σοδόμων
3252 5506 3436 5567 πόλεις
3456 5520 3468 5531 ·
3500 5502 3594 5554 καὶ
3631 5496 3736 5591 πά-

2165 5623 2250 5675 λιν
2304 5618 2430 5682 τοὺς
2486 5610 2832 5680 δικαιοσύνην
2881 5602 3280 5678 ἐργαζομένους
3325 5595 3511 5666 τιμᾷν,
3539 5591 3614 5653 ὡς
3642 5587 3734 5642 τὸν
