4120 6412
427 349 566 417 1269

1199 350 1609 413 EXPOSITIO
1645 351 1725 412 IN
1758 351 1997 416 EPIST.
2028 353 2091 414 ΙΙ
2121 353 2183 415 S.
2212 355 2471 418 PETRI.
2499 382 2569 394 -
2592 357 2754 420 CAP.
2802 358 2885 419 ΙΙ.

3552 350 3690 417 1270

423 468 570 532 Νῶε,
602 465 678 530 ὡς
720 464 811 519 τὸν
859 464 983 520 Λώτ
1005 481 1019 497 ο
1055 465 1151 519 καὶ
1185 466 1333 519 ἔστιν
1371 467 1405 536 ἡ
1441 463 1694 530 σύνταξις
1731 467 1959 538 τοιαύτη
1983 485 1995 497 ·

2117 466 2232 522 iecit
2265 484 2390 538 erga
2425 470 2647 541 angelos
2716 470 3186 540 praevaricatores,
3249 470 3502 525 homines
3548 479 3692 523 ten:-

422 557 631 624 Είπὼν,
686 557 769 610 ὅτι
821 555 1252 624 κολασθήσονται
1297 558 1347 610 οι
1391 556 1864 626 ψευδοδιδάσκαλοι
1915 557 2007 610 διὰ

338 678 345 681 -
422 649 522 712 τὰς
551 648 904 719 βλασφημίας
933 649 1136 713 αὐτῶν,
1179 649 1266 703 διά
1294 649 1388 702 τὸν
1412 648 1614 719 ἀσελγῆ
1660 649 1775 718 βίον
1802 649 2004 714 αὐτῶν,

424 739 676 809 ἐπιφέρει
725 739 794 794 τὰ
834 741 1288 811 παραδείγματα*
1330 742 1391 793 ’0
1427 741 1534 810 γάρ
1572 740 1704 804 Θεὸς
1736 743 2003 811 ἀγγέλων,

425 832 865 902 ἁμαρτησάντων
902 834 1003 886 ούκ
1032 833 1307 900 ἐφείσατο,
1339 833 1460 886 οὐδὲ
1502 833 1734 904 ἀρχαίου
1776 834 2005 904 κόσμου.

424 924 536 977 Καὶ
565 923 728 978 πάλιν
775 926 902 986 τοὺς
939 924 1289 989 δικαιοσύνην
1338 927 1689 995 ἀσκήσαντας
1719 925 2007 994 ἐπεξηγεῖ-

422 1028 536 1073 ται,
576 1013 659 1066 ὅτι
699 1015 794 1067 καὶ
829 1013 923 1067 τὸν
952 1015 1074 1067 Νῶε
1117 1016 1212 1068 καὶ
1256 1016 1347 1069 τὶν
1380 1014 1502 1069 Λὼτ
1531 1016 1621 1070 διὰ
1652 1016 2008 1088 σωφροσύνην

426 1100 689 1170 ἐφύλαξεν
726 1103 837 1157 ἀπὸ
883 1102 980 1157 τοῦ
1012 1104 1234 1174 ὀλέθρου
1265 1105 1374 1158 τῶν
1416 1108 1537 1160 κατ’
1567 1108 1767 1172 αὐτοὺς
1801 1108 2010 1180 ἀνθρώ-

426 1211 563 1247 πων.
610 1193 668 1247 ’0
702 1194 809 1265 γάρ
852 1194 979 1248 Νῶε
1011 1195 1112 1249 οὐκ
1164 1196 1387 1267 ἀπήχθη
1417 1200 1482 1268 τῇ
1513 1198 1737 1271 ἀσεϐείᾳ
1767 1200 1878 1253 τῶν
1906 1200 2010 1272 πρὸ

424 1284 521 1338 τοῦ
556 1287 981 1359 κατακλυσμοῦ·
1030 1291 1128 1341 καὶ
1183 1291 1212 1343 ό
1264 1288 1393 1342 Λὼτ
1438 1290 1592 1344 οὐδὲν
1621 1290 1873 1362 ζηλώσας
1910 1294 2011 1364 τῆς

424 1375 716 1443 ἀσελγείας
753 1377 863 1431 τῶν
898 1380 957 1431 ὲν
986 1378 1262 1449 Σοδόμοις,
1296 1379 1436 1433 ἀλλά
1464 1381 1560 1435 καὶ
1589 1381 1721 1445 τοὺς
1742 1382 2000 1447 ἐπιξενω-

429 1466 625 1532 μένους
653 1467 802 1537 αὐτῷ
838 1467 1106 1536 ἀγγέλους
1144 1469 1200 1520 ὲν
1234 1469 1476 1539 σκλήματι
1524 1469 1849 1539 ἀνθρώπων,
1898 1472 2011 1535 τοῖς

425 1554 495 1608 δι’
517 1557 807 1626 ἀσέλγειαν
833 1559 1032 1623 αὐτοὺς
1055 1560 1383 1625 ὲξαιτοῦσιν,
1413 1564 1476 1615 οὐ
1507 1563 1753 1633 παρέσχε
1777 1580 1791 1596 ο
1832 1565 2011 1617 καίτοι

429 1649 603 1720 μυρία
647 1651 754 1705 ὑπὸ
803 1651 911 1705 τῶν
954 1651 1317 1717 ὲξαιτούντων
1399 1653 1785 1725 ἐπηρεασθείς.
1843 1652 2013 1708 Τοῦτο

426 1738 535 1810 γὰρ
561 1741 649 1795 διὰ
676 1742 793 1808 τοῦ,
847 1761 867 1796 ι
904 1743 1408 1814 καταπονούμενον,
1447 1764 1466 1797 ι
1501 1744 1802 1815 ὑπέφηνεν.

2108 574 2241 630 pore
2272 561 2485 625 diluvii,
2510 572 2566 619 et
2597 562 2961 618 Sodomorum
2986 565 3171 618 urbes.
3206 562 3369 617 Novit
3389 564 3559 616 etiam
3591 576 3690 616 eos

2109 653 2199 719 qui
2229 651 2498 720 justitiam
2532 664 2854 724 operantur,
2912 654 3121 709 honore
3158 653 3394 720 allicere,
3443 665 3504 706 ut
3564 651 3694 706 fecit

2108 757 2238 812 erga
2262 745 2374 800 Noe
2395 758 2447 801 et
2472 749 2589 804 Lot.
2623 748 2719 803 Esi.
2751 764 2881 803 vero
2936 748 3278 804 constructio
3314 743 3633 814 hujnsmodi
3672 761 3686 795 ε

2109 833 2403 906 Postquam
2427 837 2567 893 dixit
2596 841 2907 909 puniendos
2966 855 3089 894 esse
3142 839 3308 893 falsos
3370 835 3692 905 magistros,

2109 941 2231 981 cum
2263 937 2485 998 propter
2521 932 2766 1001 ipsorum
2799 932 3190 1000 ltlaspbetnias,
3214 939 3326 984 tum
3357 938 3578 998 propter
3610 927 3693 981 in-

2109 1020 2501 1076 euntinentiam
2529 1025 2671 1087 vitaz,
2711 1025 2964 1094 proponit
2987 1024 3043 1078 in
3078 1024 3218 1077 hanc
3253 1037 3367 1077 rem
3422 1020 3694 1089 exetnpla.

2110 1126 2306 1181 nempe
2339 1113 2482 1182 quod
2503 1114 2645 1170 Deus
2675 1116 2887 1184 angelis
2920 1115 3271 1184 peccantibus
3298 1127 3404 1166 non
3438 1126 3696 1179 peperce-

2113 1200 2370 1259 rit.sicut
2395 1218 2494 1257 nec
2522 1205 2775 1273 originali
2831 1220 2928 1259 seu
2986 1205 3173 1275 prisco
3198 1203 3402 1256 mundo
3452 1208 3699 1269 tempore

2112 1293 2327 1347 diluvii.
2365 1293 2428 1348 Et
2456 1310 2649 1350 rursus
2680 1304 2952 1350 memorat
2994 1309 3090 1349 eos
3114 1293 3203 1363 qui
3234 1291 3503 1363 justitiam
3533 1304 3700 1345 exco-

2116 1387 2377 1449 luerunt;
2410 1386 2623 1457 aitque,
2655 1386 2800 1457 quod
2831 1386 3108 1442 Noachum
3137 1392 3190 1439 et
3222 1384 3442 1445 Lotum,
3478 1389 3700 1451 promer

2114 1479 2535 1547 temperantiam
2564 1488 2616 1533 et
2640 1479 3055 1543 continentiam,
3078 1493 3107 1531 a
3133 1486 3478 1540 cancrorum,
3511 1474 3601 1542 qui
3631 1488 3698 1526 eo

2115 1579 2362 1637 tempore
2382 1569 2662 1634 vivebant,
2687 1570 2881 1630 exitio,
2906 1568 3244 1623 liberaverit.
3282 1564 3569 1635 Siquidem
3600 1576 3699 1616 nec

2112 1660 2228 1715 Noe
2262 1671 2852 1731 contemporaneorum
2879 1675 3106 1716 suorum
3141 1658 3386 1729 nequitia
3422 1665 3475 1713 et
3501 1655 3699 1726 impie-

2116 1760 2227 1806 tate
2255 1767 2315 1809 se
2344 1752 2543 1808 abduci
2575 1769 2770 1824 passus
2800 1761 2882 1809 est
2913 1772 2926 1808 :
2960 1767 3063 1807 nec
3113 1752 3219 1807 Lot
3279 1749 3693 1805 Sodomitarum

426 1832 823 1902 impudicitiam
858 1843 943 1889 est
977 1835 1223 1889 imitatus
1258 1853 1271 1888 :
1307 1849 1407 1890 nec
1434 1834 1660 1906 angelos
1702 1835 1875 1890 forma
1946 1837 2187 1895 humana
2260 1844 2500 1912 hospitio
2563 1855 2822 1915 exceptus
2877 1845 3149 1916 protervis
3198 1845 3308 1900 illis
3357 1844 3694 1915 petentibus.

427 1938 745 1994 quanquam
774 1923 1079 1981 innumeris
1104 1924 1205 1980 bac
1233 1924 1302 1980 de
1337 1939 1504 1981 causa
1543 1926 1834 1982 lacessitus
1864 1928 2084 1999 injuriis
2117 1932 2199 2002 (ut
2260 1935 2536 1992 indicatur
2600 1952 2696 2007 per
2757 1950 2943 1991 vocem
3006 1936 3156 1991 illam
3229 1954 3247 1987 ι
3283 1950 3607 2007 oppressum
3651 1936 3700 1995 ι)

424 2019 778 2074 contradidit.

505 2128 523 2161 ι
561 2110 622 2163 Εἰ
652 2110 760 2180 γὰρ
789 2110 819 2163 ό
851 2109 982 2174 Θεὸς
1003 2110 1251 2179 ἀγγέλων
1276 2112 1715 2182 ἁμαρτησάντων
1745 2112 1846 2167 οὐκ
1867 2116 2011 2185 ἐφεί-

2186 2115 2353 2174 Vens.
2379 2118 2415 2173 4
2449 2117 2501 2173 9·
2541 2135 2561 2170 ι
2626 2096 2684 2173 Si
2713 2118 2857 2175 enim
2910 2118 3051 2174 Deus
3102 2118 3309 2189 angelis
3347 2120 3704 2189 peccantibus

428 2220 585 2268 σατο,
644 2201 782 2256 ἀλλά
827 2204 1017 2271 συραίς
1047 2202 1212 2272 ζόφου
1263 2204 1648 2274 ταρταρώσας,
1694 2208 2013 2277 παρέδωκεν

427 2297 509 2360 είς
537 2296 718 2368 κρίσιν
755 2296 1190 2367 τετηρουμένους
1234 2295 1398 2369 [vulg.
1427 2297 1746 2372 -ρημέν.].
1777 2301 1888 2354 Καὶ
1913 2301 2011 2373 ἀρ-

427 2388 583 2458 χαίου
613 2387 821 2458 κόσμου
854 2388 955 2442 οὐκ
987 2388 1262 2458 ἐφείσατο,
1295 2389 1413 2443 ἀλλ’
1439 2389 1627 2458 ὃγδοον
1654 2392 1776 2445 Νῶε
1806 2392 2013 2448 δικαιο-

427 2478 594 2549 σύνης
619 2480 839 2551 κήρυκα
895 2479 1151 2549 ἐφύλαξε,
1205 2481 1593 2551 κατακλυσμὸν
1633 2483 1823 2553 κόσμῳ
1871 2485 2015 2539 κατά

426 2570 643 2623 ἀσεϐῶν
674 2571 885 2636 ἐπάξας
915 2586 929 2601 ·
967 2573 1062 2625 καὶ
1092 2571 1275 2634 πόλεις
1311 2572 1563 2643 Σοδόμων
1599 2575 1695 2628 καὶ
1726 2575 2015 2648 Γομόρρας

426 2660 717 2732 τεφρώσας
745 2666 1098 2735 καταστροφῇ
1153 2665 1497 2736 κατέκρινεν,
1534 2666 1839 2739 ὑπόδειγμα
1881 2668 2013 2740 μελ-

427 2748 627 2806 λόντων
657 2752 877 2807 ἀσεϐεῖν
905 2755 1198 2818 τεθεικώς·
1244 2756 1342 2809 καὶ
1375 2756 1586 2811 δίκαιον
1613 2757 1740 2812 Λὼτ
1768 2776 2014 2816 καταποο

425 2844 687 2915 ν’ύμενον
711 2845 819 2900 ὑπὸ
846 2849 946 2918 τῆς
974 2846 1083 2901 τῶν
1121 2846 1378 2920 ἀθέσμων
1400 2851 1456 2903 ὲν
1485 2851 1715 2922 ἀσελγίᾳ
1749 2854 2014 2925 ἀναστρο-

429 2940 536 3008 φῆς
580 2940 873 3012 ὲρῥύσατθ·
936 2944 1225 3016 Βλέμματι
1270 2946 1380 3016 γὰρ
1439 2949 1530 2999 καί
1563 2949 1700 3021 ἀκοῇ
1739 2951 1768 3001 ὁ
1805 2950 2013 3014 δίκαιος

426 3032 768 3099 ἐγκατοικῶν
796 3037 853 3088 ὲν
883 3037 1089 3100 αὐτοῖς,
1123 3038 1335 3108 ἡμέραν
1373 3036 1433 3103 έξ
1474 3040 1689 3110 ἡμέρας
1723 3040 1902 3114 ψυχὴν
1930 3044 2011 3098 δι-

426 3124 590 3179 καίαν
618 3126 841 3197 ἀνόμοις
871 3128 1053 3196 ἔργοις
1076 3128 1420 3193 ἐϐασάνιζεν.
1463 3126 1584 3185 Οἵδε
1626 3132 1829 3203 Κύριος
1863 3136 2013 3190 εύσε-

426 3216 542 3280 ϐεῖς
587 3218 652 3271 ὲκ
683 3218 993 3289 πειρασμοῦ
1043 3219 1291 3289 ῥύεσθαι,
1325 3221 1541 3286 ἀδίκους
1582 3224 1637 3278 δὲ
1686 3227 1763 3289 είς
1798 3228 2013 3299 ἡμέραν

427 3308 661 3378 κρίσεως
696 3306 1110 3381 ’κολαζομένους
1150 3315 1360 3383 τηρεῖν.
1401 3334 1420 3367 ο
1454 3316 1565 3369 Καὶ
1613 3316 1774 3371 τοῦτο
1805 3318 1862 3371 δὲ
1884 3322 2014 3391 περὶ

424 3401 521 3455 τοῦ
547 3403 670 3456 Λὼτ
702 3403 887 3470 λέγει·
921 3424 940 3457 ι
976 3401 1099 3459 Οίόε
1150 3405 1353 3477 Κύριος
1402 3408 1651 3474 εὐσεϐεῖς
1710 3411 1775 3463 ὲκ
1819 3429 2011 3482 πειρα-

2121 2224 2229 2264 non
2258 2209 2519 2280 pepercit,
2553 2209 2648 2266 sed
2693 2211 3021 2266 rudentibus
3068 2210 3271 2266 interni
3305 2210 3589 2268 detractos
3647 2213 3703 2266 in

2122 2312 2390 2356 tartarum
2436 2302 2665 2357 tradidit
2691 2302 3048 2369 cruciandos,
3073 2302 3126 2357 in
3148 2301 3415 2373 judicium
3456 2318 3705 2360 reserva-

2121 2395 2190 2450 ri.
2220 2393 2286 2450 Et
2319 2395 2572 2466 originali
2610 2395 2813 2450 mundo
2844 2410 2954 2451 non
3004 2395 3281 2466 pepercit,
3316 2396 3411 2451 sed
3446 2404 3702 2451 octavum

2119 2484 2476 2557 Noejustitim
2496 2502 2806 2557 praeconem
2835 2487 3161 2550 custodivit,
3194 2486 3462 2542 diluvium
3495 2487 3704 2540 mundo

2120 2581 2413 2651 impiorum
2478 2580 2766 2633 inducens.
2795 2576 2860 2630 Et
2937 2577 3193 2633 civitates
3254 2575 3705 2631 Sodomornmct

2119 2669 2604 2725 Gomorrhaaorum
2681 2668 2735 2722 in
2780 2669 3024 2723 cinerem
3090 2665 3367 2737 redigens,
3423 2665 3706 2722 eversione

2120 2763 2445 2820 damnavit:
2507 2759 2820 2831 exemplum
2893 2775 3110 2837 eorum,
3143 2760 3235 2829 qui
3309 2759 3474 2829 impie
3529 2758 3703 2813 acturi

2121 2863 2268 2919 sunt.
2300 2870 2535 2924 ponens.
2566 2852 2632 2909 Et
2658 2854 2870 2925 justum
2900 2850 3002 2907 Lot
3023 2865 3346 2922 oppressum
3376 2868 3405 2903 a
3435 2848 3704 2908 nefando-

2120 2962 2241 3002 rum
2304 2946 2515 3016 injuria
2570 2953 2626 3000 et
2677 2943 2959 2999 luxuriosa
3013 2941 3431 2998 conversatione
3478 2941 3700 3010 eripuit.

2119 3042 2360 3113 Aspectu
2388 3043 2534 3097 enim
2558 3038 3023 3108 ctauditnjustus
3067 3049 3213 3103 erat,
3269 3036 3528 3091 habitans
3560 3034 3703 3105 apud

2120 3149 2238 3201 cos,
2271 3126 2363 3204 qui
2397 3134 2466 3188 de
2518 3133 2606 3188 die
2667 3132 2720 3185 in
2760 3130 2905 3186 diem
2959 3130 3196 3184 animam
3234 3128 3441 3199 justam
3504 3128 3706 3197 iniquis

2120 3225 2378 3297 operibus
2407 3224 2749 3278 cruciabant.
2778 3220 2939 3276 Novit
2990 3219 3255 3275 Dominus
3280 3220 3398 3285 pios
3422 3220 3705 3279 detenta-

2122 3317 2274 3372 tione
2362 3317 2621 3383 eripere,
2694 3314 2914 3384 iniquos
2966 3327 3097 3365 vero
3174 3314 3225 3365 in
3313 3311 3457 3366 diem
3509 3308 3702 3380 judicii

2122 3424 2407 3463 reservare
2495 3407 2850 3462 cruciaudos.
2924 3424 2943 3457 ι
3019 3405 3091 3459 Et
3131 3402 3233 3457 hoc
3293 3405 3357 3458 de
3426 3402 3525 3457 Lot
3591 3403 3702 3457 ait:

430 3495 571 3565 σμοῦ
599 3496 849 3567 ῥύεσθαι,
892 3516 911 3550 t
944 3500 1038 3552 καὶ
1090 3476 1251 3568 ἑξῆς,
1296 3501 1465 3555 Οὐδὲν
1516 3502 1573 3555 δὲ
1622 3503 1753 3572 περὶ
1790 3476 2015 3558 δικαίων

2128 3519 2147 3552 ι
2180 3497 2345 3553 Novit
2418 3497 2684 3552 Dominus
2736 3496 2857 3566 pios
2937 3510 3004 3550 ex
3057 3492 3634 3563 tentatione.eripere.
3683 3513 3701 3543 ι

426 3592 729 3660 προειπὼν,
758 3592 806 3644 εί
841 3592 914 3662 μὴ
945 3592 1104 3662 μόνον
1139 3593 1268 3665 περὶ
1300 3593 1536 3661 ἀσεϐῶν,
1563 3599 1659 3649 καὶ
1686 3597 1783 3666 τῆς
1808 3597 2017 3653 τούτων

425 3682 715 3751 τιμωρίας,
743 3685 1083 3754 παρενέϐαλε
1117 3688 1211 3739 καὶ
1230 3686 1293 3739 τά
1325 3686 1531 3740 τούτων
1560 3689 1981 3760 παραδείγματα
1999 3707 2013 3723 ⁸

426 3773 647 3844 πρῶτον
700 3775 798 3843 μὲν
850 3774 938 3828 διὰ
979 3776 1038 3829 τὸ
1078 3776 1173 3831 καὶ
1204 3777 1303 3847 τὴν
1351 3777 1616 3848 Ἱστορίαν
1649 3778 1766 3848 ἀμα
1801 3782 2015 3850 μεμνῆ-

428 3865 576 3932 σθαι,
606 3867 703 3920 καὶ
731 3867 829 3937 τῆς
862 3869 972 3922 τῶν
1026 3869 1241 3923 ἀσεϐῶν
1297 3870 1597 3935 ἀπωλείας,
1644 3873 1740 3926 καὶ
1773 3875 1871 3941 τῆς
1904 3873 2016 3927 τῶν

426 3959 652 4014 δικαίων
684 3961 996 4032 σωτηρίας·
1053 3960 1249 4016 ἔπειτα
1299 3962 1357 4014 δὲ
1412 3965 1504 4016 κα)⁸
1552 3964 1615 4016 ὲκ
1662 3964 2016 4035 παραθέσεως

427 4052 655 4116 τούτων,
681 4052 791 4106 τῶν
829 4054 929 4122 μὲν
979 4054 1419 4125 ἁμαρτησάντων
1469 4056 1704 4126 ἐξαίρων
1732 4057 1792 4110 τὸ
1822 4057 2014 4122 κακὸν,

426 4142 538 4196 τῶν
565 4143 624 4197 δὲ
653 4143 1119 4214 κατορθωσάντων
1149 4144 1532 4218 [λαμπρύνων]
1561 4147 1623 4201 τὸ
1647 4149 2012 4220 κατορθωθέν-

428 4234 588 4290 ἔτιδὲ
615 4236 860 4301 καὶτοὺς
920 4236 1200 4306 ἀκροατὰς
1249 4238 1478 4306 πείθων,
1506 4239 1618 4293 τῶν
1651 4241 1750 4309 μὲν
1786 4247 2016 4313 μισῆσαι

428 4327 519 4381 διὰ
555 4327 655 4392 τὰς
684 4329 956 4401 τιμωρίας
982 4329 1046 4383 τὸ
1075 4329 1326 4397 ἀσελγὲς,
1373 4331 1481 4385 τῶν
1511 4331 1567 4385 δὲ
1603 4333 2016 4392 ἐπισπάσασθαι

428 4416 518 4473 διὰ
542 4418 643 4489 τῆς
671 4419 950 4491 σωτηρίας
982 4418 1045 4473 τὸ
1074 4419 1428 4490 κατόρθωμα.

503 4619 523 4652 ι
562 4598 811 4654 Μάλιστα
865 4600 924 4654 οὲ
976 4599 1103 4664 τοὺς
1151 4598 1328 4654 ὀπίσω
1362 4599 1565 4672 σαρκὸς
1586 4601 1644 4655 ἒν
1695 4601 2015 4673 ἐπιθυμίαις

432 4690 677 4760 μιασμοῦ
722 4692 1164 4762 πορευομένους,
1216 4690 1312 4745 καὶ
1364 4692 1690 4763 κυριότητος
1732 4712 2013 4767 καταφρο-

2119 3590 2283 3661 392
2348 3589 2487 3645 Cum
2547 3603 2728 3643 autem
2767 3587 3002 3658 primunt
3067 3584 3203 3639 nihil
3249 3586 3316 3639 de
3370 3585 3557 3653 justis,
3610 3586 3705 3639 sed

2120 3690 2337 3736 tantunt
2428 3682 2495 3735 de
2576 3680 2760 3747 impiis
2796 3693 3103 3746 eorumth
3171 3677 3457 3747 punitione
3530 3677 3705 3732 dixis-

2121 3781 2224 3838 set,
2290 3771 2539 3841 quaedam
2598 3771 2760 3825 etiam
2803 3769 2871 3824 de
2919 3769 3084 3839 justis
3168 3769 3417 3838 exempla
3470 3769 3702 3821 attulit:

2118 3864 2298 3935 primo
2329 3862 2572 3933 quidem,
2601 3862 2729 3932 quia
2766 3862 2923 3915 sacra
2954 3859 3183 3915 historia
3219 3859 3409 3914 eodem
3436 3858 3555 3913 loco
3587 3865 3702 3910 tum

2120 3954 2187 4008 de
2214 3953 2594 4023 improborum
2660 3951 2990 4022 perditione,
3043 3960 3157 4004 tum
3191 3949 3259 4009 de
3313 3949 3707 4018 justorumsa-

2120 4047 2233 4102 lute
2249 4045 2582 4102 mentionem
2618 4043 2783 4108 facit;
2812 4042 3014 4100 deinde
3060 4052 3266 4107 autem,
3298 4051 3357 4095 ut
3390 4039 3702 4110 bujusntodi

2119 4138 2531 4211 comparatione
2559 4148 2613 4193 et
2632 4138 2979 4209 peccantium
3031 4142 3386 4207 exaggeraret
3418 4134 3701 4193 malitiam,

2118 4242 2171 4287 et
2194 4232 2494 4302 proborum
2524 4230 2792 4284 virtutem
2846 4228 3098 4284 redderet
3131 4228 3442 4289 clariorem,
3473 4242 3534 4279 ac
3572 4241 3706 4293 prte-

2121 4338 2273 4385 terea
2299 4325 2651 4382 auditoribus
2703 4322 3066 4396 persuaderet
3098 4323 3239 4389 suis,
3284 4335 3338 4375 ιιι
3370 4338 3492 4376 cum
3560 4332 3703 4374 tnctu

2118 4434 2296 4491 ptenze
2325 4418 2452 4474 odio
2476 4416 2748 4472 baberent
2777 4412 3205 4484 impudicitiam,
3246 4422 3358 4467 tum
3387 4411 3583 4466 salutis
3614 4412 3707 4465 dc-

2119 4511 2324 4570 siderio
2351 4511 2610 4565 virtutem
2644 4507 3135 4577 amplecterentur.

2193 4603 2363 4659 Vens.
2418 4604 2506 4659 10.
2543 4621 2561 4654 ι
2590 4599 2761 4670 Magis
2785 4609 2969 4654 autem
3032 4613 3153 4662 eos,
3202 4597 3293 4665 qui
3329 4604 3448 4662 post
3485 4610 3704 4649 carnem

2120 4698 2173 4752 in
2206 4692 2660 4765 concupiscentia
2686 4690 3047 4745 immunditiis:
3108 4687 3420 4752 ambulant,
3456 4686 3707 4739 domina-

424 4783 673 4846 νοῦντας.
720 4802 740 4836 ι
789 4783 1074 4838 Ἐντεῦθεν
1106 4784 1347 4852 εὐφυῶς,
1389 4785 1499 4839 ἀπὸ
1530 4785 1642 4840 τῶν
1674 4787 2010 4858 ὑποδειγμά-

2123 4791 2434 4859 lienemque
2459 4795 2842 4842 contemnunt.
2881 4804 2902 4838 ι
2940 4784 3020 4838 Ex
3052 4783 3387 4854 supradictis
3440 4781 3706 4856 exemplis

424 4894 536 4930 των
598 4876 708 4930 τῶν
761 4877 1215 4948 προηγουμένων,
1265 4879 1346 4942 είς
1398 4877 1499 4949 τὴν
1542 4878 1826 4952 παροῦσαν
1848 4876 2014 4952 ἦλθεν

425 4967 705 5023 ὑπόθεσιν.
737 4968 810 5021 Λέ
827 4985 900 5036 γει
926 4968 983 5021 δὲ
1014 4968 1265 5039 περὶτῶν
1296 4970 1620 5041 καταράτων
1650 4972 2012 5038 Νικολαϊτῶν,

427 5063 525 5115 καὶ
551 5061 881 5132 Ναασηνῶν,
914 5060 1011 5114 καὶ
1061 5061 1476 5133 Κερδωνιανῶν.
1510 5063 1873 5136 Πολυώνυμος
1904 5065 2012 5137 γὰρ

427 5150 611 5204 αὐτῶν
632 5152 781 5204 ἐστιν
835 5153 869 5221 ἠ
903 5151 1093 5215 κακία,
1125 5154 1221 5206 καὶ
1272 5152 1349 5218 ὡς
1405 5152 1540 5225 [τοῖς
1592 5157 1803 5224 μιαροῖς
1829 5154 2012 5224 ἔργοις

425 5240 573 5295 οὕτω
610 5243 708 5297 καὶ
747 5242 998 5315 ὀνόμασι]
1052 5245 1442 5316 συγκεχυμένη
1500 5246 2007 5318 καταλαμϐάνεται.

429 5327 591 5390 Οὗτοι
623 5333 755 5404 γὰρ,
784 5336 859 5398 ὡς
894 5337 1172 5407 φθάνομεν
1222 5337 1529 5408 εἰρηκότες,
1581 5337 1749 5392 Βυθδν
1779 5340 2012 5409 ὑποστηο

429 5427 656 5489 σάμενοι
711 5427 807 5480 καὶ
858 5425 1027 5498 Σιγὴν
1054 5427 1121 5480 τά
1153 5427 1486 5499 πρωτουργά
1518 5428 1619 5498 τῆς
1667 5429 1763 5482 τοῦ
1805 5430 2012 5499 κόσμου

424 5519 717 5586 γενέσεως,
750 5517 843 5572 καί
873 5536 1026 5582 τινας
1056 5518 1383 5573 ἀπὸτούτων
1415 5519 1660 5591 μητέρας
1689 5521 1787 5576 καὶ
1810 5521 2015 5586 αἰῶνας

426 5610 981 5681 τερατολογήσαντες,
1039 5611 1115 5675 ὡς
1161 5612 1256 5664 καὶ
1312 5612 1600 5683 Μαρκίων,
1653 5614 1761 5668 ἀπὸ
1808 5614 2015 5669 τούτων

426 5700 609 5754 λαϐὼν
632 5704 843 5773 πονηρά
873 5704 1187 5775 σπέρματα.
1222 5700 1354 5759 Εἶτα
1391 5706 1737 5776 Κυριότητας
1776 5708 1866 5761 διά
1895 5708 2018 5762 τού-

430 5807 540 5847 των
569 5792 672 5865 τῆς
694 5795 789 5848 τοῦ
821 5796 1026 5866 κόσμου
1084 5799 1445 5867 δημιουργίας
1499 5800 1886 5871 παρωσάμενοι
1921 5804 2016 5857 καὶ

2124 4885 2178 4936 ἰη
2212 4898 2451 4953 praesens
2481 4890 2869 4952 argumentum
2897 4879 3194 4935 admodum
3228 4877 3369 4934 scite
3393 4875 3702 4932 descendit.

2126 4976 2394 5047 Loquitur
2424 4984 2604 5030 autem
2638 4974 2707 5030 de
2728 4974 3085 5030 exsccrandis
3134 4972 3439 5037 Nicolaitis,
3480 4977 3535 5025 et
3562 4968 3704 5021 Naa-

2122 5069 2295 5134 senis,
2318 5077 2370 5124 et
2395 5066 2756 5123 Cerdonianis
2782 5066 2954 5138 (varie
2974 5066 3122 5121 enim
3150 5078 3351 5121 eorum
3383 5059 3706 5132 improbitas

2120 5161 2501 5231 appellabatur
2543 5178 2557 5214 :
2587 5161 2731 5215 unde
2760 5159 2903 5214 sicut
2926 5158 3211 5213 sceleratis
3236 5156 3520 5226 operibus,
3547 5154 3620 5207 ita
3651 5160 3707 5206 et

2120 5252 2311 5307 multis
2373 5252 2694 5305 nominibus
2724 5264 2789 5303 ea
2848 5247 3079 5304 confusa
3132 5242 3609 5315 deprehenditur.)
3641 5240 3703 5295 lli

2117 5343 2287 5407 enim,
2325 5351 2384 5396 ut
2418 5341 2531 5411 jam
2568 5341 2829 5403 diximus,
2864 5337 3108 5401 Bitbum,
3149 5336 3252 5391 hoc
3284 5342 3390 5398 est,
3419 5332 3697 5400 profundi-

2117 5441 2308 5498 tatem,
2333 5444 2386 5490 et
2416 5433 2605 5504 Sigea,
2644 5432 2824 5494 idest,
2882 5430 3161 5487 silentium
3217 5426 3515 5498 primordia
3539 5427 3703 5493 hujus

2118 5526 2309 5581 mundi
2342 5526 2691 5589 statuebant;
2736 5531 2790 5577 ct
2820 5538 2885 5578 ex
2920 5521 3006 5576 bis
3057 5519 3328 5587 quasdam
3384 5527 3607 5578 matres,
3649 5524 3704 5570 ct

2118 5631 2328 5682 aeonas,
2351 5616 2452 5671 hoc
2484 5624 2570 5670 est
2598 5614 2797 5669 szrcula
2836 5621 2955 5667 orta
3010 5608 3309 5665 commenti
3364 5614 3494 5663 sunt
3524 5626 3537 5663 :
3566 5624 3703 5676 quc-

2123 5708 2478 5763 madmodum
2503 5716 2558 5762 et
2594 5704 2837 5759 Marcion
2881 5704 2970 5774 qui
3002 5704 3071 5758 ab
3094 5702 3185 5757 bis
3207 5716 3373 5773 prava
3405 5700 3592 5754 hausit
3618 5714 3701 5751 se-

2124 5802 2292 5857 ntina.
2333 5799 2540 5857 Deinde
2575 5800 3012 5856 dominationem
3046 5812 3143 5853 seu
3201 5795 3396 5861 Deum,
3428 5808 3457 5848 a
3514 5794 3702 5847 mundi

3202 5942 3237 5963 δ
