4120 6430
432 327 566 394 1271

1446 339 2021 404 THEOPHYLACTI
2054 346 2463 408 BULGABLE
2491 350 2843 414 ARCHIEP.

3543 360 3681 424 1272

430 438 649 511 opificio
673 449 727 497 et
765 441 1102 512 providentia
1153 447 1510 514 repellentes,
1545 450 1599 504 in
1632 467 1847 506 omnem
1880 468 1988 507 car-

2106 440 2521 527 ἐποψίαςξὲπὶ
2572 464 2754 516 πᾶσαν
2806 464 3093 537 ἐχώρησαν
3156 467 3328 533 ἀδεῶς
3412 478 3681 544 σαρκικὴν

431 530 608 585 uelem
648 531 1102 588 incontinentiam
1132 536 1393 606 perfricta
1424 539 1601 596 fronte
1639 553 1993 598 corruerunt.

430 620 493 673 Et
525 622 767 690 quidem,
803 624 849 678 si
878 623 1006 693 quis
1036 625 1232 681 horum
1267 638 1516 683 exactam
1554 631 1803 685 notitiam
1850 633 1997 686 desi-

428 715 603 778 derat,
629 715 829 769 librum
864 717 932 771 ab
962 716 1168 773 Irenaeo
1207 718 1365 775 Gallo
1398 730 1588 775 contra
1627 722 1779 792 ipsos
1812 724 1999 778 elabo-

430 810 628 863 latum,
666 811 720 856 et
754 821 773 855 ι
809 804 1013 860 Contra
1059 805 1180 862 falsi
1217 810 1455 865 nominis
1478 812 1763 865 scientiam
1819 832 1839 864 ι
1900 813 2001 867 in-

426 891 690 959 scriptum
720 893 774 946 in
808 910 1003 952 manus
1035 906 1239 962 sumat,
1276 913 1339 952 ac
1368 900 1421 952 iu
1455 915 1521 955 eo
1540 901 1733 956 horum
1766 903 2001 972 impudi-

429 983 631 1043 citias.~
658 998 720 1038 ac
741 987 1039 1054 praesertim
1071 1003 1208 1055 quas
1237 989 1675 1048 obscenissimus
1700 992 1916 1048 Marcus
1944 1003 1998 1049 ct

426 1082 700 1140 corruptae
728 1074 797 1127 ab
824 1090 889 1129 eo
920 1078 1176 1133 mulieres
1203 1082 1549 1147 exercebant,
1584 1090 1698 1137 tum
1735 1086 1868 1139 alias
1902 1100 1999 1140 nec

307 1156 311 1160 ’
423 1161 626 1227 quitias
657 1179 791 1230 quas
815 1169 998 1221 caeteri
1031 1169 1151 1238 ejus
1175 1180 1337 1226 sectae
1367 1175 1677 1241 patrabant,
1709 1184 1995 1233 enarratas

422 1261 700 1323 utcunque
730 1257 969 1313 inveniet
1006 1277 1021 1314 :
1048 1275 1175 1315 nam
1213 1276 1307 1317 eas
1336 1278 1497 1317 nemo
1519 1265 1606 1320 vel
1668 1267 1877 1335 scripto
1906 1282 2000 1321 sa-

421 1344 491 1398 tis
520 1346 824 1415 exprimere
854 1358 1051 1418 potest,
1106 1352 1309 1423 quippe
1327 1367 1449 1423 qua:
1475 1354 1559 1411 vel
1587 1357 1703 1411 sola
1738 1358 1991 1413 recorda-

422 1434 569 1489 tione
608 1451 806 1493 nocere
843 1448 1096 1509 possunt.
1122 1439 1226 1508 Qui
1254 1458 1385 1499 vero
1418 1461 1484 1501 ex
1546 1456 1862 1518 centemptu
1896 1450 1998 1504 do-

421 1522 774 1580 minationem
841 1543 951 1583 non
1010 1530 1222 1596 timent,
1267 1533 1395 1601 quid
1450 1534 1671 1602 mirum,
1701 1539 1747 1592 si
1785 1548 1840 1593 et
1866 1554 1995 1610 erga

419 1627 636 1667 onmem
671 1616 990 1686 dignitatem
1034 1621 1297 1678 audacter
1343 1638 1404 1678 se
1458 1626 1729 1681 efferant?
1779 1628 1995 1685 Clarius

416 1714 552 1754 vero
575 1701 644 1755 de
688 1703 774 1759 his
803 1705 1025 1762 disserit
1056 1708 1247 1765 beatus
1278 1714 1558 1780 apostolus
1588 1714 1780 1782 διιὼε,
1810 1718 1901 1772 ubi
1924 1719 1988 1774 de

2097 1732 2235 1794 σέως
2290 1734 2541 1804 σώματος
2593 1740 2979 1808 μνημονεύσει.

419 1788 623 1861 Moysis
651 1810 885 1865 corpore
917 1799 1247 1853 mentionem
1281 1801 1432 1857 facit.
1470 1803 1576 1859 Iste
1608 1815 1787 1859 autem
1818 1806 1997 1861 brevi-

420 1891 524 1947 ter,
549 1898 613 1938 ac
646 1884 698 1937 in
724 1886 829 1942 fine
862 1888 944 1942 sui
975 1886 1077 1942 hac
1106 1890 1175 1944 de
1208 1906 1267 1944 re
1285 1895 1582 1961 sermonis,
1619 1894 1723 1950 hoc
1750 1906 1994 1951 tantum-

418 1973 581 2027 modo
620 1973 883 2030 insinuat.
924 1976 1000 2031 Ex
1037 1977 1131 2034 illo
1176 1981 1363 2051 itaque
1427 1983 1719 2039 occasione
1744 1995 1989 2055 sumpta,

418 2073 475 2118 et
496 2064 564 2118 de
595 2066 891 2136 propositis
916 2068 1032 2123 haec
1055 2069 1300 2127 diximus
1341 2088 1357 2125 :
1395 2089 1417 2126 ι
1451 2073 1720 2141 Audaces,
1747 2076 1849 2131 sibi
1880 2079 1994 2147 pla-

419 2164 627 2220 centes,
661 2155 869 2227 glorias
898 2175 1008 2215 non
1045 2170 1297 2218 metuunt
1344 2164 1746 2236 blasphemare.
1788 2188 1808 2220 ι
1847 2169 1994 2224 Sub-

417 2246 771 2312 audiendum,
824 2251 917 2321 qui
973 2260 1122 2308 sunt.
1184 2255 1320 2310 Illud
1366 2265 1547 2312 autem
1578 2277 1597 2310 ι
1629 2256 1843 2316 Glorias
1888 2275 1993 2315 non

414 2349 688 2403 metuunt,
734 2358 755 2392 ι
792 2341 931 2397 idem
965 2353 1052 2399 est
1081 2359 1166 2408 ac,
1202 2349 1540 2418 contemptui
1599 2349 1802 2405 habent
1874 2366 1994 2405 om-

412 2444 536 2484 nem
565 2431 793 2502 gloriam
833 2447 931 2490 seu
960 2434 1283 2507 dignitatem
1317 2445 1372 2495 et
1397 2439 1655 2496 convitiis
1709 2441 1993 2499 incessere

413 2536 525 2577 non
557 2532 841 2580 verentur.

491 2613 659 2672 Vens.
690 2617 780 2675 Η.
810 2638 829 2671 ι
863 2619 965 2677 Ubi
989 2623 1166 2694 angeli
1194 2622 1515 2681 fortitudine
1547 2639 1601 2683 et
1628 2627 1829 2684 virtute
1867 2645 1990 2686 cum

412 2706 527 2759 sint
582 2705 840 2775 majores,
873 2724 980 2764 non
1004 2720 1227 2781 portant
1274 2713 1542 2772 adversus
1575 2731 1635 2773 se
1658 2720 1994 2775 exsecrabile

405 2796 696 2865 judicium.
730 2819 749 2853 ι
790 2801 990 2857 Volens
1019 2811 1227 2859 tantam
1288 2806 1678 2876 praedictorum
1711 2811 1995 2867 haeretico-

410 2903 536 2948 rum
611 2890 757 2946 circa
837 2892 1159 2963 hujusmodi
1232 2897 1518 2951 audaciam
1590 2915 1989 2970 compcsmre:

414 2996 435 3029 ι
468 2978 603 3035 Cum
659 2984 862 3054 angeli,
906 2985 1103 3054 inquit,
1155 2989 1250 3058 qui
1303 2988 1620 3047 fortitudine
1678 3001 1732 3048 et
1791 2993 1992 3049 virtute

407 3074 647 3141 majores
703 3077 865 3147 393
916 3088 1066 3145 sunt,
1128 3097 1238 3136 non
1274 3084 1450 3138 ferant
1480 3093 1668 3140 contra
1719 3103 1814 3143 eos
1845 3089 1986 3158 apud
2016 3130 2057 3184 ο

411 3162 695 3184 “mum”
915 3169 950 3184 ..
1216 3183 1219 3184 ν
1306 3177 1339 3184 ι.
1553 3178 1581 3184 _
1729 3179 1781 3184 --

409 3162 700 3218 Dominum
755 3169 1076 3225 maledicam
1106 3177 1455 3230 sententiam.
1489 3196 1508 3227 ι
1546 3178 1666 3243 Quo
1729 3179 1872 3233 idem
1921 3196 1986 3236 ac

404 3259 597 3315 beatus
621 3262 792 3320 Judas
835 3265 990 3330 dicit,
1024 3278 1080 3321 ut
1111 3268 1218 3340 jam
1269 3274 1716 3339 prtemonuimus.
1744 3274 1876 3329 Nam
1928 3284 1984 3331 et

403 3352 495 3405 ille
557 3355 952 3411 nonnullorum
1016 3360 1217 3428 linguze
1282 3364 1636 3432 petulantiam
1685 3369 1983 3438 castigans,

403 3441 594 3495 eodem
626 3445 877 3512 exemplo
908 3447 1335 3503 admonitionem
1367 3467 1527 3506 suam
1594 3455 1852 3520 instruit,
1887 3457 1983 3512 sed

404 3532 690 3601 aliquanto
733 3531 928 3600 fusius,
963 3537 1033 3590 ita
1063 3539 1251 3594 dicens
1273 3541 1350 3594 “:
1389 3562 1407 3594 ι
1439 3544 1666 3599 Michael
1694 3548 1987 3620 archange-

407 3621 493 3676 lus
530 3637 637 3676 non
667 3633 752 3679 est
796 3640 964 3682 ausus
1002 3629 1273 3698 judicium
1313 3634 1517 3691 inferre
1546 3638 1920 3707 blasphemiae.
1959 3661 1978 3694 ι

406 3711 595 3766 Simile
619 3714 746 3783 quid
777 3716 938 3772 etiam
973 3717 1171 3778 Petrus
1209 3738 1353 3779 nunc
1408 3727 1593 3783 dicere
1615 3730 1761 3797 vult;
1793 3747 1985 3802 nempe

402 3804 548 3870 quod
581 3805 668 3858 isti
696 3807 1112 3866 cacodaemones
1175 3829 1283 3867 non
1356 3828 1650 3875 vereantur
1689 3822 1984 3893 dignitates

401 3895 665 3952 conviciis
701 3898 992 3967 incessere,
1024 3919 1149 3958 cum
1186 3916 1363 3963 tamen
1394 3925 1462 3965 ne
1491 3911 1593 3981 ipsi
1615 3914 1829 3982 quidem
1881 3931 1981 3970 an-

401 3988 503 4057 geli
540 3997 807 4059 potestate
836 3998 891 4046 et
924 3992 1250 4052 fortitudine
1327 4002 1577 4059 scelestis
1636 4005 1757 4061 istis
1810 4007 1983 4062 multo

400 4081 735 4148 superiores,
774 4080 970 4150 ferant,
1002 4099 1100 4139 seu
1129 4101 1239 4142 non
1269 4089 1552 4159 proferant
1608 4093 1873 4150 adversus
1905 4094 1983 4164 ip.

399 4184 493 4224 sas
524 4171 687 4225 veluti
729 4172 1024 4242 dignitates
1053 4176 1374 4234 maledicam
1425 4167 1757 4238 sententiam
1795 4201 1981 4240 coram

398 4258 651 4314 Domino.
687 4260 928 4329 Scilicet,
952 4266 1078 4334 quia
1100 4267 1418 4337 dignitatem
1436 4272 1674 4341 aliquam
1696 4277 1984 4346 participat

398 4351 676 4419 diabolus,
702 4353 904 4423 quippe
922 4356 1017 4426 qui
1054 4365 1139 4411 est
1179 4376 1198 4409 ι
1237 4360 1566 4430 principium
1590 4374 1858 4421 creatura:
1884 4366 1984 4420 Do-

397 4444 534 4499 mini
566 4444 631 4511 “,
671 4465 689 4497 ι
732 4462 840 4503 non
870 4449 994 4502 tulit
1030 4448 1257 4505 Michael
1296 4453 1662 4525 archangelus
1709 4456 1978 4513 adversus

396 4550 523 4589 cum
560 4536 725 4591 verba
756 4537 1012 4593 convitii.
1070 4539 1239 4606 Quasi
1295 4542 1503 4597 diceret
1537 4560 1550 4597 :
1608 4542 1664 4597 Si
1697 4544 1973 4610 diabolus,

394 4627 487 4697 qui
524 4627 765 4682 omnium
793 4628 1151 4699 dignissimus
1177 4640 1281 4696 est,
1311 4643 1368 4687 ut
1426 4635 1814 4705 proscindatur
1844 4652 1976 4692 con-

392 4718 564 4784 ritiis,
591 4718 643 4772 id
676 4728 855 4775 tamen
885 4736 994 4775 non
1037 4724 1306 4793 pertulita
1332 4726 1595 4785 Micltaele
1640 4745 1827 4786 coram
1874 4732 1972 4787 Do-

393 4806 580 4877 mino;
612 4812 861 4881 profecto
893 4829 1043 4870 sana:
1067 4820 1267 4874 mentis
1300 4834 1408 4874 non
1441 4831 1590 4886 sunt,
1618 4824 1711 4892 qui
1738 4825 1976 4894 dignita-

392 4914 477 4959 tes
507 4904 814 4962 maledictis
839 4906 1151 4976 incessunt,
1182 4927 1311 4966 cum
1350 4915 1560 4986 angelis
1594 4919 1767 4969 multo
1800 4919 1912 4971 sint
1936 4919 1971 4972 ii

394 4996 660 5065 dignitate
690 4995 998 5055 inferiores.
1069 5000 1371 5073 Dignitates
1422 5022 1553 5062 vero
1585 5008 1671 5062 vel
1695 5024 1970 5078 supernas

392 5086 647 5155 virtutes,
675 5089 762 5144 vel
795 5091 1204 5150 ecclesiasticas
1233 5104 1536 5166 potestates
1594 5108 1754 5154 vocat
1785 5115 1799 5152 :
1836 5118 1968 5155 con-

390 5187 476 5232 tra
513 5194 651 5249 quas
681 5180 774 5237 isti
810 5181 1181 5254 insurgentes,
1206 5201 1302 5244 eas
1326 5189 1678 5245 contumeliis
1708 5191 1965 5247 insectari

390 5284 499 5324 non
525 5271 804 5328 desinunt.

465 5362 633 5421 Vens.
664 5366 850 5420 12-15.
896 5385 916 5419 ι
956 5367 1019 5422 lli
1041 5384 1173 5426 vero
1196 5373 1344 5428 velut
1374 5373 1710 5430 irrationalia
1744 5391 1966 5446 pecora,

392 5457 722 5512 naturaliter
756 5459 811 5512 in
839 5461 1148 5530 captionem
1194 5471 1251 5519 et
1300 5467 1597 5534 perniciem
1639 5467 1692 5521 in
1731 5468 1815 5522 his
1847 5483 1969 5537 quae

392 5546 1117 5621 iguorautblaspltemantes
1171 5555 1225 5609 in
1276 5559 1632 5629 corruptione
1691 5575 1790 5615 sua
1826 5562 1971 5632 peri-

488 5725 504 5755 ⁶
537 5723 713 5781 Judae.
743 5727 796 5783 9.
884 5732 931 5765 ¹³
962 5732 1088 5789 Job.
1121 5749 1210 5802 XL,
1246 5735 1329 5791 l9.

2104 549 2469 619 ἀκαθαρσίαν.
2505 552 2615 605 Καὶ
2665 553 2720 606 εί
2747 571 2830 618 τις
2863 556 2991 625 περὶ
3031 559 3238 613 τούτων
3266 560 3444 616 ἐθέλει
3470 567 3683 634 μαθεῖν,

2102 638 2199 708 τὴν
2230 641 2503 712 Εἰρηναίῳ
2548 643 2642 696 τοῦ
2769 644 2868 718 τῷ]
2909 648 3098 720 Κελτῷ
3132 649 3314 721 βίϐλον
3351 655 3480 724 περὶ
3508 658 3685 712 αὐτῶν

2100 733 2553 804 ὲκπεπονημένην
2587 735 2767 789 λαϐὼν
2824 738 2919 792 ἐπὶ
2953 743 3163 811 χεῖρας,
3194 744 3292 814 τὴν
3338 746 3684 820 ἐπιγεγραμ-

2103 824 2294 892 μένην,
2328 843 2345 875 ι
2381 826 2538 879 Κατὰ
2561 830 2658 895 τῆς
2687 829 3041 900 ψευδωνύμου
3066 833 3343 900 γνώσεως,
3384 857 3404 890 ι
3444 839 3544 903 τὰς
3566 840 3685 894 τούο

2099 929 2207 964 των
2252 914 2530 982 ἁμαρτίας
2572 918 2817 988 εὑρήσει,
2849 920 2936 974 διὰ
2991 921 3270 998 [Μάρκου]
3323 930 3560 996 μάλιστα
3583 933 3680 985 τοῦ

2098 1003 2516 1072 ἀσελγεστάτου,
2583 1010 2677 1061 καὶ
2729 1010 2839 1064 τῶν
2904 1013 2998 1066 ὑπ’
3057 1015 3222 1070 αὐτοῦ
3277 1019 3680 1091 διαφθαρεισῶν

2098 1094 2394 1160 γυναικῶν,
2431 1098 2528 1150 καὶ
2566 1097 2665 1162 τὰς
2716 1098 2882 1163 άλλας
2912 1101 3361 1175 άθεμιτουργίας,
3394 1110 3494 1172 τὰς
3533 1113 3680 1180 παρὰ

2096 1186 2205 1237 τῶν
2237 1184 2443 1240 λοιπῶν
2507 1190 2829 1257 γενομένας,
2862 1192 2927 1256 ἃς
2958 1194 3080 1248 οὐδὲ
3121 1196 3208 1250 διὰ
3248 1200 3465 1269 γραφῆς
3498 1219 3680 1271 παρα-

2099 1278 2299 1347 στῆσαι
2326 1295 2410 1342 τις
2438 1279 2745 1350 δυνήσεται,
2778 1282 2854 1346 ὡς
2891 1284 3266 1355 λυμαινόντων
3292 1292 3383 1342 καὶ
3409 1291 3497 1344 διὰ
3535 1293 3679 1364 μνή-

2097 1381 2226 1435 μης.
2262 1368 2325 1420 Οἱ
2356 1372 2464 1440 γὰρ
2518 1371 2583 1425 ἐκ
2624 1377 3087 1446 καταφρονήσεως
3130 1378 3190 1431 ού
3254 1380 3557 1446 δεδοικότες
3581 1386 3681 1455 τὴν

2095 1458 2414 1528 κυριότητα,
2438 1461 2492 1514 τί
2520 1461 2587 1515 ἂν
2610 1465 2866 1534 πρᾶγμα,
2899 1468 2948 1520 εί
2981 1469 3078 1522 καὶ
3122 1470 3261 1541 πρὸς
3315 1474 3494 1526 πᾶσαν
3523 1475 3681 1539 δόξαν

2095 1548 2267 1612 ἀδεῶς
2289 1551 2595 1619 «Sternere;
2621 1554 2959 1629 Τρανότερον
2988 1561 3116 1630 περὶ
3162 1565 3368 1616 τούτων
3398 1566 3426 1616 6
3447 1566 3680 1619 ἀπόστο-

2094 1639 2184 1703 λος
2218 1642 2420 1707 Ἰούδας
2450 1646 2609 1715 ἔρεῖό
2632 1648 2921 1716 μακάριος,
2951 1650 3087 1704 ὅπου
3119 1655 3362 1724 καὶπερὶ
3398 1655 3492 1708 τοῦ
3513 1658 3680 1711 Μωῦ-

3038 1744 3211 1808 Αὐτὸς
3270 1746 3371 1816 μὲν
3418 1748 3526 1819 γάρ
3583 1751 3678 1801 νῦν

2026 1794 2066 1847 Β
2097 1821 2306 1895 [μόνον]
2343 1794 2718 1897 ὑπέκρουσεν,⁵
2737 1830 3012 1900 ἁψάμενος
3262 1794 3355 1890 artat
3386 1794 3678 1893 26:21:36-

2096 1930 2195 1976 σας
2226 1917 2316 1966 τὸν
2342 1916 2471 1987 περὶ
2520 1917 2714 1972 τούτου
2775 1920 2955 1988 λόγον.
2995 1924 3084 1990 Ἐξ
3126 1926 3335 1980 ἐκείνου
3359 1928 3543 1983 τοίνυν
3577 1930 3675 1984 καὶ

2095 2004 2356 2072 περὶτῶν
2414 2011 2791 2078 προκειμένων
2832 2012 3111 2084 [λαϐόντες
3152 2017 3250 2081 τὰς
3279 2018 3557 2091 ἀφορμάς]
3587 2020 3675 2072 λέ-

2093 2110 2266 2163 γομεν
2293 2111 2307 2127 ο
2346 2115 2365 2149 ι
2399 2099 2717 2170 Τολμηταὶ,
2764 2103 3038 2171 αὐθάδεις,
3085 2106 3242 2173 δόξας
3288 2110 3351 2163 οὐ
3412 2112 3676 2180 τρέμουσι

2095 2181 2561 2254 βλασφημοῦντες.
2602 2207 2620 2240 ι
2655 2190 3201 2263 Προσυπακουστὲον,
3237 2197 3294 2250 οἵ
3323 2199 3450 2252 είσι.
3490 2199 3565 2251 Τὸ
3593 2197 3672 2261 δὲ,

2099 2293 2118 2326 ι
2161 2276 2328 2339 Δόξας
2352 2277 2413 2330 οὐ
2442 2279 2757 2349 τρέμουσιν,
2797 2301 2816 2333 ι
2853 2282 2974 2335 ἀντὶ
3014 2285 3132 2348 τοῦ,
3178 2287 3673 2358 καταφρονητικῶς

2093 2365 2280 2437 ἔχουσι
2334 2369 2517 2422 πᾶσαν
2546 2370 2703 2437 δόξαν
2737 2370 3082 2446 βλασφημεῖν
3108 2375 3171 2429 οὐ
3199 2376 3457 2432 δεδίασιν.

2170 2643 2189 2675 ι
2233 2623 2406 2677 Ὅπου
2431 2624 2651 2693 ἄγγελοι
2674 2625 2819 2697 ίσχύῖ
2843 2626 2938 2682 καὶ
2964 2628 3189 2698 δυνάμει
3219 2631 3466 2701 μείζονες
3496 2630 3670 2695 ὄντες,

2091 2715 2154 2768 οὺ
2194 2715 2421 2786 φέρουσι
2448 2716 2567 2768 κατ’
2586 2717 2767 2770 αὐτῶν
2790 2720 2943 2792 παρὰ
2972 2720 3161 2793 Κυρίῳ
3198 2722 3518 2793 βλάσφημον
3555 2721 3674 2793 κρί-

2094 2826 2201 2862 σιν.
2251 2828 2268 2861 ι
2311 2808 2647 2879 Βουλόμενος
2687 2813 2886 2876 αὐτοὺς
2915 2817 3163 2886 ἐπισχεῖν
3192 2814 3292 2886 τῆς
3325 2815 3456 2886 περὶ
3497 2817 3671 2869 ταῦτα

2091 2903 2319 2972 τόλμης,
2358 2905 2557 2973 φησίνο
2595 2922 2614 2955 ι
2652 2905 2828 2956 Ὅπου
2862 2904 3087 2972 ἄγγελοι
3137 2906 3281 2975 ῑσχύῖ
3323 2909 3417 2961 καὶ
3445 2908 3672 2975 δυνάμει

2097 2996 2348 3060 μείζονες
2383 2996 2536 3059 ὄντες
2570 2997 2630 3049 ού
2667 2996 2891 3065 φέρουσι
2923 2997 3042 3050 κατ’
3090 2998 3269 3052 αὐτῶν
3296 2999 3446 3069 παρὰ
3478 2999 3671 3068 Κυρίῳ

2096 3087 2417 3159 βλάσφημον
2463 3088 2667 3158 κρίσιν,
2698 3107 2716 3141 ι
2749 3087 2916 3141 ταύτὸ
2966 3087 3042 3156 τῷ
3074 3089 3331 3159 μακαρίῳ
3365 3089 3554 3160 Ἰούδᾳ,
3594 3090 3671 3151 ὡς

2090 3180 2323 3249 ἔφημεν,
2348 3181 2522 3248 λέγων
2548 3199 2561 3212 ι
2594 3180 2715 3233 ἐπεὶ
2760 3181 3011 3244 κάκεῖνος
3057 3183 3161 3250 τήν
3200 3198 3361 3234 τινων
3387 3181 3671 3248 γλωσσαλ-

2087 3274 2212 3342 γίαν
2234 3272 2500 3337 κολάζων,
2534 3272 2645 3326 άπὸ
2695 3272 2790 3325 τοῦ
2828 3271 2995 3325 αὐτοῦ
3030 3273 3478 3342 παραδείγματος
3507 3276 3671 3327 ποιεῖ-

2085 3382 2174 3418 ται
2203 3364 2301 3435 τὴν
2340 3364 2640 3418 νουθεσίαν.
2677 3366 3022 3435 Πλατύτερον
3061 3366 3245 3434 μέντοι
3275 3365 3343 3419 δι’
3372 3358 3447 3418 ὧν
3481 3365 3628 3434 λέγει
3649 3383 3663 3397 ·

2093 3476 2111 3507 ι
2153 3458 2213 3509 '0
2269 3457 2326 3509 δὲ
2379 3456 2596 3527 Μιχαὴλ
2642 3459 2670 3508 6
2710 3457 3072 3527 ἀρχάγγελος,
3108 3476 3126 3509 ι
3156 3457 3252 3511 καὶ
3292 3456 3438 3527 ἑξῆς,
3495 3477 3513 3509 ι
3566 3459 3667 3511 οὐκ

2087 3549 2353 3618 ἐτόλμησε
2411 3547 2593 3613 κρίσιν
2624 3548 2930 3617 ἐξενεγκεῖν
2971 3549 3310 3619 βλάσφημον.
3354 3570 3371 3602 ι
3412 3549 3665 3603 Τοιοῦτον

2085 3637 2177 3691 οὖν
2211 3638 2304 3690 καὶ
2359 3637 2564 3707 Πέτρος
2613 3638 2863 3706 βούλεται
2899 3637 3130 3711 [λέγειν]
3161 3640 3276 3705 νῦν,
3304 3641 3385 3694 ὅτι
3423 3634 3583 3694 Οὗτοι
3616 3640 3667 3693 οἱ

2085 3729 2477 3797 κακοδαίμονες
2539 3729 2692 3782 οὐδὲν
2749 3729 2967 3799 ἔχουσιν
3005 3733 3086 3794 είς
3132 3731 3300 3798 φειδὼ
3335 3732 3462 3798 περὶ
3481 3731 3542 3783 τὸ
3567 3731 3667 3793 τὶς

2082 3820 2237 3885 δόξας
2269 3819 2632 3890 βλασφημεῖν,
2690 3817 2890 3893 [καίτοι
2916 3838 2978 3890 γε
3000 3821 3145 3895 οὐδὲ]
3179 3822 3334 3876 αὐτοὶ
3363 3824 3412 3874 οί
3441 3821 3667 3890 δυνάμει

2083 3910 2180 3964 καὶ
2212 3908 2360 3980 ίσχύῖ
2397 3910 2644 3978 μείζονες
2680 3909 2854 3975 ὄντες,
2895 3909 3137 3979 δηλονότι
3159 3910 3270 3963 τῶν
3303 3909 3517 3981 μιαρῶν
3537 3909 3665 3962 τού-

2081 4017 2212 4065 των,
2239 4002 2300 4054 ού
2328 4002 2607 4071 φέρουσιν,
2648 4002 2765 4072 ἤτοι
2795 4002 2856 4054 οὐ
2891 4002 3283 4072 προκομίςουσι
3322 4000 3441 4054 κατ’
3465 4000 3664 4067 αὐτῶν,

2081 4089 2246 4144 οἱονεὶ
2280 4091 2388 4145 τῶν
2433 4092 2625 4157 δοξῶν,
2674 4091 2998 4163 βλάσφημον
3045 4093 3226 4162 κρίσιν
3259 4092 3410 4162 παρὰ
3450 4092 3661 4162 Κυρίῳ.

2096 4184 2251 4237 Ἐπεὶ
2273 4184 2379 4257 γάρ
2418 4184 2578 4253 δόξης
2624 4186 2769 4248 τινὸς
2827 4184 3051 4254 μετέχει
3086 4185 3181 4238 καὶ
3221 4185 3248 4238 6
3281 4184 3551 4249 διάϐολος,
3575 4185 3665 4237 διὰ

2081 4274 2145 4328 τὸ
2176 4276 2317 4347 ἀρχὴ
2344 4274 2483 4329 εἶναι
2513 4276 2832 4347 πλάσματος
2874 4276 3104 4348 Κυρίου,
3141 4276 3243 4331 οὐκ
3263 4277 3463 4349 ἤνεγκε
3512 4277 3664 4347 ῥῆμα

2083 4368 2205 4421 κατ’
2229 4359 2396 4421 αὑτοῦ
2420 4368 2762 4438 βλάσφημον.
2792 4369 2854 4422 Ei
2896 4370 3006 4440 γάρ
3039 4371 3067 4422 ό
3100 4368 3298 4439 μᾶλλον
3325 4369 3474 4435 ἄξιος
3494 4369 3664 4437 βλασ-

2011 4451 2309 4529 Βφημεῖν,
2372 4462 2463 4515 τὸν
2542 4461 2789 4516 διάϐολον
2867 4462 3062 4531 λέγων,
3117 4463 3267 4532 ὅμως
3307 4461 3479 4516 διὰτὸ
3505 4461 3663 4531 δόξης

2088 4552 2357 4623 μετέχειν,
2383 4553 2482 4605 οὐκ
2501 4552 2659 4623 ἔτυχε
2685 4552 2878 4605 τούτου
2907 4553 3058 4623 παρὰ
3076 4552 3170 4606 τοῦ
3193 4552 3414 4623 Μιχαὴλ
3431 4551 3663 4605 ἐνώπιον

2084 4646 2292 4715 Κυρίου
2324 4638 2351 4676 ί
2372 4645 2471 4698 ούκ
2504 4646 2568 4699 ἂν
2594 4645 2995 4715 σωφρονήσειεν
3021 4645 3070 4696 οἱ
3106 4644 3412 4714 προχείρως
3432 4642 3532 4706 τὰς
3569 4642 3661 4695 δό-

2083 4740 2181 4806 ξας
2209 4737 2677 4809 βλασφημοῦντες,
2708 4737 2887 4808 πολλῷ
2939 4737 3039 4806 τῆς
3080 4736 3188 4788 τῶν
3216 4737 3463 4803 ἀγγέλων
3483 4735 3661 4804 τιμιό-

2082 4846 2244 4898 τητος
2292 4831 2520 4882 κατόπιν
2580 4830 2888 4897 φερόμενοι.
2927 4846 2947 4879 ‹
2993 4826 3159 4893 Δόξας
3187 4847 3206 4880 ι
3258 4827 3315 4880 δὲ
3362 4826 3460 4891 τὰς
3511 4826 3661 4890 θείας

2080 4922 2341 4991 δυνάμεις
2371 4924 2559 4990 φησὶν,
2590 4920 2623 4992 ἦ
2669 4923 2765 4974 καὶ
2811 4923 2908 4985 τὰς
2963 4919 3429 4987 ὲκκλησιαστικὰς
3459 4919 3657 4990 ἀρχάς,

2077 5008 2153 5069 ὧν
2187 5015 2518 5077 άπεναντίας
2565 5015 2858 5085 φερόμενοι
2891 5006 3040 5068 οὗτοι
3101 5013 3151 5066 oi
3204 5011 3658 5085 βλασφημοῦντες

2077 5108 2248 5172 αὐτὰς
2280 5105 2637 5163 διατελοῦσιν.

2156 5398 2173 5431 ι
2207 5373 2366 5434 Οὗτοι
2404 5379 2461 5433 δὲ
2484 5379 2558 5442 ὠς
2590 5378 2758 5446 ἄλογα
2785 5377 2900 5442 ζῶα
2926 5375 3301 5447 γεγεννημένα
3336 5372 3542 5443 φυσικὰ
3574 5373 3656 5438 είς

2075 5471 2277 5526 ἅλωσιν
2302 5472 2396 5524 καὶ
2430 5471 2658 5541 φθορὰν,
2703 5473 2761 5524 ὲν
2788 5464 2871 5534 οἷς
2902 5467 3159 5537 ἀγνοοῦσι
3210 5465 3655 5538 βλασφημοῦντες

2079 5566 2137 5617 ὲν
2173 5565 2238 5635 τῇ
2273 5562 2449 5635 φθορᾷ
2479 5563 2661 5617 αὐτῶν
2704 5560 3223 5633 καταφθαρήσονται
3248 5576 3262 5592 ο
3301 5556 3652 5629 κομιούμενοι
