4120 6446
349 383 483 446 12i3

1086 391 1496 452 EXPOSITIO
1530 393 1614 454 IN
1663 393 1905 452 EPIST.
1939 392 2001 452 Il
2037 393 2098 451 S.
2132 392 2380 453 PETRI.
2409 419 2479 429 —
2505 394 2667 456 CAP.
2709 396 2792 455 ῘΙ.

3475 399 3611 464 1274

351 498 540 565 μισθὸν
590 501 828 563 ἀδικίας,
887 500 1080 570 ἡδονὴν
1131 505 1427 572 ἡγούμενοι
1491 508 1590 576 τὴν
1641 509 1698 559 ὲν
1742 506 1965 575 ἡμέρᾳ.

2051 514 2193 560 lunt.
2226 505 2597 575 Percipientes
2632 511 2937 564 mercedem
3000 510 3306 578 iniustitiae.
3362 515 3615 584 voluptas

346 592 578 661 τρυφήν.
626 610 644 642 ι
676 591 831 654 Τινὲς
859 592 1018 645 τοῦτο
1043 593 1216 655 οὕτως
1243 594 1610 666 ἐξηγήσαντο·
1657 598 1742 660 Ὠς
1765 597 1934 664 ἄλογα

350 683 462 747 ζῶα
486 685 692 753 φυσικά
718 687 1095 755 γεγεννημένα
1137 690 1196 740 ὲν
1224 692 1290 758 τῇ
1341 689 1517 759 φθορᾷ
1546 691 1724 744 αὐτῶν
1763 708 1932 744 κατα-

351 777 744 846 φθαρήσονται,
770 777 918 831 τοῦτ’
937 778 1084 831 ἔστιν
1115 781 1267 834 οὐδὲν
1295 783 1664 847 διενεγκόντες
1694 784 1932 847 κτηνῶν,

350 868 388 923 ἃ
419 869 557 936 πρὸς
611 871 784 939 μόνην
833 871 1042 940 φθορὰν
1089 873 1335 939 γέγονεν.
1398 874 1484 937 Ὡς
1522 873 1692 941 ἄλογα
1735 875 1790 926 δὲ
1819 875 1934 938 ζῶα
1965 888 1993 897 ”

354 961 578 1028 φυσικὰ,
621 979 641 1012 ι
677 961 825 1014 τοῦτ’
855 961 1023 1027 ἔστιν,
1065 965 1187 1015 κατ’
1239 965 1494 1034 αἴσθησιν
1528 967 1698 1035 μόνην
1736 966 1936 1029 ζῶντα,

352 1051 412 1102 οὺ
439 1050 580 1104 κατά
603 1049 728 1103 νοῦν
761 1051 853 1104 καὶ¹
883 1051 982 1121 τὴν
1003 1052 1198 1122 νοεράν
1225 1052 1372 1122 ζωήν
1401 1071 1415 1084 ·
1446 1053 1528 1106 διὸ
1556 1055 1649 1107 καὶ
1673 1055 1938 1107 εὐάλωτοι

355 1142 420 1210 τῇ
466 1141 610 1193 κατά
662 1141 762 1211 τὴν
821 1143 1066 1213 φθαρτὴν
1101 1143 1246 1213 ζωὴν
1274 1149 1621 1215 περιαγωγῇ,
1651 1145 1813 1214 θυμῷ
1843 1145 1939 1198 καὶ

353 1231 624 1301 ἐπιθυμίᾳ
681 1233 940 1301 ἀγόμενοι
1002 1236 1098 1287 καὶ
1151 1236 1600 1305 περιφερόμενοι,
1643 1254 1661 1286 ι
1717 1237 1802 1288 Ἐν
1857 1231 1939 1299 οἷς

353 1323 640 1390 ἀγνοοῦσιν
671 1364 685 1386 ,
751 1343 769 1376 ι
822 1325 942 1395 ἦτοι
983 1328 1049 1394 τῇ
1113 1326 1432 1398 καθηκούσῃ
1496 1328 1679 1379 αὐτῶν
1735 1328 1932 1397 ἀγνοίᾳ

356 1415 828 1485 βλασφημοῦντες,
854 1419 921 1487 τῇ
957 1418 1201 1484 ἐπαξίως
1234 1419 1415 1471 αὐτῶν
1446 1418 1622 1490 φθορᾷ
1649 1419 1938 1487 καταφθα-

359 1508 650 1575 ρήσονται,
718 1527 735 1559 ι
795 1509 1152 1579 κομιούμενοι
1222 1511 1413 1580 μισθὸν
1503 1511 1742 1574 ἀδικίας,
1801 1530 1820 1562 ι
1881 1511 1942 1564 ὃν

354 1595 594 1650 ἐθελοντὶ
627 1599 843 1660 ἑαυτοῖς
873 1601 1266 1669 προεξένησαν.
1305 1619 1324 1652 ι
1380 1599 1602 1670 Ἡδονήν
1645 1599 1941 1670 ήγούμενοι

353 1686 453 1757 τὴν
477 1688 536 1740 ὲν
559 1687 744 1756 ἡμέρᾳ
777 1689 1012 1758 τρυφήν.
1069 1708 1086 1740 ι
1123 1689 1196 1741 Τὸ
1239 1689 1428 1753 ὄντως,
1474 1688 1665 1758 φησὶν,
1720 1688 1940 1756 ἐφετὸν,

355 1781 452 1834 καὶ
476 1781 575 1849 τὴν
606 1780 781 1849 ἀληθῆ
812 1783 906 1833 καὶ
946 1783 1250 1851 ἐπέραστον
1304 1781 1647 1851 εὐφροσύνην
1685 1782 1781 1835 καὶ
1819 1783 1944 1851 ήδο⁴

357 1874 478 1941 νῆν,
503 1872 560 1924 ὲν
587 1873 654 1941 τῇ
683 1871 1005 1942 καθημέραν
1034 1872 1306 1941 τιθέμενοι
1333 1871 1428 1923 τοῦ
1459 1872 1660 1942 λαιμοῦ
1697 1871 1941 1925 ἀπολαύ-

359 1979 464 2015 σει.
501 1963 699 2016 Ἰστέον
733 1964 938 2034 μέντοι,
977 1964 1052 2026 ὡς
1091 1966 1124 2030 ή
1180 1964 1298 2016 θεία
1353 1965 1545 2034 Γραφή
1587 1964 1655 2016 τά
1698 1962 1944 2032 φυσικῶς

356 2053 547 2106 ἐνόντα
577 2058 689 2116 τοῖς
715 2052 1044 2123 ἀνθρώποις,
1076 2054 1222 2105 τοῦτ’
1247 2056 1363 2107 ἐστι
1390 2056 1456 2108 τὰ
1482 2055 1557 2117 ὡς
1581 2054 1742 2118 ζώοις
1762 2054 1944 2115 αὐτοῖς

356 2146 756 2215 ἐνυπάρχοντα,
785 2146 874 2198 ἐπ’
925 2144 990 2198 ἂν
1037 2145 1288 2216 διαϐάλῃ,
1328 2146 1463 2214 πρὸς
1501 2147 1570 2198 τὰ
1606 2145 1779 2212 ἄλογα
1838 2145 1946 2213 ἀφ-

356 2241 556 2305 ομοιοῖ,
590 2256 608 2289 ι
647 2237 988 2308 Ἀνθρωπος,
1029 2237 1336 2306 φάσκουσα,
1365 2239 1423 2292 ἑν
1447 2239 1581 2308 τιμῇ
1614 2237 1690 2290 ὣν
1719 2238 1780 2290 οὐ
1818 2254 1944 2292 συν-

359 2329 498 2398 ἧκε·
562 2327 1044 2399 [παρασυνεϐλήθη
1099 2330 1214 2392 τοῖς
1245 2331 1472 2396 κτήνεσι
1521 2330 1635 2391 τοῖς
1675 2328 1943 2398 ἀνοήτοις,

359 2419 457 2471 καὶ⁵
487 2418 748 2488 ὡμοιώθη
779 2420 966 2481 αὐτοῖς
1075 2419 1192 2484 καὶ,
1237 2436 1256 2469 ι
1297 2419 1388 2490 Μὴ
1422 2419 1638 2487 γίνεσθε
1671 2418 1747 2482 ὡς
1779 2420 1945 2481 ἵππος

360 2511 458 2565 καὶ
485 2513 706 2580 ἡμίονος
727 2527 742 2542 ·
767 2531 785 2564 ι
817 2514 934 2577 καὶ,
965 2533 983 2565 ι
1013 2513 1202 2566 Ἵπποι
1221 2513 1548 2583 θηλυμανεῖς
1574 2510 1865 2582 [ἐγένοντο]
1883 2529 1896 2542 ·
1920 2530 1938 2562 ι

359 2605 475 2670 καὶ,
506 2622 524 2654 ι
560 2603 782 2656 Γίνεσθε
815 2605 1072 2674 φρόνιμοι
1125 2603 1199 2666 ὡς
1245 2606 1295 2657 οἱ
1322 2604 1496 2673 ὄφεις,
1530 2605 1624 2658 καὶ
1693 2603 1947 2673 ἀκέραιοι

357 2694 436 2758 ὡς
479 2696 537 2749 αἱ
583 2695 943 2767 περιστεραί·
991 2714 1008 2746 ι
1061 2695 1121 2747 οὐ
1169 2696 1542 2765 μεταποιοῦσα
1589 2696 1690 2758 τὰς
1755 2695 1948 2761 φύσεις

361 2789 648 2856 φάσκουσα
693 2787 889 2850 ταῦτα,
927 2787 1063 2839 ἀλλά
1114 2789 1320 2840 τούτων
1349 2787 1449 2849 τὰς
1493 2787 1728 2856 φυσικὰς
1770 2787 1948 2855 ὁρμάς

365 2880 527 2948 μόνον
578 2880 849 2932 ἐκκλίνειν
902 2878 1319 2945 παρακαλοῦσα.
1353 2877 1524 2933 Ὅταν
1583 2880 1638 2932 δὲ
1680 2878 1950 2948 σωτήριόν

362 2968 464 3041 [τι]
508 2970 893 3040 παραγγέλλῃ,
932 2971 1067 3040 πρὸς
1114 2971 1183 3023 τὰ
1226 2971 1461 3041 κρείττω
1505 2970 1604 3040 τὴν
1644 2970 1945 3039 ὁμοιότητα

367 3060 774 3130 παραπέμπει·
823 3061 899 3119 ὡς
933 3060 1014 3125 τὺ,
1061 3079 1078 3112 ι
1112 3060 1332 3113 Γίνεσθε
1374 3060 1746 3128 οἰκτίρμονες,
1805 3059 1879 3120 ὡς
1923 3059 1951 3110 ὁ

2036 605 2144 650 tein
2177 597 2554 652 existimantes
2605 598 2712 654 diei
2769 599 3008 653 delicias.
3049 619 3068 652 ι
3105 601 3335 666 Quidam
3379 604 3482 658 hoc
3539 604 3614 658 ita

2035 694 2316 752 exponunt
2362 683 2570 740 :Velut
2624 687 2784 742 bruta
2839 689 3136 744 animantia
3193 692 3486 749 naturalia.
3559 693 3614 748 in

2035 776 2344 845 corruptela
2379 778 2620 843 ipsorum
2663 778 2920 847 peribunt
2962 797 2977 834 :
3027 781 3128 834 hoc
3154 792 3260 846 est,
3297 784 3432 837 nihil
3455 784 3616 840 diﬂ'e-

2037 879 2218 922 rentes
2255 884 2286 921 a
2329 868 2614 935 jnmentis,
2650 887 2772 938 quin
2824 875 2889 926 ad
2943 875 3312 942 corruptelam
3377 885 3617 933 tantulae

2038 961 2195 1013 modo
2227 969 2549 1014 nascuntur.
2587 981 2605 1012 ι
2655 960 2724 1016 Ut
2776 963 2934 1017 bruta
2995 979 3174 1018 autem
3237 968 3558 1032 animantia,
3590 999 3609 1022 ρ

2039 1050 2139 1100 hoc
2157 1060 2260 1109 εει,
2289 1050 2405 1104 solo
2427 1065 2620 1116 sensu,
2649 1067 2756 1106 non
2785 1062 2964 1106 mente
2994 1062 3046 1107 et
3096 1056 3306 1109 ratione
3331 1058 3572 1112 viventes
3599 1097 3614 1119 .

2037 1149 2094 1190 et
2126 1139 2333 1193 idcirco
2387 1142 2552 1195 rebus
2579 1144 3036 1211 corruptibilihus
3070 1144 3227 1200 facile
3265 1150 3430 1216 capti,
3457 1158 3618 1217 atque

2039 1230 2116 1282 ira
2144 1239 2198 1284 et
2237 1233 2682 1298 concupiscentia
2713 1237 2842 1298 acti,
2888 1252 2906 1284 ι
2939 1237 2990 1287 in
3012 1235 3097 1290 Itis
3125 1253 3246 1305 quae
3267 1239 3544 1305 ignorant,
3586 1259 3605 1289 ι

2039 1337 2133 1377 seu
2171 1321 2221 1374 in
2257 1336 2496 1389 congrua
2533 1323 2668 1392 ipsis
2704 1325 3032 1393 ignorantia,
3069 1327 3358 1381 maledicta
3389 1328 3620 1382 l‘nntlen-

2041 1423 2143 1477 tes,
2180 1413 2450 1482 condigna
2485 1415 2799 1482 corruptela
2833 1416 3158 1481 interibunt,
3197 1436 3216 1468 ι
3258 1419 3620 1487 percipientes

2041 1503 2347 1558 mercedem
2391 1503 2694 1570 injustitiae,
2735 1523 2753 1556 ι
2790 1521 2954 1574 quam
3005 1507 3217 1562 scilicet
3273 1509 3375 1562 sibi
3428 1519 3623 1576 sponte

2042 1595 2475 1649 accersiverunt.
2508 1612 2527 1645 ι
2571 1593 2917 1664 Voluptatem
2949 1597 3325 1652 existimantes
3352 1599 3456 1652 diei
3488 1599 3624 1651 deli-

2043 1685 2179 1748 cias,
2221 1705 2238 1736 ι
2274 1685 2378 1739 hoc
2408 1695 2511 1744 est,
2573 1686 2810 1739 maxime
2842 1686 3287 1753 desiderabilem,
3341 1703 3522 1742 veram
3564 1703 3627 1742 ac

2045 1794 2306 1848 perquam
2337 1781 2624 1835 amabilem
2662 1782 2905 1836 laetitiam
2970 1793 3020 1836 et
3054 1785 3382 1851 voluptatem
3414 1785 3466 1836 in
3490 1800 3623 1852 quo-

2049 1870 2249 1923 tidiana
2283 1871 2522 1937 gutturis
2566 1870 2822 1925 l'ruitinne
2879 1873 3042 1926 sitam
3102 1888 3224 1928 esse
3285 1882 3622 1942 reputantes.

2047 1959 2598 2014 Animadvertendum
2625 1978 2754 2016 vero
2789 1977 3002 2016 sacram
3029 1962 3390 2033 Scripturant,
3412 1979 3475 2018 ea
3507 1979 3630 2028 quae

2046 2051 2204 2105 nobis
2241 2052 2388 2105 velut
2420 2054 2810 2109 animabilibus
2841 2053 3049 2118 insunt,
3079 2070 3206 2108 cum
3236 2070 3295 2109 ea
3331 2055 3624 2122 vituperat,

2046 2141 2224 2196 brutis
2254 2143 2626 2198 animantibus
2646 2145 2984 2208 assitnilare;
3020 2154 3077 2196 ut
3099 2160 3222 2198 cum
3249 2144 3324 2196 ait
3352 2163 3365 2198 :
3403 2163 3420 2195 ι
3457 2143 3628 2199 Ιιυιιιο

2047 2249 2170 2288 cum
2202 2235 2254 2288 in
2283 2234 2488 2288 honore
2512 2243 2683 2301 esset,
2718 2252 2824 2289 non
2854 2237 3144 2300 intellexit,
3169 2247 3511 2306 comparatus
3547 2247 3629 2291 est

2041 2325 2311 2394 jnmentis
2349 2325 2761 2395 insipientibus,
2824 2313 3128 2383 et'similis
3187 2329 3366 2382 factus
3407 2338 3489 2383 cst
3558 2332 3629 2381 il-

2046 2416 2115 2470 lis
2147 2415 2211 2469 ³³.
2253 2435 2271 2466 ι
2309 2445 2380 2456 -
2418 2435 2436 2467 ι
2467 2417 2642 2472 Nolite
2673 2419 2785 2473 ﬁeri
2814 2422 2956 2474 sicut
2998 2436 3174 2488 equus
3218 2431 3270 2476 et
3301 2423 3481 2475 multis
3507 2422 3570 2476 ".
3604 2440 3623 2472 ι

2047 2534 2116 2546 —-
2147 2525 2164 2557 ι
2205 2505 2340 2576 Equi
2367 2522 2657 2573 amatores,
2687 2521 2739 2563 ct
2761 2511 3028 2564 emissarii
3054 2513 3178 2566 laeti
3205 2522 3334 2567 sunt
3365 2513 3428 2566 ιδ.
3459 2533 3476 2564 ι
3510 2515 3574 2566 Ει
3607 2531 3620 2566 :

2056 2619 2074 2651 ‹
2113 2597 2299 2654 Estote
2335 2599 2630 2666 prudentes
2679 2601 2823 2656 sicut
2869 2615 3176 2673 serpentes,
3244 2613 3298 2658 ct
3351 2606 3631 2672 simplices

2051 2693 2192 2748 sicut
2223 2695 2494 2748 columba:
2535 2696 2600 2748 ".
2649 2712 2668 2745 ι
2725 2694 2856 2760 Quae
2911 2711 3036 2750 cum
3097 2700 3194 2759 ait,
3239 2715 3346 2751 non
3408 2708 3632 2752 naturus

2050 2785 2376 2838 commutari
2414 2786 2564 2850 vult,
2601 2785 2696 2840 Sed
2751 2789 3034 2844 naturales
3069 2804 3257 2842 eorum
3320 2790 3628 2844 inclinatio-

2053 2891 2171 2938 nes,
2215 2885 2272 2929 ut
2307 2877 2668 2940 declinemus,
2704 2879 2974 2935 hortatur.
3003 2879 3140 2934 Cum
3177 2891 3356 2934 autem
3395 2882 3634 2936 salutare

2052 2967 2184 3038 quid
2210 2967 2374 3038 394
2398 2969 2613 3033 suadet,
2651 2986 2716 3024 ex
2750 2971 3070 3026 melioribus
3093 2972 3508 3025 similitudinem
3545 2990 3634 3026 ae-

2054 3060 2240 3113 cersit.
2277 3061 2366 3113 Sic
2409 3061 2531 3114 ait:
2577 3080 2594 3112 ι
2629 3060 2817 3118 Estote
2863 3062 3290 3122 misericordes.‘
3329 3064 3471 3118 sicut
3529 3063 3636 3116 Pa-

362 3151 553 3222 Πατὴρ
587 3151 742 3221 ὑμῶν
769 3153 797 3204 ὁ
825 3151 1101 3220 οὐράνιος.
1149 3169 1168 3202 ι
1203 3151 1338 3204 Οὐδὲ
1366 3150 1600 3203 ἐνταῦθα
1629 3150 1728 3212 τὰς
1759 3149 1948 3217 φύσεις

2058 3159 2140 3204 ter
2178 3161 2362 3206 vester
2413 3153 2508 3222 qui
2560 3156 2616 3207 in
2658 3155 2815 3210 cmlis
2846 3162 2930 3210 est
2957 3155 3022 3208 ".
3071 3173 3090 3206 ι
3131 3153 3318 3223 Neque
3353 3155 3442 3208 hic
3474 3167 3633 3208 natu-

365 3244 675 3312 μεταποιεῖ,
735 3242 849 3294 ἀλλ’
911 3242 1036 3295 ὅσον
1069 3244 1104 3312 ή
1163 3243 1316 3313 ἰσχὺς
1367 3241 1753 3305 ὑποῦἀλλεται,
1791 3240 1952 3294 τοῦτο

364 3335 541 3386 ποιεῖν
569 3331 1080 3401 παρακελευομένη.

442 3532 460 3563 ι
502 3512 689 3565 Σπῖλοι
722 3512 818 3565 καὶ
849 3510 1053 3581 μῶμοι,
1090 3510 1466 3581 ἐντρυφῶντες
1495 3511 1552 3563 ὲν
1577 3511 1700 3573 ταῖς
1716 3511 1952 3572 ἀπάταις

363 3604 575 3668 αὐτῶν,
625 3602 1093 3673 συνευωχούμενοι
1147 3603 1319 3672 ἡμῖν,
1372 3601 1687 3672 ὀφθαλμοὺς
1739 3602 1954 3670 ἔχοντες

369 3697 606 3764 μεστοὺς
665 3694 974 3764 μοιχαλίδος
1015 3695 1108 3745 καὶ
1167 3692 1596 3746 ἀκαταπαύστου
1655 3692 1954 3762 ἁμαρτίας,

363 3787 708 3850 δελεάζοντες
740 3786 920 3853 ψυχὰς
972 3784 1359 3854 ἀστηρίκτους,
1391 3784 1620 3854 καρδίαν
1669 3799 1952 3852 γεγυμνα-

367 3878 574 3947 σμένην
613 3875 926 3940 πλεονεξίας
981 3875 1217 3944 ἔχοντες,
1281 3876 1528 3946 κατάρας
1563 3875 1751 3937 τέκνα,
1785 3891 1956 3926 κατα-

363 3972 613 4033 λιπόντες
632 3968 731 4039 τὴν
763 3968 976 4020 εὐθεῖαν
1037 3967 1177 4028 ὁδὸν,
1221 3968 1631 4038 ἐπλανήθησαν,
1667 3967 1957 4030 ἐξακολου-

367 4064 632 4129 θήσαντες
653 4063 720 4129 τῇ
745 4058 851 4127 όδῴ
896 4057 986 4110 τοῦ
1024 4057 1253 4128 Βαλαὰμ
1289 4057 1384 4110 τοῦ
1425 4057 1619 4124 Βοσὸρ,
1661 4056 1722 4121 ὃς
1761 4056 1956 4126 μισθὸν

365 4151 582 4214 ἀδικίας
633 4151 944 4221 ἠγάπησεν.
979 4147 1230 4215 Ἐλεγξιν
1287 4147 1342 4200 δὲ
1395 4147 1556 4216 ἔσχεν
1597 4147 1734 4209 ίδίας
1777 4165 1958 4216 παρα-

367 4243 592 4314 νομίαςο
657 4239 952 4308 ὑποζύγιον
1009 4239 1247 4309 ἄφωνον,
1316 4241 1375 4292 ὲν
1443 4238 1737 4308 ἀνθρώπου
1803 4239 1955 4308 φωνῇ

369 4335 763 4405 φθεγξάμενον,
798 4333 1039 4386 ἐκώλυσε
1084 4332 1185 4401 τὴν
1214 4330 1308 4384 τυῦ
1340 4332 1623 4401 προφήτου
1661 4345 1957 4400 παραφροσ

369 4428 511 4481 νίαν.
560 4446 580 4478 ›
613 4427 688 4479 Τὸ
710 4427 837 4495 ἑξῆς
887 4424 1060 4487 οῦτως
1082 4442 1096 4456 ·
1135 4443 1154 4475 ‹
1196 4423 1382 4476 Σπίλοι
1417 4423 1511 4474 καὶ
1561 4421 1748 4491 μῶμοι
1776 4438 1790 4451 ·
1823 4438 1956 4491 καρ-

2055 3257 2146 3297 ras
2197 3244 2618 3301 commutandas
2670 3255 2882 3312 censet,
2949 3246 3044 3300 sed
3112 3246 3380 3309 hortatur,
3442 3256 3500 3299 ut
3565 3245 3632 3299 ad

2056 3333 2132 3399 id,
2192 3343 2459 3404 quantum
2519 3335 2669 3392 vires
2727 3335 3100 3392 nostratlerre
3161 3345 3410 3405 possunt,
3462 3340 3637 3392 enita-

2055 3441 2230 3480 ιιιιιν.ο

2132 3516 2294 3571 νιειιε.
2330 3518 2521 3574 15-16.
2563 3537 2581 3570 ι
2618 3519 3108 3589 Coinquinationes
3140 3530 3195 3575 et
3223 3519 3447 3574 macula:
3497 3518 3636 3573 deli-

2057 3611 2158 3666 ciis
2180 3611 2483 3675 allluentcs,
2510 3613 2562 3664 in
2602 3613 2872 3667 conviviis
2919 3615 3036 3668 suis
3090 3613 3428 3666 luxuriantes
3457 3611 3639 3666 vobis-

2058 3719 2206 3757 eum.
2238 3702 2446 3757 Oculos
2487 3700 2750 3758 habentes
2786 3705 2978 3773 plenos
3007 3705 3281 3768 adulterii,
3309 3713 3363 3758 et
3401 3704 3640 3758 incessa-

2065 3794 2189 3846 bilis
2253 3794 2460 3847 delicti.
2519 3794 2869 3848 Pellicientes
2910 3794 3125 3848 animas
3190 3795 3498 3858 instabiles,
3540 3809 3639 3848 cor

2059 3885 2417 3938 exercitatum
2456 3885 2686 3938 avaritia
2719 3886 3006 3952 habentes,
3067 3886 3468 3941 maledictionis
3519 3886 3634 3941 lilii.

2061 3976 2514 4044 Derelinqnentes
2594 3986 2798 4031 rectam
2843 3979 3011 4043 viam,
3078 3985 3410 4032 erraverunt
3462 3977 3638 4032 secuti

2057 4069 2200 4121 viam
2236 4067 2454 4121 Balaam
2488 4083 2555 4122 ex
2595 4067 2916 4138 Bosor,~qui
2970 4069 3276 4122 mercedem
3328 4068 3641 4137 iniquitatis

2060 4158 2283 4212 amavit.
2316 4159 2732 4228 Correptionem
2772 4175 2902 4214 vero
2961 4160 3152 4214 habuit
3193 4175 3306 4215 sua:
3349 4159 3590 4213 vesania:
3623 4176 3639 4214 :

2060 4249 2350 4319 subjugale
2387 4257 2604 4303 mutum
2654 4249 2880 4312 animal,
2919 4249 3154 4303 hominis
3196 4265 3330 4303 voce
3388 4249 3639 4318 loquens,

2061 4341 2342 4412 prohibuit
2368 4340 2649 4410 propheta:
2683 4340 3077 4410 insipientiam.
3128 4359 3147 4392 ι
3177 4339 3326 4395 Ordo
3353 4340 3641 4395 verborum

2061 4441 2188 4486 est:
2229 4450 2246 4482 ι
2286 4431 2778 4500 Coinquinationes
2818 4440 2869 4486 et
2921 4434 3146 4487 macula:
3176 4450 3190 4486 :
3225 4447 3322 4486 cor
3374 4433 3642 4486 exercita-

368 4521 487 4575 δίαν
502 4517 966 4588 γεγυμνασμένην
996 4517 1212 4588 ἔχοντες
1237 4513 1553 4581 πλεονεξίας
1582 4534 1600 4566 ι
1634 4514 1804 4584 (τοῦτ’
1833 4515 1954 4566 έστι

2065 4537 2176 4578 ιιιιιι
2211 4525 2417 4578 malitia
2447 4524 2730 4588 habentes,
2762 4521 3169 4577 maledictionis
3203 4523 3319 4586 lilii,
3346 4523 3643 4577 convivan-

369 4611 458 4666 διὰ
486 4609 801 4676 πλεονεξίας
831 4610 1342 4681 γεγυμνασμένην),
1397 4628 1416 4661 ι
1458 4608 1705 4679 κατάρας
1759 4610 1954 4672 τέκνα,

373 4703 844 4774 συνευωχούμενοι
886 4705 1052 4774 ήμῖν·
1093 4702 1410 4772 ὀφθαλμοὺς
1467 4701 1683 4771 ἔχοντες
1726 4701 1955 4772 πλήρεις

377 4797 687 4868 μοιχαλίδος
721 4797 815 4849 καὶ
851 4794 1279 4852 ἀκαταπαύστου
1321 4792 1615 4864 ἁμαρτίας,
1645 4793 1955 4858 δελεάζουσι

369 4890 546 4959 ψυχὰς
573 4887 969 4958 ἀστηρίκτους·
995 4905 1013 4936 ι
1047 4884 1113 4948 ἃς
1147 4886 1244 4938 καὶ
1276 4885 1488 4947 Παῦλος
1519 4884 1742 4938 ἐκάλεσε
1774 4901 1962 4952 γυναι-

372 4981 540 5050 κάρια
586 4977 974 5047 σεσωρευμένα
1020 4977 1320 5046 ἁμαρτίαις
1359 4991 1373 5004 ·
1411 4976 1463 5028 οἱ
1513 4974 1557 5028 δ’
1615 4975 1770 5029 αὐτοὶ
1815 4971 1962 5029 οὗτοι

382 5090 400 5122 ι
432 5069 826 5132 καταλιπόντες
887 5067 1104 5122 εὐθεῖαν
1147 5067 1288 5131 ὁδὸν,
1344 5067 1719 5138 ἐπορεύθησαν
1752 5070 1815 5137 τῇ
1856 5068 1960 5136 ὁδῷ

371 5162 466 5217 τοῦ
495 5163 728 5231 Βαλαὰμ
759 5159 853 5214 τοῦ
892 5159 1090 5228 Βοσὸρ,
1127 5179 1146 5212 ι
1182 5160 1275 5211 καὶ
1302 5159 1450 5228 ἑξῆς.
1483 5159 1549 5211 Al.
1574 5158 1749 5226 φωναὶ
1777 5159 1958 5211 αὐτῶν

379 5276 397 5308 ι
441 5255 548 5308 εἰσὶ
587 5255 762 5324 πηγαὶ
811 5252 1053 5323 ἄνυδροι,
1076 5251 1300 5319 νεφέλαι
1334 5250 1440 5304 ὑπὸ
1463 5250 1724 5314 λαίλαπος
1755 5251 1954 5317 ἀφανι-

373 5349 618 5418 ζόμεναι,
647 5364 665 5398 ι
725 5346 822 5400 καὶ
865 5345 1014 5414 ἑξῆς.
1075 5343 1353 5406 Καὶτίνος
1389 5343 1551 5412 χάριν
1607 5361 1626 5393 ι
1654 5343 1682 5394 ὁ
1731 5342 1894 5411 ζόφος
1933 5361 1952 5393 ι

372 5438 557 5500 αὐτοῖς
599 5455 617 5488 ι
651 5435 942 5489 ἀπόκειται
982 5452 999 5484 ι
1041 5434 1145 5496 εἰς.
1174 5433 1266 5485 τόν
1314 5433 1579 5502 μέλλοντα
1609 5432 1825 5497 αἱῶνα;
1859 5431 1958 5484 Διά

372 5529 471 5598 τήν
494 5528 800 5596 ὑπέρογκον
840 5525 1024 5579 αὐτῶν
1054 5523 1419 5592 ματαιότητα,
1447 5523 1515 5574 δι’
1543 5517 1610 5593 ἧς
1642 5522 1958 5600 δελεάζουσι

375 5622 498 5684 τοὺς
524 5621 655 5690 πρὶν
681 5620 741 5671 ὲν
767 5618 948 5690 πλάνῃ
990 5619 1462 5687 ἀναστραφέντας,
1511 5616 1606 5669 καὶ
1631 5615 1803 5677 ὅντως
1825 5614 1959 5667 ταύ-

446 5806 486 5836 ¹⁸
515 5806 654 5862 l‘sal.
677 5819 871 5873 xum,
903 5801 986 5857 15.
1053 5800 1090 5833 ³⁸
1133 5797 1279 5880 Psal.
1307 5812 1459 5866 xxxi,
1485 5799 1538 5853 9.
1594 5799 1635 5829 "
1662 5796 1862 5852 Jcrcm.
1888 5811 1942 5862 ν,

2097 5796 2138 5827 ’⁸
2164 5793 2353 5850 Matth.
2381 5810 2432 5864 ιι,
2457 5794 2544 5850 16.
2624 5794 2667 5826 ³⁷
2695 5792 2829 5851 Luc.
2856 5811 2933 5860 Vl,
2961 5792 3051 5848 36.

2065 4624 2168 4680 tes,
2191 4614 2246 4668 in
2274 4615 2390 4669 suis
2431 4614 2698 4668 conviviis
2751 4615 3113 4678 luxuriantes,
3150 4615 3342 4668 oculos
3378 4613 3641 4667 habentes

2064 4707 2255 4774 plenos
2288 4704 2570 4768 adulterii,
2601 4713 2657 4759 et
2709 4705 3064 4760 incessabilis
3097 4721 3195 4760 seu
3229 4705 3476 4773 perpetui
3505 4702 3643 4757 deli-

2063 4799 2158 4859 cti,
2194 4796 2478 4866 pelliciunt
2509 4797 2722 4851 animas
2756 4796 3044 4851 instabiles
3081 4814 3097 4846 ι
3139 4795 3300 4864 (quas
3335 4804 3388 4848 et
3436 4793 3640 4848 Paulus

2069 4887 2421 4942 mulierculas
2452 4887 2691 4955 peccatis
2720 4896 2975 4940 oneratas
3013 4897 3170 4939 vocat
3202 4886 3265 4954 η)
3298 4905 3314 4935 ι
3347 4894 3398 4939 ct
3440 4885 3491 4938 hi
3528 4886 3642 4953 qni-

2063 4980 2213 5042 dem,
2247 4979 2441 5032 relicta
2473 4979 2560 5029 via
2596 4990 2766 5039 recta,
2803 4979 3062 5031 abierunt
3123 4977 3206 5030 via
3265 4976 3483 5029 Balaam
3543 4975 3636 5027 tilii

2065 5070 2255 5134 anor,
2299 5087 2317 5120 ι
2341 5077 2448 5122 etc.
2478 5067 2654 5121 Voces
2678 5083 2866 5122 corum
2904 5086 2922 5118 ι
2962 5076 3092 5122 sunt
3127 5067 3302 5121 fontes
3331 5066 3448 5120 sine
3474 5079 3636 5133 aqua.

2061 5169 2116 5216 et
2153 5161 2363 5216 nebula!
2401 5158 2716 5213 turbinibus
2770 5158 3005 5228 agitatae,
3048 5177 3066 5208 ι
3109 5173 3204 5210 seu
3234 5157 3494 5225 disjecue.
3530 5153 3635 5208 Sed

2060 5265 2224 5318 quam
2259 5249 2328 5302 oh
2349 5263 2571 5302 causam
2608 5265 2626 5298 ι
2664 5247 2838 5317 caligo
2869 5247 3219 5302 tenebrarum
3263 5264 3280 5294 ι
3318 5244 3423 5297 illis
3456 5245 3509 5296 in
3554 5243 3641 5296 fu-

2059 5349 2242 5394 turum
2273 5340 2530 5394 saeculum
2563 5357 2581 5390 ι
2622 5337 2975 5393 reservatur?
3004 5356 3022 5388 ι
3063 5335 3286 5390 Scilicet
3303 5334 3638 5389 obtumitlis-

2062 5435 2256 5490 simam
2307 5447 2497 5487 eorum
2544 5431 2835 5484 vanitatem
2872 5448 2885 5484 :
2925 5443 3032 5499 qua
3065 5443 3183 5488 eos.
3229 5426 3319 5496 qui
3371 5439 3633 5485 errorem,

2065 5530 2117 5580 in
2153 5541 2261 5594 quo
2295 5533 2453 5579 antea
2500 5523 2702 5578 versati
2757 5528 2908 5584 sunt,
2950 5519 3276 5589 eﬂ'ugerant,
3331 5515 3632 5586 pelliciunt.

2064 5632 2128 5670 ac
2161 5617 2407 5670 incscant
2431 5613 2786 5684 impudicitiis
2811 5627 2873 5666 ac
2901 5611 3187 5666 desideriis
3216 5606 3546 5669 carnalibus,
3578 5615 3636 5658 ut

3153 5791 3195 5823 '°
3227 5789 3270 5846 ll
3295 5787 3436 5844 Titii.
3463 5801 3547 5854 tu,
3579 5787 3632 5840 6.
