4120 6428
501 390 640 461 12ῑὸ

1387 391 1966 452 TIIEOPHYLACTI
2023 391 2356 451 BULGARI
2372 393 2436 451 1E
2481 394 2845 453 ARCIllEP.

3630 388 3765 456 1276

499 512 650 566 velut
678 523 844 564 canes
878 507 944 560 ad
985 505 1250 559 vomitum
1300 520 1460 560 suum
1539 514 1902 558 revertantur.
1939 502 2070 568 Qua:

2195 519 2273 570 την
2304 502 2708 569 ἀποφυγόντας,
2763 503 2820 554 ἐν
2863 502 3174 570 ἀσελγείαις
3204 502 3297 558 καὶ
3336 505 3393 556 ἐν
3439 503 3759 571 ἐπιθυμίαις

497 621 630 660 vero
665 603 753 656 hic
778 601 1062 667 interiecta
1091 609 1238 658 sunt,
1263 612 1451 651 eorum
1474 598 1766 651 vanitatem
1789 600 2076 652 enuntiant

500 710 566 749 ac
601 693 952 746 con-firmant.
987 689 1194 744 Sensus
1231 698 1412 742 autem
1464 697 1548 741 est
1581 705 1594 740 :
1659 688 1823 750 Nihil,
1879 691 2076 758 inquit,

501 786 622 852 puri
654 785 942 844 habentes,
971 783 1063 836 sed
1089 792 1344 850 tauquam
1378 781 1530 834 labes
1564 781 1616 833 in
1649 781 1878 834 candida
1908 791 2076 845 veste,

501 877 573 931 ita
609 877 686 931 illi
746 878 801 928 in
859 891 994 942 pura
1046 874 1300 928 Ecelesiaa
1361 874 1786 927 conversatione
1837 873 2078 936 subnati,

500 987 624 1026 cum
657 970 870 1038 aliquos
902 969 1112 1022 obviam
1148 967 1365 1025 habent.
1397 967 1440 1019 si
1487 967 1693 1034 possint
1715 981 1808 1019 eos
1839 966 1953 1019 sive
1999 966 2080 1018 vi-

505 1077 621 1126 ros,
674 1063 788 1115 sive
843 1061 1108 1114 mulieres
1161 1059 1576 1113 conversatione
1629 1073 1725 1111 sua
1777 1056 2082 1126 impudicos

503 1153 752 1214 reddere,
787 1151 838 1204 id
873 1151 927 1204 in
953 1151 1168 1205 deliciis
1203 1151 1426 1213 habent,
1457 1149 1603 1219 quod
1633 1164 1789 1204 suam
1836 1150 2080 1217 ipsorum

502 1245 783 1298 lasciviam
847 1243 1097 1310 explendi
1170 1243 1250 1297 sic
1305 1243 1518 1311 copiam
1573 1243 1988 1296 nanciscautur.
2041 1241 2084 1294 li

499 1335 663 1387 etiam
713 1349 808 1388 vos
840 1334 1094 1388 Convivio
1130 1334 1362 1388 libenter
1397 1333 1697 1401 excipiunt,
1726 1349 1832 1387 non
1864 1344 2084 1402 propter

500 1409 853 1486 eharitatem,
901 1433 960 1476 ut
991 1425 1131 1477 alios
1171 1423 1441 1477 bonorum
1501 1437 1728 1477 suorum
1787 1424 2083 1493 participes

500 1517 734 1580 faciant,
780 1515 872 1570 sed
909 1515 1036 1582 quia
1071 1514 1382 1584 huiusmodi
1417 1523 1632 1584 tempus
1664 1515 1729 1568 ad
1759 1514 2082 1570 feminarum

501 1606 878 1676 deceptionem
914 1616 1284 1676 opportunum
1311 1613 1504 1675 putant
1531 1623 1544 1659 :
1578 1621 1702 1659 nam
1735 1606 1926 1660 oculos
1953 1621 2083 1662 suos

501 1715 611 1753 non
652 1699 706 1752 in
734 1698 878 1752 aliud
913 1713 1076 1767 quam
1106 1698 1159 1751 in
1187 1699 1464 1754 adulteras
1505 1698 1816 1764 intendunt,
1851 1714 1915 1753 ac
1948 1698 2086 1753 deli-

501 1805 602 1844 xos
632 1805 848 1854 semper
879 1790 1157 1844 retinent:
1195 1790 1442 1858 adeoque
1474 1801 1781 1859 peccantes,
1819 1801 1876 1845 ut
1911 1793 2084 1845 male-

2183 595 2404 667 σαρκὸς,
2440 597 2516 660 ὡς
2537 597 2687 651 κύων
2729 601 2822 652 ἐπὶ
2858 601 2915 651 τὸ
2949 599 3079 651 ἴδιον
3131 598 3384 667 ίξήραμα
3417 599 3760 668 ἐπιστρέψαι.

2181 691 2260 742 Τὰ
2301 691 2355 742 δὲ
2399 691 2626 760 μεταξὺ,
2649 691 2748 758 τῆς
2787 692 3148 761 ματαιότητος
3179 690 3384 743 τούτων
3407 690 3766 759 ἐξαγγελτικά

2183 783 2275 833 καὶ
2325 783 2654 835 πιστωτικά.
2700 782 2759 835 Ὀ
2805 783 2862 835 δὲ
2929 782 3054 844 νοῦς
3111 777 3306 844 οὗτος·
3347 782 3534 848 Ούδέν,
3576 785 3762 852 φησὶν,

2181 873 2398 939 ἔχοντες
2461 872 2862 943 καθαριότητος
2915 873 3195 942 ἐχόμενον,
3227 872 3342 924 ἀλλ’
3376 873 3452 933 ὼς
3493 873 3672 924 σπῖλοι
3710 875 3768 924 ἐν

2187 961 2386 1031 ίματίῳ
2411 961 2638 1030 καθαρῷ
2671 967 2733 1031 τῇ
2771 964 3066 1033 ἀκραιφνεῖ
3107 963 3354 1031 πολιτεία
3384 963 3766 1030 ἐπιφυόμενοι,

2183 1050 2403 1105 ἐπειδάν
2434 1054 2761 1123 ἀπατήσωσί
2789 1072 2942 1116 τινας
2999 1055 3098 1108 καὶ
3157 1053 3463 1124 δυνηθῶσιν
3521 1053 3770 1120 ἀσελγεῖς

2183 1138 2383 1209 ἄνδρας
2419 1142 2546 1203 τοὺς
2577 1143 2835 1204 συνόντας
2860 1143 2956 1196 καὶ
3010 1145 3280 1208 γυναῖκας
3322 1125 3768 1211 παρασκευάσαι,

2183 1232 2399 1302 τρυφὴν
2439 1233 2700 1302 ἡγοῦνται
2773 1234 2832 1286 τὸ
2893 1236 3149 1304 πρᾶγμα,
3192 1233 3644 1304 ἀποπληροῦντιες⁹
3673 1234 3772 1303 τὴν

2186 1326 2397 1381 ἑαυτῶν
2419 1326 2729 1392 ἀσέλγειαν.
2775 1326 2937 1379 Ἀλλὰ
2988 1327 3081 1379 καὶ
3119 1325 3587 1396 συνευωχούμενοι
3616 1325 3771 1392 ὑμῖν,

2185 1418 2248 1471 οὐ
2297 1417 2365 1470 δι’
2403 1418 2646 1488 ἀγάπην,
2694 1420 2854 1487 φησὶ,
2901 1418 3078 1470 καὶτὸ
3134 1417 3576 1486 μεταλαμϐάνειν
3629 1415 3774 1469 ἀλῶν

2186 1507 2346 1560 τοῦτο
2377 1506 2644 1571 ποιοῦσιν,
2673 1506 2808 1560 ἀλλά
2837 1507 2925 1560 διὰ
2962 1507 3024 1559 τὺ
3043 1506 3239 1576 καιρὸν
3267 1505 3551 1575 εὑρίσκειν
3585 1505 3776 1557 τοῦτον

2187 1595 2490 1666 ἐπιτήδειον
2533 1595 2634 1664 τῆς
2695 1595 2832 1664 πρὸς
2881 1599 3146 1661 γυναῖκας
3196 1596 3435 1667 ἀπάτης.
3473 1592 3636 1650 Οὗτοι
3667 1598 3776 1663 γὰρ

2189 1686 2504 1759 ὀφθαλμοὺς
2536 1685 2776 1756 ἔχοντες,
2815 1687 2967 1741 οὐδὲν
3006 1687 3136 1741 ἀλλο
3170 1687 3544 1757 βλέπουσιν,ἢ
3581 1705 3777 1757 μοιχα-

2190 1777 2374 1841 λίδας·
2411 1779 2505 1832 καὶ
2556 1781 2613 1832 ἐν
2659 1777 2836 1848 τούτῳ
2871 1779 3315 1843 ἀκαταπαύστως
3363 1780 3653 1849 βλέποντες
3684 1782 3779 1832 καὶ

501 1881 760 1935 dictionis
803 1881 919 1945 ﬁlii,
956 1881 1240 1936 instabiles
1309 1883 1629 1950 debilesque
1681 1883 1893 1938 animas
1926 1882 2084 1952 pelli-

2195 1868 2621 1939 ἁμαρτάνοντες,
2647 1867 2722 1930 ὡς
2751 1868 2998 1935 κατάρας
3032 1868 3219 1932 τέκνα,
3260 1866 3440 1936 ψυχάς
3498 1865 3780 1918 δελεάζου-

501 1975 656 2027 ciunt
679 1983 840 2042 atque
867 1975 1136 2028 inescant.
1169 1975 1276 2028 Cor
1295 1989 1531 2044 namque
1560 1973 1801 2043 ipsorum
1835 1973 1889 2028 in
1937 1973 2085 2027 nullo

501 2066 632 2125 alio,
671 2076 1033 2135 praeterquam
1069 2068 1122 2120 in
1167 2067 1508 2136 impurarum
1582 2067 1946 2133 voluptatum,
2001 2066 2083 2118 vel

502 2155 820 2210 divit'arum
857 2158 1115 2211 aviditate
1137 2158 1493 2212 exercitatum
1518 2165 1622 2212 est.
1657 2155 1722 2208 Et
1761 2157 1830 2208 ob
1872 2165 2084 2208 utrum-

503 2262 610 2314 que
645 2248 837 2302 borum
872 2266 898 2300 a
928 2249 1034 2311 via,
1070 2249 1289 2318 quze'ad
1329 2249 1490 2302 vitam
1516 2247 1686 2310 ducit,
1718 2247 1902 2315 procul
1935 2246 2088 2297 aber-

503 2350 669 2395 rant:
714 2357 885 2412 quare
915 2341 1082 2402 idem,
1121 2341 1267 2410 quod
1301 2341 1430 2393 olim
1468 2338 1726 2392 Balaamo
1777 2341 1887 2393 lilio
1919 2341 2087 2393 Bosor

505 2432 728 2498 accidit,
764 2433 1169 2502 perpetiuntur.
1221 2431 1356 2485 Nam
1386 2440 1439 2486 et
1467 2432 1557 2485 ille
1596 2446 1822 2484 munera
1858 2440 1912 2484 et
1943 2447 2087 2486 mer-

505 2524 694 2577 cedem
729 2524 1037 2592 iniquitatis
1059 2523 1262 2576 amavit
1301 2539 1313 2574 :
1346 2524 1441 2577 sed
1470 2523 1949 2590 reprehensionem
1977 2539 2089 2576 suae

507 2615 817 2684 iniquitatis
847 2616 1076 2671 sortitus
1099 2613 1262 2684 395
1289 2622 1373 2668 est
1408 2630 1437 2667 a
1476 2613 1913 2682 mutojumentn,
1940 2613 2087 2681 quod

507 2705 748 2760 lmmana
786 2707 1020 2775 loquens
1051 2721 1207 2770 voce,
1258 2706 1535 2775 propheta:
1569 2705 1898 2760 dementiam
1951 2705 2092 2758 inbi-

507 2798 626 2852 buit
663 2799 725 2854 ¹⁹.
764 2799 839 2852 Ιεῖχ
871 2813 981 2868 quo
1009 2798 1276 2852 discimus
1309 2795 1649 2860 Balaamum,
1684 2805 1974 2864 postquam
2004 2809 2091 2849 se—

508 2888 618 2941 mel
655 2903 683 2939 a
731 2886 838 2942 Deo
875 2888 1191 2957 prohibitus
1231 2898 1314 2941 est
1362 2888 1427 2940 ad
1488 2887 1779 2941 Balaacum
1813 2885 1884 2940 ob
1926 2886 2090 2939 tumi-

506 2979 630 3030 dam
656 2993 807 3032 suam
830 2981 1140 3047 passionem
1169 2996 1328 3047 quam
1349 2980 1541 3033 insana
1568 2981 1867 3048 impostnra
1887 2980 2087 3042 alebat,

519 3066 807 3130 accedere,
840 3068 904 3120 ad
937 3069 1114 3135 ipsum
1175 3069 1369 3121 iterato
1405 3083 1629 3139 pergere
1679 3069 2033 3123 eoutendisse
2073 3086 2088 3126 :

507 3155 602 3210 sed
635 3155 725 3212 Dei
760 3158 957 3213 timore
1010 3160 1410 3214 aclerroribus
1465 3161 1517 3214 in
1574 3163 1659 3214 via
1714 3162 2087 3230 perterritum.

511 3249 676 3303 verba
729 3249 1132 3307 benedictionis
1175 3251 1458 3306 ellundere
1509 3255 1853 3323 compulsum
1897 3253 2085 3309 fuisse.
2117 3223 2164 3285 δ

507 3338 792 3406 Propheta:
821 3341 965 3393 enim
992 3357 1114 3408 qua:
1142 3341 1457 3410 loquuntur,
1483 3342 1724 3397 scientes
1751 3344 2086 3412 loquuntur;

506 3439 561 3484 et
597 3429 805 3484 idcirco
837 3431 881 3484 is
921 3433 1184 3498 propheta
1227 3435 1533 3501 appellatus
1567 3442 1674 3498 est,
1699 3435 1846 3504 quod
1881 3436 2089 3489 sciebat

509 3521 640 3589 quid
676 3521 886 3576 diceret
923 3539 938 3576 :
971 3539 1150 3590 neque
1219 3529 1500 3592 ignorans.
1557 3540 1690 3579 casu
1747 3526 1930 3580 dicere
1979 3542 2091 3580 me-

507 3613 645 3666 liora
715 3614 899 3684 elegit.
965 3613 1137 3684 igitur
1199 3616 1511 3670 benedictio
1572 3617 1660 3670 illa
1721 3632 1826 3669 non
1887 3618 2093 3671 insana:

507 3702 797 3769 cujusdam
867 3703 1239 3770 divinationis,
1293 3705 1387 3760 sed
1449 3699 1644 3760 divina:
1699 3706 1919 3761 virtutis
1953 3722 2092 3776 opus

507 3793 632 3848 fuit.

579 3885 750 3942 Vens.
799 3888 979 3943 l7-19.
1020 3907 1038 3939 ι
1078 3887 1140 3941 Hi
1168 3897 1297 3943 sunt
1338 3890 1516 3944 fontes
1541 3891 1658 3945 sine
1683 3905 1820 3960 aqua
1843 3931 1860 3956 ,
1918 3901 1970 3945 et
1999 3907 2092 3946 ne~

507 3977 650 4032 bula:
690 3980 908 4033 turbine
929 3982 1238 4048 exagitatis,
1271 3982 1494 4051 quibus,
1527 3984 1704 4055 caligo
1741 3985 2090 4039 tenebrarum

505 4078 844 4122 reservatur.
889 4068 1136 4139 Superba
1167 4077 1312 4126 enim
1360 4074 1620 4129 vanitatis
1658 4076 1942 4145 loquentes
1981 4077 2094 4145 pel-

510 4159 707 4213 lieiunt
747 4162 800 4214 in
835 4162 1125 4219 desideriis
1164 4167 1351 4220 carnis
1409 4166 1636 4222 luxuriae
1683 4185 1779 4223 eos
1818 4170 1908 4238 qui
1959 4187 2094 4238 pau-

510 4251 684 4304 lulum
714 4252 1001 4321 effugiunt,
1029 4256 1121 4325 qui
1155 4256 1209 4310 in
1239 4272 1429 4312 errore
1451 4271 1870 4314 conversantur.
1909 4261 2097 4315 Liber-

511 4353 685 4397 tatem
754 4345 864 4399 illis
920 4349 1342 4416 promittentes,
1403 4366 1531 4405 cum
1590 4352 1694 4421 ipsi
1763 4354 1909 4407 servi
1986 4357 2096 4408 sint

507 4435 881 4504 corruptionis
919 4454 933 4490 :
967 4451 996 4490 a
1027 4454 1137 4508 quo
1161 4440 1306 4493 enim
1338 4441 1462 4510 quis
1479 4450 1772 4506 superatus
1795 4451 1899 4507 est,
1931 4443 2096 4514 hujus

508 4535 564 4582 et
600 4543 790 4582 servus
817 4540 920 4584 est.
957 4548 976 4580 ι
1013 4532 1148 4584 Cum
1182 4535 1350 4586 multa
1387 4548 1480 4600 per
1502 4535 1895 4605 digressionem
1923 4537 2095 4591 dixis-

510 4629 596 4674 set
616 4621 782 4678 (inter
810 4638 933 4690 qua:
963 4632 1015 4677 et
1039 4624 1348 4692 exemplum
1377 4625 1616 4679 Balaami
1641 4628 1968 4699 proposuit),
1994 4629 2092 4684 de-

511 4727 622 4766 nuo
651 4712 716 4765 ad
751 4713 1162 4782 impurissimos
1192 4714 1490 4771 Gnost'lcos
1520 4733 1832 4772 sermonem
1860 4734 2091 4774 conver-

508 4809 595 4864 tit,
621 4820 825 4874 eosque
853 4823 873 4858 ι
918 4805 1162 4861 fontibus
1197 4809 1316 4862 sine
1344 4818 1525 4877 aqua)”
1564 4809 1854 4874 assimilat,
1895 4813 2094 4881 quippe

508 4897 601 4965 qui
638 4912 829 4966 puram
862 4911 926 4951 ac
954 4899 1249 4952 salutarem
1309 4901 1638 4971 evangelicae
1684 4902 2092 4969 pra:dieatiunis

509 5002 705 5056 aquam
741 4987 1041 5042 amiserant
1068 5006 1082 5042 :
1113 4997 1228 5043 tum
1271 4992 1435 5044 etiam
1479 4992 1718 5047 nubibus
1745 5008 1842 5048 eos
1865 5009 2090 5064 compa-

508 5088 613 5142 rat,
643 5095 764 5148 qua:
792 5095 819 5133 a
851 5082 1133 5134 contrario
1155 5092 1320 5135 vento
1362 5081 1635 5150 feruntur,
1671 5100 1835 5152 quem
1884 5085 2094 5140 ideirco

514 5189 532 5222 ι
573 5172 850 5226 turbinem
889 5192 906 5224 ι
936 5188 1030 5226 seu
1067 5175 1368 5242 procellam
1431 5185 1609 5237 vocat,
1642 5177 2093 5247 quandoquidem

510 5263 754 5333 exagitat
787 5275 838 5317 et
868 5266 1156 5332 perturbat
1188 5281 1310 5333 qua:
1344 5264 1538 5320 defert.
1579 5267 1694 5322 Non
1721 5279 1848 5323 sunt
1883 5270 2093 5339 itaque,

510 5354 710 5424 inquit,
744 5356 920 5410 nubes
949 5357 1255 5425 pellucidze,
1289 5357 1599 5424 cujusmodi
1627 5368 1754 5414 sunt
1774 5362 1976 5425 sancti,
2001 5362 2094 5416 sed

512 5447 687 5514 plenae
726 5447 984 5515 caligine.
1048 5447 1116 5500 At
1146 5463 1247 5503 cur
1289 5449 1403 5502 ita?
1457 5451 1690 5505 Causam
1746 5452 1861 5520 ipse
1917 5452 2094 5518 aﬂ‘erl,

513 5536 663 5602 quia,
697 5536 898 5605 inquit,
943 5537 1106 5590 etiam
1139 5555 1157 5588 ι
1192 5539 1430 5608 superba
1472 5559 1490 5591 ι
1525 5557 1588 5593 ex
1624 5559 1641 5592 ι
1677 5541 1920 5596 vanitate
1962 5561 1979 5593 ι
2017 5543 2098 5597 l0-

516 5638 803 5692 quuntur:
848 5629 1190 5697 pellicientes
1222 5646 1318 5698 per
1367 5633 1645 5688 carnalem
1699 5635 2100 5705 concupiscen-

593 5802 636 5833 “
678 5800 844 5856 Nunt.
874 5821 1008 5868 xm,
1045 5805 1116 5859 28
1154 5822 1313 5876 seqq.

2197 1977 2283 2012 σιν
2315 1961 2702 2030 ἀστηρίκτους.
2750 1961 2821 2012 Ἠ
2853 1959 2960 2029 γὰρ
2997 1957 3200 2030 καρδία
3227 1957 3408 2012 αὐτῶν
3450 1957 3584 2027 πρὸς
3625 1956 3782 2010 οὐδὲν

2192 2052 2341 2112 ἄλλο,
2371 2051 2403 2121 ἢ
2439 2052 2575 2122 πρὸς
2606 2051 2927 2115 πλεονεξίαν
2950 2050 3250 2122 ἐξήσκηται
3276 2050 3424 2122 [ἦτοι
3461 2050 3777 2116 ἀσελγείας,

2194 2143 2225 2214 ἢ
2259 2141 2354 2196 καὶ
2375 2141 2697 2212 κτημάτων,
2723 2140 2793 2193 δι’
2816 2140 2982 2212 ἀπερι
3031 2141 3327 2211 ἀμφότερα
3385 2139 3780 2201 καταλιπόντες

2193 2234 2292 2297 τὴν
2350 2232 2797 2287 κατευθύνουσαν
2854 2233 3057 2296 αὐτοὺς
3105 2231 3242 2302 πρὸς
3311 2229 3588 2300 σωτηρίαν
3637 2229 3779 2288 ὁδον.

2195 2322 2576 2394 ἐπλανήθησαν
2596 2323 2818 2394 ταύτης,
2843 2322 3010 2376 ταύτὸ
3045 2321 3310 2383 παθόντες
3499 2339 3519 2374 ι
3556 2321 3786 2388 Βαλαάμ

2195 2414 2294 2468 τοῦ
2318 2413 2490 2483 Βοσόρ
2512 2430 2526 2443 ·
2564 2433 2582 2464 ι
2640 2414 2765 2466 ἐπεὶ
2795 2414 3048 2476 κάκεῖνος
3074 2413 3163 2466 διά
3189 2411 3523 2480 δωροδοκίαν
3557 2413 3647 2463 καὶ
3689 2429 3784 2480 μι-

2198 2506 2324 2560 σθὸν
2350 2506 2562 2569 ἀδικίας
2595 2505 2905 2576 ἠγάπησεν.
2944 2505 3196 2573 Ἐλεγξιν
3237 2504 3294 2558 δὲ
3354 2503 3482 2573 ἔσχε
3517 2503 3616 2573 τῆς
3647 2502 3785 2564 ἰδίας

2199 2600 2545 2669 παρανομίας
2570 2599 2864 2667 ὑποζύγιον
2891 2599 3124 2667 ἄφωνον,
3153 2597 3182 2650 ὃ
3220 2599 3278 2650 ἐν
3307 2594 3598 2666 ἀνθρώπου
3629 2598 3786 2664 φωνῇ

2198 2691 2598 2762 φθεγξάμενον,
2632 2691 2874 2744 ἐκώλυσε
2902 2690 3002 2761 τὴν
3035 2690 3128 2743 τοῦ
3168 2690 3455 2759 προφήτου
3502 2705 3788 2758 παραφρο-

2201 2785 2386 2855 σύνην.
2438 2785 2558 2854 Ἀφ’
2583 2776 2644 2838 οὗ
2687 2783 3034 2853 μανθάνομεν
3063 2784 3143 2836 ὅτι
3180 2783 3268 2836 διά
3303 2783 3363 2835 τὸ
3392 2781 3662 2849 φυσιῶδες
3687 2781 3788 2834 αὖ·

2198 2877 2292 2930 τοῦ
2318 2877 2510 2940 πάθος.
2533 2879 2561 2930 ὁ
2588 2877 2838 2948 Βαλαὰμ,
2880 2879 3019 2946 ὅπερ
3050 2876 3135 2930 διά
3151 2877 3248 2945 τῆς
3285 2874 3587 2944 μανιώδους
3618 2872 3790 2928 αὑτοῦ

2205 2969 2546 3039 μαγγανείας
2597 2968 2844 3038 ἔτρεφεν,
2874 2966 3024 3032 ἀπαξ
3065 2966 3332 3029 κωλυθεὶς
3375 2967 3480 3019 ὑπὸ
3503 2966 3597 3020 τοῦ
3625 2963 3786 3025 Θεοῦ,

2200 3063 2258 3114 τὸ
2284 3062 2542 3132 δεύτερον
2573 3061 2894 3130 φιλονείκως
2919 3061 3056 3131 πρὸς
3094 3060 3188 3112 τὸν
3224 3059 3404 3114 Βαλάκ
3451 3059 3789 3131 πορευθῆναι

2199 3154 2460 3223 ἠπείγετο
2485 3171 2498 3185 ο
2541 3154 2636 3206 καὶ
2660 3152 2738 3222 τῷ
2769 3151 2920 3222 φόϐῳ
2947 3151 3038 3205 τοῦ
3065 3151 3202 3205 Θεοῦ
3239 3152 3518 3222 πεδηθεὶς,
3551 3153 3643 3204 καὶ
3676 3155 3792 3214 τοῖς

2198 3250 2337 3301 κατὰ
2384 3247 2484 3318 τὴν
2531 3247 2649 3300 ὁδον
2699 3247 2946 3317 δείμασι,
2975 3245 3038 3298 τὸ
3093 3245 3247 3317 ῥῆμα
3293 3247 3390 3312 τῆς
3429 3244 3681 3312 εὐλογίας
3728 3247 3792 3296 ού

2195 3341 2601 3411 τταρεποίησεν⁸
2635 3341 2771 3410 ὅπερ
2800 3340 2860 3392 οὐ
2894 3340 2992 3406 τῆς
3026 3338 3286 3408 μαντείας
3314 3332 3403 3408 ἦν.
3441 3338 3504 3390 Οί
3525 3336 3633 3406 γάρ
3659 3355 3800 3406 προσ

2194 3436 2364 3504 φῆται
2410 3436 2767 3504 ἐπιστάμενοι
2806 3436 3139 3504 φθέγγονται
3177 3436 3213 3490 ἀ
3243 3435 3596 3504 φθέγγονται.
3626 3433 3792 3486 Ὅθεν

2195 3529 2288 3579 καὶ
2323 3530 2616 3598 προφήτην
2647 3529 2809 3582 αὐτὸν
2875 3529 3161 3593 ἐκάλεσεν,
3220 3529 3298 3591 ὡς
3339 3527 3704 3596 ἐπιστάμενον
3756 3525 3793 3580 ἃ

2192 3616 2363 3684 λέγει.
2393 3619 2468 3670 Οὐ
2497 3621 2607 3688 γὰρ
2639 3619 2705 3672 ἂν
2747 3621 2804 3671 ἐν
2846 3619 3046 3689 ἐκλογῇ
3071 3619 3267 3686 γέγονε
3301 3617 3409 3670 τῶν
3438 3615 3792 3687 κρειττόνων,

2193 3708 2403 3775 ἀγνοῶν
2423 3709 2458 3763 ἃ.
2484 3710 2807 3778 φθέγγεται.
2839 3712 2913 3764 Οὐ
2933 3712 3029 3780 τῆς
3077 3710 3338 3779 μαντείας
3372 3710 3550 3764 τοίνυν
3583 3711 3619 3778 ἡ
3644 3709 3798 3760 εὐλο-

2197 3799 2311 3866 γία.
2339 3800 2473 3853 ἀλλὰ
2505 3800 2604 3869 τῆς
2637 3799 2918 3870 δυνάμεως
2939 3799 3032 3852 τοῦ
3063 3799 3222 3854 Θεὸὖ.

2271 3913 2288 3943 ι
2329 3885 2488 3945 Οὗτοί
2516 3894 2622 3946 είσι
2658 3893 2834 3962 πηγαὶ
2875 3893 3116 3964 ἄνυδροι,
3150 3891 3372 3960 νεφέλαι
3400 3890 3505 3945 ὑπὸ
3535 3890 3798 3953 λαίλαπος

2196 3984 2568 4053 ἐλαυνόμεναι.
2611 3979 2692 4044 οἷς
2726 3985 2753 4035 ὀ
2792 3982 2957 4047 ζόφος
2988 3981 3083 4034 τοῦ
3129 3981 3355 4044 σκότους
3386 3983 3468 4044 είς
3500 3980 3672 4032 αἰῶνα
3701 3996 3799 4032 τε·
3833 4021 3836 4024 .

2195 4076 2450 4144 τήρηται.
2508 4074 2827 4144 Ὑπέρογκα
2868 4073 2977 4142 γάρ
3010 4072 3370 4142 ματαιότητος
3407 4071 3796 4140 φθεγγόμενοι,

2194 4164 2536 4227 δελεάζουσιν
2573 4166 2653 4228 εἰς
2711 4163 2900 4235 [vulg.
2952 4162 3057 4234 ἐν]
3116 4162 3412 4233 ἐπιθυμίας
3460 4162 3684 4232 σαρκὸς,
3739 4164 3799 4214 ὲν

2195 4255 2527 4324 ἀσελγείαις,
2560 4257 2686 4319 τοὺς
2724 4255 2896 4316 ὅντως
2925 4253 3340 4324 ἀποφεύγοντας
3373 4255 3395 4320 [
3424 4254 3561 4323 vulg.
3592 4255 3801 4320 ἀποτρυ-

2195 4348 2433 4423 γόντας]
2478 4350 2604 4413 τοὺς
2634 4352 2691 4403 ἐν
2740 4347 2915 4418 πλάνῃ
2951 4345 3480 4417 ἀναστρεφομένους.
3543 4345 3797 4398 Ἑλευθε·

2201 4443 2324 4513 ρίαν
2353 4441 2537 4504 αὐτοῖς
2570 4439 3056 4510 ἐπαγγελλόμενοι,
3099 4439 3255 4492 αὐτοὶ
3300 4437 3479 4491 δοῦλοι
3531 4437 3800 4507 ὑπάρχον-

2197 4549 2288 4594 τες
2313 4533 2412 4601 τῆς
2443 4530 2670 4602 φθορᾶς.
2702 4523 2775 4602 ᾯ
2817 4532 2926 4600 γάρ
2967 4547 3051 4593 τις
3080 4529 3331 4600 ἥττηται,
3368 4528 3544 4600 τούτῳ
3579 4528 3674 4580 καὶ
3713 4527 3802 4580 δε-

2198 4623 2480 4681 δούλωται.
2523 4641 2542 4674 )
2595 4622 3062 4691 Μεταξυλογήσας
3110 4620 3303 4684 πολλὰ,
3353 4622 3412 4673 ἐν
3457 4614 3538 4682 οἷς
3591 4619 3652 4670 τὸ
3702 4618 3796 4672 τοῦ

2202 4713 2430 4782 Βαλαὰμ
2457 4713 2770 4783 προήγαγεν
2801 4713 3128 4783 ὑπόδειγμα,
3160 4710 3462 4765 ἐπανέλαϐε
3509 4711 3670 4763 πάλιν
3704 4714 3796 4760 τον

2202 4807 2331 4878 περὶ
2357 4805 2467 4858 τῶν
2497 4806 2826 4874 ἀκαθάρτων
2857 4805 3180 4859 Γνωστικῶν
3223 4804 3399 4872 λόγον.
3438 4803 3548 4856 Καὶ
3573 4802 3800 4854 ἀπεικά-

2203 4899 2285 4964 ζει
2324 4899 2519 4961 αὐτοὺς
2555 4915 2574 4949 ι
2610 4900 2816 4968 πηγαῖς
2863 4895 3134 4967 ἀνύδροις,
3185 4914 3204 4948 ι
3237 4895 3313 4958 ὡς
3370 4893 3795 4954 ἀπολωλεκότας

2201 4991 2262 5043 τὸ
2283 4991 2377 5042 τοῦ
2410 4989 2771 5059 κηρύγματος
2814 4988 3057 5058 καθαρὸν
3097 4987 3194 5040 καὶ
3255 4988 3481 5054 πότιμον
3514 4986 3658 5054 ὓδωρ
3697 4985 3799 5053 τῆς

2203 5086 2383 5151 ζωῆς·
2425 5085 2559 5138 ἀλλά
2609 5085 2702 5136 καὶ
2752 5083 3006 5151 νεφέλαις
3055 5082 3254 5144 αὐτοὺς
3303 5078 3642 5149 παραϐάλλει
3694 5077 3801 5130 ὑπὸ

2205 5179 2515 5247 πνεύματος
2537 5177 2952 5245 ἐλαυνομέναις,
2980 5173 3075 5226 τοῦ
3106 5173 3382 5225 ἐναντίοιν
3409 5172 3490 5222 διὸ
3511 5171 3599 5223 καὶ
3626 5188 3644 5220 ι
3679 5170 3797 5221 λαί-

2204 5269 2352 5322 λαπα
2393 5287 2410 5319 ι
2460 5269 2593 5323 αὐτὸ
2642 5268 2925 5327 ἐκάλεσεν,
2983 5267 3060 5330 ὡς
3108 5265 3427 5336 συστρέφων
3457 5262 3474 5334 [
3502 5263 3542 5331 Ῑ.
3576 5260 3796 5332 -φον]

2206 5362 2299 5414 καὶ
2333 5361 2720 5431 συνταράσσων
2749 5359 2769 5432 [
2799 5359 3046 5428 Ῑ.--σσον
3076 5357 3094 5428 ]
3152 5356 3211 5410 τὸ
3249 5356 3628 5425 ἐλαυνόμενον.
3681 5353 3797 5406 Ούκ

2206 5455 2344 5507 εἰσὶν
2374 5450 2488 5520 οὖν,
2538 5453 2696 5523 φησὶ,
2744 5451 2964 5522 νεφέλαι
2987 5451 3253 5517 διαυγεῖς,
3303 5448 3494 5518 ὥσπερ
3531 5449 3579 5499 οἱ
3623 5446 3792 5514 ἆγιοι,

2207 5545 2323 5598 ἀλλ’
2355 5546 2578 5615 ὁμίχλαι
2611 5544 2776 5612 ζόφου
2811 5542 3044 5612 μεσταί·
3094 5540 3190 5594 καὶ
3223 5539 3384 5604 διατί,
3412 5540 3655 5607 ἐπήγαγε
3700 5537 3801 5604 τὴν

2208 5636 2411 5704 αἰτίαν,
2457 5637 2536 5690 ὅτι
2578 5637 2672 5690 καί
2725 5655 2742 5686 ι
2791 5634 3073 5706 ὑπέρογκα
3119 5651 3136 5685 ι
3189 5634 3253 5686 ἐκ
3309 5650 3326 5682 ι
3371 5632 3731 5702 ματαιότητος
3773 5648 3792 5683 ι
