4120 6424
379 424 517 488 1277

1154 431 1564 494 EXPOSITIO
1595 431 1673 492 IN
1711 430 1950 492 EPIST.
1988 432 2044 491 Il
2085 432 2148 493 S.
2181 432 2438 495 PETRI.
2479 459 2546 470 --
2570 436 2730 496 CAP.
2769 436 2862 497 III

3498 439 3632 504 1278

374 539 727 607 φθέγγονται,
749 539 1093 604 δελεάζοντες
1108 541 1196 596 διὰ
1229 543 1326 611 τῆς
1356 541 1626 614 σαρκικῆς
1660 540 1954 608 ἐπιθυμίας

2060 540 2188 592 tiam
2219 540 2284 594 ad
2316 542 2748 610 impmliritatem
2782 560 2878 599 eos
2900 544 2992 615 qui
3025 561 3150 600 vere
3179 546 3500 616 eﬂ'ngeraut.
3531 567 3627 606 seu

373 631 432 681 ἐν
476 632 596 693 ταῖς
630 629 944 698 ἀσελγείαις
986 632 1111 695 τοὺς
1165 632 1382 701 ἀληθῶς
1433 632 1812 701 ἀποφυγόντας
1864 630 1958 683 κού⁸

373 718 628 785 καθάπαξ
661 721 786 783 τοὺς
821 721 952 791 πρὶν
983 723 1041 774 ἐν
1070 721 1248 795 πλάνῃ
1276 722 1807 792 ἀναστρεφομένους,
1838 716 1956 772 εἶτα

376 811 482 864 ὑπὸ
509 809 700 881 Κυρίῳ
742 813 1126 881 πραττόμενοι.
1181 813 1343 866 Ἀλλὰ
1380 813 1475 865 καὶ
1519 812 1716 873 δοῦλοι,
1767 812 1956 881 φησὶν,

373 898 528 963 ὄντες
553 901 709 954 αὐτοὶ
735 901 831 968 τῆς
861 903 1268 972 προειρημένης
1293 902 1658 970 ἀκαθαρσίας,
1698 901 1766 972 ἢν
1804 921 1823 954 ι
1862 908 1957 961 καὶ

377 988 586 1058 φθοράν
623 990 850 1053 δικαίως
881 991 1057 1053 καλεῖ,
1094 991 1406 1062 ἐλευθερίαν
1437 993 1548 1053 τοῖς
1577 992 1955 1059 ἁπατωμένοις

374 1080 804 1147 ἐπαγγέλλονται
826 1099 841 1113 ο
872 1081 954 1134 διὸ
985 1080 1079 1134 καὶ
1106 1081 1366 1150 λογισμὸν
1395 1081 1592 1149 ἐπάγει
1631 1081 1953 1151 θαυμάσιον,

373 1171 455 1224 ὅτι
481 1170 657 1225 δοῦλοι
682 1171 832 1235 ὄντες
860 1172 957 1239 τῆς
987 1172 1284 1243 ἁμαρτίας.
1347 1190 1365 1223 ι
1399 1166 1471 1242 Ὦ
1502 1171 1609 1243 γάρ
1657 1188 1743 1234 τις
1784 1171 1956 1242 ἦττη-

373 1276 466 1313 ται
503 1279 523 1313 ι
567 1260 752 1327 πάθει,
793 1281 812 1313 ι
853 1260 1027 1330 τούτῳ
1066 1263 1159 1315 καὶ
1206 1261 1552 1315 δεδούλωται.
1602 1262 1764 1315 Αὐτοὶ
1805 1263 1956 1314 ἐλευ-

375 1350 564 1421 θερίαν
587 1351 766 1416 ἄλλοις
805 1352 1249 1421 ἐπαγγέλλονται.
1300 1353 1470 1406 Τοῦτο
1515 1351 1574 1406 δέ
1621 1352 1954 1423 πλατύτερον

375 1441 465 1495 διὰ
500 1441 609 1495 τῶν
641 1441 768 1513 έξῆς
815 1445 1212 1515 γνωσθήσεται.

452 1552 473 1585 ι
503 1534 567 1588 Et
590 1534 699 1605 γὰρ
730 1535 1103 1605 ἀποφυγόντες
1131 1537 1197 1591 τὰ
1225 1536 1510 1607 μιάσματα
1533 1534 1629 1589 τοῦ
1662 1534 1869 1605 κόσμου
1895 1536 1954 1588 ἐν

375 1625 670 1693 ἐπιγνώσει
715 1626 810 1679 τοῦ
863 1627 1067 1694 Κυρίου
1117 1626 1276 1697 ἡμῶν
1331 1627 1427 1681 καὶ
1466 1628 1721 1698 Σωτῆρος
1775 1625 1952 1697 Ἰησοῦ

374 1716 635 1785 Χριστοῦ,
680 1716 888 1780 τούτοις
927 1716 985 1769 δὲ
1035 1718 1199 1771 πάλιν
1246 1718 1624 1785 ἐμπλακέντες
1657 1718 1949 1788 ἡττῶνται,

374 1811 598 1876 γέγονεν
633 1808 817 1873 αὐτοῖς
870 1808 941 1862 τὰ
999 1808 1204 1879 ἔσχατα
1262 1809 1479 1881 χείρονα
1527 1808 1637 1862 τῶν
1693 1808 1946 1880 πρώτων.

2059 631 2175 696 qui,
2213 645 2334 683 cum
2368 632 2500 684 olim
2555 632 2607 685 in
2662 647 2854 685 errore
2913 636 3291 701 versarentur,
3343 637 3409 690 ad
3459 639 3626 694 Deum

2059 722 2311 774 conversi
2344 731 2520 775 erant.
2558 721 2758 776 Verum
2787 734 2840 779 et
2870 726 3012 780 servi
3040 726 3077 778 ii
3107 742 3232 781 cunni
3266 729 3399 792 sint,
3430 730 3626 798 inquit,

2060 813 2330 882 prredictae
2372 814 2733 869 immunditize
2765 818 2952 885 (quam
2976 824 3194 889 etfrecte
3221 821 3629 889 corruptionem

2058 905 2260 972 vocat),
2291 906 2594 961 libertatem
2645 915 2825 961 tamen
2867 909 2933 961 iis
2961 887 3100 977 qui-os
3146 887 3446 981 decipiunt,
3506 928 3631 981 pro-

2058 996 2274 1050 mittere
2313 996 2538 1051 audent.
2598 997 2883 1052 Ratioitem
2939 1015 3068 1054 vero
3128 1001 3278 1054 addit
3328 1003 3627 1056 mirabilem

2057 1100 2158 1139 cur
2200 1087 2343 1140 servi
2410 1086 2511 1154 ipsi
2565 1086 2698 1150 sint,
2752 1089 2878 1157 quia
2916 1090 3144 1156 scilicet,
3193 1109 3212 1142 ι
3245 1108 3273 1143 a
3305 1107 3630 1162 quacunque

2055 1175 2181 1244 quis
2219 1193 2237 1226 ι
2287 1174 2578 1231 affectione
2617 1194 2636 1228 ι
2679 1187 2971 1247 superatus
3020 1188 3123 1244 est,
3164 1180 3283 1250 ejus
3320 1190 3374 1236 ει
3433 1197 3628 1238 servus

2055 1273 2160 1321 est.
2189 1283 2208 1316 ι
2241 1264 2345 1319 Sed
2371 1267 2473 1322 hoc
2495 1282 2562 1321 ex
2584 1268 2673 1335 iis,
2695 1284 2817 1339 qua:
2839 1268 3070 1325 inferius
3104 1270 3378 1336 dicentur,
3398 1271 3629 1327 manife-

2057 1359 2197 1414 stius
2227 1359 2336 1412 liet.

2125 1532 2294 1588 Vsus.
2328 1531 2519 1586 20-22.
2561 1551 2580 1584 ι
2626 1533 2682 1587 Si
2730 1533 2876 1589 enim
2924 1533 3261 1604 refugientes
3300 1534 3626 1602 coinquina-

2055 1625 2234 1679 tioues
2264 1624 2452 1677 mundi
2486 1623 2539 1678 in
2564 1625 2872 1694 cognitione
2898 1624 3109 1679 Domini
3140 1625 3311 1679 nostri
3362 1634 3415 1679 et
3437 1624 3629 1678 Salva-

2056 1714 2193 1769 toris
2218 1713 2345 1770 .lesu
2370 1713 2598 1780 Christi,
2620 1717 2704 1770 bis
2729 1730 2947 1770 rursum
2978 1715 3240 1785 implicati
3277 1726 3624 1785 superantur,

2058 1806 2199 1861 facta
2234 1814 2362 1861 sunt
2386 1808 2467 1862 eis
2490 1808 2795 1874 posteriora
2814 1808 3086 1862 deteriora
3112 1807 3410 1876 prioribus.
3439 1806 3629 1861 Melius

378 1872 639 1971 κρεῖττον
692 1900 799 1969 γὰρ
827 1895 895 1970 ἦν
928 1872 1134 1965 αύτοίς,
1180 1872 1673 1970 μὴηέπεγνωκέναι
1701 1872 1799 1971 τῆν
1835 1899 1953 1953 ὁδὸν

2060 1899 2200 1951 etaim
2224 1905 2342 1951 erat
2372 1897 2479 1951 illis
2513 1912 2619 1951 non
2649 1912 2984 1965 cognoscere
3015 1899 3153 1951 viam
3185 1899 3432 1965 jttslitim,
3465 1914 3628 1969 quam

376 1990 473 2057 τῆς
517 1987 887 2055 δικαιοσύνης,
924 1987 959 2056 ἢ
1019 1987 1352 2055 ἐπιγνοῦσιν,
1404 1984 1729 2054 ἐπιπρέψαι
1778 1985 1859 2047 είς
1889 1982 1956 2038 τὰ

377 2078 554 2133 ὀπίσω
596 2079 705 2132 ἀπὸ
752 2079 850 2147 τῆς
885 2078 1285 2146 παραδοθείσης
1316 2077 1500 2139 αὐτοῖς
1526 2076 1686 2141 ἁγίας
1717 2074 1953 2144 ἐντολῆς.

378 2165 702 2238 Συμὸέὸηκε
751 2165 808 2219 δέ
844 2167 1028 2230 αὐτοῖς
1078 2166 1140 2219 τὸ
1189 2167 1290 2236 τῆς
1344 2165 1580 2235 ἀληθοῦς
1626 2165 1954 2235 παροιμίας·

376 2256 538 2310 Κύων
604 2256 938 2327 ἐπιστρέψας
989 2257 1083 2309 ἐπὶ
1154 2257 1246 2310 τὸν
1300 2255 1433 2309 ῐδιον
1493 2255 1709 2325 ἐμετὸν,
1767 2256 1862 2309 καὶ
1893 2247 1958 2318 ὗς

373 2345 685 2416 λουσαμένη
717 2345 798 2409 είς
837 2346 1075 2417 κύλισμα
1107 2345 1391 2418 βορϐόρου.
1425 2364 1445 2398 ι
1474 2349 1580 2402 Δύο
1613 2346 1957 2401 κατασκευά-

376 2438 459 2500 ζει
509 2436 596 2490 διὰ
639 2436 748 2491 τῶν
804 2437 1238 2508 προειρημένων,
1299 2438 1379 2491 ὅτι
1435 2438 1533 2493 καὶ
1585 2436 1664 2507 τῷ
1715 2437 1956 2507 ὴττῶντι

375 2530 588 2598 ἀνάγκη
610 2528 703 2582 τὸν
732 2528 1040 2599 ἡττώμενον
1067 2528 1357 2595 δουλεύειν,
1387 2530 1483 2583 καὶ
1508 2529 1590 2583 ὅτι
1619 2531 1670 2583 oi
1703 2528 1842 2600 μετὰ
1859 2529 1959 2594 τὴν

377 2624 672 2692 ἐπίγνωσιν
698 2625 795 2694 τῆς
837 2623 1098 2695 ἀληθείας
1138 2624 1299 2679 πάλιν
1350 2625 1660 2696 ἐνεχόμενοι
1686 2626 1797 2688 τοῖς
1821 2640 1958 2696 προ-

376 2717 580 2786 τέροις,
637 2716 845 2786 χείροσι
899 2716 1008 2769 τῶν
1042 2716 1323 2786 προτέρων
1372 2718 1701 2787 περιέπεσον
1744 2721 1955 2779 κακοῖς.

377 2805 598 2868 Τούτοις
641 2806 699 2859 δὲ
747 2808 841 2859 καὶ
885 2807 985 2876 τὴν
1034 2806 1335 2876 παροιμίαν
1382 2808 1578 2876 ἐπάγει
1635 2808 1954 2877 συνήγορον.

380 2898 535 2951 Ἔστι
565 2897 621 2950 δὲ
653 2899 681 2950 ό
713 2896 872 2965 λόγος
907 2895 1114 2961 οὕτως’
1155 2898 1217 2950 El
1243 2898 1353 2967 γὰρ
1389 2896 1680 2961 ἐπιγνώσει
1713 2897 1807 2951 τοῦ
1842 2898 1956 2950 Ku-

378 2987 495 3058 ρίου
526 2990 621 3041 καὶ
669 2988 923 3057 Σωτῆρος
972 2987 1148 3059 Ἰησοῦ
1179 2988 1438 3058 Χριστοῦ,
1470 2991 1841 3057 ἀποφυγόντες
1890 2989 1959 3043 τὰ

381 3080 666 3149 μιάσματα
703 3079 800 3132 τοῦ
837 3080 1065 3150 κόσμου,
1110 3083 1321 3144 τούτοις
1375 3081 1540 3134 πάλιν
1586 3079 1958 3150 ἐμπλακέντες

2057 1996 2181 2055 post
2216 1982 2899 2056 agnitionem’retrorsum
2943 1988 3191 2043 converti
3227 1990 3297 2044 ab
3347 2004 3433 2052 eo,
3484 1990 3629 2059 quod

2059 2075 2169 2129 illis
2200 2075 2459 2128 traditum
2492 2085 2594 2134 est.
2632 2085 2824 2131 sancto
2878 2078 3156 2133 mandato.
3196 2078 3435 2149 Contigit
3482 2079 3628 2132 enim

2057 2167 2138 2222 eis
2172 2165 2303 2219 illud
2339 2166 2449 2219 veri
2506 2165 2672 2236 396
2718 2168 2996 2237 proverbii
3035 2186 3047 2222 :
3076 2168 3242 2224 Canis
3278 2184 3530 2225 reversus
3561 2169 3630 2222 ad

2059 2272 2215 2312 suum
2251 2260 2534 2324 vomitum,
2570 2267 2623 2313 et
2654 2275 2749 2314 sus
2776 2260 2883 2314 lota
2909 2260 2962 2315 in
2989 2261 3273 2316 volutabro
3302 2263 3419 2315 luti.
3453 2280 3472 2313 ι
3514 2262 3629 2315 Duo

2056 2366 2122 2404 ex
2163 2350 2437 2419 praedictis
2470 2351 2687 2405 astruit.
2721 2349 2925 2421 Nempe
2973 2353 3232 2422 primum,
3258 2368 3482 2409 necesse
3507 2367 3630 2406 esse

2058 2456 2181 2495 eum
2230 2440 2321 2510 qui
2356 2441 2540 2495 victus
2579 2451 2685 2507 est,
2728 2442 2922 2497 victori
2980 2445 3195 2498 servire
3243 2458 3345 2498 suo
3378 2460 3394 2495 :
3434 2442 3632 2497 deinde

2061 2530 2115 2584 in
2143 2531 2332 2599 pejora
2366 2533 2506 2584 mala
2542 2532 2749 2600 prolabi
2783 2547 2899 2595 eos,
2931 2532 3022 2602 qui
3064 2542 3188 2604 post
3216 2534 3453 2603 agnitam
3486 2532 3629 2588 veri-

2059 2631 2225 2676 tatem
2287 2621 2565 2692 prioribus
2606 2639 2800 2678 rursus
2829 2624 3111 2680 erroribus
3142 2625 3512 2694 implicantur.
3549 2625 3629 2679 Ad

2058 2728 2293 2781 quorum
2331 2713 2800 2767 conﬁrmationem
2830 2713 3140 2770 Salomonis
3162 2715 3504 2784 proverbium
3534 2714 3633 2768 ad-

2058 2803 2212 2859 ducit
2243 2805 2310 2853 ”.
2343 2804 2625 2859 Orationis
2657 2814 2839 2859 autem
2886 2808 3059 2863 series
3098 2808 3167 2861 ita
3202 2823 3261 2863 se
3293 2808 3454 2862 liabet
3483 2827 3496 2863 :
3526 2807 3629 2872 Illi,

2059 2893 2155 2962 qui
2207 2893 2523 2963 cognitione
2554 2894 2765 2948 Domini
2817 2907 2870 2950 et
2924 2894 3225 2952 Salvatoris
3275 2896 3450 2951 uos1ri
3503 2895 3633 2952 Jesu

2060 2984 2264 3039 Christi
2298 2986 2483 3039 mundi
2518 2987 2931 3056 inquinamenta
2959 2990 3255 3058 aliquando
3305 2989 3632 3059 cﬂ‘ugnrant,

2062 3075 2109 3129 si
2135 3072 2407 3127 dcnuoiis
2440 3075 2632 3130 irretiti
2676 3085 3025 3144 superantur,
3060 3092 3166 3129 non
3209 3076 3383 3131 solum
3425 3077 3629 3129 eisdem

378 3169 653 3239 ἡττῶνται
688 3168 888 3236 αὐτῶν,
924 3169 1140 3234 πάντως
1193 3188 1295 3223 που
1334 3169 1432 3224 καὶ
1476 3169 1817 3224 δουλεύουσιν
1856 3169 1958 3222 αύ-

2063 3167 2376 3218 omnimode
2397 3166 2665 3229 serviunt,
2704 3167 2798 3221 sed
2851 3167 3016 3221 etiam
3053 3168 3300 3221 dmmoue
3354 3167 3634 3219 adnitente

374 3262 513 3322 τοῖς.
555 3260 648 3314 καὶ
687 3261 866 3330 χεῖρον
894 3260 1003 3313 τῶν
1036 3259 1143 3332 πρὸ
1180 3262 1278 3331 τῆς
1316 3261 1665 3329 ἐπιγνώσεως
1704 3263 1832 3332 περὶ
1860 3263 1960 3331 τὴν

375 3351 621 3405 δουλείαν
677 3351 879 3405 τούτων
937 3353 1218 3419 γεγόνασι,
1258 3353 1802 3416 κατασπουδάξοντος
1862 3354 1962 3406 αύ-

375 3444 503 3506 τοὺς
536 3442 630 3495 τοῦ
667 3443 880 3496 Σατανᾶ
926 3445 1133 3513 χείροσι
1186 3444 1630 3514 περιενεχθῆναι.
1683 3443 1777 3497 Διὸ
1819 3444 1963 3496 καὶὸ

378 3531 701 3595 Ἀπόστολός
745 3549 929 3601 φησιν,
983 3533 1066 3586 ὅτι
1125 3533 1146 3606 l
1185 3534 1422 3606 ἐπειδὴ]
1473 3534 1635 3588 τοῦτο
1672 3536 1962 3588 ἀπόκειται

379 3624 497 3686 τοῖς
524 3621 849 3692 παλινῳδίαν
873 3622 981 3675 τῶν
1019 3622 1206 3677 κακῶν
1244 3623 1455 3695 ᾄδουσι,
1484 3628 1732 3694 κρεῖττον
1758 3619 1827 3693 ἦν
1860 3624 1962 3677 αὐδ-

379 3714 491 3775 τοῖς
531 3713 665 3783 μηδέ
694 3712 1030 3780 ἐπιγνῶναι,
1062 3714 1094 3784 ἢ
1136 3714 1449 3782 ἐπιγνόντες
1512 3714 1533 3787 [
1560 3717 1600 3786 f.
1630 3714 1804 3786 -τας]
1853 3715 1966 3783 χεί.

382 3820 530 3873 ροσιν
556 3802 782 3868 ἁλῶναι,
813 3804 933 3855 ἐπεὶ
986 3805 1082 3857 καὶ
1136 3804 1285 3858 κύων
1328 3806 1422 3859 ἐπὶ
1447 3806 1507 3860 τὸ
1548 3806 1678 3859 ῐδιον
1711 3805 1963 3875 ἐξήραμα

381 3891 744 3961 ἐπιστρέφων,
794 3890 1234 3965 βδελυκτότερος,
1273 3894 1465 3967 ὥσπερ
1516 3880 1709 3965 ἀμέλει
1761 3897 1856 3949 καὶ
1899 3888 1962 3958 ῦς

380 3981 810 4052 ἀποκυλισθῆναι
846 3982 1104 4052 ζητοῦσα,
1152 3983 1218 4055 [Ιῗ.
1261 3986 1388 4040 add.
1431 3988 1478 4039 εί
1521 3987 1540 4058 Ῑ
1594 3988 1653 4038 ἐν
1709 3984 1959 4057 βορόόρῳ

379 4072 539 4127 τοῦτο
608 4074 771 4134 ποιεῖ,
825 4074 1188 4145 ῥυπαρωτέρα
1250 4076 1361 4129 τῶν
1424 4078 1708 4148 προτέρων
1774 4077 1963 4148 ῥύπων

381 4165 664 4235 φαίνεται.

989 4252 1241 4306 ΚΕΦΔΛ.
1267 4254 1352 4309 Γ’.

456 4361 476 4396 ι
505 4342 658 4415 Καὶῖ
683 4344 823 4415 vulg.
848 4359 955 4398 om.
981 4345 1077 4398 καὶ
1098 4343 1119 4415 ]
1142 4344 1347 4414 ταύτην
1370 4345 1494 4416 ἤδη,
1521 4347 1817 4417 ἀγαπητοὶ,
1846 4348 1963 4402 δευ-

381 4434 546 4507 τέραν
579 4435 709 4506 ὑμῖν
733 4435 928 4504 γράφω
967 4435 1277 4505 ἐπιστολὴν,
1310 4439 1368 4489 ἐν
1414 4433 1502 4500 αἷς
1522 4438 1772 4510 διεγείρω
1809 4442 1963 4511 ὑμῶν

2065 3265 2126 3310 ut
2149 3258 2505 3326 prolabantur
2559 3261 2613 3311 in
2674 3258 2883 3325 pejora,
2923 3259 3197 3312 deteriore
3253 3273 3414 3327 quam
3475 3266 3633 3309 antea
3686 3291 3695 3299 ο

2065 3348 2330 3402 servitute
2397 3361 2738 3417 premuntur.
2800 3347 2981 3414 Quare
3027 3350 3103 3401 ait
3139 3366 3152 3401 :
3186 3348 3635 3417 Quandoquidem

2065 3447 2216 3493 tanta
2250 3441 2519 3510 pernicies
2551 3453 2736 3495 manet
2769 3455 2886 3502 eos,
2919 3441 3011 3508 qui
3042 3443 3331 3509 pessimam
3367 3441 3636 3493 malorum

2065 3533 2394 3587 cantilenam
2433 3540 2744 3593 ret-autaut,
2778 3533 2972 3586 melius
3005 3532 3248 3587 futurum
3305 3532 3498 3587 fuisset
3532 3532 3639 3586 illis

2065 3625 2112 3680 si
2144 3640 2328 3679 veram
2361 3625 2501 3678 viam
2531 3625 2883 3692 agnovissent
2924 3638 3224 3693 nunquam,
3265 3639 3427 3692 quam
3456 3639 3520 3678 ea
3551 3638 3641 3679 se-

2065 3718 2172 3770 mel
2205 3716 2410 3784 agnita,
2440 3715 2722 3783 pejoribus
2753 3715 2910 3767 malis
2935 3716 3204 3768 obnoxios
3243 3715 3357 3767 ﬁeri
3387 3732 3401 3779 ;
3426 3729 3550 3767 nam
3585 3722 3642 3767 et

2066 3807 2219 3861 canis
2247 3808 2312 3860 ad
2332 3806 2591 3859 vomitum
2613 3821 2773 3860 suum
2805 3804 3104 3864 redicns,tit
3125 3805 3564 3867 abominabilior,
3586 3813 3642 3858 ot

2065 3913 2162 3952 sus
2199 3897 2393 3952 iterum
2428 3898 2670 3952 revoluta
2703 3912 2883 3962 emno,
2918 3897 3196 3952 sordidior
3253 3913 3421 3967 quam
3486 3897 3641 3966 prius

2067 3988 2263 4053 fuerat,
2296 3998 2540 4058 apparet.

2681 4245 2909 4302 CAPUT
2957 4247 3050 4303 111.

2138 4337 2306 4394 Vena.
2333 4337 2388 4402 l,
2423 4338 2479 4393 2.
2534 4356 2554 4390 ι
2600 4337 2753 4393 Hanc
2784 4355 2913 4395 ecce
2956 4339 3134 4407 vobis,
3169 4340 3498 4407 cbarissimi,
3551 4356 3643 4398 se-

2066 4430 2302 4486 cundam
2339 4432 2521 4485 scribo
2537 4431 2846 4499 epistolam,
2881 4432 2937 4486 in
2966 4434 3167 4502 quibus
3209 4444 3439 4489 vestram
3464 4436 3646 4490 excito

381 4528 441 4581 ἐν
468 4528 772 4598 ὑπομνήσει
792 4526 891 4597 τὴν
919 4526 1189 4597 είλικρινῆ
1217 4527 1473 4591 διάνοιαν,
1509 4531 1816 4600 μνησθῆναι
1853 4532 1962 4585 τῶν

2069 4521 2123 4576 in
2149 4522 2579 4576 commonitione
2607 4523 2877 4576 sinceram
2902 4531 3161 4586 mentem,
3185 4532 3244 4577 ut
3266 4538 3536 4579 memores
3570 4525 3647 4579 si-

383 4614 797 4686 προειρημένων
829 4615 1090 4684 ῥημάτων
1134 4616 1238 4669 ὑπὸ
1275 4617 1384 4671 τῶν
1431 4619 1602 4685 ἁγίων
1639 4622 1961 4688 προφητῶν,

2071 4612 2142 4666 tis
2178 4626 2391 4676 eorum,
2435 4628 2558 4681 qua:
2611 4612 2857 4681 prmdixi,
2890 4613 3182 4667 verborum
3216 4628 3244 4667 a
3285 4622 3491 4669 sanctis
3521 4630 3647 4684 pro-

382 4711 476 4761 καὶ
508 4708 610 4779 τῆς
646 4706 757 4759 τῶν
794 4708 1111 4763 ἀποστόλων
1148 4709 1304 4778 ὑμῶν
1346 4711 1565 4781 ἐντολῆς
1605 4711 1700 4764 τοῦ
1760 4713 1966 4781 Κυρίου

2071 4703 2272 4772 pbetis,
2328 4711 2383 4757 et
2444 4705 2815 4771 apostolorum
2864 4711 3194 4768 vestrorum,
3249 4716 3646 4774 praeceptorum

388 4799 485 4852 καὶ
518 4797 773 4868 Σωτῆρος
815 4797 1011 4868 Ἰησοῦ.
1062 4818 1080 4850 ι
1133 4800 1226 4853 Ἐκ
1264 4800 1454 4855 τούτου
1497 4802 1840 4872 μανθάνομεν
1875 4804 1970 4857 δύο

2073 4793 2286 4848 Domini
2325 4803 2383 4848 et
2418 4793 2743 4849 Salvatoris.
2792 4812 2811 4846 ι
2860 4794 2941 4848 Ex
2984 4793 3069 4849 his
3118 4796 3299 4850 verbis
3358 4797 3648 4863 discimus,

382 4889 481 4952 τὰς
511 4888 691 4949 πάσας
724 4883 863 4941 εἶναι
897 4887 991 4942 τοῦ
1025 4889 1230 4959 Πέτρου
1276 4891 1619 4955 Ἐπιστολάς.
1645 4893 1719 4946 Τὸ
1742 4893 1822 4957 δὲ,
1858 4914 1876 4945 ι
1908 4893 1967 4947 ἐν

2072 4884 2213 4941 duas
2241 4895 2448 4939 tantum
2486 4884 2753 4955 Epistolas
2778 4886 2996 4941 Petrum
3031 4887 3343 4958 scripsisse.
3379 4907 3398 4941 ι
3439 4888 3498 4943 In
3528 4892 3654 4961 qui-

382 4974 471 5041 αἷς
511 4978 765 5046 διεγείρω
803 4978 953 5047 ὑμῖν,
994 4997 1014 5030 ι
1055 4978 1232 5044 οὕτως
1277 4983 1453 5036 ἐστιν’
1505 4983 1593 5036 Ἐν
1626 4977 1714 5047 αἷς
1746 4986 1967 5039 ἐπιστο-

2076 4978 2178 5033 bus
2209 4979 2412 5040 excito,
2452 4996 2469 5027 ι
2505 4987 2642 5043 ctc.,
2675 4979 2778 5033 hoc
2806 4988 2913 5043 est,
2954 4980 3008 5032 in
3037 4979 3242 5049 quibus
3271 4983 3536 5051 epistolis.
3567 4984 3652 5036 vel
3678 4978 3683 4981 λ

382 5070 525 5131 λαῐς,
547 5068 715 5121 οἱονεὶ
740 5068 807 5121 δι’
833 5061 911 5123 ὧν
946 5070 1246 5124 ἐπιστολῶν
1276 5091 1295 5124 t
1326 5072 1580 5143 διεγείρω
1613 5074 1712 5144 τὴν
1741 5076 1801 5127 ἐν
1841 5075 1970 5143 ύμῖν

2076 5082 2174 5138 per
2199 5083 2337 5138 quas
2367 5068 2626 5135 epistolas
2666 5089 2685 5120 ι
2727 5080 2965 5125 vestram
2988 5073 3170 5128 excito
3198 5074 3466 5129 sinceram
3496 5089 3652 5127 men-

383 5158 646 5229 εἰλικρινῆ
670 5156 933 5213 διάνοιαν.
958 5178 978 5211 ι
1012 5160 1275 5231 Καθαρᾶς
1294 5162 1403 5232 γὰρ
1435 5163 1696 5228 διανοίας,
1729 5165 1838 5218 τῶν
1867 5166 1968 5236 ῆδη

2079 5170 2210 5216 tem.
2257 5180 2276 5213 ι
2323 5162 2566 5217 ὃὶηεεται
2599 5164 2744 5216 enim
2784 5166 2982 5219 mentis
3012 5174 3124 5230 est,
3152 5180 3343 5220 eorum
3384 5180 3504 5234 mtas
3550 5181 3655 5220 au-

383 5249 761 5302 ἀκουσθέντων
811 5249 844 5319 ἢ
880 5250 1252 5305 ἀποτεθέντων
1307 5253 1591 5324 σωτηρίων
1643 5255 1967 5326 μνησθῆναι,

2075 5251 2192 5306 dita
2226 5261 2281 5308 et
2309 5253 2556 5322 deposita
2587 5265 2714 5309 sunt
2746 5257 3084 5321 meiuinisse,
3115 5264 3173 5311 et
3223 5257 3287 5310 ad
3337 5270 3402 5310 ea
3454 5257 3650 5310 iterum

386 5338 480 5390 καὶ
523 5336 869 5408 διεγερθῆναι
901 5338 1038 5407 πρὸς
1069 5339 1408 5410 ἐπανάληψιν
1445 5343 1546 5410 τῆς
1580 5343 1786 5397 τούτων
1807 5346 1974 5415 ἐργα-

2081 5353 2332 5415 prompte
2374 5354 2427 5400 et
2462 5345 2720 5400 alacriter
2750 5345 3081 5414 perﬁcienda
3118 5346 3367 5402 excitari.
3398 5344 3652 5415 Deposita

389 5426 512 5490 σίας
540 5428 689 5496 πάσῃ
730 5428 962 5496 δυνάμει
1017 5428 1110 5481 καὶ
1168 5430 1466 5504 προθυμίᾳ.
1511 5433 1774 5504 Ἀπετέθη
1802 5435 1857 5489 δὲ
1887 5436 1975 5488 διὰ

2080 5452 2213 5492 vero
2240 5452 2302 5490 ea
2337 5416 2471 5490 sunt
2520 5452 2614 5504 per
2643 5436 2986 5505 prapbeticas
3015 5444 3071 5491 et
3101 5436 3434 5506 apostolicus
3460 5435 3623 5503 pnedi
3641 5462 3656 5474 -

395 5516 750 5585 προφητικῶν
777 5518 871 5571 καὶ
917 5519 1293 5574 ἁποοτολικῶν
1323 5525 1714 5594 κηρυγμάτων.
1759 5525 1850 5578 Διὸ
1884 5532 1978 5582 καὶ

2084 5528 2352 5583 cationes.
2415 5527 2598 5593 Quare
2653 5535 2708 5582 et
2759 5527 2962 5582 Paulus
3016 5527 3133 5580 ait:
3170 5545 3189 5578 ι
3228 5525 3653 5596 Superazdiiicati

392 5605 603 5670 Παῦλός
634 5623 799 5676 φησιν
819 5624 832 5639 ·
871 5627 890 5658 ι
944 5608 1484 5683 Ἐποικοδομούαενοι
1510 5615 1604 5669 ἐπὶ
1633 5615 1712 5686 τῷ
1744 5616 1978 5688 θεμελίῳ

2086 5634 2251 5689 supra
2322 5618 2731 5673 fundamentum
2796 5617 3166 5687 apostolorum
3242 5627 3298 5673 et
3361 5618 3653 5687 propheta-

466 5789 512 5821 “
535 5785 697 5844 Prov.
749 5803 899 5853 xvvr,
942 5787 1024 5843 ll.
