4120 6428
478 398 618 465 1279

1339 403 1924 466 THEOPHYLACTI
1973 403 2384 466 BULGARLE
2425 407 2779 468 ARCIIIEP.

3597 405 3736 466 l2‘l0

473 524 595 563 rum
626 509 698 562 ¹¹.
737 525 757 560 ι
790 507 995 564 Omnes
1029 507 1176 562 enim
1221 507 1309 562 isti
1363 509 1656 562 adventum
1691 507 1904 561 Domini
1951 525 2046 559 an-

2175 509 2261 560 ιῶν
2307 510 2621 564 ἀποστόλων
2667 512 2761 564 καὶ
2801 510 3113 582 προφητῶν.
3147 529 3164 560 ι
3209 509 3414 571 Πάντες
3461 511 3567 577 γὰρ
3596 508 3742 566 οῦτοι

468 601 804 656 nuntiarunt
839 617 853 654 :
884 614 1061 668 neque
1107 615 1240 654 sane
1277 599 1508 653 testibus
1557 597 1873 665 lmjusmodi
1923 598 2054 652 ﬁdes

473 692 660 762 negari
689 692 812 760 jure
835 700 1038 760 potest.
1083 691 1186 746 Sed
1221 705 1340 752 cur,
1379 691 1578 759 inquit,
1621 689 1744 744 dico
1779 689 2057 758 apostolos

471 797 526 842 et
555 786 893 856 prophetas?
920 785 1187 851 Quoniam
1216 785 1304 838 isti
1341 799 1465 837 eum
1497 784 1756 850 primum,
1799 792 1911 834 tum
1963 798 2049 836 se-

474 880 714 935 cundum
750 880 926 946 ipsius
956 877 1167 932 Domini
1196 885 1248 929 et
1291 875 1593 929 Salvatoris
1630 875 1803 928 nostri
1857 875 2057 928 adven-

479 982 592 1026 tum
628 971 1047 1024 annuntiarunt.
1099 966 1386 1022 Orationis
1420 978 1600 1020 autem
1641 975 1921 1021 structura
1983 967 2054 1019 ita

477 1076 535 1114 se
577 1060 738 1113 habet
773 1077 788 1112 :
825 1078 842 1108 ι
878 1057 950 1113 Ut
995 1072 1266 1111 memores
1315 1056 1435 1110 sitis
1466 1057 1759 1109 verborum
1793 1070 1821 1108 a
1851 1057 2060 1110 sanctis

477 1150 756 1218 prophetis
791 1149 1200 1217 praedictorum,
1253 1156 1308 1199 et
1339 1157 1734 1214 prmccptorum
1784 1146 2056 1212 apostolo-

478 1254 596 1290 rum
634 1247 936 1292 vestrorum
967 1246 1022 1290 et
1057 1237 1436 1291 mandatorum
1469 1237 1683 1290 Domini
1709 1245 1760 1290 et
1795 1235 2050 1290 Salvato-

478 1327 554 1379 I'is
590 1324 718 1380 Jesu
753 1325 981 1380 Christi.
1026 1343 1045 1376 ι
1079 1326 1251 1390 Quam
1296 1341 1426 1378 vero
1475 1325 1544 1377 oh
1591 1339 1816 1379 causam
1857 1340 2058 1380 memo-

481 1417 620 1469 riam
693 1417 888 1470 horum
945 1415 1292 1470 excitandam
1353 1416 1652 1484 praecipiat,
1716 1415 1999 1486 subjungit
2037 1456 2052 1479 ,

480 1520 693 1572 nempe,
723 1503 989 1573 quoniam
1026 1503 1063 1556 ii
1095 1505 1189 1572 qui
1236 1505 1302 1558 ad
1339 1504 1568 1560 ductum
1600 1505 2059 1574 concupiscentite

479 1610 593 1649 sita:
625 1595 830 1658 vivunt,
861 1605 1154 1650 cernentes
1181 1595 1474 1648 nonnullos
1503 1594 1716 1648 Domini
1742 1595 2055 1659 adventum,

480 1701 640 1752 quem
665 1686 782 1753 ipse
805 1685 970 1739 etiam
1010 1685 1274 1740 Dominus
1310 1684 1582 1753 praedixit,
1629 1692 1956 1749 metuentes,
2006 1693 2060 1740 et

481 1773 582 1826 hac
610 1775 676 1828 de
718 1789 884 1828 causa
930 1775 1276 1828 inhonestam
1317 1789 1506 1827 eormn
1539 1774 1704 1848 vitam
1739 1775 2057 1828 alominau-

2158 597 2256 666 τὴν
2280 597 2372 650 τοῦ
2401 601 2603 668 Κυρίου
2637 600 2938 669 παρουσίαν
2968 599 3334 668 κατήγγειλαν
3355 616 3367 628 '
3405 601 3498 652 καὶ
3526 601 3624 653 οὑκ
3652 602 3745 653 ἐσ-

2159 707 2240 741 τιν
2269 693 2517 744 άπιστεῖν
2545 693 2820 756 τοσούτοις
2852 693 3112 761 μάρτυσι.
3167 693 3276 744 Καὶ
3307 691 3382 756 τί,
3437 692 3590 760 φησὶ,
3655 693 3745 743 λέ-

2159 796 2240 847 γω
2271 782 2557 850 προφήτας
2593 784 2688 835 καὶ
2719 782 3048 843 ἀποστόλους
3073 798 3088 845 ;
3118 781 3241 833 Ὅτι
3267 781 3634 847 κατήγγειλαν
3651 783 3744 835 καὶ

2157 869 2256 940 τὴν
2286 871 2508 942 πρώτην
2536 873 2629 925 καὶ
2666 872 2764 942 τὴν
2802 873 3056 943 δευτέραν
3097 871 3260 925 αὑτοῦ
3292 871 3383 924 τοῦ
3417 871 3620 939 Κυρίου
3651 872 3744 924 καὶ

2119 1006 2124 1011 .
2159 961 2406 1030 Σωτῆρος
2438 962 2593 1030 ὴμῶν
2629 965 2950 1032 παρουσίαν.
3025 963 3130 1015 Καὶ
3170 962 3319 1016 ἐστιν
3364 962 3420 1032 [ἡ
3453 962 3740 1033 σύνταξις]

2157 1049 2356 1111 οὑτωςο
2415 1051 2733 1121 Μνησθῆναι
2773 1052 2880 1105 τῶν
2911 1053 3323 1124 προειρημένων
3348 1055 3610 1123 ῥημάτων
3640 1054 3746 1106 ὑπὸ

2159 1139 2266 1192 τῶν
2295 1141 2466 1209 ἁγίων
2497 1144 2814 1214 προφητῶν,
2847 1144 2953 1196 ὑπὸ
2985 1145 3094 1198 τῶν
3128 1145 3443 1199 ἀποστόλων
3477 1144 3630 1211 ὑμῶν
3661 1146 3745 1196 ἐνο

2156 1233 2340 1301 τολῆς,
2371 1233 2477 1286 ὑπὺ
2503 1236 2604 1303 τῆς
2661 1237 2879 1304 ἐντολῆς
2912 1236 3006 1289 τοῦ
3039 1237 3246 1305 Κυρίου
3265 1237 3360 1289 καὶ
3405 1237 3676 1306 Σωτῆρος.
3721 1255 3741 1288 ο

2158 1323 2315 1377 Κατὰ
2353 1325 2532 1377 κοινοῦ
2574 1326 2682 1394 γὰρ
2712 1329 2765 1395 ἡ,
2853 1345 2870 1377 ι
2907 1327 3034 1381 ὑπό.
3084 1346 3102 1378 ι
3136 1327 3244 1380 Καὶ
3271 1327 3358 1380 διά
3389 1329 3438 1379 τί
3470 1329 3569 1394 τὴν
3615 1327 3750 1397 μνή-

2161 1431 2269 1484 μην
2309 1415 2513 1485 ταύτην
2551 1419 2984 1487 ἀναζωπυρῆσαι
3019 1419 3474 1490 παρακελεύεται,
3527 1421 3744 1486 ἐπάγει,

2157 1504 2238 1556 ὅτι
2263 1507 2324 1557 οἱ
2354 1505 2616 1573 ἐμπαθῶς
2643 1507 2841 1571 ζῶντες
2870 1510 3008 1562 κατά
3037 1512 3132 1572 τὰς
3170 1511 3380 1572 οίκείας
3424 1511 3746 1582 ἐπιθυμίας,

2160 1595 2176 1666 [
2201 1595 2432 1664 ὁρῶντές
2453 1613 2612 1658 τινας
2638 1597 2656 1668 ]
2680 1599 2914 1663 δεδιότας
2945 1601 3041 1671 τὴν
3071 1603 3164 1656 τοῦ
3197 1603 3398 1672 Κυρίου
3425 1606 3743 1673 παρουσία-κ,

2158 1687 2223 1756 ἣν
2253 1688 2389 1757 μετὰ
2411 1690 2586 1743 ἄλλων
2624 1690 2897 1762 θεοφόρων
2925 1693 2944 1764 [
2972 1694 3068 1746 καὶ
3089 1695 3248 1758 αὐτὸς
3275 1697 3303 1748 ὁ
3334 1695 3537 1763 Κύριος
3565 1695 3580 1766 ]
3624 1713 3753 1763 προ-

2159 1784 2510 1850 κατήγγειλε,
2544 1786 2637 1837 καὶ
2671 1785 2757 1838 διὰ
2778 1787 2978 1858 ταύτην
2990 1787 3327 1851 ’ἀθετοῦντας
3354 1787 3370 1856 [
3392 1789 3490 1858 τὴν
3515 1789 3751 1857 ἄσεμνον

483 1875 590 1923 trs.
623 1864 785 1934 397
821 1867 1119 1933 praesertim
1162 1879 1287 1917 vero
1340 1879 1464 1916 cum
1523 1879 1633 1917 non
1689 1865 1872 1917 statim
1937 1874 2062 1933 post

2175 1873 2348 1924 αὐτῶν
2370 1874 2573 1942 βιοτὴν,
2597 1875 2616 1946 ]
2647 1880 2741 1930 καὶ
2775 1854 3032 1947 μάλιστα,
3073 1879 3153 1932 ὅτι
3178 1878 3252 1948 μὴ
3280 1854 3420 1932 κατὰ
3448 1854 3630 1940 πόδας.
3649 1879 3750 1932 τῶν

480 1956 643 2007 verba
684 1955 1020 2022 experientia
1076 1962 1424 2022 sequeretur,
1455 1953 1549 2007 sed
1585 1954 1699 2007 haec
1728 1955 1797 2007 ob
1832 1955 2062 2010 salutem

481 2045 767 2099 dim-ratur
806 2061 994 2103 toi-um
1022 2047 1114 2115 qui
1143 2048 1195 2099 in
1225 2047 1524 2100 electorum
1575 2047 1716 2100 libro
1769 2048 2064 2115 conscripti

481 2145 631 2203 sunt,
687 2137 871 2194 ﬁdeles
921 2139 1266 2210 impudenter
1307 2139 1590 2204 invadunt,
1645 2149 1700 2192 ut
1765 2155 1859 2195 eos
1908 2139 2055 2195 deci-

481 2230 651 2299 pian'.

554 2322 716 2377 Vsus.
753 2323 869 2379 5‘5.
905 2343 922 2375 ι
962 2323 1074 2380 lloe
1120 2326 1350 2394 primum
1382 2327 1640 2389 scientes,
1674 2326 1816 2393 quod
1845 2328 2070 2380 vi'nient

483 2413 537 2468 in
576 2416 885 2471 novissimis
933 2417 1127 2472 diebus
1164 2418 1216 2470 in
1265 2417 1585 2486 deceptione
1638 2417 1891 2471 illusorcs
1918 2419 2071 2482 juxta

483 2508 731 2574 proprias
797 2509 1265 2577 concupiscentiis
1317 2509 1660 2561 ambulantes
1691 2549 1705 2570 ,
1769 2509 2009 2562 dicentes
2053 2525 2068 2561 :

484 2594 585 2652 Ubi
616 2609 700 2651 est
757 2600 1046 2666 promissio
1127 2601 1396 2654 adtentus
1445 2601 1563 2667 ejus
1605 2600 1627 2652 ?
1675 2600 1745 2654 Ex
1793 2616 1900 2669 quo
1931 2599 2070 2654 enim

486 2701 669 2759 patres
703 2691 1071 2758 dormierunt,
1101 2693 1279 2745 omnia
1319 2693 1399 2746 sic
1430 2700 1780 2760 perseverant
1811 2691 1879 2745 ab
1919 2692 2074 2744 initio

483 2789 772 2834 creaturae.
831 2781 983 2835 Latet
1044 2783 1186 2837 enim
1253 2799 1368 2844 eos.
1423 2784 1524 2836 hoc
1577 2783 1835 2838 volentes.
1874 2801 1892 2832 ι
1937 2781 2074 2847 Quia

488 2873 769 2928 secundus
805 2873 1015 2927 Domini
1039 2873 1308 2928 adven=us
1339 2890 1444 2927 non
1469 2875 1648 2926 statim
1681 2889 1744 2928 ac
1771 2874 2075 2942 promissus

487 2975 594 3027 est,
611 2967 842 3035 contigit
863 2966 1131 3035 (dilIertur
1151 2967 1361 3018 scilicet
1396 2965 1465 3019 ob
1490 2967 1784 3019 multorum
1822 2967 2074 3035 salutem,

489 3070 726 3124 quorum
759 3057 978 3108 nomina
1014 3055 1219 3124 scripta
1257 3064 1386 3109 sunt
1435 3057 1486 3108 in
1532 3056 1672 3108 libro
1705 3056 1867 3119 vitae)
1899 3072 1914 3120 ;
1951 3055 2077 3108 hinc

2170 1964 2342 2030 λόγων
2368 1968 2398 2034 ἡ
2423 1969 2586 2036 πεῖρα
2619 1969 2832 2035 φθάνει,
2857 1969 2992 2023 ἀλλά
3023 1971 3403 2039 παρατείνεται
3425 1971 3510 2023 διά
3532 1971 3628 2039 τὴν
3650 1989 3752 2024 σω-

2169 2073 2233 2123 τη
2245 2059 2363 2125 ρίαν
2393 2059 2498 2111 τῶν
2533 2062 2590 2111 ἐν
2613 2064 2678 2129 τῇ
2715 2060 2878 2131 βίϐλῳ
2909 2061 3018 2114 τῶν
3047 2062 3366 2131 σωζομένων
3399 2064 3747 2132 γραφέντων·

2171 2149 2490 2218 ἐπιφύονται
2525 2154 2754 2217 ἀναιδῶς
2786 2156 2898 2218 τοῖς
2935 2153 3277 2208 πιστεύουσιν
3301 2155 3749 2219 ἐπιτωθάζοντες.

2249 2343 2264 2372 ι
2293 2325 2462 2378 Τοῦτο
2501 2326 2711 2394 πρῶτον
2737 2327 3118 2390 γινώσκοντες,
3173 2328 3255 2380 ὅτι
3307 2327 3618 2380 ἐλεύσονται
3659 2327 3749 2380 ἐπ’

2174 2417 2419 2486 ἐσχάτων
2435 2419 2782 2488 τῶνήμερῶν
2811 2421 3130 2488 ἐμπαῖκται,
3166 2419 3307 2472 κατὰ
3334 2419 3430 2480 τὰς
3465 2419 3602 2481 ἰδίας
3627 2421 3751 2471 ἐπι-

2175 2507 2374 2575 θυμίας
2389 2509 2568 2561 αὑτῶν
2592 2510 2970 2580 πορευόμενοι,
2991 2509 3084 2562 καὶ
3113 2508 3385 2577 λέγοντες⁹
3413 2509 3522 2560 Ποῦ
3542 2509 3689 2560 ἐστιν
3713 2510 3748 2577 ή

2177 2599 2481 2666 ἐπαγγελία
2505 2601 2603 2669 τῆς
2665 2602 2970 2668 παρουσίας
3018 2600 3221 2666 αὐτοῦς
3302 2602 3421 2668 Ἀφ’
3451 2596 3518 2672 ῆς
3559 2601 3668 2669 γὰρ
3699 2601 3748 2650 ot

2177 2688 2416 2760 πατέρες
2446 2691 2604 2760 ἡμῶν
2639 2693 3034 2762 ἐκοιμήθησαν,
3061 2692 3241 2746 πάντα
3265 2691 3438 2754 οὑτως
3493 2689 3749 2758 διαμένει

2177 2785 2272 2841 ἀπ’
2299 2786 2473 2855 ἀρχῆς
2523 2785 2774 2847 κτίσεως.
2811 2785 3078 2838 Λανθάνει
3107 2785 3214 2854 γὰρ
3247 2783 3444 2846 αὐτοὺς
3477 2782 3634 2835 τοῦτο
3664 2783 3753 2836 θέ-

2177 2877 2387 2940 λοντας.
2415 2897 2432 2928 ι
2465 2877 2555 2945 Τῷ
2588 2877 2661 2946 μὴ
2689 2879 2830 2929 κατά
2861 2875 3066 2940 πόδας,
3107 2875 3259 2944 φησὶ,
3291 2874 3399 2927 τῶν
3443 2873 3615 2941 λόγων
3650 2873 3751 2942 τὴν

2181 2969 2377 3036 πεῖραν
2407 2968 2506 3032 τῆς
2543 2966 2847 3035 παρουσίας
2870 2965 2965 3017 τοῦ
3000 2965 3204 3034 Κυρίου
3239 2963 3624 3016 ἐπακολουθεῖν
3664 2963 3752 3015 διὰ

2178 3059 2274 3129 τὴν
2302 3059 2413 3112 τῶν
2460 3059 2671 3113 πολλῶν
2726 3058 3024 3126 σωτηρίαν,
3052 3057 3160 3110 τῶν
3206 3055 3634 3124 άπογραφέντων
3682 3057 3749 3125 τῇ

492 3163 511 3196 ι
542 3146 795 3199 illusores
828 3163 846 3195 ι
887 3146 1136 3200 homines
1167 3147 1348 3201 verbis
1391 3146 1720 3200 adoriuntur
1743 3161 1838 3202 eos
1868 3147 1960 3216 qui
2015 3145 2072 3199 li-

2181 3151 2348 3221 βίϐλῳ
2391 3151 2501 3204 τῶν
2555 3150 2796 3214 ζώντων,
2867 3147 3194 3216 ἐπιφύονται
3240 3150 3352 3211 τοῖς
3405 3148 3755 3201 πιστεύουσιν

489 3236 640 3291 deles
671 3247 820 3298 sunt,
870 3244 929 3289 ut
973 3238 1270 3305 decipiant,
1301 3237 1587 3292 dicentes:
1629 3256 1648 3289 ι
1688 3235 1792 3292 Ubi
1828 3247 1909 3292 est
1940 3253 2071 3308 pro-

487 3327 683 3381 missio
723 3328 987 3381 adventus
1017 3329 1175 3397 ejus?
1209 3347 1226 3381 ο
1259 3329 1327 3380 At
1357 3338 1640 3398 propterea
1666 3329 1810 3398 quod
1843 3331 2078 3399 promis-

490 3432 613 3471 tium
647 3434 816 3470 unum
860 3419 1102 3471 nondum
1149 3421 1218 3472 ob
1249 3420 1447 3472 dictam
1495 3421 1760 3474 rationem
1796 3423 2073 3492 impletum

491 3515 599 3571 est,
631 3508 769 3561 velle
799 3509 1058 3562 omnibus
1087 3508 1209 3576 ejus
1241 3509 1403 3562 dictis
1434 3509 1697 3573 dillidcre,
1739 3511 1974 3581 latisque
2009 3514 2077 3566 ab

493 3598 614 3666 ipso
641 3597 920 3652 hominum
961 3599 1712 3668 improborumpersuasione
1745 3617 1852 3655 non
1890 3619 2078 3671 parere

495 3691 794 3755 mandatis,
855 3691 1122 3746 absonum
1183 3693 1343 3760 plane
1400 3702 1454 3746 et
1505 3693 1768 3761 injusttnn
1813 3705 1920 3750 est.
1956 3698 2078 3751 Haec

496 3797 629 3836 vero
657 3783 804 3838 illius
827 3784 1090 3851 temporis
1124 3781 1396 3845 Gnostici,
1430 3799 1527 3839 seu
1561 3787 1815 3852 Naaseni,
1841 3798 1894 3841 et
1922 3787 2080 3840 Lam-

495 3872 721 3940 pt-tiani,
751 3880 803 3926 et
847 3871 1094 3927 Euchita:
1122 3873 1465 3930 eﬂutiebant.
1505 3876 1655 3942 Quos
1687 3892 1878 3931 omnes
1913 3895 1932 3928 ι
1977 3878 2079 3931 hoc

495 3961 665 4015 latere
719 3963 987 4026 volentes,
1031 3981 1049 4014 ι
1106 3964 1216 4028 ait;
1252 3975 1447 4032 sponte
1494 3968 1640 4020 enim
1693 3967 1761 4022 ad
1826 3968 2081 4023 veritatis

493 4050 677 4105 lumen
717 4053 907 4107 oculos
945 4054 1293 4110 claudebant.
1322 4057 1389 4110 At
1418 4058 1546 4126 quid
1583 4075 1679 4114 eos
1711 4060 1840 4114 latet
1870 4060 1892 4112 ?
1923 4061 2078 4126 Quod

495 4143 726 4206 scilicet,
784 4146 1242 4214 quemadmodum
1291 4150 1442 4213 olim,
1493 4165 1617 4202 cum
1664 4151 1786 4206 caeli
1830 4163 1883 4205 et
1916 4163 2081 4216 terra,

491 4233 648 4302 juxta
698 4235 987 4290 lllosaieam
1034 4239 1218 4291 mundi
1273 4240 1605 4296 conditionis
1658 4243 1965 4306 historiam,
2018 4259 2084 4298 ex

497 4341 635 4394 aqua
674 4325 780 4394 (ait
813 4329 980 4391 enim,
1010 4326 1178 4383 Deum
1215 4330 1536 4396 imperasse,
1564 4343 1623 4386 ut
1659 4351 1678 4383 ι
1721 4334 1872 4387 lierct
1903 4336 2084 4386 firma-

499 4427 739 4472 mentum
775 4417 826 4471 in
854 4420 1032 4473 medio
1058 4436 1319 4489 aquarum
1338 4423 1384 4453 ²²
1421 4439 1435 4475 :
1469 4441 1487 4474 ι
1511 4423 1762 4477 similiter
1788 4423 1915 4494 etjut
1943 4435 2080 4480 terra

2178 3242 2484 3310 ἐμπαῖκται
2516 3239 2952 3304 ἐπιτωθάζοντες
2979 3238 3073 3292 καὶ
3102 3237 3377 3306 λέγοντεςο
3417 3257 3436 3289 ι
3473 3237 3581 3290 Ποῦ
3608 3239 3755 3290 ἐστιν

2177 3333 2211 3400 ἠ
2247 3331 2546 3399 ἐπαγγελία
2572 3333 2672 3398 τῆς
2713 3331 3016 3402 παρουσίας
3053 3329 3261 3396 αὐτοῦς
3299 3350 3316 3381 ι
3350 3330 3449 3382 Διά
3491 3331 3620 3394 μιᾶς
3649 3328 3756 3382 τοία

2177 3438 2272 3476 νυν
2297 3421 2396 3490 τῆς
2429 3423 2594 3490 μήπω
2624 3420 2934 3491 ἀφιγμένης
2967 3419 3037 3474 δι’
3069 3419 3136 3484 ἃς
3188 3421 3525 3490 προείπομεν
3555 3421 3755 3483 αἰτίας,

2178 3514 2238 3566 οὑ
2272 3513 2478 3566 δίκαιον
2513 3515 2606 3566 καὶ
2639 3515 2761 3576 ταῖς
2794 3511 2987 3572 ἄλλαις
3017 3511 3390 3582 σωτηριὼδεσι
3417 3510 3512 3564 τοῦ
3547 3511 3756 3581 Κυρίου

2181 3601 2423 3664 ἐντολαῖς
2460 3601 2730 3667 ἀπειθεῖν,
2785 3600 3116 3670 κακούργων
3148 3601 3398 3669 γνώμαις
3425 3600 3758 3670 ἐκτραχηλι-

2181 3693 2462 3762 ζομένους.
2516 3692 2703 3746 Ταῦτα
2761 3693 2818 3746 δέ
2846 3693 2896 3745 οἱ
2923 3691 3044 3745 κατ’
3084 3692 3325 3755 ἐκείνους
3377 3693 3502 3753 τοὺς
3533 3693 3755 3762 καιροὺς

2181 3783 2496 3847 Γνωστικοὶ,
2536 3784 2657 3852 ἦτοι
2711 3780 3016 3852 Ναασηνοὶ,
3076 3783 3172 3834 καὶ
3224 3781 3622 3846 Λαμπετιανοὶ,
3667 3781 3760 3832 καὶ

2182 3876 2405 3944 Εὑχίται
2440 3874 2766 3945 ἐληρῴδουν.
2819 3874 2931 3936 Οὓς
3000 3874 3208 3935 πάντας
3249 3891 3268 3924 ι
3302 3872 3588 3926 λανθάνειν
3651 3890 3760 3940 φη-

2185 3967 2270 4021 σὶν
2307 3966 2530 4027 ἑκόντας
2563 3983 2577 3998 ·
2617 3985 2635 4017 ›
2672 3967 2914 4020 ἐθελοντὶ
2939 3965 3048 4036 γὰρ
3078 3966 3273 4033 μύουσι
3309 3963 3445 4034 πρὸς
3483 3965 3582 4029 τὴν
3631 3965 3762 4030 ἀλή-

2185 4058 2358 4112 θειαν.
2395 4060 2505 4110 Καὶ
2542 4057 2598 4108 τί
2636 4058 2696 4109 τὸ
2720 4057 2984 4110 λανθάνον
3017 4054 3255 4119 αὑτούς;
3290 4055 3418 4108 ’Ότι
3471 4051 3660 4123 ὥσπερ
3704 4056 3766 4107 ἐν

2184 4149 2262 4217 τῷ
2295 4148 2668 4216 κατακλυσμῷ
2709 4144 2850 4217 ἦσαν
2885 4147 3124 4218 οὐρανοὶ,
3169 4145 3311 4198 κατά
3345 4144 3444 4213 τὴν
3482 4145 3763 4206 Μωῦσέως

2186 4240 2606 4308 κοσμογένειαν,
2639 4238 2700 4302 ἐξ
2734 4238 2927 4300 ὓδατος
2969 4237 3152 4307 (αὑτὸν
3180 4237 3289 4306 γάρ
3326 4253 3462 4305 φησι
3506 4237 3598 4288 τὸν
3631 4236 3764 4286 Θεὸν

2187 4329 2527 4382 ἐντείλασθαι
2565 4347 2582 4380 ι
2605 4328 2858 4396 γενέσθαι
2881 4327 3170 4396 στερέωμα
3205 4327 3262 4378 ἐν
3293 4326 3446 4395 μέσῳ
3489 4325 3583 4378 τοῦ
3639 4325 3768 4377 ὑδα-

2187 4439 2277 4484 τος
2311 4441 2328 4472 ι
2351 4421 2390 4488 ),
2427 4422 2518 4473 καὶ
2551 4421 2680 4489 ήγῆ
2722 4420 2778 4472 δέ
2805 4419 3067 4482 ὡσαύτως
3102 4420 3167 4471 ἐκ
3199 4417 3312 4470 τῶν
3372 4417 3586 4470 ὑδάτων
3622 4434 3639 4466 ι
3669 4417 3764 4467 ἀν-

496 4522 560 4560 ex
599 4509 757 4578 aquis
805 4528 822 4561 ι
855 4520 1161 4580 appareret,
1198 4530 1216 4563 ι
1271 4511 1323 4564 in
1374 4511 1575 4580 quibus
1620 4522 1778 4566 antea
1833 4513 2072 4569 demersa

2189 4515 2364 4583 εφάνη
2395 4532 2412 4563 ι
2442 4512 2519 4582 τῷ
2540 4512 2750 4564 ἐκείνου
2773 4510 3180 4580 προστάγματι,
3207 4508 3537 4578 ὑποϐρύχιος
3580 4507 3768 4569 αὑτοῖς

493 4598 730 4669 jacebat)
769 4613 990 4669 repente
1016 4617 1080 4656 ac
1111 4613 1308 4671 praeter
1338 4603 1655 4671 opinionem
1685 4604 1953 4659 diluvium
1987 4623 2080 4660 su-

499 4692 750 4759 pervenit
780 4709 795 4748 :
825 4693 898 4746 ita
931 4681 985 4747 ct
1009 4708 1157 4748 nunc
1181 4702 1448 4748 statutum
1473 4702 1558 4748 est
1586 4705 1643 4748 ut
1673 4711 1768 4764 per
1787 4697 1961 4768 ignem
1989 4700 2082 4754 ﬁat

499 4783 739 4838 universi
753 4783 1221 4847 destruetio,eum
1251 4801 1362 4855 quo
1383 4794 1437 4840 et
1466 4787 1618 4856 impii
1652 4788 1921 4856 peribunt.
1945 4793 2081 4846 Cum

499 4872 646 4925 enim
697 4873 807 4927 duo
864 4873 975 4928 sint
1017 4875 1290 4944 prmeipua
1340 4876 1528 4931 mttndi
1580 4879 1743 4947 hujus
1788 4881 2081 4945 elementa,

501 4979 642 5032 aqua
669 4975 723 5017 et
751 4963 912 5035 ignis,
940 4980 970 5018 e
1001 4965 1204 5035 quibus
1232 4967 1341 5021 duo
1377 4967 1504 5030 alia,
1543 4985 1636 5022 aer
1670 4977 1723 5024 et
1761 4979 1930 5035 terra,
1965 4987 2088 5028 esse

503 5073 688 5111 suuni,
713 5057 993 5127 accipiunt
1029 5074 1044 5113 :
1080 5059 1172 5113 ille
1200 5059 1420 5129 quidem
1467 5077 1529 5114 ex
1573 5061 1732 5131 aquis
1753 5064 2087 5131 evaporatis,

513 5150 628 5205 hate
663 5165 794 5204 vero
845 5165 908 5203 ex
943 5150 1137 5205 iisdem
1170 5150 1466 5214 concretis,
1503 5162 1609 5204 tam
1646 5153 2088 5220 evaporationem

505 5257 667 5312 quam
701 5243 1108 5298 concretionem
1141 5253 1405 5298 causante
1434 5243 1559 5313 igne
1585 5245 1748 5312 (quod
1784 5244 2092 5298 nullatenus

509 5334 834 5388 incredibile
863 5347 966 5402 est,
998 5336 1435 5404 quandoquidem
1469 5336 1570 5389 hac
1604 5349 1634 5387 a
1670 5333 1777 5390 Deo
1805 5335 2092 5390 conditore

507 5426 558 5478 vi
587 5434 782 5480 natura
811 5427 954 5495 ignis
983 5427 1180 5480 donata
1211 5428 1339 5495 est),
1377 5440 1614 5495 cumque
1647 5425 1760 5494 jam
1796 5427 1965 5480 si-mcl
1996 5440 2092 5495 per

514 5529 708 5581 aquas,
740 5525 986 5588 tempore
1015 5517 1223 5573 scilicet
1253 5518 1471 5580 diluvii,
1510 5517 1695 5587 impiis
1723 5519 1944 5573 exitium
1972 5519 2094 5572 illa-

514 5612 631 5659 tum
665 5607 847 5674 fuerit,
878 5620 1099 5664 necesse
1125 5609 1282 5678 plane
1306 5617 1412 5674 est,
1443 5610 1641 5680 inquit,
1674 5619 1733 5664 ut
1760 5610 1899 5666 alius
1928 5612 2088 5668 etiam

594 5788 635 5821 "
701 5788 898 5856 Ephcs.
927 5805 984 5855 it,
1014 5788 1102 5842 ‘20.
1187 5793 1231 5824 “
1260 5789 1392 5845 Cen.
1428 5805 1467 5853 ι,
1502 5789 1554 5845 6.

2185 4605 2379 4676 πρώην
2417 4601 2575 4668 οὖσα,
2611 4605 2704 4657 καὶ
2766 4604 2840 4665 ὡς
2893 4603 2952 4666 ἐξ
2992 4603 3198 4655 ὑδάτων
3225 4599 3576 4653 συνεστώτων
3604 4599 3768 4668 οὐρα-

2187 4698 2278 4750 νοῦ
2310 4698 2405 4750 καὶ
2436 4697 2559 4764 γῆς,
2591 4697 2620 4748 ὁ
2651 4695 3032 4764 κατακλυσμὸς
3056 4693 3289 4762 ἐπῆλθεν
3312 4691 3764 4761 ἀπροσδοκήτως·

2186 4791 2331 4843 οὕτω
2359 4791 2452 4842 καὶ
2474 4789 2570 4842 νῦν
2603 4789 2692 4841 διὰ
2742 4789 2916 4858 πυρὸς
2945 4787 3237 4839 ἀπόκειται
3268 4785 3367 4851 τὴν
3421 4784 3628 4853 φθορὰν
3672 4783 3768 4834 τοῦ

2189 4881 2392 4940 παντὸς
2421 4878 2698 4946 γενέσθαι.
2733 4878 2853 4947 μεθ’
2883 4871 2945 4932 οὑ
2975 4879 3071 4930 καὶ
3126 4877 3176 4928 οἱ
3225 4874 3446 4938 ἀσεϐεῖς
3507 4872 3771 4926 ἀπολοῦν-

2192 4991 2304 5025 ται.
2344 4972 2448 5026 Δύο
2469 4971 2579 5041 γὰρ
2617 4972 2786 5024 δντων
2801 4971 2912 5022 τῶν
2936 4967 3420 5022 συνεκτικωτάτων
3489 4963 3771 5033 στοιχείων

2192 5063 2286 5116 τοῦ
2303 5064 2523 5126 παντὸς,
2542 5061 2731 5122 ὓδατος
2753 5061 2849 5114 καὶ
2862 5061 3055 5125 πυρὸς,
3077 5059 3169 5128 ἀφ’
3203 5051 3281 5112 ὧν
3305 5059 3400 5111 καὶ
3420 5057 3490 5110 τὰ
3509 5056 3603 5108 δύο
3629 5073 3775 5107 στοι-

2195 5160 2317 5226 χεῖα
2342 5157 2403 5208 τί)
2437 5151 2578 5208 εἷναι
2609 5153 3011 5222 λαμϐάνουσιν,
3053 5149 3162 5220 ἀὴρ
3197 5147 3296 5217 μέν
3325 5149 3520 5216 ὁρᾶται
3549 5144 3774 5214 ἐξατμι-

2197 5249 2439 5318 ζομένων
2479 5247 2707 5312 ὑδάτων,
2760 5245 2831 5312 γῆ
2857 5243 2914 5296 δὲ
2941 5241 3386 5312 συγκρινομένων
3417 5239 3646 5301 ὑδάτων,
3675 5237 3774 5302 τῆς

2197 5338 2534 5407 ἐξατμίσεως
2563 5336 2639 5398 ὡς
2680 5336 2746 5388 ἐκ
2772 5334 2943 5401 πυρὸς
2972 5334 3066 5386 καὶ
3094 5332 3193 5401 τῆς
3229 5329 3594 5400 συγκρίσεως,
3623 5326 3774 5378 οὐδε-

2198 5430 2288 5492 νὸς
2312 5428 2420 5480 τῶν
2443 5425 2570 5480 νοῦν
2589 5427 2822 5495 ἐχόντων
2845 5422 3204 5484 ἀπιστοῦντος
3225 5418 3452 5487 (ταύτην
3488 5418 3597 5487 γὰρ
3619 5415 3776 5468 δύνα-

2201 5538 2293 5591 μιν
2320 5519 2424 5573 ὑπὸ
2455 5519 2548 5572 τοῦ
2581 5517 2807 5588 ποιητοῦ
2830 5515 2966 5568 Θεοῦ
2996 5513 3138 5584 ἠτοῦ
3165 5511 3337 5583 πυρὸς
3363 5510 3520 5579 ἔλαχε
3549 5507 3732 5575 φύσις)
3758 5521 3773 5538 ³

2197 5610 2288 5665 δύο
2305 5611 2483 5664 τοίνυν
2503 5609 2693 5675 ὄντων,
2719 5607 3097 5677 καὶπρότερον
3129 5605 3226 5674 τῆς
3254 5602 3361 5657 τῶν
3389 5599 3606 5657 ἀσεϐῶν
3640 5597 3768 5668 φθο-
