4120 6490
337 391 473 462 1281
1120 387 1531 451 EXPOSITIO
1564 387 1648 451 IN
1672 387 1913 451 EPIST.

2038 388 2097 449 s.
2134 385 2382 447 PETRI.
2411 408 2481 422 —
2507 384 2666 446 CAP.
2719 382 2829 446 ιιι.
3470 369 3613 448 ’1282

342 508 441 578 ρᾶς
501 502 589 557 διὰ
627 502 739 557 τῶν
812 501 1033 556 ὑδάτων
1067 501 1364 571 γινομένης
1389 500 1455 570 If.
1493 498 1663 571 γεν.],
1709 500 1924 569 ἀνάγκη

2035 512 2128 569 per
2157 497 2339 567 ignem
2369 495 2687 550 eorumdcm
2717 493 3009 563 impiorum
3042 490 3295 547 interitus
3320 490 3615 563 aliquando

339 599 513 660 πᾶσα,
543 595 698 663 φησὶ,
719 593 820 665 τήν
837 594 945 647 τῶν
966 592 1181 648 ἁσεὸῶν
1207 592 1416 665 φθορὰν
1446 592 1537 648 διὰ
1566 593 1741 664 πυρὸς
1765 593 1918 662 γενέ·
2021 590 2324 659 contingat.

339 691 484 740 σθαι.
566 730 573 735 .

414 800 433 832 ι
471 783 594 835 Ὅτι
618 781 840 852 οὐρανοί⁸
863 778 1003 852 ἦσαν
1046 777 1303 845 ἔκπαλαι,
1336 779 1432 835 καὶ
1475 780 1510 849 ἡ
1539 778 1612 850 γῆ
1638 778 1700 846 ἐξ
1724 777 1919 842 ὕδατος

343 875 435 927 καὶ
452 875 519 928 δι’
542 873 737 936 ὓδατος
763 872 1081 927 συνεστῶσα
1106 871 1184 940 τῷ
1201 871 1295 924 τοῦ
1309 870 1450 924 Θεοῦ
1488 868 1652 940 λόγῳ.
1679 888 1801 922 ι--ι
1830 870 1923 935 Ἐξ

341 964 529 1028 ὓδατος
558 984 576 1017 ι
615 965 733 1034 μὲν,
766 964 839 1027 ώς
857 963 916 1028 ἑξ
947 963 1132 1016 ὑλικοῦ
1150 962 1349 1016 αἰτίοψ
1388 979 1407 1012 t
1440 960 1508 1014 δι’
1563 958 1756 1023 ὕδατος
1785 980 1804 1013 ι
1841 960 1921 1025 δὲ,

340 1055 416 1117 ὡς
440 1055 528 1108 διὰ
548 1052 790 1107 τελικοῦ.
821 1052 1010 1123 ’Υδωρ
1039 1052 1149 1122 γὰρ
1181 1051 1244 1104 τὸ
1267 1050 1494 1120 συνέχον
1517 1048 1618 1121 τὴν
1665 1049 1794 1119 γῆν,
1829 1050 1922 1103 τὸν

340 1146 472 1216 χοῦν
487 1145 583 1199 ἆτε
605 1145 769 1199 κόλλα
784 1143 1099 1213 συσφίγγων
1121 1139 1371 1214 [Il-ww]
1387 1142 1577 1210 αὐτῆς,
1589 1141 1682 1194 καὶ
1694 1140 1925 1194 ὑπόστα-

348 1254 433 1289 σιν
450 1237 707 1307 παρέχων
744 1235 807 1308 [Ϊ.
823 1222 968 1307 -χο-Σ]
991 1237 1154 1306 αὐτῇ.
1182 1234 1243 1286 Εἰ
1272 1234 1380 1303 γὰρ
1407 1232 1483 1304 μὴ
1508 1232 1685 1297 τοῦτο,
1706 1232 1924 1302 ἀνάγκη

345 1330 483 1400 πρὸς
514 1329 643 1400 χοῦν
671 1327 989 1382 διαλύεσθαι
1032 1328 1126 1381 καὶ
1162 1325 1481 1397 ἀεροῦσθαι.
1525 1325 1925 1396 Ἐπιφυήσεται

342 1418 400 1472 δέ
427 1436 512 1484 τις
543 1420 674 1489 ἡμῖν
698 1419 827 1482 ίσως
850 1417 1129 1488 φλυαρῶν.
1159 1414 1229 1469 Τί
1252 1415 1503 1487 δήποτεῆὸ
1525 1414 1659 1478 Θεὸς
1680 1416 1773 1468 τὸν
1830 1413 1917 1469 κό-

346 1523 481 1578 σμον
514 1511 607 1562 τδιν
622 1509 898 1583 ὁρώμενον
933 1508 1267 1579 ὑποστήσας,
1284 1507 1408 1575 οὐχὶ
1441 1506 1501 1572 ἐξ
1533 1506 1709 1576 ἀρχῆς
1732 1506 1924 1576 ἑδραί-

371 1619 431 1656 ον
466 1602 785 1673 εἰργάσατο,
825 1600 885 1665 ὲξ
906 1595 967 1654 οῦ
992 1600 1090 1653 zal.
1115 1600 1251 1670 πρὸς
1274 1599 1334 1653 τὸ
1365 1598 1519 1662 εὐθὲς
1552 1598 1927 1667 ὲπανάγεσθαι

346 1696 528 1765 χρεία,
551 1694 614 1747 τὸ
647 1694 749 1764 μὲν
802 1692 899 1747 ἐπὶ
931 1692 1057 1747 Νῶε
1085 1693 1172 1746 διὰ
1196 1693 1290 1746 τοῦ
1346 1690 1762 1761 κατακλυσμοῦ,
1786 1692 1844 1745 ὲν
1866 1691 1926 1745 δὲ

348 1782 414 1851 τῇ
441 1780 725 1852 συντελείᾳ
749 1780 839 1834 διὰ
861 1781 1055 1851 πυρὸς,
1090 1779 1165 1843 ὡς
1196 1779 1288 1834 νῦν
1334 1796 1467 1850 φησι
1512 1781 1753 1850 Πέτρος;
1781 1781 1928 1849 Πρὸς

345 1849 410 1923 ὃν
428 1871 685 1942 ἐροῦμεν,
701 1849 783 1937 ib;
794 1872 857 1925 τὸ
876 1849 974 1943 μὲν
991 1849 1513 1943 ἀμετάϐλητον,γούχ
1533 1849 1648 1926 οἷόν
1670 1888 1729 1924 τε
1758 1871 1925 1924 αὑτὸν
1961 1849 2010 1908 Β

348 1965 519 2037 σχεῖνἶ
543 1963 665 2026 Πῶς
691 1966 822 2034 γὰρ,
841 1963 901 2026 ὃς
928 1964 992 2016 ὲκ
1010 1961 1325 2032 μεταϐολῆς
1342 1961 1525 2033 εἴληχε
1536 1964 1595 2015 το
1611 1958 1753 2015 εἶναι
1776 1978 1792 2028 ;
1829 1962 1927 2015 Ἐκ

346 2054 455 2125 γὰρ
485 2054 577 2107 τοῦ
605 2054 681 2125 μὴ
702 2051 843 2109 εἶναι
864 2056 944 2116 εἰς
981 2053 1039 2106 τὸ
1062 2049 1204 2107 εἶναι
1233 2052 1487 2123 προήχθη
1515 2068 1530 2082 ’
1572 2052 1710 2122 ὅπερ
1731 2055 1831 2106 οὐκ
1860 2054 1928 2106 ἂν

346 2148 572 2217 ἔμφρων
596 2164 679 2210 τις
705 2146 781 2216 μὴ
811 2145 1098 2198 ἀλλοίωσιν
1119 2146 1256 2217 ὲρεί.
1288 2144 1397 2197 Καὶ
1419 2143 1608 2214 ἐπειδὴ
1639 2144 1671 2214 ἡ
1701 2143 1928 2196 ἀλλοίω-

348 2257 432 2303 σις
460 2240 554 2292 ἐπὶ
578 2239 637 2291 τὸ
663 2237 937 2310 χείριστον
956 2237 1169 2307 προέϐη
1190 2239 1304 2302 τοῖς
1328 2240 1537 2307 χείροσι
1557 2253 1620 2288 συ
1629 2238 1925 2306 μφυρεῖσα,

347 2330 661 2399 ἀναγκαίως
714 2332 745 2383 ό
791 2329 983 2383 τούτου
1032 2327 1367 2401 δημιουργὸς
1426 2328 1522 2381 ἐπὶ
1574 2328 1636 2381 τὸ
1674 2330 1928 2399 κρεῖττον

2099 806 2121 843 ι
2158 788 2315 855 Quod
2346 786 2473 842 mali
2516 791 2676 839 erant
2706 783 2879 854 prius,
2912 791 2968 837 et
2994 790 3140 838 terra
3163 797 3229 835 ex
3260 795 3402 852 aqua
3430 791 3484 835 et
3519 797 3617 850 per

2024 894 2224 949 aquam
2273 878 2587 932 consistens
2631 874 2719 929 Dei
2760 873 2947 928 verbo.
2990 890 3009 924 ι
3067 870 3142 925 Ex
3189 885 3328 940 aqua
3369 871 3613 940 quidem,

2026 979 2287 1040 tanquam
2338 982 2403 1021 ex
2460 964 2729 1020 tnateriali
2785 962 3110 1033 principio;
3164 980 3182 1013 ι
3221 976 3318 1031 per
3351 976 3549 1030 aquam
3592 982 3613 1013 ι

2025 1076 2180 1126 vero,
2206 1068 2467 1128 tanquam
2502 1072 2598 1126 per
2630 1055 2831 1124 aliquid
2860 1053 3240 1123 perlectivum.
3270 1053 3422 1121 Aqua
3449 1052 3619 1127 enim,

2026 1166 2146 1223 qua:
2161 1151 2407 1205 continet
2426 1157 2653 1214 terram,
2674 1146 2796 1214 ejus
2820 1145 3092 1215 pulverem
3122 1144 3270 1198 velut
3284 1147 3470 1213 gluten
3501 1144 3622 1197 col-

2026 1245 2224 1315 ligatis,
2257 1242 2432 1298 eidem
2457 1238 2874 1294 consistentiam
2909 1235 3120 1291 tribuit.
3156 1235 3314 1302 Quod
3347 1235 3394 1290 si
3421 1234 3473 1289 id
3508 1248 3619 1288 non

2028 1343 2392 1408 praestaretur
2410 1332 2482 1387 ab
2512 1345 2676 1401 aqua,
2702 1328 3018 1384 necessario
3048 1334 3195 1381 terra
3223 1326 3339 1395 ipsa
3369 1324 3423 1378 in
3455 1322 3623 1394 393

2028 1428 2307 1498 pulverem
2352 1423 2745 1487 resolveretur,
2791 1435 2855 1474 ac
2903 1420 2958 1474 in
3001 1433 3128 1472 aera
3177 1416 3380 1472 abiret.
3418 1414 3621 1470 Verum

2030 1520 2264 1575 fortasse
2297 1523 2538 1586 nugator
2568 1514 2769 1583 aliquis
2802 1508 3196 1580 interpellauit,
3226 1508 3418 1562 (licens
3455 1523 3471 1562 :
3510 1507 3637 1571 Cur

2034 1613 2200 1677 Deus,
2234 1624 2360 1665 cum
2396 1608 2663 1662 visibilem
2697 1605 2845 1659 hunc
2878 1601 3145 1657 mundum
3198 1598 3462 1665 condidit,
3496 1612 3623 1653 cum

2029 1704 2114 1758 vel
2157 1703 2228 1757 ab
2279 1701 2398 1771 ipso
2450 1699 2607 1753 initio
2649 1696 2870 1751 firmum
2906 1693 3269 1762 stabilemque
3313 1705 3422 1746 non
3475 1689 3622 1754 fecit,

2035 1796 2170 1864 quin
2203 1808 2347 1863 Opus
2376 1790 2517 1846 foret
2544 1799 2596 1844 et
2631 1788 2760 1843 olim
2795 1796 3039 1857 tempore
3068 1782 3181 1839 Noe
3212 1797 3310 1853 per
3333 1781 3624 1846 diluvium,

2035 1897 2088 1942 et
2128 1887 2183 1940 in
2231 1885 2342 1937 line
2370 1880 2560 1934 mundi
2598 1893 2695 1948 per
2746 1877 2926 1947 ignem
2977 1874 3043 1928 ad
3098 1871 3379 1928 meliorem
3418 1879 3624 1926 Statum

2028 1977 2275 2032 revocari
2308 1971 2456 2029 iCui
2488 1986 2585 2026 nos
2618 1967 3038 2039 respondemus,
3074 1963 3338 2018 mundum
3369 1962 3626 2015 immuta-

2028 2067 2256 2124 bilitatis
2280 2067 2460 2120 dotem
2484 2063 2682 2117 habere
2715 2076 2821 2114 non
2847 2058 3114 2130 potuisse,
3150 2054 3299 2126 quod
3326 2069 3420 2124 per
3440 2062 3624 2107 muta-

2027 2160 2231 2215 tionem
2272 2158 2522 2210 hahucrit
2555 2153 2791 2215 initium,
2824 2149 3094 2220 siquidem
3125 2164 3190 2202 ex
3225 2163 3332 2202 non
3368 2161 3492 2201 esse
3552 2143 3621 2200 ad

2027 2264 2153 2305 esse
2187 2247 2513 2318 perductum
2544 2255 2625 2298 est
2658 2261 2672 2299 :
2721 2241 2866 2311 quod
2903 2256 3064 2296 nemo
3087 2240 3179 2309 qui
3209 2239 3409 2309 sapiat,
3443 2246 3617 2291 muta-

2032 2345 2232 2398 tionem
2272 2340 2567 2411 quamdam
2601 2351 2724 2392 esse
2767 2334 3065 2406 negaverit.
3109 2333 3177 2386 At
3210 2332 3470 2402 quoniam
3518 2330 3622 2384 liu-

348 2424 660 2489 ἐπανάγων,
695 2421 786 2474 ἐπὶ
820 2421 919 2491 μὲν
940 2419 1034 2474 τοῦ
1057 2419 1181 2475 Νῶε
1205 2420 1304 2490 τήν
1341 2418 1611 2489 κάθαρσιν
1640 2418 1710 2471 δι’
1737 2417 1931 2481 ὓδατος

2035 2432 2269 2502 iusmodi
2301 2431 2532 2485 mutatio
2573 2444 2639 2482 ex
2668 2427 2812 2481 malo
2840 2427 2894 2480 in
2924 2425 3184 2496 pejorem,
3216 2437 3278 2477 ac
3306 2423 3542 2491 denique
3568 2420 3624 2475 in

345 2515 667 2583 ἐποιήσατο,
690 2515 748 2567 ἐν
780 2513 837 2565 δὲ
878 2515 945 2584 τῇ
1003 2510 1287 2580 συντελείᾳ
1324 2511 1415 2564 διὰ
1468 2511 1663 2593 πυρῆς.
1707 2510 1832 2564 Ἐπὶ
1863 2508 1928 2582 [Ῑ.

2035 2526 2332 2597 pessimum
2382 2529 2589 2577 statum
2626 2532 2919 2589 progressa
2971 2524 3097 2571 est:
3138 2514 3456 2570 necessario
3485 2512 3627 2567 Deus

352 2603 500 2677 Emi]
537 2606 630 2659 καὶ
681 2605 846 2676 ήμεῖς
895 2603 1170 2673 εἰώθαμεν
1227 2602 1327 2666 τὰς
1373 2601 1507 2666 ὔλας
1565 2602 1934 2673 ἁναχωνεύειν

2035 2616 2222 2669 volens
2258 2612 2436 2682 ipsum
2474 2615 2539 2663 ad
2573 2608 2851 2662 meliorem
2896 2605 3125 2675 gradum
3160 2603 3445 2666 reducere,
3491 2616 3620 2656 cum

352 2713 423 2749 πυ
433 2699 507 2768 pi,
530 2698 630 2767 οὐχ
650 2696 740 2751 ἶνα.
786 2694 1135 2769 ἀνυπαρξίαν
1156 2695 1349 2759 αὑταῖς
1379 2694 1587 2765 δῶμεν,
1615 2695 1734 2748 ἁλλ’
1762 2695 1850 2749 ἵνα
1873 2694 1934 2748 τὸ

2035 2707 2248 2760 virente
2277 2700 2391 2755 Noe
2411 2691 2539 2755 eum
2572 2713 2714 2768 aqua
2738 2684 3019 2767 purgavit,
3051 2704 3165 2750 tum
3198 2696 3252 2748 in
3276 2706 3629 2749 consumma-
3723 2758 3733 2767 υ

352 2787 592 2859 καθαρὸν
614 2789 707 2841 καὶ
728 2786 1022 2856 εἰλικρινὲς
1050 2784 1436 2857 χαρισώμεθα·
1483 2788 1580 2839 καὶ
1627 2784 1787 2839 τοῦτο
1831 2786 1932 2839 οὐκ

2037 2798 2182 2852 tione
2225 2795 2407 2850 saeculi
2447 2795 2573 2862 igne
2604 2798 2944 2861 purgaturus
2967 2795 3072 2843 est.
3107 2787 3244 2841 Nam
3274 2795 3328 2839 et
3355 2800 3457 2840 nos
3480 2798 3631 2853 quae-

352 2880 418 2931 ἆν
450 2896 532 2940 τις
564 2877 861 2948 ἀπιστήσῃ.
904 2874 1182 2940 Ὡσαύτως
1208 2875 1272 2947 δὴ
1317 2875 1415 2929 καὶ
1433 2874 1526 2928 τὸν
1551 2875 1689 2928 Θεὸν
1713 2873 1802 2928 διὰ
1833 2891 1934 2926 πυ-

2036 2888 2160 2942 dam
2184 2882 2484 2940 rceout‘lure
2509 2884 2768 2944 solemus,
2801 2895 2910 2934 non
2943 2889 3001 2933 ut
3032 2877 3403 2942 destruamus,
3440 2875 3534 2931 sed
3569 2881 3629 2929 ut

357 2969 446 3040 ρος
472 2970 529 3020 ὲν
553 2970 620 3039 τῇ
652 2966 933 3038 συντελείᾳ
960 2966 1433 3037 ἐπαγγειλάμενος
1476 2969 1680 3020 ποιεῖν’
1709 2967 1777 3019 τὰ
1827 2965 1934 3036 γὰρ

2039 2979 2333 3049 puritatem
2374 2975 2481 3028 illis
2544 2973 2949 3043 pristinumque
2974 2969 3208 3024 nitorem
3250 2968 3627 3022 restituamus.

355 3056 586 3125 περιττὰ
617 3054 854 3125 φθείρει,
873 3056 973 3156 καὶ
996 3054 1164 3127 μηδὲν
1189 3055 1326 3126 πρὸς
1355 3054 1708 3127 ἀνθρωπίνην
1733 3052 1934 3107 σύστα-

2040 3069 2232 3125 Simile
2261 3065 2391 3136 quid
2418 3066 2578 3120 etiam
2608 3064 2751 3118 Deus
2781 3063 2904 3132 igne
2927 3063 2982 3114 in
3016 3060 3121 3114 fine
3151 3058 3337 3113 mundi
3368 3073 3426 3114 se
3456 3057 3632 3112 factu-

358 3163 442 3199 σιν
483 3146 861 3199 συντελοῦντα*
915 3140 1029 3199 οἷον
1078 3146 1244 3216 φυτὰ,
1290 3148 1487 3217 κτήνη,
1531 3144 1714 3216 χλόην.
1749 3145 1934 3198 Ταῦτα

390 3232 414 3254 θ
519 3237 544 3254 Λ
651 3239 673 3253 υ
788 3236 839 3254 ,1
895 3251 979 3254 ,sA
1019 3235 1109 3254 κέλ
1157 3234 1277 3254 νηᾼὶ,
1327 3234 1420 3254 ‘LW
1464 3235 1735 3254 Q,-n-,-_A__
1772 3233 1814 3254 γέ
1848 3234 1894 3254 ,ιγ

2044 3176 2163 3214 rum
2203 3158 2474 3229 promisit,
2517 3158 2787 3225 siquidem
2831 3152 3106 3222 superﬂua
3137 3159 3191 3206 et
3229 3151 3298 3204 ad
3332 3152 3628 3204 humanam

357 3233 449 3290 οῦν
476 3237 761 3308 φθαρείται
782 3236 851 3290 τὰ
881 3235 1114 3307 περιττὰ
1142 3234 1278 3305 πρὸς
1323 3234 1423 3307 τὴν
1457 3235 1737 3306 ἄφθαρτον
1767 3233 1934 3304 ζωήν.

370 3326 520 3350 ναΐ-,ἱ
551 3326 640 3350 -ΐ.-.
679 3325 818 3350 ΑΕ--.
845 3326 1018 3350 ..-ττ-..
1099 3323 1346 3350 ....-..!..-
1398 3322 1735 3350 .-\...._...'.-...
1766 3324 1812 3350 ,ι
1847 3325 1934 3350 ,λιι

2045 3251 2357 3304 felicitatem
2408 3247 2545 3300 nihil
2590 3243 2929 3300 conferentia
2980 3244 3250 3303 destruet,
3298 3248 3357 3293 ut
3390 3239 3630 3310 plantas,

389 3326 527 3381 Επεὶ
548 3326 641 3381 οὖν
676 3325 821 3380 οὕτω
844 3326 1045 3391 ταῦτα,
1098 3323 1346 3395 ματαίως
1397 3323 1735 3396 φλυαροῦσιν
1765 3324 1816 3377 οἰ
1847 3325 1934 3376 τὸν

2040 3344 2312 3411 jumenta,
2362 3339 2562 3393 herbas
2604 3346 2660 3390 et
2706 3336 2812 3389 alia
2841 3334 3155 3403 hujusmodi
3187 3348 3309 3403 quae
3336 3330 3634 3398 immortali

356 3417 634 3492 ὁρώμενον
660 3418 850 3471 τοῦτον
885 3417 1089 3486 κόσμον
1116 3415 1408 3487 ζητοῦντες
1436 3415 1513 3486 μὴ
1542 3414 1822 3484 ἄφθαρτον
1882 3411 1943 3478 ἐξ

361 3514 536 3585 ἀρχῆς
569 3512 843 3581 γενέσθαι.
876 3512 941 3565 Εἰ
978 3509 1160 3576 τοῦτο,
1195 3509 1291 3564 καὶ⁵
1320 3510 1414 3562 ἐπὶ
1467 3509 1567 3579 τῆς
1597 3508 1793 3579 νοερᾶς
1848 3508 1939 3559 οὐ·

361 3605 602 3667 σιώσεως
640 3602 962 3674 λογισθῆναι
1026 3602 1263 3675 οἰηθείη,
1284 3601 1412 3654 ἐπεὶ
1440 3600 1581 3672 αὑτὴ
1601 3600 1662 3667 ἐξ
1690 3600 1794 3653 οὐκ
1847 3599 1940 3653 δν-

359 3713 469 3750 των
522 3697 796 3767 προήχθη,
854 3695 970 3749 ἀλλ’
1019 3693 1172 3748 οὔπω
1229 3693 1435 3758 συνιεὶς
1481 3693 1558 3757 ὡς
1617 3693 1652 3763 ή
1699 3691 1943 3760 ἁπλότης

361 3787 543 3859 εκείνη
576 3790 858 3860 περιποιεῖ
885 3788 947 3840 τὸ
978 3785 1285 3855 ἀνώλεθρον
1338 3784 1437 3839 καί⁵
1492 3784 1556 3838 τὸ
1614 3785 1785 3852 ἐγγὺς
1842 3783 1943 3852 τῆς

366 3880 644 3950 μακαρίας
701 3877 961 3949 τετάχθαι
1028 3879 1097 3949 τῇ
1164 3875 1400 3948 ὑπάρξει
1465 3875 1561 3931 καὶ
1621 3875 1776 3939 θείας
1836 3874 1939 3944 φύ-

364 3988 523 4035 σεως.

447 4081 463 4113 ι
503 4060 581 4113 Δι’
605 4054 681 4115 ὧν
712 4060 741 4113 ὁ
768 4060 894 4114 τότε
927 4060 1130 4130 κόσμος
1155 4058 1308 4113 ὕδατι
1338 4058 1706 4123 κατακλυθεις
1749 4058 1928 4132 [vulg.-

364 4185 390 4195 -
420 4151 593 4225 σθεὶς]
614 4151 884 4207 ἀπώλετο.
913 4171 932 4203 ι
961 4153 1060 4204 Διὰ
1074 4152 1167 4205 τοῦ
1192 4151 1424 4222 οὐρανοῦ
1448 4152 1663 4221 καὶτῆς
1692 4152 1818 4222 γῆς’
1847 4151 1948 4222 τῆς

370 4246 467 4325 μὲν
488 4246 547 4297 τὸ
569 4244 714 4317 ὕδωρ
733 4243 1233 4314 ὲπικλυσόισης,τοῦ
1256 4248 1315 4297 οὐ
1326 4244 1487 4315 ρανοῦ
1510 4245 1567 4298 δὲ
1598 4247 1721 4308 τοὺς
1738 4247 1946 4316 καταρ-

371 4338 577 4408 ῥάκτας
609 4336 909 4407 ὲπαφέντος
935 4339 997 4388 τὸ
1029 4334 1176 4406 ὕδωρ
1204 4337 1272 4406 τῇ
1302 4337 1398 4406 γῇ.
1434 4334 1509 4387 Τὸ
1561 4334 1639 4398 δὲ,
1675 4353 1694 4385 ι
1763 4334 1945 4389 Ἀπώ-

368 4431 512 4497 λετο,
549 4448 567 4482 ι
614 4429 692 4501 μὴ
720 4429 857 4502 πρὸς
897 4428 1079 4481 πάντα
1111 4428 1200 4481 τὸν
1227 4426 1436 4497 κόσμον
1465 4426 1599 4493 νόει,
1634 4426 1771 4479 ἀλλὰ
1810 4425 1947 4497 πρὸς

2044 3434 2167 3486 vita:
2207 3444 2437 3500 prorsus
2485 3435 2613 3480 sunt
2659 3425 2900 3479 inutilia.
2936 3422 3266 3492 lnsipienler
3310 3423 3475 3491 igitur
3503 3434 3631 3490 gar-

2044 3527 2214 3589 riunt,
2250 3521 2649 3592 qui-visibilem
2685 3521 2830 3573 hunc
2865 3516 3132 3571 mundum
3153 3515 3339 3568 volunt
3377 3514 3445 3567 ab
3475 3512 3635 3566 initio

2045 3613 2520 3682 incorruptibilem
2554 3610 2744 3662 fuisse.
2782 3607 2837 3662 Si
2873 3606 3000 3676 quis
3049 3620 3180 3659 vero
3215 3610 3366 3673 putet
3400 3603 3540 3656 idem
3567 3601 3637 3655 de

2043 3704 2311 3774 spiritu..h
2332 3715 2551 3770 quoque
2587 3698 2897 3753 substantia
2925 3693 3296 3759 sentiendum,
3323 3692 3369 3746 is
3392 3691 3638 3761 profecto

2046 3811 2154 3851 non
2206 3794 2481 3862 intelligit,
2530 3788 2810 3860 quomodo
2857 3788 3087 3857 spiritus
3132 3783 3486 3854 simplicitate
3535 3795 3651 3835 sua“

2047 3885 2518 3941 immortalitatem
2555 3880 2668 3936 ’sibi
2711 3879 2971 3942 vindicet,
2998 3878 3246 3946 adeoque
3269 3876 3336 3929 ad
3397 3875 3639 3929 divinam

2044 3979 2369 4045 beatamque
2393 3984 2642 4029 naturam
2670 3970 2897 4041 prepius
2928 3967 3174 4022 accedat.

2118 4070 2286 4127 Vsus.
2317 4070 2369 4124 6.
2402 4088 2420 4121 ι
2461 4068 2563 4121 Per
2593 4082 2715 4136 qua:
2746 4065 2837 4119 ille
2875 4073 3007 4118 tunc
3039 4060 3279 4116 mundus
3305 4074 3446 4131 aqua
3478 4059 3644 4113 inun-

2045 4165 2206 4221 datus
2238 4164 2421 4235 periit.
2455 4180 2474 4212 ι
2506 4189 2575 4200 -
2607 4179 2625 4210 ‹
2663 4157 2767 4213 Per
2795 4171 2917 4228 quae
2958 4173 3007 4221 ι,
3040 4154 3249 4209 scilicet
3270 4168 3367 4223 per
3396 4151 3568 4208 caelos
3587 4159 3643 4206 et

2048 4258 2299 4321 lerram;
2356 4265 2498 4308 terra
2548 4251 2768 4322 quidem
2822 4262 3020 4318 aquam
3068 4247 3291 4315 copiose
3336 4243 3642 4307 emittente,

2049 4352 2207 4406 cmlis
2240 4355 2421 4402 autem
2454 4361 2548 4416 per
2567 4349 2904 4398 catarractas
2928 4352 3127 4411 aquam
3163 4346 3323 4392 terra:
3358 4334 3647 4390 effunden-

2051 4442 2211 4497 tibus.
2263 4438 2399 4493 lllud
2455 4444 2638 4491 autem
2694 4454 2712 4485 ι
2750 4433 2908 4503 periit
2942 4451 2960 4483 ι
3013 4443 3358 4500 nequaquam
3405 4426 3473 4481 de
3525 4432 3644 4481 toto

373 4525 511 4595 μόνα
538 4524 608 4577 τὰ
642 4522 784 4588 ζῶα,
812 4521 849 4575 ἃ
876 4521 967 4575 τὸν
999 4519 1291 4591 σύμπαντα
1345 4522 1548 4588 κόσμον
1580 4520 1749 4588 οἱονεὶ
1812 4518 1934 4570 εἰδο·

2056 4531 2262 4586 rutundo
2304 4529 2578 4597 intelligit,
2627 4524 2722 4580 sed
2763 4526 2831 4579 de
2868 4520 3198 4577 animalibus
3240 4526 3476 4580 tantmn,
3521 4529 3645 4586 qua:

371 4620 536 4672 ποιεῖ.
570 4616 837 4685 ,Ἔρημός
864 4616 972 4684 γὰρ
997 4615 1204 4667 τούτων
1235 4614 1528 4683 γενόμενος
1572 4610 1694 4663 οὐδὲ
1745 4612 1934 4680 κόσμο.

2060 4622 2380 4676 universum
2430 4618 2694 4670 mundum
2734 4613 2902 4668 veluti
2947 4612 3001 4665 in
3055 4624 3155 4665 sua
3206 4607 3386 4679 specie
3435 4605 3647 4660 consti-

370 4711 435 4763 ἂν
474 4710 583 4779 εἵη·
2060 4721 2224 4767 tuunt
2261 4729 2275 4776 ;
2321 4712 2387 4765 iis
2422 4710 2566 4763 enim
2595 4720 2792 4775 expers
2820 4702 3081 4763 mundus,
3119 4715 3219 4756 nec
3263 4699 3501 4752 mundus
3524 4695 3650 4764 qui-

2063 4806 2184 4859 dem
2226 4802 2493 4856 dicendus
2523 4798 2685 4852 foret.

451 4888 558 4941 ιΟἰ
594 4885 652 4939 δὲ
684 4884 780 4938 νῦν
808 4885 1052 4952 οὐρανοὶ,
1105 4884 1199 4937 καὶ
1247 4885 1282 4952 ή
1329 4884 1423 4953 γῆ,
1464 4881 1544 4953 τῷ
1591 4880 1759 4935 αὐτοῦ
1814 4880 1934 4951 λόγιε

2139 4893 2303 4949 Vsus.
2331 4892 2383 4947 7.
2432 4909 2451 4942 ι
2481 4891 2617 4946 Coeli
2672 4895 2879 4950 autem,
2919 4885 3011 4956 qui
3050 4898 3197 4940 nunc
3230 4888 3381 4946 sunt,
3413 4886 3467 4936 et
3504 4887 3649 4933 terra

371 4980 864 5051 τεθησαυρισμένοι
915 4978 1022 5031 εἰσὶ
1069 4977 1206 5048 σπυρί¹
1251 4977 1582 5046 τηρούμενοι
1611 4977 1692 5038 εἰς
1743 4976 1934 5045 ἡμέρα

2067 4990 2259 5044 eodem
2316 4986 2481 5039 verbo
2522 4981 2745 5052 repositi
2793 4992 2943 5043 sunt,
2985 4977 3098 5047 igni
3149 4973 3412 5030 reservati
3455 4970 3511 5024 in
3559 4968 3650 5023 die

375 5074 611 5145 κρίσεως
662 5070 762 5124 καὶ
812 5070 1091 5132 ἀπωλείας
1136 5069 1244 5122 τῶν
1294 5068 1510 5122 ἀσεϐῶν
1563 5067 1889 5139 ἀνθρώπων.
1932 5087 1934 5118 :

2059 5079 2276 5151 jutlieii,
2312 5087 2366 5132 et
2406 5074 2732 5145 perditionis
2769 5070 3059 5141 impiorum
3095 5066 3398 5121 hominum.
3436 5080 3454 5114 ι
3514 5058 3650 5115 Uni-

375 5166 453 5218 Τὸ
482 5165 572 5218 διὰ
589 5163 685 5217 τοῦ
724 5162 897 5233 πυρὸς
931 5161 1193 5231 γενέσθαι
1246 5162 1346 5235 τὴν
1411 5160 1565 5215 τοῦδε
1605 5161 1700 5215 τοῦ
1758 5159 1928 5213 παντδ

2065 5187 2280 5227 versum
2310 5170 2412 5223 hoc
2435 5169 2557 5236 igne
2582 5162 3015 5219 consumendum
3040 5156 3335 5228 aliquando
3371 5153 3509 5216 fore,
3542 5164 3653 5205 non

378 5257 606 5329 φθορὰν,
641 5257 702 5309 οὐ
743 5255 904 5325 μόνον
935 5255 1310 5323 Χριστωνοίς,
1369 5253 1510 5308 ἀλλὰ
1539 5256 1634 5306 καὶ
1682 5254 1797 5316 τοῖς
1848 5250 1934 5306 τῶι

2062 5269 2239 5320 solum
2258 5259 2711 5314 Christianarum
2737 5297 2752 5320 ,
2787 5254 2882 5307 Sed
2918 5251 3080 5306 etiam
3114 5248 3397 5318 gentilium
3434 5241 3655 5311 sapien-

390 5345 659 5415 Ἑλλήνων
694 5346 878 5412 σοφοῖς
927 5342 1094 5396 δοκεῖ.
1162 5342 1425 5413 ’Δλὶσὲρεί
1473 5358 1581 5406 σιςις⁸
1642 5343 1756 5396 Καὶ
1799 5344 1883 5406 τίς
1932 5369 1934 5384 π

2060 5364 2174 5410 tum
2206 5351 2478 5408 sententia
2509 5348 2699 5402 est.At
2728 5346 2874 5399 dicet
2903 5342 3179 5413 quispiam
3216 5356 3230 5393 :
3264 5339 3376 5393 Cur
3398 5333 3654 5390 tonditus

378 5439 538 5509 λόγος
565 5436 660 5490 τοῦ
689 5436 1011 5507 ὑποστῆναι,
1035 5436 1085 5488 εἰ
1134 5434 1214 5488 δεῖ
1254 5434 1416 5507 πάλιν
1446 5437 1693 5507 χωρῆσαι
1718 5439 1796 5500 εἰς
1832 5437 1934 5505 φθο

2070 5459 2155 5505 est
2189 5445 2446 5506 mundus,
2473 5443 2519 5496 si
2557 5439 2928 5495 destruendus
2951 5448 3033 5491 est
3063 5432 3303 5488 iterum?
3334 5424 3656 5497 Responde-

384 5535 484 5606 ραν
515 5533 606 5586 τον
640 5533 889 5602 κόσμονς
933 5530 1199 5601 Ἐροῦμεν
1229 5527 1345 5596 οὖν⁹
1374 5532 1449 5594 ώς
1474 5532 1536 5585 οὺ
1599 5534 1881 5599 παντελῶς
1932 5559 1934 5576 ι

2072 5556 2215 5607 Inus,
2268 5535 2533 5592 mundum
2583 5530 2731 5586 haud
2770 5534 2822 5584 ιιι
2865 5528 3091 5584 nihilum
3140 5523 3522 5596 redigendum,
3560 5516 3658 5573 sed

385 5627 590 5696 κόσμος
620 5624 700 5687 εἰς
729 5621 937 5692 φθορὰν
966 5623 1231 5693 χωρήσει,
1281 5621 1420 5677 ἀλλὰ
1481 5624 1617 5695 πρὸς
1670 5624 1934 5680 ἀνακαινι

2066 5632 2442 5688 renovandum
2469 5641 2613 5683 esse.
2647 5622 2829 5690 Quare
2876 5620 3149 5691 Propheta
3178 5616 3255 5672 ait
3286 5634 3300 5670 :
3344 5635 3362 5667 ι
3406 5614 3467 5667 Et
3500 5626 3659 5665 reno-

387 5718 521 5787 σμόν
548 5735 562 5747 ·
599 5714 691 5768 Διὸ
717 5714 814 5768 καὶ
858 5716 886 5769 ό
920 5716 1217 5787 Προφήτης
1248 5718 1410 5788 φησί’
1441 5735 1459 5770 ι
1488 5718 1598 5772 Καὶ
1624 5704 1934 5775 ἀνακαινιεῖ

2068 5723 2222 5779 vabis
2247 5719 2441 5775 faciem
2470 5726 2631 5772 terra:
2651 5714 2719 5767 ".
2756 5731 2775 5767 ι
2802 5710 3274 5780 Quemadmodum
3297 5708 3444 5764 enim
3478 5707 3660 5773 initio,

447 5835 494 5867 ³³
523 5834 670 5888 Psal.
694 5848 813 5897 cm,
847 5831 940 5888 50.
