4120 6316
480 326 629 392 1283
1337 314 1922 376 THEOPHYLACTI
1963 317 2375 379 BULGABUE
2403 319 2766 380 ARCHIEP.
3616 292 3759 390 128i

475 449 726 496 creatura
765 430 1041 490 sensibilis
1073 430 1215 484 facta
1243 436 1327 484 est
1357 428 1520 494 bona,
1545 435 1598 480 et
1628 438 1848 497 propter
1882 428 2058 480 liomi-
2089 462 2102 493 λ

2128 471 2136 491 ,
2165 431 2224 482 τὸ
2251 433 2540 500 πρόσωπον
2569 429 2669 499 τῆς
2699 430 2859 498 γῆς.»
2901 430 3113 500 Ὥσπερ
3151 428 3260 500 γάρ
3315 430 3419 482 ὑπὸ
3455 429 3590 484 Θεοῦ
3623 433 3755 484 ὑπο·-

475 531 564 585 nis
596 525 1099 598 praevaricationem
1128 519 1292 575 etiam
1341 518 1459 586 ipsa
1492 536 1509 568 ι
1555 517 1780 570 vanitati
1813 516 2062 586 subjecta

2173 526 2350 578 στᾶσα
2419 525 2453 593 ἡ
2501 521 2735 592 αἰσθητὴ
2761 521 2960 585 κτίσις,
2995 520 3134 590 καλὴ
3174 537 3188 551 ·
3219 520 3306 572 διὰ
3335 519 3392 572 δὲ
3421 521 3520 591 τὴν
3542 521 3636 574 τοῦ
3661 521 3757 574 ἀν-

479 620 651 682 ρει²⁶,
689 637 706 668 ι
769 624 827 670 ut
886 616 1103 688 ﬁrmum
1169 611 1381 666 scilicet
1432 623 1555 662 esse
1615 623 1724 661 non
1794 607 2062 662 haberet:

2171 615 2396 686 θρώπου
2428 613 2764 684 παράϐασιν,
2783 613 2875 664 καὶ
2903 611 3040 681 αὐτὴ
3069 613 3102 681 ἡ
3130 611 3306 674 κτίσις
3334 615 3400 682 τῇ
3438 612 3762 682 ματαιότητι

484 713 701 772 deinde,
745 724 869 762 cum
904 707 957 760 in
991 689 1197 759 diluvio
1243 704 1396 773 pauci
1433 702 1833 758 remansissent
1867 701 1937 770 pii
1967 703 2067 756 lio-

2173 707 2445 775 ὑπετάγη,
2493 705 2639 758 τοῦτ’
2662 705 2779 756 ἔστι
2817 703 2894 774 τῷ
2933 704 3007 774 μὴ
3063 703 3280 772 βέὅαιον
3303 704 3449 772 ἔχειν
3467 704 3526 755 τὸ
3584 700 3749 757 εἶναι’

487 805 684 866 mines,
719 801 834 854 Noe
868 799 1080 852 scilicet
1116 797 1314 864 aliique
1346 796 1399 847 in
1432 809 1556 846 arca
1600 795 1824 856 servati,
1858 801 1916 846 ut
1966 809 2062 846 no-

2171 793 2291 850 εἷτα
2319 798 2406 850 διὰ
2437 798 2532 849 τοῦ
2574 795 2984 864 κατακλυσμοῦ,
3018 796 3234 866 μικρῶν
3273 797 3365 848 ἐπὶ
3407 796 3506 865 τῆς
3536 796 3640 863 γῆς
3669 797 3759 848 δν-

487 910 613 946 vutn
647 892 853 946 mundo
885 904 1068 943 semen
1091 887 1578 942 subministrarem
1607 893 1818 940 :totum
1852 886 2073 938 univer-

2172 907 2278 942 των
2314 889 2424 940 τῶν
2482 885 2750 940 θεοσεϐῶν
2816 883 3142 954 ἀνθρώπων,
3200 889 3293 939 καὶ
3339 881 3450 938 οἷον
3503 886 3758 956 δευτέρου

487 1001 608 1039 sum
644 991 960 1038 renovatum
993 988 1099 1044 est,
1143 994 1204 1032 ac
1232 979 1374 1033 velut
1402 977 1568 1046 399
1597 978 1828 1030 alterum
1857 977 2071 1028 initium

2174 976 2594 1046 divamwtapot'i,
2627 975 2802 1048 ἀρχὴν
2842 975 2936 1028 τοῦ
2979 977 3186 1046 κόσμου
3212 977 3492 1040 λαϐόντος,
3544 979 3632 1031 διὰ
3664 977 3759 1029 τοῦ

486 1078 652 1145 cepit.
687 1075 788 1128 Sed
819 1088 994 1142 neque
1021 1081 1133 1125 tum
1172 1074 1405 1123 humana
1438 1085 1629 1122 natura
1655 1069 1707 1121 in
1735 1069 1906 1136 primo
1928 1079 2071 1120 stattt

2175 1069 2316 1130 Νῶε,
2345 1067 2440 1120 καὶ
2463 1066 2574 1119 τῶν
2604 1069 2661 1118 ὲν
2693 1068 2761 1135 τῇ
2811 1065 3026 1135 κιϐωτῷ
3067 1065 3222 1130 ζώων
3291 1067 3762 1137 διαφυλαχθέντων

487 1169 807 1238 permansit,
840 1165 933 1218 sed
970 1163 1175 1217 sensim
1210 1161 1274 1214 ad
1309 1161 1577 1214 deteriora
1616 1158 1854 1219 deflexit,
1889 1177 1916 1211 ει
1951 1159 2074 1224 qui-

2176 1163 2254 1223 εἰς
2278 1162 2338 1213 τὸ
2361 1160 2524 1212 πάλιν
2557 1160 2822 1225 συστῆναι
2849 1161 3072 1228 σπέρμα
3106 1157 3183 1227 τῷ
3218 1158 3430 1228 κόσμῳ,
3466 1158 3613 1222 ὅμως
3631 1158 3754 1210 οὐδὲ

485 1263 590 1316 bus
619 1275 736 1315 eam
766 1274 873 1311 non
905 1256 1141 1310 Mosaica
1174 1257 1277 1318 lex,
1311 1268 1410 1306 nec
1463 1252 1631 1320 ipsius
1667 1251 1877 1304 Domini
1933 1267 2071 1320 prae-

2173 1254 2294 1305 τότε
2347 1253 2446 1321 τῆς
2507 1251 2615 1303 τῶν
2682 1249 2986 1320 ἀνθρώπων
3039 1251 3462 1320 προτερησάσης
3517 1250 3755 1318 φύσεως,

489 1351 666 1406 sentia
706 1349 841 1402 satis
869 1346 1138 1400 avocavit.
1165 1343 1434 1409 Quoniam
1467 1342 1632 1410 igitur
1665 1342 1946 1410 multiple-1i
1971 1341 2074 1395 fuit

2174 1343 2289 1397 ἀλλ’
2319 1343 2411 1394 ἐπὶ
2465 1341 2673 1412 χείροσι
2721 1341 2828 1395 τῶν
2870 1342 3163 1412 προτέρων
3191 1338 3760 1412 ἀπορρευσάσης·ιῶν

489 1439 556 1493 ad
581 1439 809 1492 salutem
843 1440 1076 1499 vocatio,
1107 1450 1180 1495 ac
1201 1432 1480 1503 multiplex
1517 1447 1580 1485 ex
1611 1433 1977 1486 inobcdientia
2020 1441 2074 1486 et

2175 1434 2338 1502 νόμος
2403 1432 2430 1484 ὁ
2456 1431 2544 1484 διὰ
2570 1431 2848 1492 Μωῠσέως
2911 1429 3276 1500 ἀπέστρεψεν,
3331 1429 3427 1497 οὐχ
3453 1430 3486 1498 ἡ
3520 1429 3610 1480 τοῦ
3645 1430 3761 1480 Κυ-

481 1529 810 1583 infidelitate
852 1527 1132 1595 perditio;
1168 1524 1374 1577 idcirco
1417 1523 1763 1578 necessarius
1803 1527 1906 1577 erit
1931 1525 2076 1578 dilu-

2180 1527 2297 1595 ρίου
2335 1524 2612 1593 παρουσία
2729 1523 2853 1575 ἐπεὶ
2887 1522 2980 1575 οὖν
3024 1523 3364 1592 πολύτροπος
3405 1521 3502 1591 μὲν
3547 1522 3578 1591 ἡ
3627 1521 3760 1590 πρὸς

485 1620 634 1672 vium
681 1617 819 1684 ignis
855 1623 908 1668 et
937 1614 1283 1682 eonsumptio
1318 1628 1331 1664 :
1379 1627 1487 1665 non
1534 1620 1713 1664 tamen
1761 1615 1870 1664 liaac
1900 1610 2078 1663 omni-

2175 1616 2275 1684 τὴν
2307 1614 2581 1683 σωτηρίαν
2605 1613 2819 1682 κλῆσις,
2855 1612 3192 1683 πολυσχεδὴς
3217 1612 3272 1664 δὲ
3299 1614 3332 1683 ἡ
3373 1609 3433 1675 ἐξ
3477 1609 3763 1673 ἀπειθείας

488 1707 650 1764 Inoda
679 1717 732 1760 et
758 1705 1022 1775 perfecta,
1053 1718 1160 1756 non
1193 1705 1351 1770 plane
1383 1704 1716 1769 animarum,
1773 1702 1865 1755 sed
1897 1715 2076 1769 neque

2176 1704 2447 1763 ἀπώλεια,
2491 1705 2580 1757 διὰ
2627 1703 2788 1756 τοῦτο
2833 1705 3134 1771 ἀναγκαῖος
3185 1703 3340 1755 ἔσται
3392 1704 3420 1755 ὁ
3447 1701 3541 1754 τοῦ
3590 1701 3762 1770 πυρὸς

488 1813 782 1867 corporum
828 1814 841 1849 :
891 1814 910 1847 ι
947 1793 1149 1849 Omnes
1174 1795 1318 1847 enim
1352 1809 1452 1847 nos
1480 1802 1660 1847 astare
1695 1802 1910 1862 oportet
1949 1801 2076 1846 ante
2107 1801 2115 1859 1

2137 1803 2154 1859 ι
2185 1797 2590 1865 κατακλυσμὸς,
2625 1797 2802 1866 φθορά
2835 1797 2953 1864 μὲν,
2987 1797 3035 1848 εί
3065 1795 3159 1848 καὶ
3196 1795 3268 1866 μὴ
3305 1794 3575 1863 παντελής
3613 1806 3631 1824 ο
3659 1793 3764 1862 ψυ-

489 1888 726 1940 tribnnal
782 1885 985 1940 Christi
1018 1885 1086 1948 ",
1127 1902 1145 1934 ι
1185 1898 1291 1935 non
1323 1884 1507 1952 utique
1534 1885 1854 1952 corporibus
1887 1892 2082 1938 exutos

2188 1889 2298 1957 χῶν
2337 1889 2448 1954 γάρ
2483 1886 2566 1949 οὓ,
2596 1887 2712 1938 ἀλλ’
2747 1887 2866 1939 οὐδὲ
2909 1886 3202 1955 σωμάτωνο
3245 1905 3261 1935 ι
3285 1887 3500 1947 Πάντας
3533 1885 3642 1952 γάρ
3679 1884 3764 1936 δεῖ

491 1993 588 2030 seu
621 1975 911 2029 animabus
947 1973 1078 2027 solis
1101 2011 1115 2037 τ
1148 1975 1239 2026 sed
1275 1988 1399 2026 cum
1426 1976 1744 2042 corporibus
1776 1975 2084 2048 corruptio-

2187 1982 2335 2050 ἡμᾶς
2364 1981 2713 2048 παραστῆναι
2758 1978 2836 2047 τῷ
2894 1977 3214 2047 βήματι-τοῦ
3283 1976 3544 2048 Χριστοῦ,
3584 1995 3601 2025 ι
3639 1974 3762 2043 ούΑὶ

493 2069 578 2123 nis
605 2065 1236 2136 espertilius.Quomodo
1257 2067 1397 2118 enim
1430 2067 1608 2118 anima
1638 2067 1842 2136 absque
1859 2081 2087 2134 corpore

2186 2071 2382 2140 γυμνοὶ
2419 2071 2707 2139 σωμάτων,
2745 2069 2944 2138 ψυχαῖς
2986 2071 3192 2139 μόναιξ,
3248 2067 3379 2121 ἀλλὰ
3413 2067 3547 2133 μετὰ
3579 2067 3767 2134 σωμά-

495 2160 777 2228 puniazur,
809 2177 826 2207 ι
849 2158 1090 2210 referens
1122 2157 1341 2224 pmpria
1367 2157 1636 2225 corporis,
1673 2172 1769 2210 seu
1797 2166 1958 2226 prout
1987 2171 2081 2224 per

2185 2181 2293 2215 των
2315 2163 2627 2234 ἀφθάρτων.
2658 2163 2777 2225 Πῶς
2828 2164 2935 2232 γὰρ
2966 2162 3030 2215 ἂν
3061 2164 3094 2232 ἡ
3127 2162 3274 2231 ψυχὴ
3316 2159 3608 2228 κολασθείη
3659 2174 3759 2225 γυ-

494 2265 698 2320 corpus
733 2250 901 2318 gessit
933 2250 954 2301 ?
994 2267 1012 2298 ι
1051 2247 1167 2300 Non
1220 2249 1366 2300 enim
1409 2246 1544 2314 justi
1578 2248 1776 2315 judicis
1806 2257 1932 2312 est,
1961 2263 2084 2300 cum

2193 2255 2297 2323 μνὴ
2322 2255 2592 2322 σώματος,
2628 2254 2968 2323 κομιουμένη
3000 2253 3067 2305 τὰ
3092 2253 3182 2304 διὰ
3211 2250 3305 2303 τοῦ
3340 2249 3591 2318 σώματος
3620 2249 3757 2316 αὐτῇ

492 2347 600 2397 duo
630 2346 810 2398 simul
855 2353 908 2396 et
935 2344 1069 2395 idem
1099 2343 1471 2410 peccaverint,
1496 2357 1661 2393 unum
1691 2343 1895 2410 absque
1925 2357 2084 2410 poena

2187 2343 2589 2410 πεπραγμένα;
2649 2343 2723 2394 Οὐ
2756 2341 2864 2410 γὰρ
2891 2341 3102 2394 δικαίου
3132 2340 3344 2410 κριτοῦ,
3376 2339 3469 2392 δύο
3497 2339 3755 2407 πλημμε-

494 2433 794 2496 dimittere,
829 2439 882 2485 ct
912 2432 962 2483 in
985 2431 1214 2482 alterum
1249 2439 1418 2482 totum
1445 2429 1626 2482 delicti
1662 2429 1875 2498 pondus
1905 2438 2086 2482 trans-

2189 2432 2394 2504 ληςάντ
2414 2450 2489 2486 ων
2523 2432 2664 2486 κατὰ
2687 2432 2908 2497 ταύτὸν,
2956 2433 3048 2485 τὸν
3100 2432 3194 2484 ἕνα
3224 2433 3463 2500 ἀφεῖναι,
3529 2433 3665 2500 πρὶς
3707 2427 3765 2480 δὲ

492 2524 655 2578 ferre.
711 2525 1027 2592 Propterea,
1067 2525 1112 2575 si
1151 2535 1250 2574 nos
1301 2520 1611 2572 immundas
1660 2519 1918 2572 materias
1965 2520 2087 2587 igne

2188 2526 2278 2576 τὸν
2311 2524 2498 2594 ἕτερον
2533 2525 2592 2577 τὸ
2617 2525 2725 2576 πᾶν
2774 2522 2868 2576 τοῦ
2904 2524 3254 2594 ἐγκλήματος
3301 2523 3601 2591 ἐπιφέρειν.
3631 2519 3763 2572 Ἀλ-

496 2629 727 2682 purgare
747 2615 1011 2676 solemus,
1040 2620 1093 2664 et
1128 2608 1194 2662 ad
1232 2609 1524 2677 pristinum
1563 2609 1794 2660 nitorem
1829 2611 2087 2660 restinc-

2189 2615 2295 2678 λως
2342 2633 2398 2667 τε
2427 2616 2504 2673 δὲ,
2551 2617 2632 2668 ὃτι
2665 2615 2762 2667 καὶ
2797 2617 2932 2685 πυρὶ
2963 2616 3238 2685 εἰώθαμεν
3270 2615 3367 2676 τὰς
3404 2615 3478 2684 μὴ
3515 2612 3763 2684 καθαρὰς

501 2724 556 2760 re
582 2724 596 2772 ;
634 2704 773 2776 [cur
796 2722 901 2758 non
932 2705 1110 2758 simile
1143 2704 1271 2772 quid
1311 2705 1472 2755 l'aciat
1504 2710 1555 2755 et
1585 2700 1726 2754 Deus
1752 2704 1826 2770 (l)
1851 2701 1872 2752 ’ἶ
1901 2699 1921 2772 ]
1951 2699 2084 2753 illud

2187 2706 2296 2758 τῶν
2319 2707 2460 2758 ὑλῶν
2496 2707 2802 2776 καθαίρειν,
2827 2707 2921 2777 καὶ
2955 2709 3090 2778 πρὸς
3107 2708 3166 2760 τὸ
3197 2707 3485 2775 εἰλικρινὲς
3512 2706 3763 2759 ἀποκαθ-

503 2810 708 2863 autem,
748 2816 764 2848 ι
807 2797 1064 2850 reservati
1113 2795 1168 2848 in
1200 2793 1551 2864 tllt‘llljlltlit'll
1588 2809 1650 2846 ac
1682 2793 2022 2862 perditionis,
2063 2810 2082 2842 ι

2191 2797 2366 2866 ιστᾷν.
2400 2797 2472 2848 Τὸ
2519 2797 2596 2860 δὲ,
2651 2815 2669 2843 ι
2700 2796 3024 2867 τηρούμενοι
3049 2799 3127 2860 είς
3158 2797 3371 2866 ἡμέραν
3408 2797 3640 2864 κρίσεως
3673 2798 3767 2849 καὶ

503 2889 777 2943 communi
806 2904 968 2941 sensu
1000 2887 1402 2956 accipiendum,
1429 2899 1490 2937 ac
1514 2884 1557 2937 si
1590 2894 1734 2938 esset
1771 2901 1785 2937 :
1823 2903 1838 2932 ι
1869 2885 1920 2937 in
1943 2882 2086 2936 diem

2191 2886 2488 2950 ἀπωλείας,
2525 2909 2542 2937 ι
2578 2887 2720 2940 οὕτω
2751 2890 2895 2942 κατὰ
2919 2887 3102 2941 κοινοῦ
3160 2888 3243 2952 τὸ,
3273 2907 3291 2938 ι
3342 2889 3420 2950 είς
3479 2887 3712 2958 ἡμέραν,
3739 2904 3757 2938 ι

501 2979 711 3048 judieii,
742 2987 793 3031 et
824 2996 841 3028 ›
875 2978 925 3030 in
957 2977 1097 3030 diem
1129 2994 1146 3026 ι
1177 2975 1522 3045 perditionis.
1561 2992 1577 3023 ι
1605 3003 1676 3012 —-
1711 2992 1728 3024 ι
1755 2971 2027 3028 Judicium
2063 2991 2082 3024 ι

2191 2977 2446 3044 ληπτέον,
2492 2977 2642 3030 τοῦτ’
2676 2979 2842 3044 ἐστιν,
2880 2981 2957 3043 είς
2985 2978 3196 3048 ἡμέραν
3242 2977 3496 3049 κρίσεως,
3534 2978 3624 3031 καὶ
3688 2980 3767 3041 είς

506 3080 686 3121 autem
725 3067 863 3120 idem
898 3067 1036 3120 valet
1065 3067 1148 3118 lllC
1179 3080 1242 3118 ac
1273 3065 1676 3118 condemnatio.
2113 3135 2133 3146 _

2139 3136 2151 3146 _
2193 3069 2407 3138 ἡμέραν
2463 3085 2480 3116 ι
2512 3068 2810 3130 ἀπωλείας.
2838 3086 2856 3120 ι
2884 3099 2952 3110 -
2993 3087 3011 3120 ι
3039 3067 3286 3137 Κρίσεως
3317 3085 3336 3118 ι
3379 3067 3456 3133 δὲ,
3485 3068 3606 3120 ἀντὶ
3646 3065 3766 3146 τοῦ,

2108 3135 2156 3195 c
2196 3163 2600 3232 κατακρίσεως.
3324 3215 3328 3220 .

579 3251 740 3310 VnPs.
775 3252 889 3319 8,9.
929 3271 946 3305 ι
977 3251 1155 3307 Unum
1192 3269 1321 3308 vero
1349 3254 1452 3310 hoc
1481 3270 1586 3309 non
1618 3256 1783 3310 latrat
1807 3272 1921 3318 vos,
1961 3256 2091 3309 elia-

2269 3273 2286 3306 ι
2323 3256 2415 3308 Ἓν
2452 3255 2510 3308 δὲ
2529 3255 2686 3307 τοῦτο
2711 3254 2784 3325 μὴ
2815 3254 3124 3308 λανθανέτω
3154 3253 3319 3321 ὑμᾶς,
3345 3253 3648 3322 ἀγαπητοὶ,
3671 3254 3758 3306 ὅτι

498 3346 730 3409 I'lSSlllIl,
777 3346 903 3412 quia
951 3360 1092 3399 unus
1117 3346 1236 3400 dies
1266 3347 1409 3416 apud
1446 3346 1737 3400 Dominum
1776 3349 1920 3401 sicut
1943 3348 2092 3402 inille

2195 3347 2290 3416 μία
2322 3347 2510 3418 ἡμέρα
2534 3349 2684 3416 παρὰ
2715 3347 2904 3415 Κυρίῳ
2936 3346 3010 3409 ὡς
3076 3345 3224 3415 χίλια
3239 3345 3354 3414 ἔτη,
3381 3346 3475 3398 καὶ
3498 3346 3644 3414 χίλια
3665 3346 3758 3416 ἐτη

501 3438 656 3494 anni.
685 3445 737 3488 et
779 3435 926 3488 mille
951 3437 1077 3487 anni
1115 3438 1258 3490 sicut
1287 3453 1428 3491 unus
1460 3437 1599 3491 dies.
1635 3437 1750 3490 Non
1783 3437 1960 3490 tardat
1988 3437 2092 3490 Do-

2193 3439 2268 3500 ὼς
2309 3439 2495 3511 ἡμέρα
2559 3440 2680 3508 μία.
2714 3440 2790 3493 Οὐ
2837 3439 3087 3510 βραδύνει
3115 3441 3142 3492 ὁ
3172 3437 3376 3510 Κύριος
3407 3439 3504 3508 τῆς
3533 3440 3769 3506 ἐπαγγε-

505 3532 688 3578 niinus
737 3527 1160 3593 promissionem
1214 3541 1392 3587 suam,
1442 3531 1584 3580 sicut
1637 3515 1860 3595 quidam
1899 3530 2090 3582 existi-

2193 3529 2335 3592 λίας,
2366 3529 2440 3591 ὣς
2471 3547 2614 3592 τινες
2667 3530 2977 3598 βραδυτῆτα
3008 3529 3293 3599 ἡγοῦνται,
3323 3529 3456 3583 ἀλλὰ
3491 3531 3767 3601 μακροθυ-

504 3628 656 3670 mant
695 3634 710 3683 ;
763 3617 857 3671 sed
889 3617 1158 3684 patienter
1192 3619 1302 3687 agit
1330 3631 1554 3687 propter
1599 3634 1721 3684 nos,
1765 3621 1958 3674 nolens
1990 3621 2091 3673 ali-

2195 3623 2288 3690 μεῖ
2309 3623 2386 3684 είς
2445 3623 2613 3692 ἡμᾶς,
2640 3621 2715 3692 μὴ
2748 3621 3068 3692 βουλόμενός
3103 3639 3226 3674 τινα
3271 3621 3588 3686 ἀπολέσθαι,
3633 3621 3768 3674 ἀλλὰ

501 3725 639 3778 quos
686 3711 886 3778 perire,
939 3710 1032 3762 sed
1080 3724 1270 3762 omnes
1314 3711 1380 3763 ad
1414 3711 1787 3779 paenitentiam
1823 3713 2029 3765 venire.
2069 3731 2087 3762 ι

2195 3715 2402 3776 πάντας
2429 3717 2510 3775 εἰς
2576 3715 2866 3782 μετάνοιαν
2903 3713 3171 3781 χωρῆσαι.
3213 3731 3230 3764 ι
3273 3713 3767 3783 Συμπερανάμενος

503 3804 770 3856 Absoluto
803 3804 869 3856 de
899 3803 1378 3857 consunnnatione
1426 3804 1609 3857 saeculi
1663 3820 1948 3870 sermone,
1984 3822 2093 3873 quo

2193 3805 2282 3856 τὸν
2313 3805 2442 3874 περὶ
2493 3803 2590 3872 τῆς
2657 3802 2967 3864 συντελείας
3026 3802 3204 3869 λόγον,
3261 3803 3343 3854 ὅτι
3388 3801 3563 3866 ἔσται,
3593 3802 3686 3856 καὶ
3709 3801 3766 3865 ἐξ

504 3896 664 3958 (ΜΗ,
693 3909 811 3947 iam
847 3905 898 3948 et
925 3896 1238 3948 necessario
1285 3903 1340 3949 et
1377 3911 1471 3964 per
1496 3896 1670 3964 ignem
1699 3897 1934 3950 futuram
1957 3901 2096 3966 (qua:

2195 3893 2461 3964 ἀνάγκης,
2504 3895 2597 3945 καὶ⁵
2623 3893 2689 3944 ὲκ
2718 3892 2885 3962 πυρὸς
2915 3891 2985 3962 (ἆ
3017 3892 3195 3943 πάντα
3243 3892 3335 3943 καὶ
3365 3892 3523 3960 ἡμεῖς
3549 3891 3765 3953 διεξοδι-

504 3986 689 4040 Omnia
721 4001 820 4037 nos
859 4001 1079 4054 quoque
1120 3984 1299 4039 fusius
1328 3987 1756 4056 enarravimus),
1801 3990 1998 4042 transit
2027 3989 2094 4042 ad

2197 3991 2440 4062 κὼτερον
2472 3989 2849 4057 διεξήλθομεν)
2877 4028 2889 4048 ,
2923 3986 3298 4056 μεταϐέϐηκεν
3339 3987 3430 4037 ἐπὶ
3467 3987 3562 4054 τὴν
3594 3986 3768 4054 παρά-

507 4077 755 4146 ejusdem
784 4079 1275 4133 consummationis
1307 4077 1653 4144 dilationem,
1685 4089 1739 4133 et
1769 4081 1843 4133 ait
1876 4097 1889 4132 :
1928 4099 1946 4130 ι
1978 4078 2094 4134 Νοιι

2195 4099 2350 4136 τασιν
2394 4085 2487 4133 τοῦ
2542 4083 2734 4150 χρόνον
2764 4081 2861 4147 τῆς
2905 4079 2999 4130 τοῦ
3050 4079 3256 4146 κόσμου
3312 4077 3642 4140 συντελείας,
3674 4078 3765 4130 καί

516 4168 696 4220 tardat
729 4167 992 4220 Dominus
1024 4169 1447 4234 promissionem
1475 4183 1655 4230 suam,
1701 4170 1842 4223 sicut
1873 4175 2092 4240 quidam

2197 4185 2383 4237 φησιν,
2443 4170 2524 4222 ὅτι
2566 4188 2582 4218 ι
2611 4170 2683 4220 Οὐ
2714 4169 2966 4237 βραδύνει
2999 4169 3026 4218 ό
3054 4167 3257 4236 Κύριος
3289 4167 3384 4235 τῆς
3412 4167 3763 4234 ἐπαγγελίας,

507 4256 848 4320 existimant,
909 4255 1002 4308 sed
1049 4258 1319 4324 patienter
1345 4258 1475 4327 agit,
1520 4276 1538 4308 ι
1583 4261 1814 4313 salutem
1860 4273 2093 4315 vestram

2195 4259 2268 4322 ὥς
2296 4279 2438 4324 τινες
2501 4260 2808 4330 βραδυτῆτα
2850 4257 3129 4328 ἡγοῦνται,
3177 4256 3314 4310 ἀλλά
3351 4257 3714 4325 μακροθυμεῖ,
3742 4274 3759 4306 ι

506 4357 853 4417 exspectans.
871 4359 924 4401 et
946 4347 1329 4400 salvandorum
1361 4349 1576 4402 numeri
1603 4351 2087 4418 complementum;

2198 4354 2293 4423 τὴν
2323 4353 2598 4422 σωτηρίαν
2639 4351 2792 4419 ὑμῶν
2823 4350 3200 4418 ἐκδεχόμενος,
3237 4349 3332 4400 καὶ
3368 4347 3426 4398 τὸ
3456 4347 3565 4399 τῶν
3594 4349 3768 4415 σωθη-

506 4455 742 4509 cumque
774 4439 915 4494 Deus
959 4439 1262 4494 immensus
1287 4441 1379 4506 sit,
1411 4442 1559 4494 nulla
1595 4450 1681 4496 est
1721 4440 1864 4510 apud
1910 4441 2086 4510 ipsum
2120 4511 2133 4514 _

2138 4512 2148 4514 ἓ
2200 4445 2443 4514 σομένων
2486 4444 2781 4513 πλήρωμα.
2816 4442 2946 4494 "Acs
2971 4442 3034 4511 δὴ
3081 4441 3293 4510 ἀπείρῳ
3327 4439 3440 4492 ὄντι
3480 4439 3647 4508 αὐτῷ,
3674 4441 3765 4491 οὺ-

507 4534 718 4596 dilatiu,
746 4548 840 4586 seu
864 4531 1200 4585 diuturnitas
1224 4535 1484 4601 temporis
1513 4551 1529 4599 ;
1565 4532 1659 4586 sed
1681 4533 1844 4586 etiam
1884 4552 1901 4583 ι
1942 4534 2089 4587 mille
2120 4511 2134 4567 1

2136 4511 2166 4568 D
2191 4511 2279 4588 δὲᾲ
2332 4534 2482 4604 αὐτῷ
2524 4511 2997 4602 παρατεταμένον,
3043 4531 3179 4585 ἀλλὰ
3204 4533 3298 4584 καὶ
3327 4530 3394 4583 τὰ
3435 4548 3453 4580 ι
3483 4531 3628 4599 χίλια
3668 4530 3763 4600 ἐτη

508 4629 637 4678 anni
678 4642 696 4674 ι
737 4627 782 4678 ei
814 4633 944 4677 sunt
988 4640 1006 4673 ι
1035 4624 1179 4677 sicut
1215 4639 1356 4678 unus
1383 4625 1525 4689 dies,
1570 4642 1588 4674 ι
1625 4625 1756 4693 quitt
1785 4626 2088 4678 secundum

2193 4627 2267 4689 ὼς
2305 4626 2402 4695 μία
2435 4625 2616 4694 ἡμέρα
2673 4627 2805 4694 παρ’
2865 4622 3044 4693 αὐτῷ·
3074 4641 3093 4674 ι
3131 4622 3332 4691 μᾶλλον
3377 4623 3452 4687 δὲ,
3496 4624 3634 4674 κατὰ
3676 4623 3764 4673 τὸν

511 4716 701 4780 David,
729 4718 869 4770 sicut
904 4715 1129 4769 minima
1151 4731 1278 4784 pars
1314 4716 1442 4769 diei.
1471 4716 1724 4774 Sicenim
1755 4717 1866 4770 ait:
1897 4736 1914 4766 ι
1941 4715 2090 4780 Quo-

2195 4719 2379 4780 Δαϐὶδ,
2405 4719 2607 4770 οὐδὲτὸ
2648 4717 2966 4788 [πολλοστὸν
2996 4717 3206 4786 ἡμέρας
3249 4713 3406 4784 (φησὶ
3431 4715 3538 4781 γὰρ
3571 4713 3761 4774 οὕτως·

507 4808 652 4860 niam
700 4809 848 4861 mille
886 4809 1015 4860 anni
1068 4817 1196 4860 ante
1235 4808 1425 4863 oculos
1475 4818 1618 4873 tuos,
1653 4808 1900 4873 Domine,
1949 4819 2092 4862 sicut

2201 4827 2218 4858 ι
2253 4811 2376 4860 Ὀτι
2403 4809 2549 4877 χίλια
2578 4809 2673 4877 ἔτη
2693 4809 2748 4860 ὲν
2780 4808 3076 4876 ὀφθαλμοῖς
3114 4823 3228 4870 σου,
3259 4805 3450 4873 Κύριε,
3481 4804 3553 4865 ὡς
3586 4805 3767 4871 ἡμέρα

507 4898 625 4951 dies
655 4898 908 4952 hesterna
926 4914 1043 4966 qua:
1069 4899 1347 4966 praeteriit,
1367 4907 1421 4952 et
1449 4900 1696 4952 custodia
1723 4901 1776 4952 in
1802 4911 1960 4953 nocte
1986 4901 2084 4954 ³⁸.»

2197 4902 2230 4970 ἡ
2263 4899 2438 4968 ἐχθὲς,
2480 4899 2600 4969 ἥτις
2639 4899 2846 4968 διῆλθε,
2889 4899 2982 4950 καὶ
3012 4896 3226 4966 φυλακὴ
3265 4900 3323 4948 ἐν
3361 4893 3556 4948 νυκτί·
3602 4912 3622 4944 ι
3680 4895 3765 4945 δια

507 4987 791 5052 Videlicet,
813 4997 873 5040 ut
901 4997 1114 5056 tempus
1130 4988 1508 5042 bI'CVl83lIIIUIII
1533 4989 1753 5054 indicet,
1785 5010 1799 5037 ι
1832 4989 2094 5043 custodian

2195 4993 2294 5061 τῆς
2332 4991 2579 5059 φυλακῆς
2612 4991 2672 5044 τὸ
2705 4989 3045 5060 βραχύτατον
3082 4985 3344 5056 δηλῶν),]
3403 4985 3614 5054 φυλακῇ
3673 5001 3766 5036 νυ-

506 5081 684 5133 noctis
719 5098 736 5128 ν
780 5077 912 5131 illud
943 5087 1226 5149 comparat
1267 5097 1279 5130 :
1318 5079 1586 5148 siquidem
1621 5095 1726 5133 uox
1769 5081 1821 5133 in
1854 5090 2094 5149 quatuor

2197 5088 2324 5148 κτδς
2363 5086 2743 5140 ἀπεικάσαντα
2782 5087 2850 5135 τὰ
2888 5083 3036 5152 χίλια
3064 5080 3182 5151 ἐτη.
3239 5081 3301 5131 Ἦ
3341 5079 3436 5143 νὺξ
3461 5077 3514 5130 δὲ
3538 5079 3617 5137 εἰς
3647 5077 3770 5127 τέσ-

507 5180 692 5241 paites
753 5170 1070 5226 dividitur:
1132 5178 1185 5222 et
1249 5169 1515 5224 Dominus
1587 5187 1605 5220 ι
1642 5179 1836 5239 quarta
1906 5172 2089 5241 vigilia

2197 5193 2338 5246 σαρα
2395 5176 2678 5246 μερίζεται
2738 5177 3106 5245 διαστήματα,
3141 5171 3291 5240 εἴγε
3341 5173 3436 5223 καὶ
3489 5171 3516 5221 ὁ
3566 5167 3764 5236 Κύριος

506 5263 684 5316 noctis
735 5263 881 5315 venit
925 5260 968 5290 '7
1009 5279 1028 5309 ι
1097 5257 1165 5310 ad
1225 5261 1528 5326 apostolos,
1579 5269 1636 5313 ut
1688 5261 1742 5313 in
1795 5261 2088 5330 Evangelio

2199 5286 2216 5318 ι
2243 5270 2478 5342 τετάρτῃ
2508 5271 2725 5340 φυλακῇ
2760 5269 2858 5337 τῆς
2895 5267 3088 5330 νυκτὸς
3121 5285 3139 5316 ι
3199 5268 3310 5327 τοῖς
3339 5265 3505 5330 ἱεροῖς
3536 5263 3768 5315 ἀποστί-

505 5364 780 5408 narratur.
2189 5358 2302 5421 λοις
2335 5359 2726 5428 (παρίσταται,
2751 5376 2770 5408 ι
2826 5357 2901 5422 ὥς
2931 5375 3065 5427 φησι
3099 5357 3158 5409 τὸ
3209 5353 3559 5420 Εὑαγγέλιον.

575 5472 617 5500 ³⁵
651 5472 808 5526 Rom.
837 5488 954 5539 vni,
995 5470 1083 5526 20.
1162 5473 1206 5504 ’⁵
1226 5471 1269 5527 ιι
1290 5471 1417 5526 Cor.
1440 5487 1493 5534 ν,
1515 5470 1600 5523 ιθ.
1675 5470 1720 5500 ³⁸
1752 5467 1894 5521 Psal.
1921 5483 2137 5533 Lxxxtx,
2167 5471 2198 5524 4

1192 5471 1269 5527 5ll
1290 5471 1417 5526 Cor.
1440 5487 1493 5534 ν,
1515 5470 1600 5523 ιο.
1675 5470 1720 5500 ³⁸
1752 5467 1894 5521 Psal.
1921 5483 2137 5533 Lxxxtx,
2167 5471 2221 5524 4.
2281 5472 2325 5502 ’⁷
2351 5472 2542 5528 Matth.
2577 5489 2687 5538 xw,
2727 5472 2819 5526 25.

1851 5563 2045 5623 Varia:
2081 5564 2408 5626 lectiones.

512 5737 544 5789 ι)
585 5670 660 5736 tl)
704 5669 826 5789 ηυξ
858 5675 1016 5724 verba
1055 5673 1118 5725 ad
1151 5671 1476 5742 explendum
1513 5687 1732 5724 sensum
1768 5672 1878 5736 ipse
1933 5673 2094 5723 alio.
2137 5669 2327 5724 Editus
2363 5680 2541 5724 textus
2569 5669 2735 5722 multa
2768 5668 2856 5722 hic
2883 5668 3124 5743 amplius
3147 5665 3338 5728 habet;
3393 5677 3511 5731 que
3561 5658 3769 5714 exscri-

551 5757 639 5789 ct'e
667 5757 772 5789 nou
828 5747 984 5789 ibuit-

551 5757 639 5791 ct'c
667 5757 772 5789 non
809 5743 984 5795 libuit.
