4120 6472
403 389 555 456 1285

1178 385 1583 449 EXPOSITIO
1620 385 1704 448 ΙΝ
1743 386 1981 447 EPIST.
2017 385 2078 446 II
2114 385 2174 446 S.
2208 389 2468 449 PETRI.
2499 412 2569 426 --
2597 389 2752 450 CAP.
2797 390 2908 451 III.

3522 393 3661 457 1286

469 523 487 554 ι
513 500 670 566 Ἥξει
698 500 754 556 δὲ
788 502 823 572 ἡ
853 501 1032 571 ἡμέρα
1090 500 1296 569 Κυρίου
1319 498 1396 560 ὡς
1426 497 1667 566 κλέπτης
1700 498 1758 548 ἐν
1788 495 1967 561 νυκτὶ,

2147 495 2309 551 Vens.
2360 498 2549 553 l0-l2.
2605 518 2622 549 ι
2657 499 2923 552 Adveniet
2970 505 3150 553 autem
3191 498 3310 555 dies
3352 498 3567 557 Domini
3603 513 3663 558 ut

397 597 456 647 ὲν
492 589 598 665 ﬁo!
639 593 860 663 οὐρανοὶ
927 590 1173 661 ῥοιζηδὸν
1215 589 1674 659 παρελεύσονται,
1733 589 1974 656 στοιχεῖα

401 683 749 754 καυσούμενα
796 681 1146 751 λυθήσονται,
1208 685 1303 733 καὶ
1350 680 1423 748 γῆ
1476 682 1570 733 καὶ
1611 681 1679 731 τὰ
1719 680 1779 729 έν
1831 679 1969 748 αὑτῇ

400 780 536 849 ἔργα
564 774 1000 845 κατακαήσεται.
1042 773 1264 825 Τούτων
1289 771 1384 825 οῦν
1414 772 1635 825 πάντων
1667 770 1970 838 λυομένων,

406 869 676 930 ποταποὺς
709 867 790 919 δεῖ
814 865 1081 937 ὑπάρχειν
1110 866 1258 935 ἡμᾶς
1299 866 1356 916 έν
1384 863 1567 931 ἁγίαις
1606 863 1975 932 ἀναστροφαῖς

404 960 498 1012 καὶ
560 957 887 1019 εὐσεϐείαις,
923 955 1337 1026 προσδοκῶντας
1375 957 1470 1007 καὶ
1510 955 1842 1017 σπεύδοντας
1874 954 1975 1024 τὴν

404 1050 710 1119 παρουσίαν
740 1051 839 1118 τῆς
869 1049 962 1102 τοῦ
984 1047 1118 1100 Θεοῦ
1148 1046 1384 1117 ἡμέρας,
1420 1045 1489 1099 δι’
1512 1047 1578 1116 ἢν
1609 1046 1829 1116 οὐρανοὶ
1875 1062 1977 1098 πυ-

406 1141 662 1212 ρούμενοι
704 1139 1057 1209 λυθήσονται,
1104 1140 1200 1191 καὶ
1230 1140 1467 1208 στοιχεῖα
1501 1136 1851 1205 καυσούμενα
1879 1152 1977 1188 τα·-

400 1233 663 1300 κήσονται
687 1246 704 1297 ;
729 1249 748 1282 ι
780 1230 853 1283 Τὸ
883 1229 1080 1298 ἄδηλον
1117 1228 1219 1298 τῆς
1251 1228 1345 1281 τοῦ
1412 1227 1622 1296 Κυρίου
1676 1228 1978 1298 παρουσίας

401 1323 495 1375 καὶ
534 1323 597 1375 τὸ
622 1320 1028 1392 ἀπροσδόκητον
1051 1319 1138 1372 διὰ
1161 1320 1258 1388 τῆς
1282 1318 1376 1371 τοῦ
1409 1337 1427 1370 ι
1456 1318 1687 1372 κλέπτου
1712 1336 1731 1369 ι
1760 1317 1979 1370 ἐπελεύ-

403 1429 541 1477 σεως
580 1414 675 1467 καὶ
692 1416 791 1482 τῆς
850 1411 1127 1474 «νυκτὸς»
1161 1412 1416 1481 ἐδήλωσε·
1451 1410 1539 1464 διὰ
1575 1412 1673 1481 μὲν
1696 1410 1796 1480 τῆς
1831 1430 1849 1462 ι
1881 1427 1975 1462 νυ-

400 1506 547 1570 κτὸς,
574 1524 592 1556 ι
627 1506 687 1557 τὸ
709 1504 922 1575 ἄδηλον·
944 1504 1033 1558 διὰ
1052 1503 1108 1557 δὲ
1126 1503 1218 1556 τοῦ
1243 1504 1535 1556 «κλέπτου»
1555 1504 1976 1573 τὸάπροσδόκη-

2078 588 2165 641 fur
2194 602 2207 645 :
2241 589 2296 641 in
2332 603 2441 656 quo
2482 589 2605 643 σαςΙί
2635 605 2833 658 magno
2868 590 3068 659 impetu
3102 592 3389 656 transient,
3419 593 3662 648 elemen-

2078 687 2130 732 ta
2163 694 2293 733 vero
2323 682 2506 735 calore
2526 682 2832 746 solventur,
2862 690 3003 735 terra
3026 694 3204 737 autem
3235 692 3289 736 ct
3315 699 3434 752 qua:
3460 685 3513 738 in
3543 685 3662 753 ipsa

2079 780 2229 834 sunt,
2257 785 2423 840 opera
2454 781 2777 825 exureutur.
2816 770 2965 845 Cum.
2997 773 3163 843 igitur
3196 774 3306 828 haec
3331 777 3513 828 onlnnia
3549 778 3662 830 dis-

2075 863 2330 917 solvenda
2362 864 2688 932 sint,quales
2706 873 2923 933 Oportet
2941 880 3042 919 nos
3064 881 3186 921 esse
3209 867 3260 919 in
3274 867 3478 920 sanctis
3497 866 3662 936 400

2076 955 2584 1008 conversationibus
2650 962 2704 1009 et
2778 956 3096 1022 pictatibus,
3153 967 3534 1026 exspectantes
3606 966 3661 1012 et

2078 1054 2434 1113 properantes
2487 1045 2540 1097 in
2596 1043 2894 1097 adventum
2938 1045 3045 1101 diei
3099 1044 3332 1110 Domini,
3380 1062 3476 1115 per
3497 1060 3655 1115 quem

2076 1136 2200 1190 caeli
2247 1136 2500 1189 ardentes
2541 1136 2843 1197 solventur,
2890 1147 2942 1190 et
2980 1137 3249 1190 elementa
3292 1137 3434 1207 ignis
3464 1138 3660 1193 ardore

2079 1226 2363 1279 tabescent
2415 1224 2438 1276 ?
2499 1243 2518 1274 ι
2576 1226 3025 1279 Incertitudinem
3079 1227 3340 1294 temporis
3391 1228 3658 1283 adventus

2078 1312 2314 1379 Domini,
2348 1325 2401 1369 et
2439 1316 2584 1384 quod
2620 1318 2668 1370 is
2696 1327 2919 1387 repente
2948 1333 3012 1371 ac
3051 1318 3330 1387 inopinato
3359 1333 3659 1388 superven-

2077 1417 2235 1464 turus
2275 1410 2367 1472 sit,
2413 1424 2507 1477 per
2548 1428 2566 1460 ι
2609 1409 2782 1463 furem
2818 1429 2836 1462 ι
2878 1417 2931 1464 ct
2990 1428 3008 1460 σ
3040 1420 3253 1463 noctem
3290 1428 3309 1461 ›
3360 1412 3603 1464 declarat
3640 1428 3654 1464 :

2074 1500 2353 1570 primum.
2399 1499 2616 1569 quidem
2679 1515 2773 1570 per
2838 1518 2857 1552 ι
2896 1508 3136 1565 noctem,
3175 1519 3193 1551 ι
3256 1501 3485 1555 alterum
3560 1516 3658 1570 per

398 1597 702 1659 τονυοὺδεῖς
735 1596 844 1667 γὰρ
875 1595 1114 1666 κλέπτην
1144 1594 1462 1664 προσδοκῶν
1488 1594 1852 1665 κλαπήσεται,
1885 1592 1978 1646 Διὸ

2083 1610 2103 1644 ‹
2146 1592 2367 1648 iurent:
2407 1611 2424 1643 ι
2466 1608 2625 1647 nemo
2648 1599 2789 1646 cium
2830 1595 2920 1663 qui
2961 1593 3135 1648 furem
3160 1601 3462 1660 exspectat,
3498 1595 3655 1663 expi-

399 1688 547 1741 καὶὸ
572 1687 770 1758 Κύριός
806 1704 997 1758 φησιν,
1060 1688 1142 1741 ὅτι
1183 1706 1201 1739 t
1229 1687 1440 1758 ’Ὠσπερ
1491 1687 1548 1740 ὲν
1584 1689 1705 1748 ταῖς
1742 1688 1975 1757 ἡμέραις

2080 1684 2242 1738 latur.
2298 1682 2480 1748 Quare
2524 1692 2577 1738 ct
2610 1684 2875 1739 Daminus
2921 1687 3041 1738 ait:
3108 1703 3126 1734 ι
3157 1683 3310 1739 Sicut
3359 1686 3412 1738 in
3465 1684 3657 1743 diebus

398 1778 494 1832 τοῦ
516 1779 633 1831 Νῶε
652 1776 791 1847 ἦσαν
824 1781 873 1832 οἱ
904 1778 1205 1852 ἄνθρωποι,
1232 1776 1631 1848 εύθυμούμενοι
1660 1779 1844 1839 πότοις
1877 1778 1974 1830 καὶ

2080 1776 2195 1830 Noe
2236 1785 2395 1830 erant
2432 1776 2683 1830 homines
2715 1774 3064 1831 comedentes
3095 1783 3150 1829 et
3183 1775 3432 1830 bibentes
3467 1786 3517 1828 et
3554 1792 3658 1829 nu-

399 1870 618 1937 γάμοις,
652 1833 685 1922 ι’
707 1870 812 1935 ἕως
850 1870 879 1922 ὁ
910 1833 1294 1938 κατακλυσμὸς
1323 1833 1508 1929 αὑτοῖς
1533 1868 1758 1936 ἐπέστη·
1796 1833 1975 1919 «οὕτω

2080 1867 2268 1922 bentes
2296 1877 2351 1922 et
2387 1868 2578 1936 nuptui
2612 1866 2889 1921 tradentes
2905 1866 2987 1931 “,
3032 1884 3050 1916 ι
3087 1880 3373 1936 quousque
3388 1866 3653 1922 diluvium

401 1961 494 2011 καὶ
521 1961 554 2030 ἡ
581 1961 676 2012 τοῦ
718 1961 922 2030 Κυρίου
953 1960 1227 2027 παρουσία
1251 1979 1269 2011 ι
1303 1959 1721 2030 ἀπροσδοκήτως
1747 1956 1976 2011 ἐπελεύσ-

402 2067 554 2104 σεται
609 2054 723 2115 τοῖς
779 2051 1022 2106 ἀσεϐέσι.
1071 2070 1090 2102 ι
1128 2051 1403 2121 Ῥοιζηδῦν
1428 2069 1446 2102 ι
1480 2050 1537 2102 δὲ
1596 2050 1657 2102 τὸ
1694 2049 1811 2119 μετ’
1838 2049 1974 2119 ἤχου

404 2142 689 2211 σημαίνει·
767 2142 895 2204 ἴδιος
929 2140 984 2194 δὲ
1018 2142 1046 2193 ὁ
1076 2138 1314 2203 τοιοῦτος
1358 2135 1491 2208 ἦχος
1527 2138 1623 2191 έπὶ
1695 2136 1808 2190 τῶν
1870 2136 1978 2189 ὑπὸ

402 2232 571 2301 πυρὸς
637 2231 1009 2302 βοσκομένων.
1044 2231 1245 2284 Σκόπει
1268 2230 1324 2283 δὲ
1359 2230 1440 2282 ὃτι
1474 2249 1493 2281 ι
1514 2230 1617 2300 γῆν
1644 2248 1663 2281 ι
1691 2224 1814 2283 εἷπε
1840 2247 1858 2280 ι
1880 2226 1978 2281 καὶ

401 2325 469 2376 τὰ
487 2324 577 2375 ὑπ’
613 2324 784 2392 αὐτὴν
844 2323 983 2392 ἔργα
1033 2321 1506 2391 κατακαήσεσθαι,
1538 2340 1557 2373 ›
1590 2320 1711 2374 ἀλλ’
1733 2320 1859 2391 οὐχὶ
1884 2322 1977 2375 ἀν-

404 2414 677 2484 θρώπους,
712 2418 761 2468 εί
792 2414 867 2485 μὴ
926 2415 1096 2485 μόνην
1137 2414 1419 2468 ἀπώλειαν
1468 2414 1562 2466 ἐπὶ
1609 2413 1719 2467 τῶν
1763 2412 1977 2467 ἀσεϐῶν

403 2503 577 2572 εἶπεν,
616 2506 734 2577 ἦτοι
788 2506 898 2559 τῶν
955 2506 1319 2577 ἀσεϐημάτων
1346 2507 1548 2560 αὑτῶν.
1604 2524 1624 2556 ί
1664 2506 1816 2569 Ὀδὸς
1870 2505 1978 2576 γὰρ

404 2594 616 2648 ἀσεϐῶν
666 2595 974 2661 ἀπολεῖται,
1009 2614 1028 2647 ι
1074 2596 1188 2650 ἀλλ’
1214 2597 1334 2666 οὐχὶ
1358 2599 1455 2649 καὶ
1476 2599 1504 2650 ὁ
1538 2597 1766 2666 ἀσεϐής.

483 2881 501 2913 ι
529 2861 764 2925 Κ.αινοὺς
802 2860 858 2914 δὲ
887 2861 1150 2931 οὐρανοὺς
1193 2864 1287 2916 καὶ
1328 2862 1524 2935 καινὴν
1589 2863 1695 2933 γῆν
1737 2861 1881 2916 κατά
1916 2863 1980 2916 τὸ

406 2955 726 3025 ἐπάγγελμα
780 2954 946 3008 αὑτοῦ
993 2954 1408 3024 προσδοκῶμεν,
1442 2959 1500 3009 ἐν
1529 2949 1611 3017 οἷς
1657 2956 1978 3024 δικαιοσύνη

407 3047 674 3099 κατοικεῖ.
699 3046 812 3108 Διὸ,
831 3046 1317 3115 ἀγαπητοὶ,ταῦτα
1350 3045 1784 3115 προσδοκῶντες,
1816 3061 1982 3097 σπου-

409 3136 610 3190 δάσατε
671 3135 891 3189 ἄσπιλοι
956 3139 1050 3189 καὶ
1094 3134 1552 3206 ἀμώμητοιαὺτῷ
1581 3136 1871 3206 εὑρεθῆναι
1920 3136 1979 3186 ὲν

412 3222 625 3294 εἰρήνῃ,
695 3224 791 3277 καὶ
851 3223 951 3294 τὴν
980 3222 1077 3278 τοῦ
1145 3224 1349 3293 Κυρίου
1378 3224 1535 3294 ἡμῶν
1592 3224 1978 3294 μακροθυμίαν

413 3313 686 3384 σωτηρίαν
723 3314 964 3385 ἡγεῖσθε.
993 3332 1012 3366 ι
1042 3342 1112 3357 --
1141 3332 1160 3365 ‹
1191 3315 1426 3376 Καινοὺς
1462 3314 1727 3384 οὐρανοὺς
1754 3333 1772 3365 ι
1809 3316 1836 3366 ὁ
1863 3314 1976 3366 Κύ-

414 3421 527 3475 ριος
568 3423 586 3456 ι
618 3408 711 3459 καὶ
735 3406 927 3476 καινὴν
956 3409 1056 3478 γῆν
1084 3424 1102 3457 ι
1136 3405 1520 3476 ὑποστήσεται,
1551 3403 1611 3456 οὑ
1641 3406 1709 3474 τῇ
1746 3403 1979 3473 ὑπάρξει

414 3497 511 3551 καὶ
546 3496 649 3569 ῦλῃ
671 3512 684 3526 ·
713 3498 771 3549 οὐ
811 3498 921 3568 γὰρ
941 3496 1286 3568 συμηγνὺς
1311 3493 1487 3567 [νέαν]
1513 3494 1714 3558 οἰκίαν,
1747 3494 1849 3564 ήδη
1883 3495 1979 3546 καὶ

413 3588 479 3640 ὲκ
517 3588 593 3658 μὴ
617 3587 1046 3659 προῦπαρξάσης
1081 3587 1213 3659 ὕλης
1246 3587 1405 3641 τοῦτο
1443 3590 1610 3641 ποιεῖ.
1648 3585 1759 3638 Καὶ
1791 3586 1822 3639 ὁ
1842 3584 1978 3649 Θεὸς

409 3677 501 3730 οῦν
540 3676 689 3741 ἅπαξ
744 3677 1058 3747 ὑποστήσας
1114 3678 1213 3747 τὴν
1273 3675 1408 3747 ὓλην
1441 3675 1537 3728 καὶ
1587 3674 1980 3744 διαμορφὼσας

410 3770 683 3832 παντοίοις
711 3769 879 3821 εἴδεσι
898 3770 995 3821 καὶ
1033 3767 1394 3838 συγκρίμασι,
1431 3768 1492 3820 τὸ
1526 3767 1627 3837 μὲν
1676 3767 1801 3820 ὅσον
1839 3768 1978 3835 πρὸς

409 3864 507 3931 τὴν
535 3862 655 3913 τότε
676 3860 863 3930 χρείαν
900 3860 1219 3928 ἀναγκαῖον,
1248 3860 1384 3927 πρὸς
1407 3858 1464 3911 δὲ
1503 3858 1601 3929 τὴν
1645 3858 1781 3928 μετά
1804 3856 1980 3910 ταῦτα

410 3952 707 4022 ἄφθαρτον,
724 3950 1036 4012 ἀλυσιτελές
1064 3966 1122 4002 τε
1146 3952 1240 4002 καὶ
1260 3950 1535 4019 περιττὸν,
1564 3949 1975 4019 ἀποπέμπων

411 4046 462 4096 εἴ
487 4062 540 4097 τι
571 4044 627 4097 δὲ
662 4041 996 4106 λυσιτελοῦν,
1042 4042 1451 4113 ἀναμορφώσας
1479 4041 1744 4111 ἀφθάρτῳ
1791 4039 1979 4093 κάλλει

412 4135 507 4189 καὶ
535 4135 822 4204 ἀμηχάνῳ,
849 4132 941 4186 τὸν
965 4131 1218 4202 δεύτερον
1252 4131 1349 4185 καὶ
1392 4130 1671 4202 ἄφθαρτον
1722 4131 1979 4201 συμπλη-

415 4223 540 4293 ροῦν
583 4225 787 4292 κόσμον
816 4225 899 4294 ἐᾷ.
1414 4222 1427 4231 ’

483 4333 503 4367 ι
563 4313 760 4378 Καῡὼς
809 4315 903 4369 καὶ
935 4317 963 4368 ὁ
994 4315 1274 4384 ἀγαπητὸς
1305 4312 1461 4384 ἡμῶν
1514 4311 1740 4382 ἀδελφὸς
1772 4311 1982 4376 Παῦλος

416 4407 558 4459 κατὰ
586 4407 682 4476 τὴν
708 4405 953 4458 δοθεῖσαν
967 4404 1116 4476 αὑτῷ
1137 4408 1327 4473 σοφίαν
1351 4402 1584 4474 ἔγραψεν
1609 4404 1758 4473 ὑμῖν,
1783 4402 1857 4466 ὡς
1887 4404 1983 4457 καὶ

2079 1958 2146 2011 iis
2190 1962 2554 2027 supervenit;
2610 1976 2627 2008 ι
2664 1960 2736 2010 ita
2778 1966 2831 2012 ct
2875 1958 3143 2013 adventus
3183 1956 3312 2011 Filii
3359 1958 3594 2012 hominis
3631 1975 3650 2007 ι

2079 2045 2265 2115 impiis
2297 2058 2517 2116 repente
2549 2058 2597 2099 et
2642 2048 2928 2116 inopinato
2966 2049 3333 2116 superveniet.
3367 2043 3479 2100 Vox
3509 2044 3660 2100 Grat-

2077 2149 2139 2190 ca
2158 2137 2400 2207 ροιζηδδν
2433 2157 2451 2189 ι
2478 2139 2731 2194 roizedon
2753 2158 2771 2189 ›
2800 2138 2876 2207 (2)
2903 2137 3171 2208 signiﬁcat
3204 2155 3223 2188 σ
3246 2152 3369 2190 cum
3394 2139 3601 2202 sonitu,
3632 2154 3651 2188 ι

2079 2241 2146 2282 eu
2181 2228 2413 2293 Scilicet,
2445 2233 2537 2297 qui
2578 2245 2606 2282 a
2646 2230 2831 2292 rebus,
2864 2244 2986 2298 qua:
3037 2228 3144 2296 igni
3184 2227 3539 2293 devoraulur,
3567 2229 3655 2282 edi

2078 2319 2236 2373 solet.
2269 2319 2655 2375 Animadverte
2684 2330 2892 2385 autem,
2915 2323 3059 2389 quod
3108 2320 3273 2385 dicat,
3313 2338 3330 2370 ι
3359 2331 3579 2385 terram,
3600 2328 3656 2373 et

2079 2426 2200 2480 quae
2231 2410 2284 2464 in
2309 2411 2423 2479 ipsa
2458 2420 2610 2476 sunt,
2634 2427 2800 2483 Opera
2828 2413 3102 2466 exureuda
3134 2411 3273 2476 fore,
3341 2428 3359 2461 ι
3386 2426 3494 2465 non
3527 2425 3656 2466 vero

2081 2503 2367 2566 homines.
2405 2502 2525 2568 Quo
2570 2521 2589 2552 ι
2625 2503 2982 2572 perditionem
3020 2520 3038 2554 ι
3099 2517 3198 2557 seu
3255 2502 3534 2557 interitum
3588 2503 3657 2558 de

2079 2592 2262 2663 impiis
2283 2594 2437 2657 Solis,
2469 2610 2564 2649 seu
2596 2609 2783 2648 eorum
2816 2595 3184 2663 impietatibus
3208 2594 3446 2649 futurum
3479 2610 3656 2649 enun-

2082 2685 2256 2738 tiavit.
2312 2701 2332 2734 ε
2392 2683 2499 2738 lter
2540 2685 2683 2738 enim
2718 2678 3007 2752 impiorum
3057 2686 3342 2751 peribit",
3379 2704 3398 2737 ι
3460 2700 3557 2741 seu
3588 2685 3656 2740 ad

2082 2774 2311 2828 nihilum
2347 2776 2649 2843 redigetur,
2713 2790 2822 2829 non
2850 2776 2978 2830 item
3015 2776 3236 2845 impius.

2128 2848 2321 2920 \Vsns.
2356 2866 2543 2921 15-15.
2591 2884 2610 2917 ι
2641 2865 2820 2920 Novus
2847 2880 2976 2921 vero
3033 2866 3202 2922 ccelos
3241 2877 3293 2922 et
3319 2881 3512 2922 novam
3544 2875 3658 2923 ter-

2084 2974 2198 3013 ram
2244 2957 2543 3013 secundum
2603 2958 2869 3027 pzomissa
2917 2959 3090 3028 ipsius
3138 2966 3539 3028 exspectamus,
3599 2962 3656 3013 in

2082 3049 2284 3118 quibus
2330 3048 2544 3118 justitia
2589 3048 2818 3104 habitat.
2855 3047 3083 3119 Prol-ter
3113 3051 3281 3119 quod,
3319 3050 3654 3114 chariss‘mi,

2012 3162 2055 3220 ε
2090 3142 2206 3195 haec
2250 3147 2652 3207 exspectantes,
2693 3140 2925 3209 satagite
2954 3141 3290 3195 immaculati
3319 3150 3372 3195 et
3410 3141 3655 3194 inviolati

2079 3231 2129 3287 ci
2160 3230 2395 3283 inveniri
2437 3229 2489 3282 in
2525 3244 2677 3298 pace.
2712 3227 2922 3283 Domini
2970 3233 3145 3285 nostri
3193 3230 3655 3299 longanimitatem

2080 3323 2310 3378 salutem
2341 3320 2704 3375 arbitremini.
2744 3339 2764 3372 ι
2793 3349 2863 3360 -
2890 3339 2909 3371 ι
2949 3320 3129 3376 ϐωιοε
3162 3335 3333 3373 novos
3362 3329 3417 3373 et
3456 3328 3654 3375 terram

2078 3429 2275 3469 novam
2310 3432 2330 3464 ι
2357 3414 2652 3468 constituet
2679 3411 2966 3480 Dominus,
2996 3428 3105 3467 non
3125 3414 3429 3469 substantia
3459 3424 3507 3469 et
3538 3430 3659 3468 ma-

2079 3505 2252 3562 teria:
2285 3521 2407 3559 nam
2435 3519 2608 3573 neque
2634 3503 2726 3572 qui
2751 3518 2944 3559 novam
2973 3504 3194 3558 domum
3223 3505 3513 3570 construit,
3536 3519 3657 3559 eam

2079 3614 2144 3654 ex
2164 3615 2270 3654 non
2286 3597 2694 3669 praeexsistcntc
2715 3594 2942 3651 materia
2963 3595 3212 3650 aediﬁcat.
3232 3597 3324 3651 Sic
3347 3595 3507 3662 Deus,
3533 3611 3657 3649 cum

2076 3690 2189 3761 jam
2217 3691 2386 3746 semel
2418 3689 2704 3743 materiam
2730 3688 3059 3754 condiderit,
3094 3703 3325 3756 eamque
3355 3690 3517 3743 variis
3549 3688 3660 3742 for-

2081 3781 2209 3842 mis,
2240 3791 2300 3835 ut
2323 3778 2388 3833 ad
2419 3778 2538 3848 ejus
2572 3766 2833 3850 temporis
2865 3794 3026 3835 usum
3062 3794 3286 3834 necesse
3321 3787 3459 3843 erat,
3494 3794 3659 3832 orna-

2082 3872 2242 3936 verit,
2300 3870 2352 3923 id
2384 3871 2527 3939 quod
2559 3871 2626 3925 ad
2661 3870 3153 3939 iucorruptibilem,
3191 3869 3280 3939 qui
3314 3879 3499 3939 postea
3529 3869 3656 3931 erit,

2080 3969 2282 4016 statum
2339 3960 2532 4016 inutile
2567 3977 2631 4015 ac
2675 3960 3007 4030 superﬂuum
3048 3970 3153 4022 est,
3189 3959 3380 4030 perdet
3427 3974 3490 4013 ac
3533 3959 3659 4028 reji-

2081 4052 2232 4106 ciet:
2287 4053 2554 4123 quidquid
2611 4069 2742 4109 vero
2793 4054 2925 4108 utile
2974 4060 3028 4109 et
3059 4061 3424 4123 opportunum
3471 4050 3658 4114 fuerit,

2082 4142 2377 4196 immortali
2445 4144 2858 4212 pulchritudine
2918 4144 3272 4200 reformatum
3330 4159 3429 4214 pro
3484 4143 3660 4197 altero

2084 4235 2484 4303 incorruptibili
2518 4235 2723 4291 mundo
2752 4234 3029 4292 retinebit.

2158 4326 2321 4381 Vens.
2357 4327 2550 4382 15-18.
2601 4326 2753 4384 Sicut
2793 4337 2851 4383 et
2889 4328 3248 4383 charissimus
3278 4326 3446 4383 frater
3473 4335 3663 4381 noster

2087 4417 2290 4472 Paulus
2346 4419 2648 4472 secundum
2698 4418 2879 4472 datam
2927 4419 3032 4475 sibi
3083 4420 3407 4490 sapientiam
3443 4417 3662 4488 scripsit

412 4501 470 4552 ὲν
500 4501 703 4561 πάσαις
732 4499 849 4560 ταῖς
871 4497 1180 4560 ἐπιστολαῖς
1210 4496 1386 4549 λαλῶν
1409 4499 1467 4549 ὲν
1495 4497 1685 4557 αὑταῖς
1718 4498 1845 4565 περὶ
1864 4493 1979 4547 τού-

2087 4510 2263 4564 anis.
2302 4508 2458 4564 Sicut
2514 4518 2568 4563 ct
2619 4510 2675 4562 in
2715 4511 2972 4566 omnibus
3019 4513 3288 4581 epistolis,
3341 4513 3569 4582 loquens
3605 4512 3659 4564 in

411 4606 540 4656 των,
579 4593 634 4642 έν
665 4586 751 4651 αἷς
778 4587 967 4660 [ναις.
1008 4590 1066 4642 ὲν
1101 4584 1211 4661 οἷς]
1240 4591 1354 4642 ἐστι
1398 4588 1666 4657 δυσνόητά
1696 4604 1841 4651 τινα,
1874 4585 1909 4639 ἃ
1935 4586 1986 4638 oi

421 4680 652 4750 ἀμαθεῖς
667 4683 759 4734 καὶ
773 4683 1092 4752 ἀστήρικτοι
1107 4680 1475 4752 στρεϐλοῦσιν,
1494 4679 1567 4741 ὼ,
1582 4680 1783 4743 καὶτὰς
1792 4680 1986 4738 λοιπὰς

418 4771 664 4844 Γραφάς,
683 4772 816 4844 πρὸς
846 4773 945 4844 τὴν
975 4772 1107 4826 ἰδίαν
1138 4772 1316 4827 αὑτῶν
1340 4772 1637 4829 ἀπώλειαν.
1658 4772 1844 4842 Ὑμεῖς
1871 4767 1985 4836 οῦν,

423 4868 724 4937 ἀγαπητοὶ,
756 4865 1229 4937 προγινώσκοντες
1280 4866 1618 4936 φυλάσσεσθε
1639 4882 1653 4896 ⁸
1685 4867 1770 4919 ἵνα
1799 4866 1876 4935 μὴ
1920 4868 1986 4934 τῇ

416 4958 526 5011 τῶν
539 4956 792 5026 ἀθέσμων
806 4957 980 5028 πλάνῃ
997 4956 1447 5028 συναπαχθέντες,
1464 4959 1732 5028 ἐκπέσητε
1747 4957 1840 5008 τοῦ
1858 4957 1988 5010 ἰδίου

421 5050 742 5119 στηριγμοῦ.
786 5049 1057 5115 Αὑξάνετε
1084 5049 1142 5102 δὲ
1186 5051 1245 5103 ὲν
1292 5051 1475 5119 χάριτι
1506 5050 1599 5103 καὶ
1644 5048 1843 5115 γνώσει
1892 5045 1987 5099 τοῦ

422 5142 624 5212 Κυρίου
650 5141 809 5212 ἡμῶν
839 5148 931 5195 καὶ
953 5141 1207 5212 Σωτῆρος
1243 5142 1419 5213 Ἰησοῦ
1446 5141 1683 5212 Χριστοῦ
1716 5142 1811 5194 καὶ
1849 5139 1986 5192 Θεοῦ

422 5232 651 5302 Πατρός.
692 5224 812 5301 ᾯή
837 5230 964 5298 δόξα
986 5232 1079 5284 καὶ
1111 5230 1206 5286 νῦν
1239 5232 1331 5284 καὶ
1383 5234 1462 5294 εἰς
1500 5232 1711 5303 ἡμέραν
1768 5229 1986 5293 αἰῶνος.

433 5322 628 5391 Ἀμήν.
669 5339 690 5373 ι
735 5322 844 5377 Καὶ
889 5321 1045 5376 τοῦτο
1085 5321 1298 5386 Παῦλος
1347 5323 1557 5394 εἴρηκε,
1608 5322 1675 5375 δι’
1717 5316 1793 5377 ὧν
1838 5322 1944 5392 ἔφη
1970 5339 1985 5354 ο

429 5430 448 5463 ι
485 5411 558 5466 Τὸ
580 5413 816 5484 χρηστὸν
842 5413 934 5466 τοῦ
953 5413 1090 5467 Θεοῦ
1116 5416 1197 5477 είς
1217 5415 1507 5485 μετάνοιάν
1529 5431 1588 5467 σε
1614 5414 1761 5483 ἄγει.
1792 5433 1812 5465 ο
1838 5417 1901 5469 Et
1928 5415 1985 5469 δὲ

489 5577 537 5611 ’⁸
566 5578 756 5634 Matth.
794 5593 943 5643 xstv,
971 5578 1060 5632 57,
1104 5577 1195 5633 59.

2087 4603 2168 4658 eis
2198 4603 2265 4656 de
2290 4602 2376 4658 his
2418 4621 2430 4656 :
2466 4604 2518 4656 in
2550 4601 2752 4671 quibus
2795 4610 2923 4657 sunt
2957 4604 3204 4674 quaedam
3236 4606 3469 4659 dillicilia
3497 4603 3661 4657 intel-

2092 4695 2258 4755 lectu.
2291 4710 2413 4765 qua:
2453 4694 2656 4748 indueti
2683 4703 2738 4748 et
2766 4695 3055 4750 instabiles
3097 4697 3414 4767 depravant.
3439 4696 3581 4752 sicut
3609 4705 3664 4748 ct

2094 4797 2323 4842 ('lBlcrus
2356 4786 2690 4854 Scripturas.
2716 4786 2782 4841 ad
2814 4801 2969 4842 suam
2999 4787 3241 4854 ipsorum
3277 4787 3661 4858 perditionem.

2098 4876 2204 4931 Vos
2238 4881 2423 4946 igitur,
2452 4878 2668 4942 fratres,
2694 4879 3045 4946 praescientes
3079 4879 3388 4934 custodite:
3427 4895 3492 4933 ne
3526 4881 3672 4941 insto,

2098 4970 2356 5037 pientium
2382 4984 2572 5024 errore
2605 4971 2841 5024 traducti
2871 4970 3133 5025 excidatis
3172 4985 3202 5025 a
3243 4972 3460 5041 propria
3491 4970 3662 5025 ﬁrmi-

2096 5070 2224 5114 late.
2252 5059 2501 5115 Crescite
2543 5075 2672 5115 vero
2706 5062 2758 5116 in
2790 5062 2987 5131 gratia,
3036 5070 3092 5117 et
3130 5061 3185 5116 in
3214 5064 3523 5132 cognitione
3556 5064 3665 5116 Do-

2095 5151 2226 5203 mini
2257 5151 2427 5204 nostri
2466 5159 2519 5206 et
2570 5151 2872 5207 Salvatoris
2895 5151 3024 5207 Jcsu
3067 5152 3292 5206 Christi.
3335 5152 3439 5221 ipsi
3469 5153 3662 5222 gloria,

2091 5250 2148 5295 et
2201 5257 2370 5307 nunc,
2402 5252 2455 5296 et
2512 5244 2566 5297 in
2623 5245 2765 5299 diem
2815 5244 3155 5301 aeternitatis.
3190 5244 3384 5298 Amen.
3427 5263 3446 5296 ι
3486 5245 3659 5298 Etiam

2093 5329 2296 5388 Paulus
2325 5333 2463 5387 idem
2521 5332 2683 5397 dixit,
2720 5349 2843 5389 cum
2874 5334 2988 5388 ait:
3053 5350 3074 5386 ι
3110 5331 3419 5402 Benignitas
3451 5331 3545 5386 Dei
3594 5331 3665 5386 ad

2092 5425 2465 5493 pmnitcutiatu
2501 5434 2555 5481 te
2584 5425 2810 5482 adducit
2832 5426 2897 5483 ³⁰.
2932 5444 2950 5478 ι
2989 5424 3045 5481 Si
3073 5435 3252 5482 autem
3284 5424 3350 5478 ad
3389 5424 3663 5493 pmnitcn-

1301 5578 1346 5610 ”
1406 5577 1552 5635 Psal.
1606 5593 1646 5646 ι,
1681 5580 1731 5633 7.
1809 5580 1853 5613 ³ο
1883 5582 2044 5641 Rom.
2079 5602 2141 5651 ιι,
2171 5588 2224 5643 4.

1741 5695 1941 5757 Variae
1978 5697 2304 5764 lectiones.

490 5796 569 5867 (Ξ)
595 5793 724 5852 Eam
747 5794 893 5867 vulg.
927 5795 1026 5851 int.
1054 5795 1352 5863 transtulit,
1380 5811 1568 5864 magno
1598 5797 1811 5865 impetu.
