4150 6440
709 310 777 381 2‘3
1632 324 2209 384 TilEOPHYLAC’t‘l
2253 324 2663 384 nummum;
2699 321 3049 381 ARCHIEP.

3898 314 4004 379 24

706 429 983 494 voluntas,
1023 430 1224 496 subdit,
1289 430 1424 486 Cum
1459 431 1563 502 fide
1618 450 1683 487 ac
1732 432 2033 486 dilectione.
2086 430 2320 491 Fidem;

2418 434 2717 501 ροαίρεσις,
2776 430 2994 498 ἐπάγει,
3046 427 3209 482 Μετὰ
3260 428 3518 491 πίστεως
3560 425 3657 479 καὶ
3700 423 4005 492 ἀγάπης,

710 523 880 585 enim,
917 520 1113 590 inquit,
1146 522 1303 575 attuli
1356 538 1475 590 ego,
1514 525 1741 577 credens
1790 522 1938 592 quod
1982 524 2156 592 possit
2194 536 2280 574 nte

715 625 936 666 scrvare
973 627 986 665 :
1027 619 1082 665 et
1106 612 1453 675 charitatem,
1489 627 1649 683 quam
1677 613 1844 668 etiam
1887 616 2002 682 ipse
2041 613 2094 666 in
2124 611 2283 665 Chri-

711 715 797 756 sto
848 702 977 757 Jesu
1034 706 1303 772 acquisivi
1342 723 1355 758 :
1394 704 1708 759 dilectionis
1760 706 1903 759 enim
1944 720 2072 774 erga
2115 703 2281 757 Deum

710 793 968 848 Christus
997 794 1130 847 mihi
1170 793 1503 850 conciliator
1523 806 1629 861 est,
1662 810 1769 849 non
1803 795 1912 848 lex.
1952 794 2161 849 Iudicat
2188 808 2285 845 au-

714 893 820 939 tem
864 901 986 939 cum
1027 884 1132 939 ﬁde
1186 885 1507 939 cltaritatem
1549 887 1711 941 simul
1757 885 2133 940 adducendam
2167 902 2179 937 :
2216 899 2283 937 ex

716 978 984 1031 charitate
1012 979 1155 1032 enim
1182 977 1559 1031 mandatorum
1589 979 1722 1048 legis
1749 986 1833 1032 est
1855 977 2119 1048 peractio,
2146 977 2288 1031 sicut

715 1068 979 1125 Dominus
1023 1070 1161 1124 dixit
1220 1087 1235 1124 :
1305 1071 1367 1125 Si
1438 1072 1659 1141 diligitis
1722 1088 1825 1136 me,
1857 1070 2109 1124 mandata
2174 1085 2287 1123 mea

716 1177 919 1217 servate
956 1165 1016 1217 ¹³.

795 1255 958 1311 Visus.
996 1257 1080 1313 15.
1138 1257 1343 1312 Fidelis
1378 1274 1569 1321 sermo,
1610 1264 1659 1311 et
1699 1259 1841 1310 onmi
1874 1257 2172 1325 acceptione
2204 1255 2289 1306 di-

718 1365 874 1416 gnus,
905 1351 1044 1419 quod
1072 1348 1228 1403 Jesus
1275 1350 1516 1405 Christus
1552 1351 1688 1403 venit
1733 1350 1786 1402 in
1819 1348 2070 1401 mundum
2100 1362 2289 1415 pecca-

724 1448 862 1494 tores
897 1442 1070 1495 salvos
1108 1442 1302 1511 facere.
1335 1440 1474 1506 Quia
1507 1441 1742 1506 dixerat,
1779 1439 1903 1503 Mei,
1937 1454 2060 1493 cum
2108 1454 2294 1507 perse-

723 1540 883 1586 cutor
932 1548 1132 1597 essem,
1181 1533 1440 1588 misertus
1496 1541 1619 1589 est:
1666 1533 1746 1587 Ne
1798 1532 2037 1597 mireris,
2093 1532 2294 1600 inquit,

727 1632 900 1683 neque
952 1620 1320 1690 magnitudini
1374 1621 1502 1676 doni
1551 1630 1605 1677 et
1652 1620 1841 1691 gratia:
1870 1619 2081 1674 diﬂidas
2123 1638 2137 1675 :
2174 1634 2295 1674 nam

726 1721 949 1779 propter
985 1713 1091 1767 hoc
1137 1714 1316 1783 ipsum
1360 1716 1508 1767 venit
1555 1714 1608 1766 in
1661 1715 1946 1778 mundum,
2010 1722 2067 1767 ut
2129 1713 2294 1767 etiam

2384 523 2574 576 Πίστιν
2603 523 2733 591 γὰρ,
2790 526 2975 591 φησιν,
3017 522 3317 590 εἰσήνεγκα
3366 517 3497 584 ἐγὼ,
3544 515 3842 574 πιστεύσας
3888 514 4007 564 ὅτι

2382 613 2602 665 δύναταί
2631 630 2698 683 με
2743 613 2948 666 σῶσαι·
2983 612 3076 664 καὶ
3128 610 3370 677 ἀγάπην,
3402 609 3470 678 ἣν
3504 608 3600 661 καὶ
3639 607 3800 668 αὐτὸς
3827 605 3883 636 ⁸⁸
3928 605 4007 653 ἐν

2384 698 2606 775 Χριστῷ
2632 704 2806 775 Ἰησοῦ
2842 706 3162 774 ἐκτησάμην
3185 719 3199 734 ·
3233 703 3331 771 τῆς
3358 702 3466 770 γὰρ
3496 701 3631 769 πρὸς
3657 699 3789 750 Θεδν
3822 696 4011 763 ἀγάθ’

2386 814 2493 865 πης
2531 798 2787 867 πρόξενός
2820 813 2909 866 μοι
2944 798 2973 848 δ
3003 795 3254 865 Χριστὸς,
3284 794 3380 862 οὐχ
3413 794 3441 844 ὀ
3495 792 3677 860 νόμος.
3710 790 4009 841 Δείκνυσι

2385 888 2443 940 δὲ
2471 889 2551 940 ὃτι
2583 888 2721 958 μετὰ
2764 888 3005 948 πίστεως
3060 887 3146 939 δεῖ
3202 886 3297 938 καὶ
3344 883 3564 951 ἀγάπην
3600 882 3895 947 συνεισάγε
3911 896 4004 933 ιν.

2401 982 2491 1045 Ἐξ
2530 978 2753 1048 ἀγάπης
2783 980 2893 1049 γὰρ
2922 982 2956 1049 ἡ
3011 979 3141 1031 τῶν
3180 977 3408 1031 ἐντολῶν
3441 974 3802 1045 κατόρθωσις,
3835 972 3930 1032 ὡς
3973 971 4011 1021 ὀ

2389 1073 2590 1143 Κύριος
2622 1067 2796 1124 εἷπεν·
2846 1072 2987 1125 Ἐὰν
3014 1067 3282 1139 ἀγαπᾶτέ
3304 1084 3402 1136 με,
3432 1062 3537 1132 τὰς
3560 1065 3816 1130 ἐντολάς
3846 1078 4011 1132 μου

2390 1165 2708 1233 τηρήσατε.
3385 1222 3393 1229 ,

2462 1257 2684 1322 Πιστὸς
2714 1259 2746 1309 ό
2773 1256 2955 1325 λόγος
2978 1254 3073 1307 καὶ
3096 1253 3298 1319 πάσης
3321 1249 3630 1318 ἀποδοχῆς
3655 1249 3846 1312 ἄξιος,
3888 1245 4012 1298 ὅτι

2405 1349 2644 1415 Ἰησοῦς
2679 1348 2937 1415 Χριστὸς
2966 1349 3052 1413 εις
3084 1347 3194 1399 τὸν
3224 1347 3455 1413 κόσμον
3492 1340 3679 1412 ἦλθεν
3704 1342 4013 1407 ἀμαρτω-

2393 1440 2547 1506 λοὺς
2576 1439 2792 1493 σῶσαι.
2842 1436 3061 1505 Ἐπειδὴ
3097 1432 3271 1501 εἶπεν,
3317 1437 3398 1488 ὅτι
3429 1432 3678 1498 Διώκτην
3724 1430 3852 1482 ὅντα
3919 1442 4012 1494 με

2394 1531 2615 1602 ἠλέησε,
2647 1532 2740 1599 Μὴ
2796 1529 3111 1600 Θαυμάσῃς,
3144 1528 3297 1596 φησι,
3330 1525 3464 1595 μηδὲ
3514 1522 3826 1590 ἀπιστήσῃς
3887 1516 4018 1568 ἐπὶ

2398 1623 2474 1693 τῷ
2501 1624 2720 1693 μεγέθει
2757 1623 2855 1693 τῆς
2884 1622 3111 1689 δωρεᾶς.
3161 1620 3269 1672 Καὶ
3316 1618 3426 1687 γὰρ
3480 1616 3566 1668 ἐπ’
3600 1613 3751 1682 αὐτῷ
3802 1610 4019 1675 τούτῳ

2402 1719 2481 1778 εἰς
2522 1717 2612 1769 τὸν
2641 1716 2845 1785 κόσμον
2889 1709 3075 1784 ἦλθεν,
3118 1712 3205 1765 ἵνα
3232 1711 3327 1764 καὶ
3381 1712 3588 1771 πάντας
3620 1703 4018 1774 ἁμαρτωλοὺς

728 1816 920 1857 omnes
938 1814 1255 1872 peccatores
1282 1805 1463 1859 salvos
1492 1804 1674 1860 faciat.
1700 1804 1899 1859 Fidelis
1943 1805 2104 1875 igitur
2120 1819 2299 1859 sermo

2418 1808 2577 1879 ςώσῃ.
2613 1777 2809 1869 “toto;
2841 1777 2933 1857 οὖν
2960 1807 2988 1857 ὁ
3019 1804 3199 1871 λόγος,
3239 1803 3335 1855 καὶ
3364 1801 3513 1866 ἄξιος
3547 1794 4014 1866 παραδέχεσθαι.

734 1893 1043 1963 dignusque
1103 1895 1198 1964 qui
1254 1897 1609 1966 suscipiatur.
1664 1896 1781 1951 Non
1835 1898 1977 1950 enim
2015 1904 2298 1965 propterea

732 1985 880 2053 quod
933 2001 1126 2055 magna
1158 1988 1268 2040 sint
1303 2004 1423 2056 qna:
1464 1988 1589 2042 data
1631 1999 1778 2055 sunt,
1814 1988 1933 2043 ideo
1968 1988 2188 2056 dignum
2219 1994 2303 2041 est

735 2090 842 2130 non
875 2076 1099 2132 credere
1137 2096 1150 2132 :
1183 2093 1373 2131 verum
1424 2079 1549 2145 quia
1589 2079 1855 2133 immensa
1907 2088 1990 2134 est
2038 2080 2295 2132 donantis

739 2168 984 2233 bonitas,
1022 2168 1149 2223 hinc
1184 2168 1407 2239 dignum
1443 2179 1547 2232 est,
1576 2178 1629 2223 ut
1658 2170 1949 2223 credamus
1983 2178 2036 2223 et
2077 2169 2305 2236 recipia-

738 2277 880 2314 mus.
920 2260 1031 2314 Hoc
1067 2271 1243 2315 autem
1271 2263 1335 2315 ad
1363 2260 1582 2315 Iudaeos
1623 2263 1807 2325 etiam,
1851 2264 1943 2332 qui
1980 2262 2082 2331 legi
2110 2260 2305 2313 adver-

738 2354 928 2406 tebant
960 2354 1222 2415 animum,
1256 2353 1588 2418 extenditur,
1623 2363 1682 2407 ut
1714 2352 1972 2407 ostendat
2020 2353 2124 2416 eis,
2162 2352 2304 2421 quod

740 2445 861 2498 sine
878 2440 980 2496 (ide
1011 2458 1117 2496 non
1144 2443 1360 2512 possint
1401 2444 1535 2496 salvi
1565 2458 1708 2497 esse.

812 2535 1053 2601 Quorum
1083 2551 1175 2604 ego
1196 2535 1400 2602 primus
1424 2551 1564 2587 sum.
1593 2534 1879 2599 Quomodo
1908 2550 2030 2589 cum
2071 2537 2205 2590 alias
2237 2535 2312 2589 di-

742 2626 931 2687 xisset,
962 2622 1261 2678 Secundum
1280 2624 1551 2693 justitiam
1579 2625 1705 2694 legis
1724 2624 1896 2694 factus
1921 2626 2220 2695 inculpatus
2245 2629 2308 2690 “,

744 2728 892 2768 nunc
961 2716 1196 2784 primum
1266 2724 1617 2783 peccatorum
1695 2716 1934 2785 seipsum
1990 2717 2315 2771 constituit?

746 2805 1016 2871 Quoniam
1050 2821 1175 2860 cum
1207 2806 1425 2875 justitia
1466 2821 1588 2875 qua:
1614 2816 1696 2861 est
1733 2807 1786 2861 iu
1817 2804 2060 2873 Christo,
2102 2811 2314 2879 jnstitia

748 2898 881 2968 legis
913 2899 1129 2962 collata,
1172 2910 1451 2968 peccatum
1509 2905 1615 2963 εει,
1656 2910 1713 2953 ιιι
1765 2900 1855 2955 ειιί
1908 2916 2052 2956 nunc
2104 2910 2316 2972 tempus

753 3001 860 3041 neu
896 2986 1258 3055 relinquatur.
1293 2987 1566 3053 Quamdiu
1598 2988 1741 3042 enim
1785 2999 1994 3057 tempus
2027 3007 2185 3043 suum
2216 2992 2315 3044 ha-

2402 1902 2477 1953 Οὑ
2507 1900 2615 1971 γὰρ
2646 1898 2834 1967 ἐπειδὴ
2868 1897 3078 1966 μεγάλα
3109 1896 3226 1949 ἐστὶ
3257 1895 3326 1946 τὰ
3353 1892 3613 1962 δεδομένα
3650 1888 3800 1953 ἄξιόν
3830 1889 4019 1938 ἐστιν

2402 1994 2675 2056 άπιστεῖν,
2709 1991 2824 2044 ἀλλ’
2868 1989 3057 2058 ἐπειδὴ
3103 1988 3334 2059 ἄπειρος
3373 1988 3407 2055 ὴ
3457 1981 3734 2051 ἀγαθότης
3774 1978 3869 2030 τοῦ
3912 1977 4022 2028 δτ-

2404 2085 2609 2149 δόντος,
2642 2082 2732 2136 διὰ
2767 2081 2925 2133 τοῦτο
2948 2080 3099 2146 ἄξιον
3131 2077 3409 2131 πιστεύειν
3436 2074 3530 2129 καὶ
3561 2069 4022 2142 παραδέχεσθαι.

2407 2175 2577 2229 Τοῦτο
2621 2175 2677 2228 δὲ
2709 2175 2802 2226 καὶ
2853 2174 2988 2243 πρδς
3022 2171 3312 2231 Ἰουδαίους
3345 2169 3471 2229 τοὺς
3502 2165 3580 2235 τῷ
3624 2164 3775 2232 νόμῳ
3816 2176 4025 2229 προσ-

2409 2268 2633 2335 έχοντας
2686 2262 3052 2325 ἀποτείνεται,
3095 2262 3183 2313 ἵνα
3234 2258 3385 2328 δείξῃ
3433 2256 3639 2319 αὐτοῖς,
3670 2253 3754 2305 ὃτι
3818 2247 4026 2319 χωρὶς

2411 2360 2644 2418 πίστεως
2671 2355 2771 2407 οὐκ
2803 2354 2919 2406 ἔστι
2948 2353 2989 2384 δ”
3030 2351 3291 2420 σωθῆναι.

2484 2530 2595 2589 Ὧν
2623 2532 2853 2601 πρῶτός
2874 2532 2989 2597 ειμι
3010 2527 3142 2596 ἐγώ.
3175 2525 3296 2587 Πῶς
3317 2520 3549 2590 ἀλλαχοῦ
3582 2517 3753 2571 εἰπών
3776 2533 3789 2546 ·
3828 2514 4024 2568 Κατὰ

2413 2628 2809 2691 δικαιοσύνην
2844 2622 2959 2687 τὴν
2986 2621 3057 2673 ἐν
3100 2620 3263 2687 νόμῳ
3311 2615 3635 2684 γενόμενος
3666 2611 4025 2679 (ipsa-716C.

2416 2720 2513 2774 νῦν
2546 2718 2762 2787 πρῶτον
2816 2715 2923 2768 τῶν
2958 2709 3299 2783 ἁμαρτωλῶν
3344 2707 3527 2760 τάττει
3571 2702 3803 2764 ἑαυτόνς
3850 2699 4027 2750 Διότι

2416 2810 2489 2872 ὡς
2530 2808 2659 2877 πρὸς
2691 2810 2789 2876 τὴν
2823 2806 2878 2857 ἐν
2909 2800 3129 2871 Χριστῷ
3160 2796 3529 2864 δικαιοσύνην,
3561 2796 3595 2863 ή
3631 2794 3689 2845 ἐν
3734 2789 3814 2859 τῷ
3844 2788 4026 2857 νόμῳ

2419 2898 2737 2967 δικαιοσύνη
2772 2893 3015 2966 ἁμαρτία
3044 2893 3213 2952 ἐστὶν,
3233 2889 3328 2943 ἅτε
3351 2887 3542 2956 καιρὸν
3564 2884 3659 2937 νῦν
3680 2883 3753 2953 μὴ
3777 2882 4023 2951 ἔχουσα.

2424 2994 2568 3054 Ἕως
2608 2989 2707 3060 μὲν
2746 2989 2855 3057 γὰρ
2894 2982 3009 3054 εἶχε
3060 2982 3273 3053 καιρὸν,
3298 2977 3637 3043 δικαιοσύνη
3668 2970 3767 3045 ἦν·
3808 2974 4027 3038 ὥσπερ

755 3078 936 3140 hehat,
970 3077 1174 3131 tamdiu
1198 3077 1409 3146 justitia
1456 3086 1573 3131 erat
1602 3096 1617 3144 ;
1660 3079 1882 3147 perinde
1905 3094 1968 3132 ac
1998 3081 2123 3133 luna
2153 3089 2206 3135 et
2239 3081 2320 3133 lu-

2426 3086 2516 3138 καὶ
2541 3086 2574 3153 ἡ
2612 3082 2814 3148 σελήνη
2845 3082 2939 3131 καὶ
2968 3079 2996 3129 ὁ
3032 3074 3224 3143 λύχνος
3257 3075 3312 3125 ἐν
3339 3071 3496 3123 νυκτὶ
3531 3068 3836 3138 φαίνουσιν.
3872 3063 4027 3115 "Ure

754 3183 918 3223 eerna
953 3178 1113 3224 nocte
1150 3169 1370 3238 quidem
1406 3169 1612 3224 lucent.
1645 3169 1874 3234 Quando
1902 3185 2031 3224 vero
2062 3171 2318 3226 Christus

755 3268 1015 3327 tanquam
1057 3259 1141 3314 sol
1184 3259 1383 3323 illuxit,
1426 3270 1555 3314 tunc
1595 3260 1767 3329 ipsam
1797 3261 2090 3314 occultavit
2128 3281 2141 3315 :
2177 3272 2327 3316 errat

761 3352 947 3420 itaque
970 3356 1023 3404 et
1055 3350 1215 3420 plane
1264 3349 1465 3405 stultus
1515 3359 1619 3415 est,
1681 3351 1772 3420 qui
1838 3353 1951 3406 sole
2010 3352 2328 3421 splendente

762 3443 983 3495 lucerna
1043 3441 1238 3494 utitur.
1298 3440 1421 3494 Alio
1478 3449 1657 3495 autem
1730 3443 1782 3494 in
1848 3442 1967 3495 loco
2022 3444 2123 3497 hoc
2167 3444 2326 3496 etiam

762 3530 897 3584 dicit
933 3550 945 3584 :
987 3529 1134 3584 Nam
1163 3531 1632 3600 necl'glori/icatum
1662 3543 1762 3597 est,
1793 3536 1931 3603 quod
1970 3534 2164 3587 claruit
2191 3538 2253 3587 ιδ.

839 3621 1000 3677 Vens.
1026 3623 1113 3677 16.
1147 3622 1249 3677 Sed
1273 3624 1390 3676 ideo
1418 3625 1831 3678 misericordiam
1860 3635 2167 3679 consecutus
2189 3643 2328 3689 sum,

766 3724 822 3767 ut
866 3717 920 3768 in
950 3732 1031 3770 me
1050 3718 1222 3784 primo
1264 3716 1553 3770 ostenderet
1603 3712 1762 3771 Iesus
1829 3718 2069 3772 Christus
2130 3736 2331 3773 onmem

768 3809 1244 3875 longanimitatem,
1290 3811 1360 3862 ad
1400 3810 1826 3877 informationem
1881 3827 2060 3864 eorum
2089 3813 2179 3880 qui
2224 3828 2335 3864 cre-

767 3900 935 3951 dituri
965 3908 1085 3952 sunt
1115 3899 1199 3952 itii
1228 3900 1282 3953 in
1311 3901 1471 3953 vitam
1500 3911 1775 3954 a’ternam.
1808 3899 1942 3955 Vide
1969 3901 2090 3970 ejus
2126 3900 2335 3954 humili-

770 3998 960 4045 tatem.
994 3989 1310 4061 Propterea,
1348 3992 1551 4062 inquit,
1587 3994 2020 4049 misericordiam
2066 4008 2332 4047 consecu-

773 4093 859 4135 tus
910 4097 1050 4147 sum,
1091 4082 1164 4137 Ut
1222 4099 1381 4138 nemo
1443 4084 1698 4153 deinceps
1772 4096 2119 4154 peccatorum
2178 4084 2339 4155 556

771 4171 1044 4241 desperet,
1079 4172 1173 4228 sed
1197 4174 1393 4227 bonam
1429 4189 1580 4242 spem
1606 4174 1878 4244 concipiat
1906 4176 2007 4230 sibi
2041 4175 2338 4229 condonari

775 4276 996 4327 noxam,
1042 4278 1165 4317 cum
1204 4264 1600 4319 animadvertat
1656 4263 1905 4331 Paulum,
1966 4266 2057 4335 qui
2118 4265 2340 4335 reliquis

774 4353 1031 4407 otnnihus
1061 4354 1281 4422 gravius
1311 4365 1608 4422 peccasset,
1666 4359 1875 4411 salvum
1935 4373 2055 4412 esse
2111 4357 2336 4411 factum.

2426 3179 2481 3231 δὲ
2511 3179 2537 3228 ὁ
2570 3172 2802 3243 Χριστὸς
2837 3168 3036 3237 ἐφάνη,
3078 3166 3266 3234 ὥσπερ
3292 3164 3474 3233 ἧλιος,·
3510 3161 3631 3212 τότε
3667 3157 3837 3224 αὐτὴν
3872 3155 4019 3207 ἀπέ-

2429 3269 2602 3340 κρυψε
2624 3283 2637 3298 °
2684 3264 2778 3317 καὶ
2812 3261 2996 3314 λοιπὸν
3040 3258 3346 3329 ἁμαρτάνει
3377 3256 3473 3308 καὶ
3508 3251 3758 3340 ἀνόητός,
3784 3249 3940 3340 ἐστιν
3969 3246 4030 3340 Δὁ

2427 3337 2605 3432 λύχνῳ
2640 3360 2944 3431 χρώμενος,
2991 3352 3142 3423 ήλίου
3177 3349 3483 3416 φαίνοντος.
3523 3344 3631 3397 Καὶ
3682 3338 3932 3432 ἀλλαχοῦ⁸
3960 3337 4030 3389 δὲ

2430 3429 2593 3504 τούτύ
2642 3429 2852 3519 σθησιν*
2918 3447 2999 3498 Οὐ
3054 3441 3165 3511 γὰρ
3217 3437 3578 3500 δεδόξασται
3636 3433 3702 3486 τὸ
3760 3429 4032 3494 δεδοξα-

2432 3542 2679 3610 σμένον.

2516 3630 2693 3685 Ἀλλὰ
2729 3628 2825 3681 διὰ
2855 3624 3031 3679 τοῦτο
3058 3621 3347 3689 ἠλεήθην,
3390 3619 3490 3671 ἵνα
3526 3618 3596 3669 ἐν
3623 3613 3753 3683 ἐμοὶ
3798 3610 4033 3678 πρώτῳ

2434 3723 2769 3789 ἐνδείξηται
2792 3718 3023 3786 Ἰησοῦς
3046 3719 3078 3770 ό
3123 3713 3376 3783 Χριστὸς
3408 3709 3524 3777 τὴν
3560 3705 3768 3763 πᾶσαν
3788 3721 4031 3772 μακρο-

2436 3819 2675 3885 θυμίαν,
2733 3813 2883 3881 πρὸς
2916 3808 3309 3864 ὑποτύπωσιν
3349 3802 3468 3855 τῶν
3520 3799 3877 3869 μελλόντων
3921 3812 4031 3847 πι-

2435 3909 2674 3962 στεύειν
2706 3905 2794 3957 ὲπ’
2835 3898 2995 3965 αὐτῷ
3015 3900 3102 3963 εις
3134 3896 3288 3962 ζωὴν
3318 3892 3575 3947 αἰώνιον.
3623 3889 3765 3957 Ὅρα
3822 3886 4032 3938 ταπεί-

2438 3998 2620 4052 νωσιν.
2653 3998 2750 4048 Διὰ
2792 3992 2971 4054 τοῦτο,
3000 3990 3190 4061 φησιν,
3231 3987 3494 4057 ἠλεήθην,
3529 3983 3616 4034 ἵνα
3649 3979 3839 4049 μηδεὶς
3870 3979 4027 4028 ἀπα·

2439 4089 2643 4160 γορεύῃ
2696 4085 2880 4139 λοιπὸν
2910 4082 3020 4136 τῶν
3071 4077 3470 4150 ἡμαρτηκότων
3494 4112 3509 4133 ,
3550 4072 3663 4125 ἀλλ’
3698 4069 3925 4160 εὔελπις
3966 4062 4033 4139 ᾗ,

2441 4159 2521 4245 die
2547 4181 2639 4235 τοῦ
2699 4181 2915 4232 πάντων
2955 4170 3413 4243 ἁμαρτωλοτέρου
3464 4163 3677 4219 Παύλου
3728 4159 4032 4220 σωθέντος.

2444 4275 2694 4327 Δείκνυσι
2717 4270 2774 4323 δὲ
2800 4270 2888 4323 διὰ
2908 4267 3100 4319 τούτου
3128 4262 3247 4315 οὐδὲ
3276 4261 3426 4326 ἄξιον
3456 4258 3586 4310 ὄντα
3614 4254 4037 4322 συγχωρήσεως

2447 4364 2661 4427 ἐαυτδν,
2700 4362 2836 4416 ἀλλὰ
2889 4358 2978 4411 διὰ
3034 4360 3128 4424 τὴν
3183 4353 3291 4405 τῶν
3342 4351 3545 4419 ἐτέρων
3593 4344 3869 4413 σωτηρίαν
3924 4344 4039 4407 τῆς

777 4444 879 4498 Per
913 4446 1013 4498 hoc
1048 4460 1177 4499 vero
1206 4447 1444 4499 ostendit
1481 4448 1719 4516 seipsum
1751 4464 1860 4502 non
1913 4447 2085 4502 fuisse
2115 4450 2319 4517 dignun

2418 4449 2855 4524 ‘cptlavepmnia;
2908 4444 3311 4500 ἀπολαύσαντα.
3352 4439 3467 4491 Οὐκ
3503 4432 3624 4487 εἷπε
3674 4434 3751 4498 δέ,
3789 4432 3911 4524 Ἵνα
3974 4435 4038 4483 ἐν

778 4538 1198 4600 eondonalione,
1246 4546 1505 4591 caeterum
1563 4548 1783 4607 propter
1830 4540 2059 4592 aliorum
2106 4541 2337 4593 salutent

780 4643 838 4681 se
873 4629 1221 4683 clementiam
1266 4628 1357 4683 Dei
1419 4640 1773 4685 consecutum
1831 4646 1972 4685 esse.
2032 4628 2150 4684 Non
2207 4631 2344 4684 dixit

782 4730 986 4782 autem,
1020 4728 1079 4773 ut
1125 4721 1180 4773 in
1233 4736 1319 4775 me
1371 4723 1628 4776 ostendat
1678 4722 2162 4792 longanimitatem,
2225 4720 2341 4784 sed,

784 4826 1024 4876 omnem;
1054 4812 1283 4881 perinde
1309 4814 1465 4882 quasi
1494 4814 1639 4869 dicat
1671 4830 1684 4868 :
1723 4814 1859 4867 Cum
1898 4814 1952 4869 in
2011 4816 2339 4868 immensum

792 4916 1127 4970 peccassem.
1146 4906 1293 4959 omni
1318 4905 1691 4961 misericordia
1711 4906 2040 4974 indigebam,
2059 4906 2344 4960 universa-

788 5008 893 5060 que
919 4992 1039 5061 ejus
1065 4994 1373 5059 clcmentia,
1401 5009 1507 5049 non
1539 5004 1691 5064 parte
1714 4994 1834 5063 ejus
1865 4994 2068 5063 aliqua,
2106 5000 2164 5045 ut
2195 4992 2229 5045 ii
2254 4992 2347 5060 qui

790 5100 856 5138 ex
887 5093 1042 5153 parte
1073 5096 1386 5155 peccatores
1432 5093 1580 5140 sunt.
1634 5084 1716 5138 Ad
1750 5086 2203 5153 informationem.
2259 5083 2350 5135 in-

794 5178 912 5241 quit
944 5193 958 5230 :
989 5176 1091 5231 hoc
1115 5186 1219 5241 est,
1253 5176 1320 5231 ad
1356 5177 1652 5246 exemplar,
1690 5180 1755 5230 ad
1810 5176 2242 5230 consolationem
2298 5184 2353 5227 et

796 5264 1232 5318 adhortationem
1258 5266 1499 5319 omnium
1523 5267 1613 5335 qui
1654 5265 1876 5319 credere
1907 5265 2096 5319 velint.

869 5354 1031 5411 Vens.
1057 5356 1141 5410 i7.
1173 5355 1298 5427 Regi
1322 5369 1491 5411 autem
1509 5357 1845 5419 strculorum,
1886 5353 2198 5416 immortali,
2224 5353 2355 5405 inei-

2452 4520 2573 4615 ἐμο“ι
2605 4520 2900 4607 ἐνδείξηται
2930 4536 3029 4605 τὴν
3062 4530 3471 4603 μακροθυμίαν,
3494 4524 3650 4586 ἀλλὰ,
3668 4525 3766 4615 την
3790 4520 4034 4615 πᾶσαν,

2450 4612 2523 4699 ὧς
2558 4636 2622 4689 ἂν
2652 4634 2700 4684 εὶ
2731 4630 2889 4682 τοῦτο
2925 4626 3097 4693 λέγων
3118 4640 3131 4654 ο
3167 4623 3405 4690 Ἀπειρα
3436 4612 3776 4685 ἡμαρτηκὼς
3816 4613 4038 4672 παντὸς

2453 4726 2631 4785 ἐλέους
2660 4719 2911 4788 ἐδεόμην,
2934 4716 3028 4767 καὶ
3049 4711 3228 4779 πάσης
3260 4706 3426 4762 αὐτοῦ
3457 4707 3555 4772 τῆς
3587 4701 4037 4771 φιλανθρωπίας,

2448 4823 2509 4875 ού
2561 4816 2817 4889 μερικῆς,
2852 4812 2926 4873 ὡς
2970 4812 3018 4862 οἱ
3064 4810 3126 4860 ἐκ
3182 4806 3379 4873 μέρους
3429 4797 3745 4871 ἁμαρτωλοί
3770 4796 3834 4848 ⁸⁸.
3872 4796 4042 4889 Πρδς

2453 4887 2864 4965 ὑποτύπωσιν,
2889 4899 3047 4970 φησί·
3073 4895 3341 4959 τουτέστι,
3374 4893 3512 4962 πρὸς
3540 4889 3865 4956 ὑπόδειγμα,
3894 4887 4043 4954 πρὸς

2458 4994 2822 5065 παράκλησιν,
2855 4988 2991 5059 πρὸς
3022 4984 3338 5056 προτροπὴν
3366 4982 3409 5012 δ’
3452 4979 3671 5032 πάντων
3710 4976 3819 5029 τῶν
3844 4973 4042 5027 θελόν-

2460 5106 2568 5141 των
2596 5082 2891 5137 πιστεύειν.

2541 5344 2624 5411 Τῷ
2666 5342 2734 5397 δὲ
2754 5340 3008 5408 ,βασιλεῖ
3044 5338 3161 5394 τῶν
3190 5335 3420 5391 αίώνων
3456 5331 3752 5402 ἀφθάρτῳ,
3780 5329 4040 5396 ἁδρὰ-ῳ,

872 5498 1092 5554 ⁸³.Ιοιιιι.
1132 5514 1242 5565 xw,
1288 5500 1373 5554 15.
1450 5501 1494 5530 ¹δ
1534 5498 1768 5569 Philipp.
1803 5513 1886 5563 ιιι,
1918 5496 1976 5550 6.
2054 5497 2096 5528 ¹⁸
2130 5495 2172 5548 ιι
2212 5495 2340 5547 Cor.
2370 5510 2451 5555 ιιι,
2483 5491 2570 5544 10.

2152 5609 2351 5672 Varia;
2388 5591 2718 5668 lectiones.

875 5738 921 5778 “
949 5743 1118 5816 αὐτὴν
1143 5757 1197 5801 o.
1273 5744 1315 5777 ”
1344 5742 1517 5799 ῑνεστι
1551 5758 1604 5800 o.
1682 5742 1727 5775 “
1752 5737 2165 5811 ἁμαρτάνοντες
2188 5748 2242 5788 o.

2418 5723 2680 5799 τροκοπὴν
2714 5737 2767 5777 0.
