  <div class='ocr_page' id='page_1' title='image "/cluster/home/n/w/nwhite01/storage/ocr_20150623/125/nnc1.0046979794/028.png"; bbox 0 0 4150 6440; ppageno 0'>
   <div class='ocr_carea' id='block_1_1' title="bbox 159 449 3373 536">
    <p class='ocr_par' dir='ltr' id='par_1_1' title="bbox 159 449 3373 536">
     <span class='ocr_line' id='line_1_1' title="bbox 159 449 3373 536; baseline -0.01 -1"><span class='ocrx_word' id='word_1_1' title='bbox 159 471 210 536; x_wconf 73' lang='grc' dir='ltr'>Η</span> <span class='ocrx_word' id='word_1_2' title='bbox 836 460 1240 524; x_wconf 78' lang='lat' dir='ltr'><strong>EXPOSITIO</strong></span> <span class='ocrx_word' id='word_1_3' title='bbox 1277 457 1352 517; x_wconf 82' lang='grc' dir='ltr'>ΙΝ</span> <span class='ocrx_word' id='word_1_4' title='bbox 1409 454 1641 514; x_wconf 71' lang='lat' dir='ltr'><strong>El‘lS’l‘.</strong></span> <span class='ocrx_word' id='word_1_5' title='bbox 1689 454 1704 509; x_wconf 91' lang='lat' dir='ltr'><strong>l</strong></span> <span class='ocrx_word' id='word_1_6' title='bbox 1743 453 1841 510; x_wconf 71' lang='lat' dir='ltr'><strong>AD</strong></span> <span class='ocrx_word' id='word_1_7' title='bbox 1880 449 2194 509; x_wconf 76' lang='grc' dir='ltr'><strong>ΤΙΜΟΤΗ.</strong></span> <span class='ocrx_word' id='word_1_8' title='bbox 2230 468 2298 484; x_wconf 81' lang='grc'><strong>-’</strong></span> <span class='ocrx_word' id='word_1_9' title='bbox 2333 450 2490 509; x_wconf 73' lang='lat' dir='ltr'><strong>CAP.</strong></span> <span class='ocrx_word' id='word_1_10' title='bbox 2531 451 2645 511; x_wconf 84' lang='lat' dir='ltr'><strong>Ill.</strong></span> <span class='ocrx_word' id='word_1_11' title='bbox 3302 453 3373 518; x_wconf 66' lang='lat'><strong>42</strong></span> 
     </span>
    </p>
   </div>
   <div class='ocr_carea' id='block_1_2' title="bbox 155 556 1708 644">
    <p class='ocr_par' dir='ltr' id='par_1_2' title="bbox 155 562 1696 644">
     <span class='ocr_line' id='line_1_2' title="bbox 155 562 1696 644; baseline -0.012 -14"><span class='ocrx_word' id='word_1_12' title='bbox 155 579 306 642; x_wconf 73' lang='grc' dir='ltr'><strong>ὶῶς⁹⁶</strong></span> <span class='ocrx_word' id='word_1_13' title='bbox 331 573 640 644; x_wconf 50' lang='grc' dir='ltr'>ἀναθρέᾥῃ,</span> <span class='ocrx_word' id='word_1_14' title='bbox 699 571 796 624; x_wconf 67' lang='grc' dir='ltr'>οὐκ</span> <span class='ocrx_word' id='word_1_15' title='bbox 824 571 970 631; x_wconf 72' lang='grc' dir='ltr'>εἰκὸς</span> <span class='ocrx_word' id='word_1_16' title='bbox 997 566 1157 621; x_wconf 81' lang='grc' dir='ltr'>τοῦτο</span> <span class='ocrx_word' id='word_1_17' title='bbox 1196 565 1470 634; x_wconf 76' lang='grc' dir='ltr'>γενέσθαι.</span> <span class='ocrx_word' id='word_1_18' title='bbox 1500 562 1696 629; x_wconf 75' lang='grc' dir='ltr'>Ὅμως</span> 
     </span>
    </p>
   </div>
   <div class='ocr_carea' id='block_1_3' title="bbox 1811 556 3369 644">
    <p class='ocr_par' dir='ltr' id='par_1_3' title="bbox 1811 556 3369 617">
     <span class='ocr_line' id='line_1_3' title="bbox 1811 556 3369 617; baseline 0.004 -7"><span class='ocrx_word' id='word_1_19' title='bbox 1811 566 1954 611; x_wconf 88' lang='lat' dir='ltr'><strong>recte</strong></span> <span class='ocrx_word' id='word_1_20' title='bbox 1975 556 2329 611; x_wconf 79' lang='lat' dir='ltr'><strong>educaverit?</strong></span> <span class='ocrx_word' id='word_1_21' title='bbox 2363 558 2514 611; x_wconf 87' lang='lat' dir='ltr'><strong>Ilaud</strong></span> <span class='ocrx_word' id='word_1_22' title='bbox 2536 558 2833 615; x_wconf 79' lang='lat' dir='ltr'><strong>verisimile</strong></span> <span class='ocrx_word' id='word_1_23' title='bbox 2858 569 2935 615; x_wconf 86' lang='lat' dir='ltr'><strong>est</strong></span> <span class='ocrx_word' id='word_1_24' title='bbox 2953 570 3011 614; x_wconf 90' lang='lat' dir='ltr'><strong>ut</strong></span> <span class='ocrx_word' id='word_1_25' title='bbox 3041 561 3141 616; x_wconf 87' lang='lat' dir='ltr'><strong>hoc</strong></span> <span class='ocrx_word' id='word_1_26' title='bbox 3168 562 3328 616; x_wconf 81' lang='lat' dir='ltr'><strong>faciat</strong></span> <span class='ocrx_word' id='word_1_27' title='bbox 3356 582 3369 617; x_wconf 90' lang='lat'>:</span> 
     </span>
    </p>
   </div>
   <div class='ocr_carea' id='block_1_4' title="bbox 158 650 1695 745">
    <p class='ocr_par' dir='ltr' id='par_1_4' title="bbox 158 650 1695 745">
     <span class='ocr_line' id='line_1_4' title="bbox 158 650 1695 745; baseline -0.016 -19"><span class='ocrx_word' id='word_1_28' title='bbox 158 677 195 726; x_wconf 84' lang='lat' dir='ltr'><strong>sl</strong></span> <span class='ocrx_word' id='word_1_29' title='bbox 221 669 448 738; x_wconf 77' lang='grc' dir='ltr'>γένηται,</span> <span class='ocrx_word' id='word_1_30' title='bbox 482 664 712 732; x_wconf 73' lang='grc' dir='ltr'>λήψεται</span> <span class='ocrx_word' id='word_1_31' title='bbox 759 662 950 728; x_wconf 75' lang='grc' dir='ltr'>μισθὸν</span> <span class='ocrx_word' id='word_1_32' title='bbox 991 659 1087 712; x_wconf 75' lang='grc' dir='ltr'><strong>καὶ</strong></span> <span class='ocrx_word' id='word_1_33' title='bbox 1126 658 1263 727; x_wconf 80' lang='grc' dir='ltr'>ὑπὲρ</span> <span class='ocrx_word' id='word_1_34' title='bbox 1291 655 1518 745; x_wconf 59' lang='grc' dir='ltr'>τουτων,</span> <span class='ocrx_word' id='word_1_35' title='bbox 1546 651 1610 745; x_wconf 38' lang='grc' dir='ltr'><strong>Ἰζί</strong></span> <span class='ocrx_word' id='word_1_36' title='bbox 1641 650 1695 702; x_wconf 83' lang='grc' dir='ltr'>δὲ</span> 
     </span>
    </p>
   </div>
   <div class='ocr_carea' id='block_1_5' title="bbox 157 741 1692 826">
    <p class='ocr_par' dir='ltr' id='par_1_5' title="bbox 157 741 1692 826">
     <span class='ocr_line' id='line_1_5' title="bbox 157 741 1692 826; baseline -0.015 -12"><span class='ocrx_word' id='word_1_37' title='bbox 157 763 235 815; x_wconf 73' lang='grc' dir='ltr'>ἐὰν</span> <span class='ocrx_word' id='word_1_38' title='bbox 262 759 392 826; x_wconf 80' lang='grc' dir='ltr'>καλὴ</span> <span class='ocrx_word' id='word_1_39' title='bbox 424 751 560 809; x_wconf 80' lang='grc' dir='ltr'>οὖσα</span> <span class='ocrx_word' id='word_1_40' title='bbox 605 751 787 813; x_wconf 82' lang='grc' dir='ltr'>κακῶς</span> <span class='ocrx_word' id='word_1_41' title='bbox 814 753 857 782; x_wconf 79' lang='grc'><strong>’⁷</strong></span> <span class='ocrx_word' id='word_1_42' title='bbox 894 749 1097 820; x_wconf 73' lang='grc' dir='ltr'>ὰνὰξῃς</span> <span class='ocrx_word' id='word_1_43' title='bbox 1159 749 1206 800; x_wconf 76' lang='grc' dir='ltr'>εἰ</span> <span class='ocrx_word' id='word_1_44' title='bbox 1259 741 1692 816; x_wconf 67' lang='grc' dir='ltr'>μέν’ἀμελοῦσα,</span> 
     </span>
    </p>
   </div>
   <div class='ocr_carea' id='block_1_6' title="bbox 156 833 1696 918">
    <p class='ocr_par' dir='ltr' id='par_1_6' title="bbox 156 833 1696 918">
     <span class='ocr_line' id='line_1_6' title="bbox 156 833 1696 918; baseline -0.014 -16"><span class='ocrx_word' id='word_1_45' title='bbox 156 851 231 902; x_wconf 77' lang='grc' dir='ltr'>καὶ</span> <span class='ocrx_word' id='word_1_46' title='bbox 277 845 607 918; x_wconf 73' lang='grc' dir='ltr'><strong>χαριζομένη</strong></span> <span class='ocrx_word' id='word_1_47' title='bbox 667 843 872 904; x_wconf 80' lang='grc' dir='ltr'>αὐτοῖς,</span> <span class='ocrx_word' id='word_1_48' title='bbox 896 839 1145 892; x_wconf 80' lang='grc' dir='ltr'>πείσεται</span> <span class='ocrx_word' id='word_1_49' title='bbox 1175 836 1236 888; x_wconf 84' lang='grc' dir='ltr'><strong>τὸ</strong></span> <span class='ocrx_word' id='word_1_50' title='bbox 1289 835 1382 887; x_wconf 85' lang='grc' dir='ltr'>τοῦ</span> <span class='ocrx_word' id='word_1_51' title='bbox 1431 833 1610 884; x_wconf 81' lang='grc' dir='ltr'>Ἡλεί·</span> <span class='ocrx_word' id='word_1_52' title='bbox 1650 833 1696 882; x_wconf 85' lang='grc' dir='ltr'>εἰ</span> 
     </span>
    </p>
   </div>
   <div class='ocr_carea' id='block_1_7' title="bbox 127 921 1698 1000">
    <p class='ocr_par' dir='ltr' id='par_1_7' title="bbox 127 921 1698 1000">
     <span class='ocr_line' id='line_1_7' title="bbox 127 921 1698 1000; baseline -0.021 -6"><span class='ocrx_word' id='word_1_53' title='bbox 127 931 198 993; x_wconf 64' lang='grc' dir='ltr'>’δὲ</span> <span class='ocrx_word' id='word_1_54' title='bbox 222 939 382 992; x_wconf 80' lang='grc' dir='ltr'>πάντα</span> <span class='ocrx_word' id='word_1_55' title='bbox 407 934 640 988; x_wconf 83' lang='grc' dir='ltr'>ποιοῦσα</span> <span class='ocrx_word' id='word_1_56' title='bbox 672 933 764 985; x_wconf 75' lang='grc' dir='ltr'><strong>καὶ</strong></span> <span class='ocrx_word' id='word_1_57' title='bbox 787 929 1212 1000; x_wconf 77' lang='grc' dir='ltr'>ἐπιμελουμένη,</span> <span class='ocrx_word' id='word_1_58' title='bbox 1244 929 1390 996; x_wconf 73' lang='grc' dir='ltr'>ὅμως</span> <span class='ocrx_word' id='word_1_59' title='bbox 1419 925 1518 977; x_wconf 75' lang='grc' dir='ltr'><strong>οὐκ</strong></span> <span class='ocrx_word' id='word_1_60' title='bbox 1547 921 1698 991; x_wconf 71' lang='grc' dir='ltr'><strong>ισχύ-</strong></span> 
     </span>
    </p>
   </div>
   <div class='ocr_carea' id='block_1_8' title="bbox 155 1015 1699 1099">
    <p class='ocr_par' dir='ltr' id='par_1_8' title="bbox 155 1015 1699 1099">
     <span class='ocr_line' id='line_1_8' title="bbox 155 1015 1699 1099; baseline -0.012 -17"><span class='ocrx_word' id='word_1_61' title='bbox 155 1032 275 1085; x_wconf 72' lang='lat' dir='ltr'><strong>ost“</strong></span> <span class='ocrx_word' id='word_1_62' title='bbox 300 1028 610 1099; x_wconf 80' lang='grc' dir='ltr'>βελτιῶσαι,</span> <span class='ocrx_word' id='word_1_63' title='bbox 643 1027 781 1094; x_wconf 83' lang='grc' dir='ltr'>ὅπερ</span> <span class='ocrx_word' id='word_1_64' title='bbox 815 1022 1111 1082; x_wconf 81' lang='grc' dir='ltr'><strong>σπανιάκις</strong></span> <span class='ocrx_word' id='word_1_65' title='bbox 1173 1020 1237 1072; x_wconf 83' lang='grc' dir='ltr'><strong>ἂν</strong></span> <span class='ocrx_word' id='word_1_66' title='bbox 1280 1017 1510 1086; x_wconf 82' lang='grc' dir='ltr'>γένοιτο,</span> <span class='ocrx_word' id='word_1_67' title='bbox 1549 1015 1699 1082; x_wconf 83' lang='grc' dir='ltr'>ὅμως</span> 
     </span>
    </p>
   </div>
   <div class='ocr_carea' id='block_1_9' title="bbox 154 1109 1699 1193">
    <p class='ocr_par' dir='ltr' id='par_1_9' title="bbox 154 1109 1699 1193">
     <span class='ocr_line' id='line_1_9' title="bbox 154 1109 1699 1193; baseline -0.012 -16"><span class='ocrx_word' id='word_1_68' title='bbox 154 1127 269 1193; x_wconf 73' lang='grc' dir='ltr'>αὕτη</span> <span class='ocrx_word' id='word_1_69' title='bbox 299 1123 402 1176; x_wconf 82' lang='grc' dir='ltr'><strong>τῶν</strong></span> <span class='ocrx_word' id='word_1_70' title='bbox 427 1121 668 1190; x_wconf 78' lang='grc' dir='ltr'><strong>ἱδρώτων</strong></span> <span class='ocrx_word' id='word_1_71' title='bbox 715 1118 844 1181; x_wconf 77' lang='grc' dir='ltr'>τοὺς</span> <span class='ocrx_word' id='word_1_72' title='bbox 893 1117 1117 1187; x_wconf 81' lang='grc' dir='ltr'>μισθοὺς</span> <span class='ocrx_word' id='word_1_73' title='bbox 1150 1113 1402 1183; x_wconf 76' lang='grc' dir='ltr'>λήψεται,</span> <span class='ocrx_word' id='word_1_74' title='bbox 1439 1110 1561 1162; x_wconf 75' lang='grc' dir='ltr'>ἐπεὶ</span> <span class='ocrx_word' id='word_1_75' title='bbox 1605 1109 1699 1160; x_wconf 74' lang='grc' dir='ltr'><strong>καὶ</strong></span> 
     </span>
    </p>
   </div>
   <div class='ocr_carea' id='block_1_10' title="bbox 151 1201 1696 1276">
    <p class='ocr_par' dir='ltr' id='par_1_10' title="bbox 151 1201 1696 1276">
     <span class='ocr_line' id='line_1_10' title="bbox 151 1201 1696 1276; baseline -0.011 -8"><span class='ocrx_word' id='word_1_76' title='bbox 151 1220 174 1268; x_wconf 81' lang='grc' dir='ltr'>ὁ</span> <span class='ocrx_word' id='word_1_77' title='bbox 205 1217 313 1276; x_wconf 56' lang='grc' dir='ltr'><strong>Υἱὸς</strong></span> <span class='ocrx_word' id='word_1_78' title='bbox 345 1213 440 1266; x_wconf 83' lang='grc' dir='ltr'>τοῦ</span> <span class='ocrx_word' id='word_1_79' title='bbox 470 1211 606 1263; x_wconf 76' lang='grc' dir='ltr'>Θεοῦ</span> <span class='ocrx_word' id='word_1_80' title='bbox 634 1209 813 1262; x_wconf 81' lang='grc' dir='ltr'>πάντα</span> <span class='ocrx_word' id='word_1_81' title='bbox 847 1208 1018 1260; x_wconf 83' lang='grc' dir='ltr'>ποιῶν</span> <span class='ocrx_word' id='word_1_82' title='bbox 1048 1207 1142 1260; x_wconf 77' lang='grc' dir='ltr'>καὶ</span> <span class='ocrx_word' id='word_1_83' title='bbox 1182 1205 1378 1271; x_wconf 83' lang='grc' dir='ltr'>λέγων,</span> <span class='ocrx_word' id='word_1_84' title='bbox 1409 1204 1560 1271; x_wconf 83' lang='grc' dir='ltr'>ὅμως</span> <span class='ocrx_word' id='word_1_85' title='bbox 1583 1201 1696 1252; x_wconf 77' lang='grc' dir='ltr'>ὀλί-</span> 
     </span>
    </p>
   </div>
   <div class='ocr_carea' id='block_1_11' title="bbox 153 1299 950 1373">
    <p class='ocr_par' dir='ltr' id='par_1_11' title="bbox 153 1299 950 1373">
     <span class='ocr_line' id='line_1_11' title="bbox 153 1299 950 1373; baseline -0.01 -15"><span class='ocrx_word' id='word_1_86' title='bbox 153 1324 259 1373; x_wconf 79' lang='grc' dir='ltr'>γους</span> <span class='ocrx_word' id='word_1_87' title='bbox 278 1301 383 1373; x_wconf 79' lang='grc' dir='ltr'>εἶχε</span> <span class='ocrx_word' id='word_1_88' title='bbox 413 1303 545 1365; x_wconf 80' lang='grc' dir='ltr'>τοὺς</span> <span class='ocrx_word' id='word_1_89' title='bbox 573 1299 950 1369; x_wconf 78' lang='grc' dir='ltr'><strong>πειθομένους.</strong></span> 
     </span>
    </p>
   </div>
   <div class='ocr_carea' id='block_1_12' title="bbox 728 1561 1095 1618">
    <p class='ocr_par' dir='ltr' id='par_1_12' title="bbox 728 1561 1095 1618">
     <span class='ocr_line' id='line_1_12' title="bbox 728 1561 1095 1618; baseline 0.003 -3"><span class='ocrx_word' id='word_1_90' title='bbox 728 1565 980 1618; x_wconf 75' lang='grc' dir='ltr'><strong>ΚΕΦΛΛ.</strong></span> <span class='ocrx_word' id='word_1_91' title='bbox 1022 1561 1095 1616; x_wconf 70' lang='grc' dir='ltr'>Γ.</span> 
     </span>
    </p>
   </div>
   <div class='ocr_carea' id='block_1_13' title="bbox 209 1648 1697 1724">
    <p class='ocr_par' dir='ltr' id='par_1_13' title="bbox 209 1648 1697 1724">
     <span class='ocr_line' id='line_1_13' title="bbox 209 1648 1697 1724; baseline -0.005 -15"><span class='ocrx_word' id='word_1_92' title='bbox 209 1657 411 1722; x_wconf 83' lang='grc' dir='ltr'>Πιστὸς</span> <span class='ocrx_word' id='word_1_93' title='bbox 439 1656 689 1724; x_wconf 49' lang='lat' dir='ltr'><strong>cudi-oc.</strong></span> <span class='ocrx_word' id='word_1_94' title='bbox 733 1654 950 1724; x_wconf 83' lang='grc' dir='ltr'><strong>Ἐπειδὴ</strong></span> <span class='ocrx_word' id='word_1_95' title='bbox 970 1652 1272 1722; x_wconf 75' lang='grc' dir='ltr'>ἀμφίϐολον</span> <span class='ocrx_word' id='word_1_96' title='bbox 1310 1648 1397 1722; x_wconf 77' lang='grc' dir='ltr'>ἧν,</span> <span class='ocrx_word' id='word_1_97' title='bbox 1432 1654 1517 1705; x_wconf 84' lang='grc' dir='ltr'>ὅτι</span> <span class='ocrx_word' id='word_1_98' title='bbox 1538 1651 1697 1718; x_wconf 79' lang='grc' dir='ltr'>δυνή-</span> 
     </span>
    </p>
   </div>
   <div class='ocr_carea' id='block_1_14' title="bbox 153 1744 1695 1817">
    <p class='ocr_par' dir='ltr' id='par_1_14' title="bbox 153 1744 1695 1817">
     <span class='ocr_line' id='line_1_14' title="bbox 153 1744 1695 1817; baseline -0.002 -20"><span class='ocrx_word' id='word_1_99' title='bbox 153 1765 306 1800; x_wconf 74' lang='grc' dir='ltr'>σονται</span> <span class='ocrx_word' id='word_1_100' title='bbox 337 1748 392 1798; x_wconf 85' lang='grc' dir='ltr'>αἱ</span> <span class='ocrx_word' id='word_1_101' title='bbox 424 1749 658 1817; x_wconf 72' lang='grc' dir='ltr'>μητέρες</span> <span class='ocrx_word' id='word_1_102' title='bbox 677 1745 967 1803; x_wconf 72' lang='grc' dir='ltr'>ἀπολαύειν</span> <span class='ocrx_word' id='word_1_103' title='bbox 983 1746 1081 1815; x_wconf 84' lang='grc' dir='ltr'><strong>τῆς</strong></span> <span class='ocrx_word' id='word_1_104' title='bbox 1109 1745 1217 1798; x_wconf 71' lang='grc' dir='ltr'>τῶν</span> <span class='ocrx_word' id='word_1_105' title='bbox 1242 1746 1450 1798; x_wconf 87' lang='grc' dir='ltr'>τέκνων</span> <span class='ocrx_word' id='word_1_106' title='bbox 1471 1744 1695 1814; x_wconf 79' lang='grc' dir='ltr'>ἀρετῆς,</span> 
     </span>
    </p>
   </div>
   <div class='ocr_carea' id='block_1_15' title="bbox 152 1835 1696 1908">
    <p class='ocr_par' dir='ltr' id='par_1_15' title="bbox 152 1835 1696 1908">
     <span class='ocr_line' id='line_1_15' title="bbox 152 1835 1696 1908; baseline -0.001 -17"><span class='ocrx_word' id='word_1_107' title='bbox 152 1841 309 1908; x_wconf 62' lang='grc' dir='ltr'>φησιν,</span> <span class='ocrx_word' id='word_1_108' title='bbox 343 1841 425 1890; x_wconf 74' lang='grc' dir='ltr'>ὅτι</span> <span class='ocrx_word' id='word_1_109' title='bbox 458 1839 678 1904; x_wconf 84' lang='grc' dir='ltr'>Πιστὸς</span> <span class='ocrx_word' id='word_1_110' title='bbox 702 1841 734 1890; x_wconf 83' lang='grc' dir='ltr'><em>ὁ</em></span> <span class='ocrx_word' id='word_1_111' title='bbox 757 1839 959 1907; x_wconf 71' lang='grc' dir='ltr'>λόγος,</span> <span class='ocrx_word' id='word_1_112' title='bbox 990 1837 1051 1889; x_wconf 79' lang='grc' dir='ltr'><strong>οὐ</strong></span> <span class='ocrx_word' id='word_1_113' title='bbox 1076 1836 1264 1904; x_wconf 76' lang='grc' dir='ltr'>ψευδές</span> <span class='ocrx_word' id='word_1_114' title='bbox 1283 1837 1398 1888; x_wconf 89' lang='grc' dir='ltr'>ἐστι</span> <span class='ocrx_word' id='word_1_115' title='bbox 1426 1836 1487 1887; x_wconf 81' lang='grc' dir='ltr'>τὸ</span> <span class='ocrx_word' id='word_1_116' title='bbox 1513 1835 1696 1905; x_wconf 68' lang='grc' dir='ltr'>ῥηθὲν.</span> 
     </span>
    </p>
   </div>
   <div class='ocr_carea' id='block_1_16' title="bbox 155 1928 928 1997">
    <p class='ocr_par' dir='ltr' id='par_1_16' title="bbox 155 1928 928 1997">
     <span class='ocr_line' id='line_1_16' title="bbox 155 1928 928 1997; baseline 0.004 -18"><span class='ocrx_word' id='word_1_117' title='bbox 155 1929 314 1997; x_wconf 72' lang='grc' dir='ltr'>μηδεὶς</span> <span class='ocrx_word' id='word_1_118' title='bbox 349 1928 671 1992; x_wconf 78' lang='grc' dir='ltr'>δισταζέτω.</span> <span class='ocrx_word' id='word_1_119' title='bbox 918 1928 928 1942; x_wconf 90' lang='grc'><em>’</em></span> 
     </span>
    </p>
   </div>
   <div class='ocr_carea' id='block_1_17' title="bbox 210 2019 1700 2089">
    <p class='ocr_par' dir='ltr' id='par_1_17' title="bbox 210 2019 1700 2089">
     <span class='ocr_line' id='line_1_17' title="bbox 210 2019 1700 2089; baseline -0.003 -14"><span class='ocrx_word' id='word_1_120' title='bbox 210 2027 269 2076; x_wconf 77' lang='lat' dir='ltr'><strong>Ei</strong></span> <span class='ocrx_word' id='word_1_121' title='bbox 297 2040 376 2087; x_wconf 77' lang='grc' dir='ltr'><strong>τις</strong></span> <span class='ocrx_word' id='word_1_122' title='bbox 411 2019 756 2089; x_wconf 78' lang='grc' dir='ltr'>ἐπισκοπῆς</span> <span class='ocrx_word' id='word_1_123' title='bbox 801 2019 1086 2088; x_wconf 67' lang='grc' dir='ltr'>ὀρέγεται,</span> <span class='ocrx_word' id='word_1_124' title='bbox 1123 2019 1313 2073; x_wconf 74' lang='grc' dir='ltr'>καλθῦ</span> <span class='ocrx_word' id='word_1_125' title='bbox 1358 2020 1536 2089; x_wconf 75' lang='grc' dir='ltr'>ἔργου</span> <span class='ocrx_word' id='word_1_126' title='bbox 1575 2019 1700 2072; x_wconf 84' lang='grc' dir='ltr'>ἑπι-</span> 
     </span>
    </p>
   </div>
   <div class='ocr_carea' id='block_1_18' title="bbox 152 2109 1698 2183">
    <p class='ocr_par' dir='ltr' id='par_1_18' title="bbox 152 2109 1698 2183">
     <span class='ocr_line' id='line_1_18' title="bbox 152 2109 1698 2183; baseline -0.003 -17"><span class='ocrx_word' id='word_1_127' title='bbox 152 2115 316 2182; x_wconf 82' lang='grc' dir='ltr'>ουμεῐ.</span> <span class='ocrx_word' id='word_1_128' title='bbox 359 2115 449 2166; x_wconf 81' lang='grc' dir='ltr'>Ἐν</span> <span class='ocrx_word' id='word_1_129' title='bbox 480 2109 559 2176; x_wconf 74' lang='grc' dir='ltr'><strong>οἷς</strong></span> <span class='ocrx_word' id='word_1_130' title='bbox 578 2113 830 2183; x_wconf 80' lang='grc' dir='ltr'><strong>Τιμοθέῳ</strong></span> <span class='ocrx_word' id='word_1_131' title='bbox 871 2111 1115 2182; x_wconf 70' lang='grc' dir='ltr'>περὶτοῦ</span> <span class='ocrx_word' id='word_1_132' title='bbox 1147 2112 1446 2164; x_wconf 76' lang='grc' dir='ltr'>ἐπισκόπου</span> <span class='ocrx_word' id='word_1_133' title='bbox 1479 2111 1698 2163; x_wconf 74' lang='grc' dir='ltr'>διατάτ-</span> 
     </span>
    </p>
   </div>
   <div class='ocr_carea' id='block_1_19' title="bbox 152 2198 1698 2270">
    <p class='ocr_par' dir='ltr' id='par_1_19' title="bbox 152 2198 1698 2270">
     <span class='ocr_line' id='line_1_19' title="bbox 152 2198 1698 2270; baseline -0.005 -15"><span class='ocrx_word' id='word_1_134' title='bbox 152 2220 297 2266; x_wconf 83' lang='grc' dir='ltr'>τεται,</span> <span class='ocrx_word' id='word_1_135' title='bbox 350 2205 489 2256; x_wconf 77' lang='grc' dir='ltr'>πᾶσι</span> <span class='ocrx_word' id='word_1_136' title='bbox 534 2204 648 2263; x_wconf 87' lang='grc' dir='ltr'>τοῖς</span> <span class='ocrx_word' id='word_1_137' title='bbox 676 2203 734 2253; x_wconf 83' lang='grc' dir='ltr'>ὲν</span> <span class='ocrx_word' id='word_1_138' title='bbox 753 2204 819 2268; x_wconf 80' lang='grc' dir='ltr'>τῇ</span> <span class='ocrx_word' id='word_1_139' title='bbox 848 2201 1141 2270; x_wconf 76' lang='grc' dir='ltr'>οἰκουμένῃ</span> <span class='ocrx_word' id='word_1_140' title='bbox 1168 2199 1495 2266; x_wconf 76' lang='grc' dir='ltr'><strong>διαλέγεται.</strong></span> <span class='ocrx_word' id='word_1_141' title='bbox 1515 2198 1578 2249; x_wconf 78' lang='grc' dir='ltr'><strong>Εἴ</strong></span> <span class='ocrx_word' id='word_1_142' title='bbox 1597 2215 1698 2262; x_wconf 84' lang='grc' dir='ltr'>τις,</span> 
     </span>
    </p>
   </div>
   <div class='ocr_carea' id='block_1_20' title="bbox 154 2289 1700 2364">
    <p class='ocr_par' dir='ltr' id='par_1_20' title="bbox 154 2289 1700 2364">
     <span class='ocr_line' id='line_1_20' title="bbox 154 2289 1700 2364; baseline -0.003 -19"><span class='ocrx_word' id='word_1_143' title='bbox 154 2295 315 2362; x_wconf 58' lang='lat' dir='ltr'><strong>metu,</strong></span> <span class='ocrx_word' id='word_1_144' title='bbox 345 2294 599 2364; x_wconf 78' lang='grc' dir='ltr'><strong>ὀρέγεται</strong></span> <span class='ocrx_word' id='word_1_145' title='bbox 630 2293 729 2361; x_wconf 77' lang='grc' dir='ltr'><strong>τῆς</strong></span> <span class='ocrx_word' id='word_1_146' title='bbox 763 2291 1119 2361; x_wconf 75' lang='grc' dir='ltr'>προστασίας,</span> <span class='ocrx_word' id='word_1_147' title='bbox 1168 2292 1229 2344; x_wconf 80' lang='grc' dir='ltr'>οὐ</span> <span class='ocrx_word' id='word_1_148' title='bbox 1265 2289 1462 2343; x_wconf 82' lang='grc' dir='ltr'>κωλύω</span> <span class='ocrx_word' id='word_1_149' title='bbox 1483 2305 1495 2318; x_wconf 89' lang='grc'><strong>·</strong></span> <span class='ocrx_word' id='word_1_150' title='bbox 1539 2289 1700 2360; x_wconf 81' lang='grc' dir='ltr'>ἔργου</span> 
     </span>
    </p>
   </div>
   <div class='ocr_carea' id='block_1_21' title="bbox 152 2381 1702 2468">
    <p class='ocr_par' dir='ltr' id='par_1_21' title="bbox 152 2381 1702 2468">
     <span class='ocr_line' id='line_1_21' title="bbox 152 2381 1702 2468; baseline -0.003 -32"><span class='ocrx_word' id='word_1_151' title='bbox 152 2388 241 2455; x_wconf 78' lang='grc' dir='ltr'>γὰρ</span> <span class='ocrx_word' id='word_1_152' title='bbox 264 2385 424 2438; x_wconf 78' lang='grc' dir='ltr'>καλοῦ</span> <span class='ocrx_word' id='word_1_153' title='bbox 452 2383 730 2455; x_wconf 78' lang='grc' dir='ltr'>ὀρέγεται.</span> <span class='ocrx_word' id='word_1_154' title='bbox 779 2383 870 2453; x_wconf 79' lang='grc' dir='ltr'><strong>Μὴ</strong></span> <span class='ocrx_word' id='word_1_155' title='bbox 908 2382 1003 2451; x_wconf 79' lang='grc' dir='ltr'><strong>τῆς</strong></span> <span class='ocrx_word' id='word_1_156' title='bbox 1042 2382 1215 2451; x_wconf 81' lang='grc' dir='ltr'><strong>ἀρχῆς</strong></span> <span class='ocrx_word' id='word_1_157' title='bbox 1245 2381 1339 2433; x_wconf 82' lang='grc' dir='ltr'><strong>καὶ</strong></span> <span class='ocrx_word' id='word_1_158' title='bbox 1370 2381 1468 2452; x_wconf 85' lang='grc' dir='ltr'><strong>τῆς</strong></span> <span class='ocrx_word' id='word_1_159' title='bbox 1510 2381 1702 2468; x_wconf 48' lang='lat' dir='ltr'><strong>«desv-</strong></span> 
     </span>
    </p>
   </div>
   <div class='ocr_carea' id='block_1_22' title="bbox 154 2468 1701 2545">
    <p class='ocr_par' dir='ltr' id='par_1_22' title="bbox 154 2468 1701 2545">
     <span class='ocr_line' id='line_1_22' title="bbox 154 2468 1701 2545; baseline -0.004 -19"><span class='ocrx_word' id='word_1_160' title='bbox 154 2476 254 2538; x_wconf 75' lang='grc' dir='ltr'>τίας</span> <span class='ocrx_word' id='word_1_161' title='bbox 297 2476 460 2545; x_wconf 74' lang='grc' dir='ltr'>μόνης</span> <span class='ocrx_word' id='word_1_162' title='bbox 519 2472 779 2541; x_wconf 65' lang='grc' dir='ltr'>ἐφιέσθω,</span> <span class='ocrx_word' id='word_1_163' title='bbox 830 2473 953 2524; x_wconf 70' lang='grc' dir='ltr'>ἐπεὶ</span> <span class='ocrx_word' id='word_1_164' title='bbox 1007 2472 1102 2524; x_wconf 77' lang='grc' dir='ltr'>καὶ</span> <span class='ocrx_word' id='word_1_165' title='bbox 1158 2471 1365 2536; x_wconf 78' lang='grc' dir='ltr'>Μωσῆς</span> <span class='ocrx_word' id='word_1_166' title='bbox 1405 2468 1500 2522; x_wconf 77' lang='grc' dir='ltr'>τοῦ</span> <span class='ocrx_word' id='word_1_167' title='bbox 1540 2471 1701 2538; x_wconf 82' lang='grc' dir='ltr'>ἔργου</span> 
     </span>
    </p>
   </div>
   <div class='ocr_carea' id='block_1_23' title="bbox 155 2560 1701 2636">
    <p class='ocr_par' dir='ltr' id='par_1_23' title="bbox 155 2560 1701 2636">
     <span class='ocr_line' id='line_1_23' title="bbox 155 2560 1701 2636; baseline -0.006 -17"><span class='ocrx_word' id='word_1_168' title='bbox 155 2569 413 2636; x_wconf 78' lang='grc' dir='ltr'>ἐπεθύμει,</span> <span class='ocrx_word' id='word_1_169' title='bbox 477 2568 540 2618; x_wconf 79' lang='grc' dir='ltr'><strong>οὐ</strong></span> <span class='ocrx_word' id='word_1_170' title='bbox 590 2569 690 2635; x_wconf 81' lang='grc' dir='ltr'>τῆς</span> <span class='ocrx_word' id='word_1_171' title='bbox 748 2565 1106 2635; x_wconf 77' lang='grc' dir='ltr'>προστασίας.</span> <span class='ocrx_word' id='word_1_172' title='bbox 1156 2563 1405 2633; x_wconf 86' lang='grc' dir='ltr'>Προέστη</span> <span class='ocrx_word' id='word_1_173' title='bbox 1456 2560 1564 2630; x_wconf 81' lang='grc' dir='ltr'><strong>γὰρ</strong></span> <span class='ocrx_word' id='word_1_174' title='bbox 1609 2560 1701 2612; x_wconf 73' lang='grc' dir='ltr'>τοῦ</span> 
     </span>
    </p>
   </div>
   <div class='ocr_carea' id='block_1_24' title="bbox 154 2652 1703 2728">
    <p class='ocr_par' dir='ltr' id='par_1_24' title="bbox 154 2652 1703 2728">
     <span class='ocr_line' id='line_1_24' title="bbox 154 2652 1703 2728; baseline -0.006 -18"><span class='ocrx_word' id='word_1_175' title='bbox 154 2660 510 2728; x_wconf 79' lang='grc' dir='ltr'>ἀδικουμένου,</span> <span class='ocrx_word' id='word_1_176' title='bbox 535 2657 782 2720; x_wconf 80' lang='grc' dir='ltr'>πατάξας</span> <span class='ocrx_word' id='word_1_177' title='bbox 810 2658 900 2708; x_wconf 75' lang='grc' dir='ltr'><strong>τὸν</strong></span> <span class='ocrx_word' id='word_1_178' title='bbox 921 2654 1228 2709; x_wconf 83' lang='grc' dir='ltr'>ἀδικοῦντα.</span> <span class='ocrx_word' id='word_1_179' title='bbox 1266 2653 1568 2721; x_wconf 75' lang='grc' dir='ltr'>Ἐπισκοπὴ</span> <span class='ocrx_word' id='word_1_180' title='bbox 1598 2652 1703 2720; x_wconf 68' lang='grc' dir='ltr'><strong>γὰρ</strong></span> 
     </span>
    </p>
   </div>
   <div class='ocr_carea' id='block_1_25' title="bbox 153 2747 1243 2821">
    <p class='ocr_par' dir='ltr' id='par_1_25' title="bbox 153 2747 1243 2821">
     <span class='ocr_line' id='line_1_25' title="bbox 153 2747 1243 2821; baseline -0.004 -19"><span class='ocrx_word' id='word_1_181' title='bbox 153 2753 361 2821; x_wconf 74' lang='grc' dir='ltr'>εἴρηται,</span> <span class='ocrx_word' id='word_1_182' title='bbox 398 2751 553 2820; x_wconf 70' lang='grc' dir='ltr'>παρὰ</span> <span class='ocrx_word' id='word_1_183' title='bbox 576 2750 637 2801; x_wconf 77' lang='grc' dir='ltr'><strong>τὸ</strong></span> <span class='ocrx_word' id='word_1_184' title='bbox 663 2750 980 2802; x_wconf 71' lang='grc' dir='ltr'>ἐπισκοπεῖν</span> <span class='ocrx_word' id='word_1_185' title='bbox 1014 2747 1243 2808; x_wconf 78' lang='grc' dir='ltr'>πάντας.</span> 
     </span>
    </p>
   </div>
   <div class='ocr_carea' id='block_1_26' title="bbox 211 2831 1701 2902">
    <p class='ocr_par' dir='ltr' id='par_1_26' title="bbox 211 2831 1701 2902">
     <span class='ocr_line' id='line_1_26' title="bbox 211 2831 1701 2902; baseline -0.005 -7"><span class='ocrx_word' id='word_1_186' title='bbox 211 2843 299 2896; x_wconf 80' lang='grc' dir='ltr'>Δεῖ</span> <span class='ocrx_word' id='word_1_187' title='bbox 350 2839 464 2897; x_wconf 82' lang='grc' dir='ltr'><strong>οὖν</strong></span> <span class='ocrx_word' id='word_1_188' title='bbox 514 2843 620 2893; x_wconf 84' lang='grc' dir='ltr'><strong>τὸν</strong></span> <span class='ocrx_word' id='word_1_189' title='bbox 667 2841 1006 2893; x_wconf 76' lang='grc' dir='ltr'>ἐπίσκοπον</span> <span class='ocrx_word' id='word_1_190' title='bbox 1065 2838 1480 2902; x_wconf 76' lang='grc' dir='ltr'>ἀνεπίληπτον</span> <span class='ocrx_word' id='word_1_191' title='bbox 1531 2831 1701 2888; x_wconf 72' lang='grc' dir='ltr'>εἶναι.</span> 
     </span>
    </p>
   </div>
   <div class='ocr_carea' id='block_1_27' title="bbox 155 2927 1703 3001">
    <p class='ocr_par' dir='ltr' id='par_1_27' title="bbox 155 2927 1703 3001">
     <span class='ocr_line' id='line_1_27' title="bbox 155 2927 1703 3001; baseline -0.007 -14"><span class='ocrx_word' id='word_1_192' title='bbox 155 2936 411 2996; x_wconf 80' lang='grc' dir='ltr'>Τουτὲστι,</span> <span class='ocrx_word' id='word_1_193' title='bbox 442 2934 629 2986; x_wconf 78' lang='grc' dir='ltr'>πᾶσαν</span> <span class='ocrx_word' id='word_1_194' title='bbox 657 2932 860 3001; x_wconf 80' lang='grc' dir='ltr'>ἀρετὴν</span> <span class='ocrx_word' id='word_1_195' title='bbox 880 2931 1093 3000; x_wconf 71' lang='grc' dir='ltr'>ἔχοντα,</span> <span class='ocrx_word' id='word_1_196' title='bbox 1129 2930 1206 2991; x_wconf 83' lang='grc' dir='ltr'>ὡς</span> <span class='ocrx_word' id='word_1_197' title='bbox 1239 2930 1374 2998; x_wconf 86' lang='grc' dir='ltr'>μήτε</span> <span class='ocrx_word' id='word_1_198' title='bbox 1398 2927 1588 2988; x_wconf 75' lang='grc' dir='ltr'>ἄλλους</span> <span class='ocrx_word' id='word_1_199' title='bbox 1607 2927 1703 2977; x_wconf 79' lang='grc' dir='ltr'><strong>αὐ-</strong></span> 
     </span>
    </p>
   </div>
   <div class='ocr_carea' id='block_1_28' title="bbox 155 3016 1703 3092">
    <p class='ocr_par' dir='ltr' id='par_1_28' title="bbox 155 3016 1703 3092">
     <span class='ocr_line' id='line_1_28' title="bbox 155 3016 1703 3092; baseline -0.006 -17"><span class='ocrx_word' id='word_1_200' title='bbox 155 3023 251 3086; x_wconf 70' lang='grc' dir='ltr'>τοῦ,</span> <span class='ocrx_word' id='word_1_201' title='bbox 277 3025 407 3092; x_wconf 76' lang='grc' dir='ltr'>μήτε</span> <span class='ocrx_word' id='word_1_202' title='bbox 436 3022 602 3074; x_wconf 73' lang='grc' dir='ltr'>αὐτὸν</span> <span class='ocrx_word' id='word_1_203' title='bbox 635 3020 828 3072; x_wconf 78' lang='grc' dir='ltr'>ἑαυτοῦ</span> <span class='ocrx_word' id='word_1_204' title='bbox 860 3017 1531 3088; x_wconf 75' lang='grc' dir='ltr'>ἐπιλαμϐάνεσθαι.Ὢστε</span> <span class='ocrx_word' id='word_1_205' title='bbox 1557 3016 1703 3074; x_wconf 80' lang='grc' dir='ltr'>εἴτις</span> 
     </span>
    </p>
   </div>
   <div class='ocr_carea' id='block_1_29' title="bbox 153 3104 1703 3180">
    <p class='ocr_par' dir='ltr' id='par_1_29' title="bbox 153 3104 1703 3180">
     <span class='ocr_line' id='line_1_29' title="bbox 153 3104 1703 3180; baseline -0.006 -16"><span class='ocrx_word' id='word_1_206' title='bbox 153 3112 307 3180; x_wconf 73' lang='grc' dir='ltr'>ἑαυτῷ</span> <span class='ocrx_word' id='word_1_207' title='bbox 339 3111 576 3163; x_wconf 81' lang='grc' dir='ltr'>συνοίδεν</span> <span class='ocrx_word' id='word_1_208' title='bbox 613 3110 920 3178; x_wconf 81' lang='grc' dir='ltr'>ἁμάρτημα</span> <span class='ocrx_word' id='word_1_209' title='bbox 945 3109 1012 3172; x_wconf 73' lang='grc'><strong>’⁸,</strong></span> <span class='ocrx_word' id='word_1_210' title='bbox 1044 3107 1217 3177; x_wconf 67' lang='grc' dir='ltr'>μηδέί</span> <span class='ocrx_word' id='word_1_211' title='bbox 1246 3105 1583 3173; x_wconf 79' lang='grc' dir='ltr'>ἐπιθυμείτω</span> <span class='ocrx_word' id='word_1_212' title='bbox 1610 3104 1703 3156; x_wconf 73' lang='grc' dir='ltr'><strong>τοῦ</strong></span> 
     </span>
    </p>
   </div>
   <div class='ocr_carea' id='block_1_30' title="bbox 153 3193 1704 3270">
    <p class='ocr_par' dir='ltr' id='par_1_30' title="bbox 153 3193 1704 3270">
     <span class='ocr_line' id='line_1_30' title="bbox 153 3193 1704 3270; baseline -0.005 -20"><span class='ocrx_word' id='word_1_213' title='bbox 153 3202 472 3270; x_wconf 74' lang='grc' dir='ltr'>πράγματος,</span> <span class='ocrx_word' id='word_1_214' title='bbox 507 3195 568 3253; x_wconf 73' lang='grc' dir='ltr'><strong>οὗ</strong></span> <span class='ocrx_word' id='word_1_215' title='bbox 625 3197 813 3251; x_wconf 80' lang='grc' dir='ltr'>ἐαυτὸν</span> <span class='ocrx_word' id='word_1_216' title='bbox 862 3198 949 3250; x_wconf 68' lang='grc' dir='ltr'><strong>διὰ</strong></span> <span class='ocrx_word' id='word_1_217' title='bbox 995 3196 1102 3248; x_wconf 85' lang='grc' dir='ltr'>τῶν</span> <span class='ocrx_word' id='word_1_218' title='bbox 1132 3195 1310 3264; x_wconf 69' lang='grc' dir='ltr'>ἔργων</span> <span class='ocrx_word' id='word_1_219' title='bbox 1335 3193 1574 3258; x_wconf 76' lang='grc' dir='ltr'>ἐξέϐαλε.</span> <span class='ocrx_word' id='word_1_220' title='bbox 1601 3193 1704 3244; x_wconf 73' lang='grc' dir='ltr'>Τὸν</span> 
     </span>
    </p>
   </div>
   <div class='ocr_carea' id='block_1_31' title="bbox 151 3284 1702 3362">
    <p class='ocr_par' dir='ltr' id='par_1_31' title="bbox 151 3284 1702 3362">
     <span class='ocr_line' id='line_1_31' title="bbox 151 3284 1702 3362; baseline -0.006 -18"><span class='ocrx_word' id='word_1_221' title='bbox 151 3297 241 3360; x_wconf 67' lang='grc' dir='ltr'><strong>γὰρ</strong></span> <span class='ocrx_word' id='word_1_222' title='bbox 271 3296 506 3362; x_wconf 81' lang='grc' dir='ltr'>ἄρχοντα</span> <span class='ocrx_word' id='word_1_223' title='bbox 545 3289 811 3358; x_wconf 76' lang='grc' dir='ltr'>φωστῆρα</span> <span class='ocrx_word' id='word_1_224' title='bbox 832 3289 913 3342; x_wconf 83' lang='grc' dir='ltr'><strong>δεῖ</strong></span> <span class='ocrx_word' id='word_1_225' title='bbox 936 3284 1097 3350; x_wconf 75' lang='grc' dir='ltr'>εἶναι,</span> <span class='ocrx_word' id='word_1_226' title='bbox 1123 3287 1263 3340; x_wconf 79' lang='grc' dir='ltr'>ὥστε</span> <span class='ocrx_word' id='word_1_227' title='bbox 1309 3286 1447 3353; x_wconf 76' lang='grc' dir='ltr'>πρὸς</span> <span class='ocrx_word' id='word_1_228' title='bbox 1486 3284 1648 3336; x_wconf 66' lang='grc' dir='ltr'>αὐτὸν</span> <span class='ocrx_word' id='word_1_229' title='bbox 1682 3285 1702 3313; x_wconf 79' lang='grc'>⁸</span> 
     </span>
    </p>
   </div>
   <div class='ocr_carea' id='block_1_32' title="bbox 154 3376 1462 3452">
    <p class='ocr_par' dir='ltr' id='par_1_32' title="bbox 154 3376 1462 3452">
     <span class='ocr_line' id='line_1_32' title="bbox 154 3376 1462 3452; baseline -0.005 -15"><span class='ocrx_word' id='word_1_230' title='bbox 154 3389 336 3448; x_wconf 69' lang='grc' dir='ltr'>πάντας</span> <span class='ocrx_word' id='word_1_231' title='bbox 366 3385 616 3452; x_wconf 79' lang='grc' dir='ltr'>ὁρῶντας</span> <span class='ocrx_word' id='word_1_232' title='bbox 643 3379 979 3450; x_wconf 78' lang='grc' dir='ltr'>φωτίζεσθαι</span> <span class='ocrx_word' id='word_1_233' title='bbox 1009 3381 1103 3432; x_wconf 81' lang='grc' dir='ltr'><strong>καὶ</strong></span> <span class='ocrx_word' id='word_1_234' title='bbox 1125 3376 1462 3448; x_wconf 74' lang='grc' dir='ltr'>ὁδηγεῖσθαι.</span> 
     </span>
    </p>
   </div>
   <div class='ocr_carea' id='block_1_33' title="bbox 208 3552 1710 3626">
    <p class='ocr_par' dir='ltr' id='par_1_33' title="bbox 208 3552 1710 3626">
     <span class='ocr_line' id='line_1_33' title="bbox 208 3552 1710 3626; baseline -0.006 -14"><span class='ocrx_word' id='word_1_235' title='bbox 208 3558 350 3622; x_wconf 79' lang='grc' dir='ltr'><strong>Μιὰς</strong></span> <span class='ocrx_word' id='word_1_236' title='bbox 387 3559 678 3626; x_wconf 76' lang='grc' dir='ltr'>γυναικὸς</span> <span class='ocrx_word' id='word_1_237' title='bbox 701 3557 908 3622; x_wconf 72' lang='grc' dir='ltr'>ἄνδρα.</span> <span class='ocrx_word' id='word_1_238' title='bbox 973 3556 1035 3607; x_wconf 74' lang='lat' dir='ltr'><strong>Et</strong></span> <span class='ocrx_word' id='word_1_239' title='bbox 1082 3555 1112 3607; x_wconf 83' lang='grc' dir='ltr'><strong>ὀ</strong></span> <span class='ocrx_word' id='word_1_240' title='bbox 1159 3553 1414 3623; x_wconf 85' lang='grc' dir='ltr'>γαμήσας</span> <span class='ocrx_word' id='word_1_241' title='bbox 1473 3552 1710 3622; x_wconf 70' lang='grc' dir='ltr'>μεριμνᾷ</span> 
     </span>
    </p>
   </div>
   <div class='ocr_carea' id='block_1_34' title="bbox 150 3642 1711 3718">
    <p class='ocr_par' dir='ltr' id='par_1_34' title="bbox 150 3642 1711 3718">
     <span class='ocr_line' id='line_1_34' title="bbox 150 3642 1711 3718; baseline -0.004 -19"><span class='ocrx_word' id='word_1_242' title='bbox 150 3655 205 3701; x_wconf 66' lang='grc' dir='ltr'><strong>τὰ</strong></span> <span class='ocrx_word' id='word_1_243' title='bbox 231 3650 320 3701; x_wconf 78' lang='grc' dir='ltr'>τοῦ</span> <span class='ocrx_word' id='word_1_244' title='bbox 345 3651 582 3718; x_wconf 78' lang='grc' dir='ltr'>κόσμου,</span> <span class='ocrx_word' id='word_1_245' title='bbox 617 3648 710 3701; x_wconf 83' lang='grc' dir='ltr'><strong>τὸν</strong></span> <span class='ocrx_word' id='word_1_246' title='bbox 759 3647 814 3699; x_wconf 85' lang='grc' dir='ltr'>δὲ</span> <span class='ocrx_word' id='word_1_247' title='bbox 875 3647 1174 3698; x_wconf 79' lang='grc' dir='ltr'>ἐπίσκοπον</span> <span class='ocrx_word' id='word_1_248' title='bbox 1211 3647 1272 3697; x_wconf 81' lang='grc' dir='ltr'><strong>οὐ</strong></span> <span class='ocrx_word' id='word_1_249' title='bbox 1307 3645 1389 3698; x_wconf 84' lang='grc' dir='ltr'><strong>δεῖ</strong></span> <span class='ocrx_word' id='word_1_250' title='bbox 1415 3645 1482 3697; x_wconf 84' lang='grc' dir='ltr'>τὰ</span> <span class='ocrx_word' id='word_1_251' title='bbox 1507 3643 1600 3696; x_wconf 76' lang='grc' dir='ltr'><strong>τοῦ</strong></span> <span class='ocrx_word' id='word_1_252' title='bbox 1626 3642 1711 3695; x_wconf 69' lang='grc' dir='ltr'><strong>κός</strong></span> 
     </span>
    </p>
   </div>
   <div class='ocr_carea' id='block_1_35' title="bbox 152 3734 1710 3809">
    <p class='ocr_par' dir='ltr' id='par_1_35' title="bbox 152 3734 1710 3809">
     <span class='ocr_line' id='line_1_35' title="bbox 152 3734 1710 3809; baseline -0.003 -19"><span class='ocrx_word' id='word_1_253' title='bbox 152 3757 267 3806; x_wconf 44' lang='lat' dir='ltr'><strong>suos</strong></span> <span class='ocrx_word' id='word_1_254' title='bbox 302 3741 603 3809; x_wconf 71' lang='grc' dir='ltr'>μεριμνᾷ-θ,</span> <span class='ocrx_word' id='word_1_255' title='bbox 627 3737 743 3799; x_wconf 83' lang='grc' dir='ltr'>πῶς</span> <span class='ocrx_word' id='word_1_256' title='bbox 787 3752 943 3804; x_wconf 78' lang='grc' dir='ltr'>φησι,</span> <span class='ocrx_word' id='word_1_257' title='bbox 984 3735 1134 3800; x_wconf 80' lang='grc' dir='ltr'>Μιᾶς</span> <span class='ocrx_word' id='word_1_258' title='bbox 1172 3735 1459 3804; x_wconf 74' lang='grc' dir='ltr'>γυναικὸς</span> <span class='ocrx_word' id='word_1_259' title='bbox 1487 3734 1710 3799; x_wconf 82' lang='grc' dir='ltr'>ἇνδρα;</span> 
     </span>
    </p>
   </div>
   <div class='ocr_carea' id='block_1_36' title="bbox 149 3823 1709 3898">
    <p class='ocr_par' dir='ltr' id='par_1_36' title="bbox 149 3823 1709 3898">
     <span class='ocr_line' id='line_1_36' title="bbox 149 3823 1709 3898; baseline -0.004 -19"><span class='ocrx_word' id='word_1_260' title='bbox 149 3830 282 3890; x_wconf 70' lang='grc' dir='ltr'>Τινὲς</span> <span class='ocrx_word' id='word_1_261' title='bbox 316 3831 412 3898; x_wconf 75' lang='grc' dir='ltr'>μὲν</span> <span class='ocrx_word' id='word_1_262' title='bbox 438 3825 542 3882; x_wconf 74' lang='grc' dir='ltr'><strong>οὖν</strong></span> <span class='ocrx_word' id='word_1_263' title='bbox 573 3843 758 3893; x_wconf 84' lang='grc' dir='ltr'>φασιν,</span> <span class='ocrx_word' id='word_1_264' title='bbox 786 3827 866 3878; x_wconf 80' lang='grc' dir='ltr'>ὃτι</span> <span class='ocrx_word' id='word_1_265' title='bbox 909 3827 999 3878; x_wconf 82' lang='grc' dir='ltr'>τὸν</span> <span class='ocrx_word' id='word_1_266' title='bbox 1033 3825 1142 3878; x_wconf 79' lang='grc' dir='ltr'>ἀπὸ</span> <span class='ocrx_word' id='word_1_267' title='bbox 1178 3825 1437 3892; x_wconf 74' lang='grc' dir='ltr'>γυναικὸς</span> <span class='ocrx_word' id='word_1_268' title='bbox 1469 3823 1709 3894; x_wconf 71' lang='grc' dir='ltr'>ᾐνίξατο,</span> 
     </span>
    </p>
   </div>
   <div class='ocr_carea' id='block_1_37' title="bbox 151 3917 1710 3990">
    <p class='ocr_par' dir='ltr' id='par_1_37' title="bbox 151 3917 1710 3990">
     <span class='ocr_line' id='line_1_37' title="bbox 151 3917 1710 3990; baseline -0.003 -20"><span class='ocrx_word' id='word_1_269' title='bbox 151 3921 190 3970; x_wconf 81' lang='lat' dir='ltr'><strong>ti</strong></span> <span class='ocrx_word' id='word_1_270' title='bbox 215 3921 265 3972; x_wconf 79' lang='grc' dir='ltr'><strong>δὲ</strong></span> <span class='ocrx_word' id='word_1_271' title='bbox 297 3922 371 3990; x_wconf 80' lang='grc' dir='ltr'>μὴ</span> <span class='ocrx_word' id='word_1_272' title='bbox 421 3919 609 3981; x_wconf 77' lang='grc' dir='ltr'>τοῦτο,</span> <span class='ocrx_word' id='word_1_273' title='bbox 664 3919 835 3988; x_wconf 81' lang='grc' dir='ltr'>ἐχέτω</span> <span class='ocrx_word' id='word_1_274' title='bbox 876 3919 974 3986; x_wconf 85' lang='grc' dir='ltr'><strong>μέν</strong></span> <span class='ocrx_word' id='word_1_275' title='bbox 1027 3919 1068 3979; x_wconf 91' lang='grc'>³,</span> <span class='ocrx_word' id='word_1_276' title='bbox 1098 3919 1251 3986; x_wconf 71' lang='grc' dir='ltr'>φησὶ,</span> <span class='ocrx_word' id='word_1_277' title='bbox 1281 3918 1409 3984; x_wconf 74' lang='grc' dir='ltr'>μέαν</span> <span class='ocrx_word' id='word_1_278' title='bbox 1457 3917 1710 3981; x_wconf 85' lang='grc' dir='ltr'>γυναῖκα,</span> 
     </span>
    </p>
   </div>
   <div class='ocr_carea' id='block_1_38' title="bbox 153 4007 1712 4079">
    <p class='ocr_par' dir='ltr' id='par_1_38' title="bbox 153 4007 1712 4079">
     <span class='ocr_line' id='line_1_38' title="bbox 153 4007 1712 4079; baseline -0.002 -20"><span class='ocrx_word' id='word_1_279' title='bbox 153 4009 270 4077; x_wconf 74' lang='grc' dir='ltr'>πλὴν</span> <span class='ocrx_word' id='word_1_280' title='bbox 301 4009 372 4071; x_wconf 84' lang='grc' dir='ltr'>ὼς</span> <span class='ocrx_word' id='word_1_281' title='bbox 428 4011 505 4079; x_wconf 77' lang='grc' dir='ltr'>μὴ</span> <span class='ocrx_word' id='word_1_282' title='bbox 568 4010 743 4077; x_wconf 77' lang='grc' dir='ltr'>ἔχων·</span> <span class='ocrx_word' id='word_1_283' title='bbox 786 4011 1055 4071; x_wconf 80' lang='grc' dir='ltr'>τουτέστι,</span> <span class='ocrx_word' id='word_1_284' title='bbox 1100 4008 1174 4078; x_wconf 80' lang='grc' dir='ltr'>μὴ</span> <span class='ocrx_word' id='word_1_285' title='bbox 1218 4007 1712 4073; x_wconf 73' lang='grc' dir='ltr'>καταδουλούμενος</span> 
     </span>
    </p>
   </div>
   <div class='ocr_carea' id='block_1_39' title="bbox 151 4095 1705 4168">
    <p class='ocr_par' dir='ltr' id='par_1_39' title="bbox 151 4095 1705 4168">
     <span class='ocr_line' id='line_1_39' title="bbox 151 4095 1705 4168; baseline -0.003 -19"><span class='ocrx_word' id='word_1_286' title='bbox 151 4103 249 4160; x_wconf 69' lang='grc' dir='ltr'>ταῖς</span> <span class='ocrx_word' id='word_1_287' title='bbox 277 4100 598 4168; x_wconf 77' lang='grc' dir='ltr'>ἐπιθυμίαις</span> <span class='ocrx_word' id='word_1_288' title='bbox 618 4097 806 4165; x_wconf 75' lang='grc' dir='ltr'>αὐτῆς.</span> <span class='ocrx_word' id='word_1_289' title='bbox 829 4099 904 4150; x_wconf 73' lang='grc' dir='ltr'><strong>Οὐ</strong></span> <span class='ocrx_word' id='word_1_290' title='bbox 924 4096 1232 4166; x_wconf 81' lang='grc' dir='ltr'>νομοθετῶν</span> <span class='ocrx_word' id='word_1_291' title='bbox 1261 4097 1316 4148; x_wconf 82' lang='grc' dir='ltr'>δὲ</span> <span class='ocrx_word' id='word_1_292' title='bbox 1343 4095 1499 4148; x_wconf 82' lang='grc' dir='ltr'><strong>τοῦτό</strong></span> <span class='ocrx_word' id='word_1_293' title='bbox 1524 4110 1705 4162; x_wconf 78' lang='grc' dir='ltr'>φησιν,</span> 
     </span>
    </p>
   </div>
   <div class='ocr_carea' id='block_1_40' title="bbox 153 4183 1706 4259">
    <p class='ocr_par' dir='ltr' id='par_1_40' title="bbox 153 4183 1706 4259">
     <span class='ocr_line' id='line_1_40' title="bbox 153 4183 1706 4259; baseline -0.002 -20"><span class='ocrx_word' id='word_1_294' title='bbox 153 4191 220 4241; x_wconf 70' lang='grc' dir='ltr'><strong>ὅτι</strong></span> <span class='ocrx_word' id='word_1_295' title='bbox 262 4191 338 4242; x_wconf 80' lang='grc' dir='ltr'><strong>δεῖ</strong></span> <span class='ocrx_word' id='word_1_296' title='bbox 378 4189 745 4259; x_wconf 76' lang='grc' dir='ltr'>γεγαμηκότα</span> <span class='ocrx_word' id='word_1_297' title='bbox 798 4183 938 4241; x_wconf 75' lang='grc' dir='ltr'>εἶναι</span> <span class='ocrx_word' id='word_1_298' title='bbox 1001 4188 1217 4248; x_wconf 81' lang='grc' dir='ltr'>πάντως</span> <span class='ocrx_word' id='word_1_299' title='bbox 1269 4187 1357 4239; x_wconf 82' lang='grc' dir='ltr'><strong>τὸν</strong></span> <span class='ocrx_word' id='word_1_300' title='bbox 1395 4188 1706 4238; x_wconf 83' lang='grc' dir='ltr'>ἐπίσκοπον.</span> 
     </span>
    </p>
   </div>
   <div class='ocr_carea' id='block_1_41' title="bbox 155 4272 1711 4348">
    <p class='ocr_par' dir='ltr' id='par_1_41' title="bbox 155 4272 1711 4348">
     <span class='ocr_line' id='line_1_41' title="bbox 155 4272 1711 4348; baseline -0.002 -20"><span class='ocrx_word' id='word_1_301' title='bbox 155 4280 258 4340; x_wconf 81' lang='grc' dir='ltr'><strong>Πῶς</strong></span> <span class='ocrx_word' id='word_1_302' title='bbox 288 4281 392 4348; x_wconf 75' lang='grc' dir='ltr'><strong>γὰρ</strong></span> <span class='ocrx_word' id='word_1_303' title='bbox 423 4283 451 4332; x_wconf 87' lang='grc' dir='ltr'>ὁ</span> <span class='ocrx_word' id='word_1_304' title='bbox 479 4280 658 4344; x_wconf 83' lang='grc' dir='ltr'>λέγων</span> <span class='ocrx_word' id='word_1_305' title='bbox 717 4279 821 4342; x_wconf 82' lang='grc' dir='ltr'>ὅτι,</span> <span class='ocrx_word' id='word_1_306' title='bbox 871 4276 1031 4330; x_wconf 70' lang='grc' dir='ltr'>Θέλω</span> <span class='ocrx_word' id='word_1_307' title='bbox 1061 4277 1290 4341; x_wconf 74' lang='grc' dir='ltr'>πάντας</span> <span class='ocrx_word' id='word_1_308' title='bbox 1322 4272 1469 4330; x_wconf 79' lang='grc' dir='ltr'>εἶναι</span> <span class='ocrx_word' id='word_1_309' title='bbox 1496 4279 1575 4338; x_wconf 85' lang='grc' dir='ltr'>ὡς</span> <span class='ocrx_word' id='word_1_310' title='bbox 1613 4273 1711 4326; x_wconf 73' lang='grc' dir='ltr'>καὶ</span> 
     </span>
    </p>
   </div>
   <div class='ocr_carea' id='block_1_42' title="bbox 151 4364 1708 4436">
    <p class='ocr_par' dir='ltr' id='par_1_42' title="bbox 151 4364 1708 4436">
     <span class='ocr_line' id='line_1_42' title="bbox 151 4364 1708 4436; baseline -0.004 -16"><span class='ocrx_word' id='word_1_311' title='bbox 151 4371 422 4435; x_wconf 75' lang='grc' dir='ltr'><strong>ἑμαυτόν;</strong></span> <span class='ocrx_word' id='word_1_312' title='bbox 455 4369 602 4420; x_wconf 80' lang='grc' dir='ltr'>Ἀλλ’</span> <span class='ocrx_word' id='word_1_313' title='bbox 620 4368 808 4436; x_wconf 86' lang='grc' dir='ltr'>ἐπειδὴ</span> <span class='ocrx_word' id='word_1_314' title='bbox 835 4369 996 4420; x_wconf 82' lang='grc' dir='ltr'>ὁτότε</span> <span class='ocrx_word' id='word_1_315' title='bbox 1027 4367 1214 4435; x_wconf 79' lang='grc' dir='ltr'>καιρὸς</span> <span class='ocrx_word' id='word_1_316' title='bbox 1243 4364 1466 4418; x_wconf 80' lang='grc' dir='ltr'>τοιαῦτα</span> <span class='ocrx_word' id='word_1_317' title='bbox 1490 4364 1708 4433; x_wconf 71' lang='grc' dir='ltr'>ἀπῄτει,</span> 
     </span>
    </p>
   </div>
   <div class='ocr_carea' id='block_1_43' title="bbox 160 4454 1712 4528">
    <p class='ocr_par' dir='ltr' id='par_1_43' title="bbox 160 4454 1712 4528">
     <span class='ocr_line' id='line_1_43' title="bbox 160 4454 1712 4528; baseline -0.001 -20"><span class='ocrx_word' id='word_1_318' title='bbox 160 4460 210 4508; x_wconf 70' lang='lat' dir='ltr'><strong>Ei</strong></span> <span class='ocrx_word' id='word_1_319' title='bbox 235 4461 477 4528; x_wconf 72' lang='grc' dir='ltr'>γένηται,</span> <span class='ocrx_word' id='word_1_320' title='bbox 517 4459 678 4526; x_wconf 67' lang='grc' dir='ltr'>φησὶ.</span> <span class='ocrx_word' id='word_1_321' title='bbox 711 4460 836 4526; x_wconf 82' lang='grc' dir='ltr'>μιᾶς</span> <span class='ocrx_word' id='word_1_322' title='bbox 884 4458 1022 4510; x_wconf 77' lang='grc' dir='ltr'>ἔστω</span> <span class='ocrx_word' id='word_1_323' title='bbox 1065 4457 1224 4526; x_wconf 81' lang='grc' dir='ltr'>ἀνήρ.</span> <span class='ocrx_word' id='word_1_324' title='bbox 1256 4454 1426 4509; x_wconf 85' lang='grc' dir='ltr'>Τοῦτο</span> <span class='ocrx_word' id='word_1_325' title='bbox 1459 4457 1554 4508; x_wconf 75' lang='grc' dir='ltr'><strong>καὶ</strong></span> <span class='ocrx_word' id='word_1_326' title='bbox 1583 4455 1600 4485; x_wconf 71' lang='grc'>⁸</span> <span class='ocrx_word' id='word_1_327' title='bbox 1623 4454 1712 4507; x_wconf 76' lang='grc' dir='ltr'>διὰ</span> 
     </span>
    </p>
   </div>
   <div class='ocr_carea' id='block_1_44' title="bbox 1805 649 3370 722">
    <p class='ocr_par' dir='ltr' id='par_1_44' title="bbox 1805 649 3370 722">
     <span class='ocr_line' id='line_1_44' title="bbox 1805 649 3370 722; baseline 0.003 -19"><span class='ocrx_word' id='word_1_328' title='bbox 1805 660 2043 703; x_wconf 87' lang='lat' dir='ltr'><strong>attamen</strong></span> <span class='ocrx_word' id='word_1_329' title='bbox 2080 649 2125 701; x_wconf 85' lang='lat' dir='ltr'><strong>si</strong></span> <span class='ocrx_word' id='word_1_330' title='bbox 2184 651 2488 720; x_wconf 74' lang='lat' dir='ltr'><strong>contingat,</strong></span> <span class='ocrx_word' id='word_1_331' title='bbox 2519 651 2748 720; x_wconf 80' lang='lat' dir='ltr'><strong>accipiet</strong></span> <span class='ocrx_word' id='word_1_332' title='bbox 2781 652 2881 722; x_wconf 82' lang='lat' dir='ltr'><strong>p‘ro</strong></span> <span class='ocrx_word' id='word_1_333' title='bbox 2923 653 3007 705; x_wconf 88' lang='lat' dir='ltr'><strong>his</strong></span> <span class='ocrx_word' id='word_1_334' title='bbox 3042 652 3370 709; x_wconf 84' lang='lat' dir='ltr'><strong>mercedem.</strong></span> 
     </span>
    </p>
   </div>
   <div class='ocr_carea' id='block_1_45' title="bbox 1802 738 3376 810">
    <p class='ocr_par' dir='ltr' id='par_1_45' title="bbox 1802 738 3376 810">
     <span class='ocr_line' id='line_1_45' title="bbox 1802 738 3376 810; baseline 0.004 -19"><span class='ocrx_word' id='word_1_335' title='bbox 1802 738 1942 802; x_wconf 85' lang='lat' dir='ltr'><strong>Quid</strong></span> <span class='ocrx_word' id='word_1_336' title='bbox 1978 752 2105 792; x_wconf 78' lang='lat' dir='ltr'><strong>vero</strong></span> <span class='ocrx_word' id='word_1_337' title='bbox 2131 738 2174 789; x_wconf 87' lang='lat' dir='ltr'><strong>si</strong></span> <span class='ocrx_word' id='word_1_338' title='bbox 2203 739 2340 794; x_wconf 83' lang='lat' dir='ltr'><strong>bona</strong></span> <span class='ocrx_word' id='word_1_339' title='bbox 2368 755 2492 794; x_wconf 91' lang='lat' dir='ltr'><strong>cum</strong></span> <span class='ocrx_word' id='word_1_340' title='bbox 2530 741 2621 805; x_wconf 90' lang='lat' dir='ltr'><strong>sit,</strong></span> <span class='ocrx_word' id='word_1_341' title='bbox 2650 755 2812 810; x_wconf 76' lang='lat' dir='ltr'><strong>prave</strong></span> <span class='ocrx_word' id='word_1_342' title='bbox 2837 741 3191 797; x_wconf 80' lang='lat' dir='ltr'><strong>institueret?</strong></span> <span class='ocrx_word' id='word_1_343' title='bbox 3214 741 3376 798; x_wconf 87' lang='lat' dir='ltr'><strong>Certe</strong></span> 
     </span>
    </p>
   </div>
   <div class='ocr_carea' id='block_1_46' title="bbox 1803 830 3372 900">
    <p class='ocr_par' dir='ltr' id='par_1_46' title="bbox 1803 830 3372 900">
     <span class='ocr_line' id='line_1_46' title="bbox 1803 830 3372 900; baseline 0.002 -16"><span class='ocrx_word' id='word_1_344' title='bbox 1803 830 1850 884; x_wconf 89' lang='lat' dir='ltr'><strong>si</strong></span> <span class='ocrx_word' id='word_1_345' title='bbox 1881 845 1974 884; x_wconf 85' lang='lat' dir='ltr'><strong>eos</strong></span> <span class='ocrx_word' id='word_1_346' title='bbox 2013 830 2315 900; x_wconf 78' lang='lat' dir='ltr'><strong>negligens,</strong></span> <span class='ocrx_word' id='word_1_347' title='bbox 2345 830 2876 900; x_wconf 51' lang='lat' dir='ltr'><strong>illisquc‘indulgens</strong></span> <span class='ocrx_word' id='word_1_348' title='bbox 2913 833 3016 886; x_wconf 83' lang='lat' dir='ltr'><strong>hoc</strong></span> <span class='ocrx_word' id='word_1_349' title='bbox 3062 833 3283 895; x_wconf 78' lang='lat' dir='ltr'><strong>fecerit,</strong></span> <span class='ocrx_word' id='word_1_350' title='bbox 3319 833 3372 887; x_wconf 92' lang='lat' dir='ltr'><strong>id</strong></span> 
     </span>
    </p>
   </div>
   <div class='ocr_carea' id='block_1_47' title="bbox 1801 920 3374 992">
    <p class='ocr_par' dir='ltr' id='par_1_47' title="bbox 1801 920 3374 992">
     <span class='ocr_line' id='line_1_47' title="bbox 1801 920 3374 992; baseline 0.004 -20"><span class='ocrx_word' id='word_1_351' title='bbox 1801 920 1944 990; x_wconf 88' lang='lat' dir='ltr'><strong>quod</strong></span> <span class='ocrx_word' id='word_1_352' title='bbox 1973 920 2053 973; x_wconf 82' lang='lat' dir='ltr'><strong>Eli</strong></span> <span class='ocrx_word' id='word_1_353' title='bbox 2083 921 2343 991; x_wconf 78' lang='lat' dir='ltr'><strong>contigit,</strong></span> <span class='ocrx_word' id='word_1_354' title='bbox 2378 923 2654 989; x_wconf 88' lang='lat' dir='ltr'><strong>patietur:</strong></span> <span class='ocrx_word' id='word_1_355' title='bbox 2690 922 2835 992; x_wconf 91' lang='lat' dir='ltr'><strong>quod</strong></span> <span class='ocrx_word' id='word_1_356' title='bbox 2871 923 2914 976; x_wconf 89' lang='lat' dir='ltr'><strong>si</strong></span> <span class='ocrx_word' id='word_1_357' title='bbox 2939 924 3118 978; x_wconf 82' lang='lat' dir='ltr'><strong>omnia</strong></span> <span class='ocrx_word' id='word_1_358' title='bbox 3158 925 3374 992; x_wconf 67' lang='lat' dir='ltr'><strong>praesti—</strong></span> 
     </span>
    </p>
   </div>
   <div class='ocr_carea' id='block_1_48' title="bbox 1806 1014 3374 1083">
    <p class='ocr_par' dir='ltr' id='par_1_48' title="bbox 1806 1014 3374 1083">
     <span class='ocr_line' id='line_1_48' title="bbox 1806 1014 3374 1083; baseline 0.004 -18"><span class='ocrx_word' id='word_1_359' title='bbox 1806 1014 1954 1076; x_wconf 85' lang='lat' dir='ltr'><strong>terit,</strong></span> <span class='ocrx_word' id='word_1_360' title='bbox 1987 1028 2315 1083; x_wconf 89' lang='lat' dir='ltr'><strong>omnemque</strong></span> <span class='ocrx_word' id='word_1_361' title='bbox 2340 1028 2526 1067; x_wconf 84' lang='lat' dir='ltr'><strong>curam</strong></span> <span class='ocrx_word' id='word_1_362' title='bbox 2564 1014 2900 1081; x_wconf 88' lang='lat' dir='ltr'><strong>adhibuerit,</strong></span> <span class='ocrx_word' id='word_1_363' title='bbox 2951 1025 3004 1068; x_wconf 83' lang='lat' dir='ltr'><strong>et</strong></span> <span class='ocrx_word' id='word_1_364' title='bbox 3039 1025 3216 1070; x_wconf 83' lang='lat' dir='ltr'><strong>tamen</strong></span> <span class='ocrx_word' id='word_1_365' title='bbox 3252 1018 3374 1072; x_wconf 85' lang='lat' dir='ltr'><strong>illos</strong></span> 
     </span>
    </p>
   </div>
   <div class='ocr_carea' id='block_1_49' title="bbox 1805 1104 3373 1176">
    <p class='ocr_par' dir='ltr' id='par_1_49' title="bbox 1805 1104 3373 1176">
     <span class='ocr_line' id='line_1_49' title="bbox 1805 1104 3373 1176; baseline 0.001 -20"><span class='ocrx_word' id='word_1_366' title='bbox 1805 1107 2056 1158; x_wconf 84' lang='lat' dir='ltr'><strong>meliores</strong></span> <span class='ocrx_word' id='word_1_367' title='bbox 2089 1104 2316 1159; x_wconf 77' lang='lat' dir='ltr'><strong>reddere</strong></span> <span class='ocrx_word' id='word_1_368' title='bbox 2350 1105 2539 1172; x_wconf 85' lang='lat' dir='ltr'><strong>nequit</strong></span> <span class='ocrx_word' id='word_1_369' title='bbox 2571 1105 2737 1175; x_wconf 84' lang='lat' dir='ltr'><strong>(quod</strong></span> <span class='ocrx_word' id='word_1_370' title='bbox 2773 1121 2896 1160; x_wconf 89' lang='lat' dir='ltr'><strong>raro</strong></span> <span class='ocrx_word' id='word_1_371' title='bbox 2919 1106 3078 1176; x_wconf 78' lang='lat'><strong>565</strong></span> <span class='ocrx_word' id='word_1_372' title='bbox 3102 1110 3373 1176; x_wconf 67' lang='lat' dir='ltr'><strong>contigit),</strong></span> 
     </span>
    </p>
   </div>
   <div class='ocr_carea' id='block_1_50' title="bbox 1808 1196 3375 1268">
    <p class='ocr_par' dir='ltr' id='par_1_50' title="bbox 1808 1196 3375 1268">
     <span class='ocr_line' id='line_1_50' title="bbox 1808 1196 3375 1268; baseline 0.006 -22"><span class='ocrx_word' id='word_1_373' title='bbox 1808 1197 1912 1247; x_wconf 76' lang='lat' dir='ltr'><strong>ista</strong></span> <span class='ocrx_word' id='word_1_374' title='bbox 1942 1205 2120 1248; x_wconf 88' lang='lat' dir='ltr'><strong>tamen</strong></span> <span class='ocrx_word' id='word_1_375' title='bbox 2147 1211 2373 1251; x_wconf 87' lang='lat' dir='ltr'><strong>suorum</strong></span> <span class='ocrx_word' id='word_1_376' title='bbox 2410 1196 2674 1252; x_wconf 86' lang='lat' dir='ltr'><strong>sudorum</strong></span> <span class='ocrx_word' id='word_1_377' title='bbox 2710 1199 3018 1252; x_wconf 89' lang='lat' dir='ltr'><strong>mercedem</strong></span> <span class='ocrx_word' id='word_1_378' title='bbox 3048 1201 3312 1268; x_wconf 84' lang='lat' dir='ltr'><strong>percipiet</strong></span> <span class='ocrx_word' id='word_1_379' title='bbox 3361 1221 3375 1255; x_wconf 89' lang='lat'><strong>:</strong></span> 
     </span>
    </p>
   </div>
   <div class='ocr_carea' id='block_1_51' title="bbox 1803 1285 3380 1354">
    <p class='ocr_par' dir='ltr' id='par_1_51' title="bbox 1803 1285 3380 1354">
     <span class='ocr_line' id='line_1_51' title="bbox 1803 1285 3380 1354; baseline 0.005 -16"><span class='ocrx_word' id='word_1_380' title='bbox 1803 1285 2248 1354; x_wconf 79' lang='lat' dir='ltr'><strong>quandoquidem</strong></span> <span class='ocrx_word' id='word_1_381' title='bbox 2290 1296 2343 1339; x_wconf 92' lang='lat' dir='ltr'><strong>et</strong></span> <span class='ocrx_word' id='word_1_382' title='bbox 2400 1286 2572 1341; x_wconf 81' lang='lat' dir='ltr'><strong>Filius</strong></span> <span class='ocrx_word' id='word_1_383' title='bbox 2607 1288 2696 1341; x_wconf 86' lang='lat' dir='ltr'><strong>Dei</strong></span> <span class='ocrx_word' id='word_1_384' title='bbox 2733 1289 2869 1341; x_wconf 84' lang='lat' dir='ltr'><strong>nihil</strong></span> <span class='ocrx_word' id='word_1_385' title='bbox 2907 1306 3013 1343; x_wconf 92' lang='lat' dir='ltr'><strong>non</strong></span> <span class='ocrx_word' id='word_1_386' title='bbox 3059 1291 3296 1346; x_wconf 68' lang='lat' dir='ltr'><strong>Jaciens</strong></span> <span class='ocrx_word' id='word_1_387' title='bbox 3325 1302 3380 1346; x_wconf 86' lang='lat' dir='ltr'><strong>et.</strong></span> 
     </span>
    </p>
   </div>
   <div class='ocr_carea' id='block_1_52' title="bbox 1803 1377 3378 1452">
    <p class='ocr_par' dir='ltr' id='par_1_52' title="bbox 1803 1377 3378 1452">
     <span class='ocr_line' id='line_1_52' title="bbox 1803 1377 3378 1452; baseline 0.006 -24"><span class='ocrx_word' id='word_1_388' title='bbox 1803 1377 2012 1437; x_wconf 84' lang='lat' dir='ltr'><strong>dicens,</strong></span> <span class='ocrx_word' id='word_1_389' title='bbox 2059 1390 2266 1444; x_wconf 80' lang='lat' dir='ltr'><strong>paucos</strong></span> <span class='ocrx_word' id='word_1_390' title='bbox 2292 1384 2469 1432; x_wconf 88' lang='lat' dir='ltr'><strong>tamen</strong></span> <span class='ocrx_word' id='word_1_391' title='bbox 2505 1378 2753 1432; x_wconf 78' lang='lat' dir='ltr'><strong>habuerit</strong></span> <span class='ocrx_word' id='word_1_392' title='bbox 2778 1380 2870 1448; x_wconf 85' lang='lat' dir='ltr'><strong>qui</strong></span> <span class='ocrx_word' id='word_1_393' title='bbox 2899 1379 3003 1434; x_wconf 84' lang='lat' dir='ltr'><strong>sibi</strong></span> <span class='ocrx_word' id='word_1_394' title='bbox 3031 1396 3235 1436; x_wconf 90' lang='lat' dir='ltr'><strong>morem</strong></span> <span class='ocrx_word' id='word_1_395' title='bbox 3263 1398 3378 1452; x_wconf 83' lang='lat' dir='ltr'><strong>ges-</strong></span> 
     </span>
    </p>
   </div>
   <div class='ocr_carea' id='block_1_53' title="bbox 1803 1468 1994 1521">
    <p class='ocr_par' dir='ltr' id='par_1_53' title="bbox 1803 1468 1994 1521">
     <span class='ocr_line' id='line_1_53' title="bbox 1803 1468 1994 1521; baseline -0.016 0"><span class='ocrx_word' id='word_1_396' title='bbox 1803 1468 1994 1521; x_wconf 72' lang='lat' dir='ltr'><strong>surint.</strong></span> 
     </span>
    </p>
   </div>
   <div class='ocr_carea' id='block_1_54' title="bbox 2401 1559 2768 1614">
    <p class='ocr_par' dir='ltr' id='par_1_54' title="bbox 2401 1559 2768 1614">
     <span class='ocr_line' id='line_1_54' title="bbox 2401 1559 2768 1614; baseline 0.008 -3"><span class='ocrx_word' id='word_1_397' title='bbox 2401 1559 2629 1613; x_wconf 79' lang='lat' dir='ltr'><strong>CAPUT</strong></span> <span class='ocrx_word' id='word_1_398' title='bbox 2674 1562 2768 1614; x_wconf 92' lang='lat' dir='ltr'><strong>Ill.</strong></span> 
     </span>
    </p>
   </div>
   <div class='ocr_carea' id='block_1_55' title="bbox 1875 1647 3377 1724">
    <p class='ocr_par' dir='ltr' id='par_1_55' title="bbox 1875 1647 3377 1724">
     <span class='ocr_line' id='line_1_55' title="bbox 1875 1647 3377 1724; baseline 0.005 -22"><span class='ocrx_word' id='word_1_399' title='bbox 1875 1647 2037 1702; x_wconf 75' lang='lat' dir='ltr'><strong>Vens.</strong></span> <span class='ocrx_word' id='word_1_400' title='bbox 2080 1648 2128 1700; x_wconf 81' lang='grc' dir='ltr'>Ι.</span> <span class='ocrx_word' id='word_1_401' title='bbox 2167 1647 2368 1702; x_wconf 76' lang='lat' dir='ltr'><strong>Fidelis</strong></span> <span class='ocrx_word' id='word_1_402' title='bbox 2433 1665 2623 1703; x_wconf 84' lang='lat' dir='ltr'><strong>sermo.</strong></span> <span class='ocrx_word' id='word_1_403' title='bbox 2687 1652 2826 1717; x_wconf 87' lang='lat' dir='ltr'><strong>Quia</strong></span> <span class='ocrx_word' id='word_1_404' title='bbox 2891 1654 3206 1724; x_wconf 82' lang='lat' dir='ltr'><strong>ambiguum</strong></span> <span class='ocrx_word' id='word_1_405' title='bbox 3235 1664 3377 1721; x_wconf 84' lang='lat' dir='ltr'><strong>erat,</strong></span> 
     </span>
    </p>
   </div>
   <div class='ocr_carea' id='block_1_56' title="bbox 1802 1741 3373 1816">
    <p class='ocr_par' dir='ltr' id='par_1_56' title="bbox 1802 1741 3373 1816">
     <span class='ocr_line' id='line_1_56' title="bbox 1802 1741 3373 1816; baseline 0.007 -24"><span class='ocrx_word' id='word_1_406' title='bbox 1802 1755 1868 1792; x_wconf 90' lang='lat' dir='ltr'><strong>an</strong></span> <span class='ocrx_word' id='word_1_407' title='bbox 1921 1750 2126 1795; x_wconf 80' lang='lat' dir='ltr'><strong>matres</strong></span> <span class='ocrx_word' id='word_1_408' title='bbox 2153 1741 2448 1794; x_wconf 82' lang='lat' dir='ltr'><strong>liberorum</strong></span> <span class='ocrx_word' id='word_1_409' title='bbox 2480 1757 2704 1798; x_wconf 89' lang='lat' dir='ltr'><strong>suorum</strong></span> <span class='ocrx_word' id='word_1_410' title='bbox 2739 1744 2936 1800; x_wconf 77' lang='lat' dir='ltr'><strong>virtute</strong></span> <span class='ocrx_word' id='word_1_411' title='bbox 2966 1746 3072 1800; x_wconf 76' lang='lat' dir='ltr'><strong>frui</strong></span> <span class='ocrx_word' id='word_1_412' title='bbox 3105 1759 3373 1816; x_wconf 78' lang='lat' dir='ltr'><strong>poterant,</strong></span> 
     </span>
    </p>
   </div>
   <div class='ocr_carea' id='block_1_57' title="bbox 1802 1829 3374 1910">
    <p class='ocr_par' dir='ltr' id='par_1_57' title="bbox 1802 1829 3374 1910">
     <span class='ocr_line' id='line_1_57' title="bbox 1802 1829 3374 1910; baseline 0.008 -29"><span class='ocrx_word' id='word_1_413' title='bbox 1802 1829 2008 1890; x_wconf 78' lang='lat' dir='ltr'><strong>subdit,</strong></span> <span class='ocrx_word' id='word_1_414' title='bbox 2041 1829 2242 1890; x_wconf 75' lang='lat' dir='ltr'><strong>Fidelis</strong></span> <span class='ocrx_word' id='word_1_415' title='bbox 2277 1847 2448 1884; x_wconf 82' lang='lat' dir='ltr'><strong>sermo</strong></span> <span class='ocrx_word' id='word_1_416' title='bbox 2477 1848 2497 1884; x_wconf 92' lang='lat'><strong><em>:</em></strong></span> <span class='ocrx_word' id='word_1_417' title='bbox 2555 1848 2660 1885; x_wconf 91' lang='lat' dir='ltr'><strong>non</strong></span> <span class='ocrx_word' id='word_1_418' title='bbox 2709 1841 2794 1886; x_wconf 89' lang='lat' dir='ltr'><strong>est</strong></span> <span class='ocrx_word' id='word_1_419' title='bbox 2843 1835 3182 1890; x_wconf 83' lang='lat' dir='ltr'><strong>mendacium</strong></span> <span class='ocrx_word' id='word_1_420' title='bbox 3230 1841 3374 1910; x_wconf 89' lang='lat' dir='ltr'><strong>quod</strong></span> 
     </span>
    </p>
   </div>
   <div class='ocr_carea' id='block_1_58' title="bbox 1736 1905 2602 1984">
    <p class='ocr_par' dir='ltr' id='par_1_58' title="bbox 1736 1905 2602 1984">
     <span class='ocr_line' id='line_1_58' title="bbox 1736 1905 2602 1984; baseline 0.006 -14"><span class='ocrx_word' id='word_1_421' title='bbox 1736 1905 1775 1960; x_wconf 81' lang='grc' dir='ltr'><strong>Β</strong></span> <span class='ocrx_word' id='word_1_422' title='bbox 1808 1921 2011 1972; x_wconf 85' lang='lat' dir='ltr'><strong>dictum</strong></span> <span class='ocrx_word' id='word_1_423' title='bbox 2040 1932 2144 1984; x_wconf 88' lang='lat' dir='ltr'><strong>est,</strong></span> <span class='ocrx_word' id='word_1_424' title='bbox 2180 1937 2338 1974; x_wconf 87' lang='lat' dir='ltr'><strong>nemo</strong></span> <span class='ocrx_word' id='word_1_425' title='bbox 2373 1921 2602 1976; x_wconf 84' lang='lat' dir='ltr'><strong>dubitet.</strong></span> 
     </span>
    </p>
   </div>
   <div class='ocr_carea' id='block_1_59' title="bbox 1879 2010 3381 2089">
    <p class='ocr_par' dir='ltr' id='par_1_59' title="bbox 1879 2010 3381 2089">
     <span class='ocr_line' id='line_1_59' title="bbox 1879 2010 3381 2089; baseline 0.007 -24"><span class='ocrx_word' id='word_1_426' title='bbox 1879 2010 1937 2065; x_wconf 88' lang='lat' dir='ltr'><strong>Si</strong></span> <span class='ocrx_word' id='word_1_427' title='bbox 1966 2013 2082 2080; x_wconf 82' lang='lat' dir='ltr'><strong>quis</strong></span> <span class='ocrx_word' id='word_1_428' title='bbox 2114 2014 2470 2078; x_wconf 75' lang='lat' dir='ltr'><strong>episcopatum</strong></span> <span class='ocrx_word' id='word_1_429' title='bbox 2503 2015 2794 2082; x_wconf 77' lang='lat' dir='ltr'><strong>desiderat,</strong></span> <span class='ocrx_word' id='word_1_430' title='bbox 2845 2019 3037 2073; x_wconf 81' lang='lat' dir='ltr'><strong>bonum</strong></span> <span class='ocrx_word' id='word_1_431' title='bbox 3083 2037 3212 2089; x_wconf 84' lang='lat' dir='ltr'><strong>opus</strong></span> <span class='ocrx_word' id='word_1_432' title='bbox 3243 2023 3381 2076; x_wconf 77' lang='lat' dir='ltr'><strong>desi-</strong></span> 
     </span>
    </p>
   </div>
   <div class='ocr_carea' id='block_1_60' title="bbox 1808 2100 3379 2180">
    <p class='ocr_par' dir='ltr' id='par_1_60' title="bbox 1808 2100 3379 2180">
     <span class='ocr_line' id='line_1_60' title="bbox 1808 2100 3379 2180; baseline 0.009 -28"><span class='ocrx_word' id='word_1_433' title='bbox 1808 2101 1980 2154; x_wconf 84' lang='lat' dir='ltr'><strong>derat.</strong></span> <span class='ocrx_word' id='word_1_434' title='bbox 2010 2103 2140 2165; x_wconf 68' lang='lat' dir='ltr'><strong>Quaa</strong></span> <span class='ocrx_word' id='word_1_435' title='bbox 2177 2100 2465 2156; x_wconf 80' lang='lat' dir='ltr'><strong>Timotheo</strong></span> <span class='ocrx_word' id='word_1_436' title='bbox 2499 2105 2566 2157; x_wconf 92' lang='lat' dir='ltr'><strong>de</strong></span> <span class='ocrx_word' id='word_1_437' title='bbox 2619 2106 2880 2178; x_wconf 88' lang='lat' dir='ltr'><strong>episcopo</strong></span> <span class='ocrx_word' id='word_1_438' title='bbox 2934 2111 3199 2180; x_wconf 66' lang='lat' dir='ltr'><strong>praecipit,</strong></span> <span class='ocrx_word' id='word_1_439' title='bbox 3259 2127 3379 2166; x_wconf 88' lang='lat' dir='ltr'><strong>om-</strong></span> 
     </span>
    </p>
   </div>
   <div class='ocr_carea' id='block_1_61' title="bbox 1812 2193 3377 2272">
    <p class='ocr_par' dir='ltr' id='par_1_61' title="bbox 1812 2193 3377 2272">
     <span class='ocr_line' id='line_1_61' title="bbox 1812 2193 3377 2272; baseline 0.01 -29"><span class='ocrx_word' id='word_1_440' title='bbox 1812 2193 1972 2244; x_wconf 76' lang='lat' dir='ltr'><strong>nibus</strong></span> <span class='ocrx_word' id='word_1_441' title='bbox 2016 2193 2068 2245; x_wconf 90' lang='lat' dir='ltr'><strong>in</strong></span> <span class='ocrx_word' id='word_1_442' title='bbox 2099 2194 2353 2247; x_wconf 77' lang='lat' dir='ltr'><strong>universo</strong></span> <span class='ocrx_word' id='word_1_443' title='bbox 2389 2205 2656 2249; x_wconf 77' lang='lat' dir='ltr'><strong>terrarum</strong></span> <span class='ocrx_word' id='word_1_444' title='bbox 2691 2199 2826 2254; x_wconf 89' lang='lat' dir='ltr'><strong>orbe</strong></span> <span class='ocrx_word' id='word_1_445' title='bbox 2856 2201 3098 2256; x_wconf 78' lang='lat' dir='ltr'><strong>disserit.</strong></span> <span class='ocrx_word' id='word_1_446' title='bbox 3131 2204 3185 2256; x_wconf 90' lang='lat' dir='ltr'><strong>Si</strong></span> <span class='ocrx_word' id='word_1_447' title='bbox 3231 2208 3377 2272; x_wconf 87' lang='lat' dir='ltr'><strong>quis,</strong></span> 
     </span>
    </p>
   </div>
   <div class='ocr_carea' id='block_1_62' title="bbox 1811 2283 3378 2358">
    <p class='ocr_par' dir='ltr' id='par_1_62' title="bbox 1811 2283 3378 2358">
     <span class='ocr_line' id='line_1_62' title="bbox 1811 2283 3378 2358; baseline 0.008 -23"><span class='ocrx_word' id='word_1_448' title='bbox 1811 2283 2012 2350; x_wconf 90' lang='lat' dir='ltr'><strong>inquit,</strong></span> <span class='ocrx_word' id='word_1_449' title='bbox 2061 2283 2414 2350; x_wconf 70' lang='lat' dir='ltr'><strong>przesulatum</strong></span> <span class='ocrx_word' id='word_1_450' title='bbox 2455 2287 2680 2353; x_wconf 78' lang='lat' dir='ltr'><strong>expetit,</strong></span> <span class='ocrx_word' id='word_1_451' title='bbox 2733 2303 2840 2342; x_wconf 92' lang='lat' dir='ltr'><strong>nou</strong></span> <span class='ocrx_word' id='word_1_452' title='bbox 2899 2292 3205 2358; x_wconf 87' lang='lat' dir='ltr'><strong>prohibeo:</strong></span> <span class='ocrx_word' id='word_1_453' title='bbox 3257 2310 3378 2348; x_wconf 90' lang='lat' dir='ltr'><strong>nam</strong></span> 
     </span>
    </p>
   </div>
   <div class='ocr_carea' id='block_1_63' title="bbox 1811 2372 3376 2448">
    <p class='ocr_par' dir='ltr' id='par_1_63' title="bbox 1811 2372 3376 2448">
     <span class='ocr_line' id='line_1_63' title="bbox 1811 2372 3376 2448; baseline 0.008 -24"><span class='ocrx_word' id='word_1_454' title='bbox 1811 2373 2012 2425; x_wconf 86' lang='lat' dir='ltr'><strong>bonum</strong></span> <span class='ocrx_word' id='word_1_455' title='bbox 2037 2387 2173 2448; x_wconf 85' lang='lat' dir='ltr'><strong>opus</strong></span> <span class='ocrx_word' id='word_1_456' title='bbox 2199 2372 2496 2428; x_wconf 83' lang='lat' dir='ltr'><strong>desiderat.</strong></span> <span class='ocrx_word' id='word_1_457' title='bbox 2521 2373 2597 2429; x_wconf 87' lang='lat' dir='ltr'><strong>Ne</strong></span> <span class='ocrx_word' id='word_1_458' title='bbox 2621 2376 2784 2444; x_wconf 79' lang='lat' dir='ltr'><strong>igitur</strong></span> <span class='ocrx_word' id='word_1_459' title='bbox 2810 2382 3187 2434; x_wconf 83' lang='lat' dir='ltr'><strong>auctoritatem</strong></span> <span class='ocrx_word' id='word_1_460' title='bbox 3208 2384 3376 2436; x_wconf 90' lang='lat' dir='ltr'><strong>solam</strong></span> 
     </span>
    </p>
   </div>
   <div class='ocr_carea' id='block_1_64' title="bbox 1807 2463 3377 2535">
    <p class='ocr_par' dir='ltr' id='par_1_64' title="bbox 1807 2463 3377 2535">
     <span class='ocr_line' id='line_1_64' title="bbox 1807 2463 3377 2535; baseline 0.005 -21"><span class='ocrx_word' id='word_1_461' title='bbox 1807 2471 2045 2530; x_wconf 80' lang='lat' dir='ltr'><strong>expetat,</strong></span> <span class='ocrx_word' id='word_1_462' title='bbox 2083 2463 2524 2533; x_wconf 82' lang='lat' dir='ltr'><strong>quandoquidem</strong></span> <span class='ocrx_word' id='word_1_463' title='bbox 2557 2474 2612 2520; x_wconf 90' lang='lat' dir='ltr'><strong>et</strong></span> <span class='ocrx_word' id='word_1_464' title='bbox 2645 2465 2822 2521; x_wconf 86' lang='lat' dir='ltr'><strong>Moses</strong></span> <span class='ocrx_word' id='word_1_465' title='bbox 2843 2483 2981 2535; x_wconf 86' lang='lat' dir='ltr'><strong>opus</strong></span> <span class='ocrx_word' id='word_1_466' title='bbox 3009 2469 3377 2535; x_wconf 74' lang='lat' dir='ltr'><strong>desiderabat,</strong></span> 
     </span>
    </p>
   </div>
   <div class='ocr_carea' id='block_1_65' title="bbox 1812 2547 3378 2629">
    <p class='ocr_par' dir='ltr' id='par_1_65' title="bbox 1812 2547 3378 2629">
     <span class='ocr_line' id='line_1_65' title="bbox 1812 2547 3378 2629; baseline 0.005 -23"><span class='ocrx_word' id='word_1_467' title='bbox 1812 2569 1920 2606; x_wconf 90' lang='lat' dir='ltr'><strong>non</strong></span> <span class='ocrx_word' id='word_1_468' title='bbox 1971 2564 2151 2608; x_wconf 88' lang='lat' dir='ltr'><strong>autem</strong></span> <span class='ocrx_word' id='word_1_469' title='bbox 2196 2547 2623 2622; x_wconf 72' lang='lat' dir='ltr'><strong>praefecturam:</strong></span> <span class='ocrx_word' id='word_1_470' title='bbox 2666 2557 2882 2625; x_wconf 79' lang='lat' dir='ltr'><strong>praefuit</strong></span> <span class='ocrx_word' id='word_1_471' title='bbox 2932 2560 3077 2612; x_wconf 91' lang='lat' dir='ltr'><strong>enim</strong></span> <span class='ocrx_word' id='word_1_472' title='bbox 3122 2561 3378 2629; x_wconf 85' lang='lat' dir='ltr'><strong>injuriatn</strong></span> 
     </span>
    </p>
   </div>
   <div class='ocr_carea' id='block_1_66' title="bbox 1815 2647 3383 2721">
    <p class='ocr_par' dir='ltr' id='par_1_66' title="bbox 1815 2647 3383 2721">
     <span class='ocr_line' id='line_1_66' title="bbox 1815 2647 3383 2721; baseline 0.005 -22"><span class='ocrx_word' id='word_1_473' title='bbox 1815 2661 2011 2715; x_wconf 87' lang='lat' dir='ltr'><strong>passo,</strong></span> <span class='ocrx_word' id='word_1_474' title='bbox 2077 2647 2279 2702; x_wconf 80' lang='lat' dir='ltr'><strong>feriens</strong></span> <span class='ocrx_word' id='word_1_475' title='bbox 2342 2663 2466 2701; x_wconf 87' lang='lat' dir='ltr'><strong>eunt</strong></span> <span class='ocrx_word' id='word_1_476' title='bbox 2521 2649 2612 2716; x_wconf 90' lang='lat' dir='ltr'><strong>qui</strong></span> <span class='ocrx_word' id='word_1_477' title='bbox 2678 2650 2959 2704; x_wconf 88' lang='lat' dir='ltr'><strong>intulerat.</strong></span> <span class='ocrx_word' id='word_1_478' title='bbox 3021 2651 3383 2721; x_wconf 82' lang='lat' dir='ltr'><strong>Episcopatus</strong></span> 
     </span>
    </p>
   </div>
   <div class='ocr_carea' id='block_1_67' title="bbox 1811 2738 3062 2809">
    <p class='ocr_par' dir='ltr' id='par_1_67' title="bbox 1811 2738 3062 2809">
     <span class='ocr_line' id='line_1_67' title="bbox 1811 2738 3062 2809; baseline 0.002 -18"><span class='ocrx_word' id='word_1_479' title='bbox 1811 2740 1954 2791; x_wconf 82' lang='lat' dir='ltr'><strong>enim</strong></span> <span class='ocrx_word' id='word_1_480' title='bbox 1984 2738 2208 2802; x_wconf 87' lang='lat' dir='ltr'><strong>dicitur,</strong></span> <span class='ocrx_word' id='word_1_481' title='bbox 2241 2753 2306 2793; x_wconf 94' lang='lat' dir='ltr'><strong>eo</strong></span> <span class='ocrx_word' id='word_1_482' title='bbox 2333 2738 2479 2807; x_wconf 90' lang='lat' dir='ltr'><strong>quod</strong></span> <span class='ocrx_word' id='word_1_483' title='bbox 2508 2754 2700 2793; x_wconf 90' lang='lat' dir='ltr'><strong>omnes</strong></span> <span class='ocrx_word' id='word_1_484' title='bbox 2724 2741 3062 2809; x_wconf 87' lang='lat' dir='ltr'><strong>speculetur.</strong></span> 
     </span>
    </p>
   </div>
   <div class='ocr_carea' id='block_1_68' title="bbox 1885 2829 3386 2900">
    <p class='ocr_par' dir='ltr' id='par_1_68' title="bbox 1885 2829 3386 2900">
     <span class='ocr_line' id='line_1_68' title="bbox 1885 2829 3386 2900; baseline 0.006 -21"><span class='ocrx_word' id='word_1_485' title='bbox 1885 2829 2046 2883; x_wconf 76' lang='lat' dir='ltr'><strong>Vens.</strong></span> <span class='ocrx_word' id='word_1_486' title='bbox 2089 2830 2144 2883; x_wconf 71' lang='lat'><strong>2.</strong></span> <span class='ocrx_word' id='word_1_487' title='bbox 2183 2829 2400 2897; x_wconf 77' lang='lat' dir='ltr'><strong>Oportet</strong></span> <span class='ocrx_word' id='word_1_488' title='bbox 2445 2830 2608 2898; x_wconf 82' lang='lat' dir='ltr'><strong>igitur</strong></span> <span class='ocrx_word' id='word_1_489' title='bbox 2657 2832 2957 2897; x_wconf 84' lang='lat' dir='ltr'><strong>episcopum</strong></span> <span class='ocrx_word' id='word_1_490' title='bbox 3009 2833 3386 2900; x_wconf 80' lang='lat' dir='ltr'><strong>irreprelteusi-</strong></span> 
     </span>
    </p>
   </div>
   <div class='ocr_carea' id='block_1_69' title="bbox 1812 2916 3387 2988">
    <p class='ocr_par' dir='ltr' id='par_1_69' title="bbox 1812 2916 3387 2988">
     <span class='ocr_line' id='line_1_69' title="bbox 1812 2916 3387 2988; baseline 0.004 -18"><span class='ocrx_word' id='word_1_491' title='bbox 1812 2918 1965 2972; x_wconf 85' lang='lat' dir='ltr'><strong>bilem</strong></span> <span class='ocrx_word' id='word_1_492' title='bbox 2017 2934 2150 2971; x_wconf 81' lang='lat' dir='ltr'><strong>esse.</strong></span> <span class='ocrx_word' id='word_1_493' title='bbox 2183 2919 2297 2971; x_wconf 74' lang='lat' dir='ltr'><strong>Hoc</strong></span> <span class='ocrx_word' id='word_1_494' title='bbox 2331 2926 2435 2979; x_wconf 88' lang='lat' dir='ltr'><strong>est,</strong></span> <span class='ocrx_word' id='word_1_495' title='bbox 2464 2916 2612 2971; x_wconf 84' lang='lat' dir='ltr'><strong>omni</strong></span> <span class='ocrx_word' id='word_1_496' title='bbox 2650 2920 2853 2972; x_wconf 76' lang='lat' dir='ltr'><strong>vit-tute</strong></span> <span class='ocrx_word' id='word_1_497' title='bbox 2900 2922 3278 2988; x_wconf 89' lang='lat' dir='ltr'><strong>conspicuum,</strong></span> <span class='ocrx_word' id='word_1_498' title='bbox 3327 2933 3387 2976; x_wconf 91' lang='lat' dir='ltr'><strong>ut</strong></span> 
     </span>
    </p>
   </div>
   <div class='ocr_carea' id='block_1_70' title="bbox 1812 3007 3382 3080">
    <p class='ocr_par' dir='ltr' id='par_1_70' title="bbox 1812 3007 3382 3080">
     <span class='ocr_line' id='line_1_70' title="bbox 1812 3007 3382 3080; baseline 0.004 -19"><span class='ocrx_word' id='word_1_499' title='bbox 1812 3024 1989 3077; x_wconf 84' lang='lat' dir='ltr'><strong>neque</strong></span> <span class='ocrx_word' id='word_1_500' title='bbox 2020 3008 2172 3062; x_wconf 91' lang='lat' dir='ltr'><strong>illum</strong></span> <span class='ocrx_word' id='word_1_501' title='bbox 2204 3008 2315 3070; x_wconf 91' lang='lat' dir='ltr'><strong>alii,</strong></span> <span class='ocrx_word' id='word_1_502' title='bbox 2343 3022 2518 3075; x_wconf 90' lang='lat' dir='ltr'><strong>neque</strong></span> <span class='ocrx_word' id='word_1_503' title='bbox 2548 3007 2663 3077; x_wconf 88' lang='lat' dir='ltr'><strong>ipse</strong></span> <span class='ocrx_word' id='word_1_504' title='bbox 2697 3010 2940 3077; x_wconf 89' lang='lat' dir='ltr'><strong>seipsum</strong></span> <span class='ocrx_word' id='word_1_505' title='bbox 2995 3013 3382 3080; x_wconf 80' lang='lat' dir='ltr'><strong>reprehendat.</strong></span> 
     </span>
    </p>
   </div>
   <div class='ocr_carea' id='block_1_71' title="bbox 1815 3098 3382 3168">
    <p class='ocr_par' dir='ltr' id='par_1_71' title="bbox 1815 3098 3382 3168">
     <span class='ocr_line' id='line_1_71' title="bbox 1815 3098 3382 3168; baseline 0.005 -17"><span class='ocrx_word' id='word_1_506' title='bbox 1815 3102 1998 3166; x_wconf 83' lang='lat' dir='ltr'><strong>Itaque</strong></span> <span class='ocrx_word' id='word_1_507' title='bbox 2019 3100 2066 3152; x_wconf 90' lang='lat' dir='ltr'><strong>si</strong></span> <span class='ocrx_word' id='word_1_508' title='bbox 2120 3098 2243 3167; x_wconf 88' lang='lat' dir='ltr'><strong>quis</strong></span> <span class='ocrx_word' id='word_1_509' title='bbox 2283 3098 2388 3151; x_wconf 84' lang='lat' dir='ltr'><strong>sibi</strong></span> <span class='ocrx_word' id='word_1_510' title='bbox 2443 3099 2514 3152; x_wconf 90' lang='lat' dir='ltr'><strong>sit</strong></span> <span class='ocrx_word' id='word_1_511' title='bbox 2550 3098 2667 3166; x_wconf 90' lang='lat' dir='ltr'><strong>ipse</strong></span> <span class='ocrx_word' id='word_1_512' title='bbox 2713 3113 3060 3168; x_wconf 84' lang='lat' dir='ltr'><strong>peccatorum</strong></span> <span class='ocrx_word' id='word_1_513' title='bbox 3103 3105 3382 3167; x_wconf 87' lang='lat' dir='ltr'><strong>conscius,</strong></span> 
     </span>
    </p>
   </div>
   <div class='ocr_carea' id='block_1_72' title="bbox 1814 3190 3382 3262">
    <p class='ocr_par' dir='ltr' id='par_1_72' title="bbox 1814 3190 3382 3262">
     <span class='ocr_line' id='line_1_72' title="bbox 1814 3190 3382 3262; baseline 0.003 -18"><span class='ocrx_word' id='word_1_514' title='bbox 1814 3208 1880 3244; x_wconf 89' lang='lat' dir='ltr'><strong>ne</strong></span> <span class='ocrx_word' id='word_1_515' title='bbox 1911 3191 2183 3246; x_wconf 88' lang='lat' dir='ltr'><strong>desideret</strong></span> <span class='ocrx_word' id='word_1_516' title='bbox 2205 3192 2602 3258; x_wconf 86' lang='lat' dir='ltr'><strong>episc0patum,</strong></span> <span class='ocrx_word' id='word_1_517' title='bbox 2635 3205 2663 3242; x_wconf 90' lang='lat' dir='ltr'><strong>a</strong></span> <span class='ocrx_word' id='word_1_518' title='bbox 2694 3205 2804 3259; x_wconf 89' lang='lat' dir='ltr'><strong>quo</strong></span> <span class='ocrx_word' id='word_1_519' title='bbox 2829 3190 3069 3258; x_wconf 78' lang='lat' dir='ltr'><strong>seipsum</strong></span> <span class='ocrx_word' id='word_1_520' title='bbox 3101 3208 3194 3261; x_wconf 89' lang='lat' dir='ltr'><strong>per</strong></span> <span class='ocrx_word' id='word_1_521' title='bbox 3216 3209 3382 3262; x_wconf 80' lang='lat' dir='ltr'><strong>opera</strong></span> 
     </span>
    </p>
   </div>
   <div class='ocr_carea' id='block_1_73' title="bbox 1809 3279 3380 3349">
    <p class='ocr_par' dir='ltr' id='par_1_73' title="bbox 1809 3279 3380 3349">
     <span class='ocr_line' id='line_1_73' title="bbox 1809 3279 3380 3349; baseline 0.003 -15"><span class='ocrx_word' id='word_1_522' title='bbox 1809 3281 1992 3346; x_wconf 76' lang='lat' dir='ltr'><strong>eiecit.</strong></span> <span class='ocrx_word' id='word_1_523' title='bbox 2025 3281 2177 3333; x_wconf 88' lang='lat' dir='ltr'><strong>lllutn</strong></span> <span class='ocrx_word' id='word_1_524' title='bbox 2211 3280 2359 3333; x_wconf 89' lang='lat' dir='ltr'><strong>enim</strong></span> <span class='ocrx_word' id='word_1_525' title='bbox 2386 3281 2478 3349; x_wconf 91' lang='lat' dir='ltr'><strong>qui</strong></span> <span class='ocrx_word' id='word_1_526' title='bbox 2525 3280 2650 3332; x_wconf 91' lang='lat' dir='ltr'><strong>aliis</strong></span> <span class='ocrx_word' id='word_1_527' title='bbox 2703 3287 2916 3347; x_wconf 65' lang='lat' dir='ltr'><strong>praeest,</strong></span> <span class='ocrx_word' id='word_1_528' title='bbox 2971 3279 3134 3333; x_wconf 84' lang='lat' dir='ltr'><strong>veluti</strong></span> <span class='ocrx_word' id='word_1_529' title='bbox 3166 3281 3380 3338; x_wconf 86' lang='lat' dir='ltr'><strong>stellam</strong></span> 
     </span>
    </p>
   </div>
   <div class='ocr_carea' id='block_1_74' title="bbox 1811 3367 3382 3439">
    <p class='ocr_par' dir='ltr' id='par_1_74' title="bbox 1811 3367 3382 3439">
     <span class='ocr_line' id='line_1_74' title="bbox 1811 3367 3382 3439; baseline 0.001 -17"><span class='ocrx_word' id='word_1_530' title='bbox 1811 3385 1932 3423; x_wconf 63' lang='lat' dir='ltr'><strong>esse</strong></span> <span class='ocrx_word' id='word_1_531' title='bbox 1986 3376 2223 3439; x_wconf 88' lang='lat' dir='ltr'><strong>oportet,</strong></span> <span class='ocrx_word' id='word_1_532' title='bbox 2267 3368 2335 3421; x_wconf 86' lang='lat' dir='ltr'><strong>ad</strong></span> <span class='ocrx_word' id='word_1_533' title='bbox 2373 3382 2564 3422; x_wconf 87' lang='lat' dir='ltr'><strong>omnes</strong></span> <span class='ocrx_word' id='word_1_534' title='bbox 2587 3368 2639 3420; x_wconf 91' lang='lat' dir='ltr'><strong>in</strong></span> <span class='ocrx_word' id='word_1_535' title='bbox 2665 3367 2847 3436; x_wconf 82' lang='lat' dir='ltr'><strong>ipsum</strong></span> <span class='ocrx_word' id='word_1_536' title='bbox 2874 3367 3152 3420; x_wconf 89' lang='lat' dir='ltr'><strong>intuentes</strong></span> <span class='ocrx_word' id='word_1_537' title='bbox 3181 3369 3382 3423; x_wconf 86' lang='lat' dir='ltr'><strong>illumi-</strong></span> 
     </span>
    </p>
   </div>
   <div class='ocr_carea' id='block_1_75' title="bbox 1813 3458 2530 3527">
    <p class='ocr_par' dir='ltr' id='par_1_75' title="bbox 1813 3458 2530 3527">
     <span class='ocr_line' id='line_1_75' title="bbox 1813 3458 2530 3527; baseline -0.001 -15"><span class='ocrx_word' id='word_1_538' title='bbox 1813 3459 2052 3512; x_wconf 81' lang='lat' dir='ltr'><strong>nandttm</strong></span> <span class='ocrx_word' id='word_1_539' title='bbox 2084 3467 2138 3512; x_wconf 94' lang='lat' dir='ltr'><strong>et</strong></span> <span class='ocrx_word' id='word_1_540' title='bbox 2169 3458 2530 3527; x_wconf 74' lang='lat' dir='ltr'><strong>dirigcndum.</strong></span> 
     </span>
    </p>
   </div>
   <div class='ocr_carea' id='block_1_76' title="bbox 1891 3545 3379 3622">
    <p class='ocr_par' dir='ltr' id='par_1_76' title="bbox 1891 3545 3379 3622">
     <span class='ocr_line' id='line_1_76' title="bbox 1891 3545 3379 3622; baseline 0.005 -22"><span class='ocrx_word' id='word_1_541' title='bbox 1891 3545 2057 3600; x_wconf 80' lang='lat' dir='ltr'><strong>Unius</strong></span> <span class='ocrx_word' id='word_1_542' title='bbox 2101 3549 2284 3602; x_wconf 73' lang='lat' dir='ltr'><strong>uxoris</strong></span> <span class='ocrx_word' id='word_1_543' title='bbox 2326 3550 2517 3602; x_wconf 75' lang='lat' dir='ltr'><strong>cirum.</strong></span> <span class='ocrx_word' id='word_1_544' title='bbox 2563 3548 2620 3603; x_wconf 89' lang='lat' dir='ltr'><strong>Si</strong></span> <span class='ocrx_word' id='word_1_545' title='bbox 2677 3551 2724 3606; x_wconf 82' lang='lat' dir='ltr'><strong>is</strong></span> <span class='ocrx_word' id='word_1_546' title='bbox 2750 3555 2843 3622; x_wconf 91' lang='lat' dir='ltr'><strong>qui</strong></span> <span class='ocrx_word' id='word_1_547' title='bbox 2875 3553 3093 3609; x_wconf 73' lang='lat' dir='ltr'><strong>duxerit</strong></span> <span class='ocrx_word' id='word_1_548' title='bbox 3129 3567 3379 3618; x_wconf 82' lang='lat' dir='ltr'><strong>uxorem,</strong></span> 
     </span>
    </p>
   </div>
   <div class='ocr_carea' id='block_1_77' title="bbox 1815 3637 3383 3713">
    <p class='ocr_par' dir='ltr' id='par_1_77' title="bbox 1815 3637 3383 3713">
     <span class='ocr_line' id='line_1_77' title="bbox 1815 3637 3383 3713; baseline 0.004 -21"><span class='ocrx_word' id='word_1_549' title='bbox 1815 3637 2086 3692; x_wconf 86' lang='lat' dir='ltr'><strong>sollicitus</strong></span> <span class='ocrx_word' id='word_1_550' title='bbox 2112 3647 2194 3692; x_wconf 92' lang='lat' dir='ltr'><strong>est</strong></span> <span class='ocrx_word' id='word_1_551' title='bbox 2216 3652 2314 3708; x_wconf 91' lang='lat' dir='ltr'><strong>pro</strong></span> <span class='ocrx_word' id='word_1_552' title='bbox 2353 3639 2518 3694; x_wconf 86' lang='lat' dir='ltr'><strong>rebus</strong></span> <span class='ocrx_word' id='word_1_553' title='bbox 2547 3642 2864 3708; x_wconf 86' lang='lat' dir='ltr'><strong>mundanis,</strong></span> <span class='ocrx_word' id='word_1_554' title='bbox 2897 3643 3216 3713; x_wconf 84' lang='lat' dir='ltr'><strong>episcopum</strong></span> <span class='ocrx_word' id='word_1_555' title='bbox 3251 3659 3383 3698; x_wconf 84' lang='lat' dir='ltr'><strong>vero</strong></span> 
     </span>
    </p>
   </div>
   <div class='ocr_carea' id='block_1_78' title="bbox 1814 3727 3380 3805">
    <p class='ocr_par' dir='ltr' id='par_1_78' title="bbox 1814 3727 3380 3805">
     <span class='ocr_line' id='line_1_78' title="bbox 1814 3727 3380 3805; baseline 0.006 -27"><span class='ocrx_word' id='word_1_556' title='bbox 1814 3729 1881 3780; x_wconf 89' lang='lat' dir='ltr'><strong>de</strong></span> <span class='ocrx_word' id='word_1_557' title='bbox 1905 3727 2089 3781; x_wconf 87' lang='lat' dir='ltr'><strong>mundi</strong></span> <span class='ocrx_word' id='word_1_558' title='bbox 2120 3729 2357 3796; x_wconf 75' lang='lat' dir='ltr'><strong>negotiis</strong></span> <span class='ocrx_word' id='word_1_559' title='bbox 2378 3730 2672 3784; x_wconf 88' lang='lat' dir='ltr'><strong>sollicitum</strong></span> <span class='ocrx_word' id='word_1_560' title='bbox 2702 3747 2826 3787; x_wconf 83' lang='lat' dir='ltr'><strong>esse</strong></span> <span class='ocrx_word' id='word_1_561' title='bbox 2864 3749 2975 3788; x_wconf 92' lang='lat' dir='ltr'><strong>non</strong></span> <span class='ocrx_word' id='word_1_562' title='bbox 3015 3742 3255 3805; x_wconf 86' lang='lat' dir='ltr'><strong>oportet,</strong></span> <span class='ocrx_word' id='word_1_563' title='bbox 3287 3733 3380 3804; x_wconf 90' lang='lat' dir='ltr'><strong>qui</strong></span> 
     </span>
    </p>
   </div>
   <div class='ocr_carea' id='block_1_79' title="bbox 1815 3809 3382 3894">
    <p class='ocr_par' dir='ltr' id='par_1_79' title="bbox 1815 3809 3382 3894">
     <span class='ocr_line' id='line_1_79' title="bbox 1815 3809 3382 3894; baseline 0.006 -24"><span class='ocrx_word' id='word_1_564' title='bbox 1815 3817 1970 3882; x_wconf 80' lang='lat' dir='ltr'><strong>dicit,</strong></span> <span class='ocrx_word' id='word_1_565' title='bbox 1998 3809 2172 3870; x_wconf 74' lang='lat' dir='ltr'><strong>Unius</strong></span> <span class='ocrx_word' id='word_1_566' title='bbox 2210 3820 2394 3873; x_wconf 74' lang='lat' dir='ltr'><strong>uxoris</strong></span> <span class='ocrx_word' id='word_1_567' title='bbox 2449 3822 2750 3876; x_wconf 77' lang='lat' dir='ltr'><strong>maritum?</strong></span> <span class='ocrx_word' id='word_1_568' title='bbox 2791 3823 2950 3879; x_wconf 87' lang='lat' dir='ltr'><strong>Certe</strong></span> <span class='ocrx_word' id='word_1_569' title='bbox 2999 3824 3218 3894; x_wconf 88' lang='lat' dir='ltr'><strong>quidem</strong></span> <span class='ocrx_word' id='word_1_570' title='bbox 3239 3839 3382 3879; x_wconf 84' lang='lat' dir='ltr'><strong>non-</strong></span> 
     </span>
    </p>
   </div>
   <div class='ocr_carea' id='block_1_80' title="bbox 1815 3908 3382 3978">
    <p class='ocr_par' dir='ltr' id='par_1_80' title="bbox 1815 3908 3382 3978">
     <span class='ocr_line' id='line_1_80' title="bbox 1815 3908 3382 3978; baseline 0.005 -17"><span class='ocrx_word' id='word_1_571' title='bbox 1815 3908 1947 3961; x_wconf 89' lang='lat' dir='ltr'><strong>nulli</strong></span> <span class='ocrx_word' id='word_1_572' title='bbox 2001 3921 2277 3972; x_wconf 88' lang='lat' dir='ltr'><strong>asserunt,</strong></span> <span class='ocrx_word' id='word_1_573' title='bbox 2332 3911 2476 3978; x_wconf 90' lang='lat' dir='ltr'><strong>quod</strong></span> <span class='ocrx_word' id='word_1_574' title='bbox 2528 3914 2770 3968; x_wconf 68' lang='lat' dir='ltr'><strong>carlibem</strong></span> <span class='ocrx_word' id='word_1_575' title='bbox 2815 3915 3034 3970; x_wconf 92' lang='lat' dir='ltr'><strong>innuit:</strong></span> <span class='ocrx_word' id='word_1_576' title='bbox 3081 3923 3136 3969; x_wconf 88' lang='lat' dir='ltr'><strong>et</strong></span> <span class='ocrx_word' id='word_1_577' title='bbox 3185 3917 3230 3969; x_wconf 88' lang='lat' dir='ltr'><strong>si</strong></span> <span class='ocrx_word' id='word_1_578' title='bbox 3269 3917 3382 3969; x_wconf 86' lang='lat' dir='ltr'><strong>hoc</strong></span> 
     </span>
    </p>
   </div>
   <div class='ocr_carea' id='block_1_81' title="bbox 1819 3997 3384 4070">
    <p class='ocr_par' dir='ltr' id='par_1_81' title="bbox 1819 3997 3384 4070">
     <span class='ocr_line' id='line_1_81' title="bbox 1819 3997 3384 4070; baseline 0.005 -20"><span class='ocrx_word' id='word_1_579' title='bbox 1819 3997 1934 4050; x_wconf 78' lang='lat' dir='ltr'><strong>fieri</strong></span> <span class='ocrx_word' id='word_1_580' title='bbox 1979 3999 2188 4065; x_wconf 74' lang='lat' dir='ltr'><strong>nequit,</strong></span> <span class='ocrx_word' id='word_1_581' title='bbox 2224 4001 2420 4053; x_wconf 80' lang='lat' dir='ltr'><strong>habeat</strong></span> <span class='ocrx_word' id='word_1_582' title='bbox 2461 4003 2678 4069; x_wconf 84' lang='lat' dir='ltr'><strong>quidem</strong></span> <span class='ocrx_word' id='word_1_583' title='bbox 2730 4004 2942 4057; x_wconf 90' lang='lat' dir='ltr'><strong>unicam</strong></span> <span class='ocrx_word' id='word_1_584' title='bbox 2997 4019 3241 4070; x_wconf 82' lang='lat' dir='ltr'><strong>uxorem,</strong></span> <span class='ocrx_word' id='word_1_585' title='bbox 3294 4023 3384 4058; x_wconf 72' lang='lat' dir='ltr'><strong>re-</strong></span> 
     </span>
    </p>
   </div>
   <div class='ocr_carea' id='block_1_82' title="bbox 1816 4091 3384 4164">
    <p class='ocr_par' dir='ltr' id='par_1_82' title="bbox 1816 4091 3384 4164">
     <span class='ocr_line' id='line_1_82' title="bbox 1816 4091 3384 4164; baseline 0.006 -24"><span class='ocrx_word' id='word_1_586' title='bbox 1816 4103 1934 4140; x_wconf 83' lang='lat' dir='ltr'><strong>rum</strong></span> <span class='ocrx_word' id='word_1_587' title='bbox 1968 4096 2149 4142; x_wconf 91' lang='lat' dir='ltr'><strong>tamen</strong></span> <span class='ocrx_word' id='word_1_588' title='bbox 2192 4091 2271 4144; x_wconf 86' lang='lat' dir='ltr'><strong>sic</strong></span> <span class='ocrx_word' id='word_1_589' title='bbox 2309 4093 2463 4158; x_wconf 84' lang='lat' dir='ltr'><strong>quasi</strong></span> <span class='ocrx_word' id='word_1_590' title='bbox 2502 4108 2606 4146; x_wconf 93' lang='lat' dir='ltr'><strong>non</strong></span> <span class='ocrx_word' id='word_1_591' title='bbox 2663 4095 2856 4148; x_wconf 80' lang='lat' dir='ltr'><strong>habeat</strong></span> <span class='ocrx_word' id='word_1_592' title='bbox 2892 4114 2904 4148; x_wconf 93' lang='lat'>:</span> <span class='ocrx_word' id='word_1_593' title='bbox 2941 4095 3042 4149; x_wconf 93' lang='lat' dir='ltr'><strong>hoc</strong></span> <span class='ocrx_word' id='word_1_594' title='bbox 3089 4105 3172 4150; x_wconf 89' lang='lat' dir='ltr'><strong>est</strong></span> <span class='ocrx_word' id='word_1_595' title='bbox 3226 4097 3384 4164; x_wconf 88' lang='lat' dir='ltr'><strong>cupi--</strong></span> 
     </span>
    </p>
   </div>
   <div class='ocr_carea' id='block_1_83' title="bbox 1814 4177 3381 4255">
    <p class='ocr_par' dir='ltr' id='par_1_83' title="bbox 1814 4177 3381 4255">
     <span class='ocr_line' id='line_1_83' title="bbox 1814 4177 3381 4255; baseline 0.007 -25"><span class='ocrx_word' id='word_1_596' title='bbox 1814 4177 2080 4233; x_wconf 80' lang='lat' dir='ltr'><strong>ditatibus</strong></span> <span class='ocrx_word' id='word_1_597' title='bbox 2113 4180 2232 4248; x_wconf 87' lang='lat' dir='ltr'><strong>ejus</strong></span> <span class='ocrx_word' id='word_1_598' title='bbox 2265 4195 2373 4233; x_wconf 92' lang='lat' dir='ltr'><strong>non</strong></span> <span class='ocrx_word' id='word_1_599' title='bbox 2413 4182 2691 4236; x_wconf 89' lang='lat' dir='ltr'><strong>subditus.</strong></span> <span class='ocrx_word' id='word_1_600' title='bbox 2738 4184 2928 4248; x_wconf 82' lang='lat' dir='ltr'><strong>Porro,</strong></span> <span class='ocrx_word' id='word_1_601' title='bbox 2980 4200 3085 4237; x_wconf 90' lang='lat' dir='ltr'><strong>non</strong></span> <span class='ocrx_word' id='word_1_602' title='bbox 3119 4192 3177 4238; x_wconf 90' lang='lat' dir='ltr'><strong>ut</strong></span> <span class='ocrx_word' id='word_1_603' title='bbox 3209 4185 3381 4255; x_wconf 77' lang='lat' dir='ltr'><strong>legem</strong></span> 
     </span>
    </p>
   </div>
   <div class='ocr_carea' id='block_1_84' title="bbox 1815 4268 3385 4345">
    <p class='ocr_par' dir='ltr' id='par_1_84' title="bbox 1815 4268 3385 4345">
     <span class='ocr_line' id='line_1_84' title="bbox 1815 4268 3385 4345; baseline 0.007 -25"><span class='ocrx_word' id='word_1_604' title='bbox 1815 4270 2026 4321; x_wconf 87' lang='lat' dir='ltr'><strong>sanciat</strong></span> <span class='ocrx_word' id='word_1_605' title='bbox 2057 4268 2160 4322; x_wconf 92' lang='lat' dir='ltr'><strong>hoc</strong></span> <span class='ocrx_word' id='word_1_606' title='bbox 2192 4271 2345 4334; x_wconf 89' lang='lat' dir='ltr'><strong>dicit,</strong></span> <span class='ocrx_word' id='word_1_607' title='bbox 2391 4273 2534 4339; x_wconf 85' lang='lat' dir='ltr'><strong>quod</strong></span> <span class='ocrx_word' id='word_1_608' title='bbox 2582 4274 2808 4326; x_wconf 91' lang='lat' dir='ltr'><strong>omnino</strong></span> <span class='ocrx_word' id='word_1_609' title='bbox 2868 4286 3118 4342; x_wconf 83' lang='lat' dir='ltr'><strong>oporteat</strong></span> <span class='ocrx_word' id='word_1_610' title='bbox 3166 4278 3385 4345; x_wconf 79' lang='lat' dir='ltr'><strong>episco-</strong></span> 
     </span>
    </p>
   </div>
   <div class='ocr_carea' id='block_1_85' title="bbox 1815 4363 3381 4432">
    <p class='ocr_par' dir='ltr' id='par_1_85' title="bbox 1815 4363 3381 4432">
     <span class='ocr_line' id='line_1_85' title="bbox 1815 4363 3381 4432; baseline 0.004 -20"><span class='ocrx_word' id='word_1_611' title='bbox 1815 4373 1940 4426; x_wconf 83' lang='lat' dir='ltr'><strong>pum</strong></span> <span class='ocrx_word' id='word_1_612' title='bbox 1975 4371 2266 4412; x_wconf 77' lang='lat' dir='ltr'><strong>uxoratunt</strong></span> <span class='ocrx_word' id='word_1_613' title='bbox 2296 4377 2418 4415; x_wconf 80' lang='lat' dir='ltr'><strong>esse</strong></span> <span class='ocrx_word' id='word_1_614' title='bbox 2456 4363 2582 4430; x_wconf 88' lang='lat' dir='ltr'><strong>:qui</strong></span> <span class='ocrx_word' id='word_1_615' title='bbox 2609 4365 2754 4416; x_wconf 89' lang='lat' dir='ltr'><strong>enim</strong></span> <span class='ocrx_word' id='word_1_616' title='bbox 2781 4364 2924 4417; x_wconf 90' lang='lat' dir='ltr'><strong>istud</strong></span> <span class='ocrx_word' id='word_1_617' title='bbox 2951 4368 3224 4432; x_wconf 74' lang='lat' dir='ltr'><strong>statuerit,</strong></span> <span class='ocrx_word' id='word_1_618' title='bbox 3257 4381 3381 4420; x_wconf 90' lang='lat' dir='ltr'><strong>cum</strong></span> 
     </span>
    </p>
   </div>
   <div class='ocr_carea' id='block_1_86' title="bbox 1817 4449 3383 4522">
    <p class='ocr_par' dir='ltr' id='par_1_86' title="bbox 1817 4449 3383 4522">
     <span class='ocr_line' id='line_1_86' title="bbox 1817 4449 3383 4522; baseline 0.006 -24"><span class='ocrx_word' id='word_1_619' title='bbox 1817 4449 1952 4501; x_wconf 83' lang='lat' dir='ltr'><strong>alias</strong></span> <span class='ocrx_word' id='word_1_620' title='bbox 1983 4449 2150 4511; x_wconf 80' lang='lat' dir='ltr'><strong>dicat,</strong></span> <span class='ocrx_word' id='word_1_621' title='bbox 2201 4449 2328 4503; x_wconf 81' lang='lat' dir='ltr'><strong>Volo</strong></span> <span class='ocrx_word' id='word_1_622' title='bbox 2378 4468 2466 4505; x_wconf 84' lang='lat' dir='ltr'><strong>vos</strong></span> <span class='ocrx_word' id='word_1_623' title='bbox 2493 4469 2672 4506; x_wconf 84' lang='lat' dir='ltr'><strong>omnes</strong></span> <span class='ocrx_word' id='word_1_624' title='bbox 2698 4470 2810 4507; x_wconf 83' lang='lat' dir='ltr'><strong>esse</strong></span> <span class='ocrx_word' id='word_1_625' title='bbox 2845 4455 2980 4507; x_wconf 84' lang='lat' dir='ltr'><strong>sicut</strong></span> <span class='ocrx_word' id='word_1_626' title='bbox 3015 4459 3268 4522; x_wconf 80' lang='lat' dir='ltr'><strong>meipsum</strong></span> <span class='ocrx_word' id='word_1_627' title='bbox 3293 4455 3383 4507; x_wconf 70' lang='lat'><strong>&quot;2</strong></span> 
     </span>
    </p>
   </div>
   <div class='ocr_carea' id='block_1_87' title="bbox 152 4538 1708 4631">
    <p class='ocr_par' dir='ltr' id='par_1_87' title="bbox 152 4547 1705 4618">
     <span class='ocr_line' id='line_1_87' title="bbox 152 4547 1705 4618; baseline -0.002 -17"><span class='ocrx_word' id='word_1_628' title='bbox 152 4553 259 4611; x_wconf 71' lang='grc' dir='ltr'>τοὺς</span> <span class='ocrx_word' id='word_1_629' title='bbox 297 4551 607 4614; x_wconf 73' lang='grc' dir='ltr'>Ἰουδαίους,</span> <span class='ocrx_word' id='word_1_630' title='bbox 641 4549 871 4610; x_wconf 78' lang='grc' dir='ltr'>ἐκείνοις</span> <span class='ocrx_word' id='word_1_631' title='bbox 901 4549 1008 4618; x_wconf 85' lang='grc' dir='ltr'>γὰρ</span> <span class='ocrx_word' id='word_1_632' title='bbox 1041 4550 1224 4615; x_wconf 82' lang='grc' dir='ltr'>ἐφεῖτο</span> <span class='ocrx_word' id='word_1_633' title='bbox 1251 4548 1284 4616; x_wconf 88' lang='grc' dir='ltr'><strong>ή</strong></span> <span class='ocrx_word' id='word_1_634' title='bbox 1319 4547 1634 4614; x_wconf 79' lang='grc' dir='ltr'>πολυγαμὶα</span> <span class='ocrx_word' id='word_1_635' title='bbox 1663 4547 1705 4598; x_wconf 85' lang='grc'><strong>⁸.</strong></span> 
     </span>
    </p>
   </div>
   <div class='ocr_carea' id='block_1_88' title="bbox 1811 4538 3386 4631">
    <p class='ocr_par' dir='ltr' id='par_1_88' title="bbox 1821 4538 3386 4614">
     <span class='ocr_line' id='line_1_88' title="bbox 1821 4538 3386 4614; baseline 0.006 -24"><span class='ocrx_word' id='word_1_636' title='bbox 1821 4538 2019 4594; x_wconf 73' lang='lat' dir='ltr'><strong>Verum</strong></span> <span class='ocrx_word' id='word_1_637' title='bbox 2066 4541 2193 4610; x_wconf 90' lang='lat' dir='ltr'><strong>quia</strong></span> <span class='ocrx_word' id='word_1_638' title='bbox 2236 4551 2450 4612; x_wconf 84' lang='lat' dir='ltr'><strong>tempus</strong></span> <span class='ocrx_word' id='word_1_639' title='bbox 2512 4545 2581 4595; x_wconf 89' lang='lat' dir='ltr'><strong>ita</strong></span> <span class='ocrx_word' id='word_1_640' title='bbox 2627 4556 2739 4599; x_wconf 89' lang='lat' dir='ltr'><strong>tum</strong></span> <span class='ocrx_word' id='word_1_641' title='bbox 2781 4548 3112 4614; x_wconf 78' lang='lat' dir='ltr'><strong>postulabat,</strong></span> <span class='ocrx_word' id='word_1_642' title='bbox 3166 4548 3222 4601; x_wconf 91' lang='lat' dir='ltr'><strong>Si</strong></span> <span class='ocrx_word' id='word_1_643' title='bbox 3253 4562 3386 4600; x_wconf 86' lang='lat' dir='ltr'><strong>con-</strong></span> 
     </span>
    </p>
   </div>
   <div class='ocr_carea' id='block_1_89' title="bbox 151 4637 1710 4709">
    <p class='ocr_par' dir='ltr' id='par_1_89' title="bbox 151 4637 1710 4709">
     <span class='ocr_line' id='line_1_89' title="bbox 151 4637 1710 4709; baseline -0.002 -20"><span class='ocrx_word' id='word_1_644' title='bbox 151 4639 288 4698; x_wconf 78' lang='grc' dir='ltr'>Τινὲς</span> <span class='ocrx_word' id='word_1_645' title='bbox 315 4642 370 4692; x_wconf 79' lang='grc' dir='ltr'>δὲ</span> <span class='ocrx_word' id='word_1_646' title='bbox 401 4640 710 4706; x_wconf 74' lang='grc' dir='ltr'>ἀλογίστως</span> <span class='ocrx_word' id='word_1_647' title='bbox 735 4638 862 4709; x_wconf 78' lang='grc' dir='ltr'>περὶ</span> <span class='ocrx_word' id='word_1_648' title='bbox 901 4637 1220 4708; x_wconf 78' lang='grc' dir='ltr'>Ἐκκλησίας</span> <span class='ocrx_word' id='word_1_649' title='bbox 1255 4637 1458 4704; x_wconf 75' lang='grc' dir='ltr'>ἔφασαν</span> <span class='ocrx_word' id='word_1_650' title='bbox 1486 4639 1506 4668; x_wconf 77' lang='grc'>⁸</span> <span class='ocrx_word' id='word_1_651' title='bbox 1534 4638 1710 4702; x_wconf 73' lang='grc' dir='ltr'>λέγειν</span> 
     </span>
    </p>
   </div>
   <div class='ocr_carea' id='block_1_90' title="bbox 147 4729 1706 4798">
    <p class='ocr_par' dir='ltr' id='par_1_90' title="bbox 147 4729 1706 4798">
     <span class='ocr_line' id='line_1_90' title="bbox 147 4729 1706 4798; baseline -0.001 -18"><span class='ocrx_word' id='word_1_652' title='bbox 147 4734 225 4780; x_wconf 65' lang='grc' dir='ltr'>τὸν</span> <span class='ocrx_word' id='word_1_653' title='bbox 262 4733 584 4784; x_wconf 77' lang='grc' dir='ltr'>Ἀπόστολον</span> <span class='ocrx_word' id='word_1_654' title='bbox 638 4730 818 4793; x_wconf 82' lang='grc' dir='ltr'>τοῦτο,</span> <span class='ocrx_word' id='word_1_655' title='bbox 860 4731 975 4782; x_wconf 85' lang='grc' dir='ltr'>Ἵνα</span> <span class='ocrx_word' id='word_1_656' title='bbox 1031 4730 1105 4798; x_wconf 83' lang='grc' dir='ltr'>μὴ</span> <span class='ocrx_word' id='word_1_657' title='bbox 1154 4729 1472 4798; x_wconf 77' lang='grc' dir='ltr'>μεταϐαίνῃ,</span> <span class='ocrx_word' id='word_1_658' title='bbox 1523 4731 1706 4794; x_wconf 70' lang='grc' dir='ltr'>φασὶν,</span> 
     </span>
    </p>
   </div>
   <div class='ocr_carea' id='block_1_91' title="bbox 147 4819 1707 4890">
    <p class='ocr_par' dir='ltr' id='par_1_91' title="bbox 147 4819 1707 4890">
     <span class='ocr_line' id='line_1_91' title="bbox 147 4819 1707 4890; baseline -0.002 -19"><span class='ocrx_word' id='word_1_659' title='bbox 147 4820 241 4871; x_wconf 67' lang='grc' dir='ltr'><strong>ἀπὸ</strong></span> <span class='ocrx_word' id='word_1_660' title='bbox 273 4822 603 4890; x_wconf 76' lang='grc' dir='ltr'>Ἐκκλησέας</span> <span class='ocrx_word' id='word_1_661' title='bbox 654 4823 732 4884; x_wconf 78' lang='grc' dir='ltr'>εἰς</span> <span class='ocrx_word' id='word_1_662' title='bbox 774 4819 1102 4888; x_wconf 77' lang='grc' dir='ltr'>Ἐκκλησὶαν</span> <span class='ocrx_word' id='word_1_663' title='bbox 1135 4835 1148 4851; x_wconf 74' lang='grc' dir='ltr'><strong><em>ο</em></strong></span> <span class='ocrx_word' id='word_1_664' title='bbox 1177 4819 1389 4887; x_wconf 79' lang='grc' dir='ltr'>μοιχεία</span> <span class='ocrx_word' id='word_1_665' title='bbox 1448 4819 1554 4886; x_wconf 80' lang='grc' dir='ltr'><strong>γάρ</strong></span> <span class='ocrx_word' id='word_1_666' title='bbox 1593 4819 1707 4870; x_wconf 80' lang='grc' dir='ltr'>ἐστι</span> 
     </span>
    </p>
   </div>
   <div class='ocr_carea' id='block_1_92' title="bbox 147 4913 526 4980">
    <p class='ocr_par' dir='ltr' id='par_1_92' title="bbox 147 4913 526 4980">
     <span class='ocr_line' id='line_1_92' title="bbox 147 4913 526 4980; baseline 0.011 -21"><span class='ocrx_word' id='word_1_667' title='bbox 147 4913 196 4959; x_wconf 63' lang='grc' dir='ltr'>τῦ</span> <span class='ocrx_word' id='word_1_668' title='bbox 229 4916 451 4980; x_wconf 80' lang='grc' dir='ltr'>πρᾶγμα</span> <span class='ocrx_word' id='word_1_669' title='bbox 482 4913 526 4963; x_wconf 85' lang='lat'><strong>&#39;.</strong></span> 
     </span>
    </p>
   </div>
   <div class='ocr_carea' id='block_1_93' title="bbox 209 5169 1705 5242">
    <p class='ocr_par' dir='ltr' id='par_1_93' title="bbox 209 5169 1705 5242">
     <span class='ocr_line' id='line_1_93' title="bbox 209 5169 1705 5242; baseline -0.005 -16"><span class='ocrx_word' id='word_1_670' title='bbox 209 5173 535 5241; x_wconf 56' lang='grc' dir='ltr'><strong>[νηφάλιον.</strong></span> <span class='ocrx_word' id='word_1_671' title='bbox 568 5171 881 5237; x_wconf 84' lang='grc' dir='ltr'>Τουτέστιν,</span> <span class='ocrx_word' id='word_1_672' title='bbox 913 5171 1057 5238; x_wconf 61' lang='lat' dir='ltr'><strong>dibu,</strong></span> <span class='ocrx_word' id='word_1_673' title='bbox 1077 5171 1404 5242; x_wconf 83' lang='grc' dir='ltr'>διορατικὸν,</span> <span class='ocrx_word' id='word_1_674' title='bbox 1429 5169 1705 5238; x_wconf 78' lang='grc' dir='ltr'>ἀγχίνουν,</span> 
     </span>
    </p>
   </div>
   <div class='ocr_carea' id='block_1_94' title="bbox 151 5259 1710 5333">
    <p class='ocr_par' dir='ltr' id='par_1_94' title="bbox 151 5259 1710 5333">
     <span class='ocr_line' id='line_1_94' title="bbox 151 5259 1710 5333; baseline 0 -23"><span class='ocrx_word' id='word_1_675' title='bbox 151 5264 267 5327; x_wconf 67' lang='grc' dir='ltr'>μγ,δέ</span> <span class='ocrx_word' id='word_1_676' title='bbox 295 5264 398 5315; x_wconf 81' lang='grc' dir='ltr'>ὑπὸ</span> <span class='ocrx_word' id='word_1_677' title='bbox 437 5264 740 5333; x_wconf 76' lang='grc' dir='ltr'>φροντίδων</span> <span class='ocrx_word' id='word_1_678' title='bbox 791 5264 886 5315; x_wconf 70' lang='grc' dir='ltr'><strong>καὶ</strong></span> <span class='ocrx_word' id='word_1_679' title='bbox 931 5263 1178 5330; x_wconf 82' lang='grc' dir='ltr'>ἀθυμιῶν</span> <span class='ocrx_word' id='word_1_680' title='bbox 1235 5259 1710 5328; x_wconf 77' lang='grc' dir='ltr'>καταϐαπτιζὸμε-</span> 
     </span>
    </p>
   </div>
   <div class='ocr_carea' id='block_1_95' title="bbox 149 5352 1708 5422">
    <p class='ocr_par' dir='ltr' id='par_1_95' title="bbox 149 5352 1708 5422">
     <span class='ocr_line' id='line_1_95' title="bbox 149 5352 1708 5422; baseline 0 -23"><span class='ocrx_word' id='word_1_681' title='bbox 149 5368 244 5414; x_wconf 62' lang='grc' dir='ltr'>ναν,</span> <span class='ocrx_word' id='word_1_682' title='bbox 302 5353 414 5405; x_wconf 64' lang='grc' dir='ltr'>ἀλλ’</span> <span class='ocrx_word' id='word_1_683' title='bbox 481 5356 576 5405; x_wconf 75' lang='grc' dir='ltr'><strong>ἀεὶ</strong></span> <span class='ocrx_word' id='word_1_684' title='bbox 629 5352 1030 5422; x_wconf 83' lang='grc' dir='ltr'>διυπνισμὲνον,</span> <span class='ocrx_word' id='word_1_685' title='bbox 1080 5352 1218 5418; x_wconf 67' lang='grc' dir='ltr'>ὥστε</span> <span class='ocrx_word' id='word_1_686' title='bbox 1264 5354 1438 5405; x_wconf 70' lang='grc' dir='ltr'>πάντα</span> <span class='ocrx_word' id='word_1_687' title='bbox 1471 5353 1708 5422; x_wconf 60' lang='grc' dir='ltr'>βλέπειν,</span> 
     </span>
    </p>
   </div>
   <div class='ocr_carea' id='block_1_96' title="bbox 151 5441 795 5508">
    <p class='ocr_par' dir='ltr' id='par_1_96' title="bbox 151 5441 795 5508">
     <span class='ocr_line' id='line_1_96' title="bbox 151 5441 795 5508; baseline 0.012 -22"><span class='ocrx_word' id='word_1_688' title='bbox 151 5443 230 5489; x_wconf 71' lang='grc' dir='ltr'><strong>καὶ</strong></span> <span class='ocrx_word' id='word_1_689' title='bbox 259 5444 419 5493; x_wconf 79' lang='grc' dir='ltr'>πᾶσιν</span> <span class='ocrx_word' id='word_1_690' title='bbox 449 5441 795 5508; x_wconf 58' lang='grc' dir='ltr'>ἐᾳίστασθαι.</span> 
     </span>
    </p>
   </div>
   <div class='ocr_carea' id='block_1_97' title="bbox 209 5551 674 5611">
    <p class='ocr_par' dir='ltr' id='par_1_97' title="bbox 209 5551 674 5611">
     <span class='ocr_line' id='line_1_97' title="bbox 209 5551 674 5611; baseline -0.002 -9"><span class='ocrx_word' id='word_1_691' title='bbox 209 5552 248 5580; x_wconf 78' lang='grc'>³³</span> <span class='ocrx_word' id='word_1_692' title='bbox 279 5554 291 5602; x_wconf 91' lang='lat' dir='ltr'><strong>l</strong></span> <span class='ocrx_word' id='word_1_693' title='bbox 332 5551 463 5605; x_wconf 80' lang='lat' dir='ltr'><strong>Cor.</strong></span> <span class='ocrx_word' id='word_1_694' title='bbox 496 5566 596 5611; x_wconf 78' lang='lat' dir='ltr'><strong>\‘ll,</strong></span> <span class='ocrx_word' id='word_1_695' title='bbox 625 5552 674 5603; x_wconf 88' lang='lat'><strong>7.</strong></span> 
     </span>
    </p>
   </div>
   <div class='ocr_carea' id='block_1_98' title="bbox 1820 4635 3384 4705">
    <p class='ocr_par' dir='ltr' id='par_1_98' title="bbox 1820 4635 3384 4705">
     <span class='ocr_line' id='line_1_98' title="bbox 1820 4635 3384 4705; baseline 0.006 -20"><span class='ocrx_word' id='word_1_696' title='bbox 1820 4635 2011 4701; x_wconf 82' lang='lat' dir='ltr'><strong>tingat,</strong></span> <span class='ocrx_word' id='word_1_697' title='bbox 2062 4635 2262 4705; x_wconf 88' lang='lat' dir='ltr'><strong>inquit,</strong></span> <span class='ocrx_word' id='word_1_698' title='bbox 2317 4638 2390 4692; x_wconf 90' lang='lat' dir='ltr'><strong>sit</strong></span> <span class='ocrx_word' id='word_1_699' title='bbox 2432 4638 2597 4693; x_wconf 91' lang='lat' dir='ltr'><strong>unius</strong></span> <span class='ocrx_word' id='word_1_700' title='bbox 2648 4642 2836 4695; x_wconf 80' lang='lat' dir='ltr'><strong>uxoris</strong></span> <span class='ocrx_word' id='word_1_701' title='bbox 2876 4643 2976 4696; x_wconf 75' lang='lat' dir='ltr'><strong>vir.</strong></span> <span class='ocrx_word' id='word_1_702' title='bbox 3023 4643 3079 4697; x_wconf 93' lang='lat' dir='ltr'><strong>Id</strong></span> <span class='ocrx_word' id='word_1_703' title='bbox 3122 4658 3251 4698; x_wconf 72' lang='lat' dir='ltr'><strong>vero</strong></span> <span class='ocrx_word' id='word_1_704' title='bbox 3291 4643 3384 4698; x_wconf 80' lang='lat' dir='ltr'><strong>Ju-</strong></span> 
     </span>
    </p>
   </div>
   <div class='ocr_carea' id='block_1_99' title="bbox 1817 4724 3387 4801">
    <p class='ocr_par' dir='ltr' id='par_1_99' title="bbox 1817 4724 3387 4801">
     <span class='ocr_line' id='line_1_99' title="bbox 1817 4724 3387 4801; baseline 0.008 -26"><span class='ocrx_word' id='word_1_705' title='bbox 1817 4724 2056 4779; x_wconf 67' lang='lat' dir='ltr'><strong>daeorum</strong></span> <span class='ocrx_word' id='word_1_706' title='bbox 2101 4740 2270 4780; x_wconf 86' lang='lat' dir='ltr'><strong>causa</strong></span> <span class='ocrx_word' id='word_1_707' title='bbox 2313 4727 2578 4782; x_wconf 83' lang='lat' dir='ltr'><strong>dicebat:</strong></span> <span class='ocrx_word' id='word_1_708' title='bbox 2632 4730 2743 4786; x_wconf 91' lang='lat' dir='ltr'><strong>illis</strong></span> <span class='ocrx_word' id='word_1_709' title='bbox 2778 4745 2912 4785; x_wconf 90' lang='lat' dir='ltr'><strong>vero</strong></span> <span class='ocrx_word' id='word_1_710' title='bbox 2968 4734 3387 4801; x_wconf 88' lang='lat' dir='ltr'><strong>permittebatur</strong></span> 
     </span>
    </p>
   </div>
   <div class='ocr_carea' id='block_1_100' title="bbox 1816 4816 3384 4891">
    <p class='ocr_par' dir='ltr' id='par_1_100' title="bbox 1816 4816 3384 4891">
     <span class='ocr_line' id='line_1_100' title="bbox 1816 4816 3384 4891; baseline 0.007 -23"><span class='ocrx_word' id='word_1_711' title='bbox 1816 4816 2139 4886; x_wconf 76' lang='lat' dir='ltr'><strong>polygamia.</strong></span> <span class='ocrx_word' id='word_1_712' title='bbox 2197 4816 2429 4882; x_wconf 87' lang='lat' dir='ltr'><strong>Quidam</strong></span> <span class='ocrx_word' id='word_1_713' title='bbox 2493 4835 2624 4876; x_wconf 81' lang='lat' dir='ltr'><strong>vero</strong></span> <span class='ocrx_word' id='word_1_714' title='bbox 2685 4823 2893 4891; x_wconf 88' lang='lat' dir='ltr'><strong>absque</strong></span> <span class='ocrx_word' id='word_1_715' title='bbox 2951 4827 3100 4879; x_wconf 83' lang='lat' dir='ltr'><strong>ontni</strong></span> <span class='ocrx_word' id='word_1_716' title='bbox 3155 4827 3384 4889; x_wconf 88' lang='lat' dir='ltr'><strong>ratione,</strong></span> 
     </span>
    </p>
   </div>
   <div class='ocr_carea' id='block_1_101' title="bbox 1813 4904 3387 4976">
    <p class='ocr_par' dir='ltr' id='par_1_101' title="bbox 1813 4904 3387 4976">
     <span class='ocr_line' id='line_1_101' title="bbox 1813 4904 3387 4976; baseline 0.007 -18"><span class='ocrx_word' id='word_1_717' title='bbox 1813 4904 2069 4960; x_wconf 77' lang='lat' dir='ltr'><strong>dixerunt</strong></span> <span class='ocrx_word' id='word_1_718' title='bbox 2109 4909 2431 4976; x_wconf 81' lang='lat' dir='ltr'><strong>Apostolum</strong></span> <span class='ocrx_word' id='word_1_719' title='bbox 2495 4911 2609 4966; x_wconf 80' lang='lat' dir='ltr'><strong>haec</strong></span> <span class='ocrx_word' id='word_1_720' title='bbox 2661 4912 2730 4968; x_wconf 92' lang='lat' dir='ltr'><strong>de</strong></span> <span class='ocrx_word' id='word_1_721' title='bbox 2773 4914 3017 4969; x_wconf 87' lang='lat' dir='ltr'><strong>Ecclesia</strong></span> <span class='ocrx_word' id='word_1_722' title='bbox 3050 4917 3272 4972; x_wconf 87' lang='lat' dir='ltr'><strong>dicere:</strong></span> <span class='ocrx_word' id='word_1_723' title='bbox 3308 4913 3387 4969; x_wconf 84' lang='lat' dir='ltr'><strong>Ne</strong></span> 
     </span>
    </p>
   </div>
   <div class='ocr_carea' id='block_1_102' title="bbox 1811 5000 3383 5068">
    <p class='ocr_par' dir='ltr' id='par_1_102' title="bbox 1811 5000 3383 5068">
     <span class='ocr_line' id='line_1_102' title="bbox 1811 5000 3383 5068; baseline 0.011 -22"><span class='ocrx_word' id='word_1_724' title='bbox 1811 5005 2074 5060; x_wconf 85' lang='lat' dir='ltr'><strong>transeat,</strong></span> <span class='ocrx_word' id='word_1_725' title='bbox 2139 5000 2415 5068; x_wconf 88' lang='lat' dir='ltr'><strong>inquiunt,</strong></span> <span class='ocrx_word' id='word_1_726' title='bbox 2483 5004 2552 5056; x_wconf 85' lang='lat' dir='ltr'><strong>ab</strong></span> <span class='ocrx_word' id='word_1_727' title='bbox 2607 5004 2840 5059; x_wconf 86' lang='lat' dir='ltr'><strong>ecclesia</strong></span> <span class='ocrx_word' id='word_1_728' title='bbox 2905 5006 2974 5059; x_wconf 81' lang='lat' dir='ltr'><strong>ad</strong></span> <span class='ocrx_word' id='word_1_729' title='bbox 3035 5008 3383 5065; x_wconf 83' lang='lat' dir='ltr'><strong>ecclesiam:</strong></span> 
     </span>
    </p>
   </div>
   <div class='ocr_carea' id='block_1_103' title="bbox 1814 5088 2634 5146">
    <p class='ocr_par' dir='ltr' id='par_1_103' title="bbox 1814 5088 2634 5146">
     <span class='ocr_line' id='line_1_103' title="bbox 1814 5088 2634 5146; baseline 0.006 -6"><span class='ocrx_word' id='word_1_730' title='bbox 1814 5088 1959 5143; x_wconf 89' lang='lat' dir='ltr'><strong>istud</strong></span> <span class='ocrx_word' id='word_1_731' title='bbox 1995 5088 2141 5142; x_wconf 88' lang='lat' dir='ltr'><strong>enim</strong></span> <span class='ocrx_word' id='word_1_732' title='bbox 2175 5090 2504 5144; x_wconf 88' lang='lat' dir='ltr'><strong>adulterium</strong></span> <span class='ocrx_word' id='word_1_733' title='bbox 2531 5101 2634 5146; x_wconf 87' lang='lat' dir='ltr'><strong>est.</strong></span> 
     </span>
    </p>
   </div>
   <div class='ocr_carea' id='block_1_104' title="bbox 1887 5178 3386 5256">
    <p class='ocr_par' dir='ltr' id='par_1_104' title="bbox 1887 5178 3386 5256">
     <span class='ocr_line' id='line_1_104' title="bbox 1887 5178 3386 5256; baseline 0.008 -24"><span class='ocrx_word' id='word_1_734' title='bbox 1887 5178 2158 5232; x_wconf 82' lang='lat' dir='ltr'><strong>Sobrium.</strong></span> <span class='ocrx_word' id='word_1_735' title='bbox 2187 5179 2299 5234; x_wconf 90' lang='lat' dir='ltr'><strong>Hoc</strong></span> <span class='ocrx_word' id='word_1_736' title='bbox 2336 5191 2444 5244; x_wconf 88' lang='lat' dir='ltr'><strong>est,</strong></span> <span class='ocrx_word' id='word_1_737' title='bbox 2487 5191 2732 5249; x_wconf 87' lang='lat' dir='ltr'><strong>acutum,</strong></span> <span class='ocrx_word' id='word_1_738' title='bbox 2781 5188 3170 5256; x_wconf 84' lang='lat' dir='ltr'><strong>perspicacem,</strong></span> <span class='ocrx_word' id='word_1_739' title='bbox 3215 5190 3386 5246; x_wconf 87' lang='lat' dir='ltr'><strong>soler-</strong></span> 
     </span>
    </p>
   </div>
   <div class='ocr_carea' id='block_1_105' title="bbox 1821 5267 3386 5340">
    <p class='ocr_par' dir='ltr' id='par_1_105' title="bbox 1821 5267 3386 5340">
     <span class='ocr_line' id='line_1_105' title="bbox 1821 5267 3386 5340; baseline 0.01 -24"><span class='ocrx_word' id='word_1_740' title='bbox 1821 5275 1951 5325; x_wconf 86' lang='lat' dir='ltr'><strong>tem,</strong></span> <span class='ocrx_word' id='word_1_741' title='bbox 1987 5267 2078 5334; x_wconf 91' lang='lat' dir='ltr'><strong>qui</strong></span> <span class='ocrx_word' id='word_1_742' title='bbox 2119 5268 2266 5321; x_wconf 86' lang='lat' dir='ltr'><strong>curis</strong></span> <span class='ocrx_word' id='word_1_743' title='bbox 2310 5276 2364 5322; x_wconf 94' lang='lat' dir='ltr'><strong>et</strong></span> <span class='ocrx_word' id='word_1_744' title='bbox 2393 5283 2626 5324; x_wconf 78' lang='lat' dir='ltr'><strong>mterore</strong></span> <span class='ocrx_word' id='word_1_745' title='bbox 2654 5287 2762 5326; x_wconf 89' lang='lat' dir='ltr'><strong>non</strong></span> <span class='ocrx_word' id='word_1_746' title='bbox 2797 5274 3080 5340; x_wconf 89' lang='lat' dir='ltr'><strong>obruatur,</strong></span> <span class='ocrx_word' id='word_1_747' title='bbox 3111 5277 3205 5330; x_wconf 84' lang='lat' dir='ltr'><strong>sed</strong></span> <span class='ocrx_word' id='word_1_748' title='bbox 3242 5292 3386 5332; x_wconf 89' lang='lat' dir='ltr'><strong>sem-</strong></span> 
     </span>
    </p>
   </div>
   <div class='ocr_carea' id='block_1_106' title="bbox 1821 5358 3385 5428">
    <p class='ocr_par' dir='ltr' id='par_1_106' title="bbox 1821 5358 3385 5428">
     <span class='ocr_line' id='line_1_106' title="bbox 1821 5358 3385 5428; baseline 0.008 -21"><span class='ocrx_word' id='word_1_749' title='bbox 1821 5371 1916 5424; x_wconf 80' lang='lat' dir='ltr'><strong>per</strong></span> <span class='ocrx_word' id='word_1_750' title='bbox 1963 5358 2447 5426; x_wconf 79' lang='lat' dir='ltr'><strong>expergefactum,</strong></span> <span class='ocrx_word' id='word_1_751' title='bbox 2499 5373 2557 5414; x_wconf 89' lang='lat' dir='ltr'><strong>ut</strong></span> <span class='ocrx_word' id='word_1_752' title='bbox 2602 5363 2785 5414; x_wconf 90' lang='lat' dir='ltr'><strong>omnia</strong></span> <span class='ocrx_word' id='word_1_753' title='bbox 2842 5363 3046 5428; x_wconf 82' lang='lat' dir='ltr'><strong>videat,</strong></span> <span class='ocrx_word' id='word_1_754' title='bbox 3108 5367 3385 5422; x_wconf 81' lang='lat' dir='ltr'><strong>omnibus-</strong></span> 
     </span>
    </p>
   </div>
   <div class='ocr_carea' id='block_1_107' title="bbox 1820 5458 2122 5516">
    <p class='ocr_par' dir='ltr' id='par_1_107' title="bbox 1820 5458 2122 5516">
     <span class='ocr_line' id='line_1_107' title="bbox 1820 5458 2122 5516; baseline 0.01 -19"><span class='ocrx_word' id='word_1_755' title='bbox 1820 5463 1924 5516; x_wconf 89' lang='lat' dir='ltr'><strong>que</strong></span> <span class='ocrx_word' id='word_1_756' title='bbox 1966 5458 2122 5502; x_wconf 66' lang='lat' dir='ltr'><strong>asuu.</strong></span> 
     </span>
    </p>
   </div>
   <div class='ocr_carea' id='block_1_108' title="bbox 1468 5641 2041 5708">
    <p class='ocr_par' dir='ltr' id='par_1_108' title="bbox 1468 5641 2041 5708">
     <span class='ocr_line' id='line_1_108' title="bbox 1468 5641 2041 5708; baseline 0.016 -9"><span class='ocrx_word' id='word_1_757' title='bbox 1468 5641 1664 5700; x_wconf 70' lang='lat' dir='ltr'><strong>Variae</strong></span> <span class='ocrx_word' id='word_1_758' title='bbox 1713 5642 2041 5708; x_wconf 76' lang='lat' dir='ltr'><strong>lectiones.</strong></span> 
     </span>
    </p>
   </div>
   <div class='ocr_carea' id='block_1_109' title="bbox 211 5743 1450 5811">
    <p class='ocr_par' dir='ltr' id='par_1_109' title="bbox 211 5743 1450 5811">
     <span class='ocr_line' id='line_1_109' title="bbox 211 5743 1450 5811; baseline 0 -14"><span class='ocrx_word' id='word_1_759' title='bbox 211 5745 252 5774; x_wconf 81' lang='grc'>“</span> <span class='ocrx_word' id='word_1_760' title='bbox 281 5747 476 5808; x_wconf 62' lang='grc' dir='ltr'>καλοὺς</span> <span class='ocrx_word' id='word_1_761' title='bbox 525 5759 581 5796; x_wconf 89' lang='grc' dir='ltr'><strong>ο.</strong></span> <span class='ocrx_word' id='word_1_762' title='bbox 662 5745 703 5774; x_wconf 78' lang='grc'><strong>’⁷</strong></span> <span class='ocrx_word' id='word_1_763' title='bbox 736 5745 939 5806; x_wconf 70' lang='grc' dir='ltr'>κακοὺς</span> <span class='ocrx_word' id='word_1_764' title='bbox 980 5758 1032 5797; x_wconf 93' lang='lat' dir='ltr'><strong>o.</strong></span> <span class='ocrx_word' id='word_1_765' title='bbox 1117 5743 1160 5773; x_wconf 65' lang='lat'><strong>“’3</strong></span> <span class='ocrx_word' id='word_1_766' title='bbox 1192 5746 1371 5811; x_wconf 77' lang='grc' dir='ltr'>ῖχυσου</span> <span class='ocrx_word' id='word_1_767' title='bbox 1399 5761 1450 5798; x_wconf 87' lang='lat' dir='ltr'><strong>o.</strong></span> 
     </span>
    </p>
   </div>
   <div class='ocr_carea' id='block_1_110' title="bbox 150 5809 1379 5880">
    <p class='ocr_par' dir='ltr' id='par_1_110' title="bbox 150 5809 1379 5880">
     <span class='ocr_line' id='line_1_110' title="bbox 150 5809 1379 5880; baseline -0.006 -14"><span class='ocrx_word' id='word_1_768' title='bbox 150 5809 503 5868; x_wconf 70' lang='grc' dir='ltr'>⁸πολυπαιδξα</span> <span class='ocrx_word' id='word_1_769' title='bbox 537 5829 594 5866; x_wconf 77' lang='grc' dir='ltr'>ι).</span> <span class='ocrx_word' id='word_1_770' title='bbox 670 5813 690 5842; x_wconf 81' lang='grc'>⁶</span> <span class='ocrx_word' id='word_1_771' title='bbox 721 5814 964 5880; x_wconf 67' lang='grc' dir='ltr'>ἔφθασαν</span> <span class='ocrx_word' id='word_1_772' title='bbox 1001 5828 1054 5866; x_wconf 91' lang='lat'><strong>0.</strong></span> <span class='ocrx_word' id='word_1_773' title='bbox 1133 5815 1151 5844; x_wconf 87' lang='grc'><strong>⁷</strong></span> <span class='ocrx_word' id='word_1_774' title='bbox 1190 5809 1296 5867; x_wconf 74' lang='grc' dir='ltr'>πᾶν</span> <span class='ocrx_word' id='word_1_775' title='bbox 1327 5832 1379 5869; x_wconf 84' lang='grc' dir='ltr'><strong>ο,</strong></span> 
     </span>
    </p>
   </div>
   <div class='ocr_carea' id='block_1_111' title="bbox 451 5907 1154 5970">
    <p class='ocr_par' dir='ltr' id='par_1_111' title="bbox 451 5907 1154 5970">
     <span class='ocr_line' id='line_1_111' title="bbox 451 5907 1154 5970; baseline 0.006 -4"><span class='ocrx_word' id='word_1_776' title='bbox 451 5910 724 5969; x_wconf 71' lang='grc' dir='ltr'>ΡΑτιιυι..</span> <span class='ocrx_word' id='word_1_777' title='bbox 767 5911 880 5969; x_wconf 84' lang='lat' dir='ltr'><strong>Gn.</strong></span> <span class='ocrx_word' id='word_1_778' title='bbox 914 5907 1154 5970; x_wconf 76' lang='lat' dir='ltr'><strong>CXXV.</strong></span> 
     </span>
    </p>
   </div>
   <div class='ocr_carea' id='block_1_112' title="bbox 1529 5746 2078 5820">
    <p class='ocr_par' dir='ltr' id='par_1_112' title="bbox 1529 5746 2078 5820">
     <span class='ocr_line' id='line_1_112' title="bbox 1529 5746 2078 5820; baseline 0.016 -23"><span class='ocrx_word' id='word_1_779' title='bbox 1529 5746 1574 5778; x_wconf 82' lang='lat'><strong>”</strong></span> <span class='ocrx_word' id='word_1_780' title='bbox 1623 5748 1992 5820; x_wconf 74' lang='grc' dir='ltr'>ἁμαρτήματα</span> <span class='ocrx_word' id='word_1_781' title='bbox 2025 5768 2078 5806; x_wconf 92' lang='grc' dir='ltr'><strong>ο.</strong></span> 
     </span>
    </p>
   </div>
   <div class='ocr_carea' id='block_1_113' title="bbox 2159 5755 3380 5834">
    <p class='ocr_par' dir='ltr' id='par_1_113' title="bbox 2159 5755 3380 5834">
     <span class='ocr_line' id='line_1_113' title="bbox 2159 5755 3380 5834; baseline 0.01 -27"><span class='ocrx_word' id='word_1_782' title='bbox 2159 5756 2171 5786; x_wconf 82' lang='grc'><strong><em>³</em></strong></span> <span class='ocrx_word' id='word_1_783' title='bbox 2219 5756 2294 5826; x_wconf 63' lang='grc' dir='ltr'>μὴ</span> <span class='ocrx_word' id='word_1_784' title='bbox 2317 5772 2368 5810; x_wconf 90' lang='grc' dir='ltr'><strong>ο.</strong></span> <span class='ocrx_word' id='word_1_785' title='bbox 2445 5761 2464 5790; x_wconf 76' lang='grc'>⁸</span> <span class='ocrx_word' id='word_1_786' title='bbox 2499 5759 2683 5815; x_wconf 83' lang='grc' dir='ltr'>τοῦτον</span> <span class='ocrx_word' id='word_1_787' title='bbox 2705 5775 2760 5814; x_wconf 91' lang='grc' dir='ltr'><strong>ο.</strong></span> <span class='ocrx_word' id='word_1_788' title='bbox 2836 5761 2858 5792; x_wconf 86' lang='grc'>³</span> <span class='ocrx_word' id='word_1_789' title='bbox 2892 5755 2985 5814; x_wconf 70' lang='grc' dir='ltr'><strong>οὖν</strong></span> <span class='ocrx_word' id='word_1_790' title='bbox 3004 5776 3057 5817; x_wconf 91' lang='grc' dir='ltr'><strong>ο.</strong></span> <span class='ocrx_word' id='word_1_791' title='bbox 3135 5762 3154 5790; x_wconf 73' lang='grc'>⁸</span> <span class='ocrx_word' id='word_1_792' title='bbox 3186 5761 3294 5834; x_wconf 73' lang='grc' dir='ltr'>γὰρ</span> <span class='ocrx_word' id='word_1_793' title='bbox 3327 5779 3380 5819; x_wconf 78' lang='grc' dir='ltr'><strong>ο.</strong></span> 
     </span>
    </p>
   </div>
  </div>
