4150 6440
733 420 801 483 47
1612 422 2184 483 ΤΗΕΟΡΙιὶίΛΟΤι
2222 423 2626 483 BULGARLE
2668 427 3020 486 ARCHIEP.
3900 428 3971 491 ‘8

733 543 785 584 et
811 532 1024 586 diaconi
1054 532 1327 595 similiter,
1359 534 1412 586 id
1447 540 1550 595 est,
1596 531 1783 586 eadem
1845 532 2045 586 habere
2080 532 2293 591 debent.

2402 536 2483 587 ὅτι
2525 536 2619 588 καὶ
2657 538 2706 587 οἱ
2761 535 2995 591 διάκονοι
3027 539 3308 601 ὡσαύτως,
3360 539 3659 602 τουτέστιν,
3690 540 3967 605 ὀφείλουσι

731 624 987 676 nimirum
1021 623 1319 692 hospitales
1370 638 1511 687 esse,
1555 623 1810 686 modesti,
1852 638 1958 676 non
1990 638 2287 693 pugnaces,

728 719 870 786 dque
900 731 1070 783 genus
1105 718 1232 771 alia.

784 808 1034 861 Pudicos.
1069 809 1149 863 Ad
1178 811 1289 863 hac
1319 824 1439 878 quae
1481 808 1629 863 dicta
1668 820 1817 876 sunt,
1871 807 2106 861 habeant
2150 822 2285 875 quo-

715 916 819 969 que
848 899 1193 970 pudicitiam.

789 991 907 1045 Non
954 992 1226 1061 bilingues.
1290 989 1403 1043 Hoc
1459 1001 1563 1055 est,
1605 989 1846 1053 fallaces,
1903 988 2145 1053 dolosos,
2181 990 2286 1041 alia

716 1085 1017 1137 sentientes
1069 1092 1123 1136 et
1160 1082 1265 1134 alia
1308 1083 1714 1151 proloquentes,
1765 1080 1977 1149 aliaque
2024 1080 2133 1142 bis,
2182 1081 2283 1133 alia

715 1190 843 1227 vero
868 1175 994 1227 illis.

792 1265 912 1319 Non
982 1266 1100 1319 vino
1180 1265 1345 1317 multo
1406 1262 1643 1325 deditos,
1702 1278 1805 1314 non
1865 1270 2011 1327 turpe
2080 1259 2283 1311 lucrum

715 1370 993 1413 sectantes.
1035 1358 1155 1413 Non
1215 1360 1373 1422 dixit,
1434 1356 1548 1408 Non
1606 1356 1954 1421 temulentos,
1999 1357 2101 1409 hoc
2138 1358 2283 1410 enim

714 1453 939 1505 Omnino
962 1465 1045 1505 est
1079 1451 1381 1520 indignum,
1417 1462 1627 1510 verum,
1657 1446 1774 1501 Non
1804 1448 2032 1500 multum
2088 1458 2285 1516 potan-

719 1556 819 1597 tes.
851 1542 1075 1595 Etiamsi
1118 1542 1263 1593 enim
1320 1553 1427 1591 non
1484 1538 1594 1591 sint
1626 1538 1933 1597 temulenti,
1967 1537 2175 1603 potatio
2201 1546 2283 1589 ta-

721 1649 843 1686 men
900 1631 1191 1685 innnodica
1258 1631 1453 1683 animae
1490 1630 1596 1681 vim
1658 1629 1825 1681 laxat.
1878 1628 2031 1695 Apud
2072 1638 2285 1682 veteres

716 1724 881 1781 enim.
940 1723 1030 1792 qui
1072 1722 1331 1792 templum
1383 1722 1861 1784 ingrediebantur,
1913 1718 2136 1772 omnino
2175 1734 2282 1771 non

721 1815 1011 1868 utebantur
1042 1814 1188 1867 vino.
1224 1813 1403 1879 Turpe
1440 1813 1651 1864 lucrum
1680 1819 1860 1863 autem
1908 1818 2151 1864 sectatur
2192 1810 2282 1877 qui

721 1906 854 1958 nihil
903 1913 1165 1975 quaestus,
1218 1903 1577 1971 undecunque
1623 1900 1926 1968 proveniat,
1958 1897 2150 1964 reiicit.
2187 1896 2283 1949 llic

720 2007 899 2050 autem
965 2011 1064 2064 pro
1132 2008 1240 2047 non
1295 2009 1460 2047 avaro
1509 1992 1717 2058 accipe,
1770 2004 1879 2043 non
1934 1989 2076 2058 turpi
2138 1989 2289 2042 lucro

719 2089 1037 2143 inhiantem.

790 2178 956 2232 Vens.
981 2179 1035 2231 9.
1075 2175 1341 2230 Habentes
1378 2173 1682 2243 mysterium
1711 2170 1836 2241 fidei
1887 2170 1938 2222 in
1983 2184 2121 2239 pura
2168 2186 2290 2224 eon-

720 2273 959 2323 scientia.
994 2269 1108 2323 Hoc
1146 2276 1251 2327 est.
1304 2267 1395 2336 qui
1434 2277 1796 2336 praeterquam
1830 2261 1972 2331 quod
2020 2261 2287 2314 sinceram

719 2363 1022 2413 doctrinam
1050 2360 1343 2419 retineant,
1372 2357 1534 2409 vitam
1566 2355 1728 2407 etiam
1757 2350 2287 2420 irreprebensibilem

722 2454 976 2507 habeant.
1009 2452 1152 2503 Pura
1186 2449 1329 2503 enim
1372 2445 1709 2501 conscientia
1766 2454 1847 2497 est
1901 2442 1955 2494 in
2004 2444 2112 2495 vita
2169 2456 2290 2509 qua:

723 2544 1039 2613 reprehendi
1073 2558 1181 2594 non
1217 2548 1417 2610 potest.

790 2635 953 2690 Vens.
984 2635 1067 2688 lO.
1120 2633 1188 2687 El
1223 2633 1276 2685 hi
1316 2642 1487 2684 autem
1510 2629 1795 2697 probentur
1820 2628 2071 2696 primunt,
2106 2624 2290 2677 deinde

724 2728 1046 2789 ministrent,
1104 2723 1311 2777 nullum
1360 2724 1552 2775 crimen
1605 2721 1870 2773 habentes.
1928 2715 2287 2782 Quemadmo-

722 2823 850 2875 dum
906 2822 974 2873 ab
1022 2819 1278 2887 episcopo
1320 2814 1614 2885 postulavi,
1646 2812 1844 2881 inquit,
1885 2816 1942 2862 ut
1988 2824 2096 2862 non
2145 2814 2292 2861 esi-et

722 2913 1056 2982 neophytus.
1117 2910 1197 2962 sic
1246 2919 1299 2962 et
1361 2906 1606 2968 abistis,
1665 2913 1723 2956 ut
1788 2900 2009 2955 nonnisi
2054 2897 2288 2969 probati,

722 3008 773 3052 et
802 3000 963 3068 longo
996 3006 1242 3064 tempore
1274 2993 1565 3063 explorati,
1615 2999 1776 3060 atque
1800 2988 2059 3058 inculpati
2091 2985 2291 3055 reperti

724 3089 1205 3158 proveherentur:
1287 3086 1427 3139 sicut
1485 3099 1673 3136 recens
1732 3088 1914 3149 empto
1972 3093 2130 3132 servo
2184 3091 2291 3129 non

725 3183 908 3238 statim
954 3181 1243 3251 quisquam
1290 3178 1485 3232 domus
1529 3191 1639 3230 suas
1715 3188 1904 3228 curam
1967 3170 2291 3232 committet,

727 3275 1042 3342 priusquam
1072 3282 1313 3338 tempore
1340 3269 1597 3337 probatus
1634 3266 1903 3318 videatur.

796 3363 965 3418 Vens.
1027 3364 1113 3416 ll.
1180 3360 1427 3415 Mulieres
1485 3358 1730 3411 similiter
1801 3365 1999 3409 castas.
2058 3352 2178 3408 Non
2223 3354 2291 3408 de

726 3454 1060 3524 quibuslibet
1117 3451 1436 3505 mulieribus
1496 3450 1607 3502 hzec
1661 3448 1817 3512 dicit,
1890 3453 2145 3499 caeterum
2223 3442 2290 3497 de

726 3544 1080 3599 diaconissis.
1122 3540 1269 3597 Istud
1298 3540 1442 3593 enim
1470 3537 1730 3593 Ecclesiae
1761 3536 2054 3589 admodum
2102 3542 2158 3588 ct
2193 3549 2289 3586 ne-

727 3635 1028 3690 cessarium
1077 3642 1131 3686 et
1182 3631 1310 3685 utile
1339 3640 1420 3683 est
1454 3647 1466 3682 :
1504 3628 1608 3681 nisi
1643 3625 1786 3680 enim
1827 3627 1895 3679 de
1927 3625 2012 3678 his
2040 3624 2290 3692 loquere-

727 3735 836 3789 tur,
871 3724 1001 3794 quid
1041 3730 1159 3777 erat
1187 3720 1586 3783 necessarium,
1614 3732 1737 3771 cum
1772 3716 1838 3769 de
1876 3714 2010 3768 viris
2047 3713 2292 3767 diacouis

728 3817 892 3870 verba
956 3813 1181 3877 laceret,
1249 3823 1556 3865 sermonem
1620 3808 1688 3862 de
1747 3805 2069 3860 mulieribus
2125 3804 2293 3857 inter-

726 3920 907 3960 serere
931 3906 953 3957 ?

800 3995 920 4048 Non
970 3992 1323 4048 detrahentes.
1360 3988 1473 4043 lloc
1526 3995 1630 4049 est,
1695 4000 1800 4039 non
1853 3981 2289 4045 obtrectatriccs,

725 4089 869 4155 quod
921 4100 1057 4138 anus
1114 4084 1329 4147 solent;
1364 4081 1509 4134 cedes
1564 4079 1992 4141 circumeuntes,
2031 4083 2191 4143 atque
2226 4072 2293 4127 de

728 4181 826 4230 ιωρ
853 4177 917 4229 ad
952 4177 1096 4228 illam
1126 4181 1552 4226 murmurantes.

800 4268 1037 4320 Subrius.
1090 4265 1200 4317 Iloc
1232 4274 1336 4325 est,
1377 4263 1683 4330 vigilantes.
1727 4259 1996 4325 Quoniam
2039 4255 2183 4309 enim
2219 4254 2295 4307 le-

732 4358 813 4411 vis
876 4369 959 4410 est
1015 4357 1117 4408 iste
1178 4368 1367 4417 sexus,
1429 4351 1695 4419 lacileque
1734 4348 1810 4402 illi
1854 4347 2057 4416 imponi
2097 4346 2293 4414 possit,

728 4463 907 4519 operae
936 4446 1164 4514 pretium
1196 4451 1278 4498 est
1303 4457 1395 4497 eas
1419 4442 1609 4507 vigiles
1637 4454 1760 4495 esse
1788 4446 1841 4493 et
1874 4436 2186 4507 prudentes.

802 4536 1011 4590 Fideles
1052 4537 1104 4587 in
1134 4532 1392 4587 omnibus.
1442 4530 1553 4584 lloc
1598 4537 1703 4592 est,
1762 4534 2101 4591 constantes,
2168 4536 2291 4576 cum

732 4630 894 4683 verbo
935 4638 1045 4681 tum
1070 4626 1348 4695 operibus.

807 4721 968 4771 νεεδ.
1005 4718 1090 4769 Η.
1132 4714 1355 4768 Diacons’
1395 4711 1500 4765 sint
1544 4711 1699 4763 unius
1759 4708 1943 4762 uxoris
2002 4704 2123 4759 uiri.
2187 4701 2294 4755 Ob-

732 4826 885 4864 serva
938 4809 1031 4877 qui
1084 4806 1330 4861 eamdem
1395 4819 1422 4855 a
1488 4800 1736 4856 diaconis
1796 4801 2052 4852 virtutem
2115 4794 2296 4861 exigat

732 4915 895 4968 quam
936 4898 1003 4951 ab
1032 4894 1330 4965 episcopis.
1366 4894 1575 4946 Etenim
1608 4903 1862 4959 peraeque
1894 4886 2032 4940 casti
2065 4892 2119 4938 et
2160 4885 2292 4935 lrre-

732 4990 1128 5061 prehensibiles
1153 5002 1277 5043 esse
1313 4985 1534 5040 debent.

803 5082 907 5149 Qui
941 5081 1068 5150 [iliis
1105 5080 1227 5132 bene
1257 5078 1497 5147 prasint,
1532 5084 1579 5128 et
1627 5074 1738 5126 suis
1779 5071 2044 5125 domibus.
2082 5066 2296 5133 Ubique

734 5172 1027 5225 liberorum
1084 5183 1271 5222 curam
1324 5166 1498 5237 ponit,
1552 5180 1619 5217 ne
1661 5163 1804 5216 hanc
1852 5160 1924 5214 ob
1963 5174 2075 5212 rem
2115 5156 2294 5210 tta-teri

735 5262 1050 5317 scandalum
1087 5260 1385 5326 patiantur.

806 5351 969 5422 569
1003 5348 1168 5403 Vens.
1217 5349 1307 5401 1'5.
1360 5346 1465 5411 Qui
1505 5346 1643 5399 enim
1692 5344 1816 5397 bene
1856 5340 2295 5402 ministrat-crint,

735 5444 956 5515 gradum
986 5441 1213 5509 sibiipsis
1247 5439 1437 5492 bonum
1472 5436 1776 5504 acquirunt,
1803 5434 2125 5499 multamque
2151 5430 2293 5499 ﬁdu-

737 5533 869 5584 ciam
910 5535 959 5583 in
991 5532 1094 5598 ﬁde
1122 5542 1235 5597 qua
1274 5534 1349 5579 est
1397 5524 1450 5577 in
1492 5522 1703 5580 Christo
1743 5519 1895 5574 Jestt.
1939 5516 2202 5580 Gradum,
2240 5516 2292 5568 id

2400 626 2625 679 τοιαῦτα
2682 628 2724 657 ’⁸
2761 629 2926 697 ἔχειν,
2991 631 3109 698 ἦτοι
3175 631 3435 698 φιλόξενοι
3478 627 3636 692 εἶναι,
3678 632 3966 693 ἐπιεικεῖς,

2394 718 2618 788 ἄμαχοι,
2651 721 2743 771 καὶ
2774 720 2961 774 τᾶλλα.

2466 812 2753 879 Σεμνούς.
2796 812 3124 882 Ἐχὲτωσαν,
3153 815 3307 883 φησὶ,
3347 816 3482 883 πρὸς
3511 816 3623 877 τοῖς
3654 813 3968 884 εἰρημένοις

2394 902 2487 953 καὶ
2516 902 2836 971 σεμνότητα.

2463 992 2560 1058 Μὴ
2587 992 2883 1060 διλόγους.
2903 993 3213 1054 Τουτέστιν.
3238 993 3500 1055 ὑπούλους
3517 996 3610 1046 καὶ
3623 994 3869 1064 δολεροὺς
3894 995 3964 1056 ",

2392 1083 2526 1136 ἄλλα
2556 1088 2888 1154 φρονοῦντας
2918 1087 3012 1138 καὶ
3063 1087 3197 1139 ἄλλα
3245 1087 3522 1155 λέγοντας,
3557 1088 3649 1140 καὶ
3680 1088 3813 1141 ἄλλα
3845 1090 3971 1140 τού-

2391 1192 2525 1237 τοις.
2553 1178 2649 1231 καὶ
2671 1178 2804 1231 ἇιλα
2831 1176 3075 1238 ἐκείνοις.

2464 1266 2559 1331 Μὴ
2588 1268 2731 1331 οἴνῳ
2752 1266 2961 1332 πολ.ιῷ
2983 1267 3415 1336 προσέχοντας.
3430 1268 3585 1336 μηδέ
3609 1273 3965 1337 αίσχροκερ-

2392 1355 2535 1422 δεῖς.
2566 1358 2678 1409 Οὐκ
2705 1356 2849 1418 εἷπε,
2884 1361 2973 1425 Μὴ
3004 1361 3271 1428 μεθύσους
3303 1375 3316 1388 ·
3353 1359 3512 1411 τοῦτο
3545 1360 3651 1429 γὰρ
3685 1360 3824 1412 πάνυ
3864 1364 3968 1413 ἀν-

2394 1449 2572 1512 ἀξιον·
2602 1450 2758 1510 ἀλλὰ,
2784 1451 2873 1519 Μὴ
2891 1451 3217 1512 πολυπότας.
3248 1451 3368 1502 Κᾶν
3399 1451 3506 1520 γὰρ
3542 1451 3615 1520 μὴ
3637 1452 3965 1520 μεθύσωσιν,

2392 1539 2506 1592 ἀλλ’
2530 1540 2676 1608 ὅμως
2724 1541 2756 1608 ἡ
2785 1541 3085 1593 πολυποσία
3127 1543 3314 1609 χαυνοῖ
3343 1542 3433 1593 τὸν
3459 1543 3612 1594 τόνον
3637 1546 3730 1611 τῆς
3764 1544 3963 1610 ψυχῆς.

2394 1633 2502 1684 Καὶ
2548 1633 2596 1685 οξ
2648 1632 2815 1686 πάλαι
2874 1635 2982 1701 γὰρ
3035 1635 3115 1694 εἰς
3144 1634 3205 1685 τὸ
3246 1636 3388 1701 ἱερὸν
3436 1635 3694 1695 εἰσιόντες
3731 1636 3964 1695 οὐδόὶως

2392 1723 2631 1792 ἐχρῶντο
2650 1725 2795 1793 οῖνῳ.
2822 1723 3224 1795 Αἰσχροκερδὴς
3255 1725 3311 1776 δέ
3336 1728 3545 1790 ὲστιν,ὀ
3576 1725 3742 1793 μηδὲν
3771 1725 3965 1792 κέρδος

2392 1814 2824 1885 παραιτούμενος
2893 1816 2996 1869 κᾶν
3066 1816 3390 1885 ὁθενδήποτε
3583 1815 3844 1868 Ἐνταῦοα
3903 1816 3961 1866 δὲ

2342 1956 2361 2009 ι
2392 1906 2512 1956 ἀντὶ
2548 1905 2640 1957 τοῦ
2695 1908 2772 1976 μὴ
2815 1906 3150 1977 φιλαργύρου
3184 1908 3330 1970 δέξαι
3354 1908 3445 1960 τὸν
3475 1909 3550 1978 μὴ
3574 1908 3959 1977 αἰσχροκερδῆ.

2466 2169 2762 2235 Ἕχοντας
2792 2169 2858 2220 τὸ
2879 2169 3217 2236 μυστήριον
3230 2167 3341 2235 τῆς
3371 2170 3627 2233 πίστεως
3644 2168 3713 2220 ἐν
3732 2166 3963 2234 καθαρᾷ

2389 2257 2758 2325 συνειδήσει.
2780 2258 3058 2316 Τουτέστι,
3088 2258 3224 2326 μετὰ
3244 2257 3337 2309 τοῦ
3373 2257 3433 2309 τὸ
3480 2257 3655 2325 δόγμα
3684 2257 3840 2328 ὀρθὸν
3870 2274 3966 2322 τη-

2391 2349 2525 2416 ρεῖν,
2555 2347 2775 2415 ἔχοντας
2797 2348 2889 2398 καὶ
2919 2346 3033 2414 βίον
3082 2346 3468 2414 ἀνεπίληπτον.
3506 2346 3567 2397 Ἡ
3616 2346 3720 2416 γὰρ
3742 2344 3962 2416 καθαρὰ

2392 2436 2692 2507 συνείδησις
2710 2436 2802 2487 ἐπὶ
2831 2434 2930 2505 βίῳ
2968 2433 3396 2504 ἀκαταγνώστῳ.

2462 2613 2570 2667 Καὶ
2631 2608 2796 2667 οὗτοι
2849 2610 2917 2663 δὲ
2971 2611 3493 2678 δοκιμαζέσθωσαν
3536 2609 3788 2677 πρῶτον,
3831 2610 3963 2664 εἶτα

2391 2704 2880 2768 διακονείτωσαν,
2908 2701 3267 2771 ἀνέγκλητοι
3308 2702 3502 2767 ὄντες.
3537 2703 3767 2772 Ὠσπερ,
3802 2703 3961 2770 φησι,

2392 2792 2482 2845 τὸν
2506 2792 2801 2845 ἐπίσκοπον
2836 2793 3091 2862 ἀπῄτησα
3121 2792 3195 2863 μὴ
3227 2792 3481 2861 νεόφυτον
3510 2788 3670 2854 εἶναι,
3704 2792 3963 2845 οὕτωκαὶ

2392 2883 2614 2945 τούτους
2684 2883 2758 2954 μὴ
2816 2884 3215 2953 ἀδοκιμάστους
3286 2884 3648 2954 προάγεσθαι,
3701 2882 3834 2944 ἀλλὰ
3881 2889 3965 2953 τῷ

2393 2977 2569 3046 χρόνῳ
2599 2975 3045 3045 βασανισθέντας,
3086 2975 3180 3029 καὶ
3205 2976 3467 3043 φανέντας
3500 2977 3541 3006 ¹⁸
3571 2975 3962 3042 ἀνεγκλήτους.

2398 3068 2605 3136 Ὠσπερ
2629 3066 2747 3118 οὐδὲ
2770 3065 3021 3134 νεωνήτῳ
3049 3064 3219 3133 δούλῳ
3256 3066 3299 3095 ¹⁹
3318 3064 3649 3133 προστασίαν
3680 3081 3762 3124 τις
3783 3066 3966 3131 ἔγχει-

2397 3156 2537 3227 ρίσει
2565 3154 2659 3208 τοῦ
2682 3156 2854 3221 οἴκου,
2880 3153 3009 3223 πρὶν
3034 3156 3255 3225 δόκιμος
3284 3157 3361 3225 τῷ
3392 3156 3568 3224 χρόνῳ
3592 3158 3755 3224 φανῇ.

2465 3328 2767 3393 Γυναῖκας
2816 3328 3104 3394 ὡσαύτως
3157 3326 3406 3396 σεμνάς.
3457 3328 3530 3379 Οὐ
3568 3328 3695 3397 περὶ
3720 3327 3824 3380 τῶν
3863 3346 3964 3381 τυ-

2392 3421 2600 3491 χουσῶν
2636 3420 2907 3487 γυναικῶν
2929 3419 3099 3485 λέγει,
3120 3418 3253 3472 ἀλλὰ
3288 3419 3412 3487 περὶ
3448 3419 3557 3470 τῶν
3586 3418 3963 3474 διακονισσῶν.

2393 3512 2606 3580 Σφόδρα
2634 3511 2744 3579 γὰρ
2773 3512 3071 3577 ἀναγκαῖον
3119 3508 3278 3561 τοῦτο
3314 3508 3373 3560 τὸ
3411 3510 3662 3576 πρᾶγμα,
3700 3510 3792 3561 καὶ
3822 3510 3966 3579 χρή-

2396 3618 2553 3669 σιμον
2587 3602 2651 3669 τῇ
2694 3600 3009 3669 Ἐκκλησία.
3043 3600 3103 3651 Et
3142 3597 3217 3668 μὴ
3252 3599 3357 3667 γὰρ
3386 3600 3511 3666 περὶ
3556 3600 3756 3650 τούτων
3785 3598 3964 3664 ἔλεγε,

2394 3693 2479 3752 τίς
2502 3692 2659 3762 χρεία
2690 3692 2893 3761 μεταξὺ
2927 3691 3018 3744 τοῦ
3050 3691 3301 3759 περὶτῶν
3339 3691 3601 3743 διακόνων
3640 3690 3849 3760 ἀνδρῶν
3870 3690 3966 3743 λό-

2393 3804 2514 3855 γου,
2542 3785 2670 3855 περὶ
2691 3784 2965 3853 γυναικῶν
2995 3782 3393 3855 παρεμϐαλεῖν;

2467 3963 2561 4032 Μὴ
2590 3963 2932 4027 διαϐόλους.
2983 3960 3264 4025 Τουτέστι,
3300 3960 3375 4029 μὴ
3428 3958 3782 4021 καταλάλους,
3819 3959 3964 4027 ὅπερ

2395 4054 2450 4105 αἱ
2481 4052 2699 4123 γραῖδες
2734 4050 2975 4113 εἰώθασι,
3006 4050 3131 4112 τοὺς
3161 4050 3341 4111 οἴκους
3390 4050 3829 4118 περιερχόμεναι,
3868 4049 3965 4101 καὶ

2395 4143 2775 4213 ψιθυρίζουσαι
2807 4141 2872 4194 τὰ
2907 4139 3107 4209 ταύτης
3131 4141 3265 4209 πρὸς
3286 4140 3519 4207 ἐκείνην.

2467 4238 2839 4306 Νηφαλίους.
2880 4236 3157 4301 Τουτέστι,
3224 4234 3676 4303 διεγηγερμένας.
3741 4232 3966 4301 Ἐπειδὴ

2398 4329 2504 4402 γὰρ
2537 4331 2737 4397 κοῦφον
2765 4330 2858 4382 καὶ
2905 4327 3307 4395 εὐεξαπάτητον
3343 4326 3500 4380 τοῦτο
3546 4327 3605 4376 τὸ
3642 4324 3817 4391 γένος,
3859 4323 3964 4388 δεῖ,

2399 4418 2585 4488 φησιν,
2624 4418 2793 4480 αὐτὰς
2818 4416 3208 4502 διυπνισμὲνςες
3234 4408 3371 4467 εἶναι
3400 4417 3491 4466 καὶ
3521 4412 3800 4480 ἀγχίνους.

2468 4510 2692 4572 Πιστὰς
2712 4506 2969 4562 ἐνπᾶσι.
3005 4500 3283 4567 Τουτέστι,
3323 4502 3699 4573 σταθηρὸτητα
3729 4503 3777 4533 ’⁸
3810 4500 3965 4569 ἐχού-

2330 4602 2370 4656 ι)
2403 4620 2499 4665 σας
2530 4601 2620 4653 καὶ
2646 4602 2703 4652 ὲν
2732 4598 2808 4667 τῷ
2838 4598 2983 4667 λόγῳ
3008 4600 3100 4650 καὶ
3138 4599 3194 4649 ὲν
3224 4598 3334 4658 τοῖς
3377 4595 3577 4665 ἔργοις.

2473 4691 2741 4745 Διάκονοι
2770 4688 3048 4741 ἔστωσαν
3070 4684 3211 4753 μιᾶς
3245 4682 3525 4753 γυναικὸς
3562 4681 3793 4748 ἄνδρες.
3821 4681 3967 4749 Ὅρα.

2403 4784 2519 4847 πῶς
2546 4783 2644 4852 τὴν
2678 4780 2849 4848 αὐτὴν
2887 4780 3108 4831 ἀπαιτεῖ
3140 4778 3233 4828 καὶ
3260 4774 3409 4845 παρὰ
3433 4773 3540 4825 τῶν
3562 4772 3821 4824 διακόνων
3836 4775 3969 4838 ἀρε-

2398 4877 2495 4945 τὴν
2522 4875 2587 4943 ἢν
2619 4876 2712 4925 καὶ
2747 4872 2876 4939 παρ’
2906 4867 3237 4921 ἐπισκόπων.
3282 4866 3391 4917 Καὶ
3421 4862 3529 4932 γὰρ
3563 4860 3761 4930 ὁμοίως
3807 4862 3971 4927 ἁγνοὶ

2400 4968 2496 5018 καὶ
2524 4962 2880 5029 ἀνεπίληπτοι
2912 4958 3215 5026 ὀφείλουσιν
3240 4952 3398 5008 εἶναι.

2476 5054 2704 5107 Τέχνων
2757 5047 2956 5114 καλῶς
3001 5046 3444 5114 προϊστάμενοι,
3490 5042 3587 5095 καὶ
3644 5038 3761 5093 τῶν
3800 5040 3972 5093 ἰδίων

2399 5146 2597 5198 οἴκων.
2654 5139 2936 5208 Πανταχοῦ
3000 5136 3181 5206 τίθησι
3209 5137 3308 5204 τὴν
3340 5136 3446 5187 τῶν
3489 5134 3692 5186 τέκνων
3725 5149 3972 5201 προσταο

2404 5237 2545 5296 σίαν,
2577 5235 2663 5285 ἵνα
2706 5231 2781 5301 μὴ
2810 5230 2914 5281 ἀπὸ
2951 5228 3139 5279 τούτου
3186 5228 3235 5278 ot
3278 5224 3457 5277 λοιποὶ
3487 5222 3969 5285 σκανδαλίζωνται.

2477 5329 2540 5377 Ol
2568 5325 2676 5393 γὰρ
2714 5320 2912 5384 καλῶς
2936 5316 3426 5384 διακονήσαντες,
3468 5314 3704 5381 βαθμὸν
3731 5313 3973 5378 ἑαυτοῖς

2405 5418 2595 5471 καλὸν
2628 5411 3092 5480 περιποιοῦνται,
3129 5408 3224 5460 καί
3267 5405 3509 5472 πολλὴν
3530 5403 3872 5471 παρρησίαν
3898 5404 3974 5455 ἐν

2403 5510 2601 5561 πίστει
2643 5502 2713 5571 τῇ
2752 5503 2821 5555 ἑν
2865 5497 3095 5569 Χριστῷ
3126 5496 3353 5563 Ἰησοῦ.
3406 5494 3643 5563 Βαθμδν,
3695 5493 3967 5556 τουτέστι,

2078 5626 2273 5688 Vat-ite
2297 5623 2619 5684 lectiones.

832 5742 873 5772 "
915 5743 979 5791 τὰ
1013 5740 1150 5791 αὖτᾶ
1178 5738 1343 5810 ἔχειν,
1362 5736 1634 5801 τουτέστι,
1670 5731 1848 5802 φιλοξ.
1877 5744 1932 5786 o.
2011 5728 2051 5761 "
2086 5726 2354 5795 πονηροὺέ
2380 5737 2434 5777 0-

754 5812 870 5882 ροτέ
879 5827 977 5879 ρας
1009 5826 1064 5863 υ.

2526 5721 2567 5751 ¹⁸
2590 5718 2851 5787 ὀφθέντας
2882 5714 3090 5784 ἀθῴους
3114 5728 3185 5767 tn.
3264 5710 3308 5744 "
3332 5708 3520 5778 οἰκέτῃ
3550 5720 3603 5760 0.
3679 5704 3725 5735 “
3753 5704 3968 5772 σταθη-
