4150 6440
185 384 247 449 57
923 392 1430 456 EXPOSITIOIN
1474 382 1711 458 EPIST.
1755 397 1780 455 I
1816 398 1915 457 AD
1937 398 2251 459 TlMOTH.
2285 424 2350 435 ——
2383 401 2540 460 CAP.
2584 402 2682 462 ιν.
3365 402 3434 464 58

184 496 425 561 λούσης.
456 495 748 563 Ἐνταῦθα,
778 502 963 570 φησιν,
1005 504 1312 558 ἀνακτᾶται
1338 506 1430 558 τὸν
1459 506 1741 576 ἄνθρωπον

1855 506 2130 560 hominem
2189 508 2275 560 hic
2304 507 2498 562 reﬁcit.
2546 508 2649 570 Qui
2706 509 2850 561 enim
2901 507 3105 563 nullius
3156 506 3282 559 mali
3328 492 3430 561 sihi

183 590 213 658 ἠ
242 588 511 642 εὑσέδεια.
551 591 608 643 ’0
626 592 735 659 γὰρ
768 595 932 661 μηδὲν
962 596 1142 665 ἑαυτῷ
1198 598 1458 661 συνειδὼς
1489 600 1746 670 πονηρὸν.

185 679 273 732 καὶ
311 681 543 734 ἐνταῦθα
585 685 865 748 γάννυται,
914 687 1012 748 τὰς
1052 687 1417 754 ἀπαγγελίας·
1447 688 1559 741 τῶν
1623 689 1752 757 μελο

182 770 375 822 λδντων
401 772 627 839 ἀγαθῶν
655 773 881 842 βεϐαίας
929 777 1089 845 ἔχων,
1124 780 1215 831 καὶ
1244 782 1360 832 ἐκεῖ
1384 780 1438 832 δὲ
1462 778 1561 848 τὴν
1578 780 1750 851 ἀληθῆ

183 862 319 931 ζωὴν
350 862 436 931 ζῇ.
468 864 608 916 Ἀπὸ
641 868 982 936 συγκρίσεως
1041 869 1098 922 δὲ
1144 869 1386 924 δείκνυσι
1436 871 1537 941 τὴν
1583 872 1752 941 ὑπερ-

182 952 305 1022 οχὴν
326 954 423 1023 τῆς
454 956 760 1019 εὐσεϐείας.

246 1048 468 1111 Πιστὸς
494 1051 753 1117 ὀλόγος,
812 1051 910 1103 καὶ
959 1052 1162 1119 πάσης
1215 1054 1526 1123 ἀποδοχῆς
1561 1058 1747 1124 ἄξιος.

181 1136 454 1199 τουτέστι,
477 1138 686 1206 ἀληθὴς
727 1142 821 1191 καὶ
846 1141 993 1206 ἄξιος
1038 1144 1442 1212 εὐπαράδεκτος
1472 1142 1607 1198 εἶναι
1646 1148 1751 1198 πᾶ-

182 1244 279 1290 σιν,
309 1228 384 1291 ὡς
420 1232 811 1300 ἀναμφίῦολος.
844 1234 1000 1297 Ποῖος
1027 1234 1185 1302 λόγος
1218 1254 1232 1302 ;
1265 1237 1345 1288 ὅτι
1386 1237 1480 1289 καὶ
1520 1239 1751 1290 ἐνταῦθα

180 1319 265 1369 καὶ
294 1320 412 1371 ἐκεῖ
443 1320 475 1388 ή
511 1321 760 1374 εὐσέϐεια
791 1324 1010 1391 ὠφελεῖ.
1066 1327 1349 1394 Πανταχοῦ
1375 1328 1430 1379 δὲ
1463 1329 1560 1395 τῆς
1594 1328 1750 1383 Ἐπι-

178 1410 359 1472 στολῆς
391 1411 552 1463 τοῦτο
603 1414 823 1481 ἐπάγει,
878 1418 970 1468 καὶ
1032 1418 1092 1467 οὐ
1146 1417 1315 1469 δεῖται
1374 1420 1748 1485 κατασκευῆς,

176 1501 281 1553 ἀλλ’
305 1504 700 1572 ἀποφαίνεται·
736 1507 870 1576 πρὸς
923 1508 1033 1578 γάρ
1067 1508 1333 1577 Τιμόθεον
1378 1505 1446 1580 ἦν
1512 1512 1540 1562 δ
1593 1508 1751 1576 λόγος

174 1591 330 1645 αὐτῶ.

241 1683 335 1741 Εἰς
363 1681 545 1734 τοῦτο
580 1682 687 1752 γὰρ
731 1685 827 1768 καί
876 1687 1176 1756 κοπιῶμεν
1204 1690 1299 1742 καὶ
1329 1690 1743 1755 ὀνειδιζόμεθα,

177 1772 622 1843 δτιήλπίκαμεν
644 1778 742 1828 ἐπὶ
775 1778 896 1841 θεῷ
930 1778 1113 1838 ζῶντι.
1183 1782 1434 1833 Δείκνυσι
1485 1784 1622 1850 τίςή
1657 1784 1744 1833 εὑ-

1855 598 2115 653 conscios
2139 610 2244 661 est,
2293 600 2345 653 in
2378 601 2481 655 hoc
2516 614 2631 653 aevo
2674 599 3001 661 delectatur,
3044 598 3435 668 promissiones

1856 685 2166 740 futurorum
2224 687 2489 741 bonorum
2538 688 2725 743 ﬁrmas
2781 687 3034 752 habens;
3085 687 3198 741 illic
3249 694 3431 738 autem

1854 793 2038 832 veram
2074 779 2240 832 vitam
2276 780 2431 833 vivit.
2470 780 2515 835 Α
2559 780 2972 852 comparatione
3000 790 3180 840 autem
3215 778 3433 849 pietatis

1854 869 2230 925 excellentiam
2267 882 2688 927 commonstrat.

1927 1052 2091 1107 Vens.
2118 1054 2169 1107 9.
2204 1052 2407 1108 Fidelis
2437 1071 2630 1118 sermo,
2650 1067 2699 1109 et
2722 1057 2864 1108 omni
2890 1054 3189 1121 acceptione
3219 1050 3428 1121 dignus.

1857 1144 1967 1199 Hoc
1995 1154 2100 1209 est,
2129 1161 2307 1206 vcrtts,
2342 1156 2395 1199 et
2428 1147 2627 1215 dignus
2661 1147 2859 1214 estqui
2888 1147 3190 1215 accipiatur
3214 1145 3281 1198 ab
3315 1160 3432 1196 om-

1856 1238 2035 1299 nibus,
2070 1238 2359 1303 utpotequi
2387 1238 2455 1291 sit
2490 1238 2713 1292 minime
2747 1238 2970 1293 dubius.
2993 1239 3182 1303 Qualis
3213 1234 3433 1291 sermo?

1853 1330 1996 1398 quod
2027 1337 2080 1382 et
2110 1328 2194 1380 hic
2214 1328 2394 1380 etillic
2411 1328 2583 1394 pietas
2619 1328 2767 1384 utilis
2793 1328 2891 1383 sit.
2922 1327 3208 1381 Pertotam
3246 1334 3427 1379 autem

1854 1415 2153 1485 Epistolam
2184 1415 2288 1468 hoc
2321 1415 2504 1479 infert,
2550 1431 2650 1470 nec
2688 1430 2825 1483 opus
2858 1415 3019 1469 habet
3055 1413 3427 1467 conﬁrmatio-

1854 1523 1940 1568 ne.
1987 1506 2080 1560 sed
2136 1507 2382 1559 enuntiat
2421 1520 2437 1558 :
2484 1505 2551 1560 ad
2584 1505 2930 1561 Timotheum
2971 1504 3114 1559 enim
3150 1505 3198 1558 ei
3248 1519 3426 1558 sermo

1850 1607 1987 1650 erat.

1923 1688 2083 1739 Vens.
2116 1687 2201 1740 10.
2234 1686 2295 1741 1η
2327 1686 2423 1740 hoc
2446 1687 2584 1742 enim
2610 1696 2659 1741 et
2694 1687 3026 1750 laboramus,
3057 1695 3107 1740 et
3154 1683 3429 1737 maledici-

1852 1796 1989 1837 mur,
2009 1780 2133 1846 quia
2164 1796 2435 1845 speramus
2469 1780 2519 1833 in
2557 1779 2662 1832 Deo
2682 1781 2899 1833 vivente.
2923 1778 3172 1832 Ostendit
3204 1792 3325 1847 quae
3357 1777 3431 1829 sit

176 1867 364 1927 σέϐεια,
401 1872 495 1919 καέ
517 1870 597 1920 ὅτι
631 1870 695 1938 ἣν
724 1872 877 1923 αὐτοὶ
912 1872 963 1924 oi
1020 1873 1308 1925 ἀπόστολοι
1343 1874 1696 1942 μετέρχονται
1729 1890 1740 1902 ·

1852 1873 2044 1939 pietas,
2100 1862 2259 1940 quam
2333 1874 2431 1939 ipsi
2506 1873 2765 1925 nimirum
2813 1871 3045 1939 apostoli
3086 1878 3424 1923 exerceant:

174 1959 259 2010 sui.
288 1962 693 2023 κατασκευάζει
718 1962 831 2023 πῶς
863 1967 960 2029 τῆς
987 1964 1289 2031 μελλούσης
1317 1965 1460 2034 ζωῆς
1479 1965 1574 2029 τὰς
1597 1967 1744 2017 ἐλπί-

174 2048 257 2111 δας
281 2050 415 2117 ἔχει,
460 2052 557 2103 καί
584 2069 775 2118 φησιν.
800 2052 902 2118 Είς
929 2055 1125 2117 τοῦτο,
1156 2057 1277 2107 ἀντὶ
1302 2058 1416 2119 τοῦ,
1451 2057 1537 2108 διὰ
1562 2056 1737 2120 τοῦτο,

174 2141 258 2194 καὶ
286 2142 593 2212 κοπιῶμεν
620 2146 718 2197 καὶ
760 2144 1181 2213 ὀνειδιζόμεθα.
1212 2149 1366 2211 Τίνος
1416 2148 1525 2217 γὰρ
1554 2149 1741 2201 ἕνεκεν

174 2234 650 2304 κατακοπτόμεθα,
711 2237 759 2287 εἰ
800 2236 872 2305 μὴ
903 2237 970 2289 τὰ
1004 2238 1266 2304 μέλλοντα
1298 2239 1737 2310 προσεδοκῶμεν,

172 2322 204 2377 ἃ
222 2323 371 2378 δώσει
401 2326 547 2395 μετά
576 2328 668 2379 τὸν
692 2328 915 2381 θάνατον
936 2331 1068 2398 ἡμῖν
1088 2331 1116 2381 ὁ
1142 2330 1251 2391 ζῶν
1268 2332 1400 2394 Θεός
1428 2348 1442 2396 ;
1472 2330 1738 2385 Ἐνταῦθα

176 2415 261 2483 μὲν
282 2418 393 2487 γὰρ
433 2419 701 2481 πολλάκις
734 2421 1064 2491 στρατιῶται
1129 2422 1397 2491 βασιλέως
1447 2424 1739 2491 προκινδυο

180 2510 455 2573 νεύσαντες
486 2510 784 2564 ἀπόλλουσι
805 2513 906 2575 τὰς
928 2513 1185 2580 ἀμοιϐὰς,
1220 2514 1591 2573 ἀποθανόντἰς
1644 2531 1741 2581 με-

173 2595 290 2656 ταξὺ
318 2596 535 2648 ἐκείνου
563 2613 579 2628 ο
603 2596 763 2667 ἡμῶν
784 2598 839 2651 δὲ
862 2600 895 2651 ὁ
922 2600 1185 2664 Βασιλεὺς
1229 2603 1296 2671 ζῇ
1326 2603 1434 2665 ἀεὶ,
1463 2602 1604 2655 ὥστε
1642 2605 1738 2657 καὶ

174 2686 248 2738 ἀεὶ
268 2688 508 2745 δίδωσιν.

235 2776 333 2843 ’ος
367 2780 504 2832 ἐστι
560 2782 766 2851 Σωτὴρ
816 2783 1059 2838 πάντων
1095 2786 1442 2856 ἀνθρώπων,
1469 2786 1739 2856 μάλιστα

173 2863 401 2920 πιστῶν.
430 2871 719 2935 Τουτέστι,
776 2875 987 2936 πάντας
1036 2877 1178 2930 θέλει
1214 2878 1452 2949 σωθῆναι
1495 2880 1591 2931 καὶ
1653 2884 1738 2932 ὲν-

174 2954 331 3012 ταῦθα
360 2961 456 3012 καὶ
488 2963 610 3014 ἐκεῖ
637 2977 653 2992 ⁸
682 2965 903 3019 πλείονα
935 2968 990 3020 δὲ
1021 2970 1259 3040 σπουδὴν
1328 2970 1564 3023 ἐνταῦθα
1607 2972 1738 3040 περὶ

176 3049 285 3111 τοὺς
308 3053 541 3116 πιστοὺς
574 3054 785 3109 τίθεται
814 3059 901 3111 W.
934 3058 997 3111 Ei
1037 3059 1111 3128 μὴ
1136 3061 1246 3131 γὰρ
1295 3062 1461 3125 αὐτὸς
1513 3063 1739 3125 τούτους

176 3137 352 3203 Ισωσε,
392 3142 517 3206 πῶς
542 3143 610 3197 ἂν
636 3146 896 3216 ἀντέσχον
927 3150 1032 3200 ὑπὸ
1054 3151 1273 3202 πάντων
1302 3151 1430 3203 πολε
1441 3153 1735 3221 μούμενοις

174 3229 256 3281 Διά
288 3230 342 3283 δὲ
390 3233 606 3286 τούτων
660 3240 925 3307 παρορμᾷ
980 3239 1073 3291 τὸν
1132 3240 1398 3310 Τιμόθεον
1433 3243 1574 3312 πρὸς
1620 3244 1744 3305 τοὺς

174 3321 454 3387 κινδύνους.
511 3328 607 3396 Μὴ
643 3332 751 3397 γάρ
811 3332 1027 3397 ἐκλύου,
1083 3336 1238 3401 φησὶ,
1308 3334 1552 3388 τοιοῦτον
1606 3336 1744 3404 ἔχων

172 3411 306 3475 Θεὸν,
357 3417 495 3485 μηδὲ
538 3417 636 3486 τὴν
695 3422 1051 3491 παρ’ἑτέρων
1086 3425 1407 3493 συμμαχίαν
1459 3424 1740 3489 ὲπικαλοῦ,

173 3500 275 3555 ἀλλ’
295 3506 479 3572 ἔλπιζε
517 3507 610 3561 ἐπ’
638 3511 864 3565 ἐκεῖνον·
898 3512 964 3582 ζῇ
997 3514 1126 3582 γὰρ,
1157 3515 1249 3567 καὶ
1275 3516 1468 3585 Σωτήρ
1497 3518 1635 3569 ἐστι.

232 3695 617 3764 Παράγγελλε
646 3694 833 3748 ταῦτα
884 3696 984 3749 καὶ
1032 3696 1305 3751 δίδασκε.
1345 3696 1466 3751 Τῶν
1492 3700 1745 3769 πραγμά-

172 3785 373 3849 των,τά
414 3787 516 3855 μὲν
545 3785 891 3850 διδασκαλίας
952 3787 1153 3850 δεῖται,
1217 3791 1295 3841 τὰ
1340 3790 1418 3851 δὲ,
1453 3792 1738 3858 ἐπιταγῆς.

176 3874 305 3942 Dios,
334 3877 594 3948 περὶτοῦ
648 3878 940 3946 ἁρπάζειν,
1017 3879 1075 3930 οὐ
1110 3878 1383 3932 διδάσκειν
1445 3882 1572 3950 χρὴ,
1626 3881 1740 3933 ἀλλ’

175 3970 491 4036 ιπιτάττειν,
552 3972 828 4034 τουτέστι,
916 3970 1055 4041 μετά
1116 3970 1361 4031 πλείονος
1426 3972 1741 4035 αὑθεντείας

175 4062 542 4132 ἀπαγορεύειν·
580 4064 709 4132 περὶ
740 4063 920 4131 μέντοι
946 4063 1039 4115 τοῦ
1069 4061 1139 4114 τὰ
1169 4062 1483 4131 ὑπάρχοντα
1524 4064 1737 4128 κενοῦν,

174 4151 202 4221 ἢ
236 4153 473 4221 περὶτοῦ
507 4153 893 4223 παρθενεύειν,
937 4154 968 4222 ἢ
1010 4153 1103 4206 τοῦ
1140 4154 1257 4215 πῶς
1296 4155 1379 4207 δεῖ
1433 4156 1735 4218 πιστεύειν,

176 4240 383 4295 ἐνταῦθα
428 4243 790 4303 διδασκαλίας
841 4243 1019 4311 χρεία.
1086 4244 1182 4295 Διά
1231 4243 1390 4295 τοῦτο
1452 4245 1739 4314 ἀμφότερα

173 4332 362 4403 τίθησιν
393 4338 421 4388 ὁ
451 4334 780 4397 ’Λπόστολος
802 4336 845 4366 ⁸⁸
874 4352 885 4364 ·
925 4334 1308 4404 Παράγγελλε
1337 4336 1434 4388 καί
1467 4335 1735 4390 δίδασκε.

177 4423 271 4476 Καὶ
298 4425 491 4490 ἄλλως,
528 4426 663 4478 ὅταν
691 4425 790 4492 μὲν
818 4425 1017 4487 εἰδότες
1041 4443 1092 4478 τι
1142 4426 1379 4495 πονηρὸν
1403 4424 1565 4488 εἶναι,
1589 4429 1734 4494 ὅμως

1845 1975 1898 2017 et
1926 1963 2215 2017 confirmat
2264 1963 2543 2032 quomodo
2580 1962 2778 2017 futura:
2825 1964 2947 2015 vita:
2996 1976 3145 2031 spem
3208 1958 3429 2025 habeat,

1845 2055 2118 2122 inquiens,
2162 2054 2222 2108 In
2255 2055 2370 2117 hoc,
2414 2055 2465 2107 id
2501 2063 2607 2119 est,
2646 2062 2867 2122 propter
2893 2052 3022 2117 hor,
3053 2068 3169 2106 cum
3204 2049 3427 2103 labora-

1851 2163 1992 2210 mus,
2047 2157 2156 2198 tum
2211 2146 2531 2198 contumelia
2585 2147 2839 2215 oﬂicimur
2877 2154 2932 2198 et
2979 2143 3243 2198 conviciis
3290 2142 3430 2211 peti-

1845 2251 1991 2290 mur.
2026 2238 2200 2302 Quam
2225 2238 2368 2289 enim
2408 2236 2479 2290 ob
2512 2251 2736 2290 causam
2778 2236 3064 2299 caedimur,
3098 2232 3205 2288 nisi
3244 2232 3427 2286 futura

1842 2342 2313 2399 exspectaremus,
2336 2345 2457 2398 quae
2475 2329 2623 2382 dabit
2650 2335 2769 2396 post
2793 2336 3018 2381 mortem
3050 2325 3207 2380 nobis
3237 2324 3426 2380 vivens

1846 2419 2028 2473 Dens?
2059 2419 2155 2474 llic
2195 2421 2340 2472 enim
2388 2432 2761 2487 smponumero
2798 2417 3021 2480 milites,
3063 2418 3154 2485 qui
3187 2430 3285 2483 pro
3323 2414 3425 2468 iut-

1842 2519 2093 2577 peratore
2136 2511 2376 2577 pericula
2434 2509 2673 2574 subiere,
2739 2510 2834 2562 illo
2886 2507 3105 2561 interim
3164 2505 3423 2561 defuncto

1844 2601 2151 2655 mercedem
2184 2602 2447 2654 amittunt
2478 2618 2492 2655 :
2528 2611 2716 2653 noster
2745 2608 2925 2652 autem
2962 2597 3073 2651 Rex
3107 2611 3322 2667 semper
3348 2596 3427 2649 vi-

1842 2695 1917 2748 vit
1950 2711 1964 2748 :
2002 2694 2184 2757 itaque
2214 2704 2266 2748 et
2306 2707 2525 2761 semper
2569 2693 2684 2745 dat.

1912 2784 2018 2850 Qui
2048 2794 2124 2837 est
2160 2784 2414 2838 Servator
2439 2785 2672 2836 omnium
2703 2783 2997 2846 hominum,
3030 2781 3258 2834 maxime
3288 2779 3422 2847 fide»

1842 2876 1994 2929 lium.
2019 2873 2131 2928 Hoc
2153 2883 2467 2937 est,omnes
2490 2877 2707 2942 quidem
2735 2874 2849 2926 vult
2875 2873 3055 2928 salvos
3087 2872 3224 2932 ﬁeri,
3257 2878 3309 2924 et
3336 2869 3427 2925 hic

1839 2974 1896 3019 et
1926 2966 2086 3019 illic:
2140 2967 2400 3029 majorem
2456 2976 2640 3019 autem
2691 2980 2879 3018 curam
2934 2964 3020 3018 hic
3063 2963 3208 3017 circa
3241 2962 3426 3017 ﬁdeles

1839 3058 2120 3111 ostendit:
2154 3058 2259 3111 nisi
2280 3060 2425 3110 enim
2459 3057 2575 3125 ipse
2612 3057 2713 3109 hos
2748 3063 3017 3117 servaret,
3048 3054 3323 3125 quomodo
3356 3052 3426 3107 ab

1849 3149 2105 3202 omnibus
2153 3149 2447 3218 oppugnati
2483 3150 2825 3202 sustinerent
2864 3148 2887 3200 ?
2921 3146 3021 3201 Per
3082 3147 3195 3200 htec
3243 3152 3425 3197 autem

1852 3239 2041 3291 incitat
2071 3236 2419 3291 Timotheum
2461 3240 2527 3291 ad
2562 3239 2804 3307 pericula
2837 3237 3140 3290 toleranda.
3179 3235 3256 3289 Ne
3279 3234 3425 3288 enim

1848 3327 2094 3392 deﬁcias,
2129 3330 2329 3397 inquit,
2380 3344 2505 3382 cum
2548 3330 2707 3382 talem
2748 3328 2950 3382 habeas
3006 3327 3196 3389 lleutn,
3251 3340 3427 3394 neque

1849 3422 1919 3474 ab
1949 3422 2071 3474 aliis
2100 3422 2362 3473 auxilium
2396 3421 2560 3492 574
2601 3422 2830 3488 implora
2868 3422 2920 3474 in
2957 3419 3279 3481 amictione,
3329 3418 3425 3471 sed

1847 3513 1991 3567 enim
2059 3527 2216 3581 spera
2279 3513 2334 3566 in
2392 3513 2588 3566 illum:
2643 3514 2773 3566 vivit
2828 3513 3001 3577 enim,
3056 3520 3110 3565 et
3163 3508 3424 3563 Servatur

1845 3613 1951 3661 est.

1919 3692 2080 3747 Vens.
2117 3694 2200 3747 ll.
2244 3692 2482 3761 Prtecipe
2507 3693 2617 3746 ho'c
2656 3704 2705 3748 et
2733 3695 2879 3746 doce.
2913 3692 3021 3748 Res
3055 3694 3172 3746 alia?
3204 3692 3423 3763 quidem

1845 3787 2096 3841 doctrina
2133 3787 2423 3856 indigent,
2475 3787 2593 3839 alia:
2642 3802 2769 3840 vero
2816 3785 3073 3839 mandato
3104 3785 3326 3839 :‘veluti
3357 3783 3425 3839 de

1846 3880 2036 3949 rapina
2077 3896 2183 3932 non
2216 3879 2436 3944 docere,
2471 3881 2562 3933 sed
2592 3882 2889 3948 praecipere
2919 3890 3151 3950 oportet,
3189 3879 3289 3931 hoc
3317 3886 3424 3944 est,

1843 3984 1968 4024 cum
2020 3971 2211 4038 majori
2248 3972 2572 4024 auctoritate
2606 3971 2915 4040 prohibere.
2967 3970 3041 4025 De
3100 3970 3422 4023 facultatum

1842 4078 1970 4115 vero
2026 4064 2077 4115 iu
2145 4078 2411 4132 pauperes
2475 4064 2884 4128 distributione,
2957 4061 3026 4116 de
3093 4061 3423 4130 virginitatis

1843 4160 2012 4218 statu,
2070 4154 2154 4208 vel
2195 4156 2471 4223 quomodo
2523 4154 2857 4208 credendum
2904 4154 2998 4217 sit,
3034 4154 3122 4209 hic
3175 4154 3423 4207 doctrina

1841 4261 1979 4315 opus
2035 4253 2137 4301 est.
2206 4244 2497 4314 Propterea
2559 4256 2793 4316 utraque
2851 4248 3002 4316 ponit
3069 4245 3364 4314 Apostolus
3400 4283 3416 4307 ,

1842 4335 2073 4403 Prtecipe
2099 4352 2160 4387 ac
2190 4334 2335 4391 doce.
2374 4336 2450 4388 Ad
2496 4335 2629 4399 hmc,
2665 4336 2885 4405 quando
2919 4335 3172 4389 novimus
3195 4333 3419 4403 quidem

1842 4428 2043 4496 aliquid
2084 4443 2204 4481 esse
2241 4428 2467 4491 malum,
2500 4442 2562 4481 ac
2596 4428 2954 4481 nihilominus
2986 4428 3114 4481 illud
3147 4440 3424 4499 perpetra-

179 4516 481 4584 πράττωμεν
548 4518 706 4579 αὑτὸ,
761 4517 1143 4585 παραγγελίας
1208 4518 1439 4587 δεόμεθα
1470 4520 1570 4551 ³⁸⁸-
1604 4521 1731 4574 ὅταν

1845 4534 1981 4581 mus;
2012 4529 2282 4587 praerepto
2306 4533 2444 4588 cpns
2471 4528 2548 4572 est
2571 4537 2583 4572 :
2610 4519 2833 4588 quando
2863 4534 2993 4574 vero
3017 4537 3126 4574 non
3147 4522 3419 4585 novimus,

175 4602 222 4655 δὲ
246 4605 312 4673 μὴ
331 4605 553 4669 είδίτες,
585 4604 954 4665 διδασκαλίας.

235 4695 446 4761 Μηδείς
468 4693 721 4763 σου,τῆς
735 4696 1019 4762 νεότητος
1038 4707 1498 4766 καταφρονείτω.
1516 4699 1737 4768 Ἐπειδὴ

178 4784 204 4851 ἡ
233 4787 373 4856 κοινὴ
396 4786 671 4858 πρόληψις
694 4786 1173 4856 εὐκαταφρόνητον
1227 4791 1465 4859 πρᾶγμα
1519 4792 1735 4859 ἡγεῖται

178 4875 260 4941 τὴν
282 4878 530 4945 νεότητα,
594 4876 782 4945 φησὶν,
836 4875 1311 4947 Αὐθεντικὼτερον
1363 4879 1732 4948 παράγγελλε,

179 4967 257 5018 καὶ
281 4968 465 5037 μηδείς
488 4984 585 5021 σου
621 4968 1058 5037 καταφρονείτω,
1098 4969 1181 5023 δεῖ
1210 4970 1319 5040 γὰρ
1375 4972 1470 5023 καὶ
1526 4971 1736 5024 ἀκαταο

178 5060 419 5131 φρὸνητον
459 5059 605 5112 εἶναι
636 5060 727 5112 τὸν
752 5059 1091 5115 διδάσκαλον.
1124 5060 1234 5114 Ποῦ
1281 5060 1374 5115 οὖν
1408 5064 1470 5117 τὸ
1521 5064 1737 5134 πρᾶονς

180 5138 290 5202 ἰνθα
315 5150 410 5219 μὶν
436 5151 539 5215 τὰς
562 5153 644 5214 είς
667 5151 829 5205 αὑτὸν
858 5151 1045 5223 ὕϐρεις
1096 5152 1381 5223 ἐκδικῆσαι
1422 5155 1523 5220 δεῖ,
1562 5157 1737 5225 πρᾶος

180 5236 328 5290 ἔστω·
349 5239 477 5293 ἔνθα
514 5241 575 5293 δὲ
620 5240 762 5308 ὑπὲρ
794 5242 1067 5313 σωτηρίας
1092 5242 1271 5297 ἄλλων
1298 5244 1603 5315 αὐστηρίας
1632 5246 1733 5312 δεῖ,

184 5327 299 5392 μετὰ
322 5330 636 5401 παρρησίας
664 5332 1017 5385 ἐπιταττέτω.
1052 5334 1122 5385 Ἢ
1142 5334 1222 5385 ὅτι
1242 5333 1364 5387 Βίον
1387 5335 1733 5389 ἐπιδείκνυσο

180 5416 396 5487 κόσμιον,
443 5425 539 5476 καὶ
580 5423 644 5477 οὐ
699 5424 1245 5497 καταφρονηθήσεται
1305 5444 1398 5481 σου
1454 5428 1735 5498 quem,

1841 4607 2210 4661 institutione.

1914 4699 2079 4754 Vsus.
2110 4700 2198 4754 12.
2234 4697 2402 4754 Nemo
2451 4700 2867 4756 adolescentiam
2917 4712 3063 4755 tuam
3104 4714 3419 4759 contemnat.

1842 4790 1979 4855 Quia
2006 4795 2313 4846 communis
2361 4793 2547 4860 opinio
2590 4794 3055 4863 contemptibilem
3094 4810 3205 4847 rem
3263 4806 3420 4863 putat

1840 4885 2285 4946 adolescentiam,
2324 4883 2581 4954 Prtccipe,
2623 4886 2818 4953 inquit,
2851 4885 3041 4953 majori
3071 4900 3193 4938 cum
3227 4899 3419 4939 aucto-

1842 4978 2020 5040 ritate,
2062 4992 2126 5030 ac
2159 4993 2321 5031 nemo
2360 4985 2413 5032 te
2457 4988 2773 5031 contemnat
2812 4997 2825 5031 :
2888 4986 3104 5047 Oportet
3134 4979 3277 5032 enim
3310 4995 3417 5033 non

1842 5067 2307 5135 contemptibilem
2338 5083 2460 5122 esse
2491 5078 2904 5138 praeceptorem.
2947 5067 3044 5123 Ubi
3081 5069 3246 5139 igitur
3267 5084 3421 5123 man-

1842 5158 2076 5213 suetudo
2104 5159 2127 5212 τ
2169 5158 2259 5213 ubi
2289 5157 2539 5227 injurias,
2575 5162 2773 5230 quibus
2801 5160 2917 5228 ipse
2949 5160 3201 5225 aﬁicitur,
3225 5161 3418 5216 ulcisci

1838 5257 2106 5318 oporteat,
2137 5261 2460 5308 mansuetus
2492 5264 2610 5306 esto
2642 5269 2657 5307 :
2688 5253 2779 5307 ubi
2816 5267 2942 5305 vero
2967 5253 3197 5306 aliorum
3227 5252 3419 5308 salutis

1837 5342 2011 5411 gratia
2047 5357 2186 5411 opus
2228 5352 2311 5396 est
2347 5344 2687 5409 austeritate,
2739 5359 2863 5397 cum
2918 5344 3117 5399 ﬁducia
3166 5345 3415 5414 imperet.

1842 5431 1960 5497 Vel,
1986 5432 2162 5488 Vitam
2192 5435 2420 5494 ostende
2444 5436 2823 5505 honestam,ct
2842 5452 2949 5492 non
2981 5439 3162 5493 veniet
3194 5436 3250 5492 in
3282 5452 3416 5493 con-

1504 5649 1705 5713 ναι-ἰαὶ
1728 5649 2060 5716 lectiones.

245 5778 302 5811 “°
334 5784 668 5843 ἐνδείκνυται
698 5809 750 5846 υ.
828 5792 873 5826 ³³
906 5792 1115 5858 Παῦλος
1142 5812 1195 5851 o.
1272 5796 1338 5828 ³⁸⁸
1368 5797 1449 5851 δεῖ
1485 5816 1539 5854 o.
