4150 6440
169 402 221 460 65

219 511 347 575 Χιῖμι
376 512 895 581 κιιταλεγέσθωιιὴ
921 516 1186 568 ἐλάττων
1204 516 1354 569 ἐτῶν
1383 518 1679 582 ἑξήκοντα
1710 524 1755 579 Α

170 599 409 668 γεγονυῖα,
442 599 584 663 ἐνὸς
610 602 831 669 ἀνδρὸς
872 605 1047 672 γυνή.
1098 606 1317 675 Ἐπειδὴ
1354 605 1507 659 εἶπεν
1540 608 1679 659 ἀνωυ

166 692 291 758 τέρω,
316 691 385 741 ὅτι
416 692 446 725 ἀ
489 694 841 755 σπαταλῶσα,
895 696 1085 764 καὶμὴ
1122 698 1426 767 προνοοῦσα
1463 698 1570 750 τῶν
1604 700 1681 750 ot-

166 783 311 841 κείων,
344 782 538 845 ἀναξία
576 784 689 836 ἐστὶ
724 785 817 837 τοῦ
866 787 1169 855 καταλόγου
1206 791 1313 842 ττὶν
1356 790 1562 860 χηρῶν,
1589 790 1681 843 νῦν

163 873 358 924 διδάσκει
388 874 539 941 ἡμᾶς
566 874 618 924 τί
652 874 734 925 δεῖ
757 875 928 945 αὐτὴν
963 876 1107 945 ἔχειν
1130 894 1142 907 ·
1187 879 1281 931 καὶ
1314 880 1529 946 πρῶτον
1579 878 1681 947 μὶν

166 965 263 1033 περὶ
303 963 394 1032 τῆς
444 965 662 1035 ἡλικίας
725 967 1199 1035 ἀκριϐολογείται·
1248 970 1347 1039 τὴν
1393 970 1449 1022 δὲ
1504 972 1681 1021 αἰτίαν

163 1055 325 1123 προῖὼν
351 1058 485 1125 ἐρεῖ.
515 1058 591 1108 Οὐ
624 1057 732 1127 γὰρ
766 1057 955 1119 ἁπλῶς
980 1057 1123 1109 οὓτω
1152 1058 1250 1126 τὴν
1302 1058 1681 1125 ἑξηκοντοῖηιν

163 1148 387 1215 ἐγκρίνει·
448 1146 564 1199 ἐστι
612 1150 720 1217 γὰρ
772 1150 866 1201 καὶ
923 1149 1179 1217 τοιαύτην
1236 1150 1462 1213 ἀναξίαν
1513 1142 1678 1202 εἶναι.

164 1238 351 1289 Ἔπειτα
376 1238 472 1290 καὶ
502 1238 844 1306 μονογαμίαν
875 1238 1044 1305 αὐτὴν
1072 1239 1314 1301 ἀπαιτεῖ,
1351 1238 1425 1300 ὡς
1456 1240 1681 1307 σημεῖον

162 1328 449 1394 σεμνότητος
484 1330 579 1380 καὶ
623 1329 1107 1399 φιλοσωφροσύνης
1125 1329 1191 1382 ⁸⁸.
1237 1329 1345 1381 Καὶ
1378 1329 1445 1381 τὰ
1467 1328 1600 1381 ἄλλα
1625 1329 1679 1379 δὲ

160 1420 257 1487 ἑξῆς
282 1418 458 1471 ἄκουε.

221 1614 307 1665 ’Er
324 1613 513 1682 ἔργοις
546 1616 756 1681 καλοῖς
772 1616 1255 1683 μαρτυρουμένη.
1280 1614 1451 1667 Τοῦτό
1479 1616 1595 1667 ἐστι
1622 1613 1682 1664 τδ

156 1706 323 1772 rapito;
346 1707 515 1776 αὐτὴν
540 1706 724 1771 ἀξιοῦν
761 1706 856 1771 τοῦ
888 1705 1219 1773 καταλόγου·
1251 1700 1371 1758 εἶτα
1392 1703 1679 1775 ιίιριθμεῖδ⁷

158 1796 230 1844 καὶ
250 1796 310 1847 τὰ
337 1797 471 1864 ἔργα
506 1798 717 1849 ίδικώτε
727 1815 839 1867 ρον.
1255 1830 1262 1841 ι

211 1887 266 1935 ει
298 1885 791 1953 ὲτεκνοτρόφησε.
834 1887 1228 1956 Τεκνοτροερεῖν
1257 1886 1317 1938 οὐ
1350 1883 1507 1937 τοῦτό
1542 1884 1681 1945 ἔστι,
1717 1868 1757 1922 Β

156 1975 201 2024 τὸ
226 1976 421 2044 τρέφειν
451 1978 517 2029 τὰ
545 1978 715 2030 τέκνα
738 1978 944 2041 ἁπλῶς,
978 1978 1114 2029 ἀλλὰ
1147 1978 1207 2031 τὸ
1238 1978 1314 2039 ὡς
1354 1977 1466 2028 δεῖ·
1493 1975 1683 2045 ὥσπερ

156 2068 229 2117 καί
258 2067 509 2137 ἀνωτέρω
536 2065 709 2121 εἶπεν
759 2070 892 2122 Ἐὰν
939 2070 1285 2137 ἐπιμείνωσι
1352 2066 1425 2137 τῇ
1485 2068 1684 2121 πίστει

154 2158 227 2209 καί
255 2158 325 2221 τῷ
342 2159 643 2228 ἁγιασμῷ.

211 2250 264 2302 iii
286 2251 746 2319 ἐξενοδόχησεν.
786 2252 946 2323 ὐρᾶς
990 2253 1107 2314 πῶς
1140 2253 1237 2315 τὰς
1269 2252 1405 2323 πρὸς
1444 2253 1567 2315 τοὺς
1606 2254 1683 2303 ol-

154 2340 302 2403 κείους
328 2344 649 2413 εὐεργεσίας
684 2344 1005 2414 προτέθεικε
1040 2344 1148 2396 τῶν
1190 2343 1328 2412 πρὸς
1374 2347 1497 2404 τοὺς
1530 2343 1687 2396 ἁλλοο

154 2434 326 2497 τρίους;
353 2434 636 2502 Προειπὼν
660 2436 791 2504 γὰρ,
824 2438 892 2488 Ei
909 2436 1403 2503 ἐτεκνοτρόφησε,
1429 2436 1551 2486 τότε
1584 2435 1683 2485 ὲπι

153 2521 345 2589 ἠγαγεν,
375 2523 437 2576 Et
462 2523 900 2592 ἐξενοδόχησεο
952 2524 1057 2577 κᾶν
1085 2525 1254 2577 τᾶλλα
1284 2524 1326 2575 δ’
1369 2526 1571 2592 ἄπορος
1600 2527 1684 2593 εἴη

153 2627 235 2675 τις,
262 2614 427 2666 οίκίαν
457 2615 680 2678 πάντως
711 2615 843 2684 ἔχει’
885 2616 947 2669 οὐ
980 2615 1088 2685 γὰρ
1122 2615 1185 2685 δὴ
1206 2614 1417 2684 αἴθριος
1447 2614 1616 2683 μένει.

204 2886 263 2936 Et
313 2887 496 2952 ἁγίων
547 2886 737 2952 πόδας
780 2886 981 2953 ἔρριψε.
1044 2883 1218 2937 Τοῦτο
1273 2878 1447 2947 εἷπεν,
1499 2885 1687 2956 ἐπειδὴ

152 2974 312 3028 πολλαὶ
345 2977 681 3046 ξενοδοχοῦσι
718 2978 839 3047 μὲν,
869 2979 973 3029 οὐκ
1020 2976 1185 3030 αὐταὶ
1230 2976 1288 3028 δὲ
1345 2976 1413 3028 δι’
1479 2978 1688 3030 ἑαυτῶν

151 3069 475 3139 ὑπουργοῦσι,
507 3070 646 3122 ἀλλὰ
670 3070 759 3122 διὰ
782 3070 886 3122 τῶν
909 3068 1327 3136 θεραπαινίδων.
1359 3067 1689 3136 Βουλόμενος

149 3159 222 3213 οὖν
254 3163 555 3233 ἐργατικὴν
580 3158 778 3216 sint"
808 3163 905 3233 τὴν
928 3164 1126 3232 χήραν,
1163 3161 1255 3213 καὶ
1288 3160 1363 3229 μὴ
1395 3159 1682 3229 βλακικὴν,
1711 3190 1754 3245 C

149 3253 287 3322 αὐτὴν
308 3254 373 3305 δι’
404 3255 611 3321 ἑαυτῆς
636 3254 931 3322 ὑπουργεῖν
958 3250 1171 3303 κελεύει
1188 3267 1201 3281 ⁸
1267 3252 1301 3319 ὴ
1324 3251 1432 3320 γὰρ
1462 3250 1687 3317 βλακεία

150 3345 480 3413 σ-..αταλώσης
522 3344 747 3412 μᾶλλον.
777 3344 885 3395 Καὶ
912 3342 1087 3403 ἄλλως
1115 3342 1193 3404 δὲ,
1221 3341 1310 3393 ἵνα
1342 3340 1417 3409 μὴ
1446 3338 1687 3407 παντελῆ

149 3438 353 3505 ἀπορίαν
379 3436 728 3506 προδόληταί
758 3452 840 3498 τις
878 3434 1015 3501 πρὸς
1046 3434 1105 3485 τὸ
1130 3433 1205 3501 μὴ
1247 3432 1563 3500 ξενοδοχεῖν,
1614 3432 1688 3493 ὡς

149 3527 258 3595 μηδὲ
280 3530 457 3589 οίκίας
480 3526 818 3596 εὐποροῦσα,
850 3525 1006 3593 φησὶ,
1040 3524 1147 3576 Καὶ
1178 3522 1282 3592 μὴν
1323 3522 1383 3574 τδ
1404 3525 1552 3590 νίψαι
1590 3523 1689 3575 οὐκ

147 3614 241 3664 ἔστι
273 3615 547 3682 δαπάνης,
579 3614 698 3666 οὐδὲ
736 3614 1018 3682 εὐπορίας.
1050 3612 1241 3678 Ἀτιοι
1264 3610 1319 3661 δέ
1350 3612 1459 3661 είσι
1491 3610 1689 3671 πάντες

144 3703 235 3754 ὅσοι
270 3706 451 3757 πίστιν
478 3702 650 3773 ὀρθὴν
686 3703 824 3771 μετὰ
857 3701 973 3771 βίου
1008 3700 1192 3771 ἔχουσι
1213 3740 1227 3765 ,
1254 3699 1355 3752 κᾶν
1378 3700 1455 3769 μὴ
1487 3702 1689 3768 σημεῖα

146 3794 482 3861 ἐργάζωνται.

195 3886 253 3936 Ei
286 3883 674 3949 θλιϐομένοις
704 3882 1027 3951 ἐπήρκεσε.
1078 3880 1189 3933 Καὶ
1238 3878 1329 3931 διὰ
1368 3878 1686 3949 χρημάτων,

144 3974 221 4026 καὶ
244 3975 331 4027 διὰ
360 3974 737 4044 προστασίας,
768 3974 862 4026 καὶ
897 3972 1193 4041 μεσιτείας.

198 4068 257 4118 ει
297 4066 478 4117 παντὶ
517 4065 674 4132 ἔργῳ
712 4062 912 4131 ἀγαθῷ
949 4064 1429 4129 ἐπηκολούθησε,
1460 4057 1603 4126 Οἴον,
1638 4063 1687 4113 εί

143 4151 258 4223 αὐτὴ
310 4154 658 4223 ἐργάσασθαι
690 4153 765 4222 μὴ
798 4153 1058 4223 ἠδυνήθη,
1117 4153 1269 4221 ὅμως
1328 4152 1687 4220 ἐκοινώνησεν

143 4243 253 4314 ἄλλῃ
273 4244 706 4315 ὲργαζομὲνῃ,εἱ
735 4244 1072 4313 ὑπούργησε.
1099 4244 1209 4311 Τὴν
1237 4242 1343 4311 γὰρ
1366 4240 1689 4311 σωματικὴν

143 4333 417 4404 ὑπηρεσίαν
444 4338 730 4405 εἰσφέρειν
745 4335 1136 4405 προτρέπεται,
1154 4328 1285 4395 οἷον,
1303 4334 1491 4401 κλίνην
1512 4332 1686 4402 στρῶ-

142 4440 235 4489 σαι,
262 4428 604 4492 ἀναπαῦσαι,
628 4428 762 4495 πρὸς
786 4426 821 4479 ἃ.
859 4425 1287 4493 ἐπιτηδειότεραι
1320 4425 1373 4476 at
1405 4426 1685 4492 γυναῖκες.

865 405 1267 465 EXPOSITIO
1302 407 1377 464 IN
1404 406 1639 466 EHST.
1682 407 1708 464 Ι
1736 409 1835 467 AD
1873 408 2188 472 ΤΙΜΟΤΗ.
2218 436 2285 446 ·-
2314 412 2474 473 CAP.
2514 414 2575 471 V.

3283 410 3352 471 66

1853 518 2017 573 Vens.
2048 523 2100 575 9.
2147 522 2319 575 Vidua
2378 524 2633 592 eligatur,
2690 541 2790 577 non
2856 524 3032 575 minus
3082 528 3354 593 sexaginta

1781 625 2061 672 annorum,
2092 628 2207 678 qua:
2234 613 2394 679 fuerit
2428 614 2584 665 unius
2637 616 2735 666 viri
2783 628 2937 667 uxor.
3007 611 3143 665 Cum
3190 628 3355 682 supra

1784 696 2037 760 dixisset,
2070 700 2213 765 quod
2246 716 2308 752 ea
2339 715 2461 768 qua:
2506 700 2880 768 voluptatibus
2914 701 3094 755 dedita
3156 710 3260 764 est,
3303 712 3358 754 et

1781 802 1901 854 quae
1929 788 2047 841 suis
2082 805 2193 841 non
2230 793 2519 859 prospicit,
2556 792 2779 861 indigna
2808 801 2893 846 est
2928 806 3052 861 qua:
3087 792 3359 846 referatur

1782 879 1836 929 in
1873 878 2181 946 Catalugunl
2221 880 2529 944 viduarum,
2563 897 2706 935 nunc
2738 896 2839 936 nos
2868 883 3028 935 docet
3059 881 3190 950 quid
3232 896 3353 934 eam

1784 968 1985 1021 habere
2021 978 2289 1037 oporteat.
2351 973 2425 1023 Ac
2486 974 2723 1039 primum
2784 974 3007 1040 quidem
3065 974 3132 1026 de
3197 982 3358 1027 aetate

1782 1064 1973 1108 exat-te
2003 1057 2244 1111 disserit.
2276 1058 2512 1111 Causam
2568 1075 2699 1113 vero
2735 1060 2788 1113 in
2837 1073 3129 1129 progressu
3188 1060 3333 1113 dicet

1783 1142 1901 1195 Non
1937 1146 2078 1195 enim
2105 1146 2423 1214 simpliciter
2444 1148 2855 1214 Sexagenariam
2890 1147 3087 1217 probat
3119 1166 3133 1201 :
3166 1158 3356 1217 posset

1782 1237 1927 1287 enim
1962 1234 2227 1302 ejusmodi
2262 1242 2426 1289 etiam
2471 1238 2689 1305 indigna
2735 1253 2880 1292 esse.
2950 1238 3154 1293 Deinde
3194 1238 3264 1293 ab
3291 1254 3355 1292 ea

1780 1325 1969 1393 exigit,
2037 1335 2096 1377 ut
2144 1327 2240 1379 uni
2304 1330 2500 1380 marito
2527 1329 2778 1397 c0pulata
2841 1330 2933 1391 sit,
2988 1345 3087 1383 ceu
3140 1331 3355 1399 signum

1786 1418 2093 1471 honestatis
2122 1426 2175 1471 et
2240 1420 2533 1487 pudicitize.
2573 1422 2692 1473 Alia
2761 1435 2890 1474 vero
2950 1437 3071 1490 quae
3116 1425 3357 1491 requirat

1785 1508 1911 1560 audi
1948 1509 2001 1560 in
2034 1510 2412 1576 sequentibus.

1858 1614 2017 1672 Vens.
2086 1618 2171 1671 10.
2224 1616 2287 1671 In
2350 1618 2588 1687 operibus
2650 1620 2796 1674 bonis
2851 1622 3205 1674 testimonium
3258 1622 3355 1675 Ita-

1785 1707 1925 1763 bens.
1961 1708 2074 1762 llor.
2114 1710 2361 1779 estquod
2431 1724 2547 1762 eam
2578 1713 2795 1779 preprie
2853 1712 3099 1781 catalogo
3132 1712 3353 1779 dignam

1788 1797 1937 1859 facit,
1971 1798 2167 1857 deinde
2204 1810 2258 1853 et
2287 1815 2450 1868 opera
2483 1800 2604 1866 ejus
2639 1800 2917 1869 speciatim
2977 1812 3282 1856 enumerat.

1859 1887 1918 1941 Si
1968 1888 2160 1940 liberos
2208 1888 2469 1941 educavit.
2522 1887 2746 1942 Liberos
2796 1889 3048 1953 educare,
3106 1904 3212 1942 non
3271 1898 3356 1942 est

1788 1978 2109 2047 simpliciter
2139 1980 2341 2033 liberos
2377 1981 2543 2038 alere,
2576 1980 2668 2033 sed
2701 1979 2922 2048 perinde
2969 1987 3131 2047 atque
3190 1993 3356 2048 opor-

1791 2080 1860 2123 let
1900 2089 1912 2123 :
1951 2069 2407 2139 quemadmodum
2436 2067 2600 2137 578
2627 2078 2677 2122 ct
2708 2084 2872 2137 supra
2911 2068 3071 2133 dixit,
3136 2066 3197 2122 Si
3241 2084 3360 2138 per-

1786 2164 2082 2215 manserint
2135 2162 2187 2212 in
2223 2162 2327 2229 ﬁde
2352 2170 2402 2212 et
2460 2159 2899 2227 sanctificatione.

1860 2250 1919 2305 Si
1948 2253 2174 2319 hospitio
2200 2252 2411 2317 recepit.
2448 2249 2844 2301 Animadvertit
2866 2248 3140 2317 quomodo
3189 2247 3357 2301 bene-

1789 2341 2058 2406 ﬁcentias,
2093 2356 2213 2411 qua
2241 2356 2367 2411 erga
2396 2344 2667 2410 proprios,
2707 2340 2817 2393 illis
2848 2353 2967 2408 qua:
2992 2354 3117 2408 erga
3149 2339 3359 2393 alienos

1788 2437 2109 2505 prmstaltdzu
2173 2444 2323 2497 sunt,
2396 2434 2758 2503 anteposuit?
2822 2449 2943 2487 cum
3004 2433 3147 2485 enim
3209 2432 3359 2500 prius

1788 2527 2035 2587 dixisset,
2066 2528 2123 2580 Si
2153 2528 2341 2580 liberos
2370 2528 2632 2587 educavit,
2688 2535 2818 2579 tunc
2847 2524 3061 2577 intulit:
3095 2521 3153 2577 Si
3183 2523 3360 2588 hospi-

1791 2620 1864 2672 tio
1896 2619 2104 2685 recepit.
2151 2618 2382 2671 Etiamsi
2443 2618 2588 2671 enim
2652 2616 2883 2669 aliarum
2944 2630 3125 2669 rerum
3179 2614 3358 2683 indiga

1790 2709 2179 2777 fueritaliqua,
2209 2708 2430 2761 donnun
2484 2709 2712 2761 omnino
2779 2706 2991 2761 habet:
3054 2720 3163 2758 non
3214 2706 3359 2759 enim

1790 2801 1891 2853 sub
1916 2803 2006 2852 dio
2031 2801 2257 2852 habitat.

1861 2887 1918 2941 Si
1945 2899 2246 2941 sanctorum
2275 2889 2429 2957 pedes
2456 2891 2604 2943 lavit.
2639 2890 2755 2942 Hoc
2783 2888 2941 2949 dixit.
2991 2886 3120 2956 quia
3180 2886 3364 2940 multa:

1791 2979 2029 3049 hospitio
2051 2979 2269 3047 quidem
2301 2980 2595 3047 recipiunt,
2636 2980 2768 3046 ipsae
2799 2988 2980 3030 autem
3011 2991 3112 3045 per
3143 2976 3358 3043 seipsas

1790 3086 1899 3123 non
1946 3072 2267 3131 inserviunt,
2298 3072 2393 3123 sed
2429 3086 2525 3139 per
2574 3070 2821 3122 ancillas.
2861 3066 3063 3121 Volens
3117 3082 3248 3136 ergo
3280 3066 3364 3120 vi-

1790 3162 1953 3214 duam
1990 3177 2275 3229 operosam
2333 3175 2477 3225 esse,
2540 3174 2648 3212 non
2709 3160 2979 3227 ignavam,
3036 3157 3207 3225 ipsam
3265 3170 3364 3227 per

1790 3268 1913 3307 sese
1943 3252 2254 3305 ministrare
2285 3253 2437 3320 jubet
2466 3269 2479 3304 :
2524 3252 2736 3321 ignavia
2769 3250 2914 3303 enim
2934 3249 3236 3303 deliciantis
3266 3264 3367 3318 po-

1791 3344 1901 3395 tius
1931 3348 2037 3395 est.
2071 3341 2337 3394 Praeterea
2366 3357 2432 3394 ne
2472 3340 2696 3394 omnino
2753 3341 3035 3407 penuriam
3103 3347 3363 3406 prtetexat

1790 3433 1971 3499 aliqua
2007 3471 2021 3495 ,
2068 3432 2360 3500 quominus
2421 3432 2491 3483 sit
2552 3430 2837 3497 hospitalis
2873 3467 2890 3491 ,
2959 3437 3017 3481 ut
3076 3443 3195 3496 quae
3246 3441 3357 3479 non

1790 3525 2030 3577 abundet
2051 3539 2109 3575 re
2133 3522 2389 3575 [atriiliari
2424 3539 2440 3578 :
2470 3520 2539 3573 At
2565 3534 2711 3583 vero,
2770 3520 2963 3587 inquit.
3017 3522 3239 3571 abluere
3266 3533 3360 3587 pe-

1789 3617 1885 3668 des
1916 3629 2025 3667 non
2066 3613 2340 3680 estmagni
2388 3618 2639 3677 sumptus
2690 3624 2867 3677 neque
2922 3610 3113 3673 copia‘.
3172 3608 3361 3662 Sancti

1791 3716 1970 3758 autem
2004 3713 2125 3758 sunt
2161 3718 2374 3761 omnes.
2400 3710 2669 3769 quotquot
2693 3700 2849 3752 iidem
2878 3708 3077 3751 rectam
3102 3714 3223 3751 cum
3253 3701 3359 3751 vita

1789 3795 2133 3863 COIljllllClRlll
2155 3794 2372 3852 habent,
2387 3793 2598 3845 etiamsi
2627 3791 2889 3843 miracula
2912 3806 3019 3843 non
3040 3800 3359 3858 cperantur.

1860 3884 1917 3939 Si
1946 3884 2339 3937 tribulationem
2370 3884 2690 3953 patientibus
2714 3881 3160 3935 subministravit.
3184 3878 3358 3934 Pecu-

1790 3976 1919 4041 niis,
1952 3976 2262 4043 patrocinio
2312 3985 2365 4028 et
2416 3976 2829 4029 intercessione.

1859 4064 1918 4119 Si
1943 4081 2094 4119 omne
2123 4081 2253 4131 opus
2285 4065 2475 4117 bonum
2509 4066 2788 4118 subsecuta
2813 4075 2911 4120 est.
2957 4066 3133 4120 Veluti
3160 4065 3205 4119 si
3240 4065 3356 4133 ipsa

1788 4155 2003 4223 operari
2036 4169 2141 4208 non
2197 4137 2393 4223 potuit,
2437 4170 2668 4207 consors
2738 4165 2918 4209 tamen
2986 4157 3083 4209 fuit
3135 4158 3360 4209 altu-tus

1788 4259 1911 4311 qua:
1943 4256 2289 4313 operaretur,
2324 4246 2368 4298 si
2404 4245 2723 4299 subserviit.
2751 4247 3047 4315 Corporale
3074 4249 3218 4299 enim
3254 4247 3358 4298 tui-

1792 4336 2076 4388 nisterium
2110 4334 2305 4388 aﬂerre
2325 4336 2674 4399 adhortatur,
2701 4338 2863 4405 quale
2879 4346 2962 4391 est
2984 4339 3181 4391 lecmm
3219 4348 3361 4391 ster-

1793 4444 1940 4491 nere,
1967 4427 2267 4482 refocillare
2288 4446 2302 4481 :
2323 4428 2387 4481 ad
2410 4444 2529 4496 qua:
2550 4429 2759 4482 fetninae
2792 4433 2962 4499 magis
2990 4441 3112 4485 sum
3132 4431 3356 4485 idonea).

196 4522 488 4588 Λέωτέρας
547 4519 619 4572 δὲ
668 4519 861 4587 χήρας
910 4517 1218 4584 παραιτοῦ.
1291 4516 1445 4579 Τίνος
1503 4516 1687 4568 ἕνεκεν
1722 4507 1763 4557 Ι)
1868 4515 2023 4571 Vens.
2060 4519 2144 4571 11.

1868 4515 2023 4571 Vens.
2060 4519 2144 4571 11.
2165 4518 2407 4572 Iuniores
2439 4533 2613 4571 autem
2640 4522 2823 4571 viduas
2852 4522 3044 4573 devita.
3083 4522 3251 4583 Hujus
3282 4522 3356 4573 rei

144 4612 250 4677 περὶ
300 4610 393 4662 τοῦ
449 4609 654 4679 χρόνου
683 4609 793 4661 τῶν
827 4606 1109 4672 παρθένων
1148 4606 1299 4659 οὐδὲν
1324 4606 1686 4668 διατάττεται,

142 4702 295 4753 καίτοι
320 4701 579 4772 μείζονος
605 4700 756 4761 ὄντος
777 4698 872 4751 τοῦ
900 4698 1104 4766 ἀγῶνος
1128 4716 1141 4763 ;
1178 4697 1415 4759 Εἰκότως
1433 4713 1447 4726 ·
1477 4697 1558 4749 ὅτι
1584 4696 1692 4748 ἀπὸ

144 4793 365 4857 μείζονος
417 4791 735 4861 προθυμίας
773 4792 887 4842 ἐκεῖ
914 4792 942 4841 ό
969 4788 1141 4857 ἀγὼν,
1174 4789 1269 4840 καὶ
1313 4787 1557 4850 πλείονος
1591 4786 1692 4855 τῆς

140 4882 472 4953 υερμότητος.
505 4880 721 4940 ’Δλλως
769 4896 850 4944 τε,
876 4883 933 4930 ἐν
964 4879 1042 4946 τῷ
1081 4877 1262 4946 ζητεῖν
1292 4879 1384 4929 ἐπὶ
1416 4877 1522 4929 τῶν
1549 4893 1687 4947 παρ-

145 4972 290 5027 θένων
310 4976 368 5027 τὺ
397 4974 776 5043 εὐπρόσεδρον
804 4972 881 5040 τῷ
912 4971 1101 5039 Κυρίῳ
1128 4968 1573 5037 ἀπερισπάστως,
1595 4970 1689 5020 καὶ

143 5064 193 5113 τὸ
218 5068 481 5136 μεριμνᾷν
504 5066 579 5117 τὰ
607 5062 703 5115 τοῦ
753 5063 980 5133 Κυρίου,
1016 5060 1214 5127 πολλὴν
1236 5060 1523 5128 ἁκρίὸειαν
1558 5075 1689 5126 προ-

143 5151 260 5214 ξενεῖ
288 5171 343 5206 τε
374 5158 471 5207 καὶ
516 5154 765 5208 ἀπαιτεῖ.
807 5152 937 5205 Ἀπὸ
982 5152 1038 5204 δὲ
1085 5150 1275 5203 τούτου
1323 5149 1472 5202 καὶὸ
1497 5149 1684 5219 χρόνος

138 5242 291 5309 δῆλος.
329 5246 574 5307 Ἄλλως,
623 5244 787 5312 χῆραι
820 5244 918 5311 μὲν
952 5241 1209 5309 νεώτεραι
1262 5238 1538 5302 ἐξέπεσον,
1593 5239 1685 5291 καὶ

140 5331 212 5383 διὰ
240 5334 391 5388 τοῦτο
413 5336 588 5387 αὑταὶ
619 5334 890 5402 παρέσχον
916 5331 1013 5402 τὴν
1035 5329 1289 5399 ἀφορμὴν
1310 5330 1405 5397 τῆς
1431 5328 1684 5398 τοιαύτης

141 5425 432 5490 νομοθεσίας
455 5442 467 5454 ·
508 5426 633 5477 ἐκεῖ
651 5424 708 5476 δι
738 5422 975 5475 τοιοῦτον
1000 5421 1170 5473 οὐδέν.

1794 4612 1970 4677 gratia
2006 4608 2072 4661 de
2102 4610 2375 4675 virginum
2430 4620 2590 4661 a-tate
2656 4611 2787 4661 nihil
2821 4610 3087 4676 pracipit.
3123 4624 3245 4661 Cllllt
3276 4618 3358 4661 ta-

1793 4713 1917 4751 men
1950 4698 2224 4764 majns'sit
2274 4699 2604 4767 virginitatis
2639 4712 2918 4753 certamen
2951 4701 2973 4751 ἲ
3006 4700 3195 4753 Merito
3233 4719 3245 4752 :
3285 4700 3354 4753 ibi

1790 4790 1935 4841 enim
1978 4788 2201 4855 maioris
2236 4789 2543 4843 alacritatis
2581 4798 2665 4842 est
2720 4800 3019 4852 certamen,
3070 4790 3357 4841 vehemen-

1793 4879 2057 4947 liorisque
2085 4877 2335 4933 fervoris.
2371 4880 2450 4931 Ad
2479 4884 2612 4945 Ita'c,
2644 4879 2771 4932 dum
2831 4882 3060 4947 requirit
3107 4882 3159 4931 itt
3193 4880 3357 4947 virgi-

1795 4972 1955 5023 nibus
1983 4978 2041 5023 ut
2074 4970 2296 5023 Christo
2351 4971 2789 5038 inseparahiiiler
2830 4971 3161 5031 adhaereant,
3196 4980 3356 5038 atque

1796 5072 1854 5115 ut
1896 5064 1948 5115 in
1981 5063 2047 5115 iis
2077 5077 2198 5129 qua:
2232 5062 2441 5115 Dowini
2475 5074 2622 5125 sunt,
2657 5062 2905 5114 sollicita:
2943 5062 3074 5123 sint,
3105 5077 3352 5129 magnam

1792 5168 1921 5208 sane
1960 5164 2012 5206 et
2053 5164 2297 5207 exactam
2329 5154 2670 5222 diligentiam
2711 5155 2969 5221 postulat.
3004 5152 3139 5206 Hinc
3174 5163 3352 5205 autem

1790 5256 1843 5299 et
1867 5256 2083 5314 tempus
2134 5243 2479 5297 manifestum
2530 5257 2633 5298 est.
2677 5247 2962 5308 Praeterea,
3012 5260 3137 5296 eum
3179 5244 3356 5297 vidua:

1793 5336 2043 5404 iuniores
2076 5349 2103 5385 a
2137 5334 2357 5387 Christo
2412 5334 2765 5397 excidissent,
2826 5334 3171 5389 occasionem
3224 5335 3353 5402 ipste

1791 5424 1985 5477 dedere
2013 5422 2181 5477 Paulo
2215 5440 2312 5477 cur
2349 5424 2447 5477 has
2471 5424 2613 5492 leges
2642 5424 2886 5478 sanxerit
2920 5440 2933 5476 :
2967 5425 3019 5479 in
3052 5425 3350 5495 virginibus

1794 5520 1975 5565 autem
2016 5513 2151 5565 nihil
2184 5513 2288 5566 tale
2325 5511 2649 5581 contigerat.

1446 5627 1647 5687 Varia:
1695 5628 2016 5691 lectiones.

199 5758 239 5792 ⁸⁸
260 5757 579 5827 φιλοσοφίας
608 5769 665 5809 o.

763 5752 807 5784 ⁸⁷
831 5752 1221 5825 ἀπαριθμεῖται
1251 5767 1302 5808 o.
1390 5753 1594 5826 “Exetv
1622 5754 1721 5828 τὴν
1754 5757 1909 5828 χεῖρα
1931 5772 1981 5810 o.
