4150 6440
730 411 793 476 71
1607 401 2174 462 TllEUPIlYLACTl
2211 399 2454 459 IlULGA
2469 400 2618 459 RLE
2661 402 3012 461 ARCHIEP.
3900 403 3973 462 72

731 542 795 581 eo
823 523 966 595 quod
1023 528 1241 591 peccata
1301 517 1609 571 clanculum
1650 517 2088 570 committuntur.
2147 515 2281 580 Quid

2392 517 2750 585 τυραςΐχειν,
2782 517 2868 570 διὰ
2900 519 2961 570 τὸ
2989 520 3239 584 γενέσθαι
3271 521 3440 590 λάθρα
3472 523 3535 574 τὰ
3568 523 3969 594 ἁμαρτήματα.

733 629 912 672 autem
945 616 986 669 si
1023 620 1244 684 peccata
1277 612 1385 666 sint
1475 611 1529 663 in
1589 609 1870 671 confesso,
1914 618 2080 663 testes
2108 617 2286 660 autem

731 725 838 763 non
881 707 1143 769 habeant,
1181 703 1275 758 sed
1314 702 1482 755 solam
1512 715 1729 770 pravam
1763 697 2169 768 suspicionem?
2219 697 2291 750 De

734 803 831 854 hoc
869 813 1033 867 supra
1068 796 1206 849 dixit
1239 811 1250 846 :
1282 793 1495 860 Oportet
1523 807 1641 842 eum
1697 790 1887 843 bonum
1916 790 2076 842 etiam
2141 789 2288 840 testi-

730 891 962 942 monium
991 886 1177 938 habere
1219 884 1282 935 ab
1311 883 1374 933 iis
1406 881 1490 949 qui
1519 878 1664 947 .foris
1688 886 1830 932 sunt.

795 977 958 1035 Vens.
992 976 1080 1028 20.
1108 976 1388 1029 l’eccantes
1415 983 1590 1023 autem
1623 985 1799 1021 coram
1838 969 2076 1020 omnibus
2107 984 2284 1037 argue,

727 1083 782 1124 ut
833 1079 881 1122 et
934 1070 1107 1122 ca'teri
1146 1068 1383 1117 timorem
1435 1061 1678 1114 habeant.
1711 1058 1866 1127 581
1899 1059 2010 1114 Hoc
2026 1070 2128 1121 εει,
2167 1073 2287 1128 per-

729 1171 1040 1213 severantes
1060 1159 1112 1208 in
1134 1165 1377 1225 peccato,
1409 1163 1460 1208 et
1483 1165 1620 1222 quos
1639 1152 1964 1221 inquirendo
1993 1151 2287 1220 deliquisse

725 1250 1022 1310 inveneris,
1055 1263 1221 1316 argue
1275 1248 1622 1302 vehementer
1677 1256 1730 1301 et
1787 1260 1995 1307 severe,
2053 1259 2161 1296 non
2229 1249 2285 1293 ut

725 1344 1153 1412 indignationem
1182 1355 1236 1396 et
1258 1343 1497 1396 animqu
1532 1353 1682 1395 tuum
1717 1342 1952 1410 expleas.
1977 1339 2069 1393 sed
2105 1346 2164 1392 ut
2195 1352 2282 1390 re-

722 1436 855 1503 liqui
907 1445 1115 1486 terrore
1171 1432 1402 1501 perculsi
1459 1431 1825 1500 castigentur.
1887 1429 2020 1483 Nam
2069 1436 2282 1496 oportet

718 1525 1035 1592 episcopmn
1059 1523 1218 1574 etiam
1261 1521 1555 1574 verendum
1608 1536 1748 1574 esse.
1812 1517 2279 1582 Quemadmodum

721 1616 867 1666 enim
900 1613 1218 1679 simpliciter
1240 1621 1293 1663 et
1324 1613 1449 1663 sine
1487 1611 1695 1678 judicio
1725 1609 2108 1671 condemnare,
2136 1620 2284 1658 arro-

677 1709 685 1716 '
719 1721 854 1772 gaus
875 1713 978 1765 est,
1015 1703 1162 1756 hunc
1197 1703 1260 1754 ad
1297 1701 1515 1755 modum
1553 1716 1672 1754 reos
1722 1714 1829 1752 non
1858 1697 2279 1767 reprehendere,

721 1796 983 1861 pestilens
1009 1801 1109 1852 est,
1135 1791 1200 1842 ad
1245 1793 1442 1842 multos
1480 1791 1726 1842 morbum
1774 1789 2097 1842 extendens.
2135 1785 2281 1851 Quo-

718 1885 879 1935 modo
910 1883 1071 1949 igitur
1097 1880 1360 1933 Dominus
1392 1879 1532 1932 dixit
1558 1881 1609 1931 in
1636 1878 1950 1946 Evangelio,
2008 1876 2066 1930 Si
2096 1893 2279 1945 pecca-

716 1989 757 2024 vi
775 1974 841 2024 rit
870 1973 919 2023 in
951 1984 997 2023 te
1046 1972 1213 2038 [mter
1256 1982 1398 2031 tuus,
1448 1969 1556 2030 ubi,
1600 1986 1760 2036 argue
1795 1986 1912 2020 eum
1963 1969 2101 2020 inter
2144 1979 2191 2022 te
2235 1979 2282 2020 et

715 2065 888 2130 ipsum
921 2063 1085 2114 solum
1119 2063 1184 2093 ³⁸·
1227 2062 1249 2114 ?
1281 2061 1443 2129 Atqui
1473 2070 1526 2113 ct
1552 2063 1700 2114 illum
1737 2062 1789 2114 in
1823 2062 2057 2129 pecu-alis
2101 2077 2284 2128 persp-

716 2163 990 2205 verantem
1043 2152 1310 2219 permittit
1366 2151 1580 2218 publice
1647 2153 1822 2219 argui.
1873 2147 2011 2215 Quid
2071 2151 2284 2220 igitur?

717 2261 898 2298 nonue
927 2246 1314 2298 oll'eudiculum
1344 2246 1562 2313 prwbet,
1595 2245 1642 2299 si
1691 2245 1904 2314 publice
1948 2244 2039 2296 (iat
2091 2258 2281 2313 repre-

663 2362 675 2377 ν
719 2334 951 2388 hensio?
979 2336 1092 2386 lino
1118 2351 1146 2387 c
1177 2335 1398 2388 diverso
1421 2335 1590 2403 magis
1613 2335 1858 2397 olTendit,
1885 2335 1929 2388 si
1975 2335 2022 2388 is
2092 2334 2184 2401 qui
2211 2336 2280 2386 ab

716 2427 968 2478 omnibus
993 2440 1252 2493 peccasse
1284 2427 1654 2493 cognoscitur,
1688 2440 1792 2479 non
1819 2433 2101 2493 arguatur.
2131 2423 2281 2478 Hane

711 2515 781 2567 ob
848 2529 1068 2565 causam
1129 2512 1274 2565 Deus
1344 2512 1682 2566 Pharaonem
1717 2512 1783 2573 ⁸³,
1841 2520 1895 2565 et
1929 2511 2282 2564 Nabuchodo-

716 2617 882 2657 llOSlll'
909 2603 993 2665 ³²“,
1025 2611 1077 2655 et
1118 2603 1402 2671 plerosque
1427 2605 1562 2656 alios
1606 2603 1658 2656 in
1689 2603 1926 2656 medium
1975 2603 2280 2671 produccus

648 2696 654 2702 ”
717 2695 947 2761 punivit,
977 2703 1032 2745 ut
1061 2697 1168 2747 vita
1207 2697 1524 2747 mortalium
1556 2695 1900 2747 emendetur.

787 2783 948 2837 Vens.
1005 2783 1094 2837 2|.
1163 2783 1343 2838 Testor
1391 2801 1568 2837 coram
1630 2783 1740 2838 Deo
1794 2795 1841 2837 et
1896 2787 2117 2838 Domino
2147 2784 2276 2838 Jesu

717 2875 950 2935 Christo,
976 2888 1023 2926 et
1073 2874 1255 2926 electis
1314 2877 1535 2943 angelis.
1577 2876 1712 2930 Cum
1777 2879 1845 2931 de
1881 2880 2067 2932 multis
2124 2882 2276 2949 prius

713 2966 905 3035 positis
929 2966 1302 3028 disseruisset,
1333 2982 1476 3018 nunc
1503 2968 1761 3034 quoniam
1785 2970 1850 3023 de
1869 2971 2083 3036 judicio
2112 2972 2275 3024 verba

714 3058 868 3115 facit,
903 3057 1216 3110 obtestatur
1245 3072 1368 3111 eum
1411 3061 1563 3111 valde
1598 3059 1954 3114 horribiliter.
1988 3060 2102 3115 Non
2127 3063 2271 3115 enim

713 3148 842 3213 quia
874 3146 1197 3200 Timotheus
1237 3157 1377 3209 erat,
1405 3149 1757 3202 reverebatur
1790 3166 1940 3212 eum,
1971 3153 2064 3205 sed
2096 3154 2274 3203 muni-
2303 3172 2344 3228 ο

710 3240 780 3290 vit
811 3254 953 3291 eum.
986 3236 1041 3290 Si
1077 3239 1221 3291 cuitu
1283 3241 1349 3291 de
1380 3240 1564 3306 seipso
1609 3240 1770 3302 dixit,
1806 3239 1887 3293 Ne
1931 3243 2053 3295 aiiis
2084 3245 2278 3310 praedi—

714 3347 864 3391 cans,
914 3332 1024 3398 ipse
1092 3330 1341 3396 reprobus
1406 3331 1641 3383 inreuiar
1667 3332 1731 3395 ³³,
1782 3335 1954 3385 multo
2013 3337 2184 3402 magis
2213 3337 2277 3388 de

649 3444 653 3449 τ
714 3421 1005 3476 Timotheo
1037 3422 1141 3476 hoc
1166 3422 1348 3476 dicere
1377 3436 1485 3475 non
1519 3431 1603 3476 est
1629 3424 1862 3479 veritus.
1896 3425 2064 3479 Vocat
2093 3437 2274 3480 autem

710 3520 906 3566 testem
939 3523 989 3566 et
1024 3511 1235 3565 Patrem
1267 3521 1322 3566 et
1347 3511 1565 3575 Filium,
1595 3523 1654 3570 ut
1691 3514 1743 3568 in
1781 3514 1964 3568 futuro
2003 3517 2088 3571 die
2121 3517 2277 3571 facile

714 3605 965 3657 excusari
1031 3604 1222 3671 possh,
1286 3606 1330 3657 si
1391 3605 1519 3672 ("Hd
1552 3604 1697 3672 quod
1753 3622 1859 3659 IHHI
1917 3609 2092 3672 decet,
2161 3611 2276 3677 ipso

713 3693 1076 3761 pra-cipieute,
1118 3699 1315 3746 laetum
1350 3695 1441 3747 sit.
1473 3694 1538 3746 At
1564 3695 1723 3763 cujus
1751 3697 1826 3748 rei
1854 3699 2027 3765 gratia
2056 3701 2276 3766 angelos

711 3782 875 3836 simul
909 3783 1182 3836 assumit?
1210 3799 1274 3836 eo
1305 3784 1446 3851 quod
1475 3793 1527 3836 et
1552 3785 1727 3853 angeli
1764 3786 1814 3837 in
1852 3787 2036 3840 futuro
2068 3789 2274 3856 judicio

711 3871 943 3927 Domino
971 3872 1192 3925 all‘uturi
1229 3875 1336 3926 sint
1366 3875 1651 3928 satellites.
1688 3874 1780 3928 Est
1805 3886 1984 3929 autem
2033 3889 2085 3932 et
2113 3881 2274 3933 nobis

711 3964 766 4016 in
797 3978 966 4026 more,
1001 3972 1053 4015 et
1087 3963 1321 4030 majores
1355 3974 1407 4015 et
1446 3965 1688 4017 miuorcs
1723 3982 1982 4032 personas
2039 3969 2092 4022 in
2127 3973 2275 4023 testi-

717 4057 958 4109 monium
985 4055 1254 4121 accipere.
1297 4053 1446 4106 Hanc
1497 4057 1561 4106 ad
1601 4058 1865 4110 rationem
1899 4057 2070 4114 Jac-ob
2107 4060 2270 4114 Deum

707 4155 761 4199 ct
796 4161 944 4198 aram
978 4148 1030 4199 iu
1055 4153 1250 4199 testem
1273 4149 1519 4200 assumit.
1555 4148 1697 4213 Quin
1722 4152 1884 4203 etiam
1924 4150 2123 4214 Moses,
2148 4153 2273 4206 Tes-

711 4239 908 4305 ti/icor,
971 4240 1166 4304 inquit,
1207 4239 1390 4288 rwlum
1426 4248 1471 4290 el
1510 4248 1723 4292 terram.
1790 4242 1938 4294 Adeo
1997 4245 2140 4296 enim
2191 4255 2274 4298 est

713 4341 1030 4382 tnansuctus
1060 4329 1199 4382 lleus
1224 4339 1433 4391 uoster,
1477 4339 1533 4382 ut
1578 4332 1660 4382 vel
1697 4347 1885 4386 servos
1944 4335 1996 4385 in
2030 4338 2274 4390 testimo-

709 4421 859 4473 nium
893 4419 1185 4487 productos
1251 4420 1500 4487 recipiat.
1579 4419 1769 4474 Electis
1848 4435 2028 4478 autem
2077 4430 2270 4494 angelis

709 4510 867 4573 dixit,
892 4509 1338 4579 quandoquidem
1367 4519 1421 4562 et
1448 4512 1724 4565 daemones
1777 4512 1888 4564 siut
1921 4516 2118 4583 angeli,
2145 4488 2270 4570 vsed
2306 4488 2347 4540 Β

709 4600 920 4670 rejecti.

781 4778 849 4832 Ut
876 4779 986 4831 Iure
1017 4778 1290 4831 custodias
1318 4779 1431 4832 sine
1454 4780 1788 4849 pra'judicio,
1828 4787 1957 4839 nihil
1987 4791 2182 4856 [aciem
2217 4797 2270 4847 iu

712 4871 937 4924 alterum
970 4879 1174 4937 partem
1216 4869 1549 4923 declinando.
1583 4872 1695 4925 Hoc
1725 4883 1826 4935 est,
1853 4886 1912 4928 ut
1939 4881 2160 4946 aequalis
2192 4885 2267 4938 sis

708 4963 1137 5031 disceptantihus
1165 4979 1178 5023 ;
1219 4969 1275 5012 ut
1305 4976 1410 5014 non
1445 4962 1536 5014 ﬁat
1567 4963 1976 5032 pra-judicium:
2033 4971 2133 5025 hoc
2163 4985 2266 5038 est,

719 5065 777 5108 ut
820 5068 980 5107 nemo
1012 5062 1064 5106 te
1089 5061 1454 5122 praeoccupet,
1491 5055 1703 5123 sibique
1732 5065 1784 5110 te
1827 5062 2170 5118 conciliando
2202 5068 2267 5121 sit

712 5147 763 5198 in
790 5159 956 5198 causa
989 5151 1049 5196 ut
1082 5159 1176 5212 pro
1205 5145 1325 5212 ipso
1356 5147 1683 5198 sententiam
1741 5148 1906 5212 feras,
1939 5169 2267 5225 causamque

710 5235 1003 5304 dijudiccs.
1035 5232 1220 5303 Neque
1253 5235 1421 5288 facias
1450 5237 1750 5305 quidquam
1777 5245 2071 5298 secundum
2102 5255 2270 5320 πράσ-

704 5330 904 5394 κλισιν,
953 5329 1055 5382 hoc
1109 5336 1212 5391 est,
1266 5342 1331 5380 ex
1388 5327 1579 5381 affectu
1637 5329 1692 5382 in
1778 5333 2003 5390 alteram
2055 5353 2258 5408 partem

773 5467 838 5498 ³¹⁶
875 5463 1063 5518 Matth.
1096 5461 1359 5527 xviu,15.
1435 5461 1478 5492 θ’
1507 5462 1675 5518 Exod.
1702 5479 1808 5524 xw.

1885 5471 1952 5501 ”'
1990 5473 2124 5532 Dan.
2151 5495 2223 5536 tv.

2395 610 2460 660 Τί
2502 607 2594 660 οὖν
2627 610 2693 662 ἂν
2735 612 3107 682 ὡμολόγηνται
3152 614 3250 682 μὲν
3286 616 3351 668 τὰ
3398 618 3790 688 ἁμαρτήματα,
3831 620 3973 690 μάρ-

2393 716 2560 769 τυρας
2613 701 2668 754 δὲ
2723 701 2797 773 μὴ
2853 703 2971 773 ἔχῃ,
3029 705 3162 757 ἀλλὰ
3212 709 3370 773 μόνον
3399 709 3511 776 ἔχει
3553 713 3795 780 πονηρὰν
3833 713 3970 764 ὑπό-

2391 805 2577 855 νοιαν;
2629 791 2764 860 Περὶ
2791 792 2981 844 τούτου
3021 790 3172 846 εἶπεν
3205 795 3338 858 ἄνω,
3384 799 3467 848 ὅτι
3515 800 3615 851 Δεῖ
3651 803 3836 854 αὐτὸν
3864 803 3966 855 καί

2386 882 2716 947 μαρτυρίαν
2744 881 2944 949 καλὴν
2973 886 3139 951 ἔχειν
3167 887 3286 940 ἀπὸ
3322 887 3438 939 τῶν
3473 888 3713 950 ἔξωθεν.

2466 972 2604 1038 Τοὺς
2627 972 2694 1025 δὲ
2703 976 3172 1042 ἁμαρτάνοντας,
3197 980 3454 1032 ἐνώπιον
3472 982 3713 1034 πάντων
3731 983 3963 1051 ἔλεγχε,

2389 1061 2488 1114 ἵνα
2512 1064 2608 1115 καί
2627 1068 2680 1117 οἱ
2699 1067 2897 1119 λοιποὶ
2924 1068 3114 1134 φόϐον
3133 1070 3336 1135 ἔχωσι.
3366 1072 3645 1130 Τουτέστι,
3677 1072 3812 1134 Τοὺς
3841 1075 3964 1126 ἑπι-

2392 1152 2648 1222 μένοντας
2677 1158 2741 1224 τῇ
2776 1158 3040 1229 ἁμαρτία,
3083 1161 3174 1211 καί¹
3207 1159 3300 1222 οὓς
3337 1161 3504 1230 εὕρῃς
3537 1163 3674 1229 μετὰ
3707 1163 3962 1232 ἐρεύνης,

2387 1243 2576 1312 ἔλεγχε
2613 1245 2857 1315 σφοδρῶς
2887 1249 2980 1300 καὶ
3011 1249 3300 1317 ἀποτόμως
3339 1250 3423 1313 ⁸⁸,
3481 1252 3600 1319 οὐχὶ
3647 1251 3737 1303 τὸν
3789 1252 3962 1318 θυμόν

2387 1351 2482 1387 σου
2533 1338 2870 1405 θεραπεύων,
2949 1340 3065 1394 ἀλλ’
3094 1343 3180 1396 ἵνα
3234 1345 3284 1396 ol.
3325 1343 3500 1396 λοιποὶ
3552 1344 3963 1414 σωφρονισθῦωι

2385 1425 2731 1496 φοϐηθέντες.
2783 1434 2872 1482 Δεῖ
2915 1433 3022 1503 γὰρ
3081 1434 3173 1486 καὶ
3215 1435 3442 1505 φοϐερὸν
3499 1433 3638 1489 εἶναι
3692 1437 3783 1488 τὸν
3837 1438 3961 1488 ἐπί-

2383 1533 2607 1571 σκοπον.
2655 1520 2862 1591 ’Ὠσπερ
2879 1523 2983 1593 γὰρ
3009 1522 3070 1574 τὸ
3098 1525 3284 1587 ἁπλῶς
3313 1527 3678 1595 κατακρίνειν,
3704 1528 3957 1589 αὖθαόες·

2382 1606 2522 1659 οὕτω
2558 1609 2651 1660 καὶ
2688 1613 2749 1662 τὸ
2787 1612 2860 1682 μὴ
2902 1614 3028 1676 τοὺς
3084 1616 3301 1684 ἐνόχους
3344 1616 3606 1684 ἐλέγχειν,
3670 1618 3957 1685 λοιμῶδες,

2382 1701 2461 1760 εἰς
2495 1699 2719 1763 πολλοὺς
2743 1703 2842 1771 τὴν
2871 1705 3024 1756 νόσον
3055 1707 3309 1760 ὲκτείνον.
3345 1707 3467 1770 Πῶς
3486 1703 3578 1760 οὖν
3610 1703 3762 1759 εἶπεν
3789 1710 3817 1759 ὁ
3848 1707 3960 1759 Κύο

2386 1806 2495 1856 ριος
2525 1795 2582 1843 ἐν
2617 1795 2984 1860 Εὑαγγελίοις·
3018 1799 3266 1866 Ὕπαγε,
3295 1799 3547 1866 ἔλεγξον
3576 1799 3763 1851 αὑτὸν
3778 1815 3961 1866 μετα-

2385 1880 2459 1942 ξὺ
2488 1883 2605 1936 σοῦ
2630 1885 2726 1937 καὶ
2752 1887 2938 1940 αὑτοῦ
2960 1889 3172 1956 μόνου,
3189 1890 3300 1941 ἐὰν
3315 1892 3397 1954 είς
3419 1892 3494 1942 σὲ
3520 1890 3783 1958 ἁμάρτω
3807 1892 3958 1959 Πλὴν

2382 1974 2635 2027 κάκεῖνον
2687 1977 2992 2045 ἐμμένοντα
3041 1982 3106 2049 τῇ
3165 1981 3430 2050 ἁμαρτίᾳ,
3488 1984 3759 2050 συγχωρεί
3801 1985 3955 2052 κοινῇ

2382 2063 2722 2133 ἐλέγχεσθαι.
2756 2069 2820 2120 Τί
2850 2069 2942 2122 οὖν
2970 2087 2984 2134 ;
3017 2072 3136 2138 οὐχὶ
3162 2071 3504 2136 σκανδαλίζει
3529 2072 3588 2124 τὸ
3618 2077 3768 2141 κοινῇ
3801 2074 3960 2139 ἐλέγ-

2382 2155 2609 2223 χεσθαι;
2644 2160 2956 2214 τούναντίον
2988 2161 3088 2230 μὲν
3116 2158 3208 2215 οὖν
3252 2163 3450 2231 μᾶλλον
3486 2165 3846 2228 σκανδαλίζει,
3893 2165 3958 2217 τὸ

2383 2248 2529 2315 παρὰ
2561 2249 2776 2301 πάντων
2808 2252 3168 2316 γινώσκεσθαι
3197 2254 3287 2306 τὸν
3319 2255 3722 2324 αμαρτὰνοντα,
3751 2254 3847 2306 καὶ
3875 2256 3954 2323 μὴ

2379 2336 2715 2406 ἐλέγχεσθαι.
2755 2340 2854 2393 Διὰ
2895 2341 3050 2395 τοῦτο
3103 2346 3193 2396 καὶ
3223 2346 3250 2395 ὁ
3288 2345 3442 2408 Θεὸς,
3490 2347 3703 2398 καὶτὸν
3727 2345 3953 2413 Φαραὼ,

2381 2429 2474 2478 καὶ
2498 2429 2588 2480 τὸν
2613 2429 3102 2503 Ναϐουχοδονόσορ,
3147 2435 3240 2486 καὶ
3268 2435 3493 2497 πολλοὺς
3527 2435 3719 2499 ἄλλους
3742 2435 3820 2498 είς
3857 2434 3960 2504 μέ-

2383 2534 2473 2568 σον
2504 2518 2730 2588 ἀγαγὼν
2762 2523 3040 2590 ἐκόλασεν,
3071 2524 3157 2577 ἵνα
3183 2527 3523 2598 σωφρονισθῇ
3553 2528 3582 2580 6
3608 2526 3745 2597 βίος.

2487 2815 2950 2884 Διαμιψτύροραι
3035 2818 3292 2873 ἐνώπιον
3371 2821 3476 2874 τοῦ
3573 2821 3720 2876 Θεοῦ
3747 2864 3762 2887 ,
3849 2825 3954 2880 καὶ

2385 2909 2600 2974 Κυρίου
2645 2908 2847 2974 Ἰησοῦ
2885 2911 3155 2977 Χριστοῦ,
3189 2912 3282 2964 καί
3317 2912 3434 2965 τῶν
3462 2912 3760 2966 ἐκλεκτῶν
3779 2915 3954 2984 ἀγγέ-

2381 2999 2524 3049 λων.
2556 2999 2868 3067 Διαλεχθεὶς
2907 3017 2972 3051 πε
2985 3003 3035 3069 pl
3061 2997 3268 3055 πολλῶν
3298 3002 3406 3055 τῶν
3434 3005 3713 3073 ἀνωτέρω,
3737 3005 3833 3057 νῦν
3862 3007 3948 3059 ὅτι

2381 3091 2506 3158 περὶ
2549 3093 2780 3160 κρίσεως
2805 3093 2848 3123 ⁸⁷
2886 3089 3026 3156 εἷπε,
3059 3093 3491 3163 διαμαρτύρεται
3518 3096 3679 3148 αὐτὸν
3707 3099 3801 3150 καὶ
3826 3099 3950 3151 λίαν

2384 3184 2650 3246 νρρικτιῖις,
2684 3184 2758 3234 Οὐ
2787 3184 2893 3252 γὰρ
2925 3185 3112 3251 ἐπειδὴ
3141 3186 3403 3254 Τιμόθεος
3438 3182 3526 3256 ἦν,
3559 3188 3780 3258 ᾐδέσθη,
3827 3190 3948 3243 ἀλλ’

2378 3273 2711 3340 ὴσςςαλίσατο
2739 3276 2918 3326 αὐτόν.
2982 3276 3042 3326 Et
3065 3277 3171 3344 γὰρ
3204 3277 3330 3344 περὶ
3363 3279 3556 3330 ἑαυτοῦ
3588 3278 3761 3344 ἔλεγεο
3817 3281 3946 3346 Μή-

2379 3379 2502 3427 πως
2544 3363 2755 3429 ἄλλοις
2802 3367 3089 3431 κηρύξας,
3130 3368 3313 3433 αὐτὸς
3340 3368 3624 3436 ἀδόκιμτς
3665 3367 3946 3438 γένωμαι,

2378 3453 2558 3522 πολλῷ
2590 3454 2789 3522 μᾶλλον
2816 3458 2943 3524 περὶ
2984 3456 3246 3523 Τιμοθέου
3278 3459 3377 3510 οὐκ
3406 3459 3470 3511 ἂν
3492 3459 3709 3529 ᾐδέσθη.
3772 3460 3952 3515 Κτιλεί

2375 3546 2430 3598 δὲ
2487 3548 2737 3616 μάρτυρα
2768 3549 2861 3598 καὶ
2887 3549 2979 3599 τὸν
3019 3550 3236 3618 Πατέρα
3272 3553 3364 3602 καὶ
3397 3553 3486 3602 τὸν
3516 3551 3662 3618 Υίὸν,
3690 3553 3764 3613 ὼς
3795 3555 3861 3606 ἂν
3890 3555 3951 3605 ἐν

2376 3643 2441 3707 τῇ
2485 3639 2750 3708 μελλούσῃ
2800 3641 2981 3706 ἡμέρᾳ
3027 3640 3425 3709 εὖαπολόγητος
3563 3645 3615 3695 εἰ
3648 3662 3698 3696 τι
3731 3646 3948 3712 γένοιτο

2377 3729 2526 3794 παρὰ
2572 3727 2631 3777 τὸ
2664 3725 2802 3788 δέον,
2849 3729 2922 3785 ὡς
2954 3731 3339 3795 παραγγείλας.
3394 3733 3529 3793 Τοὺς
3572 3734 3627 3784 δὲ
3670 3736 3941 3801 ἀγγέλους

2376 3819 2513 3876 τίιος
2546 3818 2728 3868 ’ἐνεκεν
2760 3819 3322 3887 συμπαραλαμϐάνεις
3374 3822 3516 3873 Διότι
3566 3825 3624 3875 ὲν
3660 3827 3724 3893 τῇ
3759 3826 3945 3894 κρίσει

2377 3908 2472 3959 καὶ
2505 3906 2723 3971 ἄγγελοι
2787 3906 3071 3974 μέλλουσιν
3110 3905 3248 3960 εἶναι
3278 3909 3322 3940 ⁵⁸
3379 3910 3665 3979 δορυφόροι
3713 3913 3809 3963 τοῦ
3837 3917 3938 3964 Aa-

2379 3998 2596 4051 σπότου.
2659 3998 2816 4059 Ἐθος
2856 3999 2910 4050 δέ
2961 4001 3076 4050 ὲστι
3117 4001 3210 4051 καὶ
3266 4003 3421 4069 ἡμῖν,
3468 4003 3562 4053 καὶ
3604 4004 3942 4072 ὑπερέχοντα

2378 4091 2469 4141 καὶ
2507 4090 2772 4142 ἐλάσσονα
2806 4092 3072 4158 πρόσωπα
3119 4092 3197 4152 είς
3228 4093 3536 4160 μαρτυρίαν
3571 4097 3944 4163 παραλαμϐά-

2379 4198 2513 4232 νειν.
2547 4183 2654 4232 Καὶ
2683 4181 2711 4231 ό
2757 4179 2949 4232 Ἰακὼὸ
2984 4181 3076 4232 καὶ
3106 4180 3195 4232 τὸν
3222 4181 3353 4232 Θεὸν
3380 4183 3473 4235 καὶ
3504 4183 3692 4251 βουνὸν
3726 4186 3770 4216 ⁸³
3806 4187 3946 4253 μάρ-

2372 4289 2511 4340 τυρα
2545 4272 2982 4340 παραλαμϐάνει.
3020 4273 3128 4322 Καὶ
3153 4273 3357 4338 Μωσῆς
3385 4289 3398 4304 ο
3429 4275 3803 4343 Μαρτύρομαι
3834 4278 3946 4328 τὸν

2381 4359 2645 4425 οὐρανὸν
2677 4361 2775 4410 καὶ
2816 4359 2929 4425 τὴν
2965 4359 3104 4427 γῆν.
3136 4359 3292 4412 Οὖτω
3323 4361 3430 4430 γάρ
3465 4365 3611 4414 ἐστιν
3642 4364 3889 4433 ἐπιεικὴς
3915 4369 3946 4418 ὀ

2375 4448 2504 4511 Θεὸς
2540 4448 2715 4516 ἡμῶν,
2774 4449 2913 4500 ὥστε
2949 4451 3041 4501 καὶ
3083 4451 3206 4512 τοὺς
3237 4451 3456 4514 δούλους
3506 4453 3586 4514 είς
3633 4455 3942 4523 μαρτυρίαν

2376 4537 3074 4607 συμπαραλαμϐανομένους
3145 4539 3414 4606 δέχεσθαι.
3502 4541 3830 4595 Ἑκλεκτῶν
3879 4545 3942 4597 δὲ

2371 4627 2658 4694 ἀγγέλων,
2687 4625 2826 4688 εἶπε,
2886 4628 3017 4678 διότι
3047 4628 3265 4694 ἄγγελοι
3306 4631 3396 4682 καὶ
3429 4632 3478 4681 οἱ
3521 4631 3793 4701 δαίμονες,
3822 4635 3942 4686 ἀλλ’

2370 4717 2687 4786 ἁπόῆλητοι.

2445 4809 2576 4860 Ἵνα
2653 4807 2840 4860 ταῦτα
2911 4808 3194 4875 φυλάξῃς
3269 4811 3450 4878 χωρίς
3515 4816 3944 4883 προκρίματος,

2365 4897 2560 4966 μηδὲν
2596 4896 2781 4950 ποιῶν
2829 4898 2979 4951 κατὰ
3017 4903 3404 4966 πρόσκλισιν.
3472 4904 3780 4971 Τουτέστιν,
3820 4909 3943 4963 Ἰνα

2373 4989 2485 5048 ἴσος
2511 4984 2576 5058 ᾖς
2595 4989 2705 5049 τοῖς
2731 4986 3126 5056 δικαζομένοις,
3165 4990 3248 5043 ἵνα
3280 4993 3354 5061 μὴ
3389 4993 3941 5068 γένηταιπρόκριμα·

2375 5080 2678 5140 τουτέστιν,
2737 5078 2824 5129 ἵνα
2879 5080 3066 5148 μηδείς
3117 5097 3177 5132 σε
3232 5085 3730 5158 προκαταλαμϐάνῃ
3765 5127 3780 5150 ,
3841 5093 3942 5142 καὶ

2371 5168 2846 5238 προοικειούμενός
2872 5170 2916 5200 ⁶⁰
2969 5187 3026 5221 σε
3063 5173 3186 5241 ποιῇ
3245 5173 3385 5241 ὑπὲρ
3435 5176 3602 5228 αὑτοῦ
3685 5180 3939 5235 ivre-:09;

2377 5259 2476 5328 ἥδη
2509 5258 2822 5327 προκρίνειν
2859 5259 2948 5309 καὶ
2997 5262 3500 5328 προαποφαίνεσθαι
3525 5279 3538 5293 ·
3587 5267 3722 5333 μηδὲ
3774 5272 3938 5337 ποιῇς

2374 5367 2428 5402 τι
2484 5347 2624 5401 κατὰ
2675 5346 3016 5416 πρόσκλισιν,
3063 5351 3329 5417 τουτέστι,
3379 5352 3520 5405 κατά
3561 5357 3936 5429 προσπάθειαν

2305 5484 2350 5516 ⁸³
2383 5485 2548 5538 lCor.
2592 5498 2666 5547 ix,
2692 5481 2782 5534 27.

2043 5593 2240 5653 Variae
2279 5594 2605 5658 lectiones.

779 5683 825 5714 ⁸⁸
852 5686 969 5752 μετ’
1017 5678 1315 5750 ἀποτομίας
1347 5694 1400 5734 ο.

703 5769 815 5810 οικε
825 5755 902 5807 ιού
911 5773 949 5823 μ
975 5771 1028 5807 o.

1480 5683 1522 5713 ⁸⁷
1553 5683 1648 5751 τῆς
1699 5685 1932 5755 κρίσεως
1977 5689 2076 5759 τῆς
2118 5693 2436 5760 τελευταίας
2502 5713 2573 5750 ni.

2691 5695 2736 5727 "
2771 5698 3094 5768 παρεῖναιο.
3170 5700 3213 5732 ⁵⁸
3263 5699 3489 5769 οὐρανὸν
3528 5716 3581 5759 o.
3688 5705 3733 5737 ⁸⁵
3759 5722 3899 5776 προσ
