4150 6440
1698 355 2280 416 ΤΠΕΟΡῙΠἸΑΕΤΙ
2316 352 2730 413 BULGARLE
2774 353 3132 413 ARCHIEE’.

839 469 902 522 Si
923 470 1136 536 quando
1164 466 1364 520 dederit
1386 467 1459 520 eis
1497 464 1632 520 Deus
1665 467 2028 534 paenitentiam
2056 468 2125 520 ad
2151 483 2347 538 cogno-
2374 465 2426 524 Α

771 562 1014 613 mendam
1056 560 1353 613 veritatem.
1413 556 1684 623 Fortasse,
1735 557 1934 627 inquit,
1979 559 2345 628 corrigentur.

770 654 917 706 t=tud
976 659 1180 712 autem,
1238 651 1492 720 fortasse,
1543 653 1608 706 de
1654 650 1880 705 incertis
1914 661 1996 706 cst
2043 667 2104 704 ac
2143 651 2345 706 dubiis.

770 745 1004 796 Proinde
1037 744 1104 796 ab
1138 744 1203 795 iis
1249 745 1340 812 qui
1375 743 1664 799 manifeste
1693 754 1822 798 sunt
1846 743 2182 798 insanabiles
2218 743 2345 797 abs-

769 835 1053 888 tnendum
1118 845 1203 888 est
1240 853 1253 888 :
1297 835 1364 888 de
1413 851 1648 904 quorum
1690 847 1870 892 autem
1929 837 2106 892 salute
2169 838 2348 891 adhuc

767 929 1080 991 hmsitatur,
1111 927 1382 982 correctio
1411 935 1494 980 est
1534 928 1813 982 tentanda.
1851 929 2020 981 Porro
2051 928 2138 982 hic
2169 936 2347 982 tecum

769 1030 987 1090 reputa,
1020 1018 1296 1088 quomodo
1325 1018 1534 1073 docens
1565 1020 1826 1072 humilem
1861 1020 2056 1074 mentis
2093 1018 2346 1074 affectum

768 1132 875 1166 mm
911 1114 1137 1175 dixerit,
1181 1111 1418 1166 fortasse
1460 1113 1662 1181 possis,
1708 1112 1828 1174 sed,
1873 1111 2104 1180 fortasse
2148 1112 2347 1166 dederit

764 1210 838 1257 ris
872 1206 1128 1258 Dominus
1159 1205 1486 1272 resipiscere.
1516 1204 1574 1257 Et
1599 1205 1642 1258 si
1665 1203 1792 1273 quid
1815 1205 2115 1273 contingat,
2138 1205 2348 1259 Domini

772 1309 875 1362 est,
915 1298 1095 1367 inquit
1133 1341 1147 1364 ,
1190 1307 1246 1352 tu
1287 1299 1473 1366 itaque
1525 1313 1593 1351 ne
1643 1297 1916 1352 attollere.
1979 1297 2346 1362 Quamobrem

766 1393 868 1446 τιιεὶ
921 1390 1166 1459 cuipiam
1207 1405 1309 1445 nos
1359 1387 1824 1459 persuaserimus,
1856 1403 1925 1443 ne
1969 1389 2350 1442 existimemus

771 1483 918 1553 quod
953 1483 1059 1553 ipsi
1104 1483 1559 1552 persuadeamus.

842 1576 1006 1632 Vens.
1044 1576 1131 1629 26.
1187 1574 1255 1628 Et
1287 1576 1610 1639 resipiscam
1664 1593 1696 1627 α
1734 1574 1935 1627 diaboli
1983 1574 2189 1642 laqueo.
2223 1571 2349 1627 Hch

769 1684 877 1723 non
906 1669 973 1724 de
1000 1668 1254 1723 doctrina
1287 1676 1522 1732 tantum,
1553 1682 1741 1721 verum
1770 1666 1934 1720 etiam
1963 1666 2032 1721 de
2060 1666 2169 1720 vita
2192 1665 2351 1720 intel-

770 1762 894 1829 lige.
929 1758 987 1812 In
1024 1760 1219 1828 laqueo
1243 1773 1477 1828 namque
1502 1758 1664 1829 607
1694 1757 1897 1811 diaboli
1923 1765 2051 1812 sunt
2075 1757 2347 1821 homines,

768 1864 874 1901 non
921 1849 1100 1902 solum
1155 1848 1474 1918 dogmatum
1538 1863 1724 1913 causa,
1758 1863 1948 1902 verum
1981 1849 2146 1903 etiam
2201 1849 2344 1901 vitm.

769 1941 1036 2005 Quocirca
1089 1947 1143 1993 ct
1201 1941 1295 2008 qui
1357 1940 1508 1994 circa
1565 1940 1730 1993 vitam
1773 1940 2052 2004 labuntur,
2079 1937 2349 2009 patienter

771 2030 1082 2100 corrigendi
1116 2038 1266 2084 sunt.
1306 2027 1371 2082 Ut
1415 2029 1558 2082 enim
1600 2044 1814 2098 passer.
1847 2029 2061 2082 etiamsi
2095 2043 2198 2082 una
2227 2038 2351 2084 tan-

769 2133 883 2176 tum
912 2130 1092 2192 parte,
1129 2120 1265 2190 pede
1297 2120 1584 2182 nimirum,
1622 2120 1994 2181 contineatur.
2023 2123 2074 2174 in
2105 2120 2225 2190 ejus
2249 2137 2346 2192 po-

769 2220 968 2267 testate
993 2221 1078 2266 est
1109 2212 1205 2281 qui
1239 2211 1497 2281 laqueum
1541 2211 1658 2265 fuit
1687 2231 1700 2265 :
1741 2213 2082 2266 consimilem
2127 2213 2193 2268 ad
2230 2229 2351 2268 mo-

777 2307 906 2361 dum
930 2313 984 2359 et
1015 2318 1138 2366 nos,
1170 2303 1386 2356 etiamsi
1413 2318 1516 2356 non
1561 2305 1826 2372 utrisque,
1870 2304 1972 2358 hoc
2009 2313 2114 2369 est,
2149 2305 2252 2360 tide
2294 2315 2349 2361 et

770 2399 876 2449 rita
904 2395 1249 2450 detineamur
1276 2433 1290 2456 ,
1315 2392 1411 2448 sed
1456 2393 1633 2448 solum
1677 2395 1810 2458 vita,
1847 2395 1900 2449 in
1937 2404 2203 2465 potestate
2234 2398 2348 2451 dia-

772 2485 878 2545 boli
909 2499 1122 2540 sumus.

842 2575 883 2627 Α
918 2590 1020 2643 quo
1061 2573 1254 2639 captiui
1299 2583 1540 2626 tenentur
1584 2575 1652 2626 ad
1694 2575 1858 2644 ipsius
1902 2575 2244 2632 voluntatem.
2290 2577 2346 2632 In

771 2682 983 2730 errore,
1029 2667 1229 2736 inquit,
1279 2675 1491 2727 natant,
1545 2667 1638 2721 sed
1669 2668 1809 2737 capti
1850 2684 1878 2722 a
1913 2667 2023 2723 Deo
2067 2670 2134 2725 ad
2173 2670 2348 2740 ipsius

774 2757 1130 2827 mtuntatem,
1184 2753 1236 2808 id
1283 2763 1367 2808 est
1424 2753 1544 2817 Dei,
1595 2755 1828 2810 fortasse
1889 2758 2211 2827 resipiscent
2281 2760 2350 2814 ab

770 2845 933 2915 aquis
963 2845 1194 2899 erroris.
1229 2842 1499 2899 Voluntas
1536 2854 1718 2900 autem
1755 2845 1845 2901 Dei
1875 2855 1980 2913 est,
2021 2864 2131 2903 non
2169 2851 2346 2904 solum

772 2937 1017 2997 credere,
1056 2951 1245 2990 verum
1279 2937 1443 2990 etiam
1488 2945 1631 2991 recte
1669 2939 1867 2993 \ivcre.
1907 2938 2090 3005 Quare
2137 2941 2205 2996 de
2239 2945 2348 2997 vita

771 3031 936 3085 etiam
987 3028 1101 3082 haec
1168 3029 1426 3097 intelligo,
1465 3044 1571 3082 nou
1621 3030 1796 3084 solum
1869 3032 1936 3087 de
1976 3032 2344 3105 dogmatibus.

3922 354 4024 419 ιιι

2519 465 2614 532 Μή
2661 478 2805 518 ποτε
2855 464 2938 528 δῷ
3007 464 3212 531 αὐτοῖς
3265 466 3298 518 d
3355 464 3499 529 Θεὸς
3549 465 3905 534 μετάνοιαν,
3948 471 4032 532 εις

2455 556 2782 624 ἐπίγνωσιν
2807 556 3115 622 ἀληθείας.
3148 554 3329 618 Ἴσως,
3361 557 3546 625 φησιν,
3579 555 3732 609 ἔσται
3773 574 3858 620 τις
3885 557 4030 626 διόρ-

2454 649 2638 711 θωσις.
2669 648 2740 700 Τὸ
2765 649 2843 709 δὲ,
2880 649 3046 714 ἴσως,
3080 648 3174 701 ἐπὶ
3200 647 3308 700 τῶν
3338 647 3546 716 ἀδήλων
3588 649 3706 701 ἐστὶ
3736 649 3832 702 καὶ
3856 651 4030 718 ἀμφι-

2454 739 2644 793 ϐόλων.
2677 740 2840 791 Ὥστε
2870 740 2981 792 τῶν
3014 740 3112 809 μὲν
3134 739 3413 810 προδήλως
3435 740 3670 795 ἀνιάτων
3699 741 4030 808 ἀφίστασθαι

2453 833 2558 903 χρὴ
2579 850 2592 863 ·
2626 833 2752 894 τοὺς
2801 833 2855 886 δὲ
2893 833 3231 902 ἀμφιϐόλους
3266 834 3558 904 πειρᾶσθαι
3592 834 3860 904 διορθοῦν.
3888 836 4029 902 Ὅρα

2453 926 2507 978 δὲ
2548 925 2664 988 πῶς
2696 925 2964 978 διδάσκων
3003 928 3470 996 ταπεινοφρονεῖν,
3501 926 3602 978 οὐκ
3628 922 3771 988 εἷπε,
3814 927 4030 995 μήποτε

2452 1019 2708 1089 δυνηθῇς,
2739 1019 2896 1082 ἀλλὰ,
2937 1019 3146 1090 μήποτε
3175 1019 3251 1088 δῷ
3280 1020 3468 1083 αὐτοῖς
3495 1019 3700 1088 Κύριος
3730 1018 4027 1086 ἀνανῆψαι.

2454 1112 2570 1164 Κᾶν
2591 1111 2819 1180 γένηταί
2847 1130 2922 1176 τι,
2955 1111 3110 1181 φησὶ,
3143 1109 3237 1163 τοῦ
3269 1110 3476 1180 Κυρίου
3507 1109 3646 1174 ἐστὶ,
3677 1109 3742 1161 σὺ
3775 1110 3849 1178 μὴ
3870 1108 4030 1159 ἐπαί-

2457 1221 2570 1273 ρου.
2607 1203 2771 1255 Ὥστε
2812 1203 2915 1257 κᾶν
2947 1202 3224 1272 πείσωμέν
3267 1219 3388 1256 τινα
3427 1202 3523 1256 καὶ
3554 1203 3738 1274 ἡμεῖς,
3776 1200 3852 1271 μὴ
3880 1200 4030 1252 λογι-

2453 1294 2675 1366 ζώμεθα
2697 1295 2772 1357 ὡς
2802 1295 2955 1348 αὐτοὶ
2977 1295 3256 1364 πείθομεν.

2526 1569 2634 1623 Καὶ
2667 1566 3066 1633 ἀνανήψωσιν
3084 1566 3154 1618 ἐκ
3178 1564 3288 1632 τῆς
3314 1564 3423 1618 τοῦ
3450 1565 3733 1620 διαϐόλου
3751 1566 4031 1636 παγίδος.

2454 1660 2638 1713 Ταῦτα
2669 1658 2744 1729 μὴ
2775 1659 2903 1727 περὶ
2933 1657 3220 1726 δογμάτων
3249 1657 3436 1724 μόνον,
3467 1656 3606 1710 ἀλλὰ
3627 1659 3720 1710 καὶ
3751 1661 3884 1728 περὶ
3911 1657 4033 1726 βίου

2454 1753 2586 1805 νόει.
2623 1751 2715 1804 Ἑν
2735 1753 2799 1822 τῇ
2836 1749 3024 1818 παγίδι
3057 1748 3164 1818 γὰρ
3190 1747 3286 1802 τοῦ
3309 1749 3556 1802 διαϐόλου
3579 1750 3719 1802 είσὶν
3747 1751 3798 1803 οι
3821 1751 4034 1818 ἄνθρω-

2453 1863 2566 1907 ποι,
2599 1845 2659 1897 οὐ
2693 1844 2982 1914 δογμάτων
3040 1841 3248 1906 ἕνεκεν,
3276 1841 3410 1895 ἀλλὰ
3437 1843 3533 1895 καὶ
3565 1841 3702 1910 βίου.
3737 1842 3900 1893 Ὥστε
3936 1842 4036 1894 καὶ

2449 1935 2576 1998 τοὺς
2624 1934 2754 2004 περὶ
2787 1933 2878 1986 τὸν
2913 1933 3029 2002 βίον
3060 1931 3468 2002 σφαλλομένους
3494 1931 3832 1998 ἀνεξικάκως
3882 1931 4033 1999 διορ-

2451 2024 2678 2079 θοῦσθαι
2710 2024 2808 2076 δεῖ.
2852 2023 2940 2084 Ὠς
2972 2022 3078 2091 γὰρ
3110 2021 3139 2072 ὀ
3186 2022 3468 2092 στρουθὸς,
3519 2022 3624 2075 κᾶν
3665 2021 3723 2086 ἐξ
3776 2021 3892 2083 ἑνὸς
3935 2021 4036 2088 μὲ-

2455 2135 2602 2188 ρους,
2623 2115 2720 2169 τοῦ
2771 2115 2928 2178 ποδὸς
2953 2114 3118 2182 λέγω,
3153 2115 3474 2184 κατέχηται,
3504 2114 3609 2167 ὑπὸ
3642 2115 3744 2184 τὴν
3779 2113 4035 2180 ἐξουσίαν

2451 2211 2570 2264 ἐστὶ
2610 2209 2706 2263 τοῦ
2757 2210 2860 2279 τὴν
2891 2209 3096 2276 παγίδα
3139 2209 3436 2277 στήσαντος
3464 2224 3478 2240 ο
3517 2207 3660 2260 οὕτω
3693 2207 3788 2260 καὶ
3843 2209 4035 2276 ἡμεῖς,

2451 2299 2552 2354 κᾶν
2582 2299 2656 2371 μὴ
2682 2298 2742 2363 ἐξ
2772 2300 2998 2369 ἀμφοῖν,
3039 2299 3273 2359 πίστεως
3306 2297 3452 2365 λέγω
3501 2298 3594 2350 καὶ
3622 2297 3762 2368 βίου,
3787 2296 4040 2365 κατεχώ-

2453 2392 2614 2462 μεθα,
2672 2391 2788 2445 ἀλλ’
2823 2390 2889 2443 ἐκ
2937 2388 3032 2442 τοῦ
3070 2389 3186 2459 βίου
3243 2388 3430 2458 μόνου,
3483 2390 3589 2442 ὑπὸ
3623 2389 3724 2460 τὴν
3779 2389 4038 2454 ἐξουσίαν

2451 2486 2619 2556 ἐσμὲν
2649 2483 2741 2537 τοῦ
2768 2484 3041 2537 διαϐόλου.

2534 2575 2956 2644 Ἐζωτρημένοι
2979 2575 3081 2628 ὑπ’
3107 2573 3296 2628 αὐτοῦ
3325 2574 3412 2638 εἰς
3433 2573 3498 2625 τὸ
3515 2572 3753 2626 ἐκείνου
3771 2573 4036 2642 θέλημα.

2463 2670 2553 2722 Ἐν
2595 2667 2802 2741 πλάνῃ,
2836 2668 2992 2737 φησι,
3019 2668 3304 2736 νήχονται·
3342 2665 3479 2718 ἀλλά
3517 2663 3893 2734 ζωγρηθέντες
3928 2664 4041 2716 ὑπὸ

2452 2759 2588 2812 Θεοῦ
2655 2760 2736 2823 είς
2787 2758 2848 2812 τὸ
2882 2759 3094 2810 ἐκείνου
3137 2757 3383 2826 θέλημα,
3418 2757 3662 2809 τουτέστι
3708 2755 3802 2808 τοῦ
3859 2755 4029 2822 Θεοῦ,

2455 2849 2586 2913 ἴσως
2639 2849 3012 2920 ἀνανήψουσιν
3081 2851 3186 2903 ἀπὸ
3227 2849 3336 2901 τῶν
3387 2850 3592 2902 ὑδάτων
3644 2849 3745 2917 τῆς
3799 2848 4040 2919 πλάνης.

2451 2942 2678 3011 Θὲλημα
2707 2940 2764 2994 δὲ
2793 2940 2887 2994 τοῦ
2939 2940 3100 3003 Θεοῦ,
3131 2940 3192 2993 οὐ
3238 2940 3298 2992 τὸ
3329 2940 3610 2993 πιστεύειν
3655 2940 3837 3008 μόνον,
3896 2939 4043 2993 ἀλλὰ

2453 3035 2547 3088 καὶ
2571 3035 2634 3088 τὸ
2662 3033 2816 3104 βιοῦν
2848 3033 3219 3104 ὀρθῶς.”Ωστε
3253 3035 3349 3085 καὶ
3373 3033 3502 3103 περὶ
3541 3031 3659 3101 βίου
3686 3032 3859 3085 ταῦτα
3895 3034 4040 3098 νόει,

771 3121 1006 3185 Quidam
1060 3129 1239 3174 autent
1297 3120 1440 3174 istud
1473 3162 1488 3188 ,
1535 3138 1564 3173 a
1605 3139 1707 3190 quo
1748 3125 1941 3193 captivi
1986 3135 2248 3194 tenentur,
2279 3129 2346 3185 de

2455 3130 2531 3200 μὴ
2563 3130 2723 3200 μόνον
2769 3129 2899 3199 περὶ
2951 3128 3259 3196 δογμάτων.
3315 3128 3471 3190 Τινὲς
3504 3127 3560 3181 δὲ
3594 3126 3675 3189 τὸ,
3713 3124 4043 3194 ἐζωγρημέ-

772 3213 992 3267 diabolo
1040 3212 1467 3276 intellexerunt,
1504 3221 1559 3266 et
1597 3214 1807 3283 reliqua
1841 3215 1908 3269 ad
1944 3217 2194 3272 eumdem
2234 3233 2349 3273 mo-

774 3305 924 3358 dum.

1387 3446 1614 3502 CAPUT
1640 3448 1724 3502 ΙΙΙ.

850 3573 1018 3630 Vens.
1053 3575 1104 3628 Ι.
1149 3573 1266 3628 Hoc
1305 3584 1479 3628 autem
1504 3577 1659 3639 scito,
1692 3578 1830 3646 quod
1870 3580 1923 3632 in
1957 3580 2141 3634 diebus
2177 3583 2352 3636 novis-

780 3665 1224 3718 simisinstabsnt
1253 3673 1489 3731 tempora
1520 3667 1841 3734 periculosa.
1881 3667 2019 3734 Quia
2057 3677 2187 3725 tunc
2219 3683 2353 3725 tem-

781 3756 928 3822 poris
983 3755 1137 3808 multi
1188 3755 1419 3825 improbi
1470 3765 1647 3820 erant,
1671 3773 1738 3811 ne
1783 3758 1853 3814 ob
1893 3759 1994 3814 ista
2029 3759 2351 3815 Timotheus

780 3845 1213 3910 perturbaretur,
1274 3845 1523 3912 praedixit
1572 3847 1643 3908 ei,
1715 3844 1781 3898 In
1841 3847 1997 3900 domo
2053 3865 2268 3918 magna,
2297 3859 2352 3904 et

777 3943 974 3988 o-zetera
1007 3951 1022 3986 :
1053 3947 1200 3987 nunc
1231 3949 1362 3986 vero
1391 3935 1485 3996 ait,
1510 3935 1646 3989 tales
1675 3937 1836 3990 etiam
1869 3939 2096 4007 posthac
2116 3940 2348 3997 futuros.

779 4023 1090 4087 Quinetiam
1122 4024 1462 4092 temporibus
1492 4024 1696 4096 Moysis
1743 4025 1982 4084 Joannes
2012 4040 2064 4084 et
2098 4029 2352 4087 Jambres

780 4117 1020 4168 luerunt.
1055 4113 1236 4178 Quare
1272 4128 1378 4168 non
1410 4123 1494 4169 est
1525 4115 1686 4170 hodie
1718 4133 1856 4170 nova
1890 4119 2078 4174 isthmc
2107 4137 2214 4185 res,
2251 4137 2348 4176 ne-

778 4222 884 4271 que
919 4206 984 4259 ad
1033 4215 1084 4259 te
1131 4221 1304 4275 usque
1332 4207 1599 4276 pertinget
1639 4217 1872 4264 tantum.
1902 4210 1980 4266 Ne
2011 4213 2176 4281 igitur
2208 4229 2350 4282 σιεγε

780 4296 948 4350 feras.
981 4295 1238 4363 Tempora
1258 4311 1422 4366 porro
1447 4301 1762 4365 periculosa,
1789 4301 1839 4353 id
1869 4310 1974 4366 est,
2007 4302 2161 4358 valde
2187 4305 2346 4358 mala.

780 4384 895 4439 Non
924 4385 992 4438 de
1015 4385 1209 4440 diebus
1240 4395 1420 4440 autem
1464 4387 1564 4442 hoe
1597 4373 2005 4460 intelligendum
2041 4403 2147 4459 est,
2185 4396 2200 4461 (
2229 4409 2350 4464 qua:

778 4477 923 4529 enim
956 4476 1060 4529 diei
1098 4476 1304 4530 malitia
1339 4478 1468 4531 est?
1514 4479 1531 4545 )
1563 4496 1748 4534 verum
1781 4487 1847 4536 de
1879 4483 2100 4537 illorum
2135 4486 2346 4540 dierum
2382 4466 2427 4521 θ

781 4565 938 4620 malis
960 4572 1014 4619 et
1036 4568 1200 4620 rebus
1218 4577 1269 4620 et
1294 4567 1630 4624 hominibus.
1664 4569 1795 4624 Nam
1822 4580 1876 4626 et
1905 4589 2007 4629 nos
2038 4574 2091 4628 in
2115 4590 2346 4630 consue-

783 4667 835 4707 to
863 4670 1116 4709 sermone
1148 4663 1393 4725 tempora
1421 4658 1653 4712 dicitnus
1681 4661 1820 4713 mala
1852 4671 1905 4715 et
1936 4663 2102 4730 bona,
2126 4681 2155 4718 ιι
2185 4666 2350 4720 rebus

781 4761 902 4813 «illa:
938 4747 992 4798 in
1027 4745 1096 4799 iis
1127 4748 1406 4810 eveniunt,
1439 4758 1533 4803 aut
1562 4751 1628 4804 ab
1661 4752 1995 4810 hominibus.

857 4927 1021 4984 Vens.
1059 4928 1114 4981 2.
1168 4927 1339 4982 Erunt
1377 4933 1512 4984 enim
1571 4934 1805 4990 homines
1849 4938 2044 5005 seipsos
2091 4952 2348 4996 amantes.

785 5020 980 5074 Statim
1005 5021 1150 5090 quod
1182 5023 1422 5076 omnium
1439 5025 1704 5080 malorum
1739 5037 1823 5082 est
1844 5044 2007 5083 causa
2037 5033 2209 5099 ponit,
2242 5047 2350 5086 non

783 5125 902 5176 quae
949 5110 1182 5179 proximi
1244 5120 1393 5177 sunt,
1452 5113 1544 5167 sed
1601 5131 1722 5184 quae
1764 5132 1859 5170 sua
1909 5128 2119 5174 tantum
2156 5122 2350 5192 ipsius,

783 5210 1050 5268 spectare,
1101 5200 1360 5264 Φίλαυτος
1409 5203 1555 5258 enim
1615 5206 1702 5260 ille
1757 5218 1862 5274 est,
1914 5211 2005 5278 qui
2061 5227 2121 5268 se
2173 5215 2350 5269 solum

784 5300 931 5347 attint
971 5307 987 5341 :
1029 5307 1094 5344 ex
1134 5308 1243 5360 quo
1284 5295 1574 5365 contingit,
1625 5307 1683 5351 ut
1727 5315 1796 5355 ne
1846 5302 2088 5372 seipsum
2133 5306 2354 5376 quidem

786 5380 1004 5435 tandem
1035 5396 1160 5436 vere
1214 5390 1375 5438 amet.
1412 5383 1880 5451 Quemadmodum
1915 5393 2060 5448 enim
2103 5395 2158 5450 in
2186 5412 2357 5451 mem-

787 5468 898 5523 bris
943 5468 1104 5524 unius
1162 5469 1419 5525 damnum
1469 5474 1536 5527 ad
1601 5477 1808 5546 reliqua
1888 5480 2049 5533 etiam
2113 5483 2354 5538 membra

791 5561 1106 5625 pertransit,
1149 5570 1205 5616 et
1244 5562 1298 5614 in
1332 5561 1578 5618 aediliciis
1625 5566 1741 5637 pari
1770 5568 1980 5623 ratione
2017 5587 2030 5623 :
2079 5567 2158 5625 sic
2193 5579 2247 5626 et
2293 5572 2344 5626 in

791 5651 1054 5715 l-Leclesia,
1101 5653 1194 5723 qui
1230 5653 1451 5709 fratrem
1485 5673 1642 5711 suum
1684 5660 1929 5730 negligit,
1969 5679 2199 5736 seseque
2230 5673 2346 5722 tan-

791 5741 1068 5798 tummodo
1100 5753 1277 5812 curat,
1309 5747 1548 5815 seipsum
1593 5750 1754 5805 etiam
1790 5752 1988 5820 perdit.

2454 3237 2548 3273 νοι
2572 3222 2674 3274 ὑπ’
2701 3220 2910 3283 αὑτοῦ,
2943 3220 3037 3274 τοῦ
3070 3219 3323 3272 διαϐόλου
3375 3219 3626 3287 ἐνόησαν,
3661 3218 3754 3271 καὶ
3792 3217 3863 3270 τὰ
3906 3217 4044 3288 ἑξῆς

2455 3309 2738 3372 ὡσαύτως.

3047 3453 3296 3506 ΚΕΦΛΛ.
3332 3454 3407 3508 Γ.

2531 3579 2709 3632 Τοῦτο
2743 3579 2810 3631 δὲ
2844 3579 3119 3646 γίνωσκε,
3149 3578 3238 3631 ὅτι
3267 3578 3337 3632 ἐν
3358 3578 3642 3646 ἐσχάταις
3666 3580 3915 3648 ἡμέραις
3938 3580 4046 3634 ἐν.

2453 3670 2790 3729 στήσονται
2812 3667 3001 3735 καιροὶ
3026 3668 3300 3736 χαλεποί.
3345 3669 3565 3739 Ἐπειδὴ
3589 3670 3774 3722 πολλοὶ
3802 3673 4042 3740 πονηροὶ

2456 3761 2596 3813 κατὰ
2627 3761 2754 3822 τοὺς
2789 3761 2909 3813 τότε
2941 3761 3169 3830 καιροὺς
3214 3755 3358 3830 ἦσαν
3385 3801 3399 3824 ,
3439 3761 3524 3812 ἵνα
3558 3762 3633 3831 μὴ
3681 3761 3984 3829 θορυϐῆται
4011 3766 4042 3816 ὁ

2455 3852 2719 3921 Τιμόθεος
2761 3853 2853 3904 ἐπὶ
2904 3851 3136 3913 τούτοις,
3170 3853 3400 3919 προεῖπε
3461 3852 3560 3921 μὲν
3614 3851 3785 3920 αὐτῷ,
3812 3853 3895 3905 ὅτι
3935 3853 4043 3904 Ἐν

2449 3943 2683 4012 μεγάλῃ
2712 3944 2889 4009 οἰκίᾳ,
2916 3943 3010 3995 καὶ
3053 3944 3120 3997 τὰ
3149 3942 3311 4011 ἑξῆς
3362 3943 3513 4011 λέγει
3558 3942 3612 3996 δὲ
3661 3945 3753 3996 καὶ
3810 3942 3908 3996 νῦν
3956 3945 4044 3997 ὅτι

2459 4034 2596 4101 μετὰ
2643 4033 2819 4085 ταῦτα
2869 4031 3106 4085 ἔσονται.
3150 4032 3311 4085 Ἀλλά
3343 4032 3450 4102 μὴν
3482 4034 3575 4085 καὶ
3621 4034 3716 4086 ἐπὶ
3749 4034 4045 4095 Μωῦσέως

2470 4125 2678 4193 Ἰαννῆς
2708 4124 2806 4176 καὶ
2851 4123 3115 4193 Ἰαμϐρῆς
3165 4119 3327 4191 ἦσαν.
3359 4125 3520 4179 Ὥστε
3551 4125 3615 4176 οὐ
3648 4126 3945 4191 κενοφανὲς
3978 4127 4047 4176 τὸ

2454 4213 2850 4286 πρᾶγμα,οὑδὲ
2885 4215 3046 4286 μέχρι
3076 4213 3172 4266 σοῦ
3203 4214 3483 4283 στήσεται.
3509 4214 3600 4283 Μὴ
3633 4215 3814 4267 τοίνυν
3836 4213 4046 4283 δυσχέο

2459 4324 2634 4377 ραινε.
2667 4306 2869 4376 Καιροὶ
2898 4306 2956 4358 δὲ
2980 4306 3230 4374 χαλεποὶ,
3288 4305 3534 4358 τουτέστι
3574 4307 3716 4358 πάνυ
3782 4307 4042 4377 πονηροῖ.

2454 4400 2527 4450 Οὐ
2563 4395 2931 4466 περὶὴμερῶν
2962 4396 3018 4448 δὲ
3048 4394 3206 4450 τοῦτο
3234 4396 3479 4465 νοητέον,
3520 4397 3626 4464 (τίς
3657 4399 3764 4466 γὰρ
3798 4399 4047 4466 πονηρία

2457 4489 2667 4559 ἡμέρας
2691 4489 2731 4554 ;)
2777 4487 2913 4539 ἀλλὰ
2943 4489 3073 4556 περὶ
3107 4487 3215 4540 τῶν
3243 4489 3301 4540 ὲν
3339 4491 3459 4551 ταῖς
3511 4488 3750 4557 ἡμέραις
3781 4490 4049 4558 πονηρῶν

2457 4577 2554 4629 καὶ
2601 4576 2945 4645 πραγμάτων
2980 4577 3072 4628 καὶ
3124 4576 3454 4646 ἀνθρώπων.
3519 4578 3625 4629 Καὶ
3680 4580 3840 4647 ἡμεῖς
3880 4579 3939 4630 ιν
3969 4583 4043 4647 τῇ

2455 4668 2714 4738 συνηθείᾳ
2743 4667 2886 4721 οὕτω
2957 4668 3190 4738 λέγομεν
3240 4669 3466 4739 καιροὺς
3513 4672 3782 4739 πονηροὺς
3839 4671 3938 4723 καὶ
3974 4672 4045 4723 οὐ

2455 4758 2748 4826 πονηροὺς,
2780 4756 2888 4809 ἀπὸ
2939 4756 3050 4809 τῶν
3103 4759 3162 4810 ὲν
3200 4758 3386 4822 αὐτοῖς
3425 4757 3833 4828 συμϐαινόντων
3893 4776 4047 4830 πρα-

2455 4850 2701 4920 γμάτων,
2726 4849 2759 4917 ἢ
2796 4847 2906 4899 ἀπὸ
2930 4849 3039 4899 τῶν
3068 4848 3392 4917 ἀνθρώπων.

2529 4939 2817 4992 Ἔσονται
2853 4938 2962 5007 γὰρ
3014 4940 3068 4992 oi
3100 4937 3396 5004 ἅνθρωποι
3423 4939 3725 5007 φίλαυτοι.
3761 4939 3940 5002 Εὐθὺς
3975 4942 4047 4993 τὸ

2457 5033 2676 5085 πάντων
2725 5031 2900 5083 αῐτιον
2947 5029 3057 5082 τῶν
3095 5029 3282 5083 κακῶν
3329 5030 3536 5099 τίθησι,
3583 5032 3642 5084 τὸ
3679 5032 3753 5101 μὴ
3808 5033 3876 5084 τὰ
3935 5033 4044 5085 τοῦ

2456 5122 2708 5192 πλησίον,
2765 5121 2902 5173 ἀλλὰ
2928 5121 2997 5174 τὰ
3031 5120 3197 5174 αὑτοῦ
3250 5122 3413 5191 μόνου
3467 5125 3712 5175 σκοπεῖν.
3767 5121 4045 5186 Φίλαυτος

2455 5214 2563 5283 γὰρ
2589 5215 2617 5266 ὁ
2642 5212 2836 5265 ἑαυτὸν
2871 5211 3032 5280 μόνον
3065 5211 3236 5280 φιλῶν
3256 5228 3270 5244 ο
3314 5212 3373 5276 ἐξ
3392 5207 3453 5268 οὗ
3483 5214 3774 5282 συμϐαίνει
3805 5213 3867 5265 τὸ
3893 5215 4044 5283 μηδὲ

2455 5301 2645 5356 ἑαυτὸν
2677 5302 2869 5370 φιλεῖν.
2909 5302 3122 5372 Ὠσπερ
3167 5301 3274 5370 γάρ
3328 5303 3385 5353 ὲν
3433 5305 3546 5365 τοίς
3585 5303 3804 5372 μέλεσιν
3869 5305 3904 5372 ἡ
3933 5304 4038 5357 τοῦ

2454 5392 2572 5454 ἑνὸς
2601 5391 2772 5460 βλάϐη
2794 5390 2889 5443 καὶ
2924 5392 3006 5453 εἰς
3035 5389 3104 5443 τά
3138 5391 3300 5444 λοιπὰ
3325 5390 3614 5455 διαϐαίνει,
3655 5393 3751 5444 καὶ
3784 5393 3878 5443 ἐπὶ
3922 5392 4046 5446 τῶν

2455 5482 2909 5551 οἰκοδομημάτων
2937 5481 3200 5544 ὡσαύτως
3224 5480 3396 5534 ὀὕτω
3417 5483 3510 5534 καὶ
3537 5483 3593 5536 ἐν
3624 5485 3687 5553 τῇ
3708 5481 4043 5555 Ἐκκλησίᾳ,

2455 5575 2482 5625 ὁ
2514 5571 2730 5640 ἀμελῶν
2769 5571 2863 5624 τοῦ
2896 5570 3150 5641 ἀδελφοῦ,
3198 5571 3291 5628 καὶ
3327 5573 3520 5627 ἑαυτὸν
3555 5576 3714 5645 μόνον
3747 5573 4044 5645 τημελῶν,

2456 5663 2547 5718 καὶ
2575 5661 2751 5734 ἑαυτῷ
2779 5662 2840 5716 λυ
2850 5661 3119 5734 μαίνεται.
