4150 6440
179 443 276 506 117
914 433 1318 495 EXPOSITIO
1348 432 1431 494 IN
1456 432 1695 494 El’IS’I‘.
1734 433 1750 491 l

1854 435 1924 495 tD
1944 433 2334 494 TIMOTII.-—
2357 431 2517 491 CAP.
2551 430 2672 493 Ill.

3307 430 3410 495 118

247 554 627 622 Φιλάργυροι.
668 550 849 604 Εἰπὼν
876 549 973 620 τὴν
1009 549 1187 619 ῥίζαν,
1212 550 1409 618 ἐπάγει
1440 551 1621 615 ίδικῶς
1647 550 1743 605 καλ⁸

1913 552 2097 605 Avari.
2146 550 2280 605 Cum
2315 549 2544 605 dixisset
2571 548 2829 615 radicem,
2858 547 3019 604 infert
3047 547 3326 617 speciatim
3356 561 3415 607 et

178 646 303 706 τοὺς
335 645 431 699 ἀπ’
461 643 634 709 αὐτῆς
660 642 908 706 κλάδους,
937 636 1013 695 ὧν
1045 642 1261 713 πρῶτος
1296 640 1391 694 καὶ
1422 642 1680 711 μέγιστος
1710 644 1745 712 ἡ

178 734 513 803 φιλαργυρία
556 734 657 799 (a).
709 732 918 801 Ὠσπερ
958 731 1067 801 γὰρ
1123 732 1188 784 ἐκ
1233 733 1335 801 τῆς
1387 731 1607 801 ἀγάπης
1640 732 1748 783 πᾶν

178 823 367 886 καλὸν,
398 822 573 884 οὕτως
601 821 665 875 ὲκ
690 820 788 889 τῆς
822 820 1105 889 φιλαυτίας
1134 821 1243 873 πᾶν
1284 822 1475 886 κακὸν,
1517 822 1749 875 ἀντικει·

179 914 349 983 μένης
380 916 448 981 τῇ
480 912 695 985 ἀγάπῃ.
724 913 790 967 Ἥ
820 912 917 981 μὲν
943 912 1050 982 γὰρ
1073 913 1300 968 πλατεῖά
1327 915 1463 979 ἐστι,
1490 914 1587 968 καὶ
1607 930 1749 968 παν-

172 1002 343 1071 ταχοῦ
388 1004 723 1072 ἐκκέχυταιο
766 1005 799 1073 ἡ
834 1004 889 1056 δὲ
920 1004 1174 1071 φιλαυτία
1225 1008 1403 1059 στενοί
1438 1006 1499 1059 τὸ
1547 1004 1749 1070 πλάτος

174 1092 403 1163 ταύτης,
435 1095 530 1147 καὶ
552 1095 633 1158 είς
664 1095 762 1149 ἕνα
792 1095 953 1165 μόνον
988 1095 1289 1150 συστέλλει.

258 1290 597 1354 ’Δλιιζόνεᾳ
635 1288 793 1343 Κατά
817 1290 1102 1359 ἄνθρωπον
1134 1291 1532 1359 κομπάζοντες.

253 1468 677 1534 Ὑπερήφανοι,
734 1466 1113 1537 βλάσφημοι.
1169 1469 1594 1539 Προκοπτούσης
1650 1471 1749 1541 τῆς

172 1557 398 1618 κακίας,
442 1558 546 1626 ἢδη
574 1556 669 1609 καὶ
715 1556 809 1610 ἐπὶ
856 1556 988 1609 Θεὸν
1035 1559 1069 1627 ἡ
1104 1556 1282 1626 ὕϐρις.
1317 1558 1487 1610 Ὅταν
1528 1558 1637 1629 γάρ
1666 1574 1750 1621 τις

167 1648 283 1699 τῶν
343 1645 654 1715 ἀνθρώπιον
711 1646 1271 1718 καταλαζονεύσηται,
1326 1645 1446 1701 εἶτα
1498 1649 1593 1703 καὶ
1643 1650 1750 1703 πᾶν

170 1738 520 1809 κατόρθωμα
574 1738 753 1808 ἑαυτῷ
802 1739 1121 1810 ἑπιγράφῃ,
1183 1741 1277 1794 καὶ
1334 1739 1454 1812 οὐχὶ
1506 1743 1573 1812 τῇ
1629 1740 1751 1813 Θείᾳ

170 1832 384 1902 χάριτι,
419 1834 545 1884 τότε
577 1831 677 1901 ἤδη
705 1832 798 1885 καὶ
827 1830 1163 1903 βλασφημεῖ.

1847 641 1917 697 ab
1941 656 2005 697 ea
2028 649 2219 697 enatos
2247 656 2450 704 ramos,
2477 654 2711 709 quorum
2737 646 2789 693 et
2823 639 3031 708 primus
3060 647 3113 693 et
3142 642 3411 696 maximus

1848 740 1933 786 est
1958 728 2185 784 avaritia
2212 748 2226 784 :
2260 728 2485 799 perinde
2509 742 2745 797 namque
2768 741 2832 782 ac
2860 743 2925 782 ex
2952 731 3219 784 charitate
3252 744 3414 785 omne

1852 823 2079 883 bonum.
2118 821 2200 877 sic
2220 834 2284 875 ex
2310 820 2596 889 philautia,
2626 828 2815 890 utpote
2847 820 3102 874 charitati
3132 821 3411 891 opposita,

1848 925 2008 966 omne
2050 910 2252 965 malum
2304 908 2543 979 proﬂuit.
2590 907 2723 963 Nam
2778 908 3017 965 eharitas
3062 917 3146 965 est
3194 911 3325 975 lata,
3359 922 3414 966 ct

1848 1015 2178 1072 quocunque
2206 999 2505 1057 effunditur
2553 1016 2565 1052 :
2610 1000 2873 1068 philautia
2906 1015 3038 1055 vero
3067 1000 3411 1055 latitudinem

1848 1094 1969 1164 ejus
1995 1093 2050 1147 in
2085 1100 2297 1150 arctam
2328 1091 2811 1160 constrmgit,etin
2832 1106 2999 1145 unum
3034 1091 3413 1146 tantummodo

1850 1185 2146 1241 contrahit.

1918 1278 2088 1349 cog
2133 1276 2304 1332 Etati.
2339 1275 2455 1342 Qui.
2480 1288 2601 1330 sese
2634 1271 2898 1328 adversus
2927 1271 3064 1327 alios
3097 1271 3331 1327 en‘eruut
3361 1281 3415 1327 et

1851 1375 2151 1422 ostentant.

1923 1457 2165 1528 Superbi,
2184 1457 2494 1527 blasphemi.
2518 1455 2855 1510 Procedente
2888 1453 3115 1516 malitia,
3146 1453 3214 1507 ad
3245 1452 3425 1507 Deum

1850 1564 2023 1620 usque
2046 1550 2247 1619 injuria
2273 1549 2554 1618 pertingit.
2580 1546 2809 1613 Quando
2833 1547 2979 1601 enim
3003 1545 3202 1613 aliquis
3226 1546 3417 1598 adver-

1851 1656 1946 1697 sus
1981 1642 2232 1695 homines
2257 1654 2523 1708 arrogans
2552 1637 2732 1701 fuerit,
2759 1636 2971 1707 sibique
2998 1649 3214 1689 onmem
3248 1636 3418 1688 virtu-

1852 1739 1960 1786 tem
1987 1731 2330 1801 ascripserit,
2368 1739 2422 1787 et
2455 1744 2563 1785 non
2590 1728 2784 1783 divina:
2809 1728 3021 1797 gratiae,
3050 1735 3165 1781 tum
3198 1725 3414 1780 demum

1854 1822 2207 1892 blasphemus
2227 1830 2331 1877 est.

238 1885 556 1976 'I‘oreﬁatr
581 1885 871 1989 ἀπειθεῖς,
888 1885 1227 1993 ἀχίίρίστοι,
1244 1926 1499 1990 ἀνόσιοι,
1530 1926 1749 1994 ἀστορ-

1922 1885 2237 1968 Parentibus
2271 1930 2375 1967 non
2409 1912 2703 1967 ebedientes
2724 1951 2738 1976 ,
2773 1911 2988 1981 ingrati,
3034 1909 3263 1975 scelesti,
3302 1910 3417 1963 sine

171 2033 288 2081 γοι,
321 2015 649 2069 ἄσπονδοι.
685 2016 924 2081 Είκότως
944 2019 1023 2070 ἐί
1053 2019 1159 2089 γὰρ
1182 2018 1314 2073 Θεὸν
1343 2019 1748 2091 βλασφημοῦσι.

173 2114 292 2175 πῶς
329 2115 517 2181 γονεῖς
544 2115 905 2184 τιμήσουσινς
944 2113 1003 2167 '0
1034 2114 1090 2166 δὲ
1121 2120 1299 2182 γονεῖς
1322 2115 1396 2186 μὴ
1431 2116 1630 2186 τιμῶν,
1653 2117 1751 2170 καὶ

174 2205 313 2273 πρὸς
349 2205 565 2267 πάντας
611 2204 767 2258 ῐσται
814 2206 1127 2275 ἀχάριστος.
1174 2208 1232 2261 '0
1282 2208 1339 2260 δὲ
1371 2208 1610 2271 τοιοῦτος
1655 2207 1751 2261 καὶ

173 2297 413 2357 ἀνόσιος,
444 2296 528 2347 ὅτι
573 2295 672 2365 τὴν
715 2295 872 2349 ὁσίαν
910 2298 1004 2349 καὶ
1052 2300 1112 2349 τὸ
1142 2299 1487 2367 ὀφειλόμενον
1519 2299 1703 2353 ἀθετεῖ
1730 2313 1744 2329 '

173 2385 307 2435 ανλὰ
338 2385 439 2435 καὶ
468 2384 756 2451 ἄπτοργος.
808 2383 943 2439 Τίνα
980 2387 1090 2456 γὰρ
1120 2386 1330 2456 στέρξει
1363 2387 1542 2452 ἄλλον,
1593 2388 1622 2439 ὁ
1659 2386 1751 2461 τὸν

175 2475 479 2544 εὐεργέτην
530 2476 899 2539 ἀποπτύσας;
962 2477 1073 2529 Καὶ
1140 2477 1486 2546 ἄσπονδος,
1562 2477 1750 2548 μηδενὶ

178 2566 570 2635 σπενδόμενος,
600 2566 716 2635 εἴγε
747 2567 880 2636 μηδὲ
911 2567 1000 2636 τῷ
1025 2568 1312 2639 εὐεργέτῃ.

243 2811 545 2865 Διάὄολοι.
573 2812 853 2875 Τουτὲστι,
874 2813 1078 2876 πάντας
1103 2814 1549 2882 κακολογοῦντες.
1568 2817 1626 2869 Ὀ
1643 2818 1751 2889 γὰρ

181 2902 349 2971 μηδὲν
400 2902 587 2973 ἑαυτῷ
623 2902 876 2965 συνειδὼς
930 2904 1155 2971 ἀγαθὸν,
1193 2906 1401 2971 πάντας
1456 2908 1749 2974 διαϐάλλει,

181 2994 359 3062 ἑαυτῷ
390 2993 756 3063 παραμυθίαν
784 2996 909 3049 τινὰ
950 2996 1430 3067 περιποιούμενος,
1456 3000 1533 3069 τῷ
1554 3000 1749 3064 δοκεῖν,

180 3085 274 3137 καὶ
304 3085 573 3139 ἐπινοῶν.

258 3263 580 3331 Ἀκρατεῖς.
632 3263 744 3317 Καὶ
772 3263 1039 3335 γλώττης,
1080 3265 1178 3319 καὶ
1222 3267 1481 3337 γαστρὸς,
1515 3269 1609 3322 καὶ
1642 3269 1751 3323 τῶν

175 3356 351 3418 ἄλλων
379 3356 671 3411 ἁπάντων.

257 3445 599 3513 Ἀννήμεροι.
632 3444 794 3513 Ὁρᾷς
844 3444 995 3507 τίνας
1031 3448 1179 3498 ποιεῖ
1215 3447 1248 3515 ἡ
1284 3446 1539 3516 φιλαυτία
1578 3450 1672 3503 καὶ
1718 3453 1750 3521 ἡ

177 3537 514 3607 φιλαργυρία
536 3554 552 3601 ;
578 3536 756 3606 Θηρία
782 3536 905 3589 ἀντὶ
933 3535 1256 3605 ἀνθρώπων.

255 3628 658 3695 Ἀριλὰγαθοι
695 3627 904 3689 Παντὸς
933 3627 1139 3695 ἀγαθοῦ
1170 3628 1373 3700 ἐχθροί.

244 3718 564 3783 Προὸόται.
594 3719 706 3786 Τῆς
736 3718 939 3787 φιλίας.

244 3809 600 3875 Προπετεῖς.
635 3811 950 3875 Τουτέστιν,
989 3811 1259 3880 ἀϐέϐαιοι,
1311 3814 1463 3875 οὑᾶὲν
1490 3816 1753 3887 σταθερὸν

176 3902 420 3970 ξιοντες.

252 3991 687 4059 Τετυςςωμένοι.
731 3992 1016 4057 ’Δπονοίας
1053 3995 1502 4066 πεπληρωμένοι.

245 4081 580 4149 Φιλήδονοι
640 4080 882 4149 μᾶλλον
936 4085 974 4151 ἣ
1027 4086 1310 4152 φιλόθεοι.
1366 4088 1703 4153 Ἀναγκαίως
1735 4104 1750 4119 -

177 4175 309 4226 ἔνθα
342 4175 453 4242 γὰρ
490 4171 643 4239 φιλία
677 4173 788 4225 τῶν
829 4172 926 4227 τοῦ
954 4175 1159 4243 κόσμου
1189 4176 1456 4244 τερπνῶν,
1478 4176 1594 4229 εκεῖ
1612 4175 1755 4240 οεῐος

180 4264 347 4324 πόθος
374 4262 479 4314 οὐκ
518 4262 684 4315 ἔστιν.

247 4355 579 4420 Ἔχοντεςι
598 4355 914 4420 μόρφωσιν
945 4354 1281 4421 εὐσεϐείας,
1320 4355 1434 4423 τὴν
1471 4355 1539 4407 δὲ
1575 4355 1756 4409 δύνα-

174 4461 281 4509 μιν
330 4441 529 4511 αὐτῆς
578 4442 923 4511 ἠρνημένοι.
973 4444 1257 4508 Τουτέστι,
1327 4446 1754 4514 σχηματίζονται

1852 2006 2151 2073 ιιΙῙεοιὶοηε,
2176 2008 2286 2059 sine
2317 2021 2463 2073 pace.
2501 2006 2668 2073 quue
2712 2018 2819 2057 non
2853 2003 3167 2057 immerito:
3206 2016 3330 2055 nam
3370 2002 3421 2055 si

1856 2090 2021 2145 Deum
2063 2091 2468 2161 blasphemant,
2492 2090 2770 2161 quomodo
2799 2099 3054 2160 parentes
3073 2091 3416 2145 venerabun-

1855 2182 1989 2235 tur?
2040 2181 2142 2247 Qui
2174 2190 2355 2237 autem
2397 2193 2649 2253 parentes
2679 2196 2811 2237 suos
2851 2196 2958 2235 non
3000 2180 3255 2244 honorat,
3287 2194 3417 2249 erga

1853 2287 2045 2328 omnes
2078 2274 2323 2344 ingratus
2354 2274 2479 2327 erit.
2525 2264 2628 2337 Qui
2658 2280 2837 2326 autem
2873 2271 2998 2324 talis
3024 2279 3131 2334 est,
3166 2270 3215 2324 is
3243 2280 3327 2323 est
3363 2277 3423 2322 et

1853 2364 2121 2420 scelestus
2171 2406 2186 2430 ,
2229 2364 2355 2433 quia
2404 2363 2750 2418 sanctitatem
2810 2371 2864 2415 et
2918 2360 3151 2415 ollicium
3217 2359 3414 2427 reiicit.

1853 2453 2158 2520 Quinetiam
2188 2470 2217 2509 a
2249 2454 2534 2508 charitatis
2568 2452 2759 2507 all‘ectu
2791 2444 3047 2506 alienus':
3085 2465 3245 2521 quem
3268 2449 3414 2502 enim

1854 2548 2019 2599 alium
2048 2533 2582 2601 dilectionis'all‘cctu
2624 2546 3043 2614 complectetur,
3064 2544 3159 2613 qui
3197 2542 3418 2597 benefa-

1854 2646 2059 2689 ctorem
2099 2652 2259 2691 suum
2291 2637 2497 2704 respuit
2526 2636 2550 2688 ?
2585 2635 2646 2689 Et
2676 2637 2787 2688 sine
2811 2650 2956 2701 pace,
2989 2634 3190 2687 nemini
3222 2647 3418 2687 recon-

1856 2728 2097 2793 ciliatur,
2133 2727 2403 2796 siquidem
2440 2742 2548 2781 non
2577 2727 2678 2796 ipsi
2715 2724 3072 2780 benefactori.

1926 2810 2090 2867 Vsus.
2120 2813 2174 2866 3.
2207 2812 2604 2866 Criminatores.
2636 2812 2748 2866 lloc
2774 2822 2876 2877 est,
2907 2813 3163 2866 omnibus
3186 2812 3415 2866 maledi-

1852 2913 2059 2958 centes.
2098 2903 2209 2968 Qui
2254 2905 2399 2957 enim
2436 2903 2640 2957 nullius
2678 2902 2806 2957 boui
2844 2902 2947 2955 sibi
2994 2902 3253 2956 conscius
3287 2914 3370 2958 est
3401 2942 3417 2966 ,

1853 3010 2045 3048 omnes
2074 2994 2212 3050 alios
2243 2994 2591 3059 criminatur,
2615 2993 2719 3047 sibi
2752 2991 2855 3061 ipsi
2894 2994 2996 3046 hoc
3036 3001 3194 3062 pacto
3218 3008 3416 3048 conso-

1855 3085 2113 3140 lationem
2160 3085 2452 3155 quamdam
2521 3084 2805 3154 acquirere
2866 3085 3017 3138 visus
3079 3090 3134 3137 et
3191 3085 3415 3155 excogi-

1777 3211 1822 3268 ϐ
1857 3182 1999 3268 tatis.

1923 3266 2329 3319 Introntinentes.
2380 3264 2586 3333 Lingua
2630 3264 2841 3320 scilicet
2886 3274 2940 3319 et
2969 3273 3159 3319 ventre
3184 3253 3418 3334 altisque

1852 3357 2091 3411 cuncﬁs.

1927 3444 2185 3501 Immites.
2250 3445 2655 3501 Animadvertis
2716 3460 2981 3515 quosnam
3040 3445 3207 3499 faciat
3265 3461 3421 3501 amor

1852 3536 1933 3593 sui
1957 3547 2011 3591 et
2034 3537 2261 3590 avaritia
2285 3536 2532 3591 ‘lBelluas
2563 3537 2819 3591 nimirum
2852 3552 2947 3606 pro
2975 3536 3312 3592 hominibus.

1924 3629 2056 3685 Sine
2087 3631 2423 3699 benignitate.
2454 3628 2646 3684 Omnis
2669 3628 2795 3682 boni
2825 3628 3029 3683 hostes.

1925 3719 2093 3775 Vens.
2126 3722 2179 3776 4.
2211 3720 2540 3775 Proditores.
2573 3720 2859 3774 Amicitiae.

1926 3810 2257 3881 Prwcipites.
2298 3812 2412 3867 Hoc
2437 3820 2543 3867 est.
2576 3810 2882 3877 instabiles,
2920 3810 3056 3866 nihil
3099 3811 3291 3867 stabile
3323 3811 3418 3866 ha-

1854 3906 2067 3961 bentes.

1927 3992 2166 4046 Tumidi.
2199 3993 2527 4064 Arrogantia
2559 3994 2725 4063 pleni.

1930 4083 2264 4148 Voluptatem
2292 4094 2557 4135 amatores
2580 4084 2750 4150 magis
2763 4096 2922 4151 quam
2957 4079 3071 4136 Dei.
3100 4080 3425 4137 Necessario

1855 4172 1959 4228 hoc
1989 4175 2263 4242 sequitur.
2305 4173 2410 4228 Ubi
2462 4173 2606 4227 enim
2647 4183 2730 4227 est
2768 4173 2930 4239 hujus
2958 4174 3143 4227 nmndi
3177 4175 3423 4244 volupta-

1857 4272 1971 4319 tum
1999 4274 2174 4328 amor,
2204 4263 2317 4316 illic
2348 4260 2590 4316 divinum
2624 4261 2955 4317 desiderium
2989 4278 3095 4317 non
3125 4273 3228 4317 est.

1932 4352 2091 4407 Vsus.
2119 4353 2173 4406 5.
2232 4351 2493 4404 Habentes
2525 4352 2745 4418 speciem
2775 4353 3008 4418 pietatis,
3048 4353 3295 4406 t-irtutem
3327 4371 3425 4406 au.-

1858 4454 1959 4497 tem
2005 4445 2118 4511 ejus
2156 4443 2491 4512 abuegantes.
2530 4440 2641 4496 lloc
2678 4449 2763 4496 est
2790 4479 2805 4506 ,
2847 4442 3078 4511 speciem
3128 4443 3433 4512 quamdam

179 4536 345 4599 μόνον
375 4532 476 4603 τὴν
519 4532 775 4584 ἀσέϐειαν
824 4533 919 4586 καὶ
952 4534 1354 4603 ὑποκρίνονται,
1388 4536 1477 4587 διά
1526 4538 1582 4588 δὲ
1638 4537 1750 4589 τῶν

1858 4536 2074 4605 pietatis
2097 4551 2207 4605 pra:
2230 4548 2290 4588 se
2336 4533 2518 4587 ierunt
2538 4548 2601 4587 ac
2625 4532 2883 4587 simulant
2908 4542 3140 4599 tantum,
3165 4535 3423 4603 operibus

176 4626 362 4692 ἔργων
411 4622 705 4692 ἀρνοῦνται
730 4622 957 4692 ταύτην.
988 4624 1299 4695 Σημείωσαι
1331 4626 1389 4678 δὲ
1419 4626 1499 4678 ὅτι
1531 4629 1561 4696 ἡ
1591 4627 1752 4679 δῦνα-

180 4732 272 4782 ps;
311 4714 421 4782 τῆς
451 4713 752 4777 εὐσεϐείας,
789 4716 883 4768 καὶ
912 4715 981 4767 τὰ
1002 4716 1170 4768 οἱονεὶ
1199 4716 1388 4787 νεῦρα,
1420 4720 1478 4771 ὲν
1507 4720 1623 4779 τοῖς
1660 4718 1751 4787 ἔρ-

177 4823 293 4873 γοις
328 4805 663 4860 δείκνυνται.
716 4806 956 4868 Είκότως
992 4807 1087 4860 οὖν
1125 4807 1343 4874 λέγεται
1373 4810 1545 4877 χωρὶς
1572 4810 1752 4879 ἔργων

180 4895 357 4963 πεκρά
410 4890 575 4949 εἶναι.
629 4898 954 4965 Μόρφωσιν
980 4897 1038 4950 δὲ
1072 4896 1307 4967 ἀλλαχοῦ
1358 4900 1386 4950 ὀ
1429 4900 1750 4962 ’Δπὸστολος

181 4986 273 5036 ἐπὶ
306 4982 482 5037 καλοῦ
527 4985 835 5055 παρέλαϐεν
869 5002 886 5020 ο
920 4987 949 5039 ὁ
980 4986 1090 5057 γὰρ
1122 4987 1438 5051 διδάσκαλος
1474 4990 1756 5058 μόρφωσιν

182 5076 440 5139 γνώσεως
470 5074 606 5145 ἔχει,
632 5077 906 5140 τουτέστι,
964 5062 1190 5131 πλάττει
1247 5079 1342 5131 καὶ
1400 5083 1605 5149 μορφοῖ
1654 5080 1754 5151 τὴν

181 5166 388 5233 γνῶσιν
417 5164 479 5216 ὲν
507 5166 623 5227 τοῖς
657 5165 945 5233 μαθηταῖς.

248 5255 365 5309 Καὶ
391 5254 649 5318 τούτους
676 5254 1038 5321 ἀποτρέπου.
1079 5256 1142 5309 Et
1170 5257 1228 5310 ἐν
1252 5256 1498 5327 ὑστέροις
1542 5261 1756 5328 καιροῖς

182 5348 418 5409 ἕπονται,
450 5345 570 5409 πῶς
598 5363 751 5415 φησι,
776 5348 1031 5413 Τούτους
1058 5348 1400 5418 ἀποτρέπου
1421 5366 1439 5413 ;
1472 5351 1631 5413 Είκὸς
1654 5353 1755 5421 μὲν

185 5440 273 5490 καὶ
291 5438 419 5490 τότε
437 5436 720 5500 τοιούτους
743 5432 883 5491 εἶναί
915 5455 1086 5505 τινας,
1121 5442 1169 5493 εί
1202 5441 1297 5494 καὶ
1329 5441 1405 5511 μὴ
1439 5442 1557 5510 μεθ’
1586 5444 1753 5513 ὑπερ.

183 5526 363 5597 ϐολῆς,
401 5526 521 5579 ἀλλ’
549 5526 697 5595 ὅμως
724 5522 886 5592 εἶναι,
911 5529 985 5592 ὡς
1018 5529 1083 5582 ἂν
1111 5532 1159 5582 εἰ
1189 5530 1362 5599 ἔλεγε,
1411 5533 1550 5596 Τοὺς
1578 5533 1755 5585 τοιού-

1857 4638 2038 4683 autem
2087 4642 2207 4681 eam
2258 4633 2476 4695 negant.
2524 4624 2769 4683 Observa
2803 4635 2981 4678 autem
3027 4626 3114 4678 hic
3156 4627 3263 4679 vim
3299 4626 3423 4679 ῐίιιιί

1855 4727 2019 4785 atque
2073 4716 2209 4769 adeo
2259 4730 2455 4769 nervos
2494 4730 2592 4783 per
2637 4730 2802 4783 opera
2843 4716 3136 4769 monstrari
3173 4733 3185 4769 :
3228 4716 3422 4768 merito

1856 4809 2021 4877 igitur
2051 4806 2255 4860 dicitur
2290 4806 2408 4859 sine
2451 4804 2711 4874 Operibus
2754 4819 2877 4860 esse
2917 4812 3153 4859 mortua.
3186 4804 3420 4871 Speciem

1858 4907 2038 4953 autem
2069 4898 2176 4950 alio
2211 4897 2264 4949 in
2296 4897 2415 4951 loco
2458 4896 2752 4965 Apostolus
2774 4895 2829 4949 in
2860 4895 3057 4949 bonam
3091 4907 3299 4964 partem
3328 4910 3420 4948 as-

1863 4990 2098 5058 sumpsit
2127 5007 2141 5043 :
2166 4995 2466 5057 praeceptor
2500 4986 2645 5040 enim
2680 4986 3060 5039 formationem
3096 4986 3426 5057 cognitionis

1863 5087 1916 5133 ct
1946 5079 2189 5131 scientiae
2221 5066 2402 5140 habet,
2441 5076 2546 5129 hoc
2574 5082 2701 5142 εει,
2737 5074 2888 5147 lingit
2918 5086 2970 5130 et
3001 5074 3200 5130 format
3241 5076 3424 5132 scien-

1862 5171 1991 5223 tiam
2025 5170 2076 5222 in
2112 5168 2417 5236 discipulis.

1930 5259 1999 5311 Et
2048 5258 2144 5312 hos
2175 5258 2371 5310 devita.
2402 5256 2460 5310 Si
2491 5256 2544 5311 in
2572 5258 2833 5313 extremis
2862 5258 3200 5327 temporibus
3236 5266 3423 5321 erunt,

1861 5350 2137 5420 quomodo
2182 5349 2333 5413 dicit,
2371 5348 2437 5401 Et
2470 5349 2564 5403 hos
2608 5350 2777 5402 devita
2805 5352 2831 5404 Ρ
2859 5347 3167 5403 Verisimile
3200 5350 3422 5419 quidem

1860 5451 1947 5497 εει
1983 5449 2116 5495 tunc
2145 5441 2309 5496 etiam
2339 5441 2474 5495 tales
2514 5439 2683 5495 fuisse
2712 5439 3000 5509 quosdam,
3029 5440 3133 5495 etsi
3164 5456 3271 5495 non
3301 5456 3423 5495 om-

1868 5531 1998 5585 uiuo
2024 5538 2175 5583 tanta
2210 5529 2391 5597 copia,
2430 5530 2599 5583 fuisse
2629 5542 2832 5595 tamen,
2858 5529 3080 5600 perinde
3108 5546 3173 5586 ac
3200 5530 3247 5586 si
3277 5530 3421 5590 dicat

251 5728 325 5797 (α)
358 5730 593 5808 Αυι-Ιιῐε
626 5730 912 5800 legendum
948 5732 1219 5808 ιριλαυτία,
1254 5744 1312 5808 ut
1346 5735 1505 5793 habet
1536 5737 1658 5793 cod.
1696 5737 1749 5794 S.
1799 5736 1962 5794 Marci
2020 5736 2233 5804 Venet.,
2282 5742 2374 5789 aut
2408 5735 2571 5806 paulo
2629 5746 2752 5806 post
2808 5735 3093 5808 legendum
3156 5737 3421 5807 φιλαργύ-

190 5799 300 5869 ρία,
333 5801 597 5870 araritia,
629 5799 699 5856 ιιι
718 5816 916 5859 sensus
940 5814 1081 5861 recte
1116 5821 1173 5863 se
1197 5806 1417 5863 habeat.
