4150 6440
782 325 883 389 119

1683 341 2258 410 THEOPllYLACTI
2299 352 2707 420 BULGARH‘I
2748 364 3104 431 ARCHIEP.

3929 390 4031 455 190

771 439 910 492 Cum
953 442 1086 497 taies
1125 443 1419 502 etiamnum
1462 447 1837 518 inveniuntur,
1865 455 2047 510 devita
2079 476 2091 512 :
2127 461 2269 515 sicut
2300 481 2311 518 ε

777 532 966 568 manu.
996 550 1008 561 .
1046 533 1123 568 ir.
1163 537 1241 568 ιιι.
1441 544 1526 568 -..ε
1558 554 1832 568 --μ-.----.
2098 550 2138 568 ιτ
2178 555 2189 568 .
2297 557 2309 568 .

2415 486 2427 515 r
2457 487 2580 533 τους
2600 474 2691 526 καὶ
2710 476 2804 531 νῦν
2828 480 3246 551 εὑρισκομένους
3264 485 3468 558 [καλῶς
3483 492 3672 566 ποιῶν]
3694 497 4030 568 ἀποτρέπου.

776 532 966 585 subdit
995 550 1010 596 ;
1041 533 1123 586 Ea:
1159 537 1241 588 his
1281 549 1402 592 sunt
1436 544 1526 610 qui
1557 554 1832 610 penetrant
1859 549 2062 604 domos.
2098 550 2190 606 Vel
2219 557 2345 624 quia

776 633 1077 690 postremos
1122 623 1242 681 dies
1299 645 1395 684 eos
1423 632 1555 686 dicit
1603 635 1824 702 Paulus,
1863 645 1956 710 qui
1984 647 2192 702 obitum
2232 659 2346 704 sta-

773 714 868 768 tim
930 730 1089 768 suum
1146 722 1390 774 secuturi
1439 737 1643 790 essent,
1693 728 1747 782 in
1791 733 1991 800 quibus
2027 737 2344 796 Timotheus

770 806 947 861 adhuc
973 815 1435 884 superste5609
1458 816 1675 874 futurus
1705 832 1844 878 erat.
1872 824 1984 891 Vel,
2008 831 2152 898 quod
2177 833 2340 885 etiam

771 897 954 952 verius
993 916 1222 971 magnus
1253 905 1343 958 ille
1389 905 1820 977 Cbrysostmnus
1858 897 2090 985 judicat,
2125 935 2219 990 per
2252 925 2342 976 Ti-

767 990 1044 1043 motheum
1079 1007 1270 1048 omnes
1326 997 1650 1054 adhortatur
1683 1016 1740 1058 ut
1768 1007 1904 1062 tales
1931 1008 2164 1080 fugiant.

841 1078 1002 1133 Vens.
1030 1082 1082 1136 6.
1123 1083 1205 1136 Ea:
1243 1087 1322 1139 Itis
1353 1092 1492 1142 enim
1542 1105 1662 1146 sunt
1704 1098 1794 1164 qui
1821 1078 2095 1166 penetrant
2133 1104 2334 1160 domos.

768 1171 1157 1237 Impudentiam
1223 1192 1412 1232 eorum
1469 1184 1673 1238 indicat
1732 1204 1826 1256 per
1877 1192 1979 1245 hoc
2010 1195 2154 1263 quod
2214 1198 2335 1252 ait:

761 1263 850 1326 qui
897 1277 1209 1331 penetrant;
1241 1286 1451 1326 necnon
1500 1276 1803 1335 honestatis
1846 1285 2172 1354 absentiam,
2206 1291 2338 1344 adu-

761 1353 1018 1408 lationem
1050 1367 1100 1411 et
1137 1359 1454 1430 imposturze
1491 1371 1947 1437 magnitudinem.

831 1459 899 1512 Et
931 1467 1167 1532 captivas
1205 1467 1400 1522 ducunt
1451 1475 1818 1534 mulierculas.
1865 1483 1986 1537 Non
2035 1486 2197 1555 dixit,
2244 1490 2338 1545 de-

756 1553 1045 1621 cipientcs,
1083 1559 1200 1623 sed,
1235 1564 1466 1629 captivas
1509 1567 1776 1634 ducentes,
1819 1581 2078 1645 tanquam
2120 1583 2331 1637 manci-

757 1643 861 1709 piis
892 1654 1106 1702 utentes
1134 1666 1147 1713 ;
1180 1651 1302 1705 talis
1329 1656 1473 1708 enim
1521 1667 1604 1710 est
1642 1661 1734 1727 qui
1773 1643 2060 1733 decipitur.
2092 1667 2332 1726 Observa

757 1743 939 1788 autem
991 1739 1283 1794 mulierum
1320 1759 1443 1798 esse
1485 1750 1683 1818 decipi,
1731 1754 1839 1807 imo
1880 1759 2062 1824 potius
2111 1764 2332 1818 mulier-

753 1826 1020 1880 cularum.
1079 1828 1310 1886 Proinde
1358 1837 1437 1890 vir
1489 1839 1534 1894 si
1595 1840 1648 1893 in
1707 1841 1952 1902 fraudem
2000 1849 2317 1917 inducatur,

753 1917 1071 1973 muliercula
1106 1922 1213 1976 dici
1253 1936 1443 1992 queat.

824 2007 1083 2063 Oneratas
1111 2019 1360 2080 peccatis.
1417 2019 1772 2078 Peccatorum
1834 2032 2046 2098 copiam
2102 2035 2324 2100 indicat,

751 2106 805 2150 et
844 2100 1215 2158 inordinatam
1239 2115 1293 2159 et
1327 2109 1612 2166 confusam
1648 2116 1837 2172 vitam.
1874 2120 2162 2189 Nonenim
2193 2127 2326 2180 sim-

747 2286 1080 2347 accusanda,
1121 2303 1307 2342 verum
1345 2293 1608 2350 habentes
1632 2303 1911 2356 cumulum
1951 2319 2320 2377 peccatorum,

744 2369 1044 2438 decipiunt.
1082 2374 1184 2439 Qui
1222 2381 1366 2432 enim
1395 2384 1602 2441 nullius
1627 2388 1730 2442 sibi
1768 2391 1892 2446 boni
1926 2398 2185 2455 conscius
2216 2410 2321 2469 est,

746 2463 933 2529 pravis
969 2465 1291 2523 doctoribus
1327 2474 1440 2529 cito
1497 2477 1858 2550 obtemperat,
1910 2488 2153 2556 scipsum
2186 2506 2320 2546 con-

744 2553 935 2609 solans
964 2559 1121 2625 quasi
1159 2576 1267 2615 non
1303 2564 1372 2618 sit
1400 2565 1628 2626 daturus
1668 2588 1857 2642 poenas
1893 2592 2116 2650 pr0pter
2155 2598 2318 2653 opera

741 2659 859 2697 sua.

811 2755 943 2820 Qua
989 2760 1152 2813 variis
1193 2763 1466 2821 desideriis
1522 2783 1768 2840 aguntur.
1829 2779 2186 2839 Pecuniarum
2245 2790 2321 2842 vi-

734 2844 932 2901 delicet
974 2891 988 2912 ,
1039 2852 1226 2920 gloria:
1259 2894 1274 2919 ,
1324 2856 1638 2915 deliciarum
1672 2905 1685 2927 ,
1730 2871 1921 2924 mundi
1966 2875 2250 2934 muliebris
2290 2899 2302 2934 :

734 2948 884 2991 notat
953 2951 1134 2996 autem
1209 2956 1263 2999 et
1305 2955 1493 3018 turpes
1551 2956 1899 3022 cupiditates.
1939 2960 2178 3020 Observa
2215 2984 2318 3022 au-

735 3038 840 3080 tem
877 3030 1044 3096 istud,
1077 3045 1327 3103 aguntur,
1368 3049 1624 3110 tanquam
1663 3045 1731 3100 de
1771 3050 1944 3106 brutis
1979 3055 2316 3114 animalibus

732 3119 961 3176 dictum.

803 3212 968 3269 Vatis.
1009 3218 1059 3271 7.
1094 3219 1311 3291 Semper
1350 3228 1630 3294 discentes,
1671 3243 1721 3286 et
1753 3251 2020 3305 nunquam
2043 3241 2113 3292 ad
2142 3244 2310 3296 scien-

729 3305 856 3358 tiam
887 3309 1126 3364 ueritatis
1156 3318 1425 3380 pervenire
1450 3322 1700 3378 ualentes.
1749 3325 1885 3379 Num
1928 3330 2110 3398 itaque
2151 3335 2306 3387 venia

725 3397 905 3466 digna:
955 3405 1126 3457 sunt?
1158 3404 1538 3478 Nequaquam,
1590 3415 1684 3468 sed
1739 3417 1896 3472 venia
1951 3397 2134 3489 potius
2189 3427 2303 3493 pri-

725 3488 935 3543 vandre.
983 3491 1120 3556 Quia
1157 3497 1302 3549 enim
1363 3502 1575 3570 seipsas
1607 3508 1848 3572 peccatis
1883 3513 2305 3570 accumularunt

722 3585 777 3630 et
838 3569 1275 3649 cupiditatibus,
1346 3605 1615 3649 excaecata
1677 3608 1760 3652 est
1832 3600 2050 3656 illarum
2119 3621 2300 3663 mens.

723 3664 904 3733 Quare
934 3673 1081 3740 quod
1110 3689 1218 3729 non
1248 3681 1462 3746 possint
1506 3686 1739 3750 discere,
1786 3705 1892 3744 non
1938 3704 2022 3747 est
2069 3704 2299 3763 naturae,

719 3762 816 3814 sed
859 3762 1128 3818 voluntati
1152 3782 1338 3823 carum
1364 3775 1778 3833 ascribendum.

794 3851 956 3906 Vens.
989 3853 1041 3908 8.
1075 3854 1532 3919 Quemadmodum
1572 3876 1748 3920 autem
1793 3869 1993 3926 Jannes
2039 3885 2088 3929 et
2142 3877 2297 3931 Jam-

719 3940 834 3995 bres
866 3945 1172 3998 restiterunt
1223 3948 1385 4013 Mosi,
1440 3955 1518 4007 ita
1575 3966 1623 4008 et
1678 3958 1732 4010 Ιιὶ
1772 3963 2021 4016 resistunt
2065 3968 2292 4021 veritati.

712 4316 808 4366 per
855 4305 1127 4369 majorum
1193 4314 1514 4367 memoriam
1566 4327 1621 4372 et
1663 4328 2284 4385 commemorationem:

711 4391 791 4443 vel
823 4406 920 4460 per
953 4393 1219 4463 Spiritum
1244 4407 1832 4468 sanctunrverisimile
1859 4422 1942 4469 est
1965 4431 2029 4471 ea
2064 4420 2285 4477 novisse

707 4482 954 4540 Paulum.

779 4573 1032 4630 Homines
1081 4591 1252 4633 mente
1319 4589 1577 4652 corrupti,
1614 4589 1843 4660 'reprobi
1904 4600 2046 4652 circa
2101 4604 2281 4670 ﬁdem.

707 4663 940 4728 Quando
974 4681 1208 4725 mentem
1248 4675 1518 4746 quispiam
1556 4686 2062 4750 perturbationibus
2088 4709 2285 4749 corru-

708 4755 868 4822 perit,
932 4765 1046 4812 tum
1105 4765 1366 4831 reprobus
1419 4769 1653 4826 efficitur
1690 4776 1834 4832 circa
1895 4780 2074 4837 (idem.
2128 4784 2279 4839 Dixit

701 4847 837 4899 enim
868 4847 1136 4916 insipiens,
1171 4851 1294 4907 Non
1318 4867 1392 4908 est
1418 4858 1559 4914 Deus
1582 4863 1649 4919 ".
1684 4865 1882 4923 Unde?
1910 4871 2047 4936 Quia
2086 4890 2278 4931 corru-

703 4938 777 5003 pti
815 4949 942 4992 sunt
974 4950 1028 4995 et
1055 4947 1394 5004 execrabiles
1440 4952 1566 5007 facti
1615 4965 1740 5010 sunt
1771 4959 1826 5013 in
1868 4961 2269 5032 iniquitatibus.

700 5028 1020 5100 incorrupta
1062 5033 1227 5102 igitur
1259 5054 1415 5096 mens
1468 5044 1625 5099 ﬁdem
1676 5048 1932 5106 admittit.
1962 5028 2097 5111 'Est
2139 5073 2269 5129 ergo

701 5118 948 5173 navanda
1020 5124 1180 5180 nobis
1241 5142 1446 5197 opera,
1512 5151 1578 5190 ne
1643 5142 1827 5207 pravis
1884 5144 2269 5208 aﬂect‘ionibus

2322 4473 2376 4534 Ι)

2450 559 2639 642 ὦσπυερ
2677 566 2773 618 καὶ
2817 570 3105 639 ἐπιφέρει·
3171 574 3270 628 Ἐκ
3305 580 3530 633 τούτων
3563 559 3725 637 εἰσ-ιν
3753 592 3806 640 ot
3835 559 4024 644 ’ἐνδύ-

2449 667 2654 718 νοντες
2685 657 2774 721 εἰς
2809 657 2923 723 τὰς
2956 662 3167 728 οἰκίας.
3196 664 3266 716 Ἢ
3300 667 3382 719 ὄτι
3429 670 3659 740 ὑστέρας
3687 676 3900 746 ἡμέρας
3930 684 4026 743 τὰς

2447 746 2609 809 εὐθὺς
2645 747 2787 815 μετά
2812 752 2909 817 τὴν
2947 753 3114 806 αὑτοῦ
3146 755 3402 827 τελευτὴν
3428 761 3456 811 6
3506 763 3721 824 Παῦλος
3764 767 3937 834 λέγει,
3969 773 4025 821 ἐν

2445 834 2532 901 αἷς
2586 845 2857 911 περιεῖναι
2897 845 2978 898 ἔτι
3011 848 3039 900 6
3093 850 3351 918 Τιμόθεος
3413 852 3679 922 ἔμελλεν·
3739 861 3794 928 ἢ,
3845 860 3877 912 6
3934 863 4026 914 καὶ

2442 930 2802 1004 ἀληθέστερον
2834 936 2862 987 6
2897 939 3070 1006 μέγας
3105 941 3360 1014 Ἰωάννης
3396 945 3691 1018 ἐπικρίνει,
3726 950 3814 1002 διὰ
3845 953 4027 1022 τιμο-

2443 1022 2567 1075 θέου
2600 1028 2734 1080 πᾶσι
2765 1034 3024 1100 παραινεί
3055 1035 3415 1104 ἐκτρέπεσθαι
3446 1042 3572 1104 τοὺς
3603 1046 3907 1109 τοιούτους.

2526 1117 2626 1170 Ἐκ
2650 1123 2880 1175 τούτων
2909 1124 3019 1192 γάρ
3042 1129 3200 1180 εἰσιν
3227 1132 3280 1182 οἱ
3300 1131 3661 1202 ἐνδύνοντες
3694 1140 3780 1203 εις
3807 1140 3915 1203 τὰς
3953 1145 4024 1194 ci-

2442 1209 2596 1273 κιάς,
2647 1213 2719 1263 Τὸ
2767 1215 3117 1284 ἀναίσχυντον
3153 1221 3331 1273 αὐτῶν
3369 1223 3456 1276 διὰ
3485 1226 3600 1286 τοῦ,
3630 1229 4020 1297 ἐνδυνόντες,

2437 1299 2623 1366 δηλοῖ,
2675 1303 2764 1353 καὶ
2815 1305 2874 1356 τὸ
2937 1307 3322 1378 ἀνελεύθερον,
3394 1315 3488 1368 καὶ
3542 1317 3871 1385 κολακικὸν,
3927 1327 4021 1375 καὶ

2437 1390 2653 1461 ἀπάτης
2692 1394 2885 1464 γέμον.

2507 1505 2618 1558 Καὶ
2672 1508 3202 1578 αἰχμαλωτίζοντες
3251 1519 3623 1586 γυναικάρια.
3660 1521 3774 1574 Οὐκ
3825 1519 4013 1590 εἶπεν,

2435 1593 2794 1660 ἀπατῶντες,
2855 1598 2998 1664 ἀλλ’,
3049 1604 3618 1672 αἰχμαλωτίζοντες,
3674 1611 3750 1673 ὡς
3802 1614 4016 1680 δούλοις

2435 1682 2738 1753 χρώμενοι·
2771 1687 3011 1751 τοιοῦτος
3047 1691 3156 1757 γὰρ
3196 1694 3224 1743 ὁ
3252 1695 3633 1764 ἀπατώμενος.
3664 1700 3803 1769 Ὀρα
3833 1702 3892 1755 δὲ
3928 1705 4014 1755 ὃτι

2433 1779 2708 1841 γυναικῶν
2762 1780 2823 1832 τὸ
2879 1784 3216 1848 ἀπατᾶσθαι,
3274 1788 3475 1855 μᾶλλον
3516 1790 3572 1842 δὲ
3610 1795 4009 1866 γυναικαρίων.

2433 1867 2595 1920 Ὥστε
2655 1872 2747 1923 καὶ
2784 1873 2813 1923 6
2867 1874 3005 1943 ἀνὴρ
3046 1875 3404 1946 ἀπατώμενος
3477 1883 3830 1954 γυναικίριον
3907 1887 4002 1938 λε-

2431 1955 2608 2026 χθεξη.

2502 2051 2924 2120 Σεσ‹·.ιρευμένα
2959 2057 3289 2124 ἁμαρτίαις.
3340 2061 3412 2111 Τὸ
3445 2063 3647 2130 πλῆθος
3680 2065 3786 2118 τῶν
3821 2067 4010 2137 ἀμαρ-

2426 2327 2874 2395 κατηγορητέον),
2911 2329 3046 2380 ἀλλὰ
3073 2332 3170 2393 τὰς
3202 2333 3429 2400 ἐχούσας
3467 2337 3642 2404 σωρὸν
3669 2339 4004 2408 ἁμαρτημά-

2424 2431 2553 2470 των.
2594 2416 2654 2468 '0
2705 2417 2813 2487 γὰρ
2866 2419 3033 2487 μηδὲν
3086 2421 3263 2490 ἐαυτῷ
3298 2425 3553 2486 συνειδὼς
3601 2427 3827 2493 ἀγαθὸν,
3884 2434 4007 2492 τοῖς

2425 2509 2681 2573 πονηροῖς
2715 2507 3105 2575 ὃογματισταῖς
3170 2513 3375 2581 ταχέως
3399 2517 3441 2546 ³ο
3485 2518 3754 2582 πείθεται,
3802 2521 4006 2573 ἑαυτὸν

2423 2595 2957 2665 παραμυθούμενος,
3015 2599 3090 2662 ὡς
3155 2601 3230 2672 μὴ
3280 2602 3439 2672 δίκην
3498 2605 3685 2659 δώσων
3743 2608 3837 2660 ἐπὶ
3884 2612 4004 2671 τοῖς

2421 2681 2623 2751 ἔργοις.

2505 2791 2795 2860 Ἀγόμενα
2829 2793 3165 2863 ἐπιθυμίαις
3200 2800 3521 2865 ποικίλαις.
3552 2802 3830 2866 τουτέστι,
3856 2821 4000 2874 χρη-

2423 2882 2632 2949 μάτων,
2668 2883 2848 2954 δόξης,
2872 2885 3106 2953 τρυφῆς,
3143 2889 3534 2961 καλλωπισμοῦ
3563 2910 3576 2922 ·
3607 2894 3905 2948 αἰνίττεται
3935 2898 3998 2950 δὲ

2421 2966 2515 3018 καὶ
2553 2970 2784 3037 αἰσχρὰς
2814 2971 3127 3040 ἐπιθυμίας.
3171 2975 3311 3044 Ὅρα
3355 2977 3410 3030 δὲ
3468 2981 3561 3032 καὶ
3585 2982 3663 3046 τὸ,
3703 2981 3997 3053 ἀγόμενα,

2417 3055 2491 3118 ὡς
2533 3057 2626 3108 ἐπὶ
2659 3058 2890 3126 ἀλόγων.

2482 3240 2740 3296 Πάντοτε
2771 3246 3158 3312 μανθάνοντα
3184 3288 3198 3308 .
3237 3252 3335 3303 καὶ
3374 3255 3677 3320 μηδέποτε
3723 3260 3810 3324 εις
3857 3259 3993 3313 ἐπί-

2410 3348 2638 3400 γνωσιν
2695 3337 2983 3404 ἀληθείας
3038 3342 3241 3396 ἐλθεῖν
3306 3344 3629 3414 δυνάμενα.
3689 3346 3835 3419 Ἀρα
3890 3349 3993 3405 οὖν

2409 3423 2737 3495 συγγνώμης
2772 3429 2909 3480 εἰσὶν
2937 3430 3120 3497 ἄξιαι;
3161 3433 3448 3504 Οὐδαμῶς,
3488 3438 3622 3492 ἀλλὰ
3655 3442 3746 3492 καὶ
3781 3443 3992 3510 μᾶλλον

2406 3514 2801 3582 ἀσύγγνωστοι.
2845 3520 3063 3590 Ἐπειδὴ
3099 3524 3206 3591 γὰρ
3257 3525 3456 3589 ἑαυτὰς
3504 3530 3826 3598 κατέχωσαν
3858 3537 3990 3598 ταῖς

2405 3606 2700 3675 ἁμαρτίαις
2750 3609 2847 3660 καὶ
2886 3612 3008 3674 ταῖς
3059 3614 3400 3684 ἐπιθυμίαις,
3433 3619 3704 3690 ἐπωρώθη
3737 3623 3918 3676 αὐτῶν
3957 3630 3992 3680 6

2403 3697 2717 3760 νοῦς.”οστε
2742 3701 2802 3753 τὸ
2835 3703 2911 3771 μὴ
2941 3702 3198 3758 δύνασθαι
3240 3707 3454 3776 μαθεῖν,
3474 3710 3536 3762 οὐ
3566 3714 3814 3779 φυσικλιν,
3837 3714 3985 3770 ἀλλὰ

2401 3790 2788 3857 προαιρετικὸν
2815 3794 3025 3855 αὐταῖς.

2475 3880 2574 3930 Ὃν
2601 3880 2826 3946 τρόπον
2852 3881 2920 3935 δὲ
2963 3885 3198 3952 Ἰαννῆς
3233 3889 3331 3940 καὶ
3373 3890 3650 3959 Ἰαμϐρῆς
3679 3894 3945 3964 ἀντέστη
3965 3929 3981 3938 ς

2396 3982 2517 4020 σαν
2539 3972 2762 4034 Μωσεῖ,
2786 3973 2940 4026 οὕτω
2971 3976 3068 4027 καὶ
3099 3973 3262 4032 οὗτοι
3286 3980 3680 4038 ἀνθίστανται
3715 3988 3790 4054 τῇ
3820 3991 3979 4058 ἀλη-

2396 4059 2543 4124 θείᾳ.
2576 4060 2639 4112 ΟΞ
2662 4061 2824 4130 μάγοι
2846 4057 2986 4133 ἦσαν
3007 4059 3178 4129 οὗτοι,
3207 4069 3258 4120 οἱ
3285 4071 3379 4123 ἐπὶ
3411 4073 3676 4137 Μωσέως.
3709 4079 3882 4132 Πόθεν
3911 4057 3979 4136 δὲ

2395 4147 2464 4201 τά
2485 4149 2722 4220 ὀνόματα
2770 4153 2950 4207 αὐτῶν
2978 4157 3094 4226 ᾔδει
3146 4161 3174 4211 6
3217 4161 3431 4225 Παῦλος
3455 4203 3470 4228 ,
3503 4167 3601 4234 τῆς
3630 4169 3854 4240 Γραφῆς
3891 4176 3974 4244 μὴ

2395 4239 2659 4311 λεγούσης
2685 4242 2889 4311 ταῦτα;
2936 4246 3009 4298 ’Ἡ
3048 4248 3313 4318 ἀγράφως
3341 4256 3703 4324 παραδέδοται
3723 4261 3788 4323 “,
3812 4239 3855 4332 γῆ

2395 4333 2712 4402 Πνεύματος
2743 4337 2900 4404 ἀγίου
2929 4339 3077 4404 εἰκὸς
3106 4337 3175 4411 ἦν
3198 4343 3394 4400 ειδέναι
3426 4347 3516 4402 τὸν
3547 4351 3782 4407 Παῦλον.

2470 4613 2799 4678 Ἀνθρωποι
2838 4616 3300 4684 κατεφθαρμένοι
3335 4620 3442 4670 τὸν
3485 4622 3655 4685 νοῦν,
3691 4623 3974 4695 ἀδόκιμοι

2391 4705 2521 4772 περὶ
2548 4703 2662 4770 τὴν
2687 4707 2916 4759 πίστιν.
2955 4707 3123 4761 Ὅταν
3153 4727 3236 4772 τις
3267 4712 3359 4763 τὸν
3393 4711 3519 4766 νοῦν
3545 4713 3727 4785 φθαρῇ
3757 4717 3814 4767 ὲν
3843 4722 3971 4783 τοῖς

2388 4793 2604 4856 πάθεσι,
2629 4793 2748 4846 τότε
2771 4794 3031 4863 ἀδόκιμος
3060 4800 3190 4867 περὶ
3215 4799 3315 4868 τὴν
3349 4801 3531 4854 πίστιν
3553 4804 3783 4869 γίνεται.
3810 4803 3969 4862 Εἷπε

2383 4885 2490 4955 γὰρ
2515 4886 2719 4954 ἄφρων
2736 4903 2751 4918 ο
2772 4888 2894 4940 Οὐκ
2925 4889 3056 4942 ἔστι
3083 4892 3243 4955 Θεός.
3270 4892 3437 4946 Πόθεν
3461 4897 3638 4959 ;Διότι
3664 4898 3966 4972 διεφθάρη-

2381 4993 2497 5039 σαν,
2529 4978 2623 5029 καὶ
2656 4977 3052 5048 ἐϐδελύχόησαν
3075 4982 3131 5032 ὲν
3161 4983 3432 5051 ἀνομίαις.
3463 4987 3605 5053 Ἀρα
3635 4987 3662 5037 6
3688 4987 3960 5056 ἀδιάφθο-

2380 5083 2471 5136 ρος
2509 5067 2632 5130 νοῦς
2661 5070 2759 5139 τὴν
2799 5069 2979 5123 πίστιν
3021 5074 3403 5142 παραδέχεται.
3447 5077 3784 5147 Προσεκτέον
3829 5078 3957 5148 οὖν,

2379 5155 2452 5225 μὴ
2508 5157 2894 5228 διαφθαρῶμεν
2948 5162 3059 5222 τοῖς
3108 5162 3328 5230 πάθεσι,
3361 5165 3457 5219 καὶ
3500 5167 3636 5240 εὕρῃ
3675 5171 3860 5240 χώραν
3891 5173 3958 5226 ὲν

697 5221 1135 5279 corrumpamur,
1201 5226 1255 5271 et
1312 5221 1490 5277 locum
1548 5229 1690 5297 apud
1727 5247 1832 5288 nos
1863 5235 2105 5294 inveniat
2147 5241 2265 5299 ﬁdei

2415 5221 2504 5309 μίίν
2543 5245 2574 5310 ὴ
2612 5221 2728 5312 τῆς.
2749 5221 2981 5310 πίστεως
3009 5247 3278 5318 κιϐδηλία.

699 5299 1043 5359 adulteratio.

770 5471 815 5503 “
847 5474 989 5531 Psal.
1027 5495 1145 5545 xnl,
1173 5482 1222 5536 l.

2021 5616 2213 5678 γει-ιω
2245 5619 2574 5685 lectiones.

765 5713 809 5746 ιο
839 5716 1033 5786 ῥᾳδίως
1053 5731 1104 5774 ο,
1183 5723 1272 5795 ³ιῆ
1313 5724 1379 5779 δι’
1407 5727 1652 5800 ἀγράφου
1683 5738 2024 5807 παραδόσεως
2055 5758 2127 5796 ιιι.
