4150 6440
802 423 905 486 135

1618 423 1714 481 'I’Il
1729 423 1919 480 EOPll
1934 424 2185 481 Yl.t\CTl
2238 426 2481 482 ilUiliA
2496 426 2642 482 llLE
2681 426 2878 485 AllCll
2896 428 3032 487 [ΕΡ.

3944 431 4041 491 136

795 528 1143 584 consentiant
1174 524 1480 593 suppliciis,
1507 526 1609 580 hoc
1629 542 1657 579 a
1686 526 1810 580 divo
1834 527 2002 579 l‘aulo
2027 527 2229 579 dictum
2254 535 2334 579 est

2482 529 2590 597 Οὐχ
2623 528 2696 591 ὠς
2722 529 2835 583 τῶν
2863 532 3032 598 ἁγίων
3077 532 3133 584 δὲ
3162 534 3281 593 ταῖς
3305 532 3598 601 τιμωρίαις
3627 532 4041 605 ἐπιτρεχὸντων,

794 637 986 674 verum
1019 616 1163 686 quod
1200 616 1351 668 verbi
1386 616 1702 685 praedicatio
1739 630 1930 670 eorum
1964 618 2055 687 qui
2083 618 2182 686 ipsi
2212 626 2368 670 erant

791 709 1185 781 impedimento
1238 709 1589 776 repressione
1654 722 1794 775 opus
1848 708 2058 774 habuit,
2115 719 2169 762 ct
2221 707 2365 777 quod

792 800 1179 856 imbecilliores
1203 800 1365 853 etiam
1393 799 1520 853 hinc
1542 801 1783 854 maxime
1821 800 2258 855 consolarentur.

860 982 1027 1037 Vens.
1070 982 1153 1036 l5.
1199 980 1363 1044 Quem
1394 989 1443 1034 et
1477 991 1531 1034 tu
1557 982 1751 1036 devita.
1777 982 1895 1036 Non
1921 983 2059 1036 dixit
2100 1002 2113 1037 :
2148 983 2366 1053 Suppli-

792 1076 882 1130 cio
917 1074 1090 1135 atlice,
1123 1081 1218 1125 aut
1252 1070 1380 1140 puni
1444 1071 1683 1143 (etiamsi
1730 1072 1929 1126 licebat
1990 1088 2087 1143 per
2135 1074 2364 1143 gratiam

788 1166 1027 1236 Spiritus
1057 1168 1169 1217 IIIBC
1210 1162 1443 1233 facere),
1481 1164 1577 1218 sed
1607 1165 1867 1229 devitarc,
1901 1164 2005 1219 hoc
2067 1173 2172 1227 est,
2199 1164 2367 1219 decli-

787 1273 924 1311 nare
963 1266 1014 1310 et
1044 1256 1300 1311 secedere
1330 1257 1397 1311 ab
1426 1273 1492 1312 eo
1516 1258 1691 1326 jubet,
1731 1271 1795 1310 ac
1824 1257 1933 1310 Deo
1955 1256 2251 1319 vindictam
2282 1273 2367 1311 re-

788 1349 1056 1416 linquere.

872 1437 1038 1493 Valde
1083 1455 1305 1507 namque
1358 1439 1550 1491 restitit
1587 1455 1755 1492 vernis
1808 1440 2027 1493 nostris.
2094 1439 2208 1496 Hoc
2258 1451 2361 1507 cst,

785 1539 994 1599 pugnat
1018 1530 1305 1584 adversum
1340 1544 1448 1591 me,
1502 1538 1666 1600 atque
1710 1529 1985 1600 Evangelii
2043 1533 2223 1588 verbis
2265 1533 2365 1587 ad-

782 1630 957 1675 VCI‘SM
970 1637 1052 1673 lll'.

853 1709 1020 1764 Vens.
1047 1711 1132 1765 16.
1166 1709 1229 1763 In
1253 1712 1426 1779 prima
1456 1729 1572 1765 mea
1603 1714 2071 1782 defensionenemo
2112 1718 2243 1771 milii
2267 1718 2365 1770 ad-

785 1802 909 1870 fuit,
952 1804 1041 1857 sed
1092 1821 1268 1857 omnes
1304 1821 1384 1858 me
1453 1805 1863 1874 dereliquerunt.
1930 1808 2169 1862 Rursum
2224 1808 2362 1861 alias

788 1894 1125 1947 tcntationes
1148 1906 1392 1959 enarrat,
1423 1912 1534 1963 quo
1565 1899 1739 1965 magis
1769 1898 2098 1967 discipulum
2141 1900 2206 1953 ad
2239 1915 2359 1954 cer-

786 1997 968 2038 tamen
995 1985 1213 2038 excitet.
1253 1984 1492 2038 Primam
1526 1996 1707 2040 autent
1746 1988 2117 2045 defensionem
2148 1992 2361 2061 quaiem

784 2076 921 2129 dicit
952 2076 975 2129 ?
1011 2075 1321 2130 Siste-batur
1352 2078 1587 2147 primum
1617 2076 1845 2145 Neroni,
1883 2090 1938 2136 et
1990 2081 2176 2153 cﬂugit
2218 2098 2363 2137 mor-

784 2176 918 2231 tem,
954 2168 1090 2222 adeo
1120 2176 1179 2221 ut
1202 2169 1269 2221 ab
1308 2185 1373 2222 eo
1416 2171 1580 2223 etiam
1616 2178 1859 2241 tempore
1882 2175 2206 2243 prmilicarct
2239 2192 2363 2231 ver-

782 2260 933 2311 bum.
974 2258 1271 2329 Postquam
1298 2276 1426 2314 vero
1451 2263 1772 2331 pinceruam
1820 2265 1941 2333 ejus
1975 2267 2028 2319 in
2074 2267 2178 2320 ﬁde
2206 2268 2363 2322 insti-

784 2349 1011 2410 tuisset,
1043 2352 1259 2404 insania
1290 2362 1603 2408 exaestuans
1633 2354 1778 2409 Nero
1806 2357 2159 2412 obtruncavit
2214 2375 2359 2418 eum,

778 2438 1080 2495 Tristitiam
1106 2451 1285 2496 autem
1313 2443 1517 2503 indicat
1562 2447 1707 2514 quod
1741 2450 1817 2501 ait
1863 2465 1876 2501 :
1912 2449 2104 2504 Omnes
2148 2468 2229 2504 me
2276 2454 2365 2505 de-

779 2532 1148 2600 retiquerunt:
1180 2533 1406 2601 perinde
1434 2536 1782 2603 quasidicat,
1818 2537 2113 2593 Dotuestici
2146 2543 2245 2595 mei
2278 2557 2363 2597 me

782 2622 1168 2691 prodiderunt,
1192 2626 1455 2694 omnique
1480 2629 1859 2683 tonsolationc
1894 2630 2191 2687 destitutus
2215 2650 2358 2689 sum.

688 2718 697 2724 ‘
776 2711 1043 2776 Quocirca
1074 2723 1128 2767 et
1159 2722 1217 2767 tu
1249 2716 1299 2768 in
1334 2716 1591 2785 periculis
1613 2719 1908 2774 destitutus
1935 2737 2020 2776 mc
2054 2724 2358 2793 exemplum

782 2801 884 2856 tibi
917 2818 1071 2858 sume
1104 2804 1170 2857 ad
1203 2807 1662 2862 consolationem.

849 2894 973 2949 Non
1028 2897 1317 2964 imputetur
1393 2899 1545 2965 ipsis.
1628 2900 2036 2957 Animadvertis
2089 2906 2361 2972 quomodo

776 2995 972 3055 parcat
1005 2989 1170 3043 suis?
1196 2989 1359 3057 Atqui
1413 3006 1525 3044 rem
1562 3006 1778 3059 gravem
1820 2992 2157 3048 admiserant
2205 2996 2362 3050 fami-

776 3076 943 3133 liares
969 3090 1133 3148 atque
1159 3080 1446 3134 domestici
1473 3080 1521 3149 ej
1534 3097 1618 3145 us,
1648 3082 1896 3151 adeoque
1952 3096 2360 3156 cooperatores,

774 3181 899 3219 cum
930 3167 1289 3223 deseruerunt
1317 3184 1462 3222 eum.
1506 3169 1623 3224 Non
1660 3173 1805 3225 enim
1862 3176 2073 3242 aequale
2098 3178 2352 3242 habetur,
2384 3200 2428 3259 ε

775 3256 844 3309 ab
875 3260 1121 3312 externis
1173 3262 1447 3314 contemni
1485 3268 1537 3315 ct
1592 3262 1661 3315 ab
1696 3265 1908 3319 amicis.
1942 3268 2193 3320 Attamen
2238 3285 2352 3336 pre-

772 3354 938 3400 catur
964 3362 1032 3401 ne
1070 3349 1216 3402 istud
1248 3352 1552 3417 imputetur
1575 3353 1677 3413 eis,
1711 3355 1855 3421 apud
1882 3354 2047 3409 Deum
2080 3357 2350 3422 videlicet,

773 3452 896 3514 cum
929 3437 1063 3491 alias
1089 3456 1372 3508 pecca.um
1402 3443 1472 3495 sit
1502 3444 1716 3513 ingens,
1742 3459 1804 3498 ac
1834 3446 2056 3514 dignum
2084 3450 2227 3517 quod
2249 3449 2351 3503 im-

778 3536 1022 3598 potetur.

846 3616 1009 3672 Vens.
1051 3620 1138 3673 Π.
1178 3620 1438 3677 Dominus
1468 3636 1643 3678 autem
1682 3628 1813 3680 mihi
1838 3631 2033 3683 astitit.
2072 3630 2353 3702 Discipulo

686 3698 696 3710 ⁸
774 3705 921 3760 istud
965 3723 1159 3764 rursus
1183 3720 1267 3765 est
1293 3714 1490 3769 solatio
1519 3732 1532 3767 :
1564 3716 1805 3771 ostendit
1834 3719 1979 3772 enitn
2023 3724 2165 3791 quod
2212 3725 2351 3779 Deus

774 3810 883 3847 non
914 3799 1057 3851 sinat
1087 3814 1209 3852 eum
1243 3803 1430 3869 gravia
1490 3806 1734 3875 pericula
1796 3812 2092 3878 sustinere,
2141 3815 2233 3882 qui
2285 3815 2352 3869 ab

770 3887 1085 3943 hominibus
1103 3890 1526 3962 derelinquitur.

841 3973 907 4027 Et
930 3978 1249 4047 confortaeit
1282 3999 1381 4036 me.
1426 3984 1541 4038 Hoc
1566 3994 1671 4053 est,
1720 3989 1973 4045 ﬁduciam
2047 3994 2217 4059 dedit,
2252 4012 2350 4050 nec

774 4069 1030 4132 permisit
1058 4086 1142 4124 me
1166 4076 1549 4131 succumbere.

834 4158 1003 4227 618
1042 4160 1107 4212 Ut
1133 4178 1223 4228 per
1251 4181 1331 4218 nte
1354 4168 1673 4233 pra‘dicatio
1728 4171 2033 4239 impleatur.
2102 4176 2346 4233 Observa

766 4252 1037 4311 ingentem
1069 4252 1191 4321 ejus
1228 4257 1618 4317 ittllltiiilalem.
1650 4259 1767 4315 Non
1799 4266 1944 4319 enim
1970 4270 2115 4335 qqu
2151 4271 2349 4338 dignus

764 4338 866 4389 sim
959 4340 1100 4407 ejus
1147 4343 1314 4408 dono,
1405 4350 1739 4406 confortavit
1832 4373 1938 4423 mc,
1996 4360 2195 4429 inquit,
2253 4366 2345 4419 sed

763 4436 820 4479 ιι
850 4429 1163 4495 ρηεάίεαιὶο
1197 4451 1289 4502 ρει·
1315 4454 1393 4490 me
1414 4440 1719 4508 impleatur,
1744 4446 1845 4500 ltoc
1871 4458 1974 4513 est,
2008 4454 2340 4521 stuliiliatur,

2471 621 2629 672 τοῦτο
2660 623 2878 689 εἴρηται
2904 624 3052 691 παρὰ
3104 624 3200 676 τοῦ
3254 627 3493 692 Παύλου,
3515 628 3629 680 ἀλλ’
3655 629 3730 691 ὡς
3754 629 3849 681 τοῦ
3872 634 4047 700 κηρύ-

2471 728 2679 780 γματος
2700 714 2958 782 δεομένου
2977 717 3076 785 τῆς
3104 716 3212 769 τῶν
3245 718 3648 785 ἐμποδιζόντων
3674 721 3823 789 αὐτῷ
3855 740 4045 777 συστο·

2470 803 2587 870 λῆς,
2614 803 2749 857 ἀλλὰ
2776 807 2997 859 καὶτῶν
3025 807 3428 879 ἀσθενεστέρων
3459 811 3523 863 ἐκ
3556 811 3751 865 τούτου
3782 830 4045 885 παραμυ-

2470 894 2745 964 θουμένων
2780 896 2849 949 τὰ
2897 898 3146 966 μέγιστα.

2547 988 2654 1038 Ὃν
2684 988 2885 1041 καὶσὺ
2912 990 3264 1057 φυλάσσου.
3307 993 3424 1046 Οὐκ
3484 990 3630 1059 εἶπε,
3689 997 4042 1066 Τιμώρησον,

2469 1075 2696 1128 κόλασον
2751 1078 3016 1147 (καίτοιγε
3069 1081 3194 1150 ἐνῆν
3237 1082 3326 1135 διὰ
3367 1084 3467 1152 τῆς
3499 1086 3717 1156 χάριτος
3745 1087 3839 1139 τοῦ
3871 1088 4045 1140 Πνεῦ-

2472 1185 2640 1237 ματος
2668 1170 2840 1223 ταῦτα
2874 1170 3260 1242 ἐργάσασθαι),
3291 1173 3424 1226 ἀλλὰ
3459 1175 3852 1242 φυλάσσεσθαι,
3890 1197 4043 1231 τουτ-

2470 1261 2618 1315 έστιν
2684 1263 2975 1325 ἐκκλίνειν,
3031 1265 3335 1335 ἀναχωρεῖν
3379 1267 3474 1320 ἀπ’
3499 1268 3665 1322 αὐτοῦ
3696 1273 3933 1336 κελεύει,
3966 1273 4045 1340 τῷ

2467 1351 2584 1421 Θεῷ
2616 1351 3052 1421 παραχωροῦντα
3084 1353 3186 1422 τῆς
3207 1357 3502 1423 τιμωρίας.

2538 1445 2687 1496 Mar
2736 1443 2845 1512 γὰρ
2886 1444 3223 1511 ἀνθέστηκε
3277 1446 3403 1512 τοῖς
3456 1450 3759 1519 ἡμετέροις
3814 1453 4043 1520 λόγοις.

2466 1533 2749 1599 Τουτέστι,
2784 1537 3012 1605 πολεμεῖ
3041 1538 3131 1590 καὶ
3158 1537 3495 1607 ἐναντιοῦται
3524 1545 3634 1606 τοῖς
3668 1543 3764 1596 τοῦ
3790 1545 4043 1612 Εὑαγγε-

2464 1625 2577 1677 λίου
2616 1626 2660 1656 ⁸⁸
2685 1626 2884 1693 λόγοις.

2549 1716 2652 1770 Ἐν
2672 1715 2746 1784 τῇ
2770 1718 2965 1787 πρώτῃ
3011 1738 3130 1788 μου
3181 1721 3478 1791 ἀπολογίᾳ
3533 1723 3732 1789 οὐδείς
3753 1741 3852 1791 μοι
3895 1743 4049 1793 συμ-

2465 1806 2841 1875 παρεγένετο,
2878 1809 3039 1863 ἀλλὰ
3065 1811 3289 1877 πάντες
3312 1830 3390 1881 με
3414 1815 3829 1882 ἐγκατέλιπον.
3874 1818 4050 1871 Πάλιν

2465 1894 2684 1965 ἐτέρους
2729 1900 3066 1967 πειρασμοὺς
3092 1900 3382 1969 διηγεῖται,
3411 1904 3497 1955 ῖνα
3535 1905 3735 1973 μᾶλλον
3768 1906 3968 1976 ἀλείψῃ
4001 1908 4048 1939 ⁸⁷

2466 1985 2559 2039 τὸν
2592 1987 2859 2060 μαθητήν.
2898 1990 3129 2062 Πρώτην
3189 1992 3245 2045 δὲ
3295 1994 3592 2063 ἀπολογίαν
3641 1998 3803 2050 ποίαν
3854 1999 4049 2066 λέγεις

2469 2076 2721 2147 Παρέστη
2751 2080 3015 2150 πρότερον
3043 2081 3121 2151 τῷ
3168 2082 3405 2153 Νέρωνι,
3442 2086 3538 2138 καὶ
3574 2087 3797 2155 διέφυγε
3828 2089 3924 2141 τὸν
3952 2089 4052 2143 θά-

2466 2186 2646 2232 νατον,
2676 2170 2817 2224 ὥστε
2846 2175 2941 2226 καὶ
2969 2174 3269 2244 κηρύσσειν
3295 2176 3485 2229 ἔκτοτε
3506 2193 3519 2207 ·
3552 2179 3673 2231 ἐπεὶ
3702 2180 3760 2233 δὲ
3784 2181 3877 2235 τὸν
3906 2185 4051 2235 eivo-

2466 2262 2587 2331 χέον
2615 2262 2780 2315 αὐτοῦ
2809 2266 3116 2334 κατήχησε,
3139 2268 3258 2319 τότε
3286 2267 3595 2336 ὑπερζέσας
3617 2271 3809 2341 Νέρων
3834 2275 3901 2343 τῇ
3942 2292 4053 2340 μα-

2465 2351 2588 2419 νίᾳ,
2628 2351 2903 2421 ἀπέτεμεν
2967 2354 3154 2409 αὐτόν.
3219 2356 3482 2427 Ἀθυμίαν
3525 2358 3581 2411 δὲ
3640 2361 3897 2429 ἐμφαίνει
3960 2363 4055 2427 τὸ,

2465 2442 2697 2511 Πάντες
2732 2462 2808 2514 με
2860 2445 3253 2514 ἐγκατέλιπον
3272 2465 3286 2479 ·
3313 2450 3514 2503 ὡσανεὶ
3558 2450 3712 2520 ἔλεγε
3729 2469 3743 2483 ·
3770 2453 3881 2506 Καὶ
3904 2454 3954 2505 οἰ
3977 2458 4055 2506 οξ.

2466 2536 2601 2588 κεῖοί
2646 2554 2736 2605 μοι
2773 2539 3109 2607 προέδωκαν,
3150 2541 3248 2593 καὶ⁵
3299 2542 3482 2611 πάσης
3526 2544 3829 2614 ἐστερήθην
3862 2564 4053 2615 παρα-

2469 2627 2687 2695 μυθίας.
2716 2629 2879 2683 Ὥστε
2934 2632 3029 2683 καὶ⁵
3084 2633 3151 2685 σὺ
3185 2635 3244 2686 ἐν
3288 2633 3483 2696 δεινοῖς
3528 2636 3913 2706 καταλειφθεὶς
3955 2639 4053 2709 ἔχε

2467 2719 2821 2787 παραμυθίαν
2839 2722 2907 2774 τὰ
2932 2724 3054 2774 κατ’
3085 2724 3206 2793 ἐμέ.

2536 2903 2630 2971 Μὴ
2663 2904 2865 2971 αὐτοῖς
2914 2908 3245 2976 λογισθείη.
3291 2908 3455 2979 Ὁρᾷς
3504 2913 3622 2977 πῶς
3664 2915 3906 2981 φείδεται
3938 2918 4053 2972 τῶν

2466 2997 2717 3061 olxslmv;
2753 2999 2930 3051 καίτοι
2967 3000 3127 3069 ἔργον
3168 3002 3497 3073 εἰργάσαντο
3537 3006 3710 3059 δεινὸν
3751 3009 3800 3060 οἱ
3853 3012 4055 3063 οἰκεῖοι

2465 3088 2514 3138 oi
2561 3090 2830 3155 συνεργοὶ,
2879 3090 3343 3159 ἐγκαταλιπόντες
3387 3097 3567 3151 αὐτόν.
3622 3099 3695 3151 Οὐ
3745 3102 3853 3171 γάρ
3892 3104 4056 3157 ἐστιν

2464 3172 2579 3231 ἴσον
2628 3180 2775 3249 παρὰ
2803 3181 2912 3232 τῶν
2980 3181 3180 3245 ἔξωθεν
3226 3187 3727 3258 καταφρονηθῆναι,
3763 3193 3855 3243 καὶ
3889 3195 4059 3262 παρὰ

2458 3269 2568 3321 τῶν
2595 3270 2831 3324 οἰκείων.
2876 3272 3017 3323 Ἀλλ’
3052 3274 3200 3342 ὅμως
3225 3276 3440 3345 εὔχεται
3476 3280 3549 3347 μὴ
3593 3278 3908 3351 λογισθῆναι
3950 3286 4054 3335 αξι-

2455 3357 2565 3416 τοῖς
2590 3355 2766 3419 τοῦτο,
2808 3359 2955 3428 παρὰ
2991 3360 3109 3430 Θεῷ
3156 3362 3377 3434 δηλαδὴ,
3412 3365 3588 3430 ἄλλως
3641 3369 3951 3441 ἁμάρτημα
3992 3373 4056 3427 ὃν

2459 3445 2623 3514 μέγα,
2661 3448 2757 3501 καὶ
2786 3447 2936 3512 ἄξιον
2966 3452 3300 3519 λογίζεσθαι.

2540 3629 2700 3683 Ἀλλ’
2753 3631 2783 3681 ό
2837 3631 3052 3697 Κύριός
3098 3650 3197 3699 μοι
3254 3636 3547 3707 παρέστη.
3599 3640 3771 3695 Τοῦτο
3800 3641 3850 3675 ⁸⁸
3872 3644 4050 3702 πάλιν

2456 3723 2784 3792 παραμυθία
2808 3724 2887 3793 τῷ
2918 3726 3131 3795 μαθητῇ
3159 3743 3171 3755 ·
3210 3727 3448 3782 δείκνυσι
3480 3732 3611 3801 γὰρ,
3646 3733 3728 3785 ὅτι
3765 3735 3857 3787 τὶν
3883 3740 4052 3808 παρὰ

2454 3814 2754 3882 ἀνθρώπων
2813 3817 3345 3889 ὲγκαταλειπὸμενον
3395 3822 3496 3874 οὐκ
3522 3824 3728 3895 ,ἀφίησί
3767 3844 3820 3880 τι
3864 3829 4055 3885 δεινὸν

2454 3905 2645 3958 παθεῖν
2687 3907 2713 3957 ὸ
2751 3906 2903 3969 Θεός.

2520 3996 2624 4050 Kal
2649 3999 3171 4068 éredvrdpwaéjts.
3199 4003 3478 4068 Τευτέστι,
3500 4008 3818 4078 παρρησίαν
3847 4012 4054 4084 ἐχαρί-

2457 4103 2609 4151 σατο,
2643 4088 2742 4139 οὐκ
2784 4087 2961 4157 ἀφῆκε
3000 4095 3349 4147 καταπεσεῖν.

2524 4179 2646 4230 ἰνα
2667 4176 2741 4229 δι’
2764 4178 2912 4247 ἐμοῦ
2947 4180 3012 4231 τὸ
3070 4180 3343 4249 κήρυγμα
3378 4188 3833 4259 πληροφορηθῇ.
3892 4195 4050 4266 Ὅρα

2452 4268 2548 4337 τὴν
2574 4269 2775 4339 πολλὴν
2836 4270 3003 4322 αὑτοῦ
3055 4280 3582 4347 ταπεινοφροσύνην.
3632 4284 3744 4352 Οὐχ
3779 4285 3854 4347 ὡς
3884 4286 4050 4350 ἄξιον

2452 4360 2580 4427 γὰρ,
2610 4362 2765 4428 φησὶ,
2791 4364 2971 4429 τυχεῖν
2994 4363 3091 4431 τῆς
3116 4363 3325 4433 δωρεᾶς
3372 4367 3748 4440 ὲνεδυνάμωσέ
3784 4391 3875 4443 με,
3910 4378 4048 4429 ἀλλ’

2451 4451 2549 4501 ἵνα
2598 4452 2663 4503 τὸ
2698 4451 2967 4520 κήρυγμα
2992 4453 3065 4504 δι’
3091 4456 3238 4522 ἐμοῦ
3300 4462 3754 4530 πληροφορηθῇ,
3784 4470 4049 4525 τουτέστι

762 4516 845 4568 Vel
894 4518 961 4570 ad
1000 4520 1158 4574 finem
1191 4528 1472 4591 perveniat
1530 4540 1584 4583 ct
1620 4535 1912 4601 impleatur
1944 4556 1956 4591 :
1991 4545 2343 4607 quemadmo-

765 4604 891 4631 .I...n
933 4609 976 4631 ,ι
1033 4611 1148 4631 --.2-
1180 4629 1201 4631 ,κ
1618 4620 1651 4631 ι.
1713 4624 1722 4631 .

2460 4543 2749 4613 βεόαιιυθῇ,
2842 4516 2917 4606 εἰς
2939 4516 3258 4617 πέρας-ἕλοῃ
3287 4551 3381 4600 καὶ
3971 4516 4049 4617 ἂν

764 4604 893 4657 dum
932 4609 977 4660 si
1028 4611 1151 4677 quis
1178 4629 1473 4683 purpuram
1516 4634 1578 4674 ac
1599 4620 1848 4679 diadema
1913 4604 2117 4698 regium
2155 4647 2347 4704 gestet,

765 4708 829 4746 ac
858 4707 1080 4766 propter
1118 4703 1229 4755 Nec
1267 4715 1539 4761 servetur.

834 4783 901 4837 Et
922 4788 1147 4841 audiant
1178 4807 1357 4846 omnes
1398 4808 1596 4863 gentes.
1643 4799 1758 4856 Hoc
1802 4813 1902 4867 est,
1945 4817 2001 4860 ut
2058 4814 2343 4882 perspicua

768 4873 860 4926 ﬁat
890 4889 942 4929 ct
975 4893 1055 4932 vet
1073 4877 1124 4933 bi
1157 4881 1352 4950 gloria,
1385 4893 1439 4937 et
1474 4887 1671 4943 divina:
1725 4873 2082 4960 providentia:
2136 4873 2202 4953 de
2260 4919 2343 4958 me

757 4978 907 5017 (ῚΙΙἹΙ.

830 5056 1173 5113 deliberabit
1206 5079 1283 5116 me
1308 5081 1374 5118 ea:
1430 5084 1520 5122 ore
1547 5070 1733 5126 leonis.
1768 5073 1880 5130 lloc
1929 5090 2033 5146 est,
2078 5081 2329 5143 Nemnis.

759 5145 925 5199 lsuun
951 5152 1098 5203 enim
1129 5152 1339 5207 leonem
1371 5160 1629 5227 appellat,
1676 5176 1899 5235 propter
1959 5171 2169 5241 imperii
2212 5177 2331 5245 ejus

757 5236 991 5292 roburet
1029 5242 1261 5297 invictas
1292 5246 1459 5302 vires.
1497 5249 1627 5307 Vide
1653 5266 1833 5310 autem
1869 5236 2051 5329 quam-
2075 5236 2267 5333 parum
2301 5284 2329 5322 a

756 5336 928 5381 morte
963 5329 1217 5399 abfuerit,
1252 5350 1377 5391 cum
1412 5339 1467 5394 in
1497 5341 1672 5399 leonis
1708 5345 1896 5405 fauces
1945 5329 2219 5409 inciderit.

762 5528 770 5548 .
824 5498 986 5555 \‘cns.
1019 5504 1107 5560 18.
1141 5504 1208 5560 Et
1245 5509 1485 5567 liberabit
1511 5531 1589 5568 me
1616 5514 1877 5575 Dominus
1906 5524 1971 5575 ab
2008 5529 2151 5580 omni
2178 5545 2330 5598 opere

2453 4632 2586 4693 εἴτις
2618 4634 2908 4704 ἁλουργίδα
2937 4636 3030 4688 καὶ
3055 4636 3292 4708 διάδημα
3324 4640 3602 4711 βαστάζω,
3627 4648 3824 4701 καὶδιὰ
3854 4652 4048 4707 ταῦτα.

2453 4722 2701 4787 σώζοιτο.

2519 4812 2624 4866 Kal
2649 4813 2883 4881 ἀκούσῃ
2914 4814 3109 4872 πάντα
3136 4818 3205 4873 τὰ
3224 4820 3390 4887 ἔθνη.
3412 4820 3724 4892 Τουτέστιν,
3746 4828 3831 4882 ἵνα
3855 4836 4049 4889 κατά-

2446 4901 2604 4970 δηλος
2631 4904 2766 4955 πᾶσι
2818 4904 3043 4973 γένηται
3102 4909 3197 4960 καὶ
3249 4910 3343 4962 τοῦ
3393 4915 3757 4984 κηρύγματος
3799 4921 3835 4991 ἠ
3874 4922 4040 4991 δόξα,

2447 4994 2539 5043 καὶ
2564 4993 2661 5060 τῆς
2689 5011 2755 5045 πε
2769 4996 2819 5064 pi
2843 4995 2943 5064 ἐμὲ
2974 4998 3230 5064 προνοίας
3260 5002 3293 5069 ἡ
3322 5003 3639 5071 κηδεμονία.

2512 5082 2615 5134 Ιιάὶ
2650 5084 2946 5150 ἐγῧρὐσατό
2977 5103 3053 5153 με
3088 5087 3156 5140 ἐκ
3198 5092 3496 5159 στόματος
3543 5095 3810 5163 λέοντος.
3855 5101 4045 5157 Τουτ-

2440 5171 2554 5223 έστι
2620 5174 2711 5226 τοῦ
2760 5176 3031 5244 Νέρωνος.
3081 5179 3284 5233 Λέοντα
3321 5182 3429 5253 γὰρ
3448 5185 3638 5239 τοῦτόν
3665 5207 3818 5259 φησι,
3844 5193 3936 5247 διὰ
3968 5199 4045 5251 τὸ

2441 5263 2659 5332 ἰσχυρὸν
2720 5265 2885 5317 αὐτοῦ
2932 5266 3029 5335 τῆς
3095 5268 3372 5337 βασιλείας
3432 5275 3526 5327 καὶ
3571 5280 4038 5351 ἀκατάπληκτον.

2442 5353 2581 5422 Ὅρα
2609 5355 2663 5407 δὲ
2690 5354 2807 5418 πῶς
2832 5357 2983 5425 παρὰ
3027 5360 3223 5429 μικρὸν
3274 5357 3437 5430 ἦλθεν
3463 5366 3781 5437 ἀποθανεῖν,
3814 5375 3894 5435 είς
3926 5380 4043 5429 αὺ-

2436 5444 2526 5496 τὸν
2556 5446 2648 5499 τὸν
2680 5449 2937 5517 φάρυγγα
2976 5449 3070 5503 τοῦ
3108 5451 3320 5516 λέοντος
3351 5456 3631 5526 ἐμπεσών.

2507 5538 2615 5591 Kal
2656 5540 2909 5607 ῥύσεταί
2962 5558 3035 5610 με
3093 5546 3125 5597 ό
3171 5546 3386 5615 Κύριος
3424 5550 3541 5604 ἀπὸ
3590 5555 3816 5623 παντὸς
3838 5558 4040 5631 ἔργου

2151 5706 2352 5770 Variae
2385 5708 2708 5776 lectiones.

816 5775 860 5806 "
886 5777 1236 5850 κηρύγματος
1262 5801 1313 5843 o.
1393 5789 1438 5823 "
1467 5792 1628 5866 ὸξύνῃ
1662 5811 1735 5851 In.
1845 5800 1891 5832 ”
1919 5800 2025 5856 ἰδοὺ
2082 5819 2134 5862 o.
