  <div class='ocr_page' id='page_1' title='image "/cluster/home/n/w/nwhite01/storage/ocr_20150623/125/nnc1.0046979794/097.png"; bbox 0 0 4154 6440; ppageno 0'>
   <div class='ocr_carea' id='block_1_1' title="bbox 763 387 865 456">
    <p class='ocr_par' dir='ltr' id='par_1_1' title="bbox 763 387 865 456">
     <span class='ocr_line' id='line_1_1' title="bbox 763 387 865 456; baseline -0.02 0"><span class='ocrx_word' id='word_1_1' title='bbox 763 387 865 456; x_wconf 84' lang='grc'><strong>183</strong></span> 
     </span>
    </p>
   </div>
   <div class='ocr_carea' id='block_1_2' title="bbox 1713 387 3117 452">
    <p class='ocr_par' dir='ltr' id='par_1_2' title="bbox 1713 387 3117 452">
     <span class='ocr_line' id='line_1_2' title="bbox 1713 387 3117 452; baseline 0.004 -6"><span class='ocrx_word' id='word_1_2' title='bbox 1713 387 2289 449; x_wconf 79' lang='lat' dir='ltr'><strong>THEOPHYLAG’I‘I</strong></span> <span class='ocrx_word' id='word_1_3' title='bbox 2322 391 2515 450; x_wconf 87' lang='lat' dir='ltr'><strong>BULG</strong></span> <span class='ocrx_word' id='word_1_4' title='bbox 2528 391 2728 449; x_wconf 73' lang='grc' dir='ltr'><strong>ΑΡιΙᾹῖ.</strong></span> <span class='ocrx_word' id='word_1_5' title='bbox 2760 393 3117 452; x_wconf 76' lang='lat' dir='ltr'><strong>ARCHIEP.</strong></span> 
     </span>
    </p>
   </div>
   <div class='ocr_carea' id='block_1_3' title="bbox 3919 387 4019 448">
    <p class='ocr_par' dir='ltr' id='par_1_3' title="bbox 3919 387 4019 448">
     <span class='ocr_line' id='line_1_3' title="bbox 3919 387 4019 448; baseline 0.02 -2"><span class='ocrx_word' id='word_1_6' title='bbox 3919 387 4019 448; x_wconf 70' lang='grc'><strong>184</strong></span> 
     </span>
    </p>
   </div>
   <div class='ocr_carea' id='block_1_4' title="bbox 756 498 2332 572">
    <p class='ocr_par' dir='ltr' id='par_1_4' title="bbox 756 498 2332 572">
     <span class='ocr_line' id='line_1_4' title="bbox 756 498 2332 572; baseline -0.001 -18"><span class='ocrx_word' id='word_1_7' title='bbox 756 504 946 572; x_wconf 81' lang='lat' dir='ltr'><strong>ptivus</strong></span> <span class='ocrx_word' id='word_1_8' title='bbox 981 498 1146 571; x_wconf 63' lang='grc'><strong>646</strong></span> <span class='ocrx_word' id='word_1_9' title='bbox 1177 504 1362 552; x_wconf 85' lang='lat' dir='ltr'><strong>autem</strong></span> <span class='ocrx_word' id='word_1_10' title='bbox 1395 505 1501 563; x_wconf 88' lang='lat' dir='ltr'><strong>est,</strong></span> <span class='ocrx_word' id='word_1_11' title='bbox 1547 499 1745 567; x_wconf 87' lang='lat' dir='ltr'><strong>inquit,</strong></span> <span class='ocrx_word' id='word_1_12' title='bbox 1773 515 1884 552; x_wconf 89' lang='lat' dir='ltr'><strong>non</strong></span> <span class='ocrx_word' id='word_1_13' title='bbox 1927 501 1999 554; x_wconf 91' lang='lat' dir='ltr'><strong>ob</strong></span> <span class='ocrx_word' id='word_1_14' title='bbox 2034 502 2332 554; x_wconf 70' lang='lat' dir='ltr'><strong>hunianum</strong></span> 
     </span>
    </p>
   </div>
   <div class='ocr_carea' id='block_1_5' title="bbox 2438 498 4029 572">
    <p class='ocr_par' dir='ltr' id='par_1_5' title="bbox 2445 500 4029 572">
     <span class='ocr_line' id='line_1_5' title="bbox 2445 500 4029 572; baseline -0.003 -18"><span class='ocrx_word' id='word_1_15' title='bbox 2445 503 2543 572; x_wconf 82' lang='grc' dir='ltr'><strong>τῷ.</strong></span> <span class='ocrx_word' id='word_1_16' title='bbox 2572 503 3098 572; x_wconf 62' lang='grc' dir='ltr'>Συνσιχμὰλωτοςτδέ</span> <span class='ocrx_word' id='word_1_17' title='bbox 3128 505 3265 565; x_wconf 80' lang='grc' dir='ltr'>ἐστι,</span> <span class='ocrx_word' id='word_1_18' title='bbox 3295 503 3476 570; x_wconf 69' lang='grc' dir='ltr'>φησὶν,</span> <span class='ocrx_word' id='word_1_19' title='bbox 3514 503 3574 553; x_wconf 76' lang='grc' dir='ltr'><strong>οὐ</strong></span> <span class='ocrx_word' id='word_1_20' title='bbox 3608 501 3694 553; x_wconf 74' lang='grc' dir='ltr'>διά</span> <span class='ocrx_word' id='word_1_21' title='bbox 3730 519 3781 552; x_wconf 79' lang='grc' dir='ltr'><strong>τι</strong></span> <span class='ocrx_word' id='word_1_22' title='bbox 3815 500 4029 568; x_wconf 74' lang='grc' dir='ltr'>ἀνθρώ·</span> 
     </span>
    </p>
   </div>
   <div class='ocr_carea' id='block_1_6' title="bbox 756 589 2330 664">
    <p class='ocr_par' dir='ltr' id='par_1_6' title="bbox 756 589 2330 664">
     <span class='ocr_line' id='line_1_6' title="bbox 756 589 2330 664; baseline 0 -16"><span class='ocrx_word' id='word_1_23' title='bbox 756 594 1040 663; x_wconf 83' lang='lat' dir='ltr'><strong>quiddam,</strong></span> <span class='ocrx_word' id='word_1_24' title='bbox 1074 590 1171 645; x_wconf 79' lang='lat' dir='ltr'><strong>sed</strong></span> <span class='ocrx_word' id='word_1_25' title='bbox 1222 600 1447 660; x_wconf 81' lang='lat' dir='ltr'><strong>prapter</strong></span> <span class='ocrx_word' id='word_1_26' title='bbox 1494 590 1771 644; x_wconf 75' lang='lat' dir='ltr'><strong>Christum</strong></span> <span class='ocrx_word' id='word_1_27' title='bbox 1806 589 2018 658; x_wconf 82' lang='lat' dir='ltr'><strong>Jesum,</strong></span> <span class='ocrx_word' id='word_1_28' title='bbox 2050 593 2330 664; x_wconf 73' lang='lat' dir='ltr'><strong>Evangelii</strong></span> 
     </span>
    </p>
   </div>
   <div class='ocr_carea' id='block_1_7' title="bbox 758 681 1601 751">
    <p class='ocr_par' dir='ltr' id='par_1_7' title="bbox 758 681 1601 751">
     <span class='ocr_line' id='line_1_7' title="bbox 758 681 1601 751; baseline -0.008 -12"><span class='ocrx_word' id='word_1_29' title='bbox 758 684 979 739; x_wconf 80' lang='lat' dir='ltr'><strong>nomine</strong></span> <span class='ocrx_word' id='word_1_30' title='bbox 1011 681 1240 737; x_wconf 90' lang='lat' dir='ltr'><strong>adversa</strong></span> <span class='ocrx_word' id='word_1_31' title='bbox 1271 681 1601 751; x_wconf 84' lang='lat' dir='ltr'><strong>perpetiens.</strong></span> 
     </span>
    </p>
   </div>
   <div class='ocr_carea' id='block_1_8' title="bbox 828 771 2327 840">
    <p class='ocr_par' dir='ltr' id='par_1_8' title="bbox 828 771 2327 840">
     <span class='ocr_line' id='line_1_8' title="bbox 828 771 2327 840; baseline 0.003 -14"><span class='ocrx_word' id='word_1_32' title='bbox 828 773 1112 827; x_wconf 55' lang='lat'><strong>“135.24.</strong></span> <span class='ocrx_word' id='word_1_33' title='bbox 1157 771 1397 836; x_wconf 79' lang='lat' dir='ltr'><strong>Marcus,</strong></span> <span class='ocrx_word' id='word_1_34' title='bbox 1449 771 1816 838; x_wconf 77' lang='lat' dir='ltr'><strong>Aristarchus,</strong></span> <span class='ocrx_word' id='word_1_35' title='bbox 1864 776 2078 840; x_wconf 76' lang='lat' dir='ltr'><strong>Demos,</strong></span> <span class='ocrx_word' id='word_1_36' title='bbox 2132 776 2327 840; x_wconf 82' lang='lat' dir='ltr'><strong>Lucas,</strong></span> 
     </span>
    </p>
   </div>
   <div class='ocr_carea' id='block_1_9' title="bbox 758 867 2330 939">
    <p class='ocr_par' dir='ltr' id='par_1_9' title="bbox 758 867 2330 939">
     <span class='ocr_line' id='line_1_9' title="bbox 758 867 2330 939; baseline 0.004 -21"><span class='ocrx_word' id='word_1_37' title='bbox 758 868 1031 934; x_wconf 67' lang='lat' dir='ltr'><strong>adjutores</strong></span> <span class='ocrx_word' id='word_1_38' title='bbox 1060 867 1178 924; x_wconf 82' lang='lat' dir='ltr'><strong>mei.</strong></span> <span class='ocrx_word' id='word_1_39' title='bbox 1212 867 1415 921; x_wconf 85' lang='lat' dir='ltr'><strong>Detnas</strong></span> <span class='ocrx_word' id='word_1_40' title='bbox 1451 868 1685 938; x_wconf 88' lang='lat' dir='ltr'><strong>primum</strong></span> <span class='ocrx_word' id='word_1_41' title='bbox 1723 869 1954 938; x_wconf 85' lang='lat' dir='ltr'><strong>insignis</strong></span> <span class='ocrx_word' id='word_1_42' title='bbox 1981 880 2116 934; x_wconf 84' lang='lat' dir='ltr'><strong>erat,</strong></span> <span class='ocrx_word' id='word_1_43' title='bbox 2142 879 2330 939; x_wconf 90' lang='lat' dir='ltr'><strong>utpote</strong></span> 
     </span>
    </p>
   </div>
   <div class='ocr_carea' id='block_1_10' title="bbox 760 958 2331 1030">
    <p class='ocr_par' dir='ltr' id='par_1_10' title="bbox 760 958 2331 1030">
     <span class='ocr_line' id='line_1_10' title="bbox 760 958 2331 1030; baseline 0.003 -20"><span class='ocrx_word' id='word_1_44' title='bbox 760 962 847 1011; x_wconf 87' lang='lat' dir='ltr'><strong>cui</strong></span> <span class='ocrx_word' id='word_1_45' title='bbox 898 958 1000 1012; x_wconf 89' lang='lat' dir='ltr'><strong>hoc</strong></span> <span class='ocrx_word' id='word_1_46' title='bbox 1049 958 1426 1011; x_wconf 85' lang='lat' dir='ltr'><strong>testimonium</strong></span> <span class='ocrx_word' id='word_1_47' title='bbox 1482 958 1572 1011; x_wconf 87' lang='lat' dir='ltr'><strong>hic</strong></span> <span class='ocrx_word' id='word_1_48' title='bbox 1629 960 1985 1025; x_wconf 84' lang='lat' dir='ltr'><strong>adscribitur,</strong></span> <span class='ocrx_word' id='word_1_49' title='bbox 2048 962 2192 1030; x_wconf 90' lang='lat' dir='ltr'><strong>quod</strong></span> <span class='ocrx_word' id='word_1_50' title='bbox 2259 962 2331 1015; x_wconf 87' lang='lat' dir='ltr'><strong>sit</strong></span> 
     </span>
    </p>
   </div>
   <div class='ocr_carea' id='block_1_11' title="bbox 762 1050 2327 1122">
    <p class='ocr_par' dir='ltr' id='par_1_11' title="bbox 762 1050 2327 1122">
     <span class='ocr_line' id='line_1_11' title="bbox 762 1050 2327 1122; baseline 0.001 -18"><span class='ocrx_word' id='word_1_51' title='bbox 762 1051 914 1104; x_wconf 88' lang='lat' dir='ltr'><strong>Pauli</strong></span> <span class='ocrx_word' id='word_1_52' title='bbox 943 1050 1163 1117; x_wconf 72' lang='lat' dir='ltr'><strong>adiutor</strong></span> <span class='ocrx_word' id='word_1_53' title='bbox 1195 1066 1206 1100; x_wconf 89' lang='lat'>:</span> <span class='ocrx_word' id='word_1_54' title='bbox 1237 1059 1422 1118; x_wconf 87' lang='lat' dir='ltr'><strong>postea</strong></span> <span class='ocrx_word' id='word_1_55' title='bbox 1450 1066 1578 1104; x_wconf 88' lang='lat' dir='ltr'><strong>vero</strong></span> <span class='ocrx_word' id='word_1_56' title='bbox 1618 1052 1684 1104; x_wconf 91' lang='lat' dir='ltr'><strong>ad</strong></span> <span class='ocrx_word' id='word_1_57' title='bbox 1717 1052 1988 1120; x_wconf 87' lang='lat' dir='ltr'><strong>ignaviam</strong></span> <span class='ocrx_word' id='word_1_58' title='bbox 2025 1053 2273 1122; x_wconf 83' lang='lat' dir='ltr'><strong>relapsus</strong></span> <span class='ocrx_word' id='word_1_59' title='bbox 2299 1069 2327 1106; x_wconf 89' lang='lat' dir='ltr'><strong>a</strong></span> 
     </span>
    </p>
   </div>
   <div class='ocr_carea' id='block_1_12' title="bbox 761 1140 2326 1210">
    <p class='ocr_par' dir='ltr' id='par_1_12' title="bbox 761 1140 2326 1210">
     <span class='ocr_line' id='line_1_12' title="bbox 761 1140 2326 1210; baseline 0.003 -18"><span class='ocrx_word' id='word_1_60' title='bbox 761 1142 930 1192; x_wconf 77' lang='lat' dir='ltr'><strong>Paulo</strong></span> <span class='ocrx_word' id='word_1_61' title='bbox 985 1141 1233 1203; x_wconf 80' lang='lat' dir='ltr'><strong>descivit,</strong></span> <span class='ocrx_word' id='word_1_62' title='bbox 1291 1140 1517 1208; x_wconf 73' lang='lat' dir='ltr'><strong>perinde</strong></span> <span class='ocrx_word' id='word_1_63' title='bbox 1565 1156 1627 1194; x_wconf 85' lang='lat' dir='ltr'><strong>ac</strong></span> <span class='ocrx_word' id='word_1_64' title='bbox 1671 1143 1724 1194; x_wconf 92' lang='lat' dir='ltr'><strong>in</strong></span> <span class='ocrx_word' id='word_1_65' title='bbox 1757 1140 1998 1210; x_wconf 85' lang='lat' dir='ltr'><strong>Epistola</strong></span> <span class='ocrx_word' id='word_1_66' title='bbox 2044 1143 2112 1196; x_wconf 92' lang='lat' dir='ltr'><strong>ad</strong></span> <span class='ocrx_word' id='word_1_67' title='bbox 2141 1142 2326 1196; x_wconf 81' lang='lat' dir='ltr'><strong>Timo-</strong></span> 
     </span>
    </p>
   </div>
   <div class='ocr_carea' id='block_1_13' title="bbox 759 1233 2331 1304">
    <p class='ocr_par' dir='ltr' id='par_1_13' title="bbox 759 1233 2331 1304">
     <span class='ocr_line' id='line_1_13' title="bbox 759 1233 2331 1304; baseline 0.002 -18"><span class='ocrx_word' id='word_1_68' title='bbox 759 1235 945 1286; x_wconf 76' lang='lat' dir='ltr'><strong>theum</strong></span> <span class='ocrx_word' id='word_1_69' title='bbox 980 1233 1178 1286; x_wconf 81' lang='lat' dir='ltr'><strong>Paulus</strong></span> <span class='ocrx_word' id='word_1_70' title='bbox 1218 1233 1435 1297; x_wconf 87' lang='lat' dir='ltr'><strong>scribit,</strong></span> <span class='ocrx_word' id='word_1_71' title='bbox 1466 1248 1585 1301; x_wconf 67' lang='lat' dir='ltr'><strong>quae</strong></span> <span class='ocrx_word' id='word_1_72' title='bbox 1617 1234 1994 1300; x_wconf 86' lang='lat' dir='ltr'><strong>proculdubio</strong></span> <span class='ocrx_word' id='word_1_73' title='bbox 2023 1235 2122 1288; x_wconf 87' lang='lat' dir='ltr'><strong>hac</strong></span> <span class='ocrx_word' id='word_1_74' title='bbox 2148 1244 2331 1304; x_wconf 82' lang='lat' dir='ltr'><strong>poste-</strong></span> 
     </span>
    </p>
   </div>
   <div class='ocr_carea' id='block_1_14' title="bbox 758 1319 2328 1390">
    <p class='ocr_par' dir='ltr' id='par_1_14' title="bbox 758 1319 2328 1390">
     <span class='ocr_line' id='line_1_14' title="bbox 758 1319 2328 1390; baseline 0.005 -18"><span class='ocrx_word' id='word_1_75' title='bbox 758 1322 872 1374; x_wconf 83' lang='lat' dir='ltr'><strong>tior</strong></span> <span class='ocrx_word' id='word_1_76' title='bbox 900 1331 1023 1375; x_wconf 91' lang='lat' dir='ltr'><strong>est:</strong></span> <span class='ocrx_word' id='word_1_77' title='bbox 1056 1319 1252 1373; x_wconf 76' lang='lat' dir='ltr'><strong>Demus</strong></span> <span class='ocrx_word' id='word_1_78' title='bbox 1292 1323 1427 1374; x_wconf 81' lang='lat' dir='ltr'><strong>enim</strong></span> <span class='ocrx_word' id='word_1_79' title='bbox 1467 1337 1546 1373; x_wconf 90' lang='lat' dir='ltr'><strong>me</strong></span> <span class='ocrx_word' id='word_1_80' title='bbox 1580 1321 1814 1390; x_wconf 76' lang='lat' dir='ltr'><strong>reliquit,</strong></span> <span class='ocrx_word' id='word_1_81' title='bbox 1849 1322 2023 1377; x_wconf 74' lang='lat' dir='ltr'><strong>Lucas</strong></span> <span class='ocrx_word' id='word_1_82' title='bbox 2069 1335 2145 1378; x_wconf 72' lang='lat' dir='ltr'><strong>est</strong></span> <span class='ocrx_word' id='word_1_83' title='bbox 2185 1326 2328 1380; x_wconf 76' lang='lat' dir='ltr'><strong>solus</strong></span> 
     </span>
    </p>
   </div>
   <div class='ocr_carea' id='block_1_15' title="bbox 758 1411 2328 1480">
    <p class='ocr_par' dir='ltr' id='par_1_15' title="bbox 758 1411 2328 1480">
     <span class='ocr_line' id='line_1_15' title="bbox 758 1411 2328 1480; baseline 0.005 -17"><span class='ocrx_word' id='word_1_84' title='bbox 758 1429 960 1465; x_wconf 75' lang='lat' dir='ltr'><strong>mecum</strong></span> <span class='ocrx_word' id='word_1_85' title='bbox 991 1413 1082 1465; x_wconf 83' lang='grc'><strong>⁷³⁸.</strong></span> <span class='ocrx_word' id='word_1_86' title='bbox 1120 1411 1220 1477; x_wconf 89' lang='lat' dir='ltr'><strong>Qui</strong></span> <span class='ocrx_word' id='word_1_87' title='bbox 1256 1412 1417 1480; x_wconf 81' lang='lat' dir='ltr'><strong>igitur</strong></span> <span class='ocrx_word' id='word_1_88' title='bbox 1449 1421 1758 1480; x_wconf 88' lang='lat' dir='ltr'><strong>postremus</strong></span> <span class='ocrx_word' id='word_1_89' title='bbox 1780 1413 1865 1467; x_wconf 91' lang='lat' dir='ltr'><strong>hic</strong></span> <span class='ocrx_word' id='word_1_90' title='bbox 1894 1415 2190 1470; x_wconf 88' lang='lat' dir='ltr'><strong>collocatur</strong></span> <span class='ocrx_word' id='word_1_91' title='bbox 2220 1417 2328 1470; x_wconf 82' lang='lat' dir='ltr'><strong>Lu-</strong></span> 
     </span>
    </p>
   </div>
   <div class='ocr_carea' id='block_1_16' title="bbox 758 1501 2328 1570">
    <p class='ocr_par' dir='ltr' id='par_1_16' title="bbox 758 1501 2328 1570">
     <span class='ocr_line' id='line_1_16' title="bbox 758 1501 2328 1570; baseline 0.006 -17"><span class='ocrx_word' id='word_1_92' title='bbox 758 1517 878 1563; x_wconf 83' lang='lat' dir='ltr'><strong>cas,</strong></span> <span class='ocrx_word' id='word_1_93' title='bbox 917 1503 1126 1570; x_wconf 87' lang='lat' dir='ltr'><strong>primus</strong></span> <span class='ocrx_word' id='word_1_94' title='bbox 1149 1501 1364 1554; x_wconf 85' lang='lat' dir='ltr'><strong>tandem</strong></span> <span class='ocrx_word' id='word_1_95' title='bbox 1387 1504 1630 1556; x_wconf 87' lang='lat' dir='ltr'><strong>omnium</strong></span> <span class='ocrx_word' id='word_1_96' title='bbox 1656 1502 1834 1558; x_wconf 80' lang='lat' dir='ltr'><strong>factus</strong></span> <span class='ocrx_word' id='word_1_97' title='bbox 1860 1513 1964 1570; x_wconf 86' lang='lat' dir='ltr'><strong>est,</strong></span> <span class='ocrx_word' id='word_1_98' title='bbox 1990 1522 2110 1560; x_wconf 87' lang='lat' dir='ltr'><strong>cum</strong></span> <span class='ocrx_word' id='word_1_99' title='bbox 2134 1506 2328 1562; x_wconf 88' lang='lat' dir='ltr'><strong>Demas</strong></span> 
     </span>
    </p>
   </div>
   <div class='ocr_carea' id='block_1_17' title="bbox 762 1592 2330 1666">
    <p class='ocr_par' dir='ltr' id='par_1_17' title="bbox 762 1592 2330 1666">
     <span class='ocr_line' id='line_1_17' title="bbox 762 1592 2330 1666; baseline 0.006 -21"><span class='ocrx_word' id='word_1_100' title='bbox 762 1592 1076 1648; x_wconf 80' lang='lat' dir='ltr'><strong>defecisset.</strong></span> <span class='ocrx_word' id='word_1_101' title='bbox 1115 1594 1263 1648; x_wconf 84' lang='lat' dir='ltr'><strong>Adeo</strong></span> <span class='ocrx_word' id='word_1_102' title='bbox 1293 1609 1399 1647; x_wconf 91' lang='lat' dir='ltr'><strong>non</strong></span> <span class='ocrx_word' id='word_1_103' title='bbox 1433 1605 1652 1664; x_wconf 86' lang='lat' dir='ltr'><strong>oportet</strong></span> <span class='ocrx_word' id='word_1_104' title='bbox 1701 1599 2011 1666; x_wconf 85' lang='lat' dir='ltr'><strong>quempiam</strong></span> <span class='ocrx_word' id='word_1_105' title='bbox 2055 1599 2330 1655; x_wconf 80' lang='lat' dir='ltr'><strong>conﬁdere</strong></span> 
     </span>
    </p>
   </div>
   <div class='ocr_carea' id='block_1_18' title="bbox 760 1686 2331 1761">
    <p class='ocr_par' dir='ltr' id='par_1_18' title="bbox 760 1686 2331 1761">
     <span class='ocr_line' id='line_1_18' title="bbox 760 1686 2331 1761; baseline 0.003 -21"><span class='ocrx_word' id='word_1_106' title='bbox 760 1687 887 1750; x_wconf 70' lang='lat' dir='ltr'><strong>sibi,</strong></span> <span class='ocrx_word' id='word_1_107' title='bbox 921 1686 1012 1740; x_wconf 78' lang='lat' dir='ltr'><strong>sed</strong></span> <span class='ocrx_word' id='word_1_108' title='bbox 1039 1686 1127 1755; x_wconf 92' lang='lat' dir='ltr'><strong>qui</strong></span> <span class='ocrx_word' id='word_1_109' title='bbox 1155 1693 1283 1749; x_wconf 83' lang='lat' dir='ltr'><strong>stat,</strong></span> <span class='ocrx_word' id='word_1_110' title='bbox 1314 1686 1494 1741; x_wconf 83' lang='lat' dir='ltr'><strong>videat</strong></span> <span class='ocrx_word' id='word_1_111' title='bbox 1528 1703 1595 1742; x_wconf 90' lang='lat' dir='ltr'><strong>ne</strong></span> <span class='ocrx_word' id='word_1_112' title='bbox 1621 1687 1799 1744; x_wconf 75' lang='lat' dir='ltr'><strong>cadat.</strong></span> <span class='ocrx_word' id='word_1_113' title='bbox 1827 1689 1963 1743; x_wconf 81' lang='lat' dir='ltr'><strong>Cum</strong></span> <span class='ocrx_word' id='word_1_114' title='bbox 1989 1690 2120 1744; x_wconf 90' lang='lat' dir='ltr'><strong>istos</strong></span> <span class='ocrx_word' id='word_1_115' title='bbox 2149 1693 2331 1761; x_wconf 82' lang='lat' dir='ltr'><strong>appel-</strong></span> 
     </span>
    </p>
   </div>
   <div class='ocr_carea' id='block_1_19' title="bbox 761 1773 2332 1844">
    <p class='ocr_par' dir='ltr' id='par_1_19' title="bbox 761 1773 2332 1844">
     <span class='ocr_line' id='line_1_19' title="bbox 761 1773 2332 1844; baseline 0.004 -19"><span class='ocrx_word' id='word_1_116' title='bbox 761 1776 832 1825; x_wconf 94' lang='lat' dir='ltr'><strong>lat</strong></span> <span class='ocrx_word' id='word_1_117' title='bbox 859 1773 1229 1842; x_wconf 88' lang='lat' dir='ltr'><strong>coadjutores,</strong></span> <span class='ocrx_word' id='word_1_118' title='bbox 1270 1775 1509 1828; x_wconf 88' lang='lat' dir='ltr'><strong>ostendit</strong></span> <span class='ocrx_word' id='word_1_119' title='bbox 1566 1775 1711 1844; x_wconf 91' lang='lat' dir='ltr'><strong>quod</strong></span> <span class='ocrx_word' id='word_1_120' title='bbox 1749 1777 1839 1829; x_wconf 85' lang='lat' dir='ltr'><strong>Isti</strong></span> <span class='ocrx_word' id='word_1_121' title='bbox 1881 1779 2042 1830; x_wconf 89' lang='lat' dir='ltr'><strong>etiam</strong></span> <span class='ocrx_word' id='word_1_122' title='bbox 2080 1795 2184 1831; x_wconf 90' lang='lat' dir='ltr'><strong>una</strong></span> <span class='ocrx_word' id='word_1_123' title='bbox 2223 1797 2332 1833; x_wconf 83' lang='lat' dir='ltr'><strong>Ine-</strong></span> 
     </span>
    </p>
   </div>
   <div class='ocr_carea' id='block_1_20' title="bbox 2442 592 4026 662">
    <p class='ocr_par' dir='ltr' id='par_1_20' title="bbox 2442 592 4026 662">
     <span class='ocr_line' id='line_1_20' title="bbox 2442 592 4026 662; baseline -0.002 -18"><span class='ocrx_word' id='word_1_124' title='bbox 2442 609 2615 659; x_wconf 79' lang='lat' dir='ltr'><strong>mvov,</strong></span> <span class='ocrx_word' id='word_1_125' title='bbox 2648 593 2783 646; x_wconf 74' lang='grc' dir='ltr'>ἀλλὰ</span> <span class='ocrx_word' id='word_1_126' title='bbox 2823 595 2908 647; x_wconf 74' lang='grc' dir='ltr'>διὰ</span> <span class='ocrx_word' id='word_1_127' title='bbox 2960 594 3052 647; x_wconf 73' lang='grc' dir='ltr'><strong>τὸν</strong></span> <span class='ocrx_word' id='word_1_128' title='bbox 3084 592 3319 662; x_wconf 72' lang='grc' dir='ltr'>Χριστὸν</span> <span class='ocrx_word' id='word_1_129' title='bbox 3391 594 3617 660; x_wconf 78' lang='grc' dir='ltr'>Ἰησοῦν,</span> <span class='ocrx_word' id='word_1_130' title='bbox 3665 607 4026 659; x_wconf 74' lang='grc' dir='ltr'>συγκακοπα-</span> 
     </span>
    </p>
   </div>
   <div class='ocr_carea' id='block_1_21' title="bbox 2441 682 3220 753">
    <p class='ocr_par' dir='ltr' id='par_1_21' title="bbox 2441 682 3220 753">
     <span class='ocr_line' id='line_1_21' title="bbox 2441 682 3220 753; baseline 0.003 -18"><span class='ocrx_word' id='word_1_131' title='bbox 2441 685 2548 736; x_wconf 85' lang='grc' dir='ltr'>Θῶν</span> <span class='ocrx_word' id='word_1_132' title='bbox 2576 684 2717 753; x_wconf 77' lang='grc' dir='ltr'>ὑπὲρ</span> <span class='ocrx_word' id='word_1_133' title='bbox 2749 683 2843 735; x_wconf 84' lang='grc' dir='ltr'>τοῦ</span> <span class='ocrx_word' id='word_1_134' title='bbox 2871 682 3220 750; x_wconf 77' lang='grc' dir='ltr'>Εὗαγγελξου.</span> 
     </span>
    </p>
   </div>
   <div class='ocr_carea' id='block_1_22' title="bbox 2505 770 4031 841">
    <p class='ocr_par' dir='ltr' id='par_1_22' title="bbox 2505 770 4031 841">
     <span class='ocr_line' id='line_1_22' title="bbox 2505 770 4031 841; baseline -0.004 -15"><span class='ocrx_word' id='word_1_135' title='bbox 2505 772 2766 840; x_wconf 81' lang='grc' dir='ltr'>Μάρκος,</span> <span class='ocrx_word' id='word_1_136' title='bbox 2797 774 3207 840; x_wconf 83' lang='grc' dir='ltr'><strong>Ἀρίσταρχος,</strong></span> <span class='ocrx_word' id='word_1_137' title='bbox 3248 771 3468 841; x_wconf 80' lang='grc' dir='ltr'><strong>Δημᾶς,</strong></span> <span class='ocrx_word' id='word_1_138' title='bbox 3500 770 3755 836; x_wconf 82' lang='grc' dir='ltr'><strong>Λουκᾶς,</strong></span> <span class='ocrx_word' id='word_1_139' title='bbox 3785 775 3840 824; x_wconf 82' lang='lat' dir='ltr'><strong>ol</strong></span> <span class='ocrx_word' id='word_1_140' title='bbox 3871 780 4031 822; x_wconf 67' lang='lat' dir='ltr'><strong>(rm--</strong></span> 
     </span>
    </p>
   </div>
   <div class='ocr_carea' id='block_1_23' title="bbox 2435 860 4028 936">
    <p class='ocr_par' dir='ltr' id='par_1_23' title="bbox 2435 860 4028 936">
     <span class='ocr_line' id='line_1_23' title="bbox 2435 860 4028 936; baseline -0.003 -19"><span class='ocrx_word' id='word_1_141' title='bbox 2435 867 2596 932; x_wconf 79' lang='grc' dir='ltr'>εργοί</span> <span class='ocrx_word' id='word_1_142' title='bbox 2616 883 2754 934; x_wconf 82' lang='grc' dir='ltr'>μου.</span> <span class='ocrx_word' id='word_1_143' title='bbox 2791 867 2848 918; x_wconf 83' lang='grc' dir='ltr'>Ὀ</span> <span class='ocrx_word' id='word_1_144' title='bbox 2883 868 3071 934; x_wconf 81' lang='grc' dir='ltr'><strong>Δημᾶς</strong></span> <span class='ocrx_word' id='word_1_145' title='bbox 3101 868 3199 936; x_wconf 81' lang='grc' dir='ltr'><strong>τὴν</strong></span> <span class='ocrx_word' id='word_1_146' title='bbox 3245 866 3343 936; x_wconf 85' lang='grc' dir='ltr'><strong>μὲν</strong></span> <span class='ocrx_word' id='word_1_147' title='bbox 3387 866 3560 935; x_wconf 74' lang='grc' dir='ltr'>ἀρχὴν</span> <span class='ocrx_word' id='word_1_148' title='bbox 3607 864 3889 931; x_wconf 81' lang='grc' dir='ltr'>εὐδόκιμος</span> <span class='ocrx_word' id='word_1_149' title='bbox 3933 860 4028 931; x_wconf 73' lang='grc' dir='ltr'><strong>ἦν,</strong></span> 
     </span>
    </p>
   </div>
   <div class='ocr_carea' id='block_1_24' title="bbox 2434 956 4020 1028">
    <p class='ocr_par' dir='ltr' id='par_1_24' title="bbox 2434 956 4020 1028">
     <span class='ocr_line' id='line_1_24' title="bbox 2434 956 4020 1028; baseline -0.002 -20"><span class='ocrx_word' id='word_1_150' title='bbox 2434 956 2719 1026; x_wconf 78' lang='grc' dir='ltr'>ὠσπεροῦν</span> <span class='ocrx_word' id='word_1_151' title='bbox 2749 957 2842 1010; x_wconf 75' lang='grc' dir='ltr'><strong>καὶ</strong></span> <span class='ocrx_word' id='word_1_152' title='bbox 2870 956 3106 1009; x_wconf 78' lang='grc' dir='ltr'>ἐνταῦθα</span> <span class='ocrx_word' id='word_1_153' title='bbox 3133 960 3494 1028; x_wconf 78' lang='grc' dir='ltr'>μαρτυρεῖται</span> <span class='ocrx_word' id='word_1_154' title='bbox 3528 957 3604 1019; x_wconf 85' lang='grc' dir='ltr'>ὡς</span> <span class='ocrx_word' id='word_1_155' title='bbox 3635 956 3847 1008; x_wconf 79' lang='grc' dir='ltr'><strong>Παύλου</strong></span> <span class='ocrx_word' id='word_1_156' title='bbox 3887 973 4020 1006; x_wconf 83' lang='grc' dir='ltr'>συν-</span> 
     </span>
    </p>
   </div>
   <div class='ocr_carea' id='block_1_25' title="bbox 2433 1047 4027 1120">
    <p class='ocr_par' dir='ltr' id='par_1_25' title="bbox 2433 1047 4027 1120">
     <span class='ocr_line' id='line_1_25' title="bbox 2433 1047 4027 1120; baseline -0.001 -20"><span class='ocrx_word' id='word_1_157' title='bbox 2433 1048 2621 1118; x_wconf 81' lang='grc' dir='ltr'>εργός⁶</span> <span class='ocrx_word' id='word_1_158' title='bbox 2663 1049 2888 1119; x_wconf 82' lang='grc' dir='ltr'>ὕστερον</span> <span class='ocrx_word' id='word_1_159' title='bbox 2923 1049 2978 1102; x_wconf 85' lang='grc' dir='ltr'>δὲ</span> <span class='ocrx_word' id='word_1_160' title='bbox 3015 1049 3336 1120; x_wconf 50' lang='lat' dir='ltr'><strong>meum“;</strong></span> <span class='ocrx_word' id='word_1_161' title='bbox 3378 1049 3588 1115; x_wconf 80' lang='grc' dir='ltr'><strong>ἀπέστη</strong></span> <span class='ocrx_word' id='word_1_162' title='bbox 3641 1048 3735 1100; x_wconf 81' lang='grc' dir='ltr'>τοῦ</span> <span class='ocrx_word' id='word_1_163' title='bbox 3785 1047 4027 1107; x_wconf 81' lang='grc' dir='ltr'>Παύλου,</span> 
     </span>
    </p>
   </div>
   <div class='ocr_carea' id='block_1_26' title="bbox 2436 1137 4026 1210">
    <p class='ocr_par' dir='ltr' id='par_1_26' title="bbox 2436 1137 4026 1210">
     <span class='ocr_line' id='line_1_26' title="bbox 2436 1137 4026 1210; baseline -0.003 -19"><span class='ocrx_word' id='word_1_164' title='bbox 2436 1140 2626 1209; x_wconf 81' lang='grc' dir='ltr'>ὥσπερ</span> <span class='ocrx_word' id='word_1_165' title='bbox 2654 1140 2718 1210; x_wconf 84' lang='grc' dir='ltr'>δὴ</span> <span class='ocrx_word' id='word_1_166' title='bbox 2745 1141 2839 1193; x_wconf 74' lang='grc' dir='ltr'><strong>καὶ</strong></span> <span class='ocrx_word' id='word_1_167' title='bbox 2883 1141 2942 1194; x_wconf 76' lang='grc' dir='ltr'>ὲν</span> <span class='ocrx_word' id='word_1_168' title='bbox 2989 1143 3054 1210; x_wconf 86' lang='grc' dir='ltr'>τῇ</span> <span class='ocrx_word' id='word_1_169' title='bbox 3087 1139 3223 1210; x_wconf 80' lang='grc' dir='ltr'>πρὸς</span> <span class='ocrx_word' id='word_1_170' title='bbox 3255 1139 3520 1207; x_wconf 82' lang='grc' dir='ltr'>Τιμόθεον</span> <span class='ocrx_word' id='word_1_171' title='bbox 3557 1139 3840 1203; x_wconf 79' lang='grc' dir='ltr'><strong>Ἐπιστολῇ</strong></span> <span class='ocrx_word' id='word_1_172' title='bbox 3879 1137 4026 1205; x_wconf 74' lang='grc' dir='ltr'><strong>γρά-</strong></span> 
     </span>
    </p>
   </div>
   <div class='ocr_carea' id='block_1_27' title="bbox 2435 1224 4030 1302">
    <p class='ocr_par' dir='ltr' id='par_1_27' title="bbox 2435 1224 4030 1302">
     <span class='ocr_line' id='line_1_27' title="bbox 2435 1224 4030 1302; baseline -0.002 -19"><span class='ocrx_word' id='word_1_173' title='bbox 2435 1249 2522 1301; x_wconf 78' lang='grc' dir='ltr'><strong>φει</strong></span> <span class='ocrx_word' id='word_1_174' title='bbox 2555 1230 2785 1295; x_wconf 72' lang='grc' dir='ltr'>Παῦλος,</span> <span class='ocrx_word' id='word_1_175' title='bbox 2825 1231 3027 1300; x_wconf 66' lang='grc' dir='ltr'>ὑστέρᾳ</span> <span class='ocrx_word' id='word_1_176' title='bbox 3065 1231 3346 1302; x_wconf 80' lang='grc' dir='ltr'><strong>προδήλως</strong></span> <span class='ocrx_word' id='word_1_177' title='bbox 3386 1229 3591 1299; x_wconf 81' lang='grc' dir='ltr'><strong>ταύτης</strong></span> <span class='ocrx_word' id='word_1_178' title='bbox 3633 1227 3792 1297; x_wconf 73' lang='grc' dir='ltr'>οὔσῃ·</span> <span class='ocrx_word' id='word_1_179' title='bbox 3824 1224 4030 1293; x_wconf 74' lang='grc' dir='ltr'>Δημᾶς</span> 
     </span>
    </p>
   </div>
   <div class='ocr_carea' id='block_1_28' title="bbox 2433 1317 4026 1392">
    <p class='ocr_par' dir='ltr' id='par_1_28' title="bbox 2433 1317 4026 1392">
     <span class='ocr_line' id='line_1_28' title="bbox 2433 1317 4026 1392; baseline -0.004 -17"><span class='ocrx_word' id='word_1_180' title='bbox 2433 1323 2544 1392; x_wconf 76' lang='grc' dir='ltr'><strong>γάρ</strong></span> <span class='ocrx_word' id='word_1_181' title='bbox 2565 1340 2641 1391; x_wconf 83' lang='grc' dir='ltr'><strong>με</strong></span> <span class='ocrx_word' id='word_1_182' title='bbox 2669 1322 3044 1390; x_wconf 79' lang='grc' dir='ltr'><strong>ἐγκατέλιπε,</strong></span> <span class='ocrx_word' id='word_1_183' title='bbox 3077 1322 3314 1388; x_wconf 83' lang='grc' dir='ltr'><strong>Λουκᾶς</strong></span> <span class='ocrx_word' id='word_1_184' title='bbox 3341 1323 3470 1374; x_wconf 83' lang='grc' dir='ltr'>ἐστι</span> <span class='ocrx_word' id='word_1_185' title='bbox 3496 1322 3684 1390; x_wconf 82' lang='grc' dir='ltr'>μόνος</span> <span class='ocrx_word' id='word_1_186' title='bbox 3701 1320 3821 1385; x_wconf 83' lang='grc' dir='ltr'>μετ’</span> <span class='ocrx_word' id='word_1_187' title='bbox 3849 1317 4026 1386; x_wconf 81' lang='grc' dir='ltr'>ἐμοῦ.</span> 
     </span>
    </p>
   </div>
   <div class='ocr_carea' id='block_1_29' title="bbox 2446 1403 4027 1486">
    <p class='ocr_par' dir='ltr' id='par_1_29' title="bbox 2446 1403 4027 1486">
     <span class='ocr_line' id='line_1_29' title="bbox 2446 1403 4027 1486; baseline -0.005 -18"><span class='ocrx_word' id='word_1_188' title='bbox 2446 1403 2503 1468; x_wconf 76' lang='grc' dir='ltr'><strong>Ὀ</strong></span> <span class='ocrx_word' id='word_1_189' title='bbox 2527 1416 2832 1476; x_wconf 80' lang='grc' dir='ltr'>τελευταῖος</span> <span class='ocrx_word' id='word_1_190' title='bbox 2859 1411 2952 1467; x_wconf 75' lang='grc' dir='ltr'>οὖν</span> <span class='ocrx_word' id='word_1_191' title='bbox 2994 1416 3226 1469; x_wconf 76' lang='grc' dir='ltr'>ἐνταῦθα</span> <span class='ocrx_word' id='word_1_192' title='bbox 3273 1415 3494 1486; x_wconf 72' lang='grc' dir='ltr'>ταχθεὶς</span> <span class='ocrx_word' id='word_1_193' title='bbox 3547 1416 3781 1474; x_wconf 81' lang='grc' dir='ltr'>Λουκᾶς,</span> <span class='ocrx_word' id='word_1_194' title='bbox 3830 1414 4027 1480; x_wconf 62' lang='grc' dir='ltr'>γέγονε</span> 
     </span>
    </p>
   </div>
   <div class='ocr_carea' id='block_1_30' title="bbox 2435 1503 4023 1575">
    <p class='ocr_par' dir='ltr' id='par_1_30' title="bbox 2435 1503 4023 1575">
     <span class='ocr_line' id='line_1_30' title="bbox 2435 1503 4023 1575; baseline -0.003 -17"><span class='ocrx_word' id='word_1_195' title='bbox 2435 1506 2650 1575; x_wconf 86' lang='grc' dir='ltr'>πρῶτος</span> <span class='ocrx_word' id='word_1_196' title='bbox 2693 1507 2930 1568; x_wconf 72' lang='grc' dir='ltr'>πάντως,</span> <span class='ocrx_word' id='word_1_197' title='bbox 2963 1505 3058 1558; x_wconf 81' lang='grc' dir='ltr'>τοῦ</span> <span class='ocrx_word' id='word_1_198' title='bbox 3105 1507 3273 1575; x_wconf 83' lang='grc' dir='ltr'><strong>Δημᾷ</strong></span> <span class='ocrx_word' id='word_1_199' title='bbox 3325 1506 3681 1567; x_wconf 70' lang='grc' dir='ltr'><strong>ἀποστάντος.</strong></span> <span class='ocrx_word' id='word_1_200' title='bbox 3725 1503 3912 1564; x_wconf 63' lang='lat' dir='ltr'><strong>(lino);</strong></span> <span class='ocrx_word' id='word_1_201' title='bbox 3958 1504 4023 1555; x_wconf 69' lang='grc' dir='ltr'><strong>οὐ</strong></span> 
     </span>
    </p>
   </div>
   <div class='ocr_carea' id='block_1_31' title="bbox 2433 1596 4023 1668">
    <p class='ocr_par' dir='ltr' id='par_1_31' title="bbox 2433 1596 4023 1668">
     <span class='ocr_line' id='line_1_31' title="bbox 2433 1596 4023 1668; baseline -0.004 -17"><span class='ocrx_word' id='word_1_202' title='bbox 2433 1598 2513 1651; x_wconf 88' lang='grc' dir='ltr'><strong>δεῖ</strong></span> <span class='ocrx_word' id='word_1_203' title='bbox 2537 1615 2658 1650; x_wconf 82' lang='grc' dir='ltr'>τινα</span> <span class='ocrx_word' id='word_1_204' title='bbox 2684 1596 2909 1668; x_wconf 81' lang='grc' dir='ltr'>Θαρῤεῖν</span> <span class='ocrx_word' id='word_1_205' title='bbox 2939 1597 3139 1668; x_wconf 79' lang='grc' dir='ltr'>ἐαυτῷ,</span> <span class='ocrx_word' id='word_1_206' title='bbox 3183 1599 3317 1652; x_wconf 80' lang='grc' dir='ltr'>ἁλλᾶ</span> <span class='ocrx_word' id='word_1_207' title='bbox 3332 1599 3422 1650; x_wconf 87' lang='grc' dir='ltr'><strong>τὸν</strong></span> <span class='ocrx_word' id='word_1_208' title='bbox 3454 1599 3740 1667; x_wconf 80' lang='grc' dir='ltr'><strong>ἱστάμενον</strong></span> <span class='ocrx_word' id='word_1_209' title='bbox 3776 1596 4023 1665; x_wconf 83' lang='grc' dir='ltr'>βλέπειν,</span> 
     </span>
    </p>
   </div>
   <div class='ocr_carea' id='block_1_32' title="bbox 2439 1679 4027 1764">
    <p class='ocr_par' dir='ltr' id='par_1_32' title="bbox 2439 1679 4027 1764">
     <span class='ocr_line' id='line_1_32' title="bbox 2439 1679 4027 1764; baseline -0.004 -22"><span class='ocrx_word' id='word_1_210' title='bbox 2439 1691 2512 1759; x_wconf 79' lang='grc' dir='ltr'>μὴ</span> <span class='ocrx_word' id='word_1_211' title='bbox 2543 1691 2703 1764; x_wconf 79' lang='grc' dir='ltr'>πέσῃ.</span> <span class='ocrx_word' id='word_1_212' title='bbox 2737 1690 3019 1760; x_wconf 77' lang='grc' dir='ltr'><strong>Συνεργοὶ</strong></span> <span class='ocrx_word' id='word_1_213' title='bbox 3049 1690 3104 1742; x_wconf 85' lang='grc' dir='ltr'>δὲ</span> <span class='ocrx_word' id='word_1_214' title='bbox 3141 1689 3329 1756; x_wconf 79' lang='grc' dir='ltr'>εἰπὼν,</span> <span class='ocrx_word' id='word_1_215' title='bbox 3358 1690 3628 1742; x_wconf 83' lang='grc' dir='ltr'>δείκνυσιν</span> <span class='ocrx_word' id='word_1_216' title='bbox 3670 1690 3751 1742; x_wconf 78' lang='grc' dir='ltr'><strong>ὅτι</strong></span> <span class='ocrx_word' id='word_1_217' title='bbox 3783 1688 3894 1740; x_wconf 68' lang='grc' dir='ltr'>Καὶ</span> <span class='ocrx_word' id='word_1_218' title='bbox 3927 1679 4027 1738; x_wconf 67' lang='grc' dir='ltr'><strong>οὗ-</strong></span> 
     </span>
    </p>
   </div>
   <div class='ocr_carea' id='block_1_33' title="bbox 2440 1775 4030 1850">
    <p class='ocr_par' dir='ltr' id='par_1_33' title="bbox 2440 1775 4030 1850">
     <span class='ocr_line' id='line_1_33' title="bbox 2440 1775 4030 1850; baseline -0.004 -17"><span class='ocrx_word' id='word_1_219' title='bbox 2440 1799 2522 1834; x_wconf 89' lang='grc' dir='ltr'><strong>τοι</strong></span> <span class='ocrx_word' id='word_1_220' title='bbox 2555 1785 2650 1835; x_wconf 79' lang='grc' dir='ltr'><strong>σὺν</strong></span> <span class='ocrx_word' id='word_1_221' title='bbox 2671 1785 2793 1850; x_wconf 71' lang='grc' dir='ltr'>ἐμοὶ</span> <span class='ocrx_word' id='word_1_222' title='bbox 2832 1781 3211 1850; x_wconf 79' lang='grc' dir='ltr'>παρακαλοῦσί</span> <span class='ocrx_word' id='word_1_223' title='bbox 3238 1799 3319 1846; x_wconf 88' lang='grc' dir='ltr'><strong>σε,</strong></span> <span class='ocrx_word' id='word_1_224' title='bbox 3366 1783 3459 1834; x_wconf 72' lang='grc' dir='ltr'>καὶ</span> <span class='ocrx_word' id='word_1_225' title='bbox 3504 1781 3650 1845; x_wconf 78' lang='grc' dir='ltr'>ἄξιος</span> <span class='ocrx_word' id='word_1_226' title='bbox 3676 1779 3741 1832; x_wconf 86' lang='grc' dir='ltr'><strong>ἂν</strong></span> <span class='ocrx_word' id='word_1_227' title='bbox 3767 1778 3882 1846; x_wconf 74' lang='grc' dir='ltr'>εἴης</span> <span class='ocrx_word' id='word_1_228' title='bbox 3906 1775 4030 1827; x_wconf 75' lang='grc' dir='ltr'>δοῦ-</span> 
     </span>
    </p>
   </div>
   <div class='ocr_carea' id='block_1_34' title="bbox 760 1855 2332 1943">
    <p class='ocr_par' dir='ltr' id='par_1_34' title="bbox 760 1865 2332 1934">
     <span class='ocr_line' id='line_1_34' title="bbox 760 1865 2332 1934; baseline 0.006 -20"><span class='ocrx_word' id='word_1_229' title='bbox 760 1878 885 1915; x_wconf 89' lang='lat' dir='ltr'><strong>eum</strong></span> <span class='ocrx_word' id='word_1_230' title='bbox 911 1872 1123 1932; x_wconf 87' lang='lat' dir='ltr'><strong>rogant,</strong></span> <span class='ocrx_word' id='word_1_231' title='bbox 1154 1880 1217 1917; x_wconf 86' lang='lat' dir='ltr'><strong>ac</strong></span> <span class='ocrx_word' id='word_1_232' title='bbox 1245 1873 1324 1918; x_wconf 85' lang='lat' dir='ltr'><strong>tot</strong></span> <span class='ocrx_word' id='word_1_233' title='bbox 1362 1865 1635 1932; x_wconf 80' lang='lat' dir='ltr'><strong>tantisque</strong></span> <span class='ocrx_word' id='word_1_234' title='bbox 1670 1866 1866 1919; x_wconf 89' lang='lat' dir='ltr'><strong>merito</strong></span> <span class='ocrx_word' id='word_1_235' title='bbox 1897 1868 2194 1934; x_wconf 78' lang='lat' dir='ltr'><strong>gratiﬁcari</strong></span> <span class='ocrx_word' id='word_1_236' title='bbox 2237 1869 2332 1923; x_wconf 84' lang='lat' dir='ltr'><strong>de-</strong></span> 
     </span>
    </p>
   </div>
   <div class='ocr_carea' id='block_1_35' title="bbox 2438 1855 4024 1943">
    <p class='ocr_par' dir='ltr' id='par_1_35' title="bbox 2444 1866 4024 1943">
     <span class='ocr_line' id='line_1_35' title="bbox 2444 1866 4024 1943; baseline -0.004 -19"><span class='ocrx_word' id='word_1_237' title='bbox 2444 1892 2529 1925; x_wconf 84' lang='grc' dir='ltr'><strong>ναι</strong></span> <span class='ocrx_word' id='word_1_238' title='bbox 2571 1877 2681 1937; x_wconf 83' lang='grc' dir='ltr'>τοῖς</span> <span class='ocrx_word' id='word_1_239' title='bbox 2712 1873 2985 1936; x_wconf 80' lang='grc' dir='ltr'>τοσούτοις</span> <span class='ocrx_word' id='word_1_240' title='bbox 3030 1873 3127 1942; x_wconf 75' lang='grc' dir='ltr'>τὴν</span> <span class='ocrx_word' id='word_1_241' title='bbox 3155 1872 3333 1942; x_wconf 80' lang='grc' dir='ltr'><strong>χάριν.</strong></span> <span class='ocrx_word' id='word_1_242' title='bbox 3381 1873 3547 1943; x_wconf 79' lang='grc' dir='ltr'>Ὀρᾷς</span> <span class='ocrx_word' id='word_1_243' title='bbox 3589 1871 3730 1923; x_wconf 80' lang='grc' dir='ltr'>πόσα</span> <span class='ocrx_word' id='word_1_244' title='bbox 3777 1866 4024 1936; x_wconf 75' lang='grc' dir='ltr'>ὠφελούο</span> 
     </span>
    </p>
   </div>
   <div class='ocr_carea' id='block_1_36' title="bbox 762 1953 2336 2026">
    <p class='ocr_par' dir='ltr' id='par_1_36' title="bbox 762 1953 2336 2026">
     <span class='ocr_line' id='line_1_36' title="bbox 762 1953 2336 2026; baseline 0.006 -22"><span class='ocrx_word' id='word_1_245' title='bbox 762 1953 877 2005; x_wconf 88' lang='lat' dir='ltr'><strong>bcs.</strong></span> <span class='ocrx_word' id='word_1_246' title='bbox 933 1953 1336 2008; x_wconf 86' lang='lat' dir='ltr'><strong>Animadvertis</strong></span> <span class='ocrx_word' id='word_1_247' title='bbox 1377 1962 1644 2023; x_wconf 89' lang='lat' dir='ltr'><strong>quantum</strong></span> <span class='ocrx_word' id='word_1_248' title='bbox 1697 1957 1870 2010; x_wconf 90' lang='lat' dir='ltr'><strong>simus</strong></span> <span class='ocrx_word' id='word_1_249' title='bbox 1923 1959 2096 2026; x_wconf 85' lang='lat' dir='ltr'><strong>adjuti</strong></span> <span class='ocrx_word' id='word_1_250' title='bbox 2129 1975 2191 2011; x_wconf 77' lang='lat' dir='ltr'><strong>cx</strong></span> <span class='ocrx_word' id='word_1_251' title='bbox 2235 1960 2336 2014; x_wconf 89' lang='lat' dir='ltr'><strong>hac</strong></span> 
     </span>
    </p>
   </div>
   <div class='ocr_carea' id='block_1_37' title="bbox 761 2045 2335 2119">
    <p class='ocr_par' dir='ltr' id='par_1_37' title="bbox 761 2045 2335 2119">
     <span class='ocr_line' id='line_1_37' title="bbox 761 2045 2335 2119; baseline 0.004 -22"><span class='ocrx_word' id='word_1_252' title='bbox 761 2058 883 2112; x_wconf 69' lang='lat' dir='ltr'><strong>quae</strong></span> <span class='ocrx_word' id='word_1_253' title='bbox 965 2045 1144 2098; x_wconf 85' lang='lat' dir='ltr'><strong>brevis</strong></span> <span class='ocrx_word' id='word_1_254' title='bbox 1217 2053 1270 2099; x_wconf 92' lang='lat' dir='ltr'><strong>et</strong></span> <span class='ocrx_word' id='word_1_255' title='bbox 1332 2047 1623 2116; x_wconf 83' lang='lat' dir='ltr'><strong>perspicua</strong></span> <span class='ocrx_word' id='word_1_256' title='bbox 1701 2050 1983 2103; x_wconf 84' lang='lat' dir='ltr'><strong>videbatur</strong></span> <span class='ocrx_word' id='word_1_257' title='bbox 2048 2051 2335 2119; x_wconf 85' lang='lat' dir='ltr'><strong>Epistola?</strong></span> 
     </span>
    </p>
   </div>
   <div class='ocr_carea' id='block_1_38' title="bbox 763 2135 2333 2213">
    <p class='ocr_par' dir='ltr' id='par_1_38' title="bbox 763 2135 2333 2213">
     <span class='ocr_line' id='line_1_38' title="bbox 763 2135 2333 2213; baseline 0.006 -25"><span class='ocrx_word' id='word_1_258' title='bbox 763 2135 999 2189; x_wconf 80' lang='lat' dir='ltr'><strong>Proinde</strong></span> <span class='ocrx_word' id='word_1_259' title='bbox 1029 2137 1213 2191; x_wconf 90' lang='lat' dir='ltr'><strong>nullus</strong></span> <span class='ocrx_word' id='word_1_260' title='bbox 1248 2135 1546 2207; x_wconf 81' lang='lat' dir='ltr'><strong>Scripturac</strong></span> <span class='ocrx_word' id='word_1_261' title='bbox 1582 2138 1736 2195; x_wconf 89' lang='lat' dir='ltr'><strong>locus</strong></span> <span class='ocrx_word' id='word_1_262' title='bbox 1781 2141 2154 2210; x_wconf 77' lang='lat' dir='ltr'><strong>inexploratus</strong></span> <span class='ocrx_word' id='word_1_263' title='bbox 2194 2159 2333 2213; x_wconf 72' lang='lat' dir='ltr'><strong>pra:-</strong></span> 
     </span>
    </p>
   </div>
   <div class='ocr_carea' id='block_1_39' title="bbox 762 2228 2335 2304">
    <p class='ocr_par' dir='ltr' id='par_1_39' title="bbox 762 2228 2335 2304">
     <span class='ocr_line' id='line_1_39' title="bbox 762 2228 2335 2304; baseline 0.006 -24"><span class='ocrx_word' id='word_1_264' title='bbox 762 2228 1148 2282; x_wconf 86' lang='lat' dir='ltr'><strong>termitteudus</strong></span> <span class='ocrx_word' id='word_1_265' title='bbox 1207 2238 1311 2292; x_wconf 83' lang='lat' dir='ltr'><strong>est,</strong></span> <span class='ocrx_word' id='word_1_266' title='bbox 1348 2244 1536 2282; x_wconf 87' lang='lat' dir='ltr'><strong>verum</strong></span> <span class='ocrx_word' id='word_1_267' title='bbox 1581 2245 1643 2283; x_wconf 79' lang='lat' dir='ltr'><strong>ex</strong></span> <span class='ocrx_word' id='word_1_268' title='bbox 1679 2232 1957 2295; x_wconf 88' lang='lat' dir='ltr'><strong>omnibus,</strong></span> <span class='ocrx_word' id='word_1_269' title='bbox 2007 2242 2062 2286; x_wconf 93' lang='lat' dir='ltr'><strong>ut</strong></span> <span class='ocrx_word' id='word_1_270' title='bbox 2097 2250 2217 2304; x_wconf 76' lang='lat' dir='ltr'><strong>qua:</strong></span> <span class='ocrx_word' id='word_1_271' title='bbox 2241 2251 2335 2304; x_wconf 90' lang='lat' dir='ltr'><strong>per</strong></span> 
     </span>
    </p>
   </div>
   <div class='ocr_carea' id='block_1_40' title="bbox 765 2315 2334 2394">
    <p class='ocr_par' dir='ltr' id='par_1_40' title="bbox 765 2315 2334 2394">
     <span class='ocr_line' id='line_1_40' title="bbox 765 2315 2334 2394; baseline 0.008 -24"><span class='ocrx_word' id='word_1_272' title='bbox 765 2315 1031 2386; x_wconf 86' lang='lat' dir='ltr'><strong>Spiritum</strong></span> <span class='ocrx_word' id='word_1_273' title='bbox 1063 2320 1172 2373; x_wconf 88' lang='lat' dir='ltr'><strong>sint</strong></span> <span class='ocrx_word' id='word_1_274' title='bbox 1207 2327 1484 2381; x_wconf 85' lang='lat' dir='ltr'><strong>enarrata,</strong></span> <span class='ocrx_word' id='word_1_275' title='bbox 1523 2321 1828 2389; x_wconf 85' lang='lat' dir='ltr'><strong>spiritualis</strong></span> <span class='ocrx_word' id='word_1_276' title='bbox 1878 2325 2100 2394; x_wconf 84' lang='lat' dir='ltr'><strong>quidam</strong></span> <span class='ocrx_word' id='word_1_277' title='bbox 2137 2342 2334 2383; x_wconf 83' lang='lat' dir='ltr'><strong>sensus</strong></span> 
     </span>
    </p>
   </div>
   <div class='ocr_carea' id='block_1_41' title="bbox 768 2410 2338 2486">
    <p class='ocr_par' dir='ltr' id='par_1_41' title="bbox 768 2410 2338 2486">
     <span class='ocr_line' id='line_1_41' title="bbox 768 2410 2338 2486; baseline 0.008 -24"><span class='ocrx_word' id='word_1_278' title='bbox 768 2410 1133 2479; x_wconf 82' lang='lat' dir='ltr'><strong>inquirendus</strong></span> <span class='ocrx_word' id='word_1_279' title='bbox 1161 2419 1266 2465; x_wconf 91' lang='lat' dir='ltr'><strong>est.</strong></span> <span class='ocrx_word' id='word_1_280' title='bbox 1297 2411 1614 2471; x_wconf 83' lang='lat' dir='ltr'><strong>Paracletus</strong></span> <span class='ocrx_word' id='word_1_281' title='bbox 1642 2426 1820 2469; x_wconf 89' lang='lat' dir='ltr'><strong>autem</strong></span> <span class='ocrx_word' id='word_1_282' title='bbox 1855 2419 1949 2486; x_wconf 91' lang='lat' dir='ltr'><strong>qui</strong></span> <span class='ocrx_word' id='word_1_283' title='bbox 1986 2419 2092 2474; x_wconf 87' lang='lat' dir='ltr'><strong>ista</strong></span> <span class='ocrx_word' id='word_1_284' title='bbox 2121 2420 2338 2476; x_wconf 80' lang='lat' dir='ltr'><strong>locutus</strong></span> 
     </span>
    </p>
   </div>
   <div class='ocr_carea' id='block_1_42' title="bbox 764 2501 2338 2575">
    <p class='ocr_par' dir='ltr' id='par_1_42' title="bbox 764 2501 2338 2575">
     <span class='ocr_line' id='line_1_42' title="bbox 764 2501 2338 2575; baseline 0.008 -23"><span class='ocrx_word' id='word_1_285' title='bbox 764 2508 888 2562; x_wconf 89' lang='lat' dir='ltr'><strong>est,</strong></span> <span class='ocrx_word' id='word_1_286' title='bbox 960 2501 1027 2554; x_wconf 89' lang='lat' dir='ltr'><strong>iis</strong></span> <span class='ocrx_word' id='word_1_287' title='bbox 1081 2502 1173 2569; x_wconf 90' lang='lat' dir='ltr'><strong>qui</strong></span> <span class='ocrx_word' id='word_1_288' title='bbox 1223 2511 1371 2554; x_wconf 86' lang='lat' dir='ltr'><strong>recte</strong></span> <span class='ocrx_word' id='word_1_289' title='bbox 1434 2512 1684 2571; x_wconf 67' lang='lat' dir='ltr'><strong>quaerunt</strong></span> <span class='ocrx_word' id='word_1_290' title='bbox 1752 2507 2040 2575; x_wconf 65' lang='lat' dir='ltr'><strong>quaesitum</strong></span> <span class='ocrx_word' id='word_1_291' title='bbox 2095 2509 2338 2566; x_wconf 86' lang='lat' dir='ltr'><strong>invenire</strong></span> 
     </span>
    </p>
   </div>
   <div class='ocr_carea' id='block_1_43' title="bbox 765 2593 2335 2662">
    <p class='ocr_par' dir='ltr' id='par_1_43' title="bbox 765 2593 2335 2662">
     <span class='ocr_line' id='line_1_43' title="bbox 765 2593 2335 2662; baseline 0.006 -16"><span class='ocrx_word' id='word_1_292' title='bbox 765 2595 991 2648; x_wconf 89' lang='lat' dir='ltr'><strong>omnino</strong></span> <span class='ocrx_word' id='word_1_293' title='bbox 1039 2593 1208 2651; x_wconf 89' lang='lat' dir='ltr'><strong>dabit.</strong></span> <span class='ocrx_word' id='word_1_294' title='bbox 1239 2595 1278 2644; x_wconf 87' lang='lat' dir='ltr'><strong>A</strong></span> <span class='ocrx_word' id='word_1_295' title='bbox 1326 2609 1438 2661; x_wconf 92' lang='lat' dir='ltr'><strong>quo</strong></span> <span class='ocrx_word' id='word_1_296' title='bbox 1483 2603 1537 2648; x_wconf 91' lang='lat' dir='ltr'><strong>et</strong></span> <span class='ocrx_word' id='word_1_297' title='bbox 1571 2610 1670 2650; x_wconf 89' lang='lat' dir='ltr'><strong>nos</strong></span> <span class='ocrx_word' id='word_1_298' title='bbox 1711 2596 2024 2662; x_wconf 89' lang='lat' dir='ltr'><strong>illuminati,</strong></span> <span class='ocrx_word' id='word_1_299' title='bbox 2058 2598 2123 2654; x_wconf 91' lang='lat' dir='ltr'><strong>ad</strong></span> <span class='ocrx_word' id='word_1_300' title='bbox 2167 2600 2335 2655; x_wconf 87' lang='lat' dir='ltr'><strong>divini</strong></span> 
     </span>
    </p>
   </div>
   <div class='ocr_carea' id='block_1_44' title="bbox 676 2685 2333 2760">
    <p class='ocr_par' dir='ltr' id='par_1_44' title="bbox 676 2685 2333 2760">
     <span class='ocr_line' id='line_1_44' title="bbox 676 2685 2333 2760; baseline 0.006 -22"><span class='ocrx_word' id='word_1_301' title='bbox 676 2692 678 2695; x_wconf 86' lang='lat'>&#39;</span> <span class='ocrx_word' id='word_1_302' title='bbox 768 2701 892 2739; x_wconf 89' lang='lat' dir='ltr'><strong>cum</strong></span> <span class='ocrx_word' id='word_1_303' title='bbox 941 2686 1092 2739; x_wconf 90' lang='lat' dir='ltr'><strong>verbi</strong></span> <span class='ocrx_word' id='word_1_304' title='bbox 1139 2695 1250 2738; x_wconf 89' lang='lat' dir='ltr'><strong>tum</strong></span> <span class='ocrx_word' id='word_1_305' title='bbox 1303 2685 1427 2739; x_wconf 73' lang='lat' dir='ltr'><strong>vitae</strong></span> <span class='ocrx_word' id='word_1_306' title='bbox 1478 2687 1763 2742; x_wconf 87' lang='lat' dir='ltr'><strong>veritatem</strong></span> <span class='ocrx_word' id='word_1_307' title='bbox 1799 2705 2012 2759; x_wconf 88' lang='lat' dir='ltr'><strong>semper</strong></span> <span class='ocrx_word' id='word_1_308' title='bbox 2047 2690 2333 2760; x_wconf 88' lang='lat' dir='ltr'><strong>ducamur,</strong></span> 
     </span>
    </p>
   </div>
   <div class='ocr_carea' id='block_1_45' title="bbox 769 2777 2336 2849">
    <p class='ocr_par' dir='ltr' id='par_1_45' title="bbox 769 2777 2336 2849">
     <span class='ocr_line' id='line_1_45' title="bbox 769 2777 2336 2849; baseline 0.006 -19"><span class='ocrx_word' id='word_1_309' title='bbox 769 2789 946 2847; x_wconf 77' lang='lat' dir='ltr'><strong>neque</strong></span> <span class='ocrx_word' id='word_1_310' title='bbox 993 2777 1145 2832; x_wconf 81' lang='lat' dir='ltr'><strong>vanis</strong></span> <span class='ocrx_word' id='word_1_311' title='bbox 1177 2777 1524 2846; x_wconf 82' lang='lat' dir='ltr'><strong>Opiniouibus</strong></span> <span class='ocrx_word' id='word_1_312' title='bbox 1563 2778 1790 2844; x_wconf 89' lang='lat' dir='ltr'><strong>subditi,</strong></span> <span class='ocrx_word' id='word_1_313' title='bbox 1841 2796 2018 2849; x_wconf 87' lang='lat' dir='ltr'><strong>neque</strong></span> <span class='ocrx_word' id='word_1_314' title='bbox 2049 2785 2336 2840; x_wconf 85' lang='lat' dir='ltr'><strong>mendacio</strong></span> 
     </span>
    </p>
   </div>
   <div class='ocr_carea' id='block_1_46' title="bbox 768 2865 2335 2940">
    <p class='ocr_par' dir='ltr' id='par_1_46' title="bbox 768 2865 2335 2940">
     <span class='ocr_line' id='line_1_46' title="bbox 768 2865 2335 2940; baseline 0.008 -22"><span class='ocrx_word' id='word_1_315' title='bbox 768 2866 1066 2934; x_wconf 84' lang='lat' dir='ltr'><strong>voluptatis</strong></span> <span class='ocrx_word' id='word_1_316' title='bbox 1113 2865 1404 2921; x_wconf 74' lang='lat' dir='ltr'><strong>mundana:</strong></span> <span class='ocrx_word' id='word_1_317' title='bbox 1455 2867 1684 2922; x_wconf 89' lang='lat' dir='ltr'><strong>inescati</strong></span> <span class='ocrx_word' id='word_1_318' title='bbox 1713 2886 1727 2922; x_wconf 91' lang='lat'><strong>:</strong></span> <span class='ocrx_word' id='word_1_319' title='bbox 1753 2880 1809 2925; x_wconf 91' lang='lat' dir='ltr'><strong>et</strong></span> <span class='ocrx_word' id='word_1_320' title='bbox 1845 2873 1939 2940; x_wconf 90' lang='lat' dir='ltr'><strong>qui</strong></span> <span class='ocrx_word' id='word_1_321' title='bbox 1968 2874 2110 2927; x_wconf 85' lang='lat' dir='ltr'><strong>servi</strong></span> <span class='ocrx_word' id='word_1_322' title='bbox 2141 2890 2335 2931; x_wconf 79' lang='lat' dir='ltr'><strong>sttmus</strong></span> 
     </span>
    </p>
   </div>
   <div class='ocr_carea' id='block_1_47' title="bbox 771 2957 2336 3029">
    <p class='ocr_par' dir='ltr' id='par_1_47' title="bbox 771 2957 2336 3029">
     <span class='ocr_line' id='line_1_47' title="bbox 771 2957 2336 3029; baseline 0.01 -21"><span class='ocrx_word' id='word_1_323' title='bbox 771 2971 872 3010; x_wconf 88' lang='lat' dir='ltr'><strong>nos</strong></span> <span class='ocrx_word' id='word_1_324' title='bbox 917 2957 1067 3026; x_wconf 87' lang='lat' dir='ltr'><strong>ipsos</strong></span> <span class='ocrx_word' id='word_1_325' title='bbox 1116 2973 1212 3026; x_wconf 86' lang='lat' dir='ltr'><strong>per</strong></span> <span class='ocrx_word' id='word_1_326' title='bbox 1248 2957 1405 3013; x_wconf 82' lang='lat' dir='ltr'><strong>ﬁdem</strong></span> <span class='ocrx_word' id='word_1_327' title='bbox 1443 2972 1496 3014; x_wconf 68' lang='grc' dir='ltr'>ει.</span> <span class='ocrx_word' id='word_1_328' title='bbox 1527 2960 1780 3015; x_wconf 77' lang='lat' dir='ltr'><strong>virtutem</strong></span> <span class='ocrx_word' id='word_1_329' title='bbox 1824 2963 2088 3029; x_wconf 89' lang='lat' dir='ltr'><strong>ingenuos</strong></span> <span class='ocrx_word' id='word_1_330' title='bbox 2140 2968 2336 3022; x_wconf 88' lang='lat' dir='ltr'><strong>redda-</strong></span> 
     </span>
    </p>
   </div>
   <div class='ocr_carea' id='block_1_48' title="bbox 774 3048 2336 3115">
    <p class='ocr_par' dir='ltr' id='par_1_48' title="bbox 774 3048 2336 3115">
     <span class='ocr_line' id='line_1_48' title="bbox 774 3048 2336 3115; baseline 0.01 -15"><span class='ocrx_word' id='word_1_331' title='bbox 774 3063 900 3101; x_wconf 85' lang='lat' dir='ltr'><strong>mus</strong></span> <span class='ocrx_word' id='word_1_332' title='bbox 931 3066 943 3101; x_wconf 89' lang='lat'>:</span> <span class='ocrx_word' id='word_1_333' title='bbox 982 3048 1189 3101; x_wconf 88' lang='lat' dir='ltr'><strong>domini</strong></span> <span class='ocrx_word' id='word_1_334' title='bbox 1219 3063 1368 3114; x_wconf 89' lang='lat' dir='ltr'><strong>vero,</strong></span> <span class='ocrx_word' id='word_1_335' title='bbox 1400 3064 1522 3103; x_wconf 90' lang='lat' dir='ltr'><strong>cum</strong></span> <span class='ocrx_word' id='word_1_336' title='bbox 1568 3066 1759 3108; x_wconf 75' lang='lat' dir='ltr'><strong>servos</strong></span> <span class='ocrx_word' id='word_1_337' title='bbox 1807 3064 2026 3110; x_wconf 88' lang='lat' dir='ltr'><strong>nostros</strong></span> <span class='ocrx_word' id='word_1_338' title='bbox 2055 3059 2336 3115; x_wconf 85' lang='lat' dir='ltr'><strong>videamus</strong></span> 
     </span>
    </p>
   </div>
   <div class='ocr_carea' id='block_1_49' title="bbox 774 3139 2336 3218">
    <p class='ocr_par' dir='ltr' id='par_1_49' title="bbox 774 3139 2336 3218">
     <span class='ocr_line' id='line_1_49' title="bbox 774 3139 2336 3218; baseline 0.008 -26"><span class='ocrx_word' id='word_1_339' title='bbox 774 3146 996 3192; x_wconf 83' lang='lat' dir='ltr'><strong>sanctos</strong></span> <span class='ocrx_word' id='word_1_340' title='bbox 1020 3145 1073 3191; x_wconf 93' lang='lat' dir='ltr'><strong>et</strong></span> <span class='ocrx_word' id='word_1_341' title='bbox 1101 3139 1397 3209; x_wconf 88' lang='lat' dir='ltr'><strong>apostolos,</strong></span> <span class='ocrx_word' id='word_1_342' title='bbox 1432 3141 1753 3198; x_wconf 84' lang='lat' dir='ltr'><strong>studeamus</strong></span> <span class='ocrx_word' id='word_1_343' title='bbox 1775 3160 1881 3198; x_wconf 92' lang='lat' dir='ltr'><strong>non</strong></span> <span class='ocrx_word' id='word_1_344' title='bbox 1923 3148 2097 3201; x_wconf 87' lang='lat' dir='ltr'><strong>multo</strong></span> <span class='ocrx_word' id='word_1_345' title='bbox 2124 3149 2336 3218; x_wconf 90' lang='lat' dir='ltr'><strong>ignobi-</strong></span> 
     </span>
    </p>
   </div>
   <div class='ocr_carea' id='block_1_50' title="bbox 776 3228 2338 3310">
    <p class='ocr_par' dir='ltr' id='par_1_50' title="bbox 776 3228 2338 3310">
     <span class='ocr_line' id='line_1_50' title="bbox 776 3228 2338 3310; baseline 0.009 -29"><span class='ocrx_word' id='word_1_346' title='bbox 776 3229 940 3283; x_wconf 89' lang='lat' dir='ltr'><strong>liores</strong></span> <span class='ocrx_word' id='word_1_347' title='bbox 989 3228 1096 3284; x_wconf 83' lang='lat' dir='ltr'><strong>illis</strong></span> <span class='ocrx_word' id='word_1_348' title='bbox 1143 3229 1376 3285; x_wconf 91' lang='lat' dir='ltr'><strong>inveniri</strong></span> <span class='ocrx_word' id='word_1_349' title='bbox 1411 3233 1463 3285; x_wconf 92' lang='lat' dir='ltr'><strong>in</strong></span> <span class='ocrx_word' id='word_1_350' title='bbox 1507 3248 1674 3301; x_wconf 75' lang='lat' dir='ltr'><strong>reg-uo</strong></span> <span class='ocrx_word' id='word_1_351' title='bbox 1719 3235 1954 3302; x_wconf 88' lang='lat' dir='ltr'><strong>Domini,</strong></span> <span class='ocrx_word' id='word_1_352' title='bbox 1989 3240 2080 3308; x_wconf 86' lang='lat' dir='ltr'><strong>qui</strong></span> <span class='ocrx_word' id='word_1_353' title='bbox 2120 3251 2338 3310; x_wconf 88' lang='lat' dir='ltr'><strong>propter</strong></span> 
     </span>
    </p>
   </div>
   <div class='ocr_carea' id='block_1_51' title="bbox 777 3321 2336 3393">
    <p class='ocr_par' dir='ltr' id='par_1_51' title="bbox 777 3321 2336 3393">
     <span class='ocr_line' id='line_1_51' title="bbox 777 3321 2336 3393; baseline 0.008 -19"><span class='ocrx_word' id='word_1_354' title='bbox 777 3337 878 3375; x_wconf 83' lang='lat' dir='ltr'><strong>nos</strong></span> <span class='ocrx_word' id='word_1_355' title='bbox 917 3321 1081 3375; x_wconf 89' lang='lat' dir='ltr'><strong>etiam</strong></span> <span class='ocrx_word' id='word_1_356' title='bbox 1123 3337 1313 3377; x_wconf 77' lang='lat' dir='ltr'><strong>semis</strong></span> <span class='ocrx_word' id='word_1_357' title='bbox 1336 3325 1610 3393; x_wconf 88' lang='lat' dir='ltr'><strong>apparuit,</strong></span> <span class='ocrx_word' id='word_1_358' title='bbox 1643 3325 1847 3382; x_wconf 89' lang='lat' dir='ltr'><strong>Christi</strong></span> <span class='ocrx_word' id='word_1_359' title='bbox 1871 3330 1981 3383; x_wconf 90' lang='lat' dir='ltr'><strong>veri</strong></span> <span class='ocrx_word' id='word_1_360' title='bbox 2009 3331 2100 3384; x_wconf 85' lang='lat' dir='ltr'><strong>Dei</strong></span> <span class='ocrx_word' id='word_1_361' title='bbox 2139 3335 2336 3388; x_wconf 72' lang='lat' dir='ltr'><strong>nostri.</strong></span> 
     </span>
    </p>
   </div>
   <div class='ocr_carea' id='block_1_52' title="bbox 2442 1960 4028 2035">
    <p class='ocr_par' dir='ltr' id='par_1_52' title="bbox 2442 1960 4028 2035">
     <span class='ocr_line' id='line_1_52' title="bbox 2442 1960 4028 2035; baseline -0.004 -17"><span class='ocrx_word' id='word_1_362' title='bbox 2442 1967 2580 2034; x_wconf 73' lang='grc' dir='ltr'>μεῢα</span> <span class='ocrx_word' id='word_1_363' title='bbox 2617 1968 2678 2018; x_wconf 82' lang='grc' dir='ltr'>ὲκ</span> <span class='ocrx_word' id='word_1_364' title='bbox 2721 1968 2817 2034; x_wconf 68' lang='grc' dir='ltr'>τῆς</span> <span class='ocrx_word' id='word_1_365' title='bbox 2859 1965 3114 2035; x_wconf 77' lang='grc' dir='ltr'><strong>βραχείας</strong></span> <span class='ocrx_word' id='word_1_366' title='bbox 3144 1965 3346 2032; x_wconf 81' lang='grc' dir='ltr'><strong>ταύτης</strong></span> <span class='ocrx_word' id='word_1_367' title='bbox 3394 1965 3487 2015; x_wconf 68' lang='grc' dir='ltr'><strong>καὶ</strong></span> <span class='ocrx_word' id='word_1_368' title='bbox 3526 1961 3730 2031; x_wconf 80' lang='grc' dir='ltr'>σαφοῦς</span> <span class='ocrx_word' id='word_1_369' title='bbox 3761 1960 4028 2027; x_wconf 73' lang='grc' dir='ltr'>δοκούσης</span> 
     </span>
    </p>
   </div>
   <div class='ocr_carea' id='block_1_53' title="bbox 2452 2052 4028 2128">
    <p class='ocr_par' dir='ltr' id='par_1_53' title="bbox 2452 2052 4028 2128">
     <span class='ocr_line' id='line_1_53' title="bbox 2452 2052 4028 2128; baseline -0.005 -17"><span class='ocrx_word' id='word_1_370' title='bbox 2452 2059 2772 2128; x_wconf 81' lang='grc' dir='ltr'>Ἐπιστολῆς</span> <span class='ocrx_word' id='word_1_371' title='bbox 2794 2076 2810 2124; x_wconf 86' lang='grc'><strong>;</strong></span> <span class='ocrx_word' id='word_1_372' title='bbox 2845 2059 3028 2120; x_wconf 75' lang='grc' dir='ltr'>Οὕτως</span> <span class='ocrx_word' id='word_1_373' title='bbox 3058 2058 3163 2125; x_wconf 77' lang='grc' dir='ltr'><strong>ἄρα</strong></span> <span class='ocrx_word' id='word_1_374' title='bbox 3189 2059 3340 2110; x_wconf 75' lang='grc' dir='ltr'>οὐδὲν</span> <span class='ocrx_word' id='word_1_375' title='bbox 3365 2058 3470 2109; x_wconf 81' lang='grc' dir='ltr'><strong>τῶν</strong></span> <span class='ocrx_word' id='word_1_376' title='bbox 3499 2057 3597 2125; x_wconf 77' lang='grc' dir='ltr'>τῆς</span> <span class='ocrx_word' id='word_1_377' title='bbox 3622 2056 3842 2126; x_wconf 68' lang='grc' dir='ltr'>Γραφῆς</span> <span class='ocrx_word' id='word_1_378' title='bbox 3867 2052 4028 2114; x_wconf 83' lang='grc' dir='ltr'>ἀνεξ-</span> 
     </span>
    </p>
   </div>
   <div class='ocr_carea' id='block_1_54' title="bbox 2439 2145 4028 2214">
    <p class='ocr_par' dir='ltr' id='par_1_54' title="bbox 2439 2145 4028 2214">
     <span class='ocr_line' id='line_1_54' title="bbox 2439 2145 4028 2214; baseline -0.006 -8"><span class='ocrx_word' id='word_1_379' title='bbox 2439 2155 2662 2206; x_wconf 80' lang='grc' dir='ltr'>έταστον</span> <span class='ocrx_word' id='word_1_380' title='bbox 2687 2155 2766 2205; x_wconf 85' lang='grc' dir='ltr'>δεῖ</span> <span class='ocrx_word' id='word_1_381' title='bbox 2790 2152 3134 2214; x_wconf 59' lang='grc' dir='ltr'>καταλιπεῖν,</span> <span class='ocrx_word' id='word_1_382' title='bbox 3191 2151 3305 2203; x_wconf 81' lang='grc' dir='ltr'>ἀλλ’</span> <span class='ocrx_word' id='word_1_383' title='bbox 3340 2154 3401 2203; x_wconf 78' lang='grc' dir='ltr'>ἐκ</span> <span class='ocrx_word' id='word_1_384' title='bbox 3448 2151 3683 2206; x_wconf 80' lang='grc' dir='ltr'>πάντων,</span> <span class='ocrx_word' id='word_1_385' title='bbox 3742 2149 3815 2208; x_wconf 85' lang='grc' dir='ltr'>ὡς</span> <span class='ocrx_word' id='word_1_386' title='bbox 3854 2145 4028 2198; x_wconf 55' lang='grc' dir='ltr'>Πκιεύ-</span> 
     </span>
    </p>
   </div>
   <div class='ocr_carea' id='block_1_55' title="bbox 2440 2239 4026 2314">
    <p class='ocr_par' dir='ltr' id='par_1_55' title="bbox 2440 2239 4026 2314">
     <span class='ocr_line' id='line_1_55' title="bbox 2440 2239 4026 2314; baseline -0.006 -15"><span class='ocrx_word' id='word_1_387' title='bbox 2440 2263 2571 2314; x_wconf 84' lang='grc' dir='ltr'>ματι</span> <span class='ocrx_word' id='word_1_388' title='bbox 2604 2245 2966 2314; x_wconf 83' lang='grc' dir='ltr'><strong>λαληθέντων,</strong></span> <span class='ocrx_word' id='word_1_389' title='bbox 3013 2243 3295 2312; x_wconf 80' lang='grc' dir='ltr'>ἐπιζητεῖν</span> <span class='ocrx_word' id='word_1_390' title='bbox 3335 2242 3703 2310; x_wconf 82' lang='grc' dir='ltr'>πνευματικόν</span> <span class='ocrx_word' id='word_1_391' title='bbox 3733 2257 3850 2293; x_wconf 80' lang='grc' dir='ltr'>τινα</span> <span class='ocrx_word' id='word_1_392' title='bbox 3890 2239 4026 2291; x_wconf 75' lang='grc' dir='ltr'>νοῦν</span> 
     </span>
    </p>
   </div>
   <div class='ocr_carea' id='block_1_56' title="bbox 2437 2331 4024 2405">
    <p class='ocr_par' dir='ltr' id='par_1_56' title="bbox 2437 2331 4024 2405">
     <span class='ocr_line' id='line_1_56' title="bbox 2437 2331 4024 2405; baseline -0.007 -14"><span class='ocrx_word' id='word_1_393' title='bbox 2437 2340 2531 2392; x_wconf 68' lang='grc' dir='ltr'><strong>καὶ</strong></span> <span class='ocrx_word' id='word_1_394' title='bbox 2578 2336 2870 2405; x_wconf 77' lang='grc' dir='ltr'>ὠφέλιμον.</span> <span class='ocrx_word' id='word_1_395' title='bbox 2915 2337 3139 2397; x_wconf 82' lang='grc' dir='ltr'>Πάντως</span> <span class='ocrx_word' id='word_1_396' title='bbox 3182 2335 3238 2387; x_wconf 76' lang='grc' dir='ltr'>δὲ</span> <span class='ocrx_word' id='word_1_397' title='bbox 3266 2337 3293 2387; x_wconf 82' lang='grc' dir='ltr'>ὁ</span> <span class='ocrx_word' id='word_1_398' title='bbox 3332 2334 3504 2386; x_wconf 74' lang='grc' dir='ltr'>ταῦτα</span> <span class='ocrx_word' id='word_1_399' title='bbox 3559 2331 3795 2402; x_wconf 80' lang='grc' dir='ltr'>λαλήσας</span> <span class='ocrx_word' id='word_1_400' title='bbox 3832 2333 4024 2399; x_wconf 63' lang='grc' dir='ltr'>Παρα-</span> 
     </span>
    </p>
   </div>
   <div class='ocr_carea' id='block_1_57' title="bbox 2438 2423 4026 2500">
    <p class='ocr_par' dir='ltr' id='par_1_57' title="bbox 2438 2423 4026 2500">
     <span class='ocr_line' id='line_1_57' title="bbox 2438 2423 4026 2500; baseline -0.007 -16"><span class='ocrx_word' id='word_1_401' title='bbox 2438 2432 2631 2500; x_wconf 84' lang='grc' dir='ltr'>κλητος</span> <span class='ocrx_word' id='word_1_402' title='bbox 2655 2428 2814 2481; x_wconf 86' lang='grc' dir='ltr'>δώσει</span> <span class='ocrx_word' id='word_1_403' title='bbox 2843 2428 2956 2489; x_wconf 80' lang='grc' dir='ltr'>τοῖς</span> <span class='ocrx_word' id='word_1_404' title='bbox 2981 2426 3162 2491; x_wconf 82' lang='grc' dir='ltr'>καλῶς</span> <span class='ocrx_word' id='word_1_405' title='bbox 3188 2425 3408 2495; x_wconf 73' lang='grc' dir='ltr'>ζητοῦσι</span> <span class='ocrx_word' id='word_1_406' title='bbox 3432 2424 3529 2477; x_wconf 82' lang='grc' dir='ltr'>τοῦ</span> <span class='ocrx_word' id='word_1_407' title='bbox 3557 2423 3888 2494; x_wconf 70' lang='grc' dir='ltr'>ζητουμένου</span> <span class='ocrx_word' id='word_1_408' title='bbox 3921 2423 4026 2490; x_wconf 73' lang='grc' dir='ltr'><strong>τὴν</strong></span> 
     </span>
    </p>
   </div>
   <div class='ocr_carea' id='block_1_58' title="bbox 2437 2510 4027 2589">
    <p class='ocr_par' dir='ltr' id='par_1_58' title="bbox 2437 2510 4027 2589">
     <span class='ocr_line' id='line_1_58' title="bbox 2437 2510 4027 2589; baseline -0.006 -17"><span class='ocrx_word' id='word_1_409' title='bbox 2437 2520 2674 2589; x_wconf 81' lang='grc' dir='ltr'>εὕρεσιν.</span> <span class='ocrx_word' id='word_1_410' title='bbox 2718 2510 2918 2586; x_wconf 75' lang='grc' dir='ltr'><strong>Ὑφ’οὖ</strong></span> <span class='ocrx_word' id='word_1_411' title='bbox 2952 2519 3046 2570; x_wconf 69' lang='grc' dir='ltr'>καὶ</span> <span class='ocrx_word' id='word_1_412' title='bbox 3075 2520 3235 2586; x_wconf 83' lang='grc' dir='ltr'>ἡμεῖς</span> <span class='ocrx_word' id='word_1_413' title='bbox 3271 2515 3652 2584; x_wconf 79' lang='grc' dir='ltr'>φωτιζόμενοι,</span> <span class='ocrx_word' id='word_1_414' title='bbox 3693 2511 4027 2582; x_wconf 74' lang='grc' dir='ltr'>ὀδηγοίμεθα</span> 
     </span>
    </p>
   </div>
   <div class='ocr_carea' id='block_1_59' title="bbox 2435 2607 4021 2682">
    <p class='ocr_par' dir='ltr' id='par_1_59' title="bbox 2435 2607 4021 2682">
     <span class='ocr_line' id='line_1_59' title="bbox 2435 2607 4021 2682; baseline -0.005 -17"><span class='ocrx_word' id='word_1_415' title='bbox 2435 2614 2521 2665; x_wconf 80' lang='grc' dir='ltr'>ἀεὶ</span> <span class='ocrx_word' id='word_1_416' title='bbox 2556 2613 2691 2682; x_wconf 84' lang='grc' dir='ltr'>πρὸς</span> <span class='ocrx_word' id='word_1_417' title='bbox 2715 2611 2813 2679; x_wconf 80' lang='grc' dir='ltr'>τὴν</span> <span class='ocrx_word' id='word_1_418' title='bbox 2836 2610 3092 2680; x_wconf 81' lang='grc' dir='ltr'>ἀλήθειαν</span> <span class='ocrx_word' id='word_1_419' title='bbox 3117 2609 3206 2662; x_wconf 78' lang='grc' dir='ltr'>τοῦ</span> <span class='ocrx_word' id='word_1_420' title='bbox 3236 2611 3375 2662; x_wconf 72' lang='grc' dir='ltr'>κατὰ</span> <span class='ocrx_word' id='word_1_421' title='bbox 3405 2609 3537 2661; x_wconf 81' lang='grc' dir='ltr'>Θεὸν</span> <span class='ocrx_word' id='word_1_422' title='bbox 3567 2609 3727 2675; x_wconf 83' lang='grc' dir='ltr'>λόγου</span> <span class='ocrx_word' id='word_1_423' title='bbox 3757 2607 3849 2659; x_wconf 75' lang='grc' dir='ltr'><strong>καὶ</strong></span> <span class='ocrx_word' id='word_1_424' title='bbox 3873 2607 4021 2675; x_wconf 70' lang='grc' dir='ltr'>βίον,</span> 
     </span>
    </p>
   </div>
   <div class='ocr_carea' id='block_1_60' title="bbox 2442 2697 4024 2773">
    <p class='ocr_par' dir='ltr' id='par_1_60' title="bbox 2442 2697 4024 2773">
     <span class='ocr_line' id='line_1_60' title="bbox 2442 2697 4024 2773; baseline -0.006 -16"><span class='ocrx_word' id='word_1_425' title='bbox 2442 2707 2576 2773; x_wconf 83' lang='grc' dir='ltr'>μήτε</span> <span class='ocrx_word' id='word_1_426' title='bbox 2610 2702 2977 2772; x_wconf 75' lang='grc' dir='ltr'>ψευδοδοξίαις</span> <span class='ocrx_word' id='word_1_427' title='bbox 3011 2702 3368 2770; x_wconf 75' lang='grc' dir='ltr'>ὑπαγόμενοι,</span> <span class='ocrx_word' id='word_1_428' title='bbox 3418 2701 3554 2770; x_wconf 85' lang='grc' dir='ltr'>μήτε</span> <span class='ocrx_word' id='word_1_429' title='bbox 3587 2700 3663 2768; x_wconf 81' lang='grc' dir='ltr'>τῷ</span> <span class='ocrx_word' id='word_1_430' title='bbox 3694 2698 3878 2766; x_wconf 73' lang='grc' dir='ltr'>ψεύδει</span> <span class='ocrx_word' id='word_1_431' title='bbox 3919 2697 4024 2760; x_wconf 74' lang='grc' dir='ltr'>τῆς</span> 
     </span>
    </p>
   </div>
   <div class='ocr_carea' id='block_1_61' title="bbox 2437 2789 4024 2863">
    <p class='ocr_par' dir='ltr' id='par_1_61' title="bbox 2437 2789 4024 2863">
     <span class='ocr_line' id='line_1_61' title="bbox 2437 2789 4024 2863; baseline -0.005 -15"><span class='ocrx_word' id='word_1_432' title='bbox 2437 2793 2529 2848; x_wconf 81' lang='grc' dir='ltr'>τοῦ</span> <span class='ocrx_word' id='word_1_433' title='bbox 2565 2795 2769 2863; x_wconf 80' lang='grc' dir='ltr'><strong>κόσμου</strong></span> <span class='ocrx_word' id='word_1_434' title='bbox 2819 2794 3010 2863; x_wconf 78' lang='grc' dir='ltr'>ἡδονῆς</span> <span class='ocrx_word' id='word_1_435' title='bbox 3057 2793 3432 2861; x_wconf 82' lang='grc' dir='ltr'>δελεαζόμενοι</span> <span class='ocrx_word' id='word_1_436' title='bbox 3465 2810 3478 2824; x_wconf 76' lang='grc' dir='ltr'><strong>ο</strong></span> <span class='ocrx_word' id='word_1_437' title='bbox 3522 2793 3614 2845; x_wconf 69' lang='grc' dir='ltr'>καὶ</span> <span class='ocrx_word' id='word_1_438' title='bbox 3663 2791 3716 2843; x_wconf 78' lang='grc' dir='ltr'><strong>οἵ</strong></span> <span class='ocrx_word' id='word_1_439' title='bbox 3751 2808 3806 2842; x_wconf 89' lang='grc' dir='ltr'><strong>τε</strong></span> <span class='ocrx_word' id='word_1_440' title='bbox 3843 2789 4024 2842; x_wconf 74' lang='grc' dir='ltr'>δοῦλοι</span> 
     </span>
    </p>
   </div>
   <div class='ocr_carea' id='block_1_62' title="bbox 2441 2867 4026 2951">
    <p class='ocr_par' dir='ltr' id='par_1_62' title="bbox 2441 2881 4026 2951">
     <span class='ocr_line' id='line_1_62' title="bbox 2441 2881 4026 2951; baseline -0.005 -15"><span class='ocrx_word' id='word_1_441' title='bbox 2441 2885 2668 2946; x_wconf 73' lang='grc' dir='ltr'>ἑαυτοὺς</span> <span class='ocrx_word' id='word_1_442' title='bbox 2707 2883 2796 2936; x_wconf 70' lang='grc' dir='ltr'><strong>διὰ</strong></span> <span class='ocrx_word' id='word_1_443' title='bbox 2838 2884 2935 2950; x_wconf 81' lang='grc' dir='ltr'><strong>τῆς</strong></span> <span class='ocrx_word' id='word_1_444' title='bbox 2977 2883 3212 2944; x_wconf 83' lang='grc' dir='ltr'>πίστεως</span> <span class='ocrx_word' id='word_1_445' title='bbox 3247 2883 3466 2950; x_wconf 77' lang='grc' dir='ltr'>καὶτῆς</span> <span class='ocrx_word' id='word_1_446' title='bbox 3508 2883 3707 2951; x_wconf 76' lang='grc' dir='ltr'>ἀρετῆς</span> <span class='ocrx_word' id='word_1_447' title='bbox 3747 2881 4026 2944; x_wconf 78' lang='grc' dir='ltr'>ἐ-ξευγενί-</span> 
     </span>
    </p>
   </div>
   <div class='ocr_carea' id='block_1_63' title="bbox 2439 2971 4028 3044">
    <p class='ocr_par' dir='ltr' id='par_1_63' title="bbox 2439 2971 4028 3044">
     <span class='ocr_line' id='line_1_63' title="bbox 2439 2971 4028 3044; baseline -0.004 -17"><span class='ocrx_word' id='word_1_448' title='bbox 2439 2977 2646 3044; x_wconf 81' lang='grc' dir='ltr'>ζοιμεν,</span> <span class='ocrx_word' id='word_1_449' title='bbox 2682 2975 2733 3026; x_wconf 80' lang='grc' dir='ltr'>οἶ</span> <span class='ocrx_word' id='word_1_450' title='bbox 2761 2991 2818 3026; x_wconf 87' lang='grc' dir='ltr'><strong>τε</strong></span> <span class='ocrx_word' id='word_1_451' title='bbox 2851 2974 3106 3026; x_wconf 77' lang='grc' dir='ltr'>δεσπόται</span> <span class='ocrx_word' id='word_1_452' title='bbox 3141 2974 3358 3036; x_wconf 78' lang='grc' dir='ltr'>δούλους</span> <span class='ocrx_word' id='word_1_453' title='bbox 3405 2974 3640 3043; x_wconf 83' lang='grc' dir='ltr'>δρῶντες</span> <span class='ocrx_word' id='word_1_454' title='bbox 3693 2972 3880 3038; x_wconf 70' lang='grc' dir='ltr'>ἁγίους</span> <span class='ocrx_word' id='word_1_455' title='bbox 3928 2971 4028 3022; x_wconf 74' lang='grc' dir='ltr'>καὶ</span> 
     </span>
    </p>
   </div>
   <div class='ocr_carea' id='block_1_64' title="bbox 2439 3062 4026 3135">
    <p class='ocr_par' dir='ltr' id='par_1_64' title="bbox 2439 3062 4026 3135">
     <span class='ocr_line' id='line_1_64' title="bbox 2439 3062 4026 3135; baseline -0.004 -16"><span class='ocrx_word' id='word_1_456' title='bbox 2439 3066 2787 3127; x_wconf 80' lang='grc' dir='ltr'>ἀποστόλους,</span> <span class='ocrx_word' id='word_1_457' title='bbox 2827 3065 3219 3134; x_wconf 80' lang='grc' dir='ltr'>σπουδάζοιμεν</span> <span class='ocrx_word' id='word_1_458' title='bbox 3254 3066 3329 3135; x_wconf 85' lang='grc' dir='ltr'>μὴ</span> <span class='ocrx_word' id='word_1_459' title='bbox 3369 3065 3546 3134; x_wconf 75' lang='grc' dir='ltr'>πολλῷ</span> <span class='ocrx_word' id='word_1_460' title='bbox 3586 3062 3790 3116; x_wconf 78' lang='grc' dir='ltr'>τούτων</span> <span class='ocrx_word' id='word_1_461' title='bbox 3825 3064 4026 3130; x_wconf 65' lang='grc' dir='ltr'>ἀτιμό-</span> 
     </span>
    </p>
   </div>
   <div class='ocr_carea' id='block_1_65' title="bbox 2442 3155 4026 3226">
    <p class='ocr_par' dir='ltr' id='par_1_65' title="bbox 2442 3155 4026 3226">
     <span class='ocr_line' id='line_1_65' title="bbox 2442 3155 4026 3226; baseline -0.003 -18"><span class='ocrx_word' id='word_1_462' title='bbox 2442 3174 2587 3226; x_wconf 83' lang='grc' dir='ltr'>τεροι</span> <span class='ocrx_word' id='word_1_463' title='bbox 2628 3156 2918 3225; x_wconf 81' lang='grc' dir='ltr'>εὑρεθῆναι</span> <span class='ocrx_word' id='word_1_464' title='bbox 2957 3159 3014 3208; x_wconf 81' lang='grc' dir='ltr'><strong>ἐν</strong></span> <span class='ocrx_word' id='word_1_465' title='bbox 3047 3159 3113 3226; x_wconf 85' lang='grc' dir='ltr'>τῇ</span> <span class='ocrx_word' id='word_1_466' title='bbox 3157 3156 3401 3225; x_wconf 68' lang='grc' dir='ltr'>βασιλείᾳ</span> <span class='ocrx_word' id='word_1_467' title='bbox 3439 3155 3533 3207; x_wconf 79' lang='grc' dir='ltr'>τοῦ</span> <span class='ocrx_word' id='word_1_468' title='bbox 3577 3157 3868 3216; x_wconf 79' lang='grc' dir='ltr'>Δεσπότου,</span> <span class='ocrx_word' id='word_1_469' title='bbox 3922 3156 4026 3205; x_wconf 61' lang='grc' dir='ltr'><strong>καὶ</strong></span> 
     </span>
    </p>
   </div>
   <div class='ocr_carea' id='block_1_66' title="bbox 2441 3241 4026 3314">
    <p class='ocr_par' dir='ltr' id='par_1_66' title="bbox 2441 3241 4026 3314">
     <span class='ocr_line' id='line_1_66' title="bbox 2441 3241 4026 3314; baseline -0.004 -15"><span class='ocrx_word' id='word_1_470' title='bbox 2441 3246 2508 3299; x_wconf 86' lang='grc' dir='ltr'>δι’</span> <span class='ocrx_word' id='word_1_471' title='bbox 2537 3248 2681 3314; x_wconf 81' lang='grc' dir='ltr'>ἡμᾶς</span> <span class='ocrx_word' id='word_1_472' title='bbox 2713 3245 2894 3297; x_wconf 75' lang='grc' dir='ltr'>δούλου</span> <span class='ocrx_word' id='word_1_473' title='bbox 2924 3246 3202 3313; x_wconf 80' lang='grc' dir='ltr'>φανέντος,</span> <span class='ocrx_word' id='word_1_474' title='bbox 3232 3244 3466 3314; x_wconf 74' lang='grc' dir='ltr'>Χριστοῦ</span> <span class='ocrx_word' id='word_1_475' title='bbox 3497 3244 3588 3296; x_wconf 84' lang='grc' dir='ltr'>τοῦ</span> <span class='ocrx_word' id='word_1_476' title='bbox 3608 3243 3858 3312; x_wconf 72' lang='grc' dir='ltr'>ἀληθινοῦ</span> <span class='ocrx_word' id='word_1_477' title='bbox 3880 3241 4026 3293; x_wconf 78' lang='grc' dir='ltr'>Θεοῦ</span> 
     </span>
    </p>
   </div>
   <div class='ocr_carea' id='block_1_67' title="bbox 2449 3333 4027 3406">
    <p class='ocr_par' dir='ltr' id='par_1_67' title="bbox 2449 3333 4027 3406">
     <span class='ocr_line' id='line_1_67' title="bbox 2449 3333 4027 3406; baseline -0.003 -15"><span class='ocrx_word' id='word_1_478' title='bbox 2449 3338 2632 3406; x_wconf 80' lang='grc' dir='ltr'>ἡμῶν.</span> <span class='ocrx_word' id='word_1_479' title='bbox 2687 3333 2758 3406; x_wconf 80' lang='grc' dir='ltr'><strong>’ᾯ</strong></span> <span class='ocrx_word' id='word_1_480' title='bbox 2819 3339 2851 3406; x_wconf 82' lang='grc' dir='ltr'>ὴ</span> <span class='ocrx_word' id='word_1_481' title='bbox 2890 3337 3034 3399; x_wconf 67' lang='grc' dir='ltr'>δόξει,</span> <span class='ocrx_word' id='word_1_482' title='bbox 3069 3338 3163 3389; x_wconf 75' lang='grc' dir='ltr'><strong>καὶ</strong></span> <span class='ocrx_word' id='word_1_483' title='bbox 3197 3337 3257 3388; x_wconf 84' lang='grc' dir='ltr'><strong>τὸ</strong></span> <span class='ocrx_word' id='word_1_484' title='bbox 3292 3337 3516 3406; x_wconf 77' lang='grc' dir='ltr'>κράτος,</span> <span class='ocrx_word' id='word_1_485' title='bbox 3564 3336 3656 3386; x_wconf 77' lang='grc' dir='ltr'><strong>καὶ</strong></span> <span class='ocrx_word' id='word_1_486' title='bbox 3695 3335 3887 3405; x_wconf 78' lang='grc' dir='ltr'>ἡτιμὴ</span> <span class='ocrx_word' id='word_1_487' title='bbox 3923 3333 4027 3386; x_wconf 79' lang='grc' dir='ltr'>νῦν</span> 
     </span>
    </p>
   </div>
   <div class='ocr_carea' id='block_1_68' title="bbox 773 3415 2332 3496">
    <p class='ocr_par' dir='ltr' id='par_1_68' title="bbox 773 3415 2332 3493">
     <span class='ocr_line' id='line_1_68' title="bbox 773 3415 2332 3493; baseline 0.008 -25"><span class='ocrx_word' id='word_1_488' title='bbox 773 3415 872 3469; x_wconf 80' lang='lat' dir='ltr'><strong>Cui</strong></span> <span class='ocrx_word' id='word_1_489' title='bbox 899 3417 1096 3486; x_wconf 83' lang='lat' dir='ltr'><strong>gloria,</strong></span> <span class='ocrx_word' id='word_1_490' title='bbox 1128 3427 1181 3471; x_wconf 92' lang='lat' dir='ltr'><strong>et</strong></span> <span class='ocrx_word' id='word_1_491' title='bbox 1205 3425 1466 3487; x_wconf 85' lang='lat' dir='ltr'><strong>potestas,</strong></span> <span class='ocrx_word' id='word_1_492' title='bbox 1495 3429 1548 3474; x_wconf 87' lang='lat' dir='ltr'><strong>et</strong></span> <span class='ocrx_word' id='word_1_493' title='bbox 1583 3421 1757 3474; x_wconf 86' lang='lat' dir='ltr'><strong>honor</strong></span> <span class='ocrx_word' id='word_1_494' title='bbox 1782 3437 1925 3476; x_wconf 89' lang='lat' dir='ltr'><strong>nunc</strong></span> <span class='ocrx_word' id='word_1_495' title='bbox 1948 3430 2002 3477; x_wconf 93' lang='lat' dir='ltr'><strong>et</strong></span> <span class='ocrx_word' id='word_1_496' title='bbox 2024 3437 2257 3493; x_wconf 85' lang='lat' dir='ltr'><strong>semper,</strong></span> <span class='ocrx_word' id='word_1_497' title='bbox 2289 3437 2332 3480; x_wconf 88' lang='lat' dir='ltr'><strong>el</strong></span> 
     </span>
    </p>
   </div>
   <div class='ocr_carea' id='block_1_69' title="bbox 2438 3415 3959 3496">
    <p class='ocr_par' dir='ltr' id='par_1_69' title="bbox 2438 3427 3959 3496">
     <span class='ocr_line' id='line_1_69' title="bbox 2438 3427 3959 3496; baseline -0.004 -12"><span class='ocrx_word' id='word_1_498' title='bbox 2438 3433 2531 3485; x_wconf 65' lang='grc' dir='ltr'>καὶ</span> <span class='ocrx_word' id='word_1_499' title='bbox 2561 3431 2665 3495; x_wconf 69' lang='grc' dir='ltr'>ἀεὶ,</span> <span class='ocrx_word' id='word_1_500' title='bbox 2711 3430 2804 3483; x_wconf 67' lang='grc' dir='ltr'>καὶ</span> <span class='ocrx_word' id='word_1_501' title='bbox 2833 3432 2911 3491; x_wconf 80' lang='grc' dir='ltr'>εἰς</span> <span class='ocrx_word' id='word_1_502' title='bbox 2943 3429 3072 3493; x_wconf 80' lang='grc' dir='ltr'>τοὺς</span> <span class='ocrx_word' id='word_1_503' title='bbox 3111 3429 3312 3492; x_wconf 78' lang='grc' dir='ltr'>αἰῶνας</span> <span class='ocrx_word' id='word_1_504' title='bbox 3352 3428 3460 3482; x_wconf 83' lang='grc' dir='ltr'>τῶν</span> <span class='ocrx_word' id='word_1_505' title='bbox 3489 3427 3720 3482; x_wconf 68' lang='grc' dir='ltr'>αἰώνων.</span> <span class='ocrx_word' id='word_1_506' title='bbox 3765 3429 3959 3496; x_wconf 80' lang='grc' dir='ltr'>’Λμήν,</span> 
     </span>
    </p>
   </div>
   <div class='ocr_carea' id='block_1_70' title="bbox 775 3510 1665 3568">
    <p class='ocr_par' dir='ltr' id='par_1_70' title="bbox 775 3510 1665 3568">
     <span class='ocr_line' id='line_1_70' title="bbox 775 3510 1665 3568; baseline 0.006 -6"><span class='ocrx_word' id='word_1_507' title='bbox 775 3526 829 3563; x_wconf 78' lang='grc' dir='ltr'>ιη</span> <span class='ocrx_word' id='word_1_508' title='bbox 863 3510 1061 3563; x_wconf 66' lang='lat' dir='ltr'><strong>saecula</strong></span> <span class='ocrx_word' id='word_1_509' title='bbox 1093 3512 1438 3566; x_wconf 79' lang='lat' dir='ltr'><strong>saeculorum.</strong></span> <span class='ocrx_word' id='word_1_510' title='bbox 1475 3512 1665 3568; x_wconf 83' lang='lat' dir='ltr'><strong>Amen.</strong></span> 
     </span>
    </p>
   </div>
   <div class='ocr_carea' id='block_1_71' title="bbox 861 3667 1395 3732">
    <p class='ocr_par' dir='ltr' id='par_1_71' title="bbox 861 3667 1395 3732">
     <span class='ocr_line' id='line_1_71' title="bbox 861 3667 1395 3732; baseline 0.009 -12"><span class='ocrx_word' id='word_1_511' title='bbox 861 3669 930 3702; x_wconf 81' lang='grc'><strong>⁷³⁸</strong></span> <span class='ocrx_word' id='word_1_512' title='bbox 975 3667 1016 3721; x_wconf 86' lang='lat' dir='ltr'><strong>Il</strong></span> <span class='ocrx_word' id='word_1_513' title='bbox 1047 3667 1189 3723; x_wconf 79' lang='lat' dir='ltr'><strong>Tim.</strong></span> <span class='ocrx_word' id='word_1_514' title='bbox 1221 3684 1292 3732; x_wconf 86' lang='lat' dir='ltr'><strong>tv,</strong></span> <span class='ocrx_word' id='word_1_515' title='bbox 1339 3668 1395 3725; x_wconf 90' lang='lat'><strong>9.</strong></span> 
     </span>
    </p>
   </div>
  </div>
