4154 6440
92 428 186 489 133

807 419 1208 484 EXPOSITIO
1242 419 1323 480 IN
1365 418 1605 478 EPIST.
1637 419 1730 476 AD
1774 419 2168 479 HEBRI‘EOS.
2205 446 2272 456 —
2314 420 2473 482 CAP.
2516 421 2562 479 Ι.

3247 418 3348 483 194

87 538 454 607 μεγαλειότης
507 538 890 605 ἑνθεωρεῖται,
937 529 1174 600 οὐδαμοῦ
1214 529 1387 595 αὐτῆς
1437 527 1674 596 ὑπερπί-

1782 542 1897 581 esse
1925 527 2070 580 Patri
2096 528 2380 596 aequalem.
2406 527 2463 580 In
2503 526 2674 580 forma
2705 527 2850 580 enim
2881 526 3062 581 Patris
3097 527 3355 595 majestas

85 646 294 680 πτουσα
323 646 337 658 ·
375 624 410 695 ἧ
468 628 575 696 γὰρ
605 626 670 677 ἂν
696 627 940 695 ἄμορφον
996 623 1080 690 εἴη
1109 620 1200 673 καὶ
1229 617 1461 678 ἀκαλλὲς
1484 615 1544 668 τὸ
1571 614 1674 679 ἔξω

81 719 176 783 τῆς
221 715 452 786 μορφῆς
495 717 712 779 πίπτον,
747 715 886 778 ὅπερ
917 711 1118 762 ἄτοπον
1157 708 1285 777 περὶ
1319 706 1416 758 τοῦ
1464 703 1674 774 Πατρδς

84 812 306 863 ἐννοεῖν.
375 812 438 862 Εἰ
495 811 550 861 δὲ
598 807 836 870 τοσαύτη
891 803 1040 856 ἐστὶν
1087 804 1119 870 ὴ
1165 800 1525 870 μεγαλειότης
1576 798 1672 850 τοῦ

84 903 320 968 Πατρδς,
358 901 460 970 ὅση
488 902 634 970 καὶή
671 897 876 968 μορφὴ.
908 897 936 947 ὁ
976 893 1033 946 δὲ
1061 892 1345 962 χαρακτὴρ
1389 893 1674 960 ἰσόμετρος

82 995 143 1060 τῇ
183 995 376 1060 μορ-,φῇ
406 1007 421 1022 ο
453 991 564 1060 ἔχοι
616 992 682 1043 ἂν
729 989 824 1040 καὶ
866 989 894 1038 ὁ
948 984 1235 1054 χαρακτὴρ
1274 983 1542 1050 τοσαύτην
1576 983 1674 1048 τὴν

86 1085 515 1154 μεγαλειότητα,
564 1086 664 1152 ὅση
696 1085 763 1152 τῇ
824 1081 1008 1150 μορφῇ
1055 1077 1151 1134 τοῦ
1197 1077 1334 1131 Θεοῦ
1387 1077 1674 1145 ἐνθεωριῖ-

83 1192 190 1227 ται.

148 1267 362 1333 Φέρων
407 1283 474 1319 τε
513 1266 585 1319 τὰ
613 1265 808 1320 πάντα
845 1267 925 1331 τῷ
965 1268 1190 1335 ῥήματι
1223 1263 1335 1330 τῆς
1362 1261 1674 1328 δυνάμεως

83 1359 292 1410 αὑτοῦ.
339 1359 407 1409 ’0
454 1356 648 1425 πρώην
686 1357 1156 1428 ὑποδραττόμενος
1208 1353 1325 1415 τοῦ,
1393 1353 1468 1405 δι’
1503 1348 1575 1406 οὗ
1609 1352 1672 1413 ⁸⁸.

86 1449 176 1501 καὶ
208 1450 287 1510 ὡς
343 1446 626 1515 ὑπουργὸν
657 1447 820 1500 αὑτὸν
852 1447 1023 1509 τιθεὶς
1043 1488 1057 1511 ,
1093 1446 1259 1499 ἄκουε
1283 1445 1397 1506 νῦν,
1436 1445 1484 1495 ει
1516 1442 1676 1495 δύνα-

88 1557 173 1591 σαι
201 1541 480 1600 συνεῖναι,
510 1538 623 1600 πῶς
650 1536 885 1592 ἐνταῦθα
913 1538 1128 1590 δίδωσιν
1155 1538 1183 1589 ὁ
1215 1536 1427 1596 Παῦλος
1460 1533 1536 1601 τῷ
1559 1532 1675 1601 Υἰῷ

83 1632 176 1697 τὴν
241 1629 568 1680 αύθεντὲαν.
612 1629 728 1680 Οὐκ
779 1625 899 1680 εἷπε
954 1628 1033 1690 δὲ,
1089 1628 1276 1694 Φὲρων
1320 1627 1387 1693 τῇ
1423 1623 1670 1691 δυνάμει,

87 1722 236 1785 ἀλλὰ,
283 1719 368 1784 τῷ
387 1720 613 1788 ῥήματι
643 1719 754 1786 τῆς
769 1719 1118 1787 ⁸δυνάμεως,
1150 1717 1419 1779 τουτέστι,
1476 1715 1554 1784 τῷ
1582 1715 1672 1780 γέσ

91 1829 245 1878 μοιτι
316 1810 612 1878 δυνάμεως
644 1808 721 1878 τῷ
750 1809 974 1862 δυνατὸν
1031 1808 1196 1860 αὐτὸν
1249 1806 1538 1860 δεικνύντι.
1581 1805 1670 1866 Ὡς

87 1907 187 1969 γὰρ
219 1903 416 1967 λέγεις
441 1901 535 1952 καὶ
567 1901 657 1952 τὸν
677 1901 1110 1971 Πατέρα⁶εἰπεῖν
1131 1915 1145 1929 '
1173 1899 1492 1966 Γενηθήτω
1521 1894 1666 1965 φῶς,

88 1997 176 2046 καὶ
207 1994 462 2061 ἐγένετο
486 1991 613 2060 φῶς
633 2008 644 2020 ·
678 1992 824 2044 οὕτω
855 1994 948 2045 καὶ
975 1993 1004 2044 6
1030 1992 1159 2055 Υἱὸς
1187 1993 1394 2061 ῥήματι
1424 1990 1580 2058 φέρει
1603 1988 1669 2040 τὰ

89 2088 292 2146 πάντα,
330 2085 610 2145 τουτέστι,
647 2082 907 2154 κυϐερνᾷ,
950 2085 1330 2154 συγκρατεϊ¹².
1370 2081 1586 2134 Μᾶλλον
1615 2080 1668 2131 δὲ

92 2178 279 2245 μεῖζον
299 2176 396 2228 τοῦ
430 2176 780 2243 παραγαγεῖν
805 2175 875 2226 τὰ
901 2174 1174 2236 πάντα,τδ
1197 2171 1670 2234 διαστασιάζοντα,

90 2271 175 2318 καὶ
201 2271 283 2327 εἰς
318 2268 382 2318 τὸ
418 2267 494 2336 μὴ
551 2262 688 2318 εἶναι
725 2266 985 2335 μέλλοντα
1031 2264 1386 2335 προχωρῆσαι
1433 2280 1673 2332 συγκρα-

89 2363 215 2412 τ;ἰν.
271 2359 390 2410 Καὶ
453 2357 554 2408 ούκ
605 2353 748 2417 εἷπε,
793 2356 1107 2425 Κυϐερνῶν,
1137 2356 1295 2419 ἀλλὰ,
1352 2354 1563 2423 φέρων,
1608 2357 1672 2406 ὲκ

95 2451 421 2516 μετα-φορᾶς
468 2448 579 2498 τῶν
632 2445 881 2517 δακτύλῳ
915 2465 966 2500 τι
996 2448 1352 2500 ποιούντων¹³
1406 2446 1672 2504 κινεῖσθαι

93 2545 179 2592 καὶ
233 2539 674 2608 μεταφέρεσθαι.
739 2540 842 2590 Τὴν
889 2539 994 2608 γὰρ
1022 2537 1338 2607 τηλικοῦτον
1366 2537 1526 2604 ὄγκον
1578 2538 1675 2606 τῆς

95 2633 323 2691 κτίσεως
354 2631 454 2682 τὸν
491 2631 834 2699 ύ’πέρμεγαν,
862 2629 936 2691 ὡς
965 2631 1117 2682 οὐδὲν
1140 2629 1302 2691 αὐτὸς
1323 2629 1675 2693 διαϐαστάξει

97 2726 180 2772 καὶ
208 2723 358 2788 λόγῳ
390 2721 544 2788 μόνῳ
573 2721 750 2772 πάντα
789 2721 1095 2790 δυναμένῳ.
1136 2721 1210 2773 Οὐ
1249 2722 1356 2788 γὰρ
1394 2721 1551 2791 ψιλὸν
1583 2723 1677 2777 ἐπὶ

97 2811 222 2862 Θεοῦ
253 2813 314 2862 τὸ
339 2812 412 2880 ρῆ
425 2830 523 2878 μα,
552 2812 625 2872 ὡς
646 2811 731 2879 ἐφ’
759 2811 934 2879 ημῶν.
957 2806 1087 2863 Εἶτα
1117 2811 1386 2867 τοσούτων
1411 2812 1677 2882 αἱρέσεων

99 2903 564 2969 ἀνατρεπομένων
590 2904 646 2953 ἐν
679 2901 980 2970 προοιμίοις
1000 2901 1161 2964 εὐθὺς
1188 2903 1287 2971 τῆς
1334 2904 1676 2971 Ἐπιστολῆς,

101 2993 205 3053 πῶς
234 2993 489 3059 τολμῶσί
513 3009 655 3053 τινες
683 2993 898 3044 ἀθετεῖν
934 2993 1126 3063 αὐτὴν,
1158 2993 1235 3057 ὡς
1267 2994 1341 3064 μὴ
1379 2994 1458 3063 τῷ
1483 2995 1680 3065 Παύλῳ

102 3087 511 3154 προσήκουσαν,
545 3087 842 3154 τεκμήριον
869 3085 958 3137 τὸν
990 3086 1314 3155 χαρακτῆρα
1337 3087 1434 3155 τῆς
1464 3087 1678 3156 γραφῆς

1777 619 2252 682 animadvertitur,
2269 632 2609 687 nequaquam
2636 618 2806 684 ipsam
2824 630 3194 687 exsuperans:
3219 619 3355 672 alio-

1775 711 1869 780 qui
1901 711 2134 766 informe
2159 721 2327 777 esset,
2361 724 2415 768 et
2440 711 2852 783 pulchritudine
2879 723 3098 766 vacaret
3129 712 3180 766 id
3208 712 3354 782 quod

1775 801 2006 856 formam
2035 802 2347 867 excederet,
2381 804 2431 855 id
2460 803 2605 871 quod
2627 803 2694 856 de
2713 802 2870 855 Patre
2895 804 3131 870 cogitare
3158 803 3356 854 ahsnr-

1777 895 1902 946 dum
1933 903 2036 948 est.
2072 893 2128 947 Si
2161 902 2341 948 autem
2369 903 2513 948 tanta
2537 901 2622 948 est
2647 894 2910 961 majestas
2932 890 3129 954 Patris,
3151 900 3354 960 quanta

1774 995 1827 1038 et
1888 987 2058 1038 forma
2108 993 2212 1046 est,
2267 985 2554 1036 character
2599 993 2780 1038 autem
2829 983 3062 1053 aqualis
3109 993 3193 1036 est
3251 983 3355 1050 ipsi

1776 1074 1964 1129 forma:
2041 1093 2052 1129 :
2123 1075 2347 1130 habebit
2419 1076 2584 1128 etiam
2666 1084 2872 1128 tantam
2943 1073 3356 1144 amplitudinem

1773 1165 2080 1224 character.
2111 1175 2312 1232 quanta
2343 1165 2395 1219 in
2429 1164 2522 1218 Dei
2556 1164 2730 1217 forma
2763 1179 2884 1218 esse
2923 1164 3284 1232 conspicitur.

1846 1251 2082 1308 Portam
2107 1256 2287 1307 omnia
2325 1255 2478 1308 uerbo
2515 1255 2762 1322 potentia:
2791 1270 2924 1307 sum.
2965 1251 3047 1307 Tu
3099 1255 3191 1322 qui
3248 1266 3357 1306 non

1778 1347 1853 1399 ita
1887 1346 2102 1415 pridem
2132 1345 2548 1415 apprehendens
2582 1343 2756 1408 Istud,
2786 1341 2891 1396 Per
2934 1359 3110 1411 quem,
3174 1341 3356 1410 ipsum

1776 1443 2035 1504 tanquam
2070 1435 2393 1490 ministrum
2432 1434 2839 1497 constituebas,
2866 1432 2991 1487 andi
3039 1431 3151 1498 jam
3189 1446 3357 1494 nunc,

1775 1529 1821 1582 si
1851 1528 2155 1597 intelligere
2189 1537 2366 1596 potes,
2398 1526 2676 1595 quomodo
2698 1526 2784 1578 hic
2807 1524 2946 1580 Filio
2974 1525 3358 1584 auctoritatem

1777 1620 2005 1675 tribuat.
2040 1618 2158 1672 Non
2179 1616 2318 1672 dixit
2353 1626 2561 1679 autent,
2627 1615 2861 1671 Portans
2910 1617 3177 1684 potentia,
3238 1614 3358 1678 scd,

1774 1711 2204 1777 verbopotentiw,
2233 1711 2334 1764 hoc
2363 1719 2468 1774 est,
2500 1711 2642 1779 quod
2678 1710 2940 1763 refertum
2973 1719 3057 1761 cst
3091 1707 3358 1777 potentia,

1775 1804 1922 1873 quod
1956 1804 2133 1871 ipsum
2166 1811 2442 1871 potentem
2478 1817 2602 1855 esse
2631 1803 2832 1870 arguit.
2867 1801 3100 1855 Perinde
3119 1815 3356 1868 namque

1779 1907 1838 1950 ut
1872 1896 1952 1950 ais
1988 1894 2203 1948 Patrem
2237 1893 2444 1948 dixisse
2481 1912 2494 1948 :
2543 1893 2663 1946 Fiat
2697 1893 2811 1955 lux,
2849 1903 2898 1948 et
2934 1894 3078 1959 facta
3103 1903 3180 1946 est
3214 1893 3306 1944 lux
3335 1907 3354 1945 :

1775 1987 1855 2042 sic
1893 1996 1948 2041 et
1973 1986 2148 2042 Filius
2179 1986 2346 2040 verbo
2369 1993 2544 2054 gestat
2579 1983 2785 2046 omnia,
2827 1983 2879 2037 id
2910 1992 3015 2048 est,
3068 1984 3360 2056 gubernat,

1774 2080 2054 2132 continet:
2089 2079 2198 2132 imo
2230 2079 2410 2145 majus
2440 2085 2546 2141 est,
2608 2074 2959 2137 dissidentia,
3012 2083 3068 2128 et
3119 2075 3187 2128 ad
3249 2089 3362 2130 non

1773 2187 1897 2225 esse
1922 2171 2165 2232 abitura.
2197 2171 2486 2224 continere
2522 2179 2575 2221 et
2606 2183 2958 2232 conservare,
2987 2181 3150 2235 quam
3174 2169 3360 2224 omnia

1775 2263 2102 2329 producere.
2141 2261 2252 2315 Nec
2316 2261 2476 2323 dixit,
2536 2259 2882 2322 Gubernans,
2946 2259 3064 2320 sed.
3120 2269 3360 2326 portatu,

1775 2366 1989 2421 sum-pta
2022 2353 2343 2420 metaphora
2371 2354 2440 2407 ab
2463 2353 2530 2406 iis
2559 2353 2652 2420 qui
2681 2352 2854 2421 digito
2886 2349 3095 2403 faciunt
3117 2359 3174 2402 ut
3202 2350 3364 2417 quid-

1776 2460 1942 2514 quam
2018 2454 2307 2498 moveatur
2363 2442 2864 2511 transl‘eraturquc.
2939 2441 3069 2494 Tale
3126 2454 3363 2507 namque

1781 2546 2110 2607 tantumque
2137 2538 2352 2606 pondus
2383 2545 2764 2589 creaturarum
2792 2535 2955 2589 veluti
3020 2534 3157 2586 nihil
3189 2540 3359 2598 esset,

1777 2630 1897 2699 ipse
1920 2629 2004 2683 vel
2028 2629 2146 2683 solo
2176 2628 2340 2682 verbo
2371 2627 2515 2696 quod
2539 2627 2722 2680 omnia
2750 2635 2950 2695 potest,
2974 2626 3180 2694 bajulat
3199 2665 3211 2678 .
3247 2624 3362 2678 Non

1776 2721 1921 2774 enim
1944 2719 2170 2790 perinde
2185 2720 2378 2786 exigua
2411 2735 2499 2774 res
2520 2726 2604 2773 est
2627 2719 2678 2772 in
2700 2717 2811 2772 Deo
2840 2718 3149 2778 verhum,ut
3182 2718 3234 2769 in
3264 2733 3364 2768 no-

1779 2811 1886 2866 bis.
1952 2813 2024 2866 At
2067 2812 2289 2865 interim
2336 2825 2460 2864 cum
2511 2820 2586 2864 tot
2640 2810 2874 2863 luet-eses
2909 2809 2963 2862 in
2997 2808 3224 2861 exordio
3253 2816 3365 2860 sta-

1779 2905 1878 2956 tim
1903 2904 2069 2973 hujus
2092 2901 2353 2972 Epistolte
2377 2904 2488 2958 sint
2528 2919 2758 2965 eversae,
2794 2902 3074 2971 quomodo
3115 2902 3364 2956 nonnulli

1783 2995 1926 3048 hanc
1947 2993 2282 3064 Epistolam,
2303 3003 2563 3064 tanquam
2591 2992 2761 3048 Paulo
2791 3010 2899 3048 non
2924 2996 3363 3060 convenientem,

1783 3086 2014 3153 rejiccre
2065 3085 2292 3146 audent,
2362 3086 2595 3154 hujusce
2655 3087 2733 3140 rei
2789 3086 3049 3139 indicium
3103 3084 3366 3140 facientes

103 3180 417 3246 ποιούμενοι
453 3177 914 3246 παρηλλαγμένον
945 3178 1036 3230 τοῦ
1066 3179 1177 3230 τῶν
1206 3180 1383 3232 ἄλλων
1426 3180 1676 3232 Ἐπιστο-

1784 3184 1908 3252 styli
1945 3182 2347 3246 characterem,
2384 3190 2575 3250 utpote
2607 3197 2635 3234 a
2659 3181 2876 3235 caeteris
2909 3183 3083 3250 ipsius
3103 3180 3364 3250 Epistolis

103 3269 234 3334 ὶῶνς
273 3269 432 3322 Ἔδει
463 3270 576 3338 γὰρ
603 3269 800 3329 αὐτοὺς
831 3269 1081 3329 συνιδεῖν,
1117 3271 1198 3321 ὅτι
1237 3270 1299 3320 τὸ
1328 3271 1612 3338 μεγαλεῖον
1635 3272 1678 3302 ¹⁶

103 3361 201 3412 τῶι
231 3363 561 3429 νοημάτων,
601 3361 696 3411 καὶ
727 3362 760 3426 ἡ
803 3360 1199 3432 ἀναντίῤῥητος
1220 3362 1267 3390 ¹⁸
1289 3362 1470 3413 αὑτῶν
1503 3363 1678 3430 ἰσχὺς,

105 3457 235 3516 τίνος
265 3455 444 3505 ἄλλον
472 3453 506 3520 ἦ
540 3453 778 3514 Παύλου,
824 3453 917 3503 τοῦ
948 3453 1037 3509 τὸν
1075 3453 1311 3522 Χριστὸν
1339 3454 1554 3522 ἔχοντος
1595 3455 1682 3506 λα’

107 3546 288 3598 λοῦ-ιτα
322 3549 383 3596 ἐν
421 3544 647 3611 tau-.0;
683 3545 742 3595 Εἰ
773 3544 828 3595 δὲ
861 3543 952 3596 τὸν
1002 3545 1328 3612 χαρακτῆρα
1383 3544 1681 3597 σκάνδαλον

105 3637 354 3697 τίθενται,
389 3635 721 3703 μαθέτωσαν
747 3636 829 3687 ὅτι
857 3635 1065 3698 Παῦλος
1089 3637 1187 3704 μὲν
1203 3637 1447 3707 Ἐϐραΐδι
1469 3637 1684 3708 γλώττῃ

105 3730 192 3792 ’.ἡν
212 3727 551 3795 Ἐπιστολὴν
582 3727 974 3797 ὑπηγόρευσεν,
999 3727 1094 3780 ἅτε
1118 3728 1253 3796 πρὸς
1282 3729 1566 3798 Ἐϐραίους
1595 3730 1684 3783 τὸν

107 3819 245 3884 λόγον
273 3820 620 3886 ποιούμενος
643 3834 655 3847 ·
691 3819 769 3879 ei;
801 3817 855 3870 δὲ
888 3818 986 3887 τὴν
1017 3817 1248 3871 Ἐλλάδα
1280 3819 1570 3888 μετετέθη,
1608 3821 1684 3882 ὠς

109 3913 196 3977 μέν
217 3927 394 3973 τινες,
424 3910 536 3961 ὑπὸ
564 3909 768 3972 Λουκᾶ,
804 3908 879 3971 ὡς
921 3909 977 3960 δὲ
1007 3909 1138 3962 ἐνιοί
1175 3927 1361 3977 φασιν,
1401 3911 1506 3962 ὑπὸ
1533 3911 1683 3978 Κλή-

112 4017 312 4066 μεντος,
388 3996 452 4052 οῦ
504 3999 568 4067 δὴ
623 4000 718 4050 καὶ
769 3999 972 4065 μᾶλλον
1018 3999 1181 4063 σώζει
1213 3999 1304 4051 τὸν
1335 4001 1681 4068 χαρακτῆρα.

113 4095 330 4156 ὐμοιον
367 4089 468 4141 οῦν
497 4106 548 4139 τι
581 4089 1018 4158 πλημμελοῦσιν,
1057 4089 1131 4151 ὡς
1167 4091 1364 4151 εἰπεῖν,
1401 4093 1450 4142 οἱ
1476 4091 1684 4158 ταύτην

111 4182 340 4248 riparipa-3
352 4195 514 4246 μενοι
531 4177 766 4240 Παύλου,
787 4177 975 4248 ὥσπερ
992 4177 1058 4230 ἂν
1078 4178 1125 4228 εἰ
1147 4176 1357 4232 Παῦλον
1378 4175 1687 4249 ἀφῃροῦντο

115 4269 374 4334 Χριστοῦ.

194 4449 274 4499 Δι’
347 4442 574 4497 ἑαυτοῦ
651 4443 1020 4511 καθαρισμὸν
1093 4446 1501 4514 ποιησάμενος
1567 4447 1686 4502 τῶν

1781 3275 2057 3328 diversum
2089 3273 2112 3325 ἲ
2167 3272 2316 3326 Istud
2356 3273 2501 3326 enim
2535 3286 2630 3326 cos
2659 3273 3010 3326 considerare
3053 3271 3365 3340 Oportebat,

1781 3365 1925 3433 quod
1960 3372 2319 3432 conceptuum
2340 3362 2501 3432 652
2519 3363 2798 3430 maiestas,
2831 3365 3182 3431 ipsorumque
3200 3362 3367 3415 robur

1784 3457 1869 3509 cui
1914 3455 2224 3508 contradici
2262 3471 2369 3508 non
2403 3455 2594 3521 possit.
2643 3469 2750 3506 non
2779 3469 2900 3507 esse
2924 3455 3149 3508 alterius
3203 3470 3364 3522 quant

1784 3546 1958 3609 Pauli.
2021 3545 2300 3600 Christum
2357 3545 2411 3598 in
2499 3560 2620 3598 sese
2705 3546 3015 3612 loquentem
3091 3545 3363 3598 habentis.

1785 3635 1939 3701 Quod
2006 3636 2053 3690 si
2112 3637 2338 3689 omnino
2397 3634 2558 3702 hujus
2587 3633 2840 3701 Epistolas
2877 3634 3115 3688 dictione
3189 3633 3365 3688 υΙῐιιιι-

1784 3729 2005 3792 dantur,
2060 3729 2312 3782 noverint
2372 3727 2666 3797 Epistolam
2742 3730 2883 3781 hanc
2943 3743 2973 3781 a
3056 3729 3226 3781 Paulo
3257 3727 3366 3782 Ile-

1788 3821 1971 3875 hraica
2006 3819 2188 3888 lingua
2223 3819 2603 3872 concinnatam
2635 3833 2780 3880 esse,
2815 3828 2874 3872 ut
2905 3821 2997 3888 qui
3027 3820 3270 3873 Hebraeis
3312 3821 3364 3873 in

1790 3911 1890 3965 hac
1915 3911 2028 3978 ipsa
2064 3911 2379 3977 loqueretur
2410 3927 2422 3962 :
2453 3909 2506 3961 in
2555 3907 2800 3962 Grzecatn
2867 3924 2996 3962 vero
3065 3910 3303 3978 linguam
3335 3927 3363 3962 a

1787 4001 2384 4070 Lm-a,utquibusdam
2441 4001 2641 4069 placet,
2719 4003 3089 4064 translatam;
3145 4003 3250 4064 vel,
3309 4013 3367 4055 ut

1786 4094 1875 4146 alii
1909 4093 2172 4154 sentiunt,
2199 4105 2228 4144 a
2265 4091 2565 4152 Clemente,
2599 4091 2763 4161 cujus
2814 4092 3014 4163 stylum
3039 4093 3220 4160 potius
3276 4109 3365 4146 re-

1788 4184 1945 4237 tinet.
1985 4183 2174 4237 Simile
2208 4183 2377 4251 igitur
2404 4181 2673 4251 quiddam
2715 4184 3063 4253 delinquunt,
3095 4193 3153 4238 ut
3182 4185 3253 4237 ita
3278 4186 3330 4238 di
3351 4215 3364 4224 -

1787 4289 1929 4336 cam,
1963 4275 2056 4343 qui
2091 4275 2231 4328 hanc
2274 4275 2575 4344 Epistolam
2609 4277 2782 4329 Paulo
2830 4276 3108 4342 auferunt,
3141 4278 3366 4345 perinde

1788 4379 1851 4418 ac
1875 4366 1919 4418 si
1952 4364 2180 4417 Paulum
2221 4379 2252 4416 a
2285 4363 2508 4418 Christo
2527 4365 2870 4421 divellerent.

1861 4453 1965 4508 Per
1995 4455 2606 4523 seipsttmpnrgatimtcm
2635 4455 2834 4523 faciens
2884 4467 3216 4523 peccatormn
3270 4475 3366 4510 no-

114 4537 412 4604 ἁμαρτιῶν
443 4533 629 4601 ἡμῶν.
681 4533 864 4584 Εἰπὼν
915 4536 1044 4601 περὶ
1098 4535 1190 4588 τοῦ
1246 4538 1532 4604 μεγαλειου
1590 4539 1679 4606 τῆς

1789 4557 2040 4598 stt-orum.
2073 4545 2211 4598 Cum
2241 4545 2458 4598 locutus
2483 4557 2630 4598 esset
2656 4545 2723 4598 de
2782 4547 3072 4614 majestate
3120 4549 3372 4602 divinita-

118 4630 367 4696 θεότητος
403 4625 506 4677 τοῦ
537 4625 733 4689 Λόγου,
781 4624 928 4690 λέγει
957 4625 1141 4678 λοιπὸν
1193 4628 1286 4679 καὶ
1317 4628 1442 4697 περὶ
1474 4629 1569 4696 τῆς
1603 4629 1689 4680 διὰ

117 4721 313 4788 σαρκὸς
347 4722 432 4779 εἰς
466 4716 788 4786 ἀνθρώπους
823 4716 988 4768 αὐτοῦ
1029 4718 1358 4787 κηδεμονίας
1382 4736 1396 4750 ο
1448 4720 1476 4771 ὂ
1509 4719 1689 4786 πολλῴ

121 4813 300 4876 μεῖζον
322 4807 428 4865 τοῦ
456 4819 643 4874 φερειν
663 4809 732 4859 τὰ
760 4806 1078 4860 πάντα.Δύο
1103 4809 1159 4860 δὲ
1189 4809 1400 4877 τίθησιν
1435 4811 1687 4871 ἐνταῦθα.

117 4906 171 4954 τό
195 4919 252 4954 τε
301 4899 610 4968 καθαρίσαι
656 4897 766 4951 τῶν
804 4899 1086 4968 ἁμαρτιῶν
1132 4901 1301 4969 ἡμᾶς,
1356 4901 1449 4952 καὶ
1488 4902 1567 4964 τὸ,
1621 4901 1690 4953 δι’

121 4989 310 5042 ἑαυτοῦ
351 4988 518 5039 τοῦτο
546 4987 808 5053 ποιῆσαι·
860 4987 953 5038 καὶ
982 4987 1247 5058 πολλαχοῦ
1290 4991 1348 5040 ὲν
1384 4989 1558 5059 τούτῳ
1598 5007 1686 5042 σε-

125 5084 380 5150 μνύνεται
426 5078 505 5145 τῷ
557 5077 624 5128 δι’
660 5077 828 5132 αὐτοῦ
876 5081 968 5132 τοῦ
1015 5081 1143 5132 Υἱοῦ
1193 5081 1353 5134 τοῦτο
1413 5083 1686 5149 γενέσθαι.

122 5177 210 5224 Δια
237 5173 335 5224 τοῦ
366 5167 610 5236 σταυροῦ
655 5171 778 5236 γὰρ.
821 5173 914 5223 καὶ
961 5171 1054 5222 τοῦ
1112 5171 1366 5236 θανάτου,
1416 5167 1477 5224 οὗ
1527 5173 1690 5234 αὐτὸς

127 5265 356 5332 ιζπέστη,
411 5262 740 5333 ἐκαθάρισεν
772 5263 942 5332 ἡμᾶς,
996 5263 1054 5314 ού
1102 5262 1261 5330 μόνον
1304 5262 1377 5326 ὡς
1404 5263 1692 5317 ἀποθανὼν

127 5357 258 5425 ὑπὲρ
293 5359 399 5424 τῆς
431 5354 590 5426 ἡμῶν
621 5353 897 5424 ἁμαρτίας
925 5355 952 5405 ὁ
991 5354 1394 5423 ἀναμάρτητος,
1447 5356 1540 5407 καὶ
1571 5356 1692 5416 δοὺς

127 5449 296 5513 δίκην,
331 5449 401 5515 ἡν
429 5448 528 5496 ούκ
559 5445 792 5511 ὤφειλεν
830 5445 1014 5507 αὐτὸς,
1047 5447 1140 5498 καὶ
1177 5445 1343 5508 λύσας
1388 5446 1488 5515 τὴν
1528 5445 1692 5513 φύσιν

128 5539 306 5601 ἁπλῶς
347 5537 451 5605 τῆς
494 5537 588 5587 ἐπὶ
625 5538 690 5606 τῇ
733 5535 827 5588 τοῦ
880 5536 1046 5605 Ἀδάμ
1081 5539 1326 5608 ἁμαρτίᾳ
1357 5539 1688 5607 καταδίκηςο

1790 4635 1860 4689 tis
1897 4633 2083 4696 Verbi,
2127 4635 2386 4702 deinceps
2426 4637 2492 4686 de
2529 4647 2665 4686 cura
2705 4634 2879 4702 ipsius
2935 4651 3098 4704 quam
3152 4637 3206 4691 in
3273 4637 3370 4690 hn-

1791 4726 1966 4779 miues
2026 4739 2122 4793 per
2181 4737 2404 4776 carnem
2475 4723 2637 4792 gerit,
2686 4724 2931 4786 disserit,
2986 4725 3132 4793 quod
3195 4729 3368 4780 multo

1792 4816 1968 4882 majus
1999 4823 2102 4875 cst,
2143 4830 2307 4881 quam
2357 4812 2501 4881 quod
2522 4812 2704 4866 omnia
2753 4814 3048 4868 sustineat.
3112 4813 3229 4866 Duo
3264 4829 3364 4866 au-

1789 4915 1896 4958 tem
1928 4905 2016 4958 hic
2052 4905 2224 4972 ponit,
2259 4913 2370 4955 tum
2408 4901 2552 4971 quod
2592 4902 2868 4956 mundarit
2909 4920 3008 4959 nos
3038 4919 3067 4956 a
3105 4908 3368 4972 peccatis,

1797 5006 1908 5048 tum
1935 4995 2082 5064 quod
2113 5011 2206 5061 per
2240 4996 2482 5064 seipsutn
2517 4995 2619 5048 hoc
2654 4993 2843 5048 fecerit
2873 5013 2885 5047 :
2913 5004 2966 5050 et
3021 4998 3209 5051 multis
3236 4999 3370 5052 locis

1798 5087 1852 5139 in
1905 5088 2008 5139 hoc
2036 5087 2305 5155 gloriatur
2331 5087 2479 5155 quod
2509 5102 2604 5155 per
2636 5086 2834 5140 Filium
2861 5089 3040 5156 ipsum
3083 5089 3231 5142 istud
3280 5091 3364 5143 fa-

1797 5187 1946 5232 ctum
1971 5178 2063 5232 sit.
2099 5175 2232 5232 Nam
2268 5192 2366 5246 per
2419 5193 2636 5232 crucem
2674 5186 2728 5233 et
2755 5187 2985 5233 mortem
3034 5195 3196 5248 quam
3255 5181 3370 5248 ipse

1798 5269 2080 5332 sustinuit,
2114 5269 2365 5337 purgavit
2391 5285 2512 5334 nos,
2561 5286 2666 5324 non
2700 5270 2872 5324 solum
2913 5271 3055 5340 quod
3120 5283 3369 5325 mortuus

1799 5361 1872 5414 sit
1924 5374 2021 5428 pro
2048 5371 2271 5427 peccato
2308 5370 2516 5423 nostro,
2550 5377 2718 5430 quum
2773 5361 2886 5428 ipse
2941 5361 3085 5414 omni
3146 5376 3308 5430 pecra
3336 5382 3368 5411 υ

1795 5461 2038 5512 vacaret,
2070 5449 2329 5518 quodque
2367 5465 2558 5518 paruas
2611 5452 2777 5504 luerit
2827 5451 3028 5517 quibus
3087 5451 3200 5517 ipse
3259 5467 3365 5503 non

1795 5550 1914 5595 erat
1942 5543 2234 5605 obnoxius,
2263 5557 2326 5596 ac
2361 5544 2596 5597 solveret
2625 5549 2875 5594 mturam
2934 5559 3050 5611 ane
3103 5545 3369 5612 simplici-

1486 5657 1683 5716 Varize
1721 5655 2060 5718 lectiones.

195 5754 230 5780 “
265 5752 332 5801 δι’
361 5749 518 5810 Via-3,
539 5746 656 5808 καὶ,
678 5747 769 5798 τοῦ
804 5748 931 5802 Υἱοῦ
954 5765 1005 5805 0.

1086 5753 1126 5784 ¹¹
1157 5759 1442 5824 συγκροτεῖ
1466 5773 1516 5811 ο.

137 5820 176 5850 "
203 5820 671 5888 ἀνανταγώνιστος
703 5831 758 5870 0.

1598 5756 1640 5787 ”
1669 5756 1959 5812 κινούντων
1991 5758 2082 5811 καὶ
2115 5760 2412 5814 ποιούντων
2437 5761 2822 5831 περιςέρεσθαι
2851 5779 2900 5815 0.

2982 5764 3022 5799 ³⁸
3062 5760 3284 5830 μέγεθος
3311 5777 3365 5816 0.
