4154 6440
764 399 797 459 2
813 395 863 459 ll
1679 400 2250 461 THEOPHYLACTI
2288 398 2696 461 BULGARI/E
2727 398 3080 457 ARCHIEP.
3894 386 4010 447 21?.

768 506 904 559 lt‘ilio
934 507 1267 570 conveniret,
1301 507 1445 561 Patri
1476 521 1585 561 non
1618 516 2005 579 apponeretur.
2043 507 2199 561 Disce
2226 522 2324 559 au-

2451 504 2547 575 Γίῷ
2578 506 2854 575 προσῆκον
2886 504 3052 573 μόνῳ,
3106 501 3181 571 τῷ
3214 500 3388 569 [Iasz
3436 495 3802 567 προσετίθετο.
3843 496 3909 548 Ti
3951 495 4014 546 δὲ

765 609 871 652 tem
900 599 1025 671 quid
1050 599 1339 668 signiﬁcat,
1362 616 1638 670 perquem.
1679 599 1817 667 Quia
1850 601 2089 669 dixerat,
2119 608 2329 668 propter

2451 598 2693 668 πημαίνει
2722 597 2802 660 τδ,
2835 595 2908 647 δι’
2938 591 3033 660 οὗ,
3069 592 3332 663 μάνθανε.
3377 588 3594 658 Ἐπειδὴ
3634 582 3777 648 εἷπε,
3810 586 3887 638 δι’
3934 587 4018 638 ὃν

765 708 914 745 quem
977 691 1154 743 omnia
1208 733 1220 745 .
1285 707 1352 745 ne
1433 691 1723 762 quisquam
1792 680 2091 763 absurdum
2168 692 2330 759 quid-

2451 687 2504 739 τὰ
2525 685 2742 750 πάντα,
2785 686 2872 737 ἵνα
2906 685 2979 753 μή
3009 700 3092 744 τις
3117 681 3320 735 ἄτοπόν
3352 696 3406 731 τι
3428 679 3677 746 ὲννοήσῃ,
3711 677 3792 728 ὅτι
3831 675 4017 727 δεῖται

769 779 906 845 piam
962 778 1317 851 intelligeret,
1369 781 1527 852 661
1590 783 1744 849 quasi
1792 782 2051 837 omnibus
2087 782 2202 850 ipse
2254 782 2333 834 in-

2451 782 2541 834 τῶν
2567 781 2784 833 πάντων
2818 778 3009 837 αὐτὸς·
3044 778 3076 844 ὴ
3104 775 3235 842 γὰρ.
3266 772 3383 837 διὰ,
3419 770 3674 839 πρόθεσις
3704 769 3798 820 καὶ
3824 767 4016 819 τοιοῦ-

767 872 1008 940 aiigerct,
1070 872 1510 942 quandoquidem
1566 882 1621 928 et
1686 875 2039 943 praepositio.
2096 884 2329 942 propter,

2451 875 2523 927 τόν
2543 892 2594 926 τι
2629 871 2905 941 σημαίνει,
2931 869 3003 932 ὼς
3027 870 3155 920 ὅταν
3182 868 3443 935 εἴπωμεν,
3473 862 3572 916 Διὰ
3598 862 3688 912 τὸν
3718 859 4018 929 ἄνθρωπον

766 964 871 1016 tztle
909 964 1164 1032 quiddam
1217 965 1507 1035 signiﬁcet,
1556 965 1723 1022 veluti
1777 967 1822 1022 si
1872 966 2142 1029 dicamus,
2197 966 2333 1019 Pro-

2451 963 2748 1035 πτιρήχθηή
2790 962 2994 1021 κτίσις·
3040 960 3285 1027 ἐπήγαγε
3311 956 3391 1019 τὸ,
3431 954 3510 1007 δι’
3544 948 3639 1015 οὗ,
3683 949 4014 1021 ἑρμηνεύων

769 1064 883 1121 pter
950 1057 1220 1111 hOminem
1290 1057 1552 1126 producta
1617 1066 1701 1115 est
1776 1067 2066 1121 creatura,
2110 1059 2331 1122 intulit,

2451 1062 2517 1112 ἱτι
2559 1058 2639 1120 τὸ,
2668 1057 2740 1110 δι’
2772 1054 2863 1119 ὃν,
2905 1053 3047 1105 οὕτω
3081 1051 3210 1112 νόει,
3240 1050 3317 1111 ὠς
3367 1046 3433 1099 δι’
3474 1044 3661 1109 αὑτοῦ,
3702 1043 4013 1101 τουτέστιν,

766 1162 856 1211 per
893 1163 1064 1216 quem,
1103 1148 1468 1217 interpretans
1508 1151 1640 1205 illud
1676 1159 1890 1219 propter
1914 1166 2089 1220 quem,
2150 1149 2229 1205 sic
2252 1149 2335 1202 in-

2451 1146 2527 1201 5π²
2557 1144 2720 1199 αὑτοῦ
2747 1143 3052 1213 γενομένων
3077 1139 3312 1192 πάντων.
3329 1137 3491 1191 Ὥστε
3519 1134 3615 1186 καὶ
3641 1134 3733 1185 ἐπὶ
3754 1132 3847 1184 τοῦ
3873 1130 4018 1183 Υίοῦ

768 1236 1326 1309 telligendum,quasi
1380 1256 1475 1310 per
1505 1241 1709 1310 ipsum,
1770 1241 1870 1295 hoc
1910 1249 2016 1305 est,
2076 1241 2145 1295 ab
2218 1241 2336 1309 ipso

2451 1244 2563 1294 ὅταν
2591 1240 2815 1308 λέγηται
2843 1237 2927 1297 τὸ,
2952 1234 3025 1288 δι’
3056 1227 3150 1295 οὗ,
3176 1231 3319 1283 οὕτω
3348 1228 3504 1282 τοῦτο
3533 1228 3713 1297 δέχου,
3736 1226 3859 1279 ἀντὶ
3884 1221 4015 1287 τοῦ,

767 1329 907 1381 facta
934 1331 1042 1385 sint
1066 1331 1270 1386 omnia.
1305 1332 1461 1387 llunc
1493 1334 1559 1387 ad
1605 1332 1824 1388 modum
1856 1335 2022 1404 igitur
2045 1343 2099 1387 et
2131 1333 2199 1389 de
2246 1331 2334 1387 Fi-

768 1420 840 1474 lio
865 1422 909 1475 si
945 1421 1180 1489 dicatur,
1214 1440 1305 1490 per
1335 1441 1509 1495 quem,
1532 1425 1719 1494 accipe
1751 1441 1869 1494 pro,
1897 1440 1926 1478 a
1960 1440 2091 1493 quo.

840 1513 945 1578 Qui
972 1515 1164 1570 multos
1210 1516 1350 1583 ﬁlios
1378 1518 1431 1570 in
1471 1517 1694 1588 gloriam
1722 1519 2035 1580 adduxerat,
2064 1527 2334 1573 auctorem

767 1607 959 1661 salutis
981 1625 1159 1661 eorum
1183 1624 1275 1676 per
1303 1610 1602 1678 passionem
1638 1627 2016 1665 consummare.
2050 1609 2245 1666 Adhuc
2268 1611 2336 1664 il-

771 1699 894 1761 lius,
944 1697 1126 1755 Gloria
1184 1710 1233 1756 et
1279 1702 1475 1757 honore
1522 1704 1792 1757 coronasti
1851 1721 1993 1767 eum,
2046 1704 2335 1757 'meminit.

770 1790 925 1856 Quod
989 1800 1169 1847 autem
1233 1794 1327 1858 ait,
1361 1801 1444 1848 est
1470 1794 1737 1861 eiusmodi
1775 1813 1788 1849 :
1821 1794 1976 1860 Quod
2030 1794 2335 1863 benignita-

772 1891 879 1935 tem
945 1897 1098 1936 suam
1127 1882 1333 1946 decuit,
1396 1885 1447 1938 id
1480 1884 1638 1943 Pater
1670 1886 1816 1946 fecit,
1844 1900 1966 1939 cum
1998 1884 2330 1955 primogeni-

2439 1332 2527 1398 ὑφ’
2555 1322 2640 1385 οὗ.

2512 1511 2793 1575 Πολλοὺς
2832 1509 3004 1573 υἱοὺς
3058 1510 3144 1572 εις
3185 1504 3374 1571 δόξαν
3412 1501 3734 1569 ἀγαγόντα,
3765 1496 3872 1549 τὸν
3908 1493 4022 1560 ἀρ.

2439 1605 2633 1673 κηγὸν
2674 1603 2783 1670 τῆς
2814 1600 3112 1667 σωτηρίας
3138 1593 3337 1650 αὐτῶν
3382 1592 3479 1646 διὰ
3512 1587 3872 1657 παθημάτων
3915 1601 4020 1637 τε-

2438 1696 2705 1751 ⁸λειῶσαι.
2739 1693 2859 1747 Ἔτι
2888 1690 3005 1756 τοῦ,
3041 1688 3199 1755 Δόεῃ
3236 1687 3335 1740 καὶ
3380 1681 3520 1752 τιμῇ
3555 1679 4021 1747 ἐστεφάνωσας,

2440 1788 2640 1856 ἔχεται.
2678 1788 2743 1838 Ὃ
2782 1785 2837 1837 δὲ
2882 1783 3029 1850 λέγει
3064 1778 3305 1834 τοιοῦτον
3337 1778 3519 1828 ὲστινο
3556 1772 3741 1836 Ἀξιον
3790 1768 3890 1837 τῆς
3926 1785 4021 1833 εμ-

2438 1877 2787 1950 λανθρωπίας
2814 1878 2857 1909 ’⁷
2888 1874 3053 1928 αὑτοῦ
3087 1869 3387 1936 πεποίηκεν
3415 1869 3443 1920 ὁ
3474 1865 3682 1934 Πατὴρ,
3726 1862 3816 1914 τὸν
3854 1877 4019 1929 πρω-

2439 1972 2661 2023 τότοκον
2687 1970 2904 2022 πάντων
2935 1965 3043 2019 τῶν
3079 1963 3211 2015 υἱῶν
3239 1960 3350 2013 τῶν
3380 1957 3682 2029 μελλόντων
3705 1950 4023 2006 ἀπολαῦσαι

2443 2064 2542 2130 τῆς
2588 2060 2747 2129 δόξης
2782 2057 2985 2122 αὑτοῦ,
3044 2053 3427 2123 λαμπρότερον
3471 2051 3687 2103 πάντων
3730 2043 4025 2108 ἀποδείξας

2442 2152 2530 2205 διὰ
2559 2150 2919 2219 παθημάτων,
2952 2148 3039 2199 ἵνα
3072 2144 3222 2215 δείξῃ
3272 2142 3366 2194 καὶ
3397 2142 3509 2203 τοῖς
3547 2138 3723 2199 ἄλλοις
3757 2136 3906 2196 ὅπως
3938 2134 4026 2185 δεῖ

2444 2244 2647 2297 ἀθλεῖν.
2691 2242 2793 2294 Τὸν
2827 2239 3069 2311 ἀρχηγὸν
3092 2237 3147 2289 δὲ
3180 2236 3281 2303 τῆς
3312 2231 3605 2300 σωτηρίας,
3630 2227 3896 2291 τουτέστι,
3925 2224 4026 2276 τὸν

2443 2336 2637 2389 αἴτιον.
2668 2333 2813 2401 Ὅρα
2840 2330 2895 2382 δὲ
2931 2331 3054 2382 ὅσον
3097 2327 3158 2380 τὸ
3194 2326 3378 2397 μέσον⁹
3414 2323 3509 2374 καὶ
3549 2314 3703 2381 οὗτος
3737 2318 3888 2381 Υἱὸς,
3922 2318 4027 2369 καὶ

2451 2429 2613 2498 ἡμεῖς
2644 2424 2751 2477 υἱοί
2778 2441 2791 2454 ·
2826 2423 2941 2476 ἀλλ’
2969 2422 2997 2473 ὁ
3036 2419 3135 2490 μὲν
3164 2418 3262 2471 καὶ
3306 2415 3489 2479 σώζει,
3521 2414 3684 2483 ἡμεῖς
3726 2410 3782 2464 δὲ
3833 2410 4029 2473 σωζό-

2450 2520 2625 2590 μεθα·
2686 2512 3073 2583 συναπτόμεθα
3124 2508 3297 2577 αὐτῷ,
3332 2508 3423 2560 καὶ
3479 2505 3641 2560 πάλιν
3672 2501 4025 2571 διῖστάμεθα.

2447 2608 2725 2674 Πολλοὺς
2756 2605 2924 2671 υἱοὺς
2948 2606 3037 2669 είς
3065 2600 3255 2664 δόξαν
3285 2599 3605 2668 ἀγαγόντα,
3627 2599 3799 2662 τούτῳ
3826 2610 4022 2645 κοινω-

2446 2697 2662 2767 νοῦμεν·
2698 2696 2808 2748 Τὸν
2834 2690 3102 2762 ἀρχηγὸν
3128 2687 3239 2755 τῆς
3264 2684 3566 2751 σωτηρίας
3588 2679 3807 2741 αὐτῶν,
3844 2677 4027 2742 τούτῳ

2445 2787 2789 2859 διῖστὰμεθα.
2833 2782 3145 2853 Σημείωσαι
3171 2780 3249 2843 δὲ,
3290 2780 3370 2832 ὅτι
3399 2775 3676 2836 τελείωσις
3722 2771 3791 2826 τὰ
3833 2768 4024 2840 παθή-

2450 2898 2617 2954 ματα,
2648 2878 2744 2932 καὶ
2777 2876 2927 2930 αἴτια.
2980 2871 3253 2940 σωτηρίας
3275 2887 3289 2901 ο
3342 2869 3435 2921 καὶ
3461 2869 3544 2921 ὅτι
3580 2869 3610 2919 ὁ
3656 2863 3842 2920 παθὼν
3877 2862 4027 2930 ὑπὲρ

2446 2991 2614 3038 τινος,
2644 2971 2746 3024 οὐκ
2794 2971 3000 3022 ἐκεῖνον
3053 2965 3255 3035 ὠφελεῖ
3291 2963 3477 3033 μόνον,
3520 2959 3657 3013 ἀλλὰ
3709 2957 3804 3009 καὶ
3855 2954 4026 3014 αὐτὸς

2448 3063 2829 3136 λαμπρότερος
2866 3058 3077 3127 γίνεται
3110 3057 3204 3109 καὶ
3246 3053 3602 3121 τελειότερος.
3642 3047 3933 3102 Τελείωσιν
3966 3044 4031 3105 δὲ

2451 3153 2689 3211 ἐνταῦθα
2717 3152 2846 3216 νόει,
2874 3152 2975 3218 τὴν
3017 3148 3175 3213 δόξαν
3215 3145 3283 3216 ἢν
3334 3141 3595 3210 ἐδοξάσθη
3621 3156 3637 3170 ·
3689 3138 3783 3191 καὶ
3814 3136 4027 3203 ταύτην

2451 3250 2592 3303 κατὰ
2612 3247 2674 3300 τὸ
2717 3243 3058 3315 ἀνθρώπινον
3108 3239 3368 3308 ἐκδίκουο
3434 3235 3468 3305 ἢ
3511 3233 3593 3286 ὅτι
3646 3227 3888 3315 φυσικῶς
3923 3227 4031 3297 μὲν

2451 3335 2564 3410 εἶχε
2583 3339 2682 3407 τὴν
2710 3314 2887 3400 δόξαν,
2914 3332 3053 3404 πλὴν
3082 3332 3206 3386 ὅσον
3227 3328 3289 3382 τὸ
3316 3327 3401 3396 ἐφ’
3430 3326 3563 3397 ἡμῖν
3590 3322 3775 3388 ἄδοξος
3804 3314 3895 3389 ἦν,
3922 3320 4029 3410 ἅτε

2454 3408 2533 3503 μη
2579 3427 3106 3497 ὲπιγινωσκόμενος.
3168 3422 3323 3475 Ἐπεὶ
3378 3419 3435 3471 δὲ
3480 3414 3621 3487 μετὰ
3658 3414 3749 3487 τὸν
3792 3408 4033 3503 σταυρὸν

2458 3500 2708 3590 εγνώσθη
2758 3519 2851 3573 καὶ
2891 3514 3175 3582 ἐδοξάσθη,
3212 3509 3540 3583 προσλαϐεῖν
3582 3505 3797 3572 λέγεται
3844 3500 4031 3563 δόξαν,

2451 3616 2517 3683 ἢν
2561 3615 2700 3683 ἔχων
2730 3609 2996 3681 φυσικῶς,
3037 3606 3172 3677 παρ’
3214 3602 3370 3674 ἡμῶν
3411 3601 3540 3686 ⁸(οὖν
3574 3599 3674 3651 οὐκ
3706 3592 3817 3666 εἶχε
3860 3609 4031 3662 προσ-

2453 3707 2730 3776 αγομένην
2760 3703 2807 3735 ’⁸
2836 3700 3004 3772 αὐτῷ.
3047 3700 3107 3751 '0
3137 3699 3193 3751 δὲ
3228 3697 3383 3764 ἅγιος
3418 3691 3707 3763 Κύριλλος,
3744 3686 4033 3776 τελείωσιν

2451 3775 2881 3869 τὴνάθανασίαν
2912 3793 3101 3864 φησιν,
3141 3791 3262 3860 ἥτις
3300 3787 3545 3840 ἐνέλειπε
3573 3783 3671 3854 μὲν
3700 3780 3777 3850 τῷ
3806 3775 4035 3849 Χριστῷ

2453 3890 2575 3945 καθ’
2604 3888 2634 3942 ὃ
2685 3888 3003 3957 ἅνθρωπος·
3053 3882 3413 3951 ἀνεπλήρωσε
3461 3878 3519 3930 δὲ
3562 3873 3768 3941 ταύτην
3808 3869 3961 3940 αὐτῷ
4005 3871 4039 3921 ὁ

2457 3982 2647 4053 Πατὴρ
2714 3980 2805 4034 διὰ
2872 3979 2971 4047 τῆς
3032 3974 3407 4033 ἀναστάσεως.
3471 3968 3824 4025 ’Δνασταντος
3881 3961 4032 4053 γὰρ,

2456 4075 2685 4135 θάνατος
2744 4068 2907 4123 αὐτοῦ
2957 4066 3142 4120 οὐκέτι
3211 4061 3479 4135 κυριεύει.
3536 4059 3646 4112 Καὶ
3718 4056 3902 4108 πᾶσαν
3970 4050 4031 4103 δὲ

2456 4168 2553 4235 τὴν
2589 4163 2749 4234 φύσιν
2789 4164 2848 4214 ὲν
2901 4158 3050 4229 αὐτῷ
3099 4155 3304 4225 ταύτης
3346 4153 3445 4224 τῆς
3482 4147 3813 4208 τελειώσεως
3864 4141 4033 4213 ἠξίω-

2460 4275 2574 4311 σεν.

773 1980 885 2024 tum
940 1973 1183 2027 omnium
1246 1975 1503 2039 ﬁliorum,
1575 1976 1667 2045 qui
1751 1975 1935 2052 gloria:
2011 1975 2130 2041 ejus
2214 1988 2339 2042 par-

774 2064 969 2133 ticipes
1010 2065 1175 2119 futuri
1222 2074 1397 2130 erant,
1451 2066 1739 2120 clariorem
1791 2075 1844 2121 et
1908 2066 2337 2136 splendidiorem

774 2157 1028 2210 oitmihus
1056 2159 1505 2212 commonstravit
1536 2173 1630 2229 per
1652 2159 1958 2228 passiones,
1989 2167 2047 2211 ut
2085 2158 2342 2213 ostendat

773 2249 935 2301 etiam
972 2249 1094 2303 aliis
1121 2250 1393 2318 quomodo
1425 2250 1498 2304 sit
1522 2250 1866 2305 certandum.
1904 2248 2209 2317 Principcm
2241 2264 2340 2301 au-

775 2350 882 2395 tem
913 2341 1105 2397 salutis
1123 2344 1373 2411 appellat.
1396 2343 1496 2398 hoc
1520 2352 1624 2405 est,
1651 2350 1950 2397 auctorem.
1979 2341 2218 2397 Observa
2249 2356 2343 2394 au-

777 2440 881 2484 tem
903 2442 1163 2497 quantum
1198 2432 1269 2486 sit
1294 2431 1587 2486 discrimen
1612 2450 1625 2486 :
1657 2433 1773 2501 ipse
1794 2434 1938 2486 enim
1962 2431 2131 2486 Filius
2156 2437 2263 2493 est,
2290 2438 2345 2484 et

778 2539 876 2577 nos
910 2522 1000 2576 ﬁlii
1029 2539 1219 2578 sumus
1249 2542 1261 2577 :
1293 2525 1387 2579 sed
1420 2525 1535 2593 ipse
1565 2525 1785 2594 quidem
1837 2525 2023 2579 salvos
2048 2524 2201 2585 facit,
2239 2538 2340 2577 nos

779 2629 905 2669 vero
938 2614 1071 2669 salvi
1123 2614 1396 2671 efﬁcimur
1434 2634 1447 2670 :
1478 2617 1866 2686 conjungimur
1890 2618 2016 2687 ipsi.
2069 2627 2121 2671 et
2149 2631 2344 2671 rursus

778 2721 1115 2775 separamur.
1166 2707 1265 2761 Per
1295 2707 1426 2762 illud
1450 2708 1593 2776 quod
1627 2709 1725 2771 ait,
1760 2708 1863 2773 Qui
1896 2708 2086 2762 multos
2115 2708 2256 2776 ﬁlios
2289 2708 2344 2759 in

776 2795 1001 2860 qt'oriam
1056 2794 1371 2861 adduxerat,
1412 2795 1515 2863 ipsi
1572 2796 2077 2851 communicamus:
2146 2810 2240 2865 per
2273 2794 2344 2848 is-

779 2886 871 2941 tud
905 2902 1053 2947 vero.
1100 2886 1378 2941 Auctorem
1406 2886 1597 2941 salutis
1638 2888 1896 2957 ipsorum,
1959 2888 2228 2944 distamus
2277 2888 2346 2941 ab

785 2978 926 3046 ipso.
946 2977 1184 3033 Observa
1216 2986 1396 3033 autem
1431 2978 1756 3033 afﬁictiones
1778 2995 1899 3034 esse
1924 2980 2347 3035 consummatio-

782 3082 902 3121 nem
923 3074 976 3120 et
1007 3081 1227 3120 causam
1260 3067 1454 3123 salutis
1487 3086 1500 3123 :
1533 3077 1588 3123 et
1641 3068 1731 3135 qui
1757 3082 1855 3137 pro
1908 3068 2162 3138 quopiam
2208 3068 2347 3136 pati-

780 3167 888 3221 tur,
922 3172 1029 3211 non
1088 3157 1237 3211 illutn
1269 3158 1444 3214 solum
1506 3157 1749 3227 adjuvat.
1788 3173 1973 3212 verum
2013 3158 2177 3212 etiam
2230 3157 2343 3227 ipse
2374 3187 2418 3244 ρ

781 3249 984 3302 clarior
1039 3248 1291 3304 redditur
1324 3258 1377 3305 et
1444 3249 1759 3322 perfectior.
1810 3248 2346 3304 Consummationem

781 3350 961 3396 amem
1021 3340 1109 3396 hic
1166 3341 1408 3410 intellige
1449 3341 1679 3412 gloriam
1717 3354 1826 3411 qua
1849 3339 2186 3410 gloriﬁcatus
2214 3346 2298 3393 est
2332 3357 2346 3393 :

783 3444 944 3502 atque
986 3433 1126 3487 hanc
1156 3432 1455 3489 secundum
1486 3432 1876 3487 humanitatem
1944 3432 2199 3502 intellige.
2252 3429 2350 3485 Vel

782 3524 924 3601 quod
957 3526 1275 3580 naturaliter
1316 3525 1533 3595 quidem
1595 3525 1828 3579 habebat
1879 3525 2125 3594 gloriam,
2184 3532 2347 3578 canc-

786 3633 903 3669 rum
933 3617 1111 3685 quoad
1141 3632 1241 3672 nos
1265 3617 1529 3687 inglorius
1552 3625 1691 3681 erat,
1726 3623 1915 3685 utpote
1969 3630 2076 3669 non
2111 3615 2347 3683 agnitus.

786 3709 853 3761 At
886 3724 1016 3763 vero
1037 3724 1161 3763 cum
1214 3715 1335 3777 post
1356 3723 1573 3763 crucem
1638 3708 1890 3776 cognitus
1915 3715 1967 3761 et
2020 3705 2351 3774 gloriﬁcatus

786 3798 970 3864 fuerit,
1008 3800 1253 3868 accipere
1278 3798 1478 3852 dicitur
1505 3798 1755 3867 gloriam,
1781 3813 1943 3867 quam
1992 3813 2116 3851 cum
2157 3808 2349 3851 natura

787 3890 1041 3953 habebat,
1069 3898 1216 3945 certe
1247 3905 1275 3942 a
1308 3889 1465 3944 nobis
1496 3889 1735 3943 delatum
1797 3902 1905 3942 non
1936 3888 2143 3942 habuit.
2189 3887 2353 3943 Divus

786 3991 966 4035 autem
996 3981 1230 4050 Cyrillus
1260 3979 1643 4049 perfectionem
1674 3981 2138 4034 immortalitatem
2194 3979 2349 4045 dicit,

787 4088 909 4142 qua:
941 4071 1159 4141 quidem
1206 4070 1442 4137 Christo,
1471 4081 1737 4141 quatenus
1762 4079 1882 4125 erat
1916 4071 2098 4136 homo,
2130 4071 2301 4126 defuit
2336 4089 2351 4125 :

787 4166 1077 4234 complevit
1116 4172 1297 4219 autem
1355 4164 1495 4217 hanc
1550 4163 1654 4232 ipsi
1688 4164 1850 4219 Pater
1876 4178 1970 4231 per
1993 4164 2354 4219 resurrectio-

790 4271 932 4309 nem.
960 4256 1252 4322 Pnstquam
1277 4255 1420 4308 enim
1448 4257 1768 4317 resurrexit,
1803 4270 1907 4309 non
1942 4270 2104 4324 porro
2132 4256 2183 4309 in
2228 4272 2352 4310 eum

790 4362 935 4400 mors
978 4346 1310 4399 dominatur.
1340 4345 1479 4411 Quin
1528 4353 1581 4400 et
1636 4346 1941 4400 universam
2003 4355 2248 4401 naturam
2301 4347 2354 4401 in

790 4441 907 4506 ipso
931 4438 1032 4491 hac
1055 4437 1390 4506 perfectione
1422 4437 1676 4505 dignatus
1714 4444 1819 4492 est.

858 4528 1023 4582 Vsus.
1066 4529 1150 4581 Η.
1178 4527 1282 4593 Qui
1309 4529 1449 4581 enim
1478 4528 1800 4597 sanctiﬁcat,
1852 4538 1901 4581 et
1931 4530 2020 4599 qui
2046 4531 2349 4600 santiﬁcau-

2536 4531 2609 4582 Ὀ
2648 4543 2713 4581 τε
2741 4526 2850 4597 γὰρ
2873 4522 3144 4595 ἁγιάζων,
3175 4520 3272 4573 καί
3306 4522 3359 4573 οι
3389 4514 3777 4586 ἁγιαζόμενοι,
3802 4512 3871 4575 ἐξ
3901 4512 4047 4575 ἐνὸς

791 4632 896 4683 tur,
928 4636 991 4674 ea:
1025 4637 1127 4673 uno
1187 4636 1383 4673 omnes.
1434 4619 1509 4673 En
1549 4635 1744 4675 rursus
1803 4619 2008 4674 indicat
2085 4637 2187 4677 nos
2238 4638 2349 4676 esse

2462 4620 2707 4686 πάντες.
2758 4618 2889 4671 Ἰδοὺ
2938 4615 3101 4667 πάλιν
3150 4611 3309 4665 τοῦτο
3360 4610 3654 4671 δείκνυσιν,
3690 4608 3771 4659 ὅτι
3818 4604 4046 4671 ἀδελφοὶ

790 4711 987 4765 fratres
1013 4711 1239 4776 Christi,
1270 4718 1531 4779 tantoque
1567 4709 1792 4766 aﬁ'ectos
1821 4711 2049 4767 honore.
2094 4713 2199 4779 Qui
2223 4715 2349 4767 enim

2463 4710 2704 4782 Χριστοῦ
2740 4712 2932 4779 ἔσμεν,
2966 4705 3061 4760 καὶ
3097 4703 3240 4757 οὕτω
3273 4700 3634 4771 τετιμήμεθα.
3696 4697 3769 4749 '0
3814 4711 3881 4747 τε
3930 4695 4049 4763 γὰρ

789 4803 1115 4872 sanctiﬁcat,
1149 4804 1247 4855 hoc
1274 4812 1378 4863 est.
1413 4802 1702 4869 Christus;
1730 4814 1777 4856 et
1812 4804 2363 4873 quisanctiﬁcantur,

791 4894 891 4944 hoc
916 4903 1021 4955 est,
1082 4907 1202 4953 nos.
1235 4909 1298 4945 ex
1329 4908 1432 4945 uno
1471 4909 1671 4955 omnes,
1698 4893 1799 4947 hoc
1824 4902 1924 4957 est,
1964 4908 2028 4947 ex
2071 4894 2227 4951 Patre
2261 4913 2274 4949 :
2309 4903 2364 4949 at

791 4986 880 5039 iilc
909 4985 1122 5053 quidem
1155 4994 1210 5037 ut
1242 4999 1533 5053 germanus
1572 4985 1762 5045 Filius.
1790 4994 1842 5039 ct
1873 5000 1936 5040 ex
1969 4986 2084 5056 ipsa
2112 4987 2365 5043 substan-

791 5079 863 5129 tia
899 5075 1075 5129 Patris
1110 5093 1123 5128 :
1162 5090 1261 5128 nos
1296 5086 1477 5129 autem
1538 5076 1703 5131 veluti
1752 5086 2037 5131 creaturae.
2100 5078 2363 5133 Animad-

794 5179 941 5222 verte
965 5176 1142 5221 autem
1174 5168 1546 5222 excellentiam
1571 5168 1861 5239 quamdam
1887 5170 1968 5224 vel
2003 5171 2055 5223 in
2079 5170 2211 5235 ipsis
2240 5171 2361 5225 dic-

796 5259 1053 5313 tionibus.
1084 5259 1175 5312 Ille
1202 5260 1525 5322 sanctilicat,
1556 5275 1657 5315 nos
1688 5270 1869 5315 autem
1923 5262 2356 5317 sanctiﬁcamur.

795 5349 1027 5404 Proinde
1051 5361 1105 5404 et
1135 5351 1389 5407 identitas
1414 5360 1497 5405 cst
1522 5360 1574 5406 et
1612 5353 1955 5407 excellentia.

864 5441 1089 5509 Propter
1108 5459 1259 5511 quam
1289 5460 1506 5497 causam
1535 5460 1634 5496 non
1658 5445 1915 5498 erubescit
1947 5448 2137 5512 fratres
2158 5462 2245 5500 eos
2271 5463 2359 5500 vo-

793 5550 932 5588 care.
970 5533 1080 5587 lloc
1102 5533 1262 5586 etiam
1291 5534 1344 5586 iu
1371 5536 1489 5588 loco
1509 5535 1672 5605 662
1698 5538 2076 5590 excellentiam
2108 5540 2357 5591 observa.

2462 4802 2731 4872 ἁγιάζων,
2758 4802 2915 4869 φησὶ,
2946 4797 3248 4862 τουτέστιν,
3272 4795 3300 4846 ό
3335 4791 3590 4864 Χριστὸς,
3608 4788 3707 4843 καὶ
3733 4789 3785 4841 cl
3811 4787 4052 4855 ἁγιαζό-

2458 4912 2655 4965 μενοι.
2695 4893 2997 4952 τουτέστιν,
3032 4891 3216 4960 ἡμεῖς,
3241 4886 3309 4950 ἐξ
3329 4883 3468 4948 ἐνὸς
3491 4882 3734 4943 πάντες,
3764 4879 4046 4940 τουτέστι,

2467 4986 2557 5041 τοῦ
2600 4984 2834 5054 Πατρός.
2884 4981 3023 5034 Ἀλλ’
3053 4983 3081 5033 ὁ
3117 4979 3236 5049 μὲν,
3291 4976 3365 5037 ὡς
3408 4974 3627 5042 γνήσιος
3675 4968 3799 5029 Υἱὸς
3837 4966 3937 5017 καὶ
3988 4966 4054 5029 ἐξ

2468 5078 2636 5146 αὐτῆς
2663 5078 2761 5144 τῆς
2803 5074 2991 5135 οὐσίας
3026 5070 3120 5124 τοῦ
3155 5068 3396 5139 Πατρός·
3431 5066 3589 5135 ἡμεῖς
3620 5061 3698 5121 δὲ,
3742 5058 4050 5125 κτίσμα-τα.

2471 5170 2613 5239 Ὅρα
2631 5170 2686 5223 δὲ
2704 5170 2761 5221 ὲν
2790 5168 2979 5228 αὑταῖς
3010 5166 3128 5225 ταῖς
3153 5159 3329 5227 λέξεσι
3347 5157 3444 5227 τὴν
3469 5152 3761 5223 ὑπεροχήν.
3802 5150 4053 5209 Ἐκεῖνος

2469 5261 2712 5331 ἁγιάζει,
2736 5260 2897 5329 ἡμεῖς
2927 5257 2985 5310 δὲ
3019 5252 3382 5324 ἀτιαζὸμεθα.
3417 5248 3582 5299 "Osse
3614 5244 3707 5297 καὶ
3749 5240 4053 5307 ταυτότης,

2471 5358 2566 5407 καὶ
2599 5352 2861 5421 ὑπεροχή.

2538 5443 2620 5496 Δι’
2682 5418 3054 5508 iiuna—titiam,
3105 5434 3217 5489 οὐκ
3264 5429 3688 5495 ἐπαισχύνεται
3736 5418 4054 5487 ἀδελφοὺς

2466 5534 2688 5600 αὐτοὺς
2714 5533 2942 5586 καλεῖν.
2977 5532 3120 5598 Ὅρα
3151 5521 3428 5579 κάνταῦθα
3458 5519 3556 5588 τὴν
3597 5512 3892 5584 ὑπεροχήν.
3946 5511 4056 5562 Διὶ

2147 5715 2340 5777 Varia:
2364 5713 2697 5776 lectiones.

894 5818 933 5845 πῖ
976 5815 1277 5885 φιλοτιμίας
1304 5832 1353 5871 0.
1432 5818 1476 5850 ²⁸
1496 5816 1872 5887 καταγομένην
1904 5835 1953 5869 υ.
