4154 6440
774 357 879 420 215

778 471 1004 537 ιιι·ἱιιιὲ1111
1072 470 1216 523 illzttlt

778 562 925 625 b-eit,
980 561 1092 630 ipse
1145 561 1245 615 fuit
1282 563 1375 629 qui
1430 572 1659 618 mortem
1708 566 1973 630 condidit,
2032 569 2146 636 ipsa
2186 569 2351 622 veluti

779 653 944 706 milite
1017 668 1082 706 ac
1154 653 1384 709 fortibus
1458 657 1624 710 armis
1727 658 1989 713 adversus
2056 661 2349 713 humanam

778 756 1025 798 naturam
1092 756 1270 799 utens.
1310 745 1422 803 llac
1476 749 1590 819 ipsa
1649 750 1813 819 igitur
1874 751 2130 807 Christus
2184 752 2347 807 etiam

770 852 907 905 usus
973 845 1058 891 est
1126 838 1391 892 adversus
1455 840 1628 893 illum.
1699 841 1852 907 Quod
1916 857 2101 896 revera
2170 844 2351 896 multa:

775 930 1028 994 potentbe
1084 943 1146 981 ac
1220 931 1497 997 sapientiae
1571 931 1707 994 fuit,
1797 932 2049 1002 jugulare
2138 919 2347 989 hostem

778 1022 842 1073 tis
917 1022 1105 1084 armis,
1157 1022 1356 1090 quiluts
1422 1023 1541 1091 ipse
1612 1025 1811 1079 mullos
1873 1026 2348 1094 jugulabat.Qui-

776 1118 899 1168 dam
948 1124 1128 1169 autem
1178 1117 1257 1168 sic
1303 1117 1733 1172 intellexerunt:
1794 1118 1928 1171 Eum
1976 1120 2067 1188 qui
2120 1120 2352 1175 habebat

777 1223 1079 1277 peccatum,
1113 1212 1385 1280 inquiunt,
1420 1212 1522 1266 hoc
1574 1222 1680 1279 est,
1712 1214 1989 1269 diabolum
2026 1234 2037 1269 :
2067 1225 2349 1285 peccatum

773 1302 917 1352 enim
958 1312 1039 1355 est
1069 1301 1335 1355 fortitudo
1375 1303 1651 1372 roburque
1686 1307 1897 1358 mortis.

846 1392 1006 1447 Vens.
1046 1394 1131 1447 15.
1181 1395 1246 1446 lit
1284 1396 1527 1449 liberaret
1561 1413 1646 1450 eos
1672 1398 1761 1467 qui
1805 1398 1988 1451 timore
2019 1399 2205 1452 mortis
2260 1414 2351 1465 per

776 1494 943 1537 totam
997 1486 1157 1538 vitam
1196 1488 1412 1539 obnoxii
1477 1499 1629 1540 erant
1682 1489 1942 1544 servituti.
1988 1487 2101 1542 [loc
2127 1500 2231 1553 cst,
2292 1497 2352 1543 ut

774 1577 1033 1631 liberaret
1060 1578 1329 1638 homines,
1365 1580 1459 1648 qui
1492 1581 1634 1634 servi
1671 1589 1829 1634 erant
1889 1584 2099 1648 mortis,
2133 1591 2345 1637 metue-

778 1668 1017 1738 bantque
1052 1670 1154 1724 sibi
1191 1670 1258 1723 ab
1291 1686 1379 1736 ea,
1417 1671 1605 1741 illique
1636 1674 1859 1728 obnoxii
1886 1682 2064 1739 erant,
2107 1676 2209 1729 hoc
2239 1685 2346 1739 est,

772 1759 977 1813 detenti
1004 1763 1267 1816 servitute
1294 1779 1413 1832 quae
1436 1765 1538 1816 sub
1560 1764 1675 1833 ipsa
1701 1773 1839 1824 erat,
1868 1775 1925 1817 ut
1960 1781 2079 1833 qua:
2104 1767 2343 1819 nondum

773 1857 892 1901 erat
934 1850 1215 1904 destructa
1257 1871 1271 1906 :
1318 1854 1402 1906 vel
1436 1855 1564 1926 quia
1600 1856 1653 1907 in
1678 1855 1875 1909 timore
1909 1856 2170 1911 continuo
2202 1858 2346 1911 vive-

775 1943 907 1996 bant
948 1944 1112 2010 prisci
1150 1946 1428 2011 mortales,
1460 1962 1675 2017 semper
1704 1963 1825 2002 sese
1875 1965 1997 2003 mox
2051 1952 2348 2007 morituros

774 2045 1177 2104 exspectantes.
1241 2054 1305 2094 ac
1364 2055 1474 2108 prae
1534 2041 1639 2095 ista
1673 2041 1962 2098 formidine
2012 2045 2219 2099 nullius
2254 2061 2348 2099 vo-

776 2128 999 2194 luptatis
1061 2142 1286 2181 seusum
1341 2128 1592 2199 accipere
1660 2138 1977 2200 potuerunt.
2021 2132 2145 2191 ,lloc
2201 2136 2345 2189 enim

774 2217 1146 2285 adumbravit,
1181 2236 1305 2275 cum
1338 2222 1476 2276 dixit
1510 2241 1523 2276 ι
1562 2221 1667 2277 Per
1704 2234 1869 2278 totam
1900 2227 2083 2280 vitam.
2115 2226 2346 2281 Obnoxii

776 2310 966 2379 itaque
1018 2320 1177 2365 erant
1212 2314 1484 2379 servituti,
1518 2316 1623 2371 hoc
1653 2327 1757 2379 est,
1794 2334 2009 2388 semper
2061 2320 2345 2383 timebant,

775 2418 874 2453 c-eu
928 2403 1071 2456 servi
1103 2402 1385 2457 dominum
1412 2420 1689 2475 asperum,
1718 2407 1893 2476 ipsam
1940 2417 2190 2472 mortem,
2225 2409 2348 2461 nul-

776 2495 883 2546 lam
920 2495 1077 2563 plane
1100 2496 1431 2564 voluptatem
1466 2515 1495 2552 e
1520 2514 1579 2552 re
1601 2500 1781 2568 aliqua
1804 2502 2178 2571 pereipieutes.
2208 2502 2349 2556 Hinc

777 2600 907 2637 vero
944 2586 1159 2655 collige,
1213 2589 1356 2656 quod
1401 2589 1447 2644 is
1482 2590 1577 2660 qui
1622 2600 1849 2645 mortem
1881 2594 2094 2657 metuit,
2156 2609 2351 2662 expers

777 2686 862 2730 est
892 2677 1159 2733 libertatis
1190 2682 1545 2751 omniumque
1571 2697 1782 2737 servus.
1824 2684 2015 2741 Porro.
2042 2686 2186 2738 istud
2218 2685 2351 2738 lide-

780 2768 924 2822 libus
963 2764 1185 2825 ,alllictis
1245 2780 1329 2824 est
1382 2771 1620 2835 solatio:
1680 2772 1949 2841 siquidem
1995 2773 2069 2826 illi
2134 2774 2239 2827 acti
2294 2782 2349 2828 et

777 2864 1092 2920 carceribus
1144 2868 1439 2937 mancipati
1478 2868 1705 2923 liberius
1742 2884 1804 2922 ac
1839 2869 2138 2937 jucundius
2161 2871 2350 2923 vivunt

778 2969 942 3020 quam
984 2954 1156 3024 ii,qui
1192 2957 1321 3009 olim
1357 2958 1587 3011 summis
1626 2960 1675 3011 in
1708 2957 1923 3013 deliciis
1955 2960 2121 3013 vitam
2150 2961 2351 3020 ducere

778 3045 1134 3113 videbantur,
1192 3049 1411 3117 quando
1456 3051 1669 3118 vigebat
1725 3068 1872 3108 mors
1920 3063 1973 3107 et
2011 3055 2155 3108 vires
2222 3070 2352 3108 suas

779 3137 1083 3191 obtinebat.
1140 3137 1273 3191 Nam
1332 3140 1406 3193 illi
1452 3140 1644 3195 mortis
1696 3151 1845 3195 metu
1890 3142 2173 3200 concussi.
2234 3157 2353 3195 ser-

782 3232 833 3283 vi
905 3240 1063 3285 erant
1131 3248 1144 3284 :
1217 3247 1313 3285 vos
1384 3240 1568 3285 autem
1655 3232 1723 3285 ab
1777 3248 1842 3287 co
1920 3242 2067 3287 uictu
2137 3233 2351 3287 liberati

779 3323 917 3375 1:5”:

863 3410 1021 3465 Veis.
1085 3410 1171 3464 H3.
1227 3408 1503 3481 Nusquam
1539 3412 1679 3464 enim
1725 3413 1939 3481 angelos
1988 3414 2349 3481 apprehendit.

785 3503 896 3555 Hoc
952 3511 1055 3563 est,
1105 3518 1210 3554 non
1240 3502 1555 3570 angelorum
1593 3512 1843 3556 naturam
1895 3506 2215 3573 assumpsit,
2257 3520 2353 3557 ne~

782 3606 888 3658 que
918 3582 1037 3644 eam
1078 3591 1329 3658 gestavit.
1376 3590 1489 3645 Hoc
1533 3604 1713 3645 autem
1743 3595 1967 3647 multam
1995 3611 2120 3663 erga
2164 3596 2355 3648 buma-

787 3694 916 3733 num
985 3696 1156 3749 genus
1204 3681 1526 3735 cbaritatem
1582 3682 1671 3735 Dei
1714 3683 1937 3739 indicat.
1990 3685 2144 3749 Quod
2209 3686 2352 3739 enim

785 3773 1032 3842 angelis,
1104 3774 1314 3843 inquit,
1380 3790 1484 3828 non
1583 3778 1845 3837 donavit,
1930 3779 2031 3833 hoc
2114 3779 2355 3832 ltominio

788 3872 888 3917 bus
950 3863 1119 3927 dedit,
1192 3872 1250 3917 ut
1309 3882 1372 3919 ex
1436 3868 1679 3936 ipsorum
1736 3877 1928 3921 natura
2001 3885 2225 3923 carnem
2276 3885 2356 3923 as-

783 3965 1042 4008 sumeret.

855 4046 959 4102 Sed
989 4064 1161 4101 semen
1201 4049 1426 4103 Abrahw
1457 4049 1801 4116 reprehendit.
1832 4050 1949 4105 Non
1978 4052 2135 4115 dixit,
2168 4067 2352 4107 susce-

786 4139 882 4207 pit.
933 4135 1029 4191 sed
1060 4136 1507 4201 apprehendit,ut
1544 4137 1801 4189 ostendat
1859 4137 2003 4204 quod
2057 4137 2353 4208 fugientem

787 4235 1034 4279 naturam
1076 4235 1340 4289 nostram,
1385 4234 1439 4279 et
1503 4226 1719 4295 longius
1764 4237 2027 4280 remotam
2071 4230 2354 4283 insecutus

787 4319 878 4383 sit,
913 4327 966 4371 ct
1028 4324 1374 4371 antevertens
1428 4316 1865 4384 apprehenderit,
1924 4320 2355 4389 complexusque

789 4410 881 4473 sit,
918 4406 1020 4461 sibi
1058 4407 1275 4470 uuiens,
1311 4420 1374 4458 ac
1403 4406 1603 4460 sistens
1659 4406 1833 4475 ipsam
1863 4424 1891 4461 a
1934 4408 2058 4478 luga
2106 4425 2213 4479 qua
2270 4411 2341 4463 ab

1680 363 2251 424 'l'llEOPIlYLACTl
2293 367 2703 427 BULGARIJE
2729 371 2928 429 AliCll
2944 372 3080 430 lEP.

1322 470 1744 527 inobedientiam
1806 476 2058 531 homines
2129 492 2350 547 peccare

2474 481 2692 551 Ἐπειδὴ
2728 482 2835 553 γὰρ
2869 484 3204 554 ἁμαρτάνειν
3254 485 3425 538 ἐποίει
3470 487 3595 548 τοὺς
3618 485 3939 552 ἀνθρώπους
3970 489 4037 537 ἐκ

3925 371 4040 436 216

2456 574 2552 642 τῆς
2605 576 2831 645 πρώτης
2888 577 3105 647 ἐκείνης
3157 581 3463 647 παρακοῆς,
3505 577 3667 637 αὐτὸς
3723 572 3791 645 ἦν
3854 577 3884 629 ὸ
3942 578 4041 628 τὸν

2457 663 2688 716 θάνατον
2721 665 3158 737 δημιουργήσας,
3186 668 3379 736 ὥσπερ
3408 667 3513 718 τινὶ
3548 667 3854 737 στρατιώτῃ
3882 666 4038 733 αὐτῷ

2459 757 2551 809 καὶ
2594 757 2746 828 ὅπλῳ
2780 759 2987 830 ἔσχυρῷ
3017 761 3298 830 χρώμενος
3354 758 3496 811 κατά
3538 758 3635 827 τῆς
3684 759 4037 827 ἀνθρωπίνης

2459 850 2695 916 φύσεως.
2738 852 2928 921 Τούτῳ
2956 852 3049 904 οῦν
3079 851 3229 920 αὐτῷ
3254 854 3281 904 ὁ
3330 850 3567 921 Χριστὸς
3606 852 3880 921 ἐχρήσατο
3908 852 4037 902 κατ’

2454 941 2646 995 αὐτοῦ.
2691 944 2756 993 '0
2809 943 2902 995 καὶ
2938 941 3016 1011 τῷ
3071 942 3184 994 ὄντι
3224 941 3428 1009 πολλῆς
3461 942 3751 1011 δυνάμεως
3802 943 3896 995 καὶ
3948 959 4039 993 σο-

2456 1033 2609 1100 φίας,
2643 1032 2705 1085 τὸ
2736 1032 2939 1102 σφάξαι
2967 1035 3058 1085 τὸν
3086 1031 3278 1102 ἐχθρὸν
3310 1032 3399 1083 διὰ
3430 1030 3524 1084 τοῦ
3554 1031 3722 1083 ὅπλου
3748 1024 3792 1097 ᾧ
3824 1031 4036 1089 ἐκεῖνος

2455 1124 2685 1187 πολλοὺς
2742 1123 3035 1192 ἕτφαττεν.
3084 1124 3247 1187 Τινές
3300 1125 3358 1177 δὲ
3410 1122 3582 1186 οὕτως
3616 1123 3891 1193 ἐνόησανς
3928 1122 4039 1171 Tim

2456 1216 2651 1284 ἔχοντα
2677 1217 2743 1278 ³¹,
2784 1217 2939 1285 φασὶ,
2970 1217 3071 1283 τὴν
3114 1216 3415 1285 ἁμαρτίαν,
3464 1214 3749 1276 τουτέστι,
3781 1213 3871 1265 τὸν
3913 1212 4035 1265 διά-

2455 1307 2635 1369 ϐολον,
2664 1308 2785 1377 ἥτις
2814 1307 2933 1358 ἐστὶ
2966 1308 3167 1377 κράτος
3198 1308 3295 1360 καὶ
3326 1308 3479 1374 ἰσχὺς
3504 1306 3596 1357 τοῦ
3633 1304 3885 1356 θανάτου.

2523 1398 2633 1450 Καὶ
2679 1396 3006 1464 ἀπαλλάξῃ
3063 1398 3310 1461 τούτους
3372 1396 3504 1449 ὅσοι
3568 1395 3729 1462 φόϐῳ
3769 1390 4039 1464 θανάτου

2453 1488 2550 1541 διὰ
2613 1490 2839 1553 παντὸς
2894 1489 2999 1541 τοῦ
3067 1487 3173 1555 ζῇν
3235 1489 3436 1554 ἔνοχοι
3497 1482 3661 1555 ἦσαν
3718 1484 4036 1546 δουλείας.

2456 1578 2767 1640 Τουτέστιν,
2823 1579 2909 1631 ἵνα.
2960 1578 3303 1649 ἐλευθερώσῃ
3359 1580 3485 1641 τοὺς
3519 1575 3864 1645 ἀνθρώπους,
3913 1576 4037 1627 ὅσοι

2454 1665 2633 1717 δοῦλοι
2663 1661 2802 1735 ἦσαν
2841 1667 2937 1718 τοῦ
2976 1667 3234 1727 θανάτου,
3267 1668 3361 1718 καὶ
3391 1666 3685 1733 ἐφοϐοῦντο
3709 1665 3899 1725 αὐτὸν,
3942 1666 4039 1715 καὶ

2456 1757 2631 1825 ἔνοχοι
2678 1758 2829 1827 αὑτῷ
2854 1754 3015 1829 ἦσαν,
3042 1760 3351 1824 τουτέστιν,
3386 1760 3810 1827 ἐγκατεχόμενοι
3834 1758 3903 1824 τῇ
3940 1756 4040 1806 ὑπ’

2454 1848 2618 1901 αὑτὸν
2663 1849 2899 1921 δουλείᾳ,
2959 1851 3054 1904 ac:
3116 1852 3341 1921 μηδέπω
3415 1850 3810 1903 καταλυθέντισ
3868 1850 3906 1918 ἢ
3952 1848 4040 1902 ὅτι

2452 1943 2604 2013 φόϐῳ
2657 1944 2896 2012 διηνεκεῖ
2950 1945 3189 2009 συνέζων
3240 1948 3288 1999 οἱ
3360 1946 3525 1997 πάλαι
3577 1943 3898 2013 ἄνθρωποι,
3948 1943 4040 1993 ἀεὶ

2450 2034 2809 2102 τεθνήξεσθαι
2849 2036 3283 2104 προσδοκῶντες,
3334 2037 3427 2087 καὶ
3466 2037 3555 2088 διὰ
3584 2037 3677 2087 τὸν
3711 2033 3875 2101 φόϐον
3906 2032 4038 2083 τοῦ-

2448 2142 2541 2177 τον
2597 2127 2851 2195 οὐδεμιᾶς
2917 2128 3110 2196 ἡδονῆς
3169 2128 3423 2198 αἴσθησιν
3491 2127 3675 2179 λαϐεῖν
3744 2126 4035 2194 ἠδύναντο.

2457 2216 2627 2267 Τοῦτο
2665 2217 2774 2285 γάρ
2837 2216 3078 2287 ᾐνίξατο,
3143 2217 3241 2272 διὰ
3276 2217 3499 2283 παντὸς
3542 2217 3649 2270 τοῦ
3677 2215 3803 2281 δεῖν.
3835 2217 4035 2267 εἰπών.

2455 2310 2671 2378 Ἔνοχοι
2702 2309 2796 2361 οῦν
2826 2305 2968 2379 ἦσαν
2999 2309 3272 2373 δουλείας,
3326 2309 3635 2372 τουτέστιν,
3663 2309 3750 2361 ἀεὶ
3776 2307 4037 2376 ἔτρεμον.

2449 2402 2525 2465 ὡς
2582 2401 2757 2455 δοῦλοι
2806 2402 3075 2468 δεσπότην
3130 2402 3349 2472 πικρὸν,
3388 2401 3478 2453 τὸν
3514 2401 3765 2462 θάνατον,
3810 2399 4037 2461 οὐδενὸς

2451 2495 2815 2556 ἀπολαύοντες
2844 2493 3104 2563 τερπνοῦ.
3140 2495 3421 2561 Συνάγαγε
3456 2494 3501 2525 ³³
3529 2495 3586 2547 δέ
3630 2492 3905 2555 ἐντεῦθεν,
3949 2492 4039 2545 ὅτι

2451 2587 2479 2636 ὁ
2510 2586 2739 2639 θάνατον
2792 2586 3065 2650 δεδοικὼς,
3119 2586 3475 2655 ἀνελεύθερος
3506 2586 3600 2638 καὶ
3641 2584 3857 2637 πάντων
3910 2582 4041 2635 δοῦ-

2450 2679 2561 2741 λος.
2624 2679 2980 2749 Παράκλησις
3029 2680 3124 2731 καὶ
3173 2678 3331 2731 τοῦτο
3390 2681 3503 2741 τοῖς
3549 2678 3890 2746 θλιὸομένοις
3938 2694 4038 2728 πι-

2454 2772 2623 2833 στοῖς,
2675 2770 2788 2839 εἴγε
2836 2773 2883 2823 οι
2932 2772 3283 2840 ἐλαυνόμενοι
3340 2771 3435 2824 νῦν
3493 2770 3591 2823 καὶ
3643 2768 4039 2838 δεσμούμενοι,

2452 2859 2883 2930 ἐλευθερώτερον
2928 2861 3177 2928 διάγουσι
3223 2861 3318 2914 καὶ
3369 2860 3517 2929 ἥδιον
3546 2860 3657 2912 τῶν
3702 2860 3872 2912 πάλαι
3904 2876 4042 2927 τρυ-

2454 2954 2562 3021 φᾷν
2584 2953 2903 3013 δοκούντων,
2942 2954 3029 3005 ὅτε
3067 2955 3252 3023 ἰσχυεν
3285 2955 3312 3005 ὁ
3346 2952 3599 3014 θάνατος.
3657 2952 3892 3004 Ἐκεῖνοι
3928 2951 4041 3018 μὲν

2454 3044 2562 3112 γὰρ
2594 3043 2671 3111 τῷ
2706 3044 2854 3113 φόϐῳ
2897 3044 2991 3096 τοῦ
3047 3045 3278 3098 θανάτου
3340 3044 3787 3113 κατασειόμενοι,
3846 3040 4033 3095 δοῦλοι

2382 3159 2425 3215 c
2456 3129 2596 3205 ἦσαν
2618 3151 2629 3163 ·
2664 3136 2819 3205 ὑμεῖς
2850 3136 2906 3188 δέ
2937 3135 3128 3189 τούτου
3160 3137 3534 3206 ἀπηλλάγητε.

2564 3414 2647 3463 Οὐ
2727 3410 2836 3478 γὰρ
2922 3410 3121 3475 δήπου
3195 3411 3465 3479 ἀγγέλων
3549 3408 4040 3476 ἐπιλαμϐάνεται.

2459 3503 2767 3565 Τουτέστιν,
2799 3503 2860 3554 οὐ
2897 3504 2995 3571 τῆς
3044 3503 3153 3555 τῶν
3206 3505 3457 3570 ἀγγέλων
3488 3502 3699 3570 φύσεως
3742 3498 4040 3569 ἐδράξατο,

2457 3592 2577 3644 οὺδέ
2607 3592 2811 3661 ταύτην
2844 3594 3092 3661 ἐφόρεσε.
3143 3594 3313 3645 Τοῦτο
3345 3593 3399 3645 δὲ
3432 3593 3531 3664 τὴν
3562 3592 3762 3659 πολλὴν
3797 3590 3934 3656 πρὶς
3979 3590 4045 3640 τὸ

2459 3682 2797 3753 ἀνθρώπινον
2828 3684 2984 3749 γένος
3038 3683 3261 3751 ἀγάπην
3289 3683 3385 3735 τοῦ
3432 3683 3569 3735 Θεοῦ
3620 3681 3913 3732 δείκνυσιν.
3963 3680 4039 3729 Ὂ

2458 3777 2567 3846 γὰρ
2604 3776 2879 3843 ἀγγέλοις,
2896 3775 3078 3844 φησὶν,
3095 3775 3192 3827 οὐκ
3211 3777 3527 3844 ἐχαρίσατο,
3548 3772 3706 3825 τοῦτο
3725 3770 4043 3839 ἀνθρώποις

2457 3870 2680 3934 δέδωκε,
2703 3870 2786 3931 τὸ,
2812 3868 2873 3932 ἐξ
2899 3868 3079 3920 αὐτῶν
3114 3868 3293 3937 σάρκα
3321 3866 3747 3937 προσλαϐέσθαι.

2542 4049 2717 4103 Ἀλλὰ
2790 4052 3131 4117 σπέρματος
3224 4049 3477 4115 Ἀϐραὰμ
3547 4046 4038 4113 ἐπιλαμϐάνεται.

2461 4140 2577 4191 Οὐκ
2594 4135 2766 4200 εἶπεν,
2786 4140 3242 4203 ἀνέλαϐεν,Ἀ).λ’,
3263 4138 3748 4207 ἐπιλαμϐάνεται,
3771 4138 3857 4189 ἵνα
3881 4137 4046 4207 δείξῃ

2459 4234 2542 4285 ὂτι
2578 4231 2889 4299 φεύγουσαν
2922 4232 3021 4301 τὴν
3055 4232 3217 4301 φύσιν
3251 4232 3407 4301 ἡμῶν
3433 4272 3449 4295 ,
3502 4232 3594 4283 καί
3628 4228 4046 4297 μακρυνθεῑσαν

2461 4322 2649 4388 ἐδίωξε
2677 4339 2691 4352 ·
2746 4325 2842 4375 καὶ¹
2898 4323 3109 4391 φθάσας
3154 4323 3452 4375 ἐπελάϐετο
3494 4322 3685 4389 αὐτῆς,
3721 4322 3815 4371 καὶ
3849 4336 4047 4388 περιε-

2461 4416 2644 4485 πλάκη
2678 4414 2883 4477 ἐνώσας
2923 4414 3137 4483 ἐαυτῷ,
3194 4415 3289 4466 καὶ
3326 4415 3530 4482 στήσας
3575 4413 3741 4481 αὐτὴν
3792 4412 3891 4480 τῆς
3939 4412 4045 4463 ἀπ’

786 4500 907 4566 ipso
954 4496 1218 4566 fugiebat.
1268 4494 1387 4549 Non
1423 4496 1561 4547 dixit
1629 4506 1830 4559 autem,
1884 4506 2133 4551 naturam
2182 4500 2350 4554 homi-

2464 4508 2631 4561 αὐτοῦ
2700 4509 2898 4575 φυγῆς.
2970 4508 3088 4560 Οὐκ
3134 4504 3253 4559 εἷπε
3311 4508 3403 4570 δὲ,
3445 4506 3665 4569 Φύσεως
3708 4504 4041 4573 ἀνθρώπων,

789 4605 943 4655 num,
971 4589 1069 4644 sed
1122 4604 1293 4642 semen
1346 4588 1617 4641 Abrahw:
1646 4590 1841 4657 partim
1880 4590 2096 4657 quidem
2126 4592 2355 4660 cupiens

788 4698 885 4737 eos
954 4681 1227 4740 attollere,
1291 4694 1353 4732 ac
1399 4681 1616 4747 generis
1680 4679 1919 4749 ipsorum
2008 4682 2352 4751 splendorem

788 4779 1241 4831 commonstrare,
1274 4770 1495 4837 etquod
1536 4772 1589 4823 in
1649 4769 1752 4824 hoc
1782 4773 1889 4825 sint
1946 4774 2203 4839 gentibus
2256 4790 2353 4827 ex-

789 4862 1157 4921 i-ellentiores,
1194 4868 1470 4929 quatenus
1497 4875 1560 4912 ex
1598 4861 1730 4928 ipsis
1769 4870 1855 4915 est
1884 4860 2170 4918 Dominus.
2198 4863 2358 4918 Sem—

790 4970 887 5022 per
908 4954 1050 5007 enim
1084 4952 1239 5021 ipsis,
1282 4952 1373 5005 ubi
1430 4952 1566 5004 citra
1617 4952 1879 5005 ochnsam
1938 4953 2084 5020 licet,
2145 4954 2354 5024 gratiﬁ-

788 5054 947 5101 Catur
981 5065 994 5099 :
1023 5046 1218 5115 partim
1275 5061 1404 5100 vero
1481 5046 1903 5115 promissionem
1934 5048 2013 5101 eis
2047 5048 2116 5102 ad
2143 5064 2353 5103 memo-

788 5138 924 5191 riam
974 5150 1279 5190 revocans:
1314 5136 1425 5189 Tibi
1489 5146 1537 5189 et
1584 5137 1769 5190 semini
1815 5149 1903 5191 tuo
1956 5138 2093 5192 dabo
2158 5150 2354 5195 terram

788 5230 920 5281 hanc
936 5230 1001 5281 ”.

858 5317 1200 5391 ϐδάνειιε.
1235 5318 1320 5370 l7.
1360 5315 1504 5371 Unde
1526 5317 1739 5372 debebat
1759 5336 1851 5389 per
1880 5322 2057 5374 omnia
2091 5324 2351 5391 tratribus

789 5412 1099 5467 assimilari.
1131 5408 1266 5475 Quia
1300 5410 1500 5477 placuit
1539 5410 1586 5464 ei
1650 5412 1812 5465 semel
1853 5423 2096 5466 nostram
2153 5430 2349 5483 appre-

895 5598 938 5625 ⁹⁹
970 5594 1103 5652 Gen.
1138 5612 1257 5657 xm,
1299 5598 1377 5651 l5.

2457 4601 2614 4662 ἀλλὰ,
2649 4599 2991 4667 σπέρματος
3035 4599 3300 4667 Ἀϐραάμ
3328 4617 3340 4631 ’
3396 4599 3513 4666 ἅμα
3562 4598 3659 4665 μὲν
3706 4597 4037 4666 βουλόμενος

2458 4693 2656 4753 αὐτοὺς
2690 4693 2916 4759 ἐπᾶραι,
2961 4692 3052 4741 καὶ
3101 4690 3272 4755 δεῖξαι
3316 4690 3377 4741 τὸ
3416 4694 3573 4757 γένος
3616 4689 3794 4741 αὐτῶν
3827 4690 4038 4757 τίμιον,

2460 4785 2556 4837 καὶ
2587 4786 2669 4836 ὅτι
2698 4783 2858 4834 πλέον
2888 4782 3072 4851 ἔχουσι
3102 4784 3209 4834 τῶν
3244 4782 3473 4835 ἐθνικῶν
3504 4784 3564 4835 ἐν
3601 4782 3797 4850 τούτῳ,
3830 4780 3972 4834 καθὸ
3992 4781 4040 4812 ³⁸

2462 4875 2521 4939 ἐξ
2571 4875 2752 4926 αὐτῶν
2789 4876 2817 4927 ὁ
2850 4873 3051 4945 Κύριος
3077 4890 3090 4902 ·
3132 4874 3221 4927 ἀεὶ
3249 4875 3354 4942 γὰρ
3383 4873 3665 4943 χαρίζεται
3712 4872 3920 4933 αὐτοῖς,
3980 4872 4044 4923 ἐν

2463 4959 2544 5026 οἷς
2569 4964 2745 5025 οὐδεὶς
2775 4963 3108 5033 βλάπτεται·
3149 4962 3267 5030 ἅμα
3310 4963 3369 5016 δὲ
3420 4964 3512 5016 καὶ
3551 4962 3649 5030 τῆς
3698 4960 4045 5026 ἐπαγγελίας

2468 5060 2903 5126 ἀναμιμνήσκων
2935 5055 3149 5116 αὐτοὺς,
3201 5055 3285 5105 ὃτι
3334 5052 3433 5107 Σοὶ
3481 5054 3578 5105 καί
3609 5049 3688 5115 τῷ
3733 5051 4047 5120 σπέρματι

2462 5166 2579 5204 σου
2606 5148 2779 5201 δώσω
2808 5146 2923 5213 τὴν
2961 5145 3077 5213 γῆν
3107 5145 3353 5212 ταύτην.

2539 5328 2717 5378 Ὅθεν
2736 5325 2952 5393 ὤφειλε
2976 5323 3127 5378 κατὰ
3157 5325 3353 5377 πάντα
3387 5322 3509 5388 τοῖς
3541 5319 3826 5390 ἀδελφοῖς
3878 5325 4056 5389 ὁμοι-

2466 5418 2708 5485 ωθῆναι.
2781 5418 3034 5488 Ἐπειδὴ,
3096 5418 3298 5489 φησιν,
3360 5416 3508 5480 ἅπαξ
3566 5414 3896 5478 κατεδέξατο
3943 5415 4053 5485 τῆς

2140 5698 2338 5759 Variae
2376 5698 2704 5759 lectiones.

865 5785 879 5815 ³
947 5786 1142 5858 εχῦρὸν
1174 5806 1225 5841 υ.
1306 5788 1349 5823 ³³
1372 5788 1523 5852 caves
1556 5809 1604 5843 ο.
1684 5793 1724 5825 ³³
1756 5794 1942 5847 καθότι
1972 5810 2024 5849 0.
