4154 6440
118 393 209 454 321
794 392 1197 452 EXI'OSITIO
1225 392 1299 451 ΙΝ
1336 392 1574 451 EPIST.
1607 392 1704 447 AD
1739 390 2126 453 HEBRJSOS.
2161 418 2224 428 --
2255 392 2413 450 CAP.
2457 390 2571 448 Ili.

3278 386 3385 450 222

123 502 325 569 ἦρξατο
390 499 533 569 μετὰ
595 500 691 567 τῆς
744 500 1081 568 συγκρίσεως
1137 501 1246 552 ἀπὸ
1304 500 1403 566 τῆς
1466 500 1691 567 σαρκὺς,

1813 503 2069 567 promodo
2120 502 2592 569 comparationem
2628 515 2653 548 a
2682 512 2848 551 carne
2889 496 3212 564 auspicatus
3252 508 3335 550 est
3366 512 3382 548 :

125 590 288 660 ἀνέϐη
321 592 384 643 δὲ
417 592 497 649 εἰς
538 592 637 658 τὴν
668 592 916 659 eadm-.2,
947 593 1037 642 καὶ
1065 590 1109 622 ⁸ο
1152 592 1505 661 ἀσυγκρίτως
1537 589 1709 657 ὑπερ-

130 684 270 749 ἐχειν
301 681 399 733 τᾶν
433 680 673 749 Ποιητὴν
706 679 798 732 τοῦ
822 682 1125 749 ποιήματος
1154 680 1342 744 ἔδειξε.

190 864 301 917 Καὶ
335 862 567 930 Μωσῆς
589 862 706 931 μὲν
733 861 947 927 πιστὸς
974 862 1042 913 ἐν
1068 861 1191 926 ὅλῳ
1220 858 1300 924 τῷ
1332 861 1474 927 οἴκῳ
1500 860 1703 923 αὐτοῦ,

123 959 197 1021 ὡς
225 957 533 1024 θεράπων,
566 957 653 1020 εἰς
675 954 998 1022 μαρτύριον
1020 951 1140 1004 τῶν
1170 951 1704 1019 λαληθησομένων-⁸

130 1048 385 1113 Χμστύς
421 1046 492 1099 δὲ
538 1046 619 1111 ὡς
674 1047 827 1108 ΥΙός.
879 1043 1011 1096 Ἰδοὺ
1068 1045 1161 1096 καὶ
1222 1042 1388 1112 ἄλλην
1434 1042 1707 1112 ὑπεροχὴν

124 1136 401 1187 δείκνυσιν
428 1149 440 1162 ⁸
479 1136 563 1187 ὅτι
598 1137 624 1185 ὀ
671 1135 770 1201 μὲν
803 1133 1009 1201 Μωσῆς
1041 1132 1229 1196 πιστὸς
1278 1127 1367 1202 ἧν,
1420 1132 1495 1194 ὡς
1546 1131 1705 1200 Θερά-

123 1242 258 1284 πων,
294 1224 389 1276 διὰ
420 1225 581 1276 τοῦτο
618 1224 915 1290 καταστὰς,
946 1223 1031 1275 ἵνα
1057 1224 1193 1293 λαλῇ
1226 1223 1294 1274 τὰ
1320 1221 1413 1275 τοῦ
1437 1224 1707 1275 Δεσπότου

120 1319 228 1378 τοῖς
257 1318 477 1380 λοιποῖς
513 1317 776 1377 οἰκέταις,
812 1316 904 1367 καὶ
953 1314 1167 1384 μάρτυς
1282 1314 1359 1382 τῷ
1399 1313 1517 1383 Θεῷ
1553 1315 1610 1365 ὲν
1638 1316 1705 1383 τῇ

122 1409 300 1476 κρίσει
330 1409 447 1461 τῶν
471 1408 836 1478 λαληθέντων.
898 1408 959 1459 Εἰ
1012 1407 1119 1477 γὰρ
1168 1409 1264 1460 καὶ
1290 1408 1521 1477 οὐρανὸν
1553 1407 1710 1458 καλεῖ

130 1500 391 1570 μάρτυρα
449 1501 544 1553 καὶ
604 1501 726 1570 γῆν,
755 1499 830 1561 ὡς
873 1500 954 1561 τὸ,
1022 1500 1272 1562 Ἄκουε,
1320 1498 1556 1566 οὐρανὲ,
1608 1499 1703 1551 καὶ

121 1593 406 1652 iret/(0v
442 1594 479 1659 ἠ
517 1593 590 1661 γῆ
614 1593 762 1677 καὶ
796 1592 1108 1661 φάραγγας,
1147 1591 1221 1653 ὡς
1252 1590 1330 1655 τὸ,
1380 1592 1707 1645 Ἀκούσατε

121 1684 433 1752 φάραγγες
482 1685 555 1738 τὰ
604 1668 847 1766 θεμέλια
892 1683 1003 1753 τῆς
1065 1681 1176 1752 τῆς
1206 1698 1221 1711 ⁸
1271 1681 1451 1752 πολλῷ
1503 1682 1705 1750 μᾶλλον

124 1776 449 1845 ἄνθρωπον.
524 1775 581 1827 Ὁ
616 1776 672 1828 δὲ
726 1776 959 1846 Χριστὸς
1031 1777 1220 1834 πιστός
1273 1776 1441 1836 ἐστιν,
1479 1773 1552 1837 ὡς
1580 1774 1705 1835 Υἱὸς

120 1869 348 1935 γνήσιος
385 1866 482 1919 καὶ
514 1866 870 1936 κληρονόμος,
905 1867 974 1919 τὰ
1015 1866 1254 1937 Πατρῷα
1293 1865 1512 1919 διοικῶν
1564 1865 1703 1918 κατὰ

118 1960 173 2011 τὸ
213 1958 316 2011 τοῦ
372 1959 589 2027 Πατρὸς
640 1958 872 2027 Οέλημα.
932 1952 1195 2028 Πάμπολυ
1250 1960 1307 2012 δὲ
1370 1960 1463 2011 καὶ
1528 1960 1703 2028 ἀσύγ-

120 2064 310 2116 κριτον
348 2047 412 2099 τὸ
447 2048 610 2117 μέσον
640 2050 883 2101 τοιούτου
919 2048 1190 2100 Δεσπότου
1225 2050 1315 2101 καὶ
1339 2047 1550 2103 δούλου.

196 2231 331 2284 Ἐπὶ
365 2232 476 2284 τὸν
515 2226 684 2284 οἷκον
710 2228 897 2283 αὐτοῦ
924 2244 937 2258 ⁸
988 2223 1060 2285 οὗ
1098 2223 1261 2294 οἶκός
1291 2229 1478 2298 ἐσμεν
1512 2228 1704 2298 ἡμεῖς,

120 2322 223 2376 ἑὼ·
259 2339 380 2391 περ
442 2322 560 2389 τὴν
616 2322 961 2390 παρρησίαν
1015 2320 1114 2375 καὶ
1162 2321 1229 2375 τὸ
1266 2323 1546 2390 καύχημα
1598 2322 1708 2388 τῆς

121 2414 374 2480 ἐπιπέόος
401 2414 541 2481 ἄχρι
568 2413 783 2479 τέλους
811 2413 1064 2477 ,ϐεϐαίαν
1087 2413 1502 2481 κατάσχωμεν.
1548 2410 1708 2475 Οἶκος

121 2501 184 2573 ἦν
216 2506 313 2558 τοῦ
364 2506 654 2567 Μωῦσέως
692 2507 720 2557 ὁ
754 2504 903 2567 λαὸς,
959 2497 1022 2558 οὗ
1060 2504 1227 2574 μέρος
1275 2505 1369 2556 καὶ
1416 2504 1572 2568 αὐτὸς
1618 2500 1706 2574 ἦν.

123 2594 283 2650 Οἷκον
339 2597 459 2666 ἔχει
512 2594 609 2649 καὶ
663 2598 691 2648 ὁ
744 2596 997 2666 Χριστὸς,
1026 2596 1176 2665 ἡμᾶς
1206 2613 1217 2625 ⁸
1252 2594 1367 2649 ἀλλ’
1400 2597 1495 2648 ἐὰν
1544 2596 1710 2667 μέχρι

122 2693 308 2754 τέλους
360 2691 601 2751 ἑστῶτες
648 2683 823 2759 ὦμεν,
858 2690 953 2742 καὶ
995 2687 1070 2757 μὴ
1109 2687 1533 2756 καταπὲσωμεν.
1594 2687 1711 2740 Ἐν-

124 2782 297 2835 ταῦθα
336 2783 450 2850 γὰρ
477 2781 521 2812 ⁸⁸
565 2781 863 2851 προτρέπει
907 2779 1106 2842 αὐτοὺς
1151 2784 1445 2850 καρτερεῖν
1495 2782 1553 2832 ὲν
1590 2781 1711 2842 ταῖς

124 2875 379 2943 elidatur,
441 2874 539 2924 καὶ
597 2871 673 2942 μὴ
724 2870 1012 2923 ἐκλύεσθαι
1043 2886 1057 2899 ⁸
1111 2869 1256 2923 οὕτω
1308 2871 1416 2941 γὰρ
1474 2870 1711 2940 ἐσόμεθα

123 2962 263 3029 οἶκος
312 2964 479 3027 Θεοῦ,
516 2963 707 3033 ὥσπερ
749 2958 817 3034 ἦν
864 2962 1088 3032 Μωσῆς.
1116 2962 1495 3031 Ἐγκωμιαζει
1525 2961 1581 3015 δὲ
1612 2962 1711 3015 αύ-

122 3062 261 3121 τούς.
306 3058 535 3117 δεικνὺς
561 3058 642 3109 ὅτι
681 3056 920 3126 ήρξαντο
959 3056 1080 3124 μὲν,
1120 3056 1202 3108 δεῖ
1248 3055 1305 3108 δὲ
1338 3056 1431 3110 καὶ
1476 3054 1627 3118 τέλος
1663 3055 1709 3087 ⁸⁸

1812 592 2131 647 conscendit
2174 602 2354 645 autem
2386 590 2453 643 ad
2506 590 2872 651 divinitatem,
2923 598 2975 641 et
3038 587 3381 642 conditorem

1809 686 2066 751 Operilms
2106 682 2606 752 incomparabiliter
2637 679 3073 751 prazslantiorem
3122 694 3250 735 esse
3289 677 3386 732 de-

1812 776 2162 833 monstravit.

1882 864 2047 918 Vens.
2076 864 2226 918 5.-Et
2247 857 2411 919 Moses
2426 862 2632 932 quidem
2658 864 2832 932 ﬁdelis
2866 873 2981 916 erat
3014 861 3068 914 in
3103 872 3214 915 tota
3229 864 3384 918 domo

1809 959 1948 1025 ejus,
1983 968 2235 1028 tanquam
2292 957 2552 1025 famulus,
2590 957 2641 1007 in
2676 956 3035 1009 testimonium
3071 972 3385 1025 eorumquw

1809 1049 2036 1103 dicenda
2066 1060 2214 1103 erant
2251 1067 2269 1104 :
2298 1049 2542 1103 Christus
2570 1064 2685 1102 vero
2741 1056 2991 1115 tanquam
3023 1045 3222 1101 Filius.
3308 1047 3384 1100 Eu

1811 1142 1973 1194 aliam
2008 1141 2093 1194 hic
2129 1141 2502 1208 praestantiam
2535 1136 2779 1192 adducit.
2807 1136 3005 1201 Moses,
3040 1138 3236 1206 inquit,
3265 1145 3385 1192 erat

1812 1232 1987 1287 fidelis
2045 1232 2207 1287 veluti
2284 1231 2555 1293 minister,
2610 1238 2900 1300 propterea
2944 1230 3278 1284 constitutus
3330 1239 3388 1284 ut

1814 1324 2025 1380 Domini
2056 1324 2267 1393 negotia
2286 1322 2497 1377 caeteris
2529 1320 2744 1376 famulis
2770 1322 3295 1389 explicaret,‘atque
3330 1331 3388 1372 ιιι

1810 1417 1865 1470 in
1895 1416 2100 1483 judicio
2132 1415 2239 1469 Deo
2268 1414 2425 1469 testis
2454 1422 2603 1469 esset
2628 1428 2815 1467 eorum
2841 1412 3114 1481 quaedicta
3144 1411 3386 1467 erant.Si

1815 1510 1964 1563 cnim
2001 1508 2198 1563 cmlum
2227 1522 2293 1561 ac
2319 1516 2520 1561 terram
2552 1516 2705 1561 vocet
2732 1504 3383 1573 testes,queniadtnodum

1808 1600 1941 1655 illud
1984 1616 1998 1653 :
2029 1600 2171 1654 Audi
2203 1599 2410 1659 cretum.
2443 1608 2492 1651 et
2520 1598 2769 1651 ausculta
2820 1606 2965 1650 terra
3004 1597 3024 1627 ³
3057 1612 3071 1658 ;
3111 1602 3165 1649 et
3198 1595 3383 1656 valles,

1809 1697 1867 1743 ut
1904 1689 1957 1743 in
1982 1704 2046 1743 eo
2072 1690 2190 1743 loco
2221 1706 2235 1741 :
2269 1687 2463 1742 Audite
2518 1687 2679 1742 valles
2752 1687 3099 1756 fundamenta
3160 1683 3384 1749 terra”;

1812 1786 1984 1836 multo
2018 1784 2190 1853 magis
2224 1781 2520 1835 hominem.
2562 1780 2815 1834 Christus
2853 1789 3032 1832 autem
3065 1779 3239 1832 ﬁdelis
3279 1789 3382 1841 est,

1813 1882 1870 1928 ut
1898 1872 2066 1927 Filius
2098 1873 2367 1941 genuinus
2402 1881 2454 1924 et
2502 1871 2697 1933 han-es,
2733 1884 2821 1924 res
2853 1870 3115 1923 I’alernas
3146 1868 3383 1922 admini-

1810 1971 1993 2019 strans
2018 1963 2318 2017 secundum
2351 1961 2528 2015 Patris
2550 1961 2908 2013 voluntatem.
2932 1958 3182 2029 Magnum
3207 1968 3383 2013 autem

1810 2064 1861 2107 et
1889 2052 2560 2123 omninoiucomparabile
2589 2050 2884 2106 discrimen
2920 2058 3003 2105 est
3036 2054 3179 2104 inter
3220 2050 3383 2113 talem

1810 2147 2097 2201 Dominum
2118 2155 2171 2200 ct
2187 2161 2428 2201 servum.

1880 2237 2039 2291 Vens.
2069 2235 2120 2290 6.
2146 2233 2213 2287 In
2228 2234 2384 2287 domo
2398 2250 2496 2287 sua
2512 2247 2532 2286 :
2554 2231 2703 2299 cujus
2720 2231 2905 2283 domus
2924 2245 3016 2282 nos
3038 2244 3151 2279 sum
3162 2242 3242 2283 us.
3258 2224 3385 2295 siﬁ-

1810 2327 2019 2380 duciam
2039 2336 2086 2379 et
2102 2325 2467 2396 gloriationem
2496 2324 2604 2390 spei
2625 2321 2695 2374 ad
2710 2322 2867 2389 ﬁnem
2887 2335 3048 2388 usque
3070 2318 3278 2385 ﬁrmam
3303 2332 3381 2369 re-

1812 2420 2095 2472 tineamus.
2137 2416 2341 2471 Domus
2366 2413 2533 2468 Musis
2565 2423 2681 2468 erat
2728 2411 2980 2481 pepnlus.
3007 2409 3163 2476 cuius
3191 2416 3245 2462 et
3273 2407 3387 2475 ipse

1813 2527 1939 2579 pars
2001 2517 2142 2575 erat.
2189 2506 2442 2561 Christus
2488 2506 2654 2559 etiam
2691 2503 2911 2557 domum
2940 2499 3126 2561 habet,
3175 2512 3275 2552 nos
3301 2497 3384 2551 vi-

1810 2602 2004 2656 delicet
2046 2619 2059 2656 :
2088 2609 2145 2655 at
2170 2600 2215 2655 si
2247 2598 2316 2654 ad
2372 2598 2531 2652 linem
2566 2611 2740 2661 usque
2774 2593 3155 2663 persistamus,
3211 2602 3389 2657 neque

1810 2692 2275 2749 decidanms.Hic
2303 2693 2448 2747 enim
2503 2688 2827 2744 adhortatur
2882 2700 2978 2739 eos
3026 2696 3380 2753 perseverare

1812 2785 1866 2837 in
1914 2782 2322 2844 afﬂictionibus,
2349 2789 2403 2834 ct
2430 2794 2538 2835 non
2576 2776 2896 2831 labefactari
2936 2795 2951 2829 :
2986 2774 3088 2826 hac
3121 2772 3266 2829 enim
3294 2786 3386 2824 ra-

1811 2873 1959 2928 tione
1990 2872 2197 2928 erimus
2229 2870 2425 2925 domus
2466 2867 2582 2934 Dei,
2635 2864 2866 2936 perinde
2913 2870 3130 2917 ac-erat
3188 2859 3387 2915 Moses.

1810 2963 2021 3019 Laudat
2092 2973 2272 3021 autem
2338 2977 2455 3028 eos,
2503 2960 2801 3016 ostendens
2858 2955 3007 3027 quod
3071 2952 3383 3023 inceperint

1810 3056 2054 3126 quidem,
2097 3062 2317 3126 oportet
2346 3060 2527 3117 autem
2557 3061 2611 3106 et
2640 3052 2800 3104 tinem
2861 3047 3082 3102 addere.
3153 3042 3389 3098 Pulchre

126 3148 477 3218 προσθεῖναι.
536 3145 731 3208 Καλῶς
775 3146 832 3198 δὲ
872 3141 1021 3208 εἷπε,
1059 3146 1403 3214 παρρησίαν
1431 3143 1531 3197 καὶ
1564 3143 1708 3197 καύ-

1815 3155 1996 3202 auteut
2041 3145 2202 3209 dixit,
2228 3144 2483 3218 fidugiam
2507 3149 2556 3194 et
2586 3138 2963 3210 gloriationem
2983 3134 3110 3204 spei.
3136 3129 3390 3185 Firmiter

127 3256 279 3305 mra
300 3235 585 3301 ἐλπίδος.
631 3237 740 3289 Καὶ
771 3236 879 3306 γὰρ
914 3235 1152 3299 ἐλπίζων
1202 3252 1288 3295 τις
1326 3233 1581 3305 βεϐαίως,
1629 3234 1708 3286 ὅτι

1813 3238 1960 3292 enim
1996 3233 2270 3306 quispiam
2302 3246 2533 3304 sperans
2559 3229 2801 3284 futuram
2857 3224 3387 3295 compensationem,

126 3329 269 3380 ἔσται
297 3327 694 3390 ἀνταπόδοσις,
724 3328 992 3395 uolitat
1022 3325 1277 3379 δντεῦοεν
1321 3326 1448 3397 ήδη,
1486 3326 1562 3388 ὡς
1594 3327 1714 3380 ἔπι-

126 3420 523 3488 τιτενημένοις
551 3420 663 3480 τοῖς
700 3416 1102 3486 ἑλπιζομένοις,
1136 3418 1231 3469 καὶ
1262 3416 1323 3469 ού
1360 3415 1710 3478 καταδύεται,

126 3511 254 3563 ἀλλὰ
287 3508 619 3579 παρρησίαν
672 3508 786 3577 ἔχει
832 3509 1072 3579 μᾶλλον,
1132 3508 1262 3562 δταν
1322 3508 1575 3577 ολίϐηται
1623 3508 1712 3561 διὰ

128 3603 210 3652 τὴν
239 3600 617 3668 ἀγαπώμενον
645 3600 792 3670 αύτῷ
815 3600 1070 3670 Χριστόν.

187 3698 306 3759 Διὸ,
347 3696 558 3761 καθὼς
594 3694 755 3763 λέγει
789 3695 853 3747 td
898 3693 1141 3761 Πνεῦμα
1174 3694 1240 3745 τὸ
1268 3693 1440 3762 ἅγιον
1462 3710 1477 3724 ·
1522 3694 1712 3762 Σήμε-

122 3804 222 3851 ρον
245 3787 370 3840 ἐὰν
392 3784 512 3851 τῆς
536 3785 744 3853 φωνῆς
791 3784 978 3838 αὐτοῦ
1008 3784 1334 3849 ἀκούσητε,
1381 3784 1466 3852 μὴ
1520 3789 1713 3852 σκλη-

119 3880 336 3943 ρύνητε
366 3874 483 3941 τὰς
510 3874 757 3943 καρδίας
799 3872 988 3942 ὑμῶν,
1020 3872 1099 3937 ὡς
1125 3873 1195 3925 ἐν
1229 3870 1311 3936 τῷ
1346 3886 1714 3940 παραπικρα-

126 3968 277 4037 σμῷ,
326 3967 493 4021 κατὰ
539 3966 654 4033 τὴν
702 3964 931 4034 ἡμέραν
976 3963 1082 4017 τοῦ
1130 3962 1471 4032 πειρασμοῦ
1520 3962 1589 4016 ἐν
1635 3962 1711 4030 τῇ

125 4065 322 4132 ἐρήμῳ
352 4078 367 4089 ⁸
407 4055 487 4117 οὗ
526 4056 857 4127 ἐπίρασὰν
879 4074 955 4127 με
982 4058 1037 4111 ot
1058 4056 1317 4124 πατέρες
1366 4055 1553 4124 ὑμῶν,
1578 4054 1711 4109 ἐδο-

127 4155 392 4224 κίμασὰν
450 4169 549 4220 με,
610 4151 710 4204 καὶ
765 4146 930 4204 εῒδον
961 4148 1034 4202 τὰ
1063 4151 1211 4219 ἔργα
1246 4167 1369 4219 μου
1405 4150 1695 4219 τεσσαρά-

126 4265 303 4301 zorta
352 4247 495 4312 ἐτη.
566 4243 664 4297 Διὸ
698 4242 1085 4310 προσώχθισα
1128 4240 1203 4309 τῇ
1266 4239 1441 4310 γενεᾷ
1483 4242 1711 4308 ἐκείνῃ,

127 4339 215 4391 καὶ
259 4335 451 4392 εἶκον
487 4348 505 4363 ⁸
563 4333 669 4387 Ἀεὶ
711 4319 1057 4386 πλανῶνται
1108 4330 1184 4399 τῇ
1245 4331 1458 4398 καρδίᾳ
1483 4346 1497 4359 ⁸
1546 4332 1715 4384 αὐτοὶ

124 4430 183 4481 δὲ
238 4431 357 4483 οὐκ
404 4427 685 4493 ἔγνωσαν
733 4424 839 4489 τὰς
891 4423 1072 4488 όὸοὐς
1104 4440 1244 4491 μου.
1341 4423 1438 4490 Ὠς
1508 4424 1715 4493 ὤμοσα

1809 3327 1923 3395 jam
1975 3320 2104 3380 inde
2145 3324 2436 3395 gloriatur.
2466 3335 2570 3376 ceu
2601 3334 2724 3390 qua:
2743 3314 3000 3386 sperarit,
3026 3322 3225 3383 prauo
3255 3310 3393 3374 sint,

1812 3433 1916 3472 nec
1972 3415 2158 3469 animo
2201 3414 2483 3484 dejicltur,
2540 3409 2636 3465 sed
2693 3407 2948 3462 ﬁduciam
2985 3403 3169 3475 potius
3199 3400 3388 3461 habet.

1814 3511 1861 3565 si
1905 3508 2132 3581 quando
2168 3506 2439 3577 atiligatur
2490 3510 2711 3574 propter
2769 3499 3028 3553 dilectum
3081 3495 3184 3550 sibi
3232 3492 3392 3548 Chri-

1812 3610 1983 3656 stum.

1883 3694 2049 3749 Vens.
2085 3693 2137 3755 7,
2176 3692 2262 3747 Η.
2288 3690 2646 3757 Quapropter,
2681 3685 2818 3737 sicut
2844 3682 2975 3735 dicit
3001 3679 3235 3748 Spiritus
3263 3695 3394 3732 san-

1812 3795 1924 3841 ctus
1951 3803 1970 3841 :
2009 3784 2179 3839 Hodie
2201 3788 2248 3837 st
2285 3798 2458 3836 vocem
2488 3780 2607 3846 ejus
2663 3776 2997 3834 audiveritis,
3034 3774 3195 3825 nolite
3229 3771 3395 3823 obdu-

1813 3892 1930 3930 rare
1952 3875 2114 3929 corda
2151 3882 2357 3939 vestra,
2392 3872 2533 3926 sicut
2553 3870 2607 3923 in
2644 3866 3068 3927 exacerbatione,
3102 3862 3392 3917 secundum

1810 3970 1949 4023 diem
1983 3967 2286 4022 tentationis
2308 3967 2362 4019 in
2384 3964 2608 4028 deserto,
2658 3962 2751 4015 ubi
2780 3966 3103 4012 tentarerunt
3123 3971 3201 4009 me
3216 3965 3392 4024 patres

1812 4063 1991 4125 uestri,
2014 4060 2369 4127 probauerunt
2416 4073 2522 4119 me,
2548 4064 2596 4109 st
2630 4053 2872 4107 uiderunt
2893 4065 3049 4116 opera
3090 4064 3207 4101 mea
3259 4063 3395 4114 qua-

1813 4153 2065 4222 draginta
2096 4151 2276 4205 annis.
2323 4147 2553 4217 Propter
2595 4145 2733 4215 quod
2786 4142 3023 4206 infensus
3066 4140 3146 4208 {ui
3175 4152 3398 4205 genera-

1814 4244 1947 4297 tioni
1988 4243 2129 4306 huic,
2157 4253 2205 4295 et
2240 4240 2355 4293 dixi
2383 4254 2403 4293 :
2436 4238 2655 4305 Semper
2679 4242 2859 4287 errant
2888 4232 3045 4285 corde
3075 4246 3094 4282 :
3153 4228 3254 4296 ip.i
3297 4242 3399 4279 au-

1816 4343 1916 4385 tem
1942 4348 2048 4385 non
2086 4338 2436 4399 cognorerunt
2468 4326 2579 4379 uias
2609 4339 2772 4377 nteas.
2816 4320 2963 4374 Sicut
2988 4318 3169 4389 juravi
3207 4318 3258 4369 in
3310 4316 3395 4367 ira

1816 4441 1953 4487 mea,
1984 4424 2031 4477 si
2073 4422 2374 4476 introibant
2402 4421 2456 4473 in
2481 4418 2713 4487 requiem
2741 4430 2930 4467 nteant.
2966 4410 3039 4465 De
3078 4426 3175 4479 spe
3208 4409 3395 4476 dispu-

122 4522 185 4573 ἐν
251 4518 330 4585 τῇ
395 4514 550 4583 ὀργῇ
594 4531 714 4583 μου
748 4553 764 4578 ,
826 4516 878 4567 ει
934 4514 1387 4567 εἰσελεύσονται
1453 4517 1535 4577 εὶς
1600 4513 1708 4581 τὴν

1823 4515 1978 4579 tavit,
2010 4528 2074 4568 ac
2104 4512 2250 4583 quod
2309 4510 2619 4566 mercedem
2659 4508 2899 4573 aliquam
2943 4511 2997 4555 et
3027 4500 3266 4570 requiem
3299 4514 3397 4568 pro

126 4610 520 4665 κατάπαυσίν
576 4625 719 4676 μου.
790 4606 926 4675 Περὶ
983 4606 1201 4683 ἐλπίδος
1261 4607 1552 4679 διελέχθη,
1615 4611 1712 4663 καὶ

126 4706 201 4756 ὅτι
258 4702 373 4773 χρὴ
436 4699 673 4770 βεϐαίως
729 4698 1036 4769 προσδοκᾷν
1102 4698 1293 4767 μισθόν
1361 4718 1481 4753 τινα
1546 4703 1708 4764 ἐκεῖ,

128 4796 215 4846 καὶ
302 4794 625 4846 ἀνάπαυσιν
696 4792 819 4845 ἀντὶ
900 4789 1006 4841 τῶν
1094 4790 1330 4843 ἐνταῦθα
1399 4793 1661 4860 καμάτων
1695 4808 1709 4824 ⁸

126 4891 213 4938 ιιιὶ
238 4886 489 4939 δείκνυσι
519 4882 678 4935 τοῦτο
708 4882 814 4936 ἀπὸ
850 4880 945 4934 τοῦ
996 4884 1276 4951 προφήτου
1311 4881 1582 4949 λέγοντος,
1623 4883 1708 4936 ὃτι

126 4978 419 5046 μέλλουσιν
444 4972 706 5026 εἰσελθεῖν
755 4973 835 5035 είς
865 4972 1215 5025 κατάπαυσιν
1259 4975 1307 5026 oi
1342 4975 1708 5039 πιστεύοντες,

126 5069 193 5129 ὡς
219 5068 341 5132 οἵτε
365 5062 733 5123 ἀπιστοῦντες
764 5063 867 5115 οὐκ
906 5061 1328 5127 εἰσελεύσονται,
1367 5063 1557 5135 ὥσπερ
1587 5068 1708 5120 οὐδὲ

125 5160 173 5210 οἱ
209 5159 376 5211 πάλαι
401 5160 624 5209 ἐκεῖνοι.
654 5155 809 5208 Μετὰ
842 5154 950 5224 γὰρ
968 5155 1028 5207 τὸ
1060 5156 1299 5224 περᾶσαι
1323 5159 1422 5227 τὴν
1440 5157 1706 5228 Ἐρυθρὰν

128 5250 407 5301 ὓάλισσαν
437 5247 489 5297 οι
522 5245 785 5315 Ἑϐραῖοι,
814 5245 907 5297 καὶ
939 5245 1108 5315 μυρία
1134 5244 1319 5298 λαϐεῖν
1339 5248 1396 5300 ὲν
1423 5250 1487 5317 τῇ
1517 5250 1707 5318 ἐρήμῳ

128 5343 221 5407 τῆς
249 5337 347 5390 τοῦ
377 5335 517 5389 Θεοῦ
547 5337 678 5404 περὶ
713 5336 910 5398 αὐτοὺς
940 5335 1268 5404 κηδεμονίας
1296 5338 1404 5389 καὶ·
1430 5338 1712 5407 δυνάμεως

130 5430 428 5497 τεκμήρια,
454 5425 846 5479 ἐϐουλεύσαντο
867 5426 1249 5490 κατασκόπους
1272 5427 1481 5498 πέμψαι
1496 5429 1714 5482 διασκε-

201 5586 220 5615 ³
254 5582 417 5637 Deut.
449 5594 620 5645 χχιιι,
652 5580 699 5633 1.
776 5579 796 5609 ⁵
830 5576 989 5633 Mich.
1020 5594 1093 5640 vr,
1120 5577 1173 5642 1,
1205 5578 1259 5632 9..

1812 4606 2096 4662 laboribus
2125 4618 2264 4675 quos
2290 4603 2378 4659 hic
2402 4603 2721 4663 toleramus,
2756 4598 2867 4652 illic
2888 4603 3208 4663 exspectare
3230 4606 3395 4660 ορατ-ι

1815 4706 1927 4753 teat
1960 4714 1975 4764 ;
2008 4707 2169 4766 atque
2196 4696 2340 4750 istud
2376 4710 2441 4747 ex
2488 4690 2753 4762 propheta
2792 4686 2955 4759 667
3005 4680 3264 4742 ostendit,
3301 4680 3393 4750 qui

1814 4789 1967 4851 dicit,
1993 4789 2135 4858 quod
2178 4789 2212 4840 ii
2237 4786 2329 4856 qui
2351 4783 2604 4845 credunt,
2664 4782 2719 4834 in
2774 4779 3017 4847 requiem
3068 4773 3394 4837 introibant,

1816 4879 2278 4951 quemadmodum
2299 4877 2390 4946 qui
2423 4891 2535 4929 non
2568 4874 2823 4935 credunt,
2849 4884 2955 4923 non
2993 4865 3395 4934 ingrcdientur,

1822 4980 1880 5024 ut
1911 4986 2087 5039 neque
2126 4970 2255 5024 olim
2300 4968 2399 5021 illi.
2448 4964 2583 5019 Nam
2642 4960 2851 5016 Hebraei
2902 4966 3187 5029 postquam
3246 4969 3397 5008 mare

1820 5064 2062 5119 Rubrum
2095 5059 2542 5129 pertransisscnt,
2579 5069 2641 5108 ac
2666 5054 2718 5105 in
2746 5050 2964 5105 deserto
2994 5048 3275 5100 innumera
3305 5042 3397 5095 Dei

1818 5170 1945 5225 erga
1974 5169 2033 5208 se
2083 5165 2231 5206 curm
2264 5157 2317 5202 et
2364 5145 2620 5217 potentiae
2654 5141 2852 5196 indicia
2876 5138 3239 5206 accepissent,
3302 5133 3399 5186 de—

1822 5252 2115 5301 creverunt
2142 5239 2516 5311 speculatores
2551 5231 2901 5301 mittere.qui
2935 5238 3091 5283 terra:
3137 5233 3393 5279 naturam

1822 5340 2191 5407 explorarent,
2227 5334 2293 5386 ad
2357 5347 2520 5399 quam
2554 5326 2853 5398 ingressuri
2891 5327 3068 5376 erant.
3122 5317 3215 5372 Isti
3272 5330 3395 5369 vero

1823 5406 1915 5499 qui
1946 5428 2173 5499 proiecti
2207 5426 2445 5489 fuerant,
2476 5419 2677 5476 reversi
2706 5425 2854 5481 sunt,
2884 5423 3138 5467 naturam
3175 5406 3397 5478 quidem

1507 5669 1703 5731 Varia)
1736 5669 2068 5731 lectiones.

200 5805 239 5833 ⁸⁵
276 5802 406 5856 ἱνῦα
432 5817 482 5855 ο.
560 5800 604 5831 “
640 5800 695 5853 δὲ
721 5817 771 5854 ο.
850 5800 892 5833 ⁴⁵²
931 5800 981 5852 rb
1006 5800 1173 5870 πέρας
1209 5814 1257 5849 o.
