4154 6440
738 436 845 498 223

1566 431 1866 488 'i'HEOPll
1881 428 2137 487 YlACTl
2181 422 2586 483 BNLGARIE
2624 422 2661 478 Α
2677 418 2981 477 RClIlEP.

3862 408 3972 470 “224

727 552 883 594 teri-.e
918 540 1267 601 admirantes,
1306 536 1395 591 sed
1428 547 1803 589 asseverantes
1840 535 2292 605 inexpugnabiles

2407 534 2657 601 '(opévou;
2689 531 2784 601 τὴν
2816 531 2978 599 φύσιν
3053 529 3147 596 τῆς
3202 526 3326 595 γῆς,
3362 528 3443 586 είς
3492 527 3556 595 ἣν
3590 524 3812 594 ἔμελλον
3852 528 3971 576 είς-

724 648 846 684 esse
880 629 1125 683 homines
1157 628 1384 697 quieatn
1405 638 1600 679 terram
1638 626 2023 679 inhabitarent.
2056 625 2293 693 Populus

725 724 909 792 igitur,
939 737 1061 774 eum
1100 720 1372 772 debuisset
1420 718 1719 784 expendere
1753 716 1842 771 Dei
1876 718 2291 785 itistlpi‘l‘altllcm

724 814 1054 881 potentiam,
1112 809 1435 864 Consternati
1490 809 1670 877 poius
1721 809 2061 863 sermonibus
2121 810 2292 869 hisce,

728 905 1164 963 murmurabant,
1194 912 1355 967 atque
1388 901 1441 953 in
1490 899 1781 969 Egyptum
1822 901 2014 953 reverti
2044 911 2295 969 oportere

726 997 1040 1051 tensebaut.
1083 995 1395 1063 Indignatus
1434 996 1615 1061 itaque
1669 993 1809 1044 Deus
1841 994 1981 1060 quod
2014 994 2149 1045 adeo
2204 1007 2294 1063 ce-

728 1090 909 1142 leriter
935 1096 1013 1140 tot
1045 1087 1442 1139 admirabilium
1470 1100 1691 1152 operum
1716 1100 1946 1137 suorum
1974 1084 2291 1136 memoriam

727 1180 1072 1247 repulissent,
1104 1181 1304 1247 juravit
1334 1193 1441 1229 non
1478 1179 1843 1247 ingressuram
1887 1177 2291 1245 generationem

726 1273 872 1325 illam
954 1287 1075 1339 quae
1162 1283 1555 1324 murmurasset
1632 1271 1684 1322 in
1767 1280 1964 1323 terram
2066 1269 2270 1336 promis

727 1360 969 1415 Isionis:
1047 1375 1236 1415 omnes
1315 1363 1477 1413 etiam
1564 1359 1839 1427 perierunt
1924 1360 1977 1411 in
2061 1360 2294 1423 deserto,

674 1459 679 1464 ‘
727 1461 917 1518 prmter
967 1450 1169 1504 Clialeb
1206 1461 1256 1502 et
1291 1448 1491 1503 Jcsum.
1553 1448 1688 1511 Quia
1748 1448 1909 1514 igitur
1957 1447 2120 1500 David
2176 1455 2295 1514 post

720 1535 1124 1600 generationem
1150 1534 1296 1587 illam
1328 1534 1571 1604 loquens.
1602 1535 1739 1588 dixit
1778 1554 1790 1588 :
1828 1534 1997 1588 llodie
2020 1536 2062 1588 si
2103 1549 2287 1586 vocem

720 1626 841 1691 eius
875 1626 1217 1686 audit-eritis.
1268 1642 1374 1680 non
1414 1626 1695 1681 obduretis
1746 1627 1908 1679 corda
1966 1635 2166 1687 vestra,
2226 1640 2291 1677 ne

720 1717 909 1770 eadem
952 1719 1230 1787 patiamini
1268 1736 1386 1787 qua:
1407 1720 1638 1786 majores
1666 1720 1853 1778 vestri.
1905 1732 1969 1770 ac
2018 1716 2288 1771 orbemini

727 1807 953 1871 requie:
998 1808 1245 1859 videlicet
1292 1807 1447 1874 quasi
1497 1807 1599 1858 alia
1632 1807 1875 1872 qua'dnm
1940 1806 2012 1859 sit
2076 1806 2292 1873 requies

723 1912 887 1963 quam
923 1912 1021 1949 nos
1063 1898 1311 1949 obtinere
1350 1897 1633 1959 debemus,
1694 1897 1804 1950 haec
1848 1896 2000 1948 dicit.
2046 1894 2179 1947 Nam
2245 1895 2291 1947 si

727 2004 915 2042 revera
946 1992 1184 2056 requiem
1212 1990 1575 2055 accepisse-nt,
1599 2002 1761 2054 quam
1798 1987 1868 2040 ob
1894 2003 2110 2039 causam
2141 1987 2292 2038 diee-

724 2087 846 2135 ret;
889 2078 1060 2130 Hodie
1098 2093 1164 2130 ne
1197 2078 1460 2133 induretis
1483 2078 1645 2132 corda
1687 2080 1886 2139 vestra,
1938 2087 2152 2145 patrum
2207 2092 2297 2128 ve-

726 2183 961 2225 strorum
999 2173 1191 2233 instar,
1226 2189 1290 2225 ne
1317 2190 1419 2225 non
1474 2172 1854 2241 ingrediamini
1920 2171 2296 2239 inrequieta?

726 2266 857 2325 ouze
890 2264 1054 2331 igitur
1077 2264 1182 2316 alia
1205 2272 1286 2317 est
1314 2264 1530 2331 requies
1564 2273 1755 2332 przrter
1772 2279 1992 2332 regnum
2010 2264 2293 2326 caelorum,

725 2355 884 2421 cujus
917 2354 1092 2421 imago
1123 2354 1223 2406 fuit
1252 2362 1305 2406 et
1340 2352 1664 2415 Sabbatum,
1708 2362 1761 2406 et
1790 2354 1968 2422 typiee
2001 2352 2181 2407 factus
2217 2353 2291 2405 in-

725 2460 949 2512 gressus
981 2444 1033 2497 in
1097 2440 1558 2515 Palestinam_per
1600 2443 1895 2497 incredula:
1926 2443 2297 2512 generationis

730 2534 906 2587 Iilios?
936 2534 1071 2587 Tres
1102 2535 1247 2587 enim
1278 2542 1406 2587 sunt
1454 2536 1667 2603 quietes
1694 2550 1706 2586 :
1742 2536 1916 2602 prima
1943 2546 2024 2589 est
2053 2535 2295 2597 Sabbati,

729 2625 785 2677 in
811 2638 921 2691 quo
963 2623 1106 2677 Deus
1131 2624 1337 2691 quievit
1374 2624 1442 2675 ab
1472 2624 1729 2691 operibus
1760 2626 1895 2689 suis,
1926 2625 1993 2678 de
2018 2640 2124 2693 qua
2155 2639 2299 2678 nunc

735 2714 990 2767 liavidem
1019 2728 1125 2767 non
1153 2721 1234 2767 est
1267 2714 1412 2782 loqui
1444 2714 1761 2776 verisimile.
1799 2725 1856 2768 tit
1885 2731 2006 2784 quae
2051 2716 2179 2768 olim
2231 2718 2302 2770 sit

732 2805 896 2859 facta.
930 2806 1113 2857 Altera
1144 2814 1249 2865 est,
1290 2806 1571 2873 ingressus
1618 2806 1672 2858 in
1731 2815 1928 2859 terram
1981 2808 2301 2875 promissio-

732 2898 840 2961 nis,
881 2899 930 2949 in
983 2893 1145 2965 quam
1188 2897 1417 2965 ingressi
1457 2895 1626 2950 Judiei
1696 2899 1963 2951 cessaturi
2013 2910 2189 2963 erant,
2240 2915 2303 2954 ac

733 2988 970 3054 quietem
1006 2986 1242 3038 habituri
1269 3001 1297 3039 a
1330 2987 1530 3054 praeliis
1561 2996 1615 3040 et
1656 3002 1861 3041 errore.
1897 2987 2082 3055 Neque
2108 2990 2172 3044 de
2206 2990 2306 3044 liac

732 3092 881 3134 nunc
907 3079 1074 3131 dicit:
1109 3076 1395 3131 Palmstina
1429 3080 1572 3133 enim
1601 3080 1823 3146 omnino
1854 3089 1966 3132 tum
1996 3084 2307 3150 occupata-

2385 625 2581 677 ελΟεῖν.
2619 627 2679 675 Οἱ
2701 624 2755 675 δὲ
2782 619 3111 682 ἀπελθόντῇ
3140 618 3511 687 ὑπέστρεψαν,
3542 618 3639 688 τὴν
3666 618 3763 686 μὲν
3802 616 3971 683 φύσιν

2386 720 2482 783 τῆς
2507 716 2606 783 γῆς
2625 716 2669 745 ⁸³
2708 714 3100 780 θαυμάζοντες,
3124 708 3443 779 ἀνθρώπους
3475 712 3657 777 μέντοι
3678 710 3972 777 ἀπροσμας

2389 812 2586 879 χήτους
2634 811 2905 861 κατοικεῖν
2960 805 3165 873 ταύτην
3209 805 3479 871 λέγοντες.
3529 803 3587 855 Ὀ
3629 803 3804 855 τοίνυν
3840 802 3970 863 λαὸς

2386 902 2503 953 δέον
2557 898 2979 964 ύπολογῐσασθαι
3036 899 3133 967 τὴν
3192 896 3287 948 τοῦ
3355 895 3492 948 Θεοῦ
3541 895 3971 962 ἀκαταμάχητον

2386 992 2641 1061 δύναμιν,
2683 989 3125 1061 καταπλαγέντες
3157 990 3267 1050 τοῖς
3311 987 3492 1054 λόγοις
3542 988 3771 1051 τούτοις,
3804 988 3968 1053 ἐγόγ-

2400 1082 2551 1148 γυζον
2575 1081 2717 1143 “°“,
2746 1048 2851 1132 mf
2878 1080 2955 1142 είς
2990 1079 3266 1144 Αἴγυπτον
3282 1078 3719 1146 ἀποστρέφεσθαι
3743 1077 3971 1136 τούτους

2390 1171 2497 1223 δεῖν
2528 1170 2799 1239 ἐνόμιζον.
2844 1168 3148 1239 Ὀργισθεὶς
3178 1165 3273 1220 οὖν
3316 1168 3345 1218 ὁ
3374 1166 3531 1231 Θεὸς,
3578 1167 3661 1219 ὅτι
3694 1183 3796 1235 περ
3824 1165 3970 1217 οὕτω

2389 1264 2597 1332 ταχέως
2625 1262 2722 1331 τὴν
2755 1261 2863 1313 τῶν
2893 1259 3165 1313 τοσούτων
3204 1258 3523 1323 θαυμασίων
3552 1259 3772 1328 μνήμην
3809 1256 3970 1308 ἀπώο

2392 1372 2570 1417 σαντο,
2605 1352 2786 1422 ὤμοσε
2825 1352 2899 1423 μὴ
2948 1352 3207 1404 εἰσελθεῖν
3238 1352 3336 1421 τὴν
3388 1351 3581 1419 γενεὰν
3616 1350 3829 1418 ἐκείνην
3863 1351 3971 1417 τὴν

2391 1445 2743 1513 γογγύσαταν
2795 1446 2875 1505 εις
2931 1444 3030 1513 τὴν
3068 1443 3173 1511 γῆν
3226 1442 3324 1510 τῆς
3370 1440 3736 1508 ἐπαγγελίας·
3766 1443 3857 1493 καὶ
3901 1441 3969 1507 δὴ

2393 1540 2599 1601 πάντες
2632 1538 2913 1592 ἀπώλοντο
2935 1537 2994 1589 ἐν
3016 1540 3083 1605 τῇ
3116 1537 3329 1606 ἐρήμῳ,
3358 1535 3498 1603 πλὴν
3527 1534 3707 1587 Χαλὲό
3734 1536 3825 1586 καὶ
3861 1533 3971 1601 Ἰη-

2395 1632 2509 1685 σοῦ.
2554 1632 2705 1682 Ἐπεὶ
2746 1625 2839 1682 οὖν
2892 1629 3028 1699 μετά
3075 1629 3174 1697 τὴν
3215 1629 3405 1693 γενεὰν
3438 1628 3701 1696 ἐκείνηνό
3731 1628 3775 1657 ⁸⁸
3804 1625 3976 1678 Δαϐῖδ

2394 1722 2772 1792 διαλεγόμενος
2825 1720 3033 1786 ἔλεγεν,
3072 1720 3154 1771 ὅτι
3213 1720 3462 1787 Σήμερον
3517 1719 3611 1769 ἐὰν
3653 1718 3749 1783 τῆς
3786 1716 3976 1782 φωνῆς

2397 1812 2559 1864 αὑτοῦ
2592 1809 2884 1876 ἀκούσητε,
2943 1810 3036 1860 καὶ
3076 1808 3149 1877 μὴ
3195 1808 3532 1876 σκληρύνητε
3596 1808 3693 1869 τὰς
3744 1806 3979 1873 καρδίας

2397 1902 2569 1970 ὑμῶν,
2584 1904 2670 1953 ἵνα
2686 1901 2758 1970 μὴ
2776 1901 2843 1952 τά
2860 1900 2995 1952 αύτά
3017 1900 3225 1966 πάθητε
3242 1900 3382 1966 ἆπερ
3416 1900 3464 1949 el
3497 1899 3751 1964 πρόγονοι
3768 1898 3817 1949 οἱ
3838 1898 3978 1965 ὑμὲ-

2395 2010 2563 2060 τεροι,
2584 1994 2675 2043 καὶ
2703 1991 3110 2058 ἀποστερηθῆτε
3126 1990 3225 2057 τῆς
3249 1989 3649 2050 καταπαύσεως
3672 2005 3683 2015 ·
3710 1988 3867 2056 δῇλον
3892 1988 3977 2037 ὅτι

2396 2085 2470 2147 ὡς
2488 2083 2652 2151 οὔσης
2668 2082 2809 2145 τινὸς
2828 2082 3019 2151 ἑτέρας
3036 2080 3451 2143 καταπαύσεως,
3468 2081 3531 2149 ἥν
3548 2079 3834 2147 ὀρεξλομεν
3850 2080 4005 2129 κατ-’

2398 2180 2606 2246 ασχεῖν,
2630 2174 2801 2228 ταῦτα
2832 2175 3000 2241 λέγει.
3024 2173 3183 2224 Ἐπεὶ
3202 2173 3251 2223 εί
3268 2172 3623 2240 ἀπειληφότες
3642 2166 3780 2240 ἦσαν
3808 2172 3980 2231 ὄντως

2395 2269 2493 2336 τὴν
2512 2267 2876 2326 κατάπαυσιν,
2898 2265 3037 2326 τίνος
3058 2264 3242 2316 ςἕνεκεν
3256 2263 3426 2331 λέγει,
3449 2263 3692 2332 Σήμερον
3708 2263 3782 2331 μὴ
3807 2262 3980 2328 σκλη-

2404 2358 2598 2426 ρύνητε
2628 2357 2727 2419 τάς
2748 2356 2975 2425 καρδίας
3000 2353 3173 2422 ὑμῶν,
3200 2351 3275 2414 ὡς
3305 2354 3353 2405 οἱ
3386 2353 3641 2421 πατέρες,
3676 2354 3769 2404 καὶ
3804 2352 3866 2403 ού
3902 2352 3982 2419 μὴ

2401 2450 2677 2512 εἰσέλθητε
2699 2448 2891 2512 είςτὴν
2910 2446 3252 2499 κατάπαυσιν
3276 2461 3289 2508 ;
3315 2443 3408 2505 Τίς
3428 2442 3520 2495 οὖν
3548 2446 3694 2495 ἐστιν
3717 2443 3849 2511 ἄλλη
3876 2461 3983 2494 κα-

2401 2538 2738 2607 τὰπαυσις,ἣ
2760 2539 2791 2604 ἡ
2816 2535 3060 2605 βασιλεία
3097 2533 3203 2587 τῶν
3226 2533 3493 2602 οὐρανῶν,
3531 2529 3596 2604 ἧς
3633 2533 3796 2584 εἰκὼν
3823 2534 3883 2584 τό
3916 2551 3983 2584 τε

2403 2632 2702 2693 Σάδδατον,
2728 2630 2823 2681 καὶ
2853 2627 3144 2697 ὴτυπικῶς
3170 2627 3436 2695 γενομένη
3467 2628 3544 2688 εἰς
3560 2627 3657 2694 τὴν
3688 2624 3984 2677 Παλαιστί-

2403 2741 2499 2791 νην
2528 2722 2729 2781 εῖσοδος
2769 2721 2876 2772 τῶν
2898 2720 3103 2772 τέκνων
3150 2721 3247 2787 τῆς
3270 2717 3649 2786 ἀπιστησάσης
3672 2716 3715 2746 ⁴⁴⁶
3742 2718 3933 2782 γενεᾶς
3966 2735 3983 2781 ;

2404 2816 2564 2883 Τρεῖς
2598 2814 2706 2882 γάρ
2736 2814 2839 2864 εἰσι
2874 2812 3250 2871 καταπαύσεις
3276 2827 3291 2841 θ
3316 2811 3348 2879 ἦ
3375 2827 3432 2862 τε
3465 2808 3559 2861 τοῦ
3587 2809 3891 2870 Σαόϐἁτου,
3924 2811 3985 2859 ἐν

2406 2898 2439 2976 ᾖ
2472 2905 2817 2956 κατέπαυσεν
2846 2903 2873 2954 ὁ
2906 2901 3036 2962 Θεὸς
3064 2899 3173 2952 ἀπὸ
3201 2898 3308 2951 τῶν
3336 2898 3512 2968 ἔργων
3539 2898 3726 2961 αὑτοῦ,
3756 2899 3884 2966 περὶ
3914 2893 3986 2966 ἧς

2406 2998 2506 3048 οὐκ
2536 2995 2677 3046 ἔοικε
2714 2992 2809 3044 νῦν
2836 2991 3015 3057 λέγειν
3048 2993 3076 3043 ὁ
3108 2990 3291 3052 Δαὸὶδ,
3344 2992 3438 3043 ἆτε
3476 2990 3644 3043 πάλαι
3676 2991 3984 3057 γεγενημέ-

2407 3104 2503 3156 νης
2524 3103 2537 3116 ·
2576 3086 2669 3139 καὶ
2710 3086 2743 3152 ἠ
2777 3085 2854 3145 είς
2884 3088 2980 3152 τὴν
3010 3082 3113 3149 γῆν
3146 3081 3244 3147 τῆς
3276 3081 3609 3147 ἐπαγγελίας
3641 3080 3863 3143 εῖσοδος,
3903 3081 3987 3140 είς

735 3180 824 3222 tur
859 3169 925 3222 ab
950 3167 1192 3222 Hebrmis
1218 3171 1557 3237 temporibus
1599 3169 1840 3224 Davidis.
1872 3171 2159 3236 Quomodo
2197 3174 2297 3241 igi-

2411 3180 2473 3248 ἣν
2514 3175 2846 3237 εἰσελθόντες
2892 3174 3154 3236 Ἰουδαῖοι,
3178 3172 3399 3242 ἔμελλον
3434 3171 3849 3225 ἀναπαύσασθαι
3877 3172 3991 3223 τῶν

735 3268 828 3311 tu'
866 3258 931 3311 de
966 3259 1090 3320 bac,
1120 3270 1374 3327 tanquam
1414 3260 1591 3313 adhuc
1627 3269 1875 3325 restaret,
1924 3264 2138 3317 loeutus
2179 3266 2304 3318 est?

741 3349 968 3401 Videtur
1004 3349 1172 3417 lgitur
1194 3351 1299 3402 alia
1344 3351 1589 3419 quadam
1627 3355 1843 3420 requies
1871 3368 2014 3417 esse,
2050 3355 2102 3407 in
2141 3369 2303 3422 quam

736 3439 895 3494 Iesus
933 3440 1076 3494 (ilius
1111 3440 1257 3495 Nave
1303 3457 1406 3495 non
1451 3443 1622 3511 potuit
1654 3444 2001 3499 introducere
2027 3448 2304 3515 pepuluin.

739 3533 871 3597 Quae
932 3543 1115 3586 autem
1173 3533 1276 3587 ista
1304 3532 1415 3597 ﬁet,
1448 3544 1645 3602 praeter
1664 3551 1782 3589 eam
1811 3553 1930 3604 qua:
1955 3547 2038 3590 est
2057 3539 2107 3590 in
2129 3538 2303 3593 cadis!

742 3625 875 3678 Date
903 3640 1032 3693 ergo
1067 3640 1314 3693 operam,
1366 3642 1433 3679 ne
1485 3628 1553 3680 ab
1616 3628 1718 3681 bac
1757 3629 2026 3683 exeidatis
2091 3640 2311 3699 propter

743 3716 1207 3777 incredulitatem.
1270 3717 1501 3785 perinde
1554 3733 1617 3771 ac
1667 3719 1905 3787 majores
1940 3723 2124 3775 vestri.
2187 3722 2312 3777 lbec

740 3821 872 3875 ergo
916 3807 1077 3873 liujus
1110 3807 1211 3861 loci
1239 3809 1507 3861 sententia
1559 3816 1665 3873 est,
1706 3824 1829 3879 qua:
1860 3811 2019 3880 longe
2066 3814 2313 3867 extendi-

745 3906 837 3949 tur
868 3914 882 3950 :
914 3906 971 3950 at
996 3912 1125 3951 vero
1152 3898 1365 3965 singula
1391 3900 1671 3967 speciatim
1723 3903 2103 3968 pertractanda
2163 3915 2309 3960 sunt.

740 3986 1039 4043 Considera
1075 3998 1277 4051 autem,
1311 4004 1341 4041 a
1373 3990 1481 4044 Deo
1510 4006 1615 4043 non
1645 4006 1767 4046 esse
1799 3994 2115 4062 exigendam
2148 3998 2313 4051 ratio-

742 4096 888 4141 neut.
918 4082 1011 4136 sed
1035 4082 1150 4136 sive
1184 4090 1423 4149 tueatur,
1442 4084 1556 4137 sive
1587 4099 1694 4137 nou
1710 4092 1949 4150 tueatur,
1977 4088 2310 4143 credendum

741 4173 814 4227 ei.
834 4171 967 4227 Nam
991 4180 1045 4228 et
1069 4174 1193 4228 ideo
1219 4189 1316 4229 eos
1351 4186 1596 4241 accusat,
1624 4178 1769 4245 quod
1816 4179 2083 4233 tentarint
2137 4181 2314 4246 illum,

744 4264 847 4317 boc
872 4272 978 4328 est,
1006 4266 1268 4319 noueitra
1302 4266 1698 4321 haesitationem
1726 4268 1781 4321 in
1812 4268 1989 4338 ipsum
2054 4286 2312 4341 sperave-

744 4354 876 4415 rint,
912 4364 972 4407 ut
1001 4354 1094 4421 qui
1131 4355 1312 4407 omnia
1345 4363 1548 4423 posset.

2416 3271 2664 3337 πολέμων
2723 3267 2816 3321 καὶ
2872 3265 2973 3335 τῆς
3026 3265 3250 3334 πλάνης.
3283 3265 3415 3317 Οὐδὲ
3470 3265 3598 3333 περὶ
3640 3264 3839 3333 ταύτης
3891 3264 3992 3314 νῦν

2410 3365 2598 3431 λέγει’
2660 3364 2693 3435 ή
2758 3362 2866 3431 γὰρ
2922 3361 3255 3429 Παλαιστίνη
3332 3364 3453 3412 τότε
3520 3357 3803 3425 κατείχετο
3872 3358 3991 3418 τοῖς

2430 3455 2697 3523 Ἑϐραίοις
2746 3454 2840 3505 ἐπὶ
2876 3452 2983 3503 τῶν
3031 3452 3237 3521 χρόνων
3274 3450 3456 3504 Δαϐίδ.
3500 3451 3620 3511 Πῶς
3646 3446 3737 3501 οὖν
3763 3449 3916 3513 ἔλεγε
3944 3449 3992 3479 ⁸⁷

2418 3546 2543 3613 περὶ
2573 3544 2793 3611 ταύτης,
2821 3542 2893 3603 ὡς
2938 3538 3367 3608 ὑπολειπομένης
3392 3556 3406 3604 ;
3457 3538 3674 3590 Ἔοικεν
3702 3532 3791 3589 οὖν
3824 3536 3992 3605 ἑτέρα

2415 3655 2498 3698 τις
2558 3633 2700 3690 εἶναι
2760 3633 3125 3695 κατάπαυσις,
3159 3633 3238 3692 είς
3279 3631 3345 3699 ἦν
3388 3629 3591 3696 Ἰησοῦς
3623 3632 3649 3681 ὁ
3683 3628 3774 3680 τοῦ
3831 3628 3994 3695 Ναυῆ

2411 3730 2510 3780 οὐκ
2556 3726 2787 3795 ἠδύνατο
2840 3725 3157 3790 εἰσαγαγεῖν
3206 3724 3297 3774 τὸν
3343 3712 3489 3774 λαόν.
3540 3720 3634 3782 Τίς
3666 3719 3722 3771 δὲ
3780 3720 3845 3771 ἂν
3904 3721 3993 3786 εἴη

2413 3820 2573 3883 αὕτη,
2601 3818 2632 3886 ἢ
2660 3818 2688 3879 ἡ
2725 3818 2782 3867 ὲν
2817 3816 3101 3883 ούρανοῖςς
3147 3814 3493 3865 Σπουδασατε
3521 3808 3635 3873 οὖν,
3669 3812 3755 3862 ἵνα
3784 3810 3994 3876 ταύτης

2418 3910 2491 3979 μὴ
2537 3908 2805 3973 ἐκπέσητε
2864 3904 2951 3956 διὰ
2978 3904 3040 3955 τὸ
3067 3902 3387 3971 ἀπιστῆσαι,
3425 3902 3499 3962 ὡς
3529 3902 3623 3953 καὶ
3646 3899 3694 3951 οἱ
3735 3898 3997 3967 πρόγονοι

2419 4000 2593 4067 ὑμῶν.
2625 3991 2791 4058 Οὗτος
2827 3995 2925 4065 μὲν
2956 3990 3049 4047 οὖν
3074 3996 3101 4046 ὁ
3126 3992 3243 4048 νοῦς
3295 3992 3416 4045 ὅλου
3456 3990 3549 4043 τοῦ
3606 3989 3805 4059 χωρίου
3861 3987 3997 4057 ἄχρι

2422 4089 2616 4144 πολλοῦ
2644 4089 2846 4156 διήκων
2873 4103 2887 4116 ·
2937 4084 3211 4150 ἑπεξιτέον
3250 4084 3306 4135 δὲ
3339 4084 3433 4135 καὶ
3467 4086 3576 4144 τοῖς
3598 4080 3739 4133 κατά
3802 4080 3994 4147 μέρος.

2432 4182 2631 4235 Ἐννόει
2669 4180 2748 4244 δὲ,
2788 4178 2958 4231 ὅτιού
2986 4176 3067 4228 δεῖ
3134 4176 3225 4228 τὸν
3265 4175 3399 4227 Θεὸν
3440 4174 3667 4235 εὐθύνας
3716 4173 3996 4234 ἀπαιτεῖν,

2422 4274 2534 4327 ἀλλ’
2561 4272 2625 4326 ἀν
2657 4288 2716 4323 τε
2741 4271 3090 4341 προΐσταται,
3141 4267 3205 4321 ἄν
3266 4284 3326 4318 τε
3365 4265 3459 4335 μὴ,
3511 4265 3786 4317 πιστεύειν
3819 4263 3996 4330 αὐτῷ.

2423 4365 2533 4419 Καὶ
2568 4365 2676 4432 γὰρ
2708 4362 2984 4422 κάκείνοις
3013 4357 3172 4411 τοῦτο
3199 4358 3443 4425 ἐγκαλεῖ,
3470 4358 3551 4410 ὅτι
3576 4356 3871 4426 ἐπείρασαν
3903 4354 4002 4405 αύ-

742 4449 855 4511 τδν,
884 4449 1183 4512 τουτέστιν,
1256 4448 1359 4499 ούκ
1415 4447 1751 4516 ἀδιακρίτως
1783 4449 1872 4502 ἐπ’
1915 4451 2065 4520 αύτῷ
2108 4453 2364 4522 ἦλπιζον,
2398 4457 2473 4520 ὡς
2508 4458 2685 4510 πάντα
2706 4454 3009 4522 δυναμένῳ.

812 4539 1167 4611 θθενειις.
1218 4540 1299 4594 l2.
1349 4538 1547 4604 Videte,
1575 4541 1789 4608 fratres,
1812 4546 2088 4609 nequando
2136 4548 2206 4599 sit
2259 4549 2303 4601 in

2496 4550 2779 4613 Βλέπετε,
2812 4543 3085 4613 ἀδελφοί,
3113 4543 3345 4613 μήποτε
3374 4543 3543 4597 ἔσται
3588 4542 3658 4595 ἐν
3687 4557 3801 4592 τινι
3838 4538 4007 4606 ὑμῶν

745 4632 925 4700 aliqua
968 4641 1196 4684 vestrum
1224 4647 1316 4683 cor
1350 4632 1547 4684 malum
1578 4633 1935 4700 inﬁdelitatis.
1970 4634 2310 4692 Perterrefa-

746 4722 942 4776 cientis
976 4722 1076 4775 hoc
1106 4722 1313 4776 dictum
1350 4732 1452 4777 est.
1488 4722 1799 4781 Verisimile
1826 4729 1976 4782 enim
2027 4741 2115 4785 est
2142 4749 2316 4801 quos-

743 4814 867 4867 dam
909 4812 1105 4874 fuisse.
1139 4815 1232 4883 qui
1264 4830 1327 4868 ea
1358 4830 1479 4884 qua
1504 4818 1569 4870 de
1602 4817 1962 4875 retributione
1992 4822 2319 4879 dicebantur

745 4918 871 4956 vera
908 4918 1031 4958 esse
1076 4919 1187 4957 non
1233 4905 1548 4971 credebant,
1581 4918 1637 4962 et
1684 4921 1969 4979 propterea
2020 4915 2319 4981 periculum

746 4994 925 5047 facere
967 4995 1266 5062 cupiebant
1315 4996 1513 5051 divinae
1547 5013 1674 5069 erga
1733 5016 1793 5056 se
1848 5005 2106 5071 potentiae
2158 5018 2323 5075 atque

745 5084 1105 5150 providentia:
1136 5088 1188 5139 in
1233 5087 1387 5155 ipsos
1418 5088 1471 5142 in
1506 5091 1901 5149 tentationibus
1939 5096 2142 5163 quibus
2178 5112 2318 5166 qua-

748 5174 1047 5229 tiebantur.
1102 5176 1392 5246 Propterea
1425 5181 1599 5234 munit
1639 5196 1759 5246 eos,
1792 5184 1857 5236 ad
1892 5188 2211 5240 memoriam
2236 5187 2319 5243 eis

746 5279 1011 5321 revocans
1046 5282 1165 5337 qua:
1209 5269 1339 5322 olim
1390 5272 1537 5339 passi
1595 5282 1724 5327 sunt
1772 5274 2057 5329 increduli.
2114 5276 2317 5333 Futura

748 5356 895 5410 enim
924 5360 1163 5425 pericula
1197 5360 1485 5429 plerosque
1524 5364 1661 5419 adeo
1695 5381 1800 5420 non
1836 5368 2113 5433 cohibent,
2146 5387 2320 5440 quan-

748 5454 862 5499 tum
899 5464 1019 5517 quin
1052 5451 1452 5518 praeterierunt,
1496 5456 1860 5526 omnibusque
1884 5457 1996 5526 jam
2051 5471 2181 5514 sunt
2223 5478 2317 5517 eoo

749 5539 921 5608 gnita.
953 5539 1196 5596 Observa
1235 5545 1400 5597 etiam
1454 5547 1562 5611 hic,
1597 5548 1667 5602 ab
1712 5550 2093 5606 incredulitate
2124 5568 2315 5622 quem-

753 5632 894 5698 piam
924 5633 1201 5699 devenire,
1224 5642 1282 5688 ut
1312 5650 1475 5703 prava
1501 5640 1719 5707 cogitet,
1744 5640 2038 5709 eademque
2060 5653 2300 5712 peragat.

2423 4644 2637 4709 καρδία
2659 4638 2892 4707 πονηρὰ
2924 4640 3230 4702 ἀπιστίας.
3264 4635 3559 4697 Φοὸοὖντός
3597 4636 3711 4687 ἐστι
3743 4634 3802 4685 τὸ
3823 4634 4001 4701 ῥῆμα.

2426 4736 2609 4788 Ἐοικε
2626 4735 2748 4803 ’γὰρ
2780 4734 2861 4785 ὃτι
2886 4728 3034 4801 ἦσάν
3054 4747 3197 4793 τινες
3235 4728 3611 4791 ἀπιστοῦντες,
3641 4726 3716 4789 ὡς
3768 4726 3867 4778 οὐκ
3915 4724 4009 4776 δν-

2422 4842 2533 4877 των
2570 4821 2787 4892 ἀληθῶν
2804 4821 2914 4873 τῶν
2953 4820 3264 4890 λεγομένων
3286 4821 3413 4887 περὶ
3444 4816 3872 4877 ἀνταποδόσεως,
3909 4816 4007 4867 καὶ

2426 4916 2514 4969 διὰ
2540 4916 2697 4969 τοῦτο
2730 4914 3046 4984 βουλόμενοι
3107 4914 3305 4980 πεῖραν
3361 4910 3548 4962 λαϐεῖν
3597 4908 3696 4977 τῆς
3738 4907 3831 4959 τοῦ
3863 4905 4004 4958 Θεοῦ

2424 5006 2726 5074 δυνάμεως,
2755 5006 2850 5058 καὶ
2879 5004 2980 5069 τῆς
3007 5003 3086 5065 είς
3116 5004 3330 5064 αὐτοὺς
3354 5001 3612 5070 προνοίας
3649 5002 3707 5052 ἐν
3739 5002 3851 5061 τοῖς
3881 5016 4008 5050 πει-

2428 5099 2659 5168 ρασμοῖς
2685 5092 2766 5159 οἷς
2797 5092 2961 5165 εἶχον.
2992 5094 3091 5146 Διά
3118 5094 3290 5147 ταῦτα
3308 5092 3400 5145 οὖν
3416 5093 4007 5161 ἀσφαλίζεταιαύτοὺς,

2425 5189 2861 5257 ἀναμιμνήσκων
2909 5180 2985 5239 ὧν
3042 5184 3244 5238 ἔπαθον
3289 5186 3533 5239 παλαιοί
3578 5185 4005 5253 ἀπιστήσαντες.

2425 5279 2501 5333 Ού
2526 5278 2780 5331 τοσοῦτον
2808 5277 2917 5348 γὰρ
2941 5276 3011 5329 τά
3043 5277 3306 5345 μέλλοντα
3333 5276 3538 5347 φοὸερά
3579 5262 3853 5328 συστέλλει
3879 5278 4010 5337 τοὺς

2424 5371 2673 5433 πολλοὺς,
2706 5372 2830 5423 ὅσον
2863 5371 2933 5424 τά
2980 5370 3340 5441 παρελθόντα,
3378 5374 3471 5423 καὶ
3509 5370 3609 5438 ἤδη
3641 5367 3894 5438 γνώριμα
3920 5385 4013 5434 γε.

2423 5462 2638 5528 γονότα.
2674 5462 2816 5529 Ὅρα
2860 5461 2915 5513 δὲ
2962 5462 3043 5513 ὅτι
3074 5462 3168 5512 καὶ
3208 5461 3315 5514 ἀπὸ
3358 5461 3614 5521 ἀπιστίας
3658 5458 3877 5528 ἔρχεταί
3924 5474 4012 5519 τις

2424 5556 2503 5616 εἰς
2538 5553 2598 5604 τὸ
2622 5552 2715 5604 καὶ
2734 5552 3047 5620 λογίζεσθαι
3102 5552 3314 5623 πονηρὰ
3371 5554 3466 5605 καὶ
3515 5554 3773 5621 πράττειν
3806 5550 4007 5604 ταῦτα.

2097 5756 2296 5814 Variae
2325 5754 2648 5816 lectiones.

828 5843 875 5875 ⁸³
910 5842 1087 5914 χώρας
1122 5863 1172 5899 υ.
1246 5847 1367 5880 ⁴³’⁶³
1403 5851 1797 5921 κατεγόγγυζοιι
1822 5871 1871 5909 ο.

1954 5855 1996 5887 ⁸⁸
2026 5856 2241 5923 ἐκείνην
2267 5857 2359 5924 τὴν
2385 5854 2733 5925 γογγύσασαν
2754 5870 2828 5909 m.

2907 5857 2949 5886 "
2984 5853 3310 5926 ἀντιστάσης
3331 5871 3382 5911 0.

3462 5859 3503 5889 ⁸⁷
3533 5856 3723 5929 ἔμελλε
3751 5854 3927 5924 λέγειν
3951 5863 4006 5911 ο.
