4154 6440
138 420 230 484 225

195 537 288 586 Ἔν
306 532 385 597 τῷ
408 530 751 598 ἀποστῆναι
775 528 894 583 ἀπὸ
927 530 1077 583 Θεοῦ
1101 530 1338 596 ζῶντος.
1361 530 1571 592 Ἄλλως
1606 530 1715 599 γὰρ
1746 536 1789 589 Α

136 628 218 695 οὐχ
239 627 482 693 εὑρίσκει
516 622 754 690 πάροδον
807 624 841 690 ἠ
889 622 1138 686 ἀπιστία,
1174 623 1221 673 εί
1273 623 1348 691 μὴ
1384 622 1597 691 ἀποστῇ
1621 637 1706 683 τις

135 722 229 771 ἀπὸ
252 717 413 771 θεοῦ.
450 718 593 777 Ἕως
632 717 743 786 γὰρ
786 717 852 768 ἂν
886 712 1204 787 ᾖὲχὸμενος
1266 714 1361 768 τοῦ
1388 714 1561 780 ’Θεωλ
1613 715 1706 766 καὶ

139 810 399 871 πεποιθὼς
428 810 517 862 ἐπ’
548 807 719 879 αὐτῷ,
745 808 818 872 ὠς
847 810 1019 862 πάντα
1047 808 1353 878 δυναμένῳ,
1382 806 1533 859 οὐδὲν
1558 808 1707 876 ἡγεῖ-

136 918 213 954 ται
252 900 345 953 ἁδύ
353 917 535 953 νατον.

204 1080 388 1135 Ἀλλὰ
410 1079 812 1147 παρακαλεῖτε
837 1076 1091 1143 ἑαυτοὺς
1114 1079 1243 1129 καθ’
1267 1076 1541 1143 ἑκάστην
1560 1074 1705 1144 ἠμέ-

127 1187 251 1238 par,
280 1170 456 1237 ἄχρις
493 1166 565 1223 οὗ
597 1169 663 1220 τὸ
711 1168 977 1236 σήμερον
1027 1167 1320 1220 καλεῖται.
1376 1167 1702 1229 Τουτὲστιν,

132 1262 454 1330 οἰκοδομεῖτε
503 1260 791 1325 ἀλλήλους,
827 1262 921 1311 καὶ
978 1258 1399 1330 ὑποστηρίζετε,
1443 1257 1583 1310 ὥστε
1630 1257 1706 1327 μὴ

133 1356 324 1405 πεσεῖν.
352 1353 417 1404 Ei
441 1352 497 1403 δὲ
526 1354 618 1403 καὶ
644 1352 785 1423 πέσῃ
845 1368 952 1416 τις,
992 1350 1307 1419 διορθοῦσοε
1355 1348 1520 1401 αὑτὸν
1543 1349 1706 1418 ἄχρις

131 1440 184 1496 οὗ
211 1444 273 1514 ζῇ
296 1462 310 1475 ο
338 1443 501 1495 τοῦτο
523 1444 633 1512 γὰρ
680 1442 833 1510 δηλοῖ
886 1443 970 1505 τὸ,
1010 1442 1185 1509 ἄχρις
1209 1437 1281 1495 οὗ
1306 1440 1371 1492 τὸ
1400 1437 1669 1509 σήμερον
1688 1457 1703 1471 ·

131 1538 272 1597 ἐλπὶς
296 1538 407 1604 γὰρ
437 1537 577 1587 ἐστι.
614 1534 865 1587 Μάλιστα
891 1534 991 1603 μὲν
1018 1532 1133 1595 οὖν,
1171 1531 1303 1601 μηδὲ
1334 1531 1474 1583 ἔστω
1506 1530 1703 1599 καρδία

132 1628 331 1695 πονηρὰ
361 1626 421 1677 ἓν
450 1643 560 1677 τινι
588 1641 601 1653 ο
638 1626 687 1676 εί
715 1625 770 1677 δὲ
797 1625 893 1677 καὶ
917 1624 1149 1691 γένοιτο,
1177 1626 1250 1693 μὴ
1278 1626 1356 1687 είς
1389 1625 1703 1689 ἀπόγνωσιν

130 1719 384 1784 πιπτέτω,
415 1718 554 1773 ἀλλὰ
579 1716 952 1789 παρακαλεῖτε
995 1718 1157 1771 αὐτὸν
1208 1718 1251 1748 ⁸³³
1310 1719 1405 1771 καὶ
1455 1716 1704 1786 ἀναλαμ-

129 1810 330 1864 Educta.

190 1904 322 1955 Ἵνα
345 1902 437 1971 μὴ
478 1901 838 1969 σκληρυνθῇ
890 1908 980 1969 τΙς
1030 1903 1101 1967 ἐξ
1148 1901 1316 1973 ὑμῶν
1356 1903 1556 1971 ἀπάτῃ
1594 1900 1704 1971 τῆς

126 1993 428 2059 ἁμαρτίας.
481 1992 800 2055 Τουτέστιν,
832 1994 919 2046 ἴνα
974 1993 1049 2062 μὴ
1091 1996 1156 2046 ἐκ
1188 1994 1291 2063 τῆς
1340 1994 1707 2062 ἀπογνώσεως

131 2086 200 2146 εἰς
222 2084 483 2152 πώρωσιν
512 2084 661 2155 ἔλθῃ,
693 2086 787 2135 καὶ
837 2086 1056 2145 ἀνίατος
1123 2086 1303 2157 μείνῃ.
1345 2086 1556 2155 Ὥσπερ
1595 2086 1705 2153 γὰρ

129 2177 185 2229 τὰ
212 2177 602 2246 πεπωρωμένα
633 2177 858 2245 σώματα
890 2177 985 2229 καὶ
1020 2177 1233 2247 σκληρὰ
1266 2178 1365 2229 οὐκ
1408 2178 1545 2230 εῐκει
1581 2179 1704 2240 ταῖς

127 2271 222 2321 τῶν
279 2271 487 2339 ἰατρῶν
547 2270 777 2338 χερσίνο
844 2266 989 2321 οὕτω
1026 2270 1119 2321 καὶ
1167 2271 1221 2321 αἱ
1283 2270 1703 2338 σκληρυνθεῖσαι

127 2362 280 2430 dolat
311 2362 416 2414 οὐκ
474 2362 685 2413 εἴκουσι
733 2360 811 2430 τῷ
836 2360 979 2430 λόγῳ
1002 2360 1096 2413 τοῦ
1150 2360 1308 2413 Θεοῦ.
1360 2362 1603 2431 Ἀπάτην
1644 2360 1702 2413 δὲ

130 2454 391 2522 ἁμαρτίας
420 2454 597 2515 καλεῖ,
634 2453 668 2522 ἢ
701 2454 801 2521 τὴν
832 2454 1050 2522 ἀπάτην
1107 2452 1201 2505 τοῦ
1228 2450 1496 2513 διαϐόλου,
1542 2468 1700 2503 τουτ-

127 2547 250 2609 ἐττι,
280 2546 342 2598 τὸ
384 2546 465 2615 μὴ
507 2546 750 2608 ἐλπίζειν
804 2546 886 2596 ὅτι
942 2545 1095 2597 ἔσται
1130 2544 1507 2607 ἀντατόδοσις,
1537 2543 1570 2612 ἢ
1602 2545 1701 2613 τὴν

127 2639 473 2709 ἀναλγησίαν.
495 2639 569 2689 Τὸ
589 2638 699 2706 γὰρ
723 2637 924 2705 λέγειν,
945 2637 1240 2689 ὃτιΛοιπὲιν
1258 2635 1407 2700 ἅπαξ
1428 2636 1695 2706 ἥμαρτον,

124 2735 212 2785 οὑκ
274 2733 388 2801 ἔχω
456 2729 702 2791 ἐλπίδας,
758 2728 943 2798 ἀπάτη
970 2728 1137 2788 ὅντως
1197 2729 1348 2779 ἐστὶν
1397 2728 1695 2797 ἁμαρτίας.

136 2823 420 2878 ’Δπατῶσα
454 2822 565 2891 γὰρ
589 2823 622 2889 ή
648 2821 913 2889 ἁμαρτία,
943 2819 1189 2888 καὶπρὸς
1212 2819 1410 2887 ἑαυτὴν
1443 2820 1697 2870 ἐπισπω-

128 2921 273 2987 μένη,
298 2916 536 2969 τοιαῦτα
563 2912 876 2980 λογίζεσθαι
910 2914 1075 2974 ποιεῖ,
1104 2911 1244 2962 κατὰ
1274 2910 1335 2961 τὸ
1368 2909 1655 2979 εἰρημένον
1682 2924 1695 2938 ⁸

136 3011 376 3075 Ἀσεόὶις
421 3010 513 3072 είς
532 3006 728 3071 ,ϐάθος
755 3002 957 3056 κακῶν
976 3001 1277 3071 ἐμπεσὼν,
1315 3000 1693 3070 καταφρονεῖ.

132 3102 183 3155 ’0
218 3102 272 3154 δὲ
315 3098 707 3169 καταφρονῶν,
764 3095 886 3148 οὐδὲ
930 3094 1204 3147 πιστεύειν
1251 3092 1526 3163 ἀνέχεται.
1607 3094 1694 3155 ἘΞ

124 3194 379 3263 ἁμαρτίας
402 3193 516 3262 ἄρα
548 3191 580 3260 ἡ
612 3182 1045 3241 ἀπιστία.Εῐπον
1076 3189 1207 3255 γὰρ.
1233 3185 1423 3256 φησιν,
1453 3186 1536 3239 ὅτι
1575 3188 1698 3239 Οὐκ
1723 3200 1767 3261 C
1803 3188 1879 3239 nit
1907 3188 1955 3245 ⁸.

122 3287 313 3353 ὄψεται
344 3285 589 3351 Κύριος,
624 3280 768 3333 οὐδὲ
789 3280 1049 3343 συνήσει
1080 3281 1112 3331 o'
1147 3280 1291 3343 Θεὸς
1309 3278 1417 3333 τοῦ
1473 3279 1695 3334 Ἰακώϐ.

122 3379 216 3431 Καὶ
236 3376 399 3427 πάλιν
419 3390 435 3403 ·
469 3370 615 3425 Eine
660 3370 769 3438 γὰρ
796 3370 865 3422 ἐν
894 3369 1103 3437 καρδίᾳ
1132 3368 1341 3435 αὑτοῦ,
1370 3373 1492 3423 Οὐκ
1527 3370 1691 3436 exe”-

120 3470 305 3537 τήσσιο
337 3469 465 3532 καὶ,
509 3464 940 3533 Ἐπιλέλησται
1001 3466 1034 3517 ό
1084 3463 1257 3526 Θεός·
1305 3464 1401 3516 καὶ
1438 3464 1537 3515 ὅσα
1583 3480 1697 3515 τοι·

118 3576 260 3614 αντα.

177 3741 436 3807 Ηέτοχοι
469 3736 581 3804 τὰρ
599 3734 931 3804 γεγόναμεν
949 3731 1057 3786 τοῦ
1078 3731 1354 3799 Χριστοῦ.
1383 3732 1693 3797 Τουτέστιν,

117 3834 166 3884 ἓν
188 3830 497 3901 ἐγενόμεθα
534 3830 695 3899 ἡμεῖς
724 3827 819 3879 καὶ
847 3824 1014 3886 αὑτός
1036 3839 1049 3851 ·
1085 3824 1180 3876 καὶ
1214 3823 1357 3876 οὕτω
1393 3824 1697 3895 μετέχομεν

117 3924 289 3987 αὑτοῦ,
326 3922 407 3983 ὡς
434 3919 601 3989 σῶμα
629 3916 895 3985 κεφαλῆς.
942 3914 1207 3967 Ἐνταῦθα
1244 3914 1301 3966 δὲ
1347 3914 1567 3977 ἐλπίδας
1602 3917 1698 3967 αὐ-

118 4018 211 4077 τοῖς
233 4014 542 4081 ἐντίῡησιν,
574 4010 779 4062 ὡτανεὶ
805 4006 975 4060 ταῦτα
1010 4007 1184 4073 λέγων
1208 4021 1222 4035 ·
1272 4007 1329 4060 '0
1358 4004 1531 4069 οὕτως
1561 4007 1696 4073 ἀγα-

115 4112 280 4177 πήσας
332 4109 517 4177 ἡμᾶς,
570 4103 709 4155 ὥστε
769 4102 865 4153 καὶ
909 4098 1069 4168 σῶμα
1113 4097 1281 4150 αὐτοῦ
1327 4099 1571 4167 ποιῆσαι,
1594 4100 1695 4152 οὐκ

114 4205 249 4255 ἐάσει
303 4202 460 4270 ἡμᾶς
516 4194 907 4267 ἀπορραγῆναι
962 4190 1158 4253 αὑτοῦ,
1190 4191 1287 4242 ἐὰν
1340 4190 1500 4259 μόνον
1534 4193 1694 4260 ἡμεῖς

114 4297 365 4365 Θέλωμεν.
392 4294 465 4344 ’Δ
477 4309 554 4360 μα
583 4290 639 4341 δὲ
669 4290 765 4340 καὶ
793 4288 969 4338 ἐκεῖνο
990 4284 1284 4337 αἰνίττεται
1312 4283 1373 4335 τὸ
1406 4284 1695 4353 εἰρημένον

110 4388 317 4458 ἑτέρωθι
346 4404 361 4417 ο
401 4388 475 4438 Et
507 4380 890 4449 ὑπομένομεν
912 4418 926 4441 ,
957 4378 1056 4429 καὶ
1097 4375 1689 4443 συμϐασιλεύσομεν.

110 4480 219 4530 Τῶν
240 4476 428 4531 αὐτῶν
452 4474 566 4542 γὰρ
600 4470 923 4541 μετέχοντες
975 4467 1093 4530 νῦν,
1142 4460 1217 4518 ὧν
1245 4468 1338 4517 καὶ
1377 4468 1404 4517 ὀ
1434 4465 1686 4534 Χριστὸς,

110 4570 203 4619 τὼν
230 4536 478 4635 ϐλίψεων
530 4536 756 4632 οηῇαδὴ,
792 4558 1185 4626 σπουδάσωμεν
1232 4557 1325 4608 καὶ
1363 4556 1485 4608 τότε
1518 4573 1688 4626 μετα·
1723 4536 1765 4589 D

112 4662 244 4729 σχεῖν
268 4659 372 4727 τῆς
408 4655 600 4724 δόξης.

182 4840 433 4906 Ἐἁνπερ
466 4835 589 4902 τὴν
626 4833 825 4901 ἀρχὴν
853 4831 963 4900 τῆς
1004 4828 1402 4894 ὑποστάσεως
1439 4830 1697 4894 ,ϐεϐαίαν

110 4934 504 5000 γατάσχωμεν
532 4926 708 4995 μέχρι
741 4925 976 4990 τέλους.
1016 4922 1301 4986 Τουτέστι,
1358 4923 1458 4992 τὴν
1492 4923 1694 4976 πίστιν·

108 5024 162 5073 δι’
199 5024 369 5092 αὐτῆς
400 5020 522 5088 γὰρ
549 5018 866 5085 ὑπέστημεν
911 5014 1005 5067 καὶ
1034 5012 1382 5082 οὑσιώθημεν
1405 5013 1503 5083 τὴν
1536 5013 1689 5067 θείαν

110 5110 609 5181 κιίπνευματικὴν
666 5108 943 5170 οὖσίωσιν,
995 5106 1089 5158 καὶ
1144 5104 1525 5173 ἀναγέννησιν.
1578 5106 1689 5158 Καὶ

112 5204 330 5256 ἐνταῦθα
354 5202 415 5255 δὲ
475 5200 540 5252 τὸ
597 5197 758 5267 μέχρι
794 5196 978 5257 τέλους
1011 5195 1206 5265 στῆναι
1264 5193 1496 5263 βεϐαίως
1531 5196 1589 5247 ὲν
1619 5197 1685 5265 τῇ

110 5296 270 5347 πίστει
302 5292 561 5345 ἀπαιτεῖ.

181 5386 276 5435 ἐν
301 5380 383 5445 τῷ
413 5379 707 5445 λέγεσθαι
723 5395 738 5408 ο
783 5375 1054 5444 Σήμερον
1075 5376 1184 5430 ἐὰν
1209 5376 1319 5443 τῆς
1342 5374 1547 5447 φωνῆς
1578 5377 1686 5429 αὐ-

112 5474 203 5527 τεῡ
227 5475 567 5538 ἀκούσητε,
584 5468 671 5537 μὴ
688 5470 1075 5536 σκληρύνητε
1100 5469 1203 5534 τὰς
1227 5468 1473 5536 καρδίας
1495 5467 1682 5537 ὑμῶν,

863 418 1272 481 EXPOSITIO
1309 418 1393 479 ΙΝ
1422 419 1655 479 EPIST.
1693 419 1790 478 AD
1823 418 2214 479 ΠΕΒΠΛΞΟΞ.
2253 444 2321 455 -
2353 418 2514 483 CAP.
2544 421 2656 483 III.

3286 424 3389 484 226

1894 532 1960 585 Ut
1989 534 2199 601 deﬁciat
2228 551 2259 587 a
2299 534 2407 588 Deo
2430 535 2646 589 vivente.
2673 533 2790 589 Non
2813 535 2957 590 enim
2989 536 3151 591 aliter
3175 538 3384 593 invenit

1812 623 2021 678 aditum
2084 626 2462 689 incredulitas,
2512 626 2617 680 nisi
2672 626 2796 695 quis
2851 642 2880 679 a
2936 628 3045 680 Deo
3089 629 3385 683 desciscat.

1810 714 2077 780 Quamdiu
2134 714 2281 769 enim
2368 717 2567 785 aliquis
2644 716 2755 772 Deo
2823 718 3145 782 adhaesu-it,
3224 730 3390 790 atque

1817 804 1873 857 in
1935 806 2113 873 ipsum
2184 821 2335 875 spem
2393 821 2546 859 suam
2624 808 2949 870 collocarit,
3010 819 3265 878 tanquam
3332 812 3385 865 in

1814 912 1939 951 eum
1992 899 2084 965 qui
2119 897 2304 951 Omnia
2337 897 2534 965 possit,
2589 898 2721 952 nihil
2784 898 3085 953 arbitratur
3133 902 3387 969 impossi-

1813 991 1941 1044 bile.

1882 1079 2049 1134 VEBS.
2089 1082 2176 1135 13.
2217 1080 2409 1135 Verum
2432 1080 2797 1134 adltortamini
2824 1084 3051 1149 vosipsos
3077 1099 3169 1152 per
3198 1082 3385 1151 singu—

1807 1174 1885 1226 los
1909 1174 2039 1235 dies,
2071 1173 2233 1227 donec
2263 1175 2415 1228 hodie
2444 1184 2683 1228 vocatur.
2731 1172 2843 1228 lloc
2872 1182 2976 1239 εει,
2998 1174 3262 1229 :edilicate
3288 1190 3387 1229 vos

1808 1272 2019 1329 mutuo,
2053 1279 2121 1319 et.
2155 1269 2482 1321 conlirmate
2534 1281 2600 1320 ac
2649 1265 2862 1332 fulcite,
2923 1282 2988 1321 ne
3036 1267 3267 1322 cadatis.
3330 1266 3385 1323 Si

1807 1354 1934 1423 quis
1962 1363 2146 1407 autem
2170 1355 2452 1418 ceciderit,
2487 1355 2749 1423 corrigite
2815 1357 2992 1424 ipsum
3033 1356 3213 1425 quoad
3239 1357 3388 1413 vixe-

1808 1443 1916 1508 rit;
1952 1442 2056 1497 hoc
2080 1444 2225 1497 enim
2260 1444 2530 1515 significat
2564 1447 2708 1515 quod
2756 1448 2833 1499 ait
2861 1487 2876 1511 ,
2907 1446 3079 1499 Donec
3114 1446 3265 1500 hodie
3296 1464 3384 1500 ro-

1807 1544 1983 1589 catur.
2018 1535 2156 1605 Spes
2196 1537 2342 1590 enim
2371 1548 2642 1606 superest.
2674 1536 2908 1592 Maxime
2939 1554 3068 1592 vero
3116 1553 3215 1592 eor
3260 1554 3385 1607 prae

1806 1641 1930 1681 vum
1957 1627 2119 1681 alicui
2153 1643 2257 1679 non
2303 1628 2431 1679 insit
2461 1627 2593 1681 :Sin
2617 1626 2800 1693 fuerit,
2832 1646 2897 1682 ne
2929 1629 3088 1683 cadat
3122 1638 3345 1697 propter

1804 1736 1867 1775 ea
1911 1721 1965 1773 in
1988 1720 2453 1790 desperationem,
2484 1735 2675 1774 verum
2724 1722 3089 1774 adhortamini
3117 1724 3294 1791 ipsqu
3324 1730 3379 1776 et

1808 1815 2096 1881 suscipite.

1890 1907 1956 1961 Ut
1986 1923 2087 1961 non
2120 1906 2402 1961 induretur
2423 1908 2540 1977 quis
2585 1921 2649 1961 ex
2680 1907 2822 1960 vobis
2879 1906 3104 1973 fallacia
3158 1907 3381 1975 peccati.

1809 1997 1924 2052 lloc
1951 2006 2057 2061 est,
2091 2012 2158 2052 ne
2182 1990 2249 2050 ex
2295 1999 2676 2065 desperatione
2711 1999 2765 2049 in
2798 1997 3229 2051 excaecatiouem
3288 2011 3382 2049 ve-

1808 2090 1948 2154 niat,
1977 2100 2029 2143 et
2056 2088 2258 2142 callum
2312 2087 2557 2153 inducat,
2591 2098 2755 2159 atque
2795 2090 3118 2144 insanabilis
3145 2098 3383 2143 maneat.

1806 2178 2279 2246 Quemadmodum
2330 2181 2476 2234 enim
2530 2196 2761 2248 corpora
2834 2182 3101 2236 obdurata
3163 2182 3227 2239 et!
3263 2197 3385 2251 qum

1806 2275 2008 2328 callum
2086 2273 2460 2338 induxerunt,
2548 2276 2884 2327 medicorum
2948 2272 3199 2327 manibus
3270 2286 3381 2326 non

1803 2362 2007 2417 cedunt
2040 2378 2059 2417 :
2091 2364 2237 2415 hunc
2270 2362 2335 2415 ad
2372 2361 2593 2415 modum
2624 2360 2894 2414 indurata:
2935 2362 3132 2414 anima:
3152 2372 3260 2412 non
3290 2373 3384 2411 ce-

1802 2453 1938 2507 dunt
1964 2455 2128 2507 verbo
2157 2453 2272 2507 Dei.
2304 2452 2598 2508 Fallaciam
2626 2463 2806 2507 autem
2836 2452 3041 2523 peccati
3076 2460 3255 2514 vocat,
3298 2452 3382 2504 vel

1804 2544 2186 2613 deceptionem
2222 2545 2451 2605 diaboli,
2481 2545 2772 2609 nimirum,
2834 2560 2945 2597 non
2978 2558 3203 2611 sperare
3234 2544 3383 2596 l'utu-

1805 2652 1919 2689 ram
1955 2635 2404 2697 retributionem,
2440 2634 2521 2688 vel
2565 2633 2947 2689 indolentiam.
2979 2633 3169 2687 Dicere
3192 2632 3339 2688 enim
3367 2670 3383 2693 ,

1801 2728 2034 2782 Prorsus
2056 2730 2302 2797 relapsus
2325 2742 2447 2781 sum
2476 2726 2737 2796 deinceps
2788 2727 2841 2779 in
2876 2733 3179 2794 peccatum,
3234 2725 3384 2777 nulla

1802 2820 1935 2873 milii
1967 2836 2094 2890 spes
2133 2820 2308 2874 venite
2343 2837 2356 2871 :
2399 2833 2588 2872 revera
2648 2830 2731 2871 est
2787 2818 2994 2886 pet-cati
3056 2818 3377 2884 itnpostuta.

1802 2913 2095 2967 Peccatum
2157 2926 2305 2966 enim
2360 2911 2489 2966 dum
2548 2910 2753 2977 decipit
2821 2918 2873 2961 et
2906 2914 2971 2962 ad
3006 2924 3065 2962 se
3092 2910 3382 2977 pertraliit,

1801 3004 1926 3057 talia
1969 3005 2211 3074 cogitare
2235 3005 2382 3064 iacit,
2411 3002 2566 3071 juxta
2595 3001 2647 3055 id
2679 3001 2824 3070 quod
2862 3000 3073 3055 dictum
3110 3008 3193 3054 est
3221 3019 3235 3055 :
3273 3000 3383 3053 lm-

1798 3094 1915 3160 pius
1947 3109 2066 3146 cum
2097 3094 2152 3147 in
2173 3094 2511 3163 profundunt
2543 3090 2809 3143 malorum
2843 3091 3110 3154 inciderit,
3142 3099 3382 3143 contem-

2048 3185 2151 3251 Qui
2186 3194 2364 3240 autem
2395 3184 2718 3246 contemnit.
2755 3185 3003 3250 isticque
3032 3184 3259 3237 credete
3291 3198 3385 3235 sn-

1803 3281 1996 3336 Stinet.
2051 3279 2128 3331 Ex
2174 3285 2402 3347 peccato
2456 3277 2622 3346 igitur
2677 3274 3061 3329 incredulitas.
3122 3273 3384 3327 Dixerunt

1800 3373 1948 3427 enim
1990 3390 2003 3424 :
2044 3369 2166 3422 Non
2192 3368 2383 3423 videbit
2417 3367 2697 3431 Dominus,
2731 3382 2893 3435 neque
2942 3367 3199 3436 intelliget
3240 3366 3381 3420 Deus

1798 3459 2042 3517 Iacob".
2078 3463 2141 3516 Et
2166 3478 2363 3516 rursus
2400 3461 2589 3515 :Dixit
2615 3463 2752 3514 enim
2776 3462 2831 3514 in
2871 3463 3028 3514 corde
3079 3478 3197 3525 suo,
3256 3462 3378 3514 Non

1798 3554 2037 3623 exquiret
2061 3554 2081 3583 ⁸
2114 3569 2130 3605 :
2163 3562 2239 3617 et,
2276 3553 2484 3605 Oblitus
2515 3564 2592 3605 est
2619 3551 2781 3614 Deus,
2807 3558 2859 3607 et
2886 3566 3226 3622 quaecunque
3253 3560 3384 3607 sunt

1800 3645 2135 3715 bujusmudi.

1872 3735 2157 3791 Vens.14.
2198 3736 2490 3803 Participes
2522 3736 2661 3790 enim
2707 3734 2913 3790 Christi
2956 3737 3127 3805 e/fecti
3173 3753 3379 3791 sunms.

1800 3825 1915 3881 lloc
1937 3838 2041 3893 εει,
2065 3842 2233 3880 unum
2261 3828 2385 3880 l'acti
2421 3841 2611 3880 sumus
2641 3840 2744 3880 nos
2773 3835 2828 3880 et
2864 3828 2979 3895 ipse
3014 3846 3028 3881 :
3064 3835 3117 3880 et
3153 3828 3231 3881 sic
3256 3843 3380 3897 par-

1798 3919 2095 3986 ticipanms
2123 3918 2263 3986 ejus,
2301 3926 2357 3969 ut
2388 3932 2596 3985 corpus
2627 3916 2846 3987 capitis.
2883 3916 2983 3971 llic
3013 3927 3196 3973 autem
3225 3935 3379 3989 spem

1797 4009 1877 4063 eis
1931 4009 2077 4072 l'aeit,
2134 4008 2362 4077 perinde
2394 4008 2551 4077 quasi
2603 4008 2683 4062 sic
2718 4007 2863 4062 dicat
2902 4025 2916 4061 :
2955 4009 3057 4074 Qui
3118 4025 3217 4065 nos
3244 4012 3381 4065 adeo

1796 4098 2008 4164 dilexit,
2050 4107 2107 4152 ut
2160 4114 2258 4152 nos
2318 4114 2478 4151 suum
2536 4112 2738 4166 corpus
2773 4097 2999 4159 faceret,
3040 4100 3184 4153 haud
3236 4100 3380 4154 sinet

1798 4204 1901 4243 nos
1926 4206 1952 4239 a
1984 4204 2041 4242 se
2075 4188 2284 4250 divelli,
2322 4190 2367 4241 si
2422 4187 2584 4241 modo
2621 4187 2791 4258 669
2831 4204 2930 4243 nos
2982 4191 3229 4245 velimus.
3291 4190 3378 4245 Si-

1797 4278 1909 4331 mul
1948 4287 2127 4330 autem
2153 4286 2209 4330 et
2241 4277 2371 4329 illud
2404 4277 2565 4330 tacite
2593 4278 2825 4340 indicat,
2859 4278 3005 4347 quod
3035 4281 3142 4332 alio
3169 4281 3223 4333 in
3255 4282 3377 4334 loco

1795 4368 2002 4421 dictqu
2044 4379 2129 4420 est
2168 4384 2181 4420 :
2232 4366 2293 4421 Si
2329 4368 2765 4428 sustinuerinus,
2825 4378 2873 4421 et
2917 4374 3375 4439 conregnabimus.

1794 4460 2249 4527 Quandoquidem
2282 4460 2426 4513 enim
2462 4460 2784 4513 earumdem
2817 4461 3117 4515 etiamnum
3155 4465 3376 4533 partici-

1796 4570 1891 4623 pes
1918 4570 2133 4617 sntnus,
2167 4569 2398 4622 quarum
2424 4561 2475 4605 et
2503 4552 2782 4616 Christus,
2816 4553 3174 4610 alllictionum
3211 4558 3371 4611 vide-

1794 4649 1941 4713 licet,
1998 4648 2319 4703 studeamus
2371 4648 2536 4702 etiam
2596 4655 2709 4701 tum
2767 4660 3052 4704 consortes
3100 4665 3223 4707 esse
3258 4654 3375 4724 διο-

1796 4740 1911 4793 riae.

1868 4830 1927 4885 Si
1961 4842 2137 4883 tamen
2189 4831 2403 4884 initium
2443 4830 2761 4883 substantiw
2794 4830 2862 4883 ad
2892 4830 3047 4899 ﬁnem
3078 4848 3241 4900 usque
3278 4834 3375 4901 [ir-

1798 4938 1943 4975 mum
1977 4926 2321 4977 retineamus.
2360 4921 2473 4977 lloc
2507 4934 2613 4987 est,
2648 4923 2831 4977 ﬁdem.
2886 4923 2989 4977 l’er
3020 4923 3193 4993 ipsam
3222 4926 3370 4979 enim

1798 5015 2177 5076 subsistimus,
2211 5022 2266 5068 et
2313 5014 2495 5069 divina
2528 5027 2740 5067 necnon
2801 5014 3069 5083 spirituali
3131 5021 3369 5072 essentia

1799 5104 2011 5159 fundati
2044 5120 2261 5170 sumus,
2293 5113 2457 5175 atque
2477 5104 2907 5173 regeneratione.
2942 5102 3041 5159 Hic
3070 5108 3253 5176 itaque
3284 5109 3373 5161 lir-

1795 5198 1956 5252 miter
1999 5198 2064 5250 ad
2096 5198 2256 5251 linem
2309 5212 2483 5268 usque
2534 5198 2588 5251 in
2650 5197 2752 5250 lide
2797 5200 3091 5266 persistere
3131 5202 3298 5270 exigit
3338 5218 3368 5253 a

1795 5291 1977 5344 nobis.

1871 5377 2034 5434 Vens.
2077 5381 2161 5434 15.
2193 5380 2326 5433 Dum
2357 5381 2581 5442 dicitur,
2616 5378 2789 5434 Hodie
2832 5383 2879 5435 si
2920 5397 3091 5434 recent
3122 5383 3237 5451 ejus
3268 5400 3368 5435 au-

1793 5470 2021 5538 dieritis,
2041 5474 2203 5527 nolite
2223 5474 2487 5528 obdurare
2504 5472 2665 5527 corda
2702 5485 2894 5537 vestra,
2920 5476 3365 5541 quemadmodum

219 5652 239 5679 ‘
280 5655 445 5707 l’rov.
485 5668 645 5718 tvm,
672 5653 724 5708 3.
793 5651 1173 5721 "Psaldcnt,
1211 5656 1261 5708 7.
1340 5658 1360 5687 ⁸
1391 5656 1533 5711 Psal.
1582 5672 1656 5722 Ix,
1694 5655 1783 5711 51.

1467 5753 1665 5814 Varie
1694 5750 2017 5815 lectiones.

208 5849 252 5881 "
270 5852 536 5909 ἑαυτους.
