4154 6440
150 400 236 460 933
871 401 1271 461 EXPﬂSlTlO
1314 402 1392 459 lN
1430 401 1669 462 EPIST.
1705 402 1800 459 AD
1830 398 2218 459 HEBR/‘EOS.
2258 423 2323 432 -
2360 398 2519 456 CAP.
2555 398 2653 458 ιν.

3276 403 3378 465 234

150 514 423 574 τάπσυσιν,
456 511 644 564 λοιπον
676 513 1043 582 προτρέπεται
1076 514 1271 578 αὐτοὺς
1314 513 1577 565 εἰσελθεῖν
1629 514 1703 574 είς

1818 511 2077 579 requiem.
2124 510 2380 577 deinccps
2428 508 2679 558 bortatur
2728 521 2843 571 eos.
2880 514 2936 559 ut
2993 507 3047 561 in
3100 508 3243 563 illam
3300 515 3381 567 itt-

149 603 319 669 αὐτὴν.
354 602 557 665 Καλῶς
580 604 637 655 δὲ
670 598 790 655 εῐπε
822 604 905 664 τὸ,
930 603 1391 672 σπουδάσωμεν.
1435 605 1510 655 Οὐ
1536 603 1644 673 γὰρ
1678 604 1710 671 ἡ

148 699 306 756 πίστις
348 696 489 762 αὑτὴ
544 694 667 748 καθ’
710 693 875 763 αὐτὴν
903 695 1061 763 ἀρκεῖ
1106 696 1417 761 εἰσαγαγεῖν
1446 696 1524 757 εἰς
1564 695 1708 747 ἐκεί-

147 806 250 856 νην,
276 790 322 839 εἰ
362 788 440 855 μὴ
475 789 569 839 καὶ
600 786 841 840 πολιτεία
870 791 1077 855 χρηστὴ
1106 789 1390 856 συμπαρῇ.

207 880 323 930 Ἵνα
348 878 435 943 μὴ
460 878 526 928 ἐν
554 874 635 940 τῷ
662 876 824 940 αὐτῷ
849 896 937 941 τις
970 875 1359 945 ὑποδείγματι
1403 876 1563 944 πέσῃ
1603 876 1710 943 τῆς

144 969 450 1031 ἀπειθείας.
506 967 594 1018 Ἐν
631 966 708 1032 τῷ
736 967 883 1033 αὐτῷ
922 969 1031 1029 τοῖς
1077 966 1461 1036 Ἰσραηλίταις.
1498 969 1708 1037 Ὥσπερ

143 1058 235 1124 γὰρ
256 1052 405 1109 οἱτοι
447 1056 509 1107 τὸ
533 1055 697 1108 πλέον
732 1056 831 1122 τῆς
871 1056 989 1109 ὀδοῦ
1022 1056 1320 1118 ἀνύσαντες
1389 1058 1485 1111 καὶ
1540 1075 1707 1111 κακο-

144 1149 498 1217 παθήσαντες,
522 1149 671 1215 ὅμως
694 1149 783 1200 διὰ
810 1148 904 1216 τὴν
933 1149 1195 1202 ἀπιστίαν
1226 1148 1483 1212 ἐξέπεσον
1507 1165 1523 1179 ⁸
1565 1148 1709 1201 οὕτω

141 1242 224 1290 καὶ
272 1243 437 1309 ὑμεῖς
493 1242 658 1310 ὄρατε
713 1242 907 1309 μήπως
969 1241 1106 1309 μετὰ
1139 1241 1426 1303 τοσούτους
1465 1240 1560 1303 οὓς
1605 1242 1707 1293 ὐπ-

141 1330 316 1396 έστητε
348 1330 595 1397 ἀγῶνας,
634 1332 859 1399 πέσητε,
891 1330 967 1392 ὡς
1003 1332 1163 1399 μέχρι
1190 1313 1375 1392 τέλους
1415 1331 1489 1401 μὴ
1520 1332 1708 1401 ἀνδρι-

142 1421 374 1484 σάμενοι·
410 1418 571 1471 τοῦτο
605 1420 716 1488 γάρ
754 1421 869 1471 ἐστι
892 1419 949 1472 τὸ
969 1420 1138 1483 ὅντως
1173 1421 1379 1472 πεσεῖν.

200 1596 323 1649 ζῶν
355 1598 469 1665 γὰρ
502 1600 536 1651 ὁ
565 1600 747 1667 λόγος
779 1597 885 1651 τοῦ
931 1600 1079 1654 Θεοῦ
1120 1600 1218 1652 καί
1260 1600 1549 1667 οένεργὶις,
1606 1601 1704 1652 καὶ

134 1688 454 1757 τομώτερος
472 1689 619 1756 ὑπὲρ
641 1687 848 1744 πᾶσαν
853 1690 935 1758 μή
942 1706 1158 1758 Impar
1170 1691 1478 1759 δίστομον.
1499 1692 1565 1741 Ὤ
1573 1706 1668 1743 σπε
1677 1707 1707 1759 ρ

134 1782 264 1846 τότε,
318 1782 509 1849 φησὶν,
565 1781 625 1832 οὐ
658 1780 913 1849 πόλεμος,
941 1782 1001 1833 οὐ
1045 1782 1287 1851 μάχαιρα
1327 1782 1569 1843 ἐκείνους
1600 1782 1705 1834 ἀπ-

1820 609 2050 654 troeant.
2106 599 2337 652 Pulchre
2374 607 2553 652 autem
2596 597 2767 665 dixit,
2829 598 3179 657 Festinamus.
3228 602 3385 658 Fides

1816 692 1961 745 enint
1994 691 2106 760 ipsa
2141 706 2237 759 per
2264 706 2323 743 se
2362 689 2413 742 in
2455 689 2602 744 illam
2654 690 3001 748 introducere
3028 708 3134 748 non
3167 693 3383 763 suilicit,

1819 783 1920 836 ttisi
1947 793 2001 835 et
2028 781 2194 849 proba
2221 782 2564 835 conversatio
2588 781 2750 835 simul
2778 780 3028 838 adfuerit.

1891 872 1974 927 Ne
2005 874 2060 925 in
2092 872 2228 925 idem
2258 874 2370 941 quis
2406 871 2602 924 incidat
2642 871 3033 928 incredulitatis
3066 878 3381 948 exemplum.

1819 967 1873 1018 in
1922 966 2059 1019 idem
2111 980 2236 1017 cum
2279 962 2559 1018 lsraelitis.
2595 963 3064 1028 Quemadmodum
3116 970 3258 1023 enim
3305 972 3381 1026 illi

1816 1057 2107 1124 plurimum
2155 1055 2367 1110 itineris
2404 1057 2632 1119 emensi,
2666 1066 2719 1109 et
2774 1056 2939 1111 multa
2994 1073 3128 1113 sane
3157 1060 3383 1117 adversa

1816 1147 2083 1215 perpessi,
2120 1156 2341 1215 propter
2364 1145 2796 1199 incredulitatem
2821 1157 3000 1202 tamen
3028 1151 3381 1206 exciderunt:

1816 1238 1896 1290 sic
1928 1244 1981 1288 ct
2015 1251 2110 1289 vos
2145 1238 2324 1290 videte
2376 1252 2442 1290 ne
2482 1250 2591 1302 quo
2630 1235 2791 1289 modo
2839 1247 2961 1306 post
3013 1248 3092 1293 tot
3126 1257 3381 1312 perpessa

1816 1324 2404 1387 certamina,cadatis,
2456 1324 2654 1393 quippe
2697 1326 2840 1393 quod
2890 1328 2955 1381 ad
3012 1331 3173 1385 liuent
3212 1349 3386 1403 usque

1817 1433 1923 1471 non
1965 1434 2059 1472 vos
2106 1420 2249 1473 viros
2294 1418 2460 1475 fortes
2499 1422 2795 1493 gesseritis.
2833 1421 2947 1479 Hoc
2984 1426 3128 1481 enim
3175 1438 3259 1483 est
3294 1443 3386 1483 re-

1816 1524 1939 1562 νίψει
1975 1509 2193 1564 cadere.

1886 1598 2047 1653 Vens.
2078 1601 2163 1655 19.
2227 1601 2379 1655 Vivus
2406 1612 2482 1657 est
2504 1606 2641 1657 enim
2673 1621 2844 1659 sermo
2869 1605 2967 1660 Dei
2994 1617 3044 1662 et
3097 1610 3298 1677 eﬁicax.
3332 1621 3382 1664 et

1813 1690 2185 1758 penetrabilior
2217 1695 2361 1746 omni
2415 1694 2595 1764 gladio
2627 1699 2869 1766 ancipiti.
2912 1699 3383 1764 Quemadmodum

1815 1792 1953 1845 tum,
1993 1782 2187 1851 inquit,
2242 1799 2348 1839 non
2390 1785 2616 1852 bellum,
2674 1803 2781 1842 non
2815 1788 2966 1844 ensis
3001 1804 3095 1845 eos
3127 1791 3381 1860 perdidit,

133 1872 344 1935 ώλεσεν,
382 1870 500 1924 ἀλλ’
530 1871 559 1921 ό
580 1870 673 1923 τοῦ
714 1870 848 1923 Θεοῦ
881 1870 1038 1953 λόγος
1058 1887 1074 1901 ο
1107 1871 1404 1940 αὐτόματοι
1433 1873 1539 1942 γὰρ
1573 1889 1703 1925 κατ-

1815 1869 1907 1924 sed
1938 1869 2041 1924 Dei
2070 1871 2295 1924 verbum
2332 1892 2343 1925 :
2377 1889 2474 1942 per
2516 1891 2574 1931 se
2603 1878 2770 1942 enim,
2798 1877 2916 1933 sine
2941 1881 2990 1933 vi
3038 1881 3383 1937 extrinsecus

136 1962 359 2015 ἔπιπτον
392 1979 406 1992 ⁸
444 1962 586 2014 οὕτω
627 1963 721 2015 καὶ
770 1963 854 2029 ἐφ’
885 1963 1017 2031 ἡμῖν
1064 1961 1237 2017 ἔσται.
1304 1961 1363 2015 Ὀ
1392 1962 1500 2034 γὰρ
1545 1964 1706 2026 αὐτὸς

134 2052 274 2116 λόγος
315 2052 416 2103 καὶ
446 2051 686 2114 ἐκείνους
714 2050 939 2103 ἐκόλασε
1002 2052 1096 2103 καὶ
1142 2054 1287 2121 ἡμᾶς
1339 2054 1581 2107 κολάσει.
1628 2056 1704 2123 Ζῇ

132 2147 227 2212 γὰρ
252 2143 367 2204 ἀεὶ,
392 2144 490 2196 καὶ
511 2145 610 2195 οὐκ
631 2143 904 2199 ἔσϐεσται.
935 2145 1045 2197 Καὶ
1112 2145 1288 2207 ἄλλως
1334 2145 1390 2197 δέ
1451 2141 1575 2198 εἷπε
1622 2146 1704 2211 τὸ,

130 2234 264 2293 ὢν·
306 2236 396 2286 ἵνα
428 2235 504 2304 μὴ
532 2234 689 2301 λόγον
720 2235 981 2299 ἀκούσας,
1012 2238 1165 2306 ῥῆμα
1208 2236 1585 2289 ἀνυπόστατον
1616 2254 1705 2291 νο-

134 2325 307 2395 μίσῃς,
336 2324 455 2375 Ζῶν
488 2323 627 2385 ἐστὶ,
659 2322 815 2394 φησι,
840 2324 1143 2387 τουτέστιν,
1188 2321 1435 2390 ὑφεστὼς
1479 2323 1576 2375 καὶ
1623 2325 1707 2376 ἐν·-

132 2417 308 2484 εργὴς,
331 2418 431 2468 καὶ
471 2416 551 2477 εἰς
579 2420 643 2483 ἠν
662 2415 727 2466 ἂν
758 2415 974 2485 ἐμπέσῃ
1001 2415 1201 2483 ψυχὴν,
1235 2414 1447 2484 πληγὰς
1478 2414 1707 2485 ἐργάζε-

131 2524 207 2558 ται
250 2506 525 2575 χαλεπᾶς.
567 2506 709 2574 "Ops
743 2505 798 2557 δὲ
828 2506 1254 2572 συγκατάϐασιν,
1284 2506 1401 2566 πῶς
1427 2504 1704 2574 μαχαίρας

131 2601 216 2648 ut
241 2599 420 2667 τομῆς
449 2598 721 2665 ἐμνήσθη,
774 2597 883 2649 τῶν
913 2597 1157 2665 συνήθων
1204 2598 1299 2650 καὶ
1351 2598 1485 2665 ἡμῖν
1532 2598 1704 2663 ἐγνωο

134 2689 359 2756 σμένων,
397 2691 482 2740 ἵνα
505 2688 654 2760 δείξῃ
685 2688 791 2740 ἀπὸ
815 2688 1015 2742 τούτων
1036 2688 1097 2741 τὸ
1121 2686 1386 2758 ὑπερέχον
1414 2690 1512 2757 τῆς
1544 2688 1705 2740 awa-

133 2799 288 2849 μεως.

194 3050 294 3103 Καὶ
348 3051 769 3116 διικνούμενος
827 3050 964 3117 ἄχρι
1021 3048 1316 3118 μερισμοῦ
1354 3048 1562 3117 ψυχῆς
1606 3048 1703 3100 καὶ

132 3145 487 3209 πνεύματος.
522 3141 754 3208 Φοδερόν
785 3158 837 3192 τι
865 3141 1030 3208 λέγει,
1069 3140 1099 3209 ἧ
1129 3141 1210 3193 ὅτι
1231 3141 1291 3192 τὸ
1320 3139 1536 3207 πνεῦμα
1565 3140 1703 3191 διαι-

1813 1955 1959 2009 illata
2008 1956 2331 2012 decidebant
2382 1979 2397 2013 :
2454 1961 2534 2017 sic
2589 1964 2876 2020 nobiscum
2931 1968 3096 2022 etiam
3148 1970 3383 2025 eveniet.

1810 2042 1952 2097 idem
1985 2059 2223 2114 namque
2251 2047 2473 2101 verbum
2506 2049 2648 2117 quod
2683 2067 2777 2107 eos
2811 2053 3041 2122 punivit,
3064 2064 3120 2110 et
3141 2071 3241 2110 nos
3271 2056 3385 2111 aﬂio

1807 2135 1916 2189 ciet
1953 2138 2225 2205 supplicio
2272 2157 2286 2192 :
2332 2141 2464 2194 vivit
2514 2144 2659 2196 enint
2714 2158 2949 2214 semper,
3005 2157 3059 2201 et
3103 2164 3381 2219 nunquam

1806 2228 2188 2295 exstinguitur.
2211 2230 2356 2285 Dixit
2384 2234 2548 2285 etiam
2580 2234 2740 2287 aliam
2777 2236 2849 2290 ob
2881 2238 3165 2303 rationem,
3196 2241 3341 2294 vivus
3363 2258 3382 2294 :

1811 2331 1875 2369 tte
1907 2331 2031 2370 cum
2080 2320 2304 2373 verbum
2360 2322 2540 2385 audis,
2578 2326 2798 2379 verbum
2828 2326 2972 2394 quod
3027 2328 3381 2385 subsistentia

1807 2416 1955 2461 caret
1984 2410 2284 2475 existimes,
2317 2408 2506 2467 Vivum
2557 2424 2658 2477 est,
2692 2414 2887 2485 inquit,
2931 2416 3033 2472 ltoe
3064 2428 3168 2485 est,
3203 2420 3385 2475 subsi-

1807 2501 1901 2553 stit
1922 2510 1974 2553 et
2002 2499 2191 2554 eﬂicax
2214 2510 2318 2563 est.
2341 2512 2395 2557 et
2424 2504 2473 2557 in
2498 2518 2656 2572 quam
2683 2505 2930 2560 inciderit
2955 2509 3216 2574 animam,
3237 2511 3293 2565 in
3316 2526 3380 2565 ea

1806 2590 1987 2659 gravia
2031 2591 2253 2645 vulnera
2277 2592 2460 2646 emeit.
2482 2594 2868 2651 Animadverte
2898 2607 3080 2653 autem
3106 2602 3381 2668 quomodo

1808 2694 1865 2733 se
1897 2681 2076 2748 captui
2117 2689 2308 2735 nostro
2333 2692 2676 2752 attentperet.
2709 2684 2842 2739 Nam
2867 2689 3016 2744 ensis
3040 2697 3092 2744 et
3120 2692 3379 2747 sectionis

1808 2772 2077 2834 meminit,
2107 2789 2227 2841 qua:
2253 2773 2411 2827 nobis
2435 2782 2563 2828 sunt
2591 2785 2853 2831 consueta
2877 2779 3039 2848 673
3060 2788 3113 2834 et
3137 2783 3377 2851 cognita,

1806 2871 1863 2915 ut
1917 2877 1979 2915 ex
2043 2862 2195 2917 ltiscc
2229 2865 2580 2920 excellentem
2640 2868 2759 2937 ejus
2807 2871 3102 2938 potentiam
3150 2872 3377 2927 demon-

1806 2963 1960 3009 stret.

1878 3043 1948 3097 Et
1987 3048 2285 3117 pertingens
2317 3064 2480 3118 usque
2512 3050 2580 3103 ad
2612 3052 2922 3106 divisionem
2959 3056 3151 3111 animae
3180 3066 3229 3109 et
3263 3060 3375 3126 spi-

1807 3136 1962 3191 ritus.
1998 3136 2340 3194 Horrettdum
2363 3140 2620 3210 quiddam
2652 3142 2804 3206 dicit,
2840 3144 2923 3197 vel
2948 3144 3091 3213 quod
3122 3146 3373 3215 spiritum

136 3238 211 3301 ρεί
239 3236 346 3285 ἀπ’,
377 3234 481 3301 τῆς
510 3234 711 3301 ψυχῆς,
742 3234 837 3285 καὶ
861 3232 1331 3300 ἐγκαταλιμπάνει
1362 3231 1530 3301 αὐτὴν
1558 3229 1698 3300 ἕρη-

1808 3227 1875 3280 ab
1902 3228 2083 3281 anima
2107 3228 2319 3293 dividit,
2355 3229 2608 3300 illamque
2639 3231 2797 3288 istius
2823 3234 3255 3292 sanctificatione
3281 3253 3375 3292 or-

133 3343 226 3393 μον
256 3326 358 3392 τῆς
382 3328 450 3376 ἐκ
477 3325 665 3376 τούτου
698 3323 1031 3392 ἁγιωσύνης,
1094 3326 1159 3393 ἣν
1201 3326 1229 3375 ὀ
1276 3324 1479 3392 Κύριος
1528 3324 1588 3375 ἐν
1624 3322 1703 3391 τῷ

133 3416 446 3483 [ξραγγελίῳ
480 3414 795 3483 διχοτομίαν
830 3414 1134 3482 ὠνόμασεν.
1173 3415 1388 3482 Ὠσπερ
1411 3416 1520 3484 γὰρ
1550 3414 1703 3483 βασι-

129 3508 245 3568 λεὺς
283 3507 548 3575 ἄρχοντος
599 3506 933 3573 ἁμαρτόντος
974 3504 1073 3575 τὴν
1131 3504 1310 3573 ζώνην
1363 3505 1697 3573 ἀφαιρεῖται,

130 3600 215 3646 καὶ
245 3596 306 3647 τὸ
330 3597 552 3661 ἀξίωμα
590 3595 877 3662 πρότερον,
910 3594 1004 3645 καὶ
1050 3592 1170 3645 τότε
1234 3590 1451 3653 κολάζει
1495 3607 1508 3621 ·
1560 3589 1701 3641 οὕτω

131 3686 403 3738 κὲντιῦθι
436 3686 529 3737 τοῦ
587 3683 959 3751 πνευματικοῦ
1014 3681 1324 3752 ἀξιώματος
1368 3683 1639 3750 στερεῖται
1672 3680 1701 3731 ό

128 3777 433 3843 ἄνθρωπος,
466 3770 584 3826 εἶτα
616 3772 923 3835 κολάζεται.
944 3775 1013 3827 Ἣ
1042 3774 1122 3826 ὅτι
1150 3772 1242 3824 καὶ
1265 3771 1371 3823 τῶν
1393 3771 1702 3839 ἀσωμάτων

130 3868 303 3917 αὐτῶν
334 3864 697 3917 καθικνεῖται.
737 3864 893 3925 Τινὲς
938 3864 994 3916 δὲ
1048 3862 1219 3925 οὕτως
1265 3861 1572 3928 ἐξεδέξαντο
1612 3862 1702 3914 τὸν

128 3956 296 4024 λέγον,
342 3955 697 4023 ἐμοὶδοκεῖν,
738 3955 837 4007 οὐκ
881 3954 1188 4015 ἀκολούθως
1232 3955 1309 4022 τῷ
1360 3952 1702 4021 ἀποστολικῷ

130 4046 311 4116 σκοτιῷ
332 4061 343 4072 ·
374 4046 461 4097 ὅτι
484 4046 512 4096 ὁ
532 4043 625 4095 τοῦ
646 4042 784 4095 Θεοῦ
809 4043 961 4109 λόγος
1003 4042 1260 4095 εὶσελθὼν
1280 4045 1358 4104 εἰς
1386 4044 1483 4110 τὴν
1502 4042 1698 4111 ψυχὴν,

127 4140 317 4206 διαιρεῖ
343 4136 442 4189 καὶ
470 4136 682 4205 μερίζει
712 4135 783 4187 τὰ
801 4135 1003 4203 ταύτης
1033 4134 1198 4204 μέρη,
1250 4135 1506 4201 δεκτικὴν
1533 4134 1701 4203 αὐτὴν

129 4230 291 4280 ποιῶν
337 4230 438 4280 καὶ
466 4225 778 4294 χωρητικὴν
831 4223 923 4276 τοῦ
970 4223 1290 4293 μυστηρίου.
1346 4223 1555 4293 Ὥσπερ
1592 4223 1700 4293 γὰρ

128 4324 183 4373 τι
208 4322 359 4390 βέλος
381 4318 633 4387 διαιροῦν
661 4317 759 4387 τὴν
783 4318 978 4387 σάρκα,
1023 4316 1197 4380 οὕτως
1248 4317 1329 4378 εις
1374 4316 1547 4385 αὐτὴν
1589 4317 1701 4368 είσ-

127 4411 322 4463 δύεταυ
357 4410 508 4461 οὕτω
535 4408 674 4459 καὶό
707 4408 883 4475 λόγος,
908 4407 1002 4461 ἐὰν
1029 4406 1104 4477 μὴ
1133 4407 1201 4459 τὰ
1227 4406 1701 4476 συμπεφραγμένα

126 4504 220 4571 τῆς
247 4503 431 4571 ψυχῆς
464 4501 606 4571 μέρη
636 4499 808 4571 διέλῃ,
838 4498 939 4551 οὐκ
962 4498 1028 4550 ἂν
1062 4499 1141 4562 εἰς
1169 4498 1339 4568 αὐτὴν
1378 4498 1627 4550 είσέλῡοι.

1803 3318 1982 3372 batam
2017 3318 2370 3388 derelinquit,
2407 3335 2569 3389 quam
2602 3320 2863 3377 Dominus
2891 3325 2945 3378 in
2968 3324 3261 3395 Evangelia
3296 3328 3378 3381 di-

1801 3410 2068 3465 visionem
2106 3412 2429 3468 nominavit.
2467 3411 2702 3468 Perinde
2731 3429 2967 3484 namque
3002 3426 3061 3470 ut
3094 3432 3187 3472 rex
3220 3419 3373 3488 prin-

1802 3502 1909 3570 cipi
1937 3500 2169 3571 cuipiam
2206 3504 2449 3571 peccanli
2482 3504 2760 3573 cingulum
2789 3506 3001 3573 adimit,
3037 3523 3101 3561 ac
3129 3510 3369 3577 priorem

1800 3592 2141 3661 dignitatem,
2178 3600 2403 3661 tumque
2466 3595 2656 3662 punit:
2711 3596 2856 3649 hunc
2913 3596 2979 3650 ad
3013 3598 3232 3651 modum
3283 3598 3373 3651 ltic

1802 3680 2071 3747 spirituali
2100 3680 2335 3748 primunt
2369 3679 2633 3751 dignitate
2683 3684 2926 3751 privatur
2961 3684 3145 3750 homo,
3175 3686 3374 3742 deinde

1802 3766 2069 3837 supplicio
2104 3768 2375 3835 amcitur;
2413 3771 2496 3824 vel
2526 3771 2687 3824 etiam
2723 3774 2867 3841 quod
2900 3774 3218 3842 incorporea
3256 3777 3372 3843 ipsa

1802 3858 1944 3913 ferit.
1979 3857 2236 3913 Nonnulli
2273 3871 2453 3914 autem
2488 3862 2568 3916 sic
2614 3870 2945 3931 acceperunt
2977 3864 3125 3918 hunc
3163 3879 3372 3920 sermo-

1803 3964 1947 4013 nem,
1986 3950 2259 4005 sententia
2305 3959 2480 4014 certe,
2518 3965 2640 4006 meo
2673 3950 2912 4021 judicio,
2960 3954 3031 4007 ab
3077 3954 3375 4023 apostolico

1802 4056 1975 4111 scopo
2026 4041 2169 4095 baud
2226 4042 2563 4098 aberrante:
2614 4045 2839 4098 verbum
2894 4044 2989 4099 Dei
3021 4046 3182 4100 simul
3214 4055 3374 4116 atque

1803 4130 2041 4184 animam
2093 4132 2404 4202 ingressum
2460 4133 2648 4197 fuerit,
2679 4142 2861 4203 partes
2897 4135 3019 4204 ejus
3057 4136 3275 4201 dividit,
3314 4147 3373 4189 ut

1804 4223 1919 4289 ipsa
1962 4223 2268 4291 suscepti-ix
2313 4233 2366 4279 et
2397 4238 2567 4293 capax
2602 4225 2695 4277 Iiat
2727 4226 2989 4296 mysterii.
3028 4226 3183 4281 Sicut
3225 4230 3370 4283 enim

1805 4314 2001 4383 sagitta
2033 4327 2252 4368 carnem
2279 4313 2551 4379 dividens,
2591 4316 2670 4370 sic
2702 4315 2894 4370 iuream
2924 4318 3225 4387 ingreditur
3251 4338 3264 4373 :
3297 4330 3369 4373 tta

1804 4410 1858 4457 et
1907 4403 2160 4469 verbum,
2206 4404 2312 4459 nisi
2354 4404 2724 4459 communitas
2745 4406 2939 4460 animae
2983 4416 3166 4477 partes
3197 4408 3371 4464 disse-

1805 4496 2001 4562 cuerit,
2034 4496 2179 4550 baud
2205 4504 2351 4553 certe
2385 4499 2439 4551 in
2488 4498 2660 4566 ipsam
2694 4498 3028 4565 ingredietur

209 4559 440 4660 ίΑξιῑᾱίν
464 4559 663 4643 τέκἀὶ
698 4559 957 4655 [residua
990 4559 1133 4641 ’Ἰναν
1157 4588 1233 4658 μὴ
1274 4559 1343 4641 τὰ
1381 4588 1479 4653 τῆς
1522 4586 1697 4658 ψυχῆς

1884 4559 2207 4656 Compagum
2255 4603 2456 4657 quoque
2484 4559 2548 4640 ac
2580 4559 2953 4641 indutiarum.
2980 4586 3057 4641 No
3085 4586 3369 4641 audientes

130 4684 459 4743 ἀκούσαντες
496 4681 903 4749 ρᾳθυμήσωσιν,
936 4678 1011 4743 ὡς
1046 4678 1242 4747 ἀδήλου
1265 4678 1430 4749 οὔσης
1454 4678 1553 4747 τῆς
1605 4695 1698 4731 κο-

131 4776 354 4839 λάσεως,
381 4772 681 4839 προτίθησι
706 4774 798 4822 καὶ
832 4772 899 4823 τὰ
926 4770 1019 4822 τοῦ
1044 4770 1315 4840 σώματος.
1350 4770 1431 4823 Τὰ
1457 4770 1565 4841 γὰρ
1595 4772 1695 4839 ἐμ-

134 4866 464 4932 φανέστερα.
504 4863 704 4930 μᾶλλον
731 4863 1118 4931 καταπλήττει.

201 5040 301 5091 Καὶ
330 5038 601 5105 κριτικὸς
628 5039 1015 5108 ἐνθυμήσεων
1040 5042 1137 5095 καί
1159 5041 1407 5095 ἐννοιῶν
1432 5042 1541 5110 τῆς
1563 5059 1701 5111 καρ-

134 5130 278 5195 δίας.
308 5132 425 5199 Τὴν
458 5130 689 5200 Θεότητα
723 5132 957 5185 ἐνταῦθα
984 5134 1133 5202 δηλοῖ
1172 5134 1266 5187 τοῦ
1312 5134 1507 5202 Λόγου.
1559 5134 1696 5186 Θεοῦ

136 5224 237 5290 γὰρ
260 5224 321 5274 τι)
343 5223 686 5290 ἀνακρίνειν,
719 5224 1016 5289 τουτέστιν,
1039 5224 1251 5287 ἐτάζειν
1284 5226 1327 5255 ⁷⁸
1357 5225 1450 5277 καὶ
1496 5223 1697 5278 εἰδέναι

137 5314 228 5374 τὰς
253 5312 611 5380 ἐνθυμήσεις.
642 5311 893 5373 Ἐτείζων
938 5315 1064 5383 γὰρ,
1098 5314 1250 5383 φησὶ,
1297 5313 1543 5382 καρδίας
1600 5313 1697 5366 καὶ

140 5406 394 5469 νεφροὺς
423 5409 456 5457 ό
492 5406 654 5469 Θεός.

206 5588 226 5617 ⁸
252 5585 397 5640 Psal.
418 5600 519 5649 vn,
544 5585 630 5639 10.

1808 4681 2003 4735 animm
2034 4681 2123 4735 hic
2151 4682 2483 4736 mentimth
2524 4680 2665 4746 lleri,
2709 4688 2983 4749 torpeant,
3021 4693 3369 4748 eeupmnattt

1807 4778 2070 4829 incertam
2095 4784 2218 4824 esse
2246 4772 2549 4839 cogitantes
2569 4811 2584 4836 ,
2626 4771 2883 4838 proponit
2909 4769 3070 4824 etiam
3095 4784 3215 4838 quat
3240 4779 3369 4824 sunt

1809 4860 2077 4928 corporis.
2117 4859 2246 4925 Qua:
2278 4861 2422 4935 enim
2467 4860 2844 4915 manifestiora
2880 4869 3029 4927 sunt,
3079 4861 3252 4930 magis
3294 4858 3373 4914 fee

1812 4946 1977 4999 riunt.

1883 5034 1953 5087 Et
1994 5036 2252 5091 discretor
2283 5041 2661 5108 cogitationum
2703 5050 2749 5093 et
2782 5040 3125 5095 intentionttm
3173 5040 3368 5091 cordis.

1807 5121 2153 5179 Divinitatem
2181 5124 2341 5181 Verbi
2372 5127 2458 5181 hic
2488 5126 2682 5181 innuit.
2714 5125 2805 5179 Dei
2832 5129 2976 5181 enim
3010 5125 3369 5194 estjudicare.

1808 5216 1911 5270 ltoc
1943 5230 2047 5283 est,
2080 5218 2367 5288 explorare
2393 5234 2470 5282 ac_
2504 5220 2722 5275 novisse
2770 5218 3153 5289 oOgita-tiones.
3208 5216 3367 5270 8m:-

1813 5312 1930 5360 tans
1957 5308 2125 5375 enim,
2161 5308 2357 5380 inquit,
2381 5310 2543 5364 corda
2567 5320 2617 5365 et
2643 5326 2790 5366 renes
2820 5308 2982 5365 Deus.

1471 5680 1663 5740 Varia
1699 5680 2027 5742 lectiones.

208 5787 249 5818 "
283 5784 555 5846 ἐξετάζειν
579 5797 655 5835 m.

424 5878 697 5936 ΡΑτιιοι..
750 5873 865 5929 Gn.
913 5871 1071 5928 CXX
1089 5869 1155 5924 V.
