4154 6440
786 396 891 457 235

1665 391 2238 451 'I‘IIEOPHYLACTI
2291 390 2691 453 BUI.G.\RL’E
2732 397 2772 452 Λ
2786 396 2933 456 RClI
2947 398 2961 454 l
2975 399 3087 457 ΕΡ.

3906 408 4012 471 ἓῶ

862 512 1023 566 Vnus.
1064 512 1145 563 15.
1180 508 1243 562 lit
1278 524 1377 560 non
1417 516 1491 558 cst
1525 507 1634 557 ιιίίιι
1683 516 1925 557 rrcntura
1968 505 2247 559 inrisibilis
2296 504 2332 555 it

2529 506 2636 560 Kal
2673 509 2783 562 οὐκ
2834 510 2963 563 ἐστι
3001 512 3195 575 κτίσις
3249 512 3486 579 ἀφανὴς
3533 513 3786 567 ἐνώπιον
3811 520 4021 572 αὑτοῦ.

786 617 1058 667 conspectu
1081 603 1214 671 cjus.
1251 599 1364 651 Non
1399 600 1596 660 solum,
1640 598 1831 664 inquit,
1867 596 2145 649 hominum
2184 594 2348 648 corda

2454 600 2527 652 Οὐ
2558 600 2738 668 μόνον,
2774 604 2960 668 φησὶν,
2995 603 3295 673 ἀνθρώπιον
3333 606 3511 668 ἐτάζει
3545 610 3635 659 καὶ
3666 610 3862 679 ἐρευνᾷ
3890 630 4018 680 καρ-

785 698 1033 765 explorat
1066 706 1116 747 et
1156 699 1453 749 scrutatur.
1487 703 1671 741 verum
1700 686 1914 739 etiamsi
1951 684 2174 754 angelos
2196 684 2332 737 dicat

2450 690 2588 754 δίας,
2631 692 2767 745 ἀλλά
2810 693 2912 746 κᾶν
2942 694 3228 762 ἀγγέλους,
3267 695 3369 748 κᾶν
3413 699 3784 765 ἀρχαγγέλους
3810 702 3873 765 ⁷⁸,
3918 705 4020 754 κᾶν

786 798 836 840 et
868 783 1240 852 archangelus.
1287 789 1339 833 ct
1369 778 1685 841 Cherubim,
1717 788 1769 830 ct
1812 775 2117 845 Scrapliim,
2164 774 2347 827 oinniu

793 878 868 930 illi
906 883 1033 929 sunt
1068 873 1374 943 νει-πρίονα.
1406 868 1547 922 Nihil
1590 882 1673 923 est
1701 868 1844 937 quod
1877 868 2093 921 oculum
2117 866 2233 933 ejus
2264 866 2345 917 ln-

783 981 897 1023 tere
937 969 1104 1038 passu

854 1062 1047 1116 Omnia
1082 1068 1254 1111 autem
1288 1063 1409 1108 sunt
1441 1055 1582 1106 nuda
1609 1063 1656 1106 et
1688 1061 1870 1120 aperta
1903 1052 2069 1103 oculis
2102 1050 2234 1118 ejus.
2275 1047 2345 1102 Ut

781 1152 982 1203 (larius
1039 1145 1325 1215 patefaciat
1381 1142 1653 1211 quomodo
1706 1143 1815 1195 sint
1852 1139 2034 1192 omnia
2091 1138 2233 1191 nuda
2291 1146 2344 1191 ct

781 1253 964 1310 aperta
999 1253 1182 1293 coram
1214 1237 1323 1289 Deo
1356 1233 1551 1297 Verbo,
1579 1232 1816 1286 dictione
1843 1245 1976 1286 usus
2001 1238 2084 1284 est
2113 1244 2210 1299 per
2231 1243 2342 1280 me-

779 1333 1058 1401 taphoram
1084 1335 1353 1394 sumptam
1389 1326 1460 1378 ali
1504 1323 1697 1378 ovibus
1720 1321 1919 1390 quibus
1959 1319 2112 1389 pellis
2137 1326 2222 1372 est
2250 1316 2342 1369 de-

779 1436 970 1477 tracta.
1005 1420 1136 1473 Nam
1161 1421 1302 1474 sicut
1331 1417 1436 1472 illis
1463 1416 1517 1469 in
1547 1414 1814 1468 cervicem
1849 1410 2199 1480 resupinatis,
2227 1408 2343 1463 sive

778 1517 1011 1568 tmllt‘tlllt
1046 1528 1142 1581 per
1182 1510 1442 1564 cervicem
1479 1504 1889 1575 recipientibus,
1930 1512 2093 1572 atque
2125 1500 2341 1571 jugula-

777 1608 866 1668 tis,
898 1606 1140 1657 detracta
1193 1598 1389 1652 dehinc
1422 1597 1561 1666 pelle
1601 1595 1781 1649 omnia
1818 1594 2075 1648 interiora
2098 1591 2342 1646 revelan-

778 1706 866 1748 tur
902 1713 915 1749 :
949 1695 1027 1748 sie
1053 1700 1106 1747 et
1134 1691 1243 1745 Deo
1273 1697 1467 1742 cuncta
1494 1694 1623 1740 sunt
1644 1686 1951 1753 perspicua.
1980 1683 2212 1748 Quidam
2240 1697 2339 1735 au-

778 1797 905 1851 tem,
929 1779 1414 1854 τετραχηλισμένα,
1429 1784 1748 1832 ornamenta
1771 1791 1835 1828 ex
1861 1774 2022 1840 collo,
2044 1774 2125 1828 vel
2156 1774 2337 1842 potius

776 1879 842 1931 de
887 1839 1349 1943 collo.pe‘n.dcntia
1385 1870 1788 1924 intellexerunt.
1846 1867 1949 1919 Alii
1982 1839 2184 1930 autem,
2241 1881 2333 1917 τε·
2366 1839 2411 1900 Β

772 1966 1204 2039 τραχηλισμένα,
1243 1978 1361 2033 pro,
1404 1962 1551 2015 liumi
1587 1960 1903 2030 spectantia,
1935 1958 2175 2027 adeoque
2220 1972 2338 2011 cer-

777 2062 948 2112 \‘icem
971 2056 1284 2111 inclinantia
1310 2060 1659 2123 acceperunt,
1691 2065 1755 2105 eo
1796 2049 1940 2119 quod
1972 2064 2080 2102 non
2115 2055 2335 2118 possent

775 2151 939 2221 figere
967 2149 1158 2203 oculos
1190 2148 1244 2201 in
1292 2146 1518 2216 gloriam
1548 2144 1747 2213 judicis
1784 2152 1838 2197 et
1869 2141 1960 2196 Dei
1993 2141 2162 2196 nostri
2204 2140 2331 2195 .lcsu

772 2240 999 2295 Christi.
1032 2239 1114 2292 'l‘u
1156 2252 1282 2291 vero
1318 2251 1551 2306 pr.muni
1576 2235 1924 2301 amplectere.

840 2333 924 2384 Ad
944 2346 1093 2399 quem
1146 2329 1293 2382 nobis
1331 2342 1524 2381 sermo.
1568 2325 1696 2396 Ipsi,
1742 2324 1938 2394 inquit,
1966 2338 2190 2393 operum
2238 2337 2332 2376 no-

771 2434 1009 2479 strorum
1042 2422 1307 2476 rationem
1353 2421 1580 2474 reddere
1614 2419 1895 2474 debemus.
1932 2416 2331 2471 Animadvertis

770 2518 1042 2587 quomodo
1073 2529 1184 2570 rem
1223 2512 1387 2585 674
1414 2510 1864 2582 esaggcraverit?
1907 2509 1985 2565 Ne
2016 2510 2160 2565 enim
2202 2524 2325 2564 cum

769 2611 950 2674 audis,
985 2608 1050 2662 In
1098 2607 1274 2661 eodem
1327 2604 1559 2673 exemplo
1599 2602 2004 2664 incredulitatis,
2047 2600 2330 2654 arbitreris

766 2698 1014 2755 eamdem
1048 2712 1264 2768 pmnam
1297 2710 1421 2751 esse
1442 2703 1496 2749 ct
1524 2695 1679 2749 nobis
1696 2705 1747 2749 et
1782 2692 2065 2757 lsraelilis,
2091 2691 2327 2747 ostendit

767 2803 863 2857 per
885 2787 1019 2853 lucc,
1051 2792 1237 2841 nostra
1271 2784 1430 2853 longe
1476 2796 1596 2837 esse
1631 2780 1997 2836 liorribiliora.

833 2970 995 3025 \‘Ens.
1030 2968 1119 3021 14.
1168 2964 1431 3021 Habentes
1480 2966 1643 3037 igitur
1695 2965 2003 3032 Ponti/irem
2058 2979 2326 3033 magnum,

763 3067 1158 3137 quipenetravit
1199 3065 1376 3129 talos,
1419 3060 1601 3114 Jesum
1636 3055 1835 3109 Filium
1884 3056 2003 3109 Dei.
2031 3055 2197 3120 Quasi
2230 3057 2329 3107 uli-

2450 783 2729 853 Χερουϐὶμ
2757 784 2848 836 καὶ
2895 786 3165 856 Σεραςιλμ,
3197 786 3374 840 πάντα
3415 787 3546 854 δῆλά
3604 791 3749 843 ἐστιν
3780 794 4015 860 ,ἐκείνῳ.

2452 870 2619 923 Οὐδέν
2643 873 2792 925 ἐστιν
2823 872 2851 924 δ
2890 873 3068 926 λαθεῖν
3104 875 3310 927 ἐκείνου
3348 875 3440 928 τὸν
3463 877 3737 948 ὀφθαλμὸν
3768 880 4013 937 δύναται.

2518 1056 2722 1109 Πάντα
2768 1056 2839 1109 δὲ
2897 1058 3092 1126 γυμνὰ
3159 1058 3255 1109 καί
3313 1062 3829 1130 τετραχηλισμένα
3892 1066 4020 1130 τοῖς

2445 1147 2774 1217 ὀφθαλμοῖς
2810 1149 3020 1202 αὑτοῦ.
3058 1150 3175 1203 “Iv:
3206 1150 3595 1223 ἐναργέστερον
3654 1154 3866 1224 δηλώσῃ
3897 1158 4017 1218 πῶς

2444 1240 2549 1291 είσι
2584 1240 2759 1292 πάντα
2793 1240 2977 1308 γυμνά
2999 1241 3092 1293 καὶ
3125 1244 3335 1313 φανερά
3363 1242 3597 1297 ἐνώπιον
3620 1246 3715 1298 τοῦ
3742 1247 3877 1299 Θεοῦ
3911 1250 4013 1300 Δι’-

2442 1346 2564 1397 γου,
2602 1332 2741 1397 λέξει
2777 1334 3049 1402 ἐχρήσατο
3076 1334 3181 1386 ἀπὸ
3213 1338 3527 1406 μεταφορᾶς
3577 1338 3685 1390 τῶν
3722 1338 4018 1410 ὲκδερομέ-

2443 1439 2548 1474 νων
2574 1423 2882 1491 προϐάτων.
2909 1425 3244 1495 Ὥσπεργὰρ
3267 1427 3489 1479 ἐκείνων
3518 1429 4010 1497 τραχηλιτθέντων,

2443 1516 2559 1585 ᾕτοι
2589 1516 2729 1567 κατά
2769 1517 2865 1569 τοῦ
2911 1518 3189 1587 τραχήλου
3216 1518 3314 1586 τὴν
3378 1518 3656 1588 μάχαιραν
3699 1520 4012 1590 δεξαμένων

2442 1607 2538 1659 καὶ
2567 1605 2900 1673 σφαγέντων,
2934 1609 3071 1676 μετά
3110 1607 3171 1659 τὸ
3227 1607 3660 1679 καθελκυσθῆναι
3709 1610 3771 1662 τὸ
3830 1600 4012 1681 δέρμα

2441 1697 2618 1750 πάντα
2650 1699 2744 1750 καὶ
2774 1695 2842 1750 τά
2867 1698 3016 1750 ἔνδον
3067 1698 3469 1753 ἑκκαλύπτεται
3505 1741 3519 1765 ,
3577 1700 3719 1753 οὕτω
3775 1703 3870 1755 καὶ
3928 1702 4012 1770 τῷ

2439 1785 2559 1854 Θεῷ
2588 1787 2761 1840 πάντα
2784 1787 2941 1857 δῆλα.
2976 1789 3130 1869 Τινὲς
3162 1788 3241 1854 δὲ,
3268 1791 3758 1860 τετραχηλισμένα,
3806 1791 3875 1845 τὰ
3941 1794 4009 1844 ὲκ

2439 1874 2534 1928 τοῦ
2595 1877 2889 1947 τραχήλου,
2942 1878 2974 1948 ἢ
3008 1879 3208 1948 μᾶλλον
3235 1880 3375 1933 κατά
3419 1879 3514 1932 τοῦ
3542 1881 3813 1950 τραχήλου
3872 1899 4010 1951 κρε·

2445 1966 2664 2035 μάμενα
2682 1967 2932 2037 ἐνόησαν.
2957 1968 3140 2022 ’Δλλοι
3159 1969 3236 2033 δὲ,
3253 1969 3740 2039 τετραχηλισμένα,
3761 1972 3831 2024 τὰ
3854 1973 4012 2026 κάτω

2438 2058 2733 2124 κύπτοντα,
2764 2059 2856 2111 καὶ
2882 2059 2974 2112 τὸν
3001 2060 3273 2130 τράχηλον
3321 2063 3739 2126 ὑποκεκλικότα,
3807 2064 3897 2117 διὰ
3947 2066 4012 2116 τὸ

2439 2149 2514 2218 μὴ
2557 2150 2763 2219 ίσχύειν
2792 2150 3120 2220 ἀτενίσαιτῇ
3173 2151 3299 2221 δόξῃ
3342 2153 3439 2204 τοῦ
3469 2153 3657 2222 κριτοῦ
3722 2154 3817 2207 καὶ
3864 2154 4008 2208 Θεοῦ

2436 2240 2593 2309 ἡμῶν
2644 2240 2818 2310 Ἰησοῦ
2846 2240 3099 2311 Χριστοῦ.
3124 2241 3195 2295 Σὺ
3220 2242 3276 2295 δὲ
3309 2242 3370 2294 τὸ
3389 2243 3601 2313 πρῶτον
3629 2244 3798 2310 δέξαι.

2508 2330 2664 2399 Πρὸς
2688 2333 2760 2385 ὃν
2790 2333 2932 2401 ἡμῖν
2960 2336 2994 2387 d
3027 2334 3229 2403 λόγος.
3297 2333 3477 2404 Αὐτῷ,
3520 2336 3673 2405 φησι,
3734 2334 4008 2405 μέλλομεν

2433 2425 2615 2478 δοῦναι
2638 2428 2763 2489 τοὺς
2780 2426 2972 2495 λόγους
3002 2429 3096 2479 καὶ
3134 2427 3233 2489 τὰς
3249 2426 3481 2489 εὐθύνας
3510 2426 3617 2479 τῶν
3672 2428 4005 2495 πεπραγμέ⁹

2434 2533 2559 2569 νων.
2606 2511 2769 2587 Ὀρᾷς
2825 2517 2930 2569 ποῦ
2977 2515 3295 2587 ἐκορύφωσε
3324 2518 3385 2569 τὸ
3416 2518 3689 2587 πρᾶγμας
3721 2516 3837 2569 Ἰνα
3889 2516 4004 2585 γὰρ

2437 2608 2511 2676 μὴ
2572 2606 2831 2671 ἀκούσας,
2857 2607 2941 2660 ὅτι
2990 2608 3097 2661 Ἔν
3129 2606 3210 2671 τῷ
3254 2604 3416 2670 αὐτῷ
3462 2605 3847 2675 ὑποδείγματι
3888 2602 4006 2674 τῆς

2432 2698 2753 2762 ἀπειθείας,
2779 2698 3004 2769 νομίσῃς
3032 2697 3131 2765 τὴν
3159 2696 3329 2766 αὐτὴν
3358 2696 3578 2749 κόλασιν
3624 2697 3718 2750 καὶ
3745 2698 3880 2765 ἡμῖν
3905 2699 4006 2749 καὶ

2431 2792 2541 2853 τοῖς
2608 2787 2971 2859 Ἰσραηλίταις
3021 2782 3180 2851 εἶναι,
3236 2786 3477 2839 δείκνυσι
3536 2785 3624 2837 διὰ
3652 2784 3883 2847 τούτων,
3914 2786 3998 2846 ὡς

2431 2879 2611 2948 πολλῷ
2637 2880 2968 2949 φρικτότερα
2996 2878 3066 2932 τὰ
3092 2878 3359 2948 ἡμέτερα.
3750 2923 3755 2927 .

2503 2973 2781 3040 Ἔχοντες
2834 2968 2950 3028 οὖν
2992 2972 3267 3042 ἀρχιερέα
3313 2974 3541 3040 μέγαν,
3603 2971 4007 3039 διεληλυθότα

2430 3066 2570 3131 τοὺς
2623 3066 2938 3135 οὴρανοὺς,
3002 3068 3248 3133 Ἰησοῦν
3296 3066 3404 3119 τὸν
3468 3067 3603 3120 Υιδν
3649 3066 3755 3121 τοῦ
3811 3067 3990 3121 Θεοῦ.

763 3160 886 3228 quis
910 3163 1289 3229 intcrrOgaret,
1314 3156 1387 3209 Da
1422 3153 1587 3221 igitur
1624 3150 1783 3204 nobis
1800 3148 2111 3209 consilium,
2135 3155 2190 3199 ut
2228 3162 2322 3199 ne-

2429 3156 2639 3226 Ὥσπερ
2661 3158 2803 3221 τινος
2833 3158 3230 3227 ἐρωτήσαντος,
3267 3157 3392 3219 Πῶς
3447 3152 3540 3210 οῦν
3593 3156 3668 3227 μὴ
3716 3158 4005 3227 πέσωμεν,

762 3268 867 3322 que
897 3252 1178 3314 cadamus,
1212 3264 1385 3318 neque
1414 3246 1800 3313 desperemus:
1825 3239 2105 3304 Poterant,
2130 3239 2325 3308 inquit,

761 3360 825 3399 ca
882 3360 1003 3413 qum
1038 3344 1179 3397 dicta
1210 3348 1339 3397 sunt
1370 3339 1587 3393 erudire
1616 3352 1716 3390 nos
1765 3348 1873 3401 pra:
1907 3336 2122 3396 timore,
2166 3340 2327 3400 atque

762 3436 1071 3491 securiores
1119 3432 1347 3487 reddere
1380 3448 1393 3483 :
1433 3443 1615 3481 verum
1655 3429 1932 3480 enimvero
1973 3434 2164 3494 praeter
2214 3422 2328 3476 haec

764 3539 995 3594 magnus
1024 3531 1107 3578 est
1136 3523 1293 3577 nobis
1333 3518 1605 3582 Pontifex,
1636 3519 1726 3586 qui
1773 3516 1931 3569 nobis
1969 3531 2091 3569 csse
2125 3514 2326 3567 auxilio

761 3624 949 3686 queat,
975 3615 1021 3669 si
1053 3613 1211 3667 modo
1238 3622 1523 3666 teneamus
1554 3607 1978 3662 confessionem.
2023 3603 2141 3657 Non
2181 3605 2323 3656 enim

760 3714 844 3761 est
900 3719 1103 3776 parvus
1153 3711 1209 3756 et
1251 3699 1491 3769 vulgaris
1562 3696 1879 3767 quispiam,
1945 3694 2038 3748 sed
2094 3708 2324 3763 magnus

762 3809 816 3853 et
844 3796 1182 3868 pra-clarus:
1220 3792 1389 3850 Filius
1444 3792 1588 3844 enim
1626 3788 1719 3841 Dei
1766 3794 1869 3841 est.
1903 3784 2014 3840 Nec
2041 3785 2165 3838 talis
2218 3792 2321 3848 est,

760 3888 937 3957 qualis
982 3885 1180 3941 Moses.
1216 3884 1310 3939 llle
1357 3882 1500 3938 enim
1541 3895 1714 3950 neque
1764 3881 1880 3949 ipse
1928 3878 2207 3948 ingressus
2239 3884 2323 3932 est

760 3981 815 4034 in
842 3980 1105 4049 requiem,
1137 3990 1313 4045 neque
1350 3973 1611 4045 populum
1652 3970 1972 4035 introduxit;
2005 3970 2108 4024 iste
2140 3977 2319 4023 autem

760 4072 927 4125 caelos
946 4067 1315 4139 pertransiens
1337 4064 1585 4120 considet
1608 4063 1747 4131 apud
1774 4063 2011 4124 Patrem,
2036 4068 2322 4131 potestque

763 4162 920 4215 nobis
968 4162 1021 4213 in
1052 4158 1223 4213 cmlos
1271 4156 1583 4224 ingressum
1629 4153 1781 4217 dare,
1839 4158 2002 4223 atque
2041 4150 2320 4221 promissae

760 4254 962 4323 quietis
989 4250 1229 4305 haeredes
1255 4246 1452 4303 facere.

830 4341 1117 4396 Teneamus
1147 4338 1547 4408 confusionem.
1574 4335 1696 4390 Non
1725 4344 1898 4390 totum
1935 4335 2177 4404 pontiﬁci
2220 4334 2318 4387 tri-

759 4433 895 4499 buit,
920 4446 1109 4487 verum
1130 4431 1294 4486 etiam
1327 4437 1513 4483 nostra
1544 4426 1773 4497 requirit
1812 4444 1827 4481 :
1853 4434 2028 4497 potest
2066 4426 2314 4496 equidem

762 4525 872 4588 ille,
905 4525 998 4580 sed
1030 4523 1077 4578 si
1124 4538 1227 4577 nos
1257 4521 1421 4577 etiam
1450 4520 1596 4592 digni
1633 4520 1914 4575 fuerimus.
1947 4519 2169 4586 Qualem
2215 4536 2314 4573 au-

758 4624 866 4671 tem
898 4615 1298 4671 confessionem
1329 4615 1419 4667 hic
1464 4612 1633 4668 dicit?
1662 4612 1816 4679 Quod
1856 4620 1940 4668 est
1990 4614 2316 4667 resurrectio

756 4707 989 4771 scilicet,
1021 4705 1168 4776 quod
1198 4704 1509 4770 retributio,
1546 4703 1690 4775 quod
1720 4705 2004 4759 innumera
2052 4706 2162 4758 sint
2206 4705 2315 4758 illic

758 4797 993 4864 reposita
1018 4798 1182 4862 bona,
1211 4796 1355 4865 quod
1390 4794 1645 4853 Christus
1676 4797 1748 4850 sit
1795 4794 1959 4851 Deus.
1999 4794 2148 4849 llanc
2178 4799 2311 4849 con-

757 4880 1047 4939 fessionem
1072 4893 1375 4949 teneamus,
1407 4901 1585 4956 neque
1607 4887 1850 4942 sinamus
1880 4889 2051 4954 ipsam
2076 4885 2314 4941 defluere

754 4990 785 5029 a
817 4976 973 5030 nobis
1004 4992 1017 5028 :
1048 4991 1236 5030 verum
1268 4991 1389 5046 quas
1424 4975 1663 5031 confessi
1718 4992 1910 5032 sumus
1946 4978 1999 5031 in
2042 4977 2312 5048 principio

758 5066 904 5130 fidei,
937 5067 1049 5121 haec
1071 5066 1300 5121 ﬁrmiter
1330 5067 1686 5132 retineamus,
1712 5082 1775 5122 ac
1804 5076 1915 5122 tuin
1938 5068 2115 5122 omnia
2149 5070 2311 5122 terri-

758 5157 885 5211 bilia
925 5173 1143 5227 pessum
1179 5159 1353 5213 ibunt.

825 5246 990 5304 Vsus.
1041 5249 1130 5305 l5.
1164 5249 1287 5304 Non
1311 5253 1449 5305 enim
1478 5252 1726 5308 habemus
1760 5254 2057 5322 pontiﬁcem
2083 5255 2173 5323 qui
2206 5270 2307 5307 non

752 5341 915 5402 possit
942 5342 1168 5410 compati
1190 5342 1585 5411 inﬁrmitatibus
1608 5348 1826 5400 nostris.
1860 5348 2178 5402 Admonens
2210 5362 2305 5403 eos

750 5440 808 5483 ut
843 5429 1137 5495 conﬁdant,
1161 5434 1393 5486 orationi
1419 5450 1528 5488 sua:
1553 5435 1705 5490 fidem
1727 5437 1997 5499 conciliat,
2031 5439 2301 5508 inquiens:

750 5519 868 5576 Non
894 5531 977 5577 est
1015 5522 1257 5591 pontifex
1287 5527 1379 5595 qui
1412 5537 1597 5584 nostra
1651 5531 1880 5599 ignoret,
1919 5532 2109 5602 quales
2145 5533 2300 5587 multi

2433 3249 2566 3317 μηδὲ
2585 3248 3089 3319 ὀλιγοψυχήσωμεν,
3145 3248 3547 3318 συμϐούλευσαι
3591 3250 3722 3317 ἡμῖν
3764 3265 3778 3280 ο
3830 3252 4009 3319 φησὶν

2428 3340 2509 3392 ὃτι
2550 3340 2733 3393 Ὶκανά
2769 3341 2868 3407 μὲν
2899 3342 2994 3394 καὶ
3023 3340 3092 3393 τὰ
3121 3340 3351 3410 ρηθέντα
3399 3338 3687 3393 παιδεῦσαι
3729 3341 3878 3408 ἡμᾶς
3922 3341 4007 3408 τῷ

2430 3428 2599 3499 φόϐῳ,
2641 3431 2735 3481 καὶ
2766 3429 3205 3500 ἀσφαλεστέρους
3236 3430 3460 3498 ποιῆσαι
3495 3445 3509 3458 ·
3546 3429 3687 3499 πλὴν
3728 3431 3868 3483 ἀλλά
3903 3435 4007 3483 καὶ

2441 3521 2726 3590 Ὰρχιερία
2756 3518 2977 3589 ἔχομεν,
3007 3519 3305 3589 δυνάμενον
3340 3518 3605 3589 βοηθῆσαι
3639 3522 3793 3590 ἡμῖν,
3830 3522 4011 3589 μόνον

2426 3610 2522 3663 ἐὰν
2586 3610 2880 3680 κρατῶμεν
2928 3611 3025 3680 τῆς
3073 3611 3381 3681 ὁμολογίας·
3426 3611 3489 3663 ού
3524 3611 3631 3681 γάρ
3655 3615 3768 3663 ἐστι
3799 3612 4011 3679 μικρὸς

2426 3704 2519 3755 καὶ
2549 3703 2579 3755 ὁ
2606 3700 2803 3772 τυχὼν,
2836 3703 2971 3756 ἀλλά
3002 3702 3173 3771 μέγας
3195 3718 3210 3734 ο
3237 3704 3267 3755 ὁ
3290 3702 3416 3764 Υίδς
3447 3702 3556 3771 γὰρ
3580 3701 3674 3753 τοῦ
3704 3701 3863 3754 Θεοῦ.
3884 3704 4009 3754 Καὶ

2423 3795 2482 3847 οὐ
2500 3792 2757 3858 τοιοῦτος,
2780 3788 2890 3857 οἷος
2918 3793 3175 3863 Μωῦσῆς.
3220 3793 3455 3855 Ἐκεῖνος
3487 3792 3585 3862 μὲν
3612 3792 3720 3861 γὰρ
3743 3791 3869 3844 οὔτε
3900 3795 4010 3845 αὑ-

2422 3886 2513 3949 τὸς
2541 3885 2786 3957 εἰσῆλθεν
2808 3887 2886 3947 είς
2915 3885 3014 3956 τὴν
3038 3885 3406 3949 κατάπαυσιν,
3425 3883 3547 3937 οὔτε
3588 3884 3679 3936 τὸν
3699 3884 3825 3937 λαὸν
3882 3887 4009 3937 εἰσ-

2422 3978 2626 4049 ήγαγεν
2660 3994 2675 4008 ·
2702 3968 2858 4039 οὗτος
2895 3976 2950 4029 δὲ
2979 3976 3302 4046 διεληλυθὼς
3341 3978 3466 4039 τοὺς
3520 3976 3815 4046 οὐρανοὺς,
3870 3994 4008 4029 cev-

2421 4068 2660 4137 εδριάζει
2683 4066 2762 4135 τῷ
2787 4067 2979 4134 Πατρὶ,
3010 4067 3103 4118 καὶ
3138 4066 3361 4117 δύναται
3392 4066 3521 4133 ἡμῖν
3562 4064 3659 4133 τὴν
3691 4066 3770 4126 είς
3824 4066 4010 4136 ούρα-

2420 4162 2542 4221 νοίρς
2570 4157 2773 4210 εἴσοδον
2795 4156 3000 4220 δοῦναι,
3035 4157 3127 4209 καὶ
3149 4156 3249 4224 τῆς
3296 4157 3354 4208 ὲν
3409 4154 3763 4223 ἐπαγγελίαις
3822 4174 4011 4209 κατα-

2420 4248 2676 4311 παύσεως
2707 4248 3079 4317 κληρονόμους
3108 4246 3353 4315 ποιῆσαι.

2488 4336 2803 4407 Κρατῶμεν
2832 4334 2941 4402 τῆς
2961 4336 3302 4404 ὁμολογίας.
3372 4333 3446 4386 Οὐ
3466 4333 3647 4386 δίδωσι
3678 4332 3739 4386 τὸ
3772 4335 3883 4386 πᾶν
3911 4337 4005 4405 τῷ

2350 4480 2392 4534 D
2417 4431 2684 4501 ἀρχιερεῖ,
2714 4427 2851 4484 ἀλλά
2876 4429 2971 4482 καὶ
3003 4426 3074 4478 τά
3096 4424 3223 4494 παρ’
3245 4424 3401 4495 ἡμῶν
3428 4422 3699 4493 ἐπιζητεῖ.
3752 4426 4001 4478 Δύναται

2422 4528 2520 4594 μὲν
2566 4525 2674 4592 γὰρ
2722 4524 2948 4585 ἐκεῖνος,
3002 4519 3121 4573 ἀλλ’
3166 4518 3260 4571 ὲάν
3311 4518 3405 4571 καὶ
3432 4519 3593 4588 ἡμεῖς
3626 4518 3763 4581 ἄξιοι
3809 4512 3999 4588 ὦμεν.

2420 4616 2586 4668 Ποίαν
2616 4614 2672 4667 δὲ
2700 4612 2993 4679 ὁμολογίαν
3016 4610 3255 4665 ἐνταῦθα
3283 4609 3428 4676 λέγει
3464 4626 3479 4675 ;
3520 4611 3641 4661 Ὅτι
3685 4610 3996 4674 ἀνάστασίς

2417 4709 2553 4768 ἐστι,
2588 4704 2669 4757 ὅτι
2732 4703 3022 4767 ἀντίδοσις,
3068 4699 3150 4753 δτι
3201 4698 3367 4769 μυρία
3427 4696 3607 4765 ἀγαθά
3672 4698 3808 4760 ἐκεῖ,
3842 4699 3929 4750 ὃτι
3967 4704 4000 4751 ὀ

2417 4799 2646 4868 Χριστὸς
2670 4794 2957 4855 Θεόςὲστι.
2993 4791 3211 4862 Ταύτης
3258 4791 3357 4859 τῆς
3411 4789 3702 4859 ὁμολογίας
3767 4792 3999 4858 κρατῶ-

2419 4907 2537 4957 μεν,
2566 4887 2641 4956 μὴ
2673 4885 2855 4955 ,ἐῶμεν
2879 4884 3050 4955 αὐτὴν
3087 4882 3434 4954 ἀπορρυῆναι
3463 4882 3619 4950 ἡμῶν
3654 4897 3667 4909 ·
3693 4881 3807 4933 ἀλλ’
3836 4883 3999 4951 ἅπερ

2414 4983 2846 5051 ὡμολογήσαμεν
2872 4980 2930 5030 ὲν
2950 4978 3094 5046 ἀρχῇ
3127 4977 3227 5045 τῆς
3258 4974 3510 5037 πίστεως,
3542 4973 3714 5026 ταῦτα
3746 4973 3997 5043 βεϐαίως

2414 5070 2908 5142 παρακατέχωμεν,
2940 5069 3036 5121 καὶ
3068 5067 3244 5119 πάντα
3268 5067 3337 5119 τά
3365 5064 3569 5136 φοσερὰ
3601 5064 3910 5133 οἰχήσεται.

2476 5261 2557 5311 Οὐ
2586 5256 2695 5325 γὰρ
2724 5257 2943 5323 ἔχομεν
2979 5246 3256 5322 ἀρχιερέα
3299 5249 3384 5319 μὴ
3439 5248 3780 5316 δυνάμενον
3819 5264 3995 5316 συμ-

2413 5348 2679 5417 παθῆσαι
2700 5348 2829 5414 ταῖς
2867 5347 3205 5410 ἀσθενείαις
3242 5342 3428 5412 ἡμῶν.
3486 5338 3825 5410 Παρακαλιῖη
3877 5340 3995 5391 αν)-

2411 5442 2536 5501 τοὺς
2564 5441 2706 5493 ὥστε
2733 5436 3076 5499 πεποιθέναι,
3102 5433 3413 5500 ἀξιόπιστον
3453 5428 3545 5482 τὸν
3584 5428 3742 5480 λόγον
3798 5428 3995 5479 ποιεῖ-

2411 5551 2519 5597 ται,
2541 5532 2631 5584 καί
2660 5547 2844 5601 φησιν,
2871 5530 2952 5583 ὄτι
2983 5529 3096 5582 Οὐκ
3116 5527 3263 5581 ἔστιν
3285 5527 3314 5578 ὁ
3342 5522 3629 5595 ἀρχιερεὺς
3666 5520 3882 5590 ἀγνοῶν
3909 5520 3997 5574 τὰ,

2082 5709 2283 5772 νει-ἰῶ
2328 5708 2653 5772 lectiones.

819 5798 868 5832 ’⁸
894 5802 1265 5872 ἀρχαγγέλους
1286 5804 1446 5875 εἴπῃς
1487 5822 1557 5859 Ill.
