4154 6440
125 387 226 450 εειῑ

899 380 1300 443 EXPOSITIO
1330 378 1409 442 IN
1444 382 1677 440 EPIST.
1716 380 1812 439 AD
1844 383 2231 445 l-IEiBR/EOS.
2268 409 2335 419 -·
2372 385 2528 445 CAP.
2566 387 2627 443 ν.

3283 394 3387 457 238

125 501 399 569 ἡμέτερα,
436 491 549 550 οἷον
571 498 620 548 οἱ
664 495 851 549 πολλοὶ
880 495 989 545 τῶν
1015 495 1339 563 ἀρχιερέων,
1366 493 1416 545 οἳ
1444 494 1543 545 οῦκ
1587 492 1709 543 ἴσα-

1833 501 1940 546 sunt
1992 496 2299 562 pontifices,
2330 496 2421 566 qui
2453 511 2559 548 nou
2594 504 2863 549 noverunt
2902 497 3163 566 quidnam
3200 502 3270 554 sit
3303 506 3383 555 ai-

132 610 211 644 σιν
265 590 396 643 οὐδὲ
436 590 463 641 ὅ
495 608 545 641 τι
582 589 713 640 ποτέ
750 589 863 638 ἐστι
892 585 1070 655 θλίψις
1098 598 1114 615 ⁶
1144 584 1227 635 διδ
1271 584 1392 635 οὐδὲ
1443 581 1713 653 πρόθυμοί

129 687 233 736 εἰσι
268 683 493 749 βοηθεῖν
514 681 627 742 τοῖς
656 678 997 744 θλιϐομένοις
1028 691 1041 705 ⁸
1069 675 1204 727 ἀλλὰ
1242 673 1421 727 πάντα
1447 674 1656 742 ὑπέστη
1686 674 1715 724 ὁ

130 776 402 843 ἡμέτερος
435 772 776 841 Ἀρχιερεῦς,
803 770 897 823 καὶ
945 768 1085 837 μετᾶ
1141 768 1202 819 τὸ
1240 766 1539 836 ὑποστῆναι
1593 766 1713 818 τότε.

128 866 322 932 ἁνέὁη,
359 865 448 915 ἵνα
480 862 703 931 δύνηται
729 860 1059 929 συμπαθεῖν.

197 954 696 1022 Πεπειρασμένον
718 954 786 1005 δὲ
827 953 976 1005 κατὰ
1000 951 1197 1005 πάντα
1240 951 1370 1004 καθ’
1400 951 1719 1018 ὁμοιότητα

133 1048 314 1115 χωρὶς
364 1048 679 1123 ἁμαρτίας..
724 1044 1032 1105 Τουτέστιν,
1085 1042 1339 1113 ἐδιώχθη,
1380 1039 1711 1107 ὲνεπτύσοη,

131 1136 575 1205 ἑσυκοφαντὴθη,
617 1133 891 1201 ἀπηλάθη.
945 1132 1096 1195 τέλος
1147 1130 1493 1200 ἐσταυρώθη.
1538 1130 1722 1182 Πάντα

130 1227 302 1280 ταῦτα
318 1228 493 1295 ῦπέμε
505 1244 582 1281 ινε
600 1227 719 1279 καθ’
734 1226 1027 1295 ὁμοιότητα
1037 1225 1135 1294 τὴν
1152 1226 1183 1293 ή
1194 1222 1719 1293 μετέραν,τουτέστι,

1817 583 1985 638 ﬂictio
2018 605 2031 640 ε
2064 601 2234 655 quare
2270 604 2443 656 neque
2469 587 2626 656 proni
2684 595 2813 641 sunt
2858 589 2922 641 ad
2952 593 3387 645 succurrendum

1817 675 2029 730 afﬂictis
2059 695 2070 729 :
2100 693 2284 731 verum
2313 677 2557 733 Pontifex
2590 685 2779 734 noster
2806 681 2990 733 omnia
3022 682 3283 738 sustinuit
3304 702 3316 737 :
3336 692 3389 738 et

1818 776 2105 837 postquam
2132 769 2439 835 tolerasset,
2470 778 2601 825 tunc
2629 769 2896 835 ascendit,
2928 779 2986 824 ut
3016 783 3200 841 posset
3231 775 3390 829 nobis

1818 863 2077 928 compati.

1892 951 2171 1006 Tentatum
2206 971 2322 1008 vero
2350 970 2441 1023 per
2466 957 2643 1009 omnia
2673 973 2768 1024 pro
2817 956 3166 1012 similitudine
3196 958 3391 1028 absque

1819 1052 2050 1109 peccato.
2088 1044 2200 1100 Hoc
2239 1054 2345 1111 est,
2395 1056 2829 1116 persecutionem
2882 1064 3080 1119 passus
3124 1057 3230 1113 est,
3260 1065 3392 1105 con-

1822 1144 2019 1202 sputus
2052 1144 2160 1200 est,
2190 1138 2519 1191 calumniam
2559 1138 2843 1203 sustinuit,
2876 1149 3033 1194 actus
3063 1148 3169 1205 est,
3189 1150 3242 1194 et
3271 1142 3393 1210 pul-

1826 1240 1943 1285 sus.
1997 1240 2060 1279 ac
2091 1226 2310 1279 tandem
2347 1229 2667 1283 cruciﬁxus.
2716 1228 2911 1285 Omnia
2965 1231 3080 1287 haec
3129 1232 3394 1289 sustinuit

132 1319 535 1387 παραπλησίως
564 1321 716 1386 ἡμῖν,
740 1318 909 1387 χωρὶς
939 1318 1119 1385 μέντοι
1146 1315 1439 1385 ἁμαρτίας’
1469 1312 1590 1365 οὔτε
1614 1312 1723 1382 γὰρ

1833 1332 1922 1385 pro
1965 1316 2325 1371 similitudine
2362 1327 2569 1383 nostra,
2621 1321 2723 1373 hoc
2752 1328 2856 1384 est,
2899 1321 3062 1375 simili
3104 1324 3392 1377 nobiscum

131 1410 321 1471 ἁπλῶς
359 1410 637 1479 ἁμαρτίαν
667 1410 982 1478 εἰργάσατο,
1002 1407 1126 1460 οὔτε
1164 1409 1253 1459 ὅτε
1283 1406 1457 1459 ταῦτα
1490 1404 1725 1474 ἔπασχεν

1833 1408 2055 1468 ratione.
2085 1406 2221 1463 citra
2256 1417 2435 1462 tamen
2460 1419 2761 1477 peccatum.
2785 1409 2973 1481 Neque
2997 1412 3141 1467 enim
3169 1416 3394 1470 omnino

136 1502 521 1570 ἁμαρτητικόν
545 1518 596 1552 τι
624 1502 657 1568 ἢ
689 1496 845 1552 εἶπεν
873 1500 907 1569 ἢ
936 1500 1178 1569 ἔδρασεν.
1205 1498 1367 1549 Ὥστε
1384 1495 1614 1549 δύνασθε
1633 1498 1725 1549 καὶ

1833 1509 2107 1567 peccatum
2145 1500 2292 1565 fecit,
2334 1515 2512 1570 neque
2565 1507 2689 1559 'cum
2739 1505 2853 1559 haec
2909 1516 3210 1575 pateretur,
3239 1507 3398 1577 quid-

135 1592 294 1657 ὑμεῖς
331 1594 389 1642 ὲν
421 1594 545 1651 ταῖς
572 1588 787 1656 θλίψεσι
816 1590 985 1658 χωρίς
1027 1587 1302 1656 ἁμαρτίας
1357 1587 1723 1653 διαγενέσθαι.

1833 1605 1989 1659 quam
2018 1590 2147 1645 fecit
2173 1593 2256 1647 vel
2286 1592 2424 1646 dixit
2445 1592 2589 1662 quod
2638 1605 2919 1663 peccatum
2949 1598 3235 1654 redoleret.
3286 1597 3398 1653 Ita-

138 1678 261 1741 Πῶς
293 1675 390 1731 οὖν
407 1678 704 1731 ἐκλέλυσθε
742 1679 835 1731 καὶ
892 1677 1214 1746 παρειμένοι
1266 1676 1431 1741 ὲστέ;
1472 1676 1628 1739 Τινὲς
1670 1676 1726 1728 δὲ

1833 1696 1933 1751 que
1964 1681 2196 1750 potestis
2234 1692 2290 1736 et
2335 1697 2433 1736 vos
2478 1683 2531 1736 in
2562 1682 2951 1741 ainictionibus
3001 1687 3117 1741 sine
3172 1696 3399 1757 peccato

136 1772 217 1829 τὺ,
248 1770 434 1837 χωρῖς
468 1766 987 1836 ἁμαρτίας,.οὖτως
1014 1767 1267 1834 ἐνόησαν,
1304 1767 1390 1819 ὅτι
1411 1766 1509 1835 οὐχ
1542 1768 1726 1836 ἁμαρ-

1833 1786 2197 1840 perseverare.
2229 1772 2412 1838 Quare
2464 1774 2635 1843 igitur
2663 1774 2829 1830 soluti
2878 1790 2943 1831 ac
2980 1777 3194 1832 remissi
3229 1780 3402 1833 estis?

136 1861 291 1927 τιῶν,
331 1861 494 1929 φασὶ,
518 1858 751 1912 τιννῦων
777 1858 933 1922 Siste;
960 1858 1139 1911 ταῦτα
1191 1858 1421 1927 ἔπασχε.

207 2136 682 2206 Προσερχὼμεθα
702 2129 817 2189 οὖν
845 2133 995 2203 μετὰ
1055 2136 1398 2202 παῤῥησίας
1413 2133 1493 2200 τῷ
1536 2137 1729 2204 θρόνῳ

138 2228 246 2294 τῆς
275 2229 547 2296 χάριτος.
583 2228 825 2298 Ἐπειδὴ,
865 2229 1057 2297 φησὶν,
1104 2228 1490 2298 ἀναμάρτητον
1530 2230 1728 2299 ἔχομεν

152 2320 445 2388 Ἀρχεερέα
480 2318 995 2387 καταγωνισάμενον
1026 2319 1118 2370 τὸν
1178 2318 1385 2385 κόσμον
1414 2334 1428 2347 ’
1453 2319 1727 2386 Θαρῤεἷτδ

142 2413 268 2478 γὰρ,
308 2412 489 2477 φησὶν
516 2448 531 2470 ,
563 2408 677 2474 ἐγὼ
705 2409 991 2475 νενίκηκα
1028 2410 1134 2461 τὸν
1162 2411 1413 2477 κόσμον·
1440 2408 1728 2476 ὀφείλομεν

146 2500 282 2567 μετὰ
320 2499 646 2567 παρρησίας
678 2498 1103 2567 προσέρχεσθαι,
1130 2498 1399 2560 τουτέστι,
1434 2497 1512 2565 μὴ
1553 2513 1728 2548 συνει-

143 2588 226 2650 δὸς
298 2590 524 2656 ἔχοντες
558 2588 821 2655 πονηρὸν,
846 2589 879 2657 ἢ
914 2590 987 2658 μὴ
1032 2587 1400 2654 διστάζοντες,
1454 2589 1589 2641 ἀλλὰ
1632 2605 1728 2639 πε-

145 2678 396 2739 ποιθότες
430 2679 525 2729 ἐπὶ
544 2677 619 2746 τῷ
664 2677 959 2747 Ἀρχιερεῖ.
990 2680 1050 2731 Εἰ
1073 2679 1179 2747 γὰρ
1208 2680 1300 2730 καὶ
1329 2681 1491 2748 ἡμεῖς
1545 2681 1728 2748 ἁμαρ-

143 2770 260 2827 τίας
284 2769 515 2834 ἔχομεν,
539 2767 672 2819 ἀλλὰ
702 2769 862 2827 αὐτὸς
892 2769 1280 2836 ἀναμάρτητος
1327 2770 1495 2819 ἐστιν.
1564 2766 1728 2819 Ἀλλὰ

146 2861 236 2908 καὶ
281 2856 480 2923 θρόνος
530 2858 775 2925 χάριτος,
827 2858 885 2909 οὐ
952 2860 1187 2926 κρίσεως
1218 2873 1231 2887 ·
1282 2856 1421 2908 ὥστε
1475 2856 1554 2909 δεῖ
1594 2856 1731 2925 μετὰ.

148 2947 471 3015 παρρησίας
534 2946 842 3013 προσιέναι,
893 2946 1261 3014 θαρροῦντες,
1308 2946 1388 2997 ὅτι
1449 2946 1729 3017 χαρίσεται

149 3038 276 3104 ἡμῖν
304 3035 340 3089 ἃ
380 3035 704 3104 pensasse.
737 3037 842 3088 Δύο
862 3036 969 3104 γὰρ
1001 3036 1178 3105 θρόνοι
1216 3037 1376 3099 εἰσιν,
1407 3038 1436 3088 ὁ
1484 3036 1584 3103 μὲν
1634 3037 1730 3091 νῦν

1754 1830 2089 1915 BNonnulli
2146 1871 2351 1924 autem,
2417 1864 2529 1917 sine
2582 1876 2817 1930 peccato.
2848 1867 2927 1919 sic
2991 1865 3402 1935 intellexerunt,

1830 1965 2025 2019 nempe
2049 1950 2194 2020 quod
2230 1950 2343 2005 lucc
2371 1966 2567 2021 passus
2599 1954 2692 2019 sit,
2724 1968 2833 2009 non
2870 1955 3025 2009 luens
3052 1964 3401 2024 peccatorum

1829 2054 2042 2109 pinnas.

1899 2130 2062 2186 Vens.
2088 2132 2176 2187 16.
2209 2132 2472 2188 Adeamus
2492 2151 2617 2204 ergo
2662 2152 2780 2190 cum
2827 2136 3027 2203 ﬁducia
3051 2137 3122 2191 ad
3159 2137 3403 2193 thronum

1825 2216 1989 2287 675
2025 2220 2233 2285 gratim.
2284 2219 2447 2284 Quia,
2505 2221 2705 2291 inquit,
2764 2220 3086 2278 Pontiﬁcem
3134 2224 3405 2281 habemus

1830 2307 2035 2375 peccati
2070 2317 2370 2376 expertem,
2401 2309 2494 2377 qui
2543 2310 2658 2380 ipse
2707 2312 2970 2365 mundum
2995 2312 3286 2369 debellarit
3318 2327 3403 2369 at-

1826 2413 1934 2467 que
1961 2398 2223 2453 devicerit
2254 2399 2555 2467 :Con/idite
2575 2402 2743 2468 enim,
2779 2403 2974 2473 inquit,
2998 2421 3092 2475 ego
3121 2406 3221 2459 vici
3256 2423 3409 2461 mun-

1828 2491 2011 2559 dum},
2047 2491 2306 2545 debemus
2332 2493 2671 2547 cumiiducia
2706 2497 2987 2556 accedere,
3026 2497 3128 2551 hoc
3162 2506 3265 2564 est,
3296 2513 3404 2553 non

1832 2596 2052 2648 pravam
2078 2580 2281 2636 habere
2311 2582 2726 2647 conscientiam,
2755 2599 2853 2639 nec
2893 2586 3167 2645 haesitare.
3221 2588 3316 2642 sed
3351 2588 3405 2641 iu

1830 2670 2143 2726 I’outiliccm
2184 2674 2477 2730 conlidere.
2518 2674 2628 2730 Etsi
2679 2676 2825 2729 enim
2874 2692 2972 2730 nos
3002 2680 3405 2746 peccalutuha-

1829 2760 2040 2827 bemus,
2099 2763 2214 2831 ipse
2249 2773 2428 2819 tamen
2489 2765 2698 2834 absque
2743 2774 2969 2833 peccato
3014 2775 3125 2821 est.
3176 2768 3409 2838 Insuper

1832 2853 2065 2907 thronus
2099 2862 2181 2908 est
2229 2856 2437 2923 gratiae,
2489 2870 2597 2909 non
2648 2855 2877 2924 iudicii;
2919 2857 3148 2926 proinde
3194 2867 3410 2927 oportet

1832 2956 1932 2997 nos
1967 2956 2090 2995 cum
2123 2942 2319 2998 ﬁducia
2358 2946 2642 3009 accedere,
2687 2946 3029 3003 conﬁdentes
3068 2962 3195 3003 eum
3244 2948 3411 3004 datu-

1833 3046 1953 3085 rum
2014 3031 2174 3086 nobis
2203 3048 2326 3101 quas
2357 3034 2663 3103 cupiamus.
2699 3035 2818 3089 Duo
2845 3036 2993 3091 enim
3026 3036 3206 3092 throni
3258 3046 3409 3103 sunt,

149 3128 396 3194 χάριτος,
438 3120 482 3193 ᾧ
508 3129 555 3177 οἱ
590 3127 1016 3195 προσερχόμενοι
1036 3126 1370 3194 λαμϐάνουσι
1397 3126 1517 3197 θείᾳ
1547 3128 1730 3198 χάριτι

1837 3136 2078 3189 praesens
2116 3124 2335 3192 quidem
2376 3132 2460 3180 est
2511 3126 2717 3195 gratiis,
2771 3128 2837 3181 ad
2877 3143 3039 3197 quem
3088 3129 3412 3184 accedentes

150 3216 245 3287 τὴν
298 3217 689 3284 ἀπολύτρωσιν
718 3217 826 3269 τῶν
869 3218 1156 3287 ἁμαρτιῶν
1186 3232 1201 3247 ·
1239 3220 1267 3270 ὁ
1298 3218 1353 3269 δὲ
1400 3219 1500 3287 τῆς
1550 3220 1735 3271 δευτέ-

156 3327 248 3376 pa;
282 3311 593 3377 παρουσίας
620 3309 827 3377 θρόνος,
858 3310 919 3361 οὐ
948 3309 1193 3377 χάριτος,
1231 3310 1412 3371 οὐδεὶς
1450 3310 1559 3379 γὰρ
1613 3312 1734 3363 τότε

156 3400 427 3469 ὶσμϐἁνει
455 3399 673 3466 ἄφεσιν,
703 3400 844 3451 ἀλλὰ
876 3400 1130 3468 κρίσεως.
1157 3399 1359 3470 Θρόνου
1383 3400 1441 3453 δὲ
1467 3402 1734 3472 ἐμνήσθη.

158 3492 238 3540 ἵνα
272 3490 351 3559 μὴ
372 3489 615 3550 ἀκούσας
646 3490 951 3557 Ἀρχιερέα,
984 3490 1211 3559 νομίσῃς
1260 3491 1342 3541 ὅτι
1397 3490 1628 3542 ἵσταται.
1676 3492 1738 3544 Et

155 3586 259 3650 γὰρ
286 3582 362 3643 ὡς
390 3581 679 3649 ἄνθρωπος
702 3580 917 3646 λέγεται
958 3582 1275 3650 Ἀρχιερεῦς
1307 3582 1395 3634 διὰ
1447 3582 1545 3651 τὴν
1600 3585 1736 3651 πρὸς

155 3676 303 3741 ἡμᾶς
328 3676 493 3741 χάριν
514 3675 609 3724 καὶ
647 3672 1077 3739 συγκατὰσεισιν,
1102 3673 1217 3725 ἀλλ’
1260 3669 1354 3726 οὖν
1389 3675 1484 3726 καὶ
1508 3674 1604 3727 ἐπὶ
1645 3674 1738 3727 τοῦ

161 3764 340 3818 θεῐκοῦ
380 3765 576 3833 θρόνου
610 3764 866 3835 κάθηται.

224 3952 353 4005 ’ἕνα
406 3950 684 4016 ,ιάὄωμεν
734 3951 931 4016 ἔλεον,
1011 3952 1110 4005 καὶ
1147 3953 1323 4021 χάριν
1364 3956 1627 4023 εὕρωμεν
1654 3973 1740 4021 εις

158 4047 447 4109 εῧίαιρον
492 4042 804 4107 βοήθειαν.
856 4043 969 4095 Νῦν
1038 4044 1147 4113 γὰρ
1186 4045 1283 4097 ἐὰν
1330 4047 1740 4114 προσέλθωμεν,

160 4135 305 4185 ἔλεον
331 4132 645 4201 εὑρήσομεν
680 4133 774 4184 καὶ
801 4132 981 4201 χάρινο
1008 4135 1281 4204 εὐκαίρως
1302 4136 1411 4205 γὰρ
1441 4139 1743 4207 προσερχὼ

165 4226 322 4293 μεθα·
354 4224 424 4277 ἂν
452 4223 511 4275 δὲ
541 4225 686 4284 τότε,
721 4224 902 4275 οὐκέτι
931 4239 943 4251 ·
973 4225 1033 4275 οὐ
1089 4227 1198 4295 γάρ
1243 4226 1359 4278 ἐστι
1398 4228 1516 4279 τότε
1555 4228 1744 4295 θρόνος

162 4318 407 4385 χάριτος.
460 4312 578 4365 Νῦν
649 4314 885 4384 κάθηται
964 4315 1319 4385 χαριζόμενος
1375 4319 1404 4369 ὁ
1456 4318 1740 4387 βασιλεύς·

162 4408 281 4458 τότε
344 4406 624 4474 ἐγεὶρεται
670 4406 749 4466 εἰς
780 4404 982 4474 κρίσιν.
1046 4406 1295 4462 Ἀνάστα
1354 4411 1484 4478 γὰρ,
1554 4410 1742 4480 φησιν,

167 4499 195 4547 ὁ
224 4495 371 4559 Θεὸς
396 4534 413 4558 ,
450 4495 663 4561 κρίνον
686 4494 802 4562 τὴν
822 4494 959 4563 γῆν.

780 4677 1031 4734 ΚΕΦΔΔ.
1065 4679 1139 4733 E'.

234 4770 365 4837 Πᾶς
391 4772 509 4839 γὰρ
568 4770 877 4838 ἀρχιερεὺς
912 4772 982 4835 ἐξ
1013 4772 1338 4841 ἀνθρώπων
1372 4779 1744 4847 λαμϐανόμε-

167 4877 293 4925 νος,
344 4861 512 4927 ὑπὲρ
549 4860 875 4927 ἀνθρώπων
937 4864 1288 4918 καθίσταται
1320 4868 1393 4919 τὰ
1424 4870 1575 4935 πρὸς
1638 4872 1745 4923 τὸν

171 4954 339 5005 Θεὸν.
366 4951 532 5003 Θέλει
563 4951 751 5005 λοιπον
782 4952 951 5018 δεῖξαι
991 4955 1071 5007 ὅτι
1102 4956 1282 5026 πολλῷ
1319 4958 1593 5030 βελτίωνή
1625 4962 1739 5014 Νέα

172 5045 422 5113 Διαθήκη
456 5044 559 5112 τῆς
610 5044 873 5107 Παλαιᾶς’
895 5046 988 5097 καὶ
1009 5046 1236 5116 ἄρχεται
1268 5051 1481 5119 πρῶτον
1512 5056 1741 5123 συγκρί-

174 5152 278 5187 νειε,
306 5138 407 5196 τὰς
438 5134 765 5202 ἱερωσύνας,
794 5138 892 5205 τήν
914 5152 974 5187 τε
1002 5137 1108 5188 τῶν
1132 5138 1378 5193 παλαιῶν
1405 5142 1616 5211 ἱερέων,
1646 5146 1743 5198 καὶ

172 5226 268 5295 τὴν
292 5226 389 5279 τοῦ
416 5224 659 5295 Χριστοῦ
680 5241 695 5254 ·
725 5225 1088 5300 καὶλδείκνυσι
1116 5228 1315 5299 πολλὴν
1350 5231 1447 5301 τὴν
1476 5233 1747 5303 ὑπεροχὴν

173 5317 266 5384 τῆς
303 5316 405 5367 τοῦ
462 5315 725 5383 Χριστοῦ.
790 5315 935 5380 Τέως
964 5317 1008 5369 δ’
1043 5317 1135 5371 οὖν
1194 5321 1381 5391 ἐπειδὴ
1419 5323 1748 5378 ἁντέπιπτεν

177 5406 341 5475 αὐτῷ,
372 5407 457 5457 ὅτι
489 5405 661 5457 πολλὰ
687 5406 797 5459 τῶν
820 5411 929 5469 τοῖς
964 5409 1173 5479 ἱερεῦσι
1196 5415 1475 5482 προσεῖναι
1505 5415 1753 5481 ὀφειλόν-

176 5513 281 5547 των
309 5498 375 5549 οῦ
412 5496 674 5566 πρόσεστι
722 5497 800 5567 τῷ
835 5499 1075 5569 Χριστῷ,
1126 5501 1249 5554 οὔτε
1289 5504 1636 5577 γὰρ’-φυλῆς
1685 5504 1754 5577 ἦν

184 5587 492 5657 ἱερατικῆς,
526 5586 651 5640 οὔτε
673 5588 769 5641 ἐπὶ
797 5591 894 5660 τῆς
927 5593 1027 5661 γῆς
1054 5595 1251 5666 ἱερεὺς,
1277 5596 1399 5649 οὔτε
1428 5598 1531 5652 ὑπὸ
1548 5599 1755 5669 ἀνθρὼ-

251 5772 275 5805 ’
296 5772 454 5830 Joan.
483 5790 605 5841 xvr,
643 5775 742 5830 35.
820 5776 865 5808 "
892 5774 1040 5832 Psal.
1068 5790 1184 5831 vnt.
1225 5778 1279 5832 3.

1838 3213 2117 3282 accipiunt
2152 3229 2246 3282 per
2282 3215 2526 3270 divinam
2556 3218 2785 3288 gratiam
2810 3234 2839 3271 a
2864 3219 3102 3288 peceatis
3130 3220 3247 3275 suis
3276 3218 3411 3287 libe-

1837 3304 2139 3371 rationein;
2176 3307 2312 3361 alter
2359 3315 2539 3362 autem
2579 3309 2801 3363 secundi
2860 3310 3127 3365 adventus
3156 3312 3406 3374 thronus,

1838 3410 1947 3449 non
1977 3404 2063 3450 est
2091 3398 2295 3465 gratiae,
2351 3413 2510 3451 nemo
2546 3398 2691 3452 enim
2723 3407 2836 3452 tum
2873 3401 3105 3468 accipiet
3130 3401 3412 3455 remissio-

1841 3500 1985 3544 netu.
2021 3487 2115 3541 sed
2146 3487 2362 3554 judicii.
2393 3485 2600 3541 Turoni
2647 3499 2828 3543 autem
2884 3491 3153 3555 meminit,
3202 3505 3269 3543 ne
3316 3506 3415 3543 au-

1841 3579 1997 3632 diens
2024 3578 2358 3643 Pontillcem,
2386 3580 2671 3634 existimes
2700 3592 2825 3634 eum
2848 3591 3011 3634 stare.
3036 3578 3169 3634 Nam
3194 3582 3410 3635 etiamsi

1840 3676 2112 3737 quatenus
2166 3668 2328 3723 homo
2375 3669 2592 3723 dicatur
2630 3668 2878 3725 Pontifex
2911 3671 2981 3724 ob
3018 3672 3245 3740 gratiam
3282 3686 3410 3740 erga

1841 3775 1943 3815 nos
1980 3771 2035 3815 et
2060 3760 2506 3826 submissioucm,
2560 3776 2725 3831 super
2772 3761 2960 3816 divino
3010 3772 3187 3817 tamen
3215 3765 3412 3816 throno

1843 3852 2019 3906 sedet.

1919 3941 1986 3995 Ut
2033 3944 2455 3999 misericoramm
2496 3962 2900 4014 consequamur,
2933 3956 2981 3999 et
3005 3948 3237 4015 gratiam
3274 3947 3415 3999 inve-

1843 4033 2051 4086 niamus
2088 4034 2140 4086 in
2170 4034 2372 4087 auxilio
2420 4047 2734 4103 opportuno.
2772 4033 2925 4089 hunc
2946 4037 3092 4090 enim
3131 4036 3177 4089 si
3224 4050 3413 4089 neces.

1845 4125 2101 4188 serimus,
2165 4124 2597 4180 misericordiam
2642 4126 2985 4181 inveniemus
3034 4136 3087 4181 et
3134 4128 3411 4195 gratiam:

1845 4225 2152 4282 opportune
2180 4215 2322 4265 enim
2356 4215 2694 4270 accedimus.
2718 4214 2773 4268 Si
2801 4230 2930 4269 vero
2972 4224 3109 4278 tum,
3144 4230 3250 4269 non
3292 4218 3363 4267 ita
3402 4232 3414 4267 :

1846 4316 1975 4359 tunc
2004 4306 2147 4359 enim
2182 4306 2369 4373 gratia:
2416 4307 2649 4362 thronus
2699 4322 2806 4361 non
2853 4315 2957 4362 est.
2991 4308 3151 4362 Nunc
3180 4308 3331 4362 sedet
3360 4318 3427 4361 ut‘

1847 4412 1941 4449 rex
1972 4396 2229 4456 clemens.
2266 4408 2317 4449 et
2359 4398 2590 4465 gratiam
2624 4398 2985 4467 impertiens:
3019 4408 3131 4452 tum
3169 4414 3297 4453 vero
3319 4415 3419 4451 ex-

1769 4485 1823 4545 D
1848 4487 2048 4542 citatur
2074 4488 2138 4542 ad
2160 4488 2445 4558 judicium.
2476 4490 2723 4546 Aitenitn
2759 4511 2772 4546 :
2806 4491 2994 4563 Surge,
3036 4493 3194 4558 Deus,
3233 4494 3420 4563 judico

1851 4589 2047 4634 terram
2074 4581 2136 4635 ".

2464 4671 2689 4728 CAPUT
2743 4674 2805 4729 ν.

1923 4763 2086 4820 νείκει.
2114 4765 2163 4818 Ι.
2185 4765 2369 4819 Omnis
2396 4765 2534 4816 enim
2556 4764 2791 4833 pontifex
2812 4778 2876 4819 ea:
2894 4764 3187 4818 Itominious
3223 4781 3418 4819 assum-

1850 4866 1989 4925 ptus,
2011 4873 2105 4924 pro
2140 4856 2436 4911 hominibus
2470 4857 2811 4911 constituitur
2841 4860 2895 4910 in
2921 4857 2985 4911 iis
3030 4873 3147 4925 quit
3192 4865 3313 4910 sunt
3354 4857 3422 4907 ad

1851 4948 2038 5002 Deum.
2054 4947 2179 5003 Vult
2195 4948 2453 5017 deinceps
2468 4948 2754 5003 ostendere
2776 4948 2984 5001 Novum
3017 4947 3422 5001 Testamentum

1850 5056 1971 5097 esse
2016 5043 2172 5110 longe
2217 5041 2564 5109 praestantius
2601 5038 2800 5095 Veteri.
2830 5041 2904 5093 Ac
2938 5042 3171 5109 primum
3208 5041 3420 5095 orditur

1851 5150 2167 5205 comparare
2204 5134 2503 5188 sacerdotia
2550 5144 2788 5189 veterum
2826 5134 3170 5190 sacerdotum
3190 5145 3239 5189 et
3266 5134 3423 5187 Chri-

1854 5228 1944 5289 sti,
1970 5235 2023 5279 et
2054 5225 2287 5281 ostendit
2316 5225 2522 5280 Christi
2553 5226 2918 5281 sacerdotium
2953 5240 3072 5281 esse
3106 5226 3261 5295 longe
3284 5238 3424 5293 pra:-

1858 5319 2115 5373 stantius.
2136 5318 2354 5372 Interim
2387 5318 2679 5385 vero,quiu
2718 5316 2819 5387 ipsi
2852 5316 3262 5381 adversabatur,
3284 5316 3425 5383 quod

1863 5411 2027 5462 multa
2054 5425 2176 5477 quae
2208 5410 2580 5464 sacerdotibus
2610 5410 2800 5465 adesse
2836 5408 3053 5471 debent,
3087 5408 3425 5461 Christonon

1862 5509 2234 5569 competerent
2256 5501 2455 5571 (neque
2488 5501 2633 5554 enim
2656 5515 2720 5554 ex
2752 5499 2896 5553 tribu
2926 5498 3258 5555 Sacerdotali
3288 5503 3426 5557 erat,

1866 5610 2039 5663 neque
2055 5608 2217 5664 super
2229 5592 2368 5646 hanc
2388 5598 2585 5646 terram
2614 5593 2890 5657 sacerdos,
2908 5604 3080 5660 neque
3096 5588 3167 5644 ab
3192 5586 3415 5644 homini-
