4154 6440
724 429 830 490 239

1606 410 2179 475 TlIEOPHYLACTI
2215 409 2309 469 BU
2323 409 2461 469 LGA
2475 409 2624 468 RUE
2665 410 2705 466 Α
2717 407 3017 467 RCIIIEP.

3860 402 3969 462 240

727 543 825 592 lius
856 538 1064 588 i'it‘t‘lllS
1100 532 1151 582 in
1193 528 1526 590 Pontilit'em,
1563 541 1759 592 neque,
1793 534 1849 577 ttt
1890 523 2057 577 semei
2084 522 2285 582 dicam,

2406 537 2509 570 πων
2543 516 3094 588 προκεχειρισμένος,
3135 512 3277 572 οὔτε,
3309 512 3493 575 ἁπλῶς
3551 514 3747 577 είπεῖν,
3778 530 3974 582 σωμα-

724 632 958 697 aliquam
1014 620 1350 690 corporalem
1409 617 1641 681 speciem
1701 615 1932 668 habebat
1987 612 2156 667 forma
2202 624 2292 665 sa-

724 719 947 776 rerdolii
1005 717 1145 785 ejus,
1195 713 1359 766 veluti
1404 706 1768 763 tintinnabula
1802 715 1855 760 et
1916 705 2167 767 laminas,
2198 703 2292 756 sed

724 811 903 864 omnia
928 804 1231 878 spiritualia
1260 800 1455 872 erant),
1478 801 1709 870 primum
1761 803 2005 851 recenset
2038 808 2158 862 qum
2184 792 2293 846 sint

726 898 1036 956 communia
1070 896 1291 951 Christo
1311 908 1431 948 cum
1463 890 1686 959 reliquis
1712 886 2078 959 pontiﬁcibus,
2101 882 2294 939 deinde

731 992 881 1060 ponit
911 1008 972 1043 ea
1004 990 1057 1042 in
1092 984 1294 1056 quibus
1326 982 1562 1038 excellit.
1616 981 1754 1034 Tum
1789 978 1934 1032 enim
1967 990 2158 1030 revera
2194 990 2292 1027 ex-

728 1085 929 1136 cellens
978 1094 1075 1149 per
1124 1073 1585 1146 comparationem
1635 1068 1904 1141 quispiam
1960 1066 2290 1128 ostenditur,

726 1174 944 1244 quando
997 1172 1051 1227 in
1087 1168 1207 1223 aliis
1262 1165 1480 1235 quidem
1537 1160 2043 1222 communicaverit,
2093 1160 2147 1211 in
2171 1155 2294 1211 aliis

727 1280 858 1320 vero
887 1262 1243 1318 excellentior
1278 1257 1461 1313 fuerit.
1506 1256 1580 1309 Ex
1628 1252 1941 1306 hominibus
1992 1250 2176 1318 itaque
2203 1261 2294 1302 as-

732 1355 895 1417 sumi,
926 1366 1217 1406 commune
1258 1357 1341 1403 est
1370 1345 1590 1401 Christo
1626 1357 1749 1396 cum
1787 1340 2052 1409 reliquis:
2084 1352 2206 1392 nam
2241 1344 2295 1391 et

729 1448 844 1516 ipse
904 1444 1068 1498 homo
1116 1456 1238 1496 cum
1288 1445 1455 1497 esset,
1490 1436 1665 1489 factus
1714 1441 1798 1487 est
1838 1429 2107 1485 Pontifex.
2154 1428 2293 1481 Tum

728 1537 871 1607 quod
894 1550 991 1606 pro
1019 1530 1332 1589 hominibus
1355 1527 1706 1582 constituitur
1728 1527 1779 1577 in
1809 1524 1875 1577 iis
1891 1536 2010 1591 quae
2031 1520 2096 1573 ad
2126 1519 2293 1573 Deum

730 1630 1024 1700 pertinent,
1076 1626 1178 1677 hoc
1210 1629 1312 1686 est,
1343 1626 1401 1673 ut
1430 1618 1593 1688 676
1625 1629 1722 1685 pro
1771 1614 1932 1667 nobis
1964 1609 2289 1680 interpellet,

729 1729 782 1775 et
812 1719 992 1773 istliuc
1020 1722 1104 1770 est
1130 1726 1421 1766 commune
1445 1707 1547 1778 ipsi
1578 1722 1700 1759 cum
1735 1704 1980 1772 reliquis.

809 1810 876 1864 Ut
912 1808 1100 1876 on'erat
1147 1818 1363 1857 munera
1404 1809 1451 1853 et
1495 1796 1761 1864 sacriﬁcia
1788 1812 1883 1862 pro
1922 1792 2174 1862 peccatis.
2208 1789 2294 1842 ln-

733 1867 1068 1965 terpretatus
1105 1900 1189 1945 est
1215 1889 1346 1958 quid
1384 1888 1474 1953 sit,
1519 1886 1580 1939 ab
1620 1883 1916 1937 hominibus
1957 1881 2211 1935 constitui
2241 1879 2296 1930 in
2330 1867 2370 1921 Β

733 1991 797 2043 iis
832 2003 947 2055 quae
973 1996 1094 2038 sunt
1126 1983 1193 2035 ad
1235 1981 1426 2045 Deum,
1459 1992 1650 2048 nempe
1685 1992 1783 2045 pro
1811 1975 2050 2045 peccatis
2093 1972 2299 2028 nostris

732 2084 950 2151 placare
981 2078 1176 2131 Deum.
1210 2072 1274 2126 Et
1310 2074 1411 2124 hoc
1438 2070 1606 2139 igitur
1637 2080 1927 2121 commune
1958 2072 2043 2118 est
2078 2062 2297 2116 Christo

735 2150 858 2226 cum
894 2170 1035 2233 aliis,
1063 2164 1156 2220 sed
1199 2178 1305 2218 non
1336 2168 1509 2214 totum
1552 2177 1566 2212 :
1603 2172 1725 2211 nam
1771 2156 1886 2225 ipse
1917 2155 2159 2223 seipsum
2199 2150 2296 2205 ob-

736 2263 877 2324 tulit,
918 2259 995 2313 illi
1019 2272 1147 2311 vero
1180 2256 1282 2307 alia
1329 2251 1597 2321 qumdam.
1627 2250 1820 2302 Munus
1851 2253 2029 2300 autem
2053 2251 2107 2299 et
2132 2242 2300 2297 sacri-

735 2356 917 2409 licium
950 2349 1224 2420 quomodo
1260 2346 1502 2413 quidem.
1532 2342 1577 2396 si
1603 2350 1849 2395 exactam
1885 2347 2101 2406 spectes
2128 2336 2300 2390 ratio-

735 2463 883 2510 nem,
926 2445 1236 2509 discrepant
1260 2478 1272 2501 ,
1318 2438 1370 2489 in
1405 2432 1702 2503 Scripturis
1737 2438 1915 2484 autem
1955 2429 2073 2483 sine
2099 2423 2297 2481 discri-

735 2537 883 2592 mine
915 2537 1219 2602 ponuntur,
1257 2525 1395 2581 inira
1428 2524 1631 2578 disces.

805 2623 971 2678 Vens.
1005 2622 1058 2675 9..
1105 2619 1207 2686 Qui
1242 2616 1517 2670 condolere
1548 2613 1716 2683 possit
1760 2612 1828 2663 iis
1859 2610 1945 2679 qui
1973 2609 2217 2676 ignorant
2250 2614 2298 2658 et

732 2725 937 2773 errant.
970 2714 1088 2767 Hoc
1137 2720 1239 2771 est,
1281 2708 1373 2776 qui
1436 2706 1611 2773 possit
1658 2702 1939 2756 moderate
1971 2698 2130 2762 allici,
2160 2711 2302 2751 com-

734 2809 872 2879 pati,
900 2799 1366 2861 condescendere,
1406 2811 1467 2850 ac
1494 2795 1805 2850 condonare
1837 2793 1902 2845 iis
1935 2792 2025 2859 qui
2047 2805 2110 2843 ex
2144 2788 2298 2856 igno-

738 2896 913 2951 rantia
949 2898 1199 2963 peccant.
1242 2886 1625 2940 Animadverte
1672 2889 1853 2935 autem
1900 2892 2062 2932 omne
2109 2889 2303 2945 pecca-

736 2994 853 3041 tum
902 2962 967 3040 ex
1005 2976 1312 3049 ignorantia
1353 2983 1410 3028 et
1468 2986 1655 3027 errore
1692 2970 1886 3023 nasci:
1932 2981 2057 3020 nam
2088 2962 2301 3018 etiamsi

735 3074 985 3130 videatur
1008 3068 1131 3139 quis
1163 3065 1380 3120 novisse
1408 3061 1537 3132 quid
1581 3060 1782 3115 malum
1819 3059 1911 3121 sit,
1947 3067 2190 3125 tempore
2220 3061 2301 3106 ta-

737 3180 861 3219 men
913 3155 1302 3215 transactionis
1346 3153 1554 3224 peccati
1602 3150 1843 3208 tenebris
1892 3146 2296 3211 circumfusus,

2393 611 2554 674 τικήν
2612 626 2732 661 τινα
2784 605 3084 675 φαντασίαν
3132 599 3245 672 εἶχε
3302 602 3363 655 τὸ
3418 604 3602 672 σχῆμα
3659 606 3755 672 τῆς
3798 602 3971 655 αὑτοῦ

2397 701 2721 770 ἱερωσύνης,
2770 694 2883 752 οἷον
2925 697 3204 761 κώδωνας,
3237 697 3332 749 καὶ
3358 694 3588 760 πέταλα,
3618 694 3752 747 ἀλλά
3786 695 3973 747 πάντα

2393 795 2795 862 πνευματικὰ),
2848 791 3142 857 καταλέγει
3188 790 3405 858 πρῶτον
3434 788 3471 840 ἃ
3509 787 3666 840 κοινά
3727 788 3839 837 ἐστι
3891 784 3973 854 τῷ

2393 884 2614 955 Χριστῷ
2637 883 2774 952 πρὸς
2795 884 2920 945 τοὺς
2947 882 3167 943 λοιποὺς
3191 879 3489 950 ἀρχιερεῖς,
3518 874 3640 929 εἶτα
3663 876 3845 945 τίθησι
3874 875 3974 928 καὶ

2393 977 2463 1028 τά
2484 975 2759 1044 ἐξαίρετα.
2778 974 2913 1026 Τότε
2937 972 3229 1042 γάρὸντως
3258 969 3463 1041 ἡμιατά
3489 968 3780 1039 σύγκρισιν
3802 964 3974 1035 utrep-

2396 1067 2497 1135 οχή
2538 1084 2685 1129 τινος
2737 1066 2974 1133 γίνεται,
3002 1065 3129 1116 ὅταν
3160 1064 3218 1115 ὲν
3250 1064 3347 1132 μὲν
3380 1063 3491 1125 τοῖς
3524 1061 3778 1128 κοινωνῇ,
3824 1058 3883 1110 ἐν
3915 1057 3975 1108 δὲ

2394 1158 2505 1216 τοῖς
2537 1153 2809 1223 ὑπερέχῃ.
2834 1152 2909 1205 Τὸ
2934 1152 3117 1206 τοίνυν
3146 1150 3206 1215 ὲξ
3238 1149 3540 1220 ἀνθρώπων
3572 1146 3973 1217 λαμῦἀνεσθαι.

2397 1246 2571 1300 κοινὸν
2602 1246 2679 1312 τῷ
2705 1244 2927 1314 Χριστῷ
2979 1244 3114 1313 πρὸς
3157 1242 3286 1305 τοὺς
3338 1241 3581 1304 λοιπούς.
3616 1240 3726 1293 Καὶ
3752 1237 3977 1308 γὰρκαὶ

2395 1334 2556 1396 αὐτὸς
2614 1333 2898 1402 ἄνθρωπος
2926 1333 3024 1397 ὢν,
3081 1333 3307 1401 γέγονεν
3345 1331 3686 1402 Ἀρχιερεύς.
3740 1328 3849 1382 Καὶ
3913 1327 3976 1379 τὸ

2397 1426 2536 1495 ὑπὲρ
2596 1424 2900 1493 ἀνθρώπων
2963 1423 3325 1477 καθίστασθαι
3381 1423 3449 1474 τὰ
3502 1422 3640 1490 πρὸς
3681 1420 3773 1473 τὸν
3814 1417 3975 1481 Θεδν,

2395 1518 2665 1583 τουτέστι,
2703 1516 3031 1581 ιιεσιτεύειν,
3061 1517 3157 1568 καὶ
3189 1512 3349 1568 τοῦτο
3381 1514 3581 1566 κοινόν.

2469 1790 2593 1842 Ἵνα
2628 1788 2940 1855 προσφέρῃ
2962 1777 3120 1852 δῶρά
3148 1803 3211 1840 τε
3236 1788 3333 1840 καί
3354 1783 3573 1849 θυσίας
3602 1785 3755 1851 ὑπὲρ
3785 1784 3981 1852 ἁμαρ-

2398 1882 2558 1935 τιῶν.
2629 1882 2982 1951 Ἥρμήνευσε
3055 1880 3111 1931 τί
3188 1880 3306 1931 ἐστι
3387 1880 3448 1931 τὸ
3484 1918 3499 1942 ,
3572 1877 3980 1930 καθίστασθαι

2398 1972 2550 2039 ὑπὲρ
2594 1970 2923 2036 ἀνθρώπων
2962 1971 3112 2037 πρὸς
3178 1969 3347 2034 Θεὸν,
3383 1970 3443 2021 τδ
3476 1969 3616 2035 ὑπὲρ
3646 1967 3754 2018 τῶν
3787 1968 3979 2035 ἀμαρ-

2398 2064 2547 2127 τιῶν,
2590 2061 2779 2130 φησὶν,
2841 2060 3161 2114 ίλάσκεσθαι
3201 2059 3292 2113 τὸν
3353 2060 3510 2112 Θεόν.
3556 2060 3665 2111 Καὶ
3725 2057 3888 2110 τοῦτο
3917 2057 3982 2109 δὲ

2399 2155 2580 2208 κοινὸν
2605 2152 2683 2221 τῷ
2706 2150 2930 2222 Χριστῷ
2955 2151 3091 2220 πρὸς
3122 2149 3249 2213 τοὺς
3285 2149 3501 2213 ἄλλους’
3532 2149 3674 2217 πλὴν
3705 2149 3802 2218 οὐχ
3828 2147 3981 2200 ὅλονο

2400 2247 2559 2307 αὐτὸς
2591 2245 2688 2314 μὲν
2734 2243 2844 2312 γὰρ
2871 2242 3067 2295 ἑαυτὸν
3094 2243 3497 2313 προσήνεγκεν·
3528 2243 3728 2294 ἐκεῖνοι
3762 2240 3817 2293 δὲ
3838 2239 3983 2293 ἄλλα

2399 2338 2538 2391 τινά.
2580 2335 2762 2406 Δῶρον
2787 2334 2843 2387 δὲ
2881 2334 2976 2388 καὶ
3008 2333 3168 2387 θυσία
3202 2333 3320 2397 πῶς
3350 2334 3491 2387 κατά
3522 2334 3619 2402 μὲν
3648 2333 3742 2384 τὸν
3766 2329 3981 2400 ἀκριϐῆ

2400 2430 2555 2497 λόγον
2611 2426 2959 2497 διαφέρουσι,
3016 2425 3170 2495 παρά
3215 2425 3270 2478 δὲ
3313 2427 3380 2496 τῇ
3428 2425 3618 2495 Γραφῇ
3666 2422 3985 2493 ἀδιαφόρως

2402 2525 2630 2584 κεῖνται,
2666 2518 2884 2589 μαθήσῃ
2908 2517 3225 2587 κατωτέρω.

2470 2608 2898 2679 Μετριοπαθεῖν
2950 2607 3290 2677 δυνάμενος
3342 2607 3467 2674 τοῖς
3523 2608 3815 2679 ἀγνοοῦσι
3870 2610 3977 2661 καί

2402 2706 2835 2773 πλανωμένοις.
2886 2704 3150 2756 Τουτέστι
3213 2706 3578 2774 συμμετρεῖν,
3646 2703 3982 2771 συμπαθεῖν,

2404 2794 2876 2861 συγκαταϐαίνειν,
2925 2794 3020 2846 καὶ
3068 2794 3466 2861 συγγινώσκειν
3497 2796 3609 2855 τοῖς
3644 2794 3703 2857 ἐξ
3756 2794 3985 2861 ἀγνοίας

2403 2888 2824 2956 ἁμαρτάνουσιν.
2856 2885 2998 2953 Ὅρα
3027 2884 3084 2937 δὲ
3119 2884 3201 2937 ὅτι
3259 2886 3365 2937 πᾶν
3427 2885 3733 2954 ἁμάρτημα
3766 2885 3986 2951 -ἀγνοια

2404 2976 2498 3027 καὶ
2522 2974 2697 3043 πλάνη
2720 2975 2903 3043 γεννᾷ.
2932 2973 3051 3027 Κᾶν
3073 2972 3180 3042 γὰρ
3202 2973 3331 3043 δοκῇ
3363 2991 3449 3037 τις
3471 2974 3671 3026 εἰδέναι
3698 2974 3758 3026 τὺ
3782 2974 3982 3036 κακὸν,

2405 3066 2519 3120 ἀλλ’
2547 3065 2640 3118 οὖν
2670 3068 2728 3118 ὲν
2766 3065 2844 3135 τῷ
2879 3065 2980 3132 τῆς
3008 3065 3260 3133 πράξεως
3329 3065 3509 3135 καιρῷ
3568 3065 3979 3134 σκοτιξόμενος,

2410 3160 2633 3226 ἄγνοιαν
2661 3159 2757 3209 καὶ
2781 3157 2987 3227 πλάνην
3013 3158 3179 3223 νοσεῖ,
3204 3155 3282 3225 τῷ
3312 3156 3439 3227 λείῳ
3468 3157 3568 3227 τῆς
3597 3156 3789 3229 ἡδονῆς
3809 3173 3988 3211 κατα-

740 3250 1051 3324 ignorantia
1086 3255 1142 3300 et
1170 3256 1360 3299 errore
1406 3243 1650 3313 languet,
1689 3239 1987 3308 voluptatis
2032 3236 2301 3290 illecebris

2410 3266 2516 3318 κρη
2526 3248 2865 3318 μνιζόμενος.

736 3339 1129 3413 praecipitatus.

810 3429 1078 3494 Quoniam
1096 3434 1145 3478 et
1173 3425 1283 3492 ipse
1303 3419 1663 3475 circumdatus
1691 3426 1768 3471 est
1798 3415 2127 3483 inﬁrmitate.
2164 3413 2307 3467 Sitn-

738 3515 1013 3585 pliciorem
1033 3524 1107 3564 acv
1129 3509 1399 3564 veriorem
1424 3506 1747 3561 sententiam
1780 3518 1902 3557 esse
1927 3503 2063 3555 hanc
2089 3503 2304 3572 opinor,

744 3613 1032 3677 propterea
1062 3601 1314 3657 videlicet
1355 3598 1735 3668 ignorantibus
1772 3596 2059 3649 eoudolcre
2085 3592 2308 3649 Pontiﬁ-

742 3713 882 3759 cem,
911 3693 1056 3766 quod
1085 3702 1141 3749 et
1165 3693 1282 3763 ipse
1310 3690 1627 3746 inﬁrmitate
1661 3688 1733 3743 sit
1761 3688 2015 3752 amictus,
2041 3694 2095 3741 et
2122 3686 2311 3741 huma-

744 3803 829 3844 na
862 3784 1257 3841 imbecillitatis
1301 3795 1616 3837 mensuram
1656 3795 1721 3835 ex
1768 3779 1950 3849 scipso
1979 3792 2306 3848 agnoscens,

743 3880 957 3934 veniam
986 3891 1203 3946 quoque
1235 3873 1553 3928 admetitur.
1592 3872 1847 3926 Nonnulli
1890 3884 2069 3927 tamen
2110 3872 2190 3926 sic
2217 3886 2308 3925 ac-

743 3976 1029 4040 ceperunt,
1056 3966 1200 4036 quod
1232 3966 1286 4018 in
1311 3966 1412 4018 hoc
1443 3964 1560 4018 solo
1589 3963 1865 4031 discrepat
1896 3978 1923 4015 a
1958 3962 2160 4031 p0pulo
2183 3977 2311 4031 pon-

745 4059 897 4123 tifex,
928 4057 1074 4127 quod
1104 4055 1378 4110 condonet
1411 4072 1423 4108 :
1467 4052 1906 4124 quandoquidem
1944 4052 2061 4121 ipse
2101 4052 2156 4106 in
2187 4051 2310 4105 aliis

745 4166 854 4205 non
880 4149 1037 4202 aliter
1067 4161 1131 4200 ac
1161 4145 1377 4213 reliqui,
1406 4143 1719 4199 inﬁrmitate
1746 4142 2114 4199 circumfusus
2147 4142 2237 4197 sit.

822 4333 988 4389 Vens.
1026 4334 1083 4389 ὅ.
1121 4330 1187 4384 Et
1216 4340 1489 4400 propterea
1531 4329 1699 4395 debet,
1743 4327 2182 4399 quemadmodum
2216 4344 2312 4398 pro

747 4426 961 4493 populo,
1003 4424 1081 4477 ita
1109 4424 1269 4477 etiam
1311 4432 1361 4475 et
1402 4437 1496 4490 pro
1526 4422 1693 4488 κείρω
1722 4420 1908 4488 offerre
1942 4435 2036 4489 pro
2058 4422 2308 4487 peccatis.

2496 3432 2652 3483 Ἐπεὶ
2691 3430 2790 3483 καί
2819 3428 3003 3493 αὐτὸς
3026 3430 3348 3497 περίκειται
3374 3429 3488 3495 τὴν
3527 3428 3869 3484 ἀσθένειαν.
3920 3428 3989 3483 ’11

2410 3523 2508 3591 μὲν
2562 3519 2907 3590 ἁπλουστέρα
2962 3519 3176 3590 ἐκδοχὴ.
3210 3515 3364 3588 οἶμαι
3400 3520 3455 3572 δὲ
3499 3521 3592 3573 καὶ
3616 3519 3987 3590 ἀληθεστέρα,

2409 3612 2547 3683 αὓτη
2576 3610 2744 3676 ἐστὶν,
2789 3611 2871 3664 ὅτι
2900 3610 2988 3664 διὰ
3009 3611 3165 3664 τοῦτο
3201 3612 3559 3682 μετριοπαθεῖ
3591 3614 3620 3663 ὀ
3666 3613 3991 3681 Ἀρχιερεὺς

2406 3704 2519 3766 τοῖς
2542 3699 2818 3770 ἀγνοοῦσι,
2839 3701 2975 3754 διότι
3010 3702 3103 3755 καὶ
3128 3700 3291 3762 αὐτὸς
3324 3700 3614 3753 ἀσθένειαν
3644 3701 3989 3770 περίκειται,

2409 3789 2503 3842 καὶ
2537 3789 2690 3851 είδὼς
2724 3788 2785 3841 τὸ
2812 3790 3011 3859 μέτρον
3036 3790 3134 3857 τῆς
3172 3788 3525 3859 ἀνθρωπίνης
3569 3788 3857 3848 ἀσθενείας
3896 3789 3989 3854 ἐφ’

2418 3880 2619 3949 ἑαυτῷ,
2665 3882 2950 3949 ὲπιμετρεῖ
2973 3881 3065 3932 καὶ
3093 3880 3193 3948 τὴν
3214 3881 3549 3949 συγγνώμην
3570 3896 3584 3909 ·
3620 3880 3764 3941 τινὲς
3797 3881 3994 3947 μέντοι

2409 3972 2581 4035 οὕτως
2638 3970 2976 4036 ἐξεδέξαντοσ
3008 3972 3089 4023 ὅτι
3113 3973 3171 4023 ὲν
3192 3969 3368 4040 τούτῳ
3413 3971 3560 4040 μόνῳ
3613 3971 3857 4039 δινιιείὶέρει
3887 3974 3995 4027 τοῦ

2410 4063 2541 4117 λαοῦ
2570 4066 2597 4115 ὁ
2638 4063 2951 4133 ἀρχιερεὺς,
2992 4062 3151 4131 ὲντῷ
3186 4061 3589 4130 συγγινώσκειν
3613 4079 3627 4093 ·
3669 4065 3792 4115 ἐπεὶ
3848 4065 3994 4130 τάγε

2411 4155 2547 4208 ἄλλα
2596 4154 2689 4207 καὶ
2734 4152 2894 4217 αὐτὸς
2941 4151 3226 4207 ἀσθένειαν
3253 4153 3383 4217 ἴσως
3411 4154 3525 4217 τοῖς
3573 4153 3791 4217 πολλοῖς
3822 4156 3993 4226 περί-

2412 4261 2613 4298 κειται.

2485 4336 2595 4389 Καὶ
2624 4334 2721 4388 διὰ
2740 4336 2965 4401 ταύτην
2997 4335 3246 4404 ὀφείλει,
3280 4336 3478 4401 καθὼς
3509 4336 3643 4404 περί
3671 4337 3779 4391 τοῦ
3806 4338 3994 4401 λαοῦ,

2414 4424 2567 4479 οὕτω
2589 4425 2687 4479 καί
2716 4426 2848 4493 περὶ
2873 4425 3093 4480 ἑαυτοῦ
3112 4426 3480 4495 προσφέρειν
3497 4426 3649 4495 ὑπὲρ
3667 4427 3995 4496 ἁμαρτιῶν.

749 4519 876 4570 Haec
904 4516 1086 4568 omnia
1115 4529 1223 4568 non
1256 4513 1420 4568 habet
1440 4511 1752 4567 communia
1790 4510 2041 4567 Christus
2067 4527 2191 4565 eum
2224 4526 2304 4566 re-

2421 4516 2607 4569 Ταῦτα
2656 4516 2833 4569 πάντα
2876 4515 3061 4569 οὐκέτι
3118 4517 3274 4570 κοινά
3314 4516 3394 4586 τῷ
3422 4516 3647 4588 Χριστῷ
3681 4518 3818 4589 πρὸς
3860 4522 3998 4582 τοὺς

748 4608 934 4677 liquis,
966 4621 1151 4660 verum
1184 4606 1239 4658 in
1273 4605 1359 4659 his
1389 4605 1626 4660 excellit.
1654 4604 1840 4675 Neque
1867 4605 2014 4658 enim
2049 4603 2316 4659 Dominus

748 4703 1095 4764 peccatorum
1128 4693 1498 4748 inﬁrmitatem
1524 4693 1779 4757 habebat,
1807 4707 1984 4762 neque
2012 4707 2111 4762 pro
2132 4693 2316 4762 seipse

750 4784 972 4849 obtulit,
1001 4784 1096 4839 sed
1129 4799 1230 4853 pro
1267 4784 1493 4854 reliquis
1520 4783 1855 4839 hominibus.

824 4968 992 5023 Vens.
1020 4968 1075 5022 4.
1120 4967 1232 5023 Nec
1269 4985 1545 5039 quicquam
1577 4970 1737 5024 sumit
1783 4970 1882 5024 sibi
1915 4971 2184 5033 honorem,
2224 4971 2316 5024 sed

754 5062 843 5130 qui
873 5070 1091 5115 vocatur
1118 5078 1150 5113 α
1184 5060 1315 5115 Deo.
1350 5061 1509 5115 Aliud
1538 5062 1813 5131 pontiﬁcis
1849 5061 2110 5116 indicium
2141 5061 2314 5131 ponit,

752 5152 897 5220 quod
930 5164 1183 5220 peraque
1226 5150 1443 5204 Christo
1483 5150 1757 5216 convenit,
1792 5165 1987 5220 nempe
2031 5151 2176 5219 quod
2209 5166 2317 5206 non

756 5244 869 5311 ipse
894 5243 960 5295 ad
989 5240 1359 5310 pontiﬁcatum
1383 5241 1611 5307 assiliat,
1634 5244 1728 5296 sed
1761 5249 1985 5296 vocetur
2007 5257 2036 5295 a
2069 5241 2197 5307 Deo,
2232 5252 2318 5295 at-

754 5347 860 5400 que
888 5332 964 5383 ita
990 5334 1284 5402 acceperit.
1314 5331 1641 5403 Perstringit
1675 5341 1858 5387 autem
1894 5333 1983 5386 hic
2007 5331 2317 5389 Judaorum

754 5429 870 5474 tum
903 5422 1161 5491 temporis
1190 5422 1493 5491 pontiﬁces,
1522 5424 1612 5493 qui
1637 5424 1738 5493 ipsi
1785 5423 2103 5485 assiliebant
2131 5423 2198 5479 ad
2218 5425 2319 5478 ho-

756 5524 977 5575 norem,
1014 5512 1317 5578 emptltinm
1367 5512 1528 5568 istum
1574 5513 1936 5584 possidentes,
1983 5515 2152 5583 legem
2199 5528 2318 5569 cor-

756 5609 1088 5667 rumpentes.

815 5684 1264 5750 Quemadmodum
1285 5700 1332 5743 ει
1356 5692 1556 5747 Aaron.
1580 5692 1794 5749 Etenim
1828 5694 2006 5749 Aaron
2026 5695 2260 5765 primum
2286 5712 2316 5751 a

757 5776 872 5832 Deo
894 5794 989 5846 per
1025 5779 1206 5834 Mosen
1234 5791 1476 5845 vocatus,
1514 5784 1594 5840 sic
1617 5784 1835 5841 functus
1865 5794 1952 5841 est
1981 5786 2309 5854 sacerdotio,

2417 4607 2656 4672 λοιποὺς,
2697 4606 2809 4660 ἀλλ’
2841 4609 2898 4660 ὲν
2933 4608 3140 4671 τούτοις
3191 4609 3469 4680 ὑπερέχει.
3515 4609 3653 4663 Οὔτε
3681 4611 3789 4680 γὰρ
3818 4611 3988 4664 ἀσθέ-

2418 4715 2566 4751 νειαν
2610 4694 2757 4767 εἶχεν
2774 4700 2802 4751 ὁ
2822 4698 3048 4768 Κύριος,
3076 4699 3177 4765 τὴν
3224 4698 3332 4751 τῶν
3357 4699 3665 4770 ἁμαρτιῶν,
3691 4699 3815 4753 οὔτε
3848 4701 3996 4771 ὑπὲρ

2418 4788 2611 4842 ἑαυτοῦ
2655 4791 3051 4860 προσήνεγκεν,
3111 4789 3228 4843 ἀλλ’
3290 4790 3430 4860 ὑπὲρ
3479 4789 3588 4844 τῶν
3636 4790 3841 4843 λοιπῶν
3890 4794 3995 4845 ἀν·-

2419 4881 2673 4952 θρώπων.

2488 4973 2599 5027 Καί
2631 4974 2743 5041 οὐχ
2777 4972 2970 5039 ἐαυτῷ
2993 4991 3085 5040 τις
3112 4976 3400 5044 λαμϐάνει
3451 4975 3567 5042 τὴν
3592 4975 3773 5045 τιμὴν
3793 5017 3807 5039 ,
3827 4976 3999 5031 ἀλλὰ

2419 5067 2450 5119 ὀ
2484 5066 2856 5135 καλούμενος
2918 5068 3036 5122 ὑπὸ
3091 5068 3199 5122 τοῦ
3252 5069 3421 5123 Θεοῦ.
3477 5069 3589 5122 Καὶ
3626 5069 3815 5138 ἕτερον
3844 5072 3995 5136 γνώ-

2423 5171 2591 5224 ρισμα
2643 5156 2855 5226 τίθησιν
2902 5158 3202 5226 ἀρχιερέως
3234 5199 3249 5222 ,
3294 5159 3700 5230 ἐμφαινόμενον
3750 5159 3843 5210 καὶ
3912 5160 3997 5226 τῷ

2419 5245 2660 5315 Χριστῷ,
2697 5246 2776 5310 τὸ,
2810 5246 2886 5316 μὴ
2916 5247 3107 5300 ἑαυτὸν
3128 5248 3399 5319 ὲπιπηδᾷν
3427 5252 3494 5319 τῇ
3527 5248 3817 5320 ἱερωσύνῃ.
3850 5248 4000 5301 ἀλλὰ

2419 5337 2751 5407 καλούμενον
2781 5338 2884 5392 ὑπὸ
2913 5338 3005 5392 τοῦ
3036 5338 3193 5403 Θεοῦ,
3225 5341 3367 5393 οὕτω
3388 5340 3591 5410 ταύτην
3609 5339 3995 5409 ἀναδέχεσθαι.

2418 5427 2723 5479 Δίνίττεται
2761 5428 2817 5481 δὲ
2853 5428 3089 5482 ἐνταῦθα
3114 5432 3242 5492 τοὺς
3262 5433 3385 5483 τότε
3417 5432 3695 5501 ἀρχιερεῖς
3716 5430 3824 5485 τῶν
3860 5432 3995 5483 Ἰου-

2419 5516 2605 5581 δαίων,
2627 5519 2675 5569 oi
2706 5519 2995 5590 ἐπεπήδων
3020 5522 3085 5590 τῇ
3117 5524 3273 5591 τιμῇ.
3301 5522 3518 5592 ὠνητὴν
3544 5521 3750 5591 ταύτην
3776 5519 3999 5590 κτώμε-

2420 5624 2521 5671 νοι,
2557 5608 2762 5662 καὶτὸν
2786 5609 2949 5680 νόμον
2976 5610 3400 5681 διαφθείροντες.

2490 5696 2764 5764 Καθάπερ
2786 5700 2885 5751 καί
2923 5699 3165 5768 Ἀαρών.
3197 5703 3308 5755 Καὶ
3330 5702 3439 5771 γὰρ
3486 5700 3697 5771 Ἀαρὼν
3733 5701 3850 5754 κατ’
3884 5703 3999 5770 ἀρ-

2419 5790 2517 5856 χάς
2549 5787 2653 5841 ὑπὸ
2679 5788 2814 5844 Θεοῦ
2831 5790 2919 5845 διὰ
2953 5790 3192 5857 Μωσίως
3211 5793 3453 5861 κληθεὶς,
3486 5792 3661 5858 οὕτως
3686 5791 3998 5864 lapatium,
