4154 6440
171 436 254 502 2ll
897 439 1302 501 EXPOSITIO
1332 439 1414 500 IN
1441 439 1678 501 EPlS'l‘.
1710 441 1810 500 AD
1845 443 2236 507 llEBREOS.
2262 470 2334 482 ·-
2364 445 2521 508 CAP.
2545 449 2628 510 .V.

3303 460 3413 524 242

170 549 251 601 oi:
285 548 448 610 αὐτος
497 547 864 618 ἐπιπηδήσας.
913 551 1022 603 Καὶ
1053 545 1120 604 αὖ
1143 552 1232 603 ὅτε
1271 551 1305 620 ἡ
1338 551 1534 620 ρἀδος
1566 552 1723 606 ἐϐλά-

1833 569 2012 622 ncque
2036 555 2152 622 ipse
2185 556 2402 612 assiliit.
2436 559 2512 612 Ac
2547 575 2742 616 rursus
2771 563 2993 632 quando
3017 564 3167 637 virga
3209 567 3409 628 lloruit.

173 655 367 708 στηςεν,
405 640 624 710 ἐδείχθη
647 642 728 693 ὅτι
760 640 1161 712 θεοπρόόλητος
1176 639 1265 713 ἦν’
1304 645 1396 696 καὶ
1424 643 1512 696 ὅτε
1539 645 1598 697 τὸ
1619 645 1726 716 πῦρ

169 731 424 798 κατέφαγε
463 732 586 793 τοὺς
613 733 1059 802 ἐπιπηδήσαντας
1083 735 1150 805 τῇ
1179 736 1476 810 ἱερωσύνῃ.

230 914 382 966 orm
415 915 514 968 καὶ
542 917 574 970 ό
600 913 881 982 Χριστὸς,
913 919 1028 984 οὐχ
1063 917 1284 972 ἑαυτὸν
1349 917 1606 983 ἐὸὀξασε
1640 938 1728 990 γε-

167 1004 405 1070 νηθῆναι
449 1008 770 1075 Ἀρχιερέα,
797 1009 936 1062 ἀλλ’
967 1011 1000 1062 d
1025 1011 1308 1077 λαλήσας
1343 1013 1494 1080 πρὸς
1515 1016 1722 1067 αὐτόν

167 1105 275 1160 ὶίός
292 1120 409 1170 μου
443 1099 618 1166 sint.
639 1103 753 1172 ἐγὼ
802 1105 1072 1173 σήμερον
1120 1107 1449 1175 γεγέννηκά
1482 1125 1572 1161 σε.
1611 1113 1726 1162 Κα-

167 1194 262 1256 θὼς·
285 1195 376 1246 καί
408 1196 480 1246 ἐν
510 1195 691 1263 ἑτέρῳ
729 1195 914 1262 λέγει·
952 1197 1036 1250 Σὺ
1073 1199 1265 1266 ἱερεὺς
1291 1201 1380 1265 εἰς
1407 1199 1514 1254 τόν
1543 1201 1727 1256 αἰῶνα

165 1287 294 1337 κατὰ
357 1287 478 1352 τὴν
539 1286 716 1351 τάξιν
776 1289 1176 1356 Μελχισεδέκ.
1211 1291 1391 1361 Ὅπερ
1431 1292 1459 1344 6
1489 1293 1727 1362 Χριστὸς

165 1376 420 1446 πιντιχοῦ
467 1376 676 1446 ἔλεγεν,
735 1379 820 1431 ὅτι
865 1380 1246 1449 Ἀπεστάιιην
1274 1387 1434 1450 παρὰ
1461 1383 1568 1437 τοῦ
1607 1388 1724 1438 Πα-

164 1467 302 1532 τρές,
333 1471 426 1521 καὶ
451 1469 546 1521 ἀπ’
575 1471 815 1539 ἐμαυτοῦ
845 1474 946 1526 οὐκ
970 1473 1227 1544 ἐλήλυθα,
1264 1475 1423 1529 τοῦτο
1456 1477 1550 1530 καὶ
1577 1477 1724 1530 Παῦ-

163 1561 237 1620 λος
267 1560 358 1611 νῦν
407 1560 706 1624 δείκνυσιν,
761 1564 842 1615 ὅτι
872 1566 982 1618 ἀπὸ
1016 1565 1154 1618 Θεοῦ
1194 1567 1554 1632 ἀπέσταλται,
1627 1571 1724 1622 καὶ

161 1653 248 1704 οὐκ
296 1652 460 1714 αὐτὸς
519 1653 774 1718 ἐδόξασεν
835 1656 1020 1720 αὑτὸν,
1071 1656 1244 1711 ἀλλ“ὁ
1275 1659 1520 1728 λαλήσας
1581 1661 1718 1730 πρὸς

165 1742 330 1806 αὑτὸν,
362 1741 666 1805 τουτέστιν,
700 1743 910 1816 ἐνεεῖνος
935 1743 1188 1808 ἐδόξασεν
1213 1746 1396 1797 αὐτόν·
1429 1745 1590 1798 τοῦτο
1614 1749 1724 1818 γὰρ

164 1831 296 1897 δέξαι
323 1835 464 1885 κατὰ
504 1832 710 1887 κοινοῦ.
759 1833 908 1888 Ἐπεὶ
939 1835 1034 1887 οὖν
1063 1839 1090 1889 6
1123 1838 1263 1906 μετὰ
1307 1837 1516 1906 Ἀαρὼν
1551 1839 1722 1890 πολλὰ

1837 657 2330 702 eommonstralum
2379 659 2465 708 est
2506 653 2653 722 quod
2706 653 2973 714 divinitus
3013 658 3219 714 missus
3247 669 3410 716 erat:

1835 745 1886 790 et
1919 737 2142 804 quando
2175 738 2318 807 ignis
2353 741 2638 800 devoravit
2667 760 2763 802 eos
2802 748 2893 816 qui
2921 752 3288 806 sacerdotium
3321 768 3416 822 per

1837 844 1896 883 Se
1937 829 2292 887 invasissent.

1909 919 2071 976 Vens.
2096 923 2151 980 fi.
2186 923 2236 978 6.
2283 923 2371 978 Sic
2407 936 2455 978 ct
2497 927 2734 983 Christus
2767 946 2870 984 non
2893 933 3120 1000 mimum
3145 935 3415 1005 glori/ica-

1835 1007 1906 1059 uit
1933 1019 1989 1062 ut
2012 1011 2155 1074 ﬁeret
2191 1012 2463 1082 Pontifex,
2493 1015 2586 1070 sed
2619 1021 2707 1086 qui
2731 1020 2940 1075 locutus
2974 1033 3052 1078 est
3093 1026 3162 1078 ad
3187 1027 3356 1092 ipsum
3394 1044 3411 1080 :

1838 1097 2009 1154 Filius
2042 1119 2181 1156 naeus
2211 1121 2263 1160 es
2321 1117 2396 1171 tu,
2421 1125 2516 1178 ego
2559 1109 2712 1166 hodie
2739 1116 2894 1182 genui
2947 1125 3015 1171 te.
3053 1117 3413 1183 Quemadmo-

1834 1191 1958 1245 dum
1990 1203 2039 1247 et
2071 1195 2125 1248 in
2157 1195 2322 1268 677
2355 1201 2461 1254 alio
2500 1203 2616 1256 loco
2657 1205 2785 1258 dicit
2823 1225 2838 1260 :
2878 1207 2955 1262 Tu
2991 1227 3046 1264 es
3077 1210 3336 1266 Sacerdos
3361 1214 3413 1266 in

1834 1295 2090 1340 a'lernum
2149 1291 2434 1344 secundani
2509 1297 2750 1349 ordinem
2825 1298 3193 1357 Melchisedec.
3256 1304 3412 1370 Quod

1831 1377 2082 1434 Christus
2114 1382 2318 1451 passim
2345 1384 2559 1442 dicebat
2592 1405 2606 1442 :
2635 1388 2834 1444 Missus
2868 1407 2984 1444 sum
3018 1409 3050 1446 a
3089 1393 3274 1458 Patre,
3306 1405 3360 1449 et
3385 1413 3410 1448 ιι

1833 1472 2043 1540 meipso
2080 1488 2187 1528 non
2223 1476 2370 1542 veni,
2403 1478 2508 1532 hoc
2529 1489 2580 1535 et
2607 1479 2809 1537 Paulus
2840 1500 2986 1540 nunc
3011 1485 3234 1551 iudicat,
3267 1492 3412 1558 quod

1832 1574 1862 1612 a
1895 1560 2004 1615 Deo
2029 1565 2231 1621 missus
2255 1565 2325 1620 sit
2352 1583 2366 1620 :
2401 1582 2501 1622 nec
2530 1569 2646 1638 ipse
2672 1571 2993 1641 gloriﬁcavit
3023 1579 3287 1646 seipsum,
3316 1579 3411 1633 sed

1831 1653 1924 1720 qui
1957 1653 2171 1712 locutus
2226 1668 2309 1714 est
2361 1661 2426 1716 ad
2456 1677 2620 1730 eum,
2669 1665 2773 1719 hoc
2818 1675 2921 1732 est,
2964 1667 3056 1721 ille
3092 1669 3413 1738 gloriﬁcavit

1831 1759 1955 1798 eum
1997 1764 2008 1798 :
2050 1749 2154 1802 hoc
2179 1752 2324 1804 enim
2359 1762 2443 1808 est
2467 1760 2846 1824 repetendum.
2870 1759 3008 1824 Quia
3037 1761 3202 1832 igitur
3228 1765 3411 1818 Aaron

1831 1835 2000 1890 multa
2035 1837 2238 1893 indicia
2288 1844 2570 1900 sensibilia
2615 1848 2848 1904 habebat
2880 1851 3028 1920 quod
3061 1867 3090 1905 a
3135 1854 3248 1908 Deo
3279 1853 3414 1909 mis-

161 1923 418 1992 τεκμήρια
446 1922 684 1994 αἰσθητὰ
701 1919 816 1994 εἶχε
851 1925 944 1977 τοῦ
965 1926 1362 1997 θεοπρέϐλητος
1393 1923 1558 1992 εἶναι,
1591 1927 1723 1981 καθὸ

1829 1940 1920 1980 sus
1952 1937 2123 1994 esset,
2150 1939 2207 1984 ut
2233 1932 2440 1988 dictum
2468 1944 2578 2000 est,
2605 1938 2862 1994 Christus
2891 1950 3075 1996 autem
3115 1944 3253 1998 nihil
3285 1961 3410 2000 sen-

162 2017 492 2084 προείρηται,
524 2016 554 2066 6
575 2015 632 2067 δὲ
657 2016 894 2086 Χριστὸς
926 2016 1080 2070 οὐδὲν
1108 2017 1388 2086 αἰσθητὸν,
1414 2017 1552 2070 ἀλλὰ
1585 2018 1725 2088 μᾶλ-

163 2108 238 2159 λον
259 2109 348 2160 καὶ
379 2109 429 2160 οἱ
463 2107 882 2165 ἐναντιωθέντες
923 2107 1094 2176 αὐτῷ,
1153 2109 1246 2160 καὶ
1277 2108 1724 2173 ἀποκτείναντες,

161 2199 279 2262 τέως
328 2199 678 2268 εὐδοκίμουν,
723 2200 818 2250 καὶ
850 2199 1028 2253 πάντα
1062 2195 1200 2271 ἦγον
1235 2201 1329 2253 καὶ
1360 2201 1577 2271 ἔφερον,
1617 2202 1728 2254 δεί-

164 2306 304 2341 κνυσι
345 2292 409 2342 τὸ
449 2291 658 2359 μεῖζον,
724 2291 834 2343 ἀπὸ
875 2293 1220 2362 προφητείας
1276 2292 1726 2364 μαρτυρούμενον

161 2381 304 2432 αὐτὸν
326 2384 408 2435 Et:
447 2381 850 2451 θεοπριξσλητῦς
907 2386 1046 2438 ὲστι.
1115 2387 1274 2436 Δοκεῖ
1291 2383 1346 2436 δὲ
1381 2385 1725 2454 ἀνάρμοστος

163 2469 282 2524 εἶναι
316 2473 347 2540 ἡ
375 2473 442 2523 ὲκ
477 2471 570 2523 τοῦ
613 2471 870 2540 δευτέρου
899 2471 1115 2541 ψαλμοῦ
1149 2470 1460 2542 προφητεία
1485 2471 1636 2542 πρὸς
1666 2471 1724 2523 τὸ

161 2565 528 2633 προκείμενον.
588 2563 887 2632 Προῦκειτο
946 2563 1044 2633 μὲν
1077 2565 1185 2632 γὰρ
1242 2563 1516 2634 δήπουθεν
1587 2565 1724 2615 ἀπο-

159 2653 416 2722 δειχθῆναι.
453 2653 853 2724 Θεοπρὸὁλητυν
878 2653 1144 2724 ἀρχιερέα
1175 2654 1268 2707 τὸν
1301 2655 1560 2725 Χριστὸν,
1585 2655 1722 2726 αὕτη

160 2747 208 2798 δ’
235 2749 262 2814 ἡ
289 2747 568 2816 μαρτυρία
592 2747 653 2799 τδ
683 2749 747 2799 ἐκ
776 2745 870 2799 τοῦ
917 2745 1129 2816 Πατρῢς
1160 2743 1521 2815 γεγεννῆσθαι
1551 2745 1721 2815 δηλοῖ.

161 2835 392 2889 Mihin:
451 2838 552 2906 μὲν
604 2831 723 2899 οὖν,
761 2836 856 2888 καὶ
885 2837 943 2886 τὸ
985 2835 1092 2887 ὑπὸ
1132 2835 1269 2888 Θεοῦ
1339 2835 1721 2904 γεγεννῆσθαι,

160 2931 572 2997 αροκατασκευή
627 2931 744 2980 ἐστι
795 2927 888 2979 τοῦ
925 2927 1031 2980 ὑπὸ
1083 2927 1218 2980 ε)εοῦ
1255 2929 1720 2998 χειροτονηθῆναι.

163 3021 375 3073 Ἔπειτα
407 3021 510 3072 καὶ
535 3021 650 3072 τόδε
677 3019 1057 3086 προσλογεζου,
1103 3019 1184 3073 ὅτι
1219 3019 1403 3090 ἐπειδὴ
1439 3021 1532 3072 καὶ
1562 3021 1620 3073 ἐν
1647 3019 1724 3091 τῷ

159 3111 424 3180 ἑκατοστῷ
461 3111 670 3180 ἐννάτῳ
689 3110 903 3180 Ψαλμῷ
925 3112 1166 3180 εἴρηκενο
1187 3112 1287 3164 Ἐκ
1321 3112 1582 3179 γαστρὸς
1607 3113 1722 3179 πρὸ

167 3205 499 3270 Ἦωσροῖρου
533 3203 862 3271 γεγέννηκά
905 3219 1000 3254 σε.
1043 3199 1176 3254 Εἶτα
1211 3203 1348 3271 μετὰ
1382 3203 1558 3272 βραχὺ
1584 3206 1719 3274 ἐπή-

161 3311 301 3360 γιγε·
359 3297 446 3347 Σὺ
502 3295 696 3360 ἱερεὺς
738 3297 824 3357 εἰς
873 3293 982 3344 τὸν
1038 3292 1222 3346 αἰῶνα
1251 3295 1399 3347 κατὰ
1423 3294 1727 3360 τίιντιίξιν

160 3386 520 3452 Μελχισεδέκ
541 3402 552 3412 ·
588 3385 800 3454 ἥνωσεν
843 3385 868 3436 6
911 3383 1123 3446 Παῦλος
1167 3385 1402 3437 ἐνταῦθα
1433 3385 1498 3438 τὰ
1525 3387 1582 3438 ἐν
1613 3387 1722 3456 ἀμ-

161 3477 390 3544 φοτέροις
447 3479 562 3538 τοῖς
611 3477 850 3546 ψαλμοῖς
921 3475 1048 3546 περὶ
1091 3479 1400 3545 γεννήσεως
1429 3477 1719 3548 λεγόμενα,

159 3567 344 3620 ὡσανεὶ
383 3569 552 3620 τοῦτο
601 3567 806 3636 λέγων·
845 3565 936 3637 Μὴ
969 3566 1248 3639 ὑπολάϐῃς
1279 3567 1361 3619 ὅτι
1397 3569 1526 3638 περὶ
1561 3567 1722 3620 ἄλλου

157 3661 279 3722 τινὲς
301 3660 528 3727 λέγεται
553 3659 632 3720 τὺ,
671 3660 753 3712 Σὺ
779 3657 990 3726 ἰερεὺς
1015 3661 1065 3712 εἰ
1108 3661 1196 3724 εἰς
1226 3660 1332 3713 τὸν
1373 3657 1580 3724 αἰῶνα,
1609 3657 1724 3713 ἀλλ’

159 3753 324 3820 ἧπερὶ
345 3753 440 3804 τοῦ
473 3753 830 3820 γεννηθέντος
861 3751 966 3818 πρὸ
997 3749 1335 3822 Ἑωσφόρουο
1367 3744 1520 3814 οὗτος
1547 3751 1602 3804 δὲ
1625 3751 1724 3806 οὐκ

159 3844 296 3906 ἄλλος
357 3845 538 3908 ἐστὶν,
565 3843 600 3914 ἦ
629 3843 657 3894 6
686 3844 743 3894 ὲν
773 3840 850 3910 τῷ
876 3839 1117 3910 δευτέρῳ
1181 3841 1386 3912 ψαλμῷ
1429 3842 1724 3912 λεγόμενος

157 3936 406 4002 σήμερον
436 3933 824 4002 γεννηθῆναι·
875 3933 936 3985 τό
956 3949 1013 3983 τε
1042 3931 1172 4002 γὰρ,
1204 3934 1318 4000 πρὸ
1358 3933 1722 4002 Ἑωσφόρου,

158 4029 205 4077 τὸ
233 4029 458 4096 ἄχρονον
492 4025 646 4094 δηλοῖ
669 4042 683 4055 υ
733 4025 829 4076 καὶ
857 4025 936 4088 τὸ,
981 4023 1271 4091 σήμερον,
1301 4023 1362 4076 τὸ
1393 4024 1490 4077 ἀπ’
1527 4026 1718 4094 ἀρχῆς,

156 4120 407 4184 τευτέστι,
471 4117 568 4184 ἀφ’
600 4107 663 4167 οἶδ
693 4115 722 4164 6
751 4116 962 4184 Πατήρ.
1011 4115 1072 4166 ’0
1113 4115 1168 4166 δὲ
1198 4115 1452 4184 δεύτερος
1509 4115 1725 4184 ψαλμδς

157 4211 401 4277 πώηλον
442 4210 530 4263 ὅτι
586 4209 767 4262 πάντα
817 4208 897 4269 εἰς
957 4208 1196 4274 Χριστὸν
1241 4205 1527 4276 ἀναφέρει.
1587 4208 1724 4276 Περὶ

155 4303 372 4368 Χριστοῦ
399 4304 518 4370 ἄρα
547 4301 640 4352 καὶ
655 4300 738 4364 τὸ,
769 4297 848 4351 Σὺ
886 4297 1108 4366 Ἰερεὺς
1142 4299 1229 4363 εἰς
1262 4297 1369 4351 τὸν
1393 4297 1600 4351 αἰῶνα.
1635 4299 1724 4351 Εἰ-

155 4397 398 4449 πάτωσαν
437 4395 500 4446 δὲ
543 4392 808 4456 Ἰουδαῖοι,
875 4389 959 4454 τίς
995 4389 1180 4459 ἔτερος
1211 4391 1392 4460 ἱερεὺς
1450 4389 1594 4443 κατὰ
1624 4390 1722 4460 τὴν

155 4484 288 4548 τάξιν
316 4481 666 4553 Μελχισεδὲκ
693 4481 934 4548 ἐγένετο,
959 4479 1008 4531 εἰ
1039 4477 1429 4550 μὴόΧριστός.
1481 4480 1555 4532 O6
1580 4479 1720 4534 πάν-

1830 2016 1990 2072 sibile
2044 2019 2298 2088 habebat,
2342 2025 2473 2094 quin
2507 2029 2692 2096 potius
2742 2030 2835 2099 qui
2875 2032 3308 2089 adversabantur
3340 2037 3410 2102 ei,

1829 2117 1883 2162 et
1929 2111 2278 2178 occidebant,
2311 2115 2364 2168 in
2397 2118 2570 2186 pretio
2597 2127 2714 2174 tum
2756 2131 2934 2186 erant,
2968 2132 3024 2178 et
3054 2139 3154 2193 pro
3185 2127 3413 2181 arbitrio

1830 2205 2082 2268 agebant.
2109 2219 2172 2259 ac
2202 2208 2498 2263 versabant
2521 2212 2705 2266 omnia
2741 2231 2754 2266 :
2788 2215 3043 2284 producit
3080 2215 3191 2286 jam
3233 2219 3412 2288 majus

1831 2294 2200 2350 testimonium
2235 2312 2298 2352 ex
2329 2299 2632 2370 prophetia,
2659 2303 2801 2372 quod
2829 2313 3060 2362 testetur
3081 2324 3206 2362 eum
3240 2324 3268 2362 a
3303 2309 3411 2365 Deo

1833 2395 2101 2436 vocatum.
2167 2383 2394 2439 Videtur
2441 2397 2624 2443 autem
2675 2392 3072 2450 inconveniens
3124 2411 3410 2454 esseese-

1829 2474 2010 2528 cuudo
2048 2476 2258 2540 ρςςιΙιιιο
2287 2479 2454 2547 petita
2487 2483 2773 2551 prophetia
2808 2487 2872 2540 ad
2909 2487 3246 2544 institutum.
3281 2490 3413 2546 Pro-

1829 2565 2067 2631 positum
2124 2569 2268 2620 enim
2325 2579 2441 2623 erat
2493 2581 2552 2625 ut
2609 2574 3084 2632 demonstraretur
3131 2579 3408 2636 Christum

1829 2651 2144 2711 Pontiﬁeem
2176 2675 2298 2714 esse
2337 2677 2366 2714 ιι
2407 2662 2514 2717 Deo
2539 2675 2790 2720 vocatum
2829 2677 2882 2722 et
2929 2669 3163 2724 electum
3205 2689 3218 2722 :
3251 2671 3410 2726 testi-

1827 2747 2068 2800 mouimu
2100 2761 2280 2804 autem
2309 2753 2450 2806 istud
2483 2771 2512 2807 ιι
2543 2756 2704 2812 Patre
2725 2770 2910 2812 uatum
2937 2762 3158 2816 asserit.
3181 2761 3414 2818 Maximo

1828 2845 2010 2890 autem
2051 2854 2078 2891 a
2116 2841 2224 2894 lico
2271 2853 2456 2898 uatum
2497 2861 2639 2910 esse,
2679 2851 3006 2918 praeparatio
3041 2863 3125 2906 est
3165 2852 3234 2907 ad
3284 2854 3410 2918 hoc,

1829 2935 1942 2981 uta
1967 2929 2076 2983 Deo
2113 2934 2276 2986 etiam
2309 2936 2596 2992 ordinatus
2627 2939 2722 2994 sit.
2758 2940 2985 3011 Insuper
3011 2944 3194 2998 ethoc
3230 2954 3408 3000 tecum

1829 3033 2040 3090 reputa,
2075 3027 2218 3093 quod
2249 3037 2544 3100 postquam
2581 3034 2634 3086 in
2675 3039 2986 3092 centesimo
3017 3055 3164 3094 nono
3195 3039 3412 3094 Psalmo

1825 3113 2021 3168 dixerit
2051 3135 2063 3169 :
2101 3116 2183 3168 Ea:
2221 3129 2365 3173 utero
2399 3133 2523 3177 ante
2571 3124 2874 3194 Luciferum
2905 3132 3058 3198 genui
3087 3143 3185 3184 te:
3213 3131 3412 3185 deinde

1831 3205 1991 3272 paqu
2021 3215 2144 3272 post
2178 3208 2361 3262 intulit
2396 3228 2410 3261 :
2452 3211 2529 3263 Tu
2564 3229 2616 3266 es
2658 3215 2918 3270 Sacerdos
2959 3221 3010 3271 in
3042 3229 3296 3273 wternum
3329 3237 3412 3274 se-

1828 3295 2066 3348 cundum
2105 3301 2344 3353 ordinem
2387 3301 2730 3360 Melchisedec
2763 3323 2783 3364 .'
2813 3311 3106 3378 conjunxit
3152 3312 3238 3367 hic
3269 3311 3409 3366 Pau-

1828 3383 1914 3437 lus
1958 3403 2080 3454 qua:
2116 3389 2170 3442 in
2209 3399 2442 3460 utroque
2475 3393 2694 3450 Psalmo
2721 3399 2786 3452 de
2827 3403 3407 3470 generatioiie.ilicuii-

1827 3483 1916 3528 tur
1953 3498 1964 3531 :
2005 3481 2228 3546 perinde
2272 3499 2335 3540 ac
2389 3487 2434 3540 si
2492 3489 2636 3542 dicat
2675 3509 2688 3544 :
2739 3491 2817 3546 Ne
2865 3493 3150 3550 existimes
3193 3496 3262 3551 de
3301 3498 3410 3552 alio

1827 3571 2082 3639 quopiam
2115 3573 2248 3640 dici,
2290 3576 2362 3629 Tu
2400 3595 2454 3631 es
2499 3579 2758 3636 Sacerdos
2800 3586 2856 3638 in
2890 3597 3168 3651 (rternum,
3214 3589 3316 3642 nisi
3344 3589 3408 3644 dc

1827 3675 1892 3716 eo
1915 3663 2008 3732 qui
2042 3674 2203 3718 natus
2241 3677 2326 3720 est
2367 3680 2492 3725 ante
2525 3671 2863 3731 Luciferum.
2899 3675 2946 3730 Is
2991 3693 3156 3746 porro
3183 3695 3292 3732 non
3323 3689 3408 3734 est

1828 3753 1989 3818 alius,
2024 3771 2186 3824 quam
2225 3757 2318 3825 qui
2351 3757 2406 3812 in
2433 3763 2678 3818 secundo
2729 3767 2942 3832 psalmo
2969 3765 3194 3832 dicitur,
3237 3769 3408 3824 Hodie

1825 3840 2027 3906 genitus
2053 3857 2186 3898 esse.
2219 3843 2378 3909 Quod
2407 3849 2553 3902 enim
2585 3852 2682 3914 ait,
2723 3864 2844 3906 ante
2893 3853 3218 3923 Luci/erum,
3245 3871 3406 3915 teter-

1827 3927 2050 3982 nitatem
2085 3932 2328 4003 designat
2355 3943 2620 4010 temporis
2651 3953 2955 4014 expertem.
2987 3946 3160 4003 Hodie
3189 3966 3338 4016 vero,
3377 3969 3404 4006 a

1829 4018 2096 4088 principio
2151 4023 2442 4092 signiﬁcat,
2493 4030 2595 4085 hoc
2641 4043 2748 4098 est,
2789 4049 2854 4088 ex
2905 4051 3014 4106 quo
3067 4037 3228 4094 Pater
3263 4049 3403 4097 erat.

1827 4107 1996 4164 Porro
2025 4123 2245 4180 planum
2275 4125 2359 4171 est
2393 4119 2540 4186 quod
2569 4124 2845 4179 secundus
2869 4127 3117 4196 psalmus
3148 4129 3213 4182 ad
3247 4129 3404 4184 Chri-

1827 4209 1970 4254 stum
2017 4203 2202 4256 omnia
2251 4209 2473 4263 rel'erat.
2517 4211 2594 4268 De
2630 4211 2852 4270 Christo
2900 4217 3084 4287 itaque
3115 4221 3280 4275 etiam
3317 4222 3406 4276 di-

1825 4301 1972 4348 ctum
2000 4305 2104 4362 est,
2133 4296 2209 4352 Tu
2237 4316 2290 4354 es
2325 4299 2585 4356 Sacerdos
2603 4304 2656 4356 in
2687 4316 2962 4362 wternum.
2995 4309 3184 4364 Dicant
3215 4323 3397 4367 autem

1823 4383 2014 4452 Judaei,
2047 4389 2298 4457 quisnam
2329 4393 2492 4448 fuerit
2535 4395 2674 4450 alius
2697 4398 2956 4454 sacerdos
2979 4406 3280 4456 secundum
3312 4420 3422 4476 or--

1823 4476 2006 4533 dinem
2068 4479 2507 4550 Melchisedech,
2565 4499 2762 4555 praeter
2827 4491 3130 4547 Christum.
3213 4495 3406 4552 Nonae

151 4593 228 4639 τες
253 4577 356 4629 ὑπὸ
382 4577 556 4644 νόμον
575 4567 718 4644 ἦσαν
739 4589 754 4632 ;
789 4572 864 4625 Οὐ
883 4569 1083 4634 πάντες
1117 4568 1477 4632 ὲσασσάτιζον
1509 4571 1601 4625 καὶ
1621 4570 1720 4636 τὰς

1828 4584 2016 4626 omnes
2041 4572 2144 4626 sub
2179 4573 2294 4639 lege
2325 4575 2587 4632 luerunt?
2620 4578 2814 4634 Nonne
2861 4597 3054 4638 omnes
3102 4585 3400 4641 Sabbatum

153 4667 324 4729 θυσίας
375 4665 770 4736 προσέφερον;
815 4663 1200 4734 Προδηλότατα
1248 4659 1344 4716 οὖν
1373 4664 1454 4725 εἰς
1487 4663 1721 4734 Χριστὸν

152 4757 312 4810 ταῦτα
368 4757 618 4825 εἴρηται,
656 4757 812 4825 μόνος
835 4755 943 4826 γὰρ
979 4751 1134 4816 οὗτος
1165 4754 1319 4826 ἄρτῳ
1343 4755 1437 4808 καὶ
1465 4755 1592 4826 οἴνῳ
1623 4759 1721 4823 τὴν

153 4847 326 4902 θυσίαν
363 4847 758 4916 ἀφωσιώσατο,
795 4847 868 4909 ὼς
909 4846 1004 4900 καὶ
1039 4848 1068 4898 6
1106 4846 1462 4916 Μελχισεδέκ.
1499 4846 1624 4908 Πῶς
1663 4845 1721 4898 δὲ

155 4936 258 4992 εἷπε
283 4943 364 5004 τὸ,
385 4943 480 5006 εἰς
524 4941 635 4992 τὸν
677 4936 900 5002 αἰῶνας
943 4938 1026 5008 ἂτι
1083 4939 1178 4991 καὶ
1208 4938 1304 4992 νῦν
1333 4939 1473 5008 μετὰ
1501 4937 1596 4992 τοῦ
1619 4937 1724 4990 σώ-

156 5049 326 5096 ματος,
359 5031 388 5084 ὃ
427 5031 575 5099 ὑπὲρ
603 5027 760 5099 ἡμῶν
791 5029 1006 5092 ἔθυσεν,
1044 5029 1364 5099 ἐντυγχάνει
1401 5029 1539 5100 ὑπὲρ
1567 5029 1722 5100 ἡμῶν

155 5121 220 5188 τῷ
269 5123 390 5190 Θεῷ
455 5123 558 5174 καὶ
613 5119 788 5192 Πατρί
819 5136 832 5148 ·
901 5119 1201 5186 τουτέστιν,
1254 5119 1396 5173 αὐτὰ
1441 5119 1523 5172 ’τὰ
1584 5119 1722 5190 ὑπὲρ

155 5214 293 5282 ἡμῶν
323 5214 478 5284 πάθη
515 5213 760 5282 μεγάλην
789 5213 1070 5268 δυσωπίαν
1108 5213 1493 5282 προϐάλλεται,
1525 5213 1724 5284 ἀλαλή-

154 5321 247 5368 τως
285 5306 468 5359 λαλῶν
499 5303 580 5373 τῷ
613 5305 812 5376 Πατρὶ,
868 5305 952 5358 ὅτι
1011 5303 1188 5372 ’Υπὲρ
1234 5305 1332 5374 τῆς
1375 5303 1724 5374 ἀνθρωπίνης

157 5397 352 5463 φύσεως
391 5399 422 5450 6
456 5396 552 5460 σὸς
578 5395 706 5458 Υἱὸς
731 5395 940 5464 ὑπέστη
969 5395 1145 5448 ταῦτα
1169 5410 1182 5424 ’
1211 5395 1436 5466 ἐλέησον
1461 5393 1555 5447 οὖν
1595 5394 1721 5447 τού-

155 5505 262 5556 τους
297 5493 444 5564 ὑπὲρ
471 5485 552 5544 ὧν
575 5490 890 5560 ἀνεσχόμην
939 5489 1051 5558 ὲγὼ
1089 5489 1302 5544 παθεῖν.
1326 5490 1397 5542 Ἢ
1434 5491 1516 5544 ὅτι
1543 5491 1576 5560 ἡ
1601 5489 1722 5542 καθ’

155 5581 374 5655 ἑκάστην
433 5583 703 5653 γινομένη
753 5583 848 5635 καὶ
901 5583 1246 5652 γενησομένη
1299 5583 1380 5646 εἰς
1409 5583 1500 5636 τὸν
1549 5583 1724 5634 αἰῶνα

157 5677 449 5746 προσφορὰ,
469 5675 566 5728 διὰ
589 5674 698 5727 τῶν
727 5673 820 5726 τοῦ
847 5673 983 5726 Θεοῦ
1019 5673 1376 5744 λειτουργῶν,
1413 5673 1577 5728 αὐτὸν
1609 5675 1724 5744 ἔχει

170 5765 442 5836 Ἀρχιερέα
483 5765 584 5820 καὶ
613 5763 788 5835 ’ἱερέα
819 5763 911 5818 τὸν
940 5763 1170 5833 Κύριον,
1217 5767 1314 5817 καὶ
1350 5766 1567 5834 ἱερεῖον,
1598 5767 1725 5818 tau-

159 5853 236 5906 τὶν
267 5857 406 5926 ὑπὲρ
435 5855 602 5926 ἡμῶν
647 5853 972 5922 ἁγιάζον-τα,
1001 5855 1096 5909 καὶ
1130 5852 1433 5926 κλὼίιενον,
1473 5855 1724 5910 3:16:66-

1826 4662 2198 4728 cclebrabant,
2231 4676 2284 4720 et
2307 4669 2558 4724 victimas
2591 4673 2894 4728 oll'erebaut
2917 4676 2938 4726 ἰ
2961 4676 3402 4734 Manifestissime

1825 4753 1994 4822 igitur
2020 4757 2086 4811 de
2115 4757 2334 4813 Christo
2370 4761 2474 4816 hoc
2526 4765 2734 4819 dictum
2769 4777 2890 4822 est:
2927 4771 3078 4824 solus
3131 4773 3278 4824 enim
3313 4773 3403 4826 ide.

1825 4860 1966 4916 pane
2005 4857 2060 4902 ct
2107 4849 2234 4904 vino
2285 4853 2612 4909 sacriﬁcium
2658 4859 3024 4920 consecravit.
3073 4862 3298 4929 perinde
3340 4877 3402 4916 ac

1827 4934 2210 4995 Melchisedec.
2242 4943 2346 5008 Qui
2380 4961 2510 4999 vero
2533 4947 2690 5012 dixit,
2711 4949 2764 5002 in
2799 4959 3052 5003 internum
3077 4955 3102 5006 γ
3129 4952 3398 5017 Quoniam

1825 5030 2128 5086 etiamnum
2160 5050 2264 5087 una
2300 5051 2424 5090 cum
2455 5052 2688 5107 corpore
2719 5042 2863 5110 quod
2893 5059 2992 5111 pro
3023 5044 3182 5099 uobis
3209 5046 3402 5099 immo-

1825 5121 1975 5188 lavit,
2000 5123 2142 5194 apud
2191 5123 2358 5180 Deum
2393 5127 2612 5183 Patrem
2647 5132 2955 5196 intercedit,
2991 5133 3094 5186 hoc
3124 5143 3225 5195 est,
3255 5134 3401 5203 ipsas

1825 5229 1962 5283 quas
1987 5231 2086 5284 pro
2103 5217 2261 5272 nobis
2289 5222 2510 5288 pertulit
2535 5221 2872 5290 aﬁlictiones,
2907 5233 2964 5276 ut
2989 5228 3221 5280 multum
3253 5243 3404 5281 com-

1827 5316 2063 5370 moveat,
2099 5311 2374 5379 proponit,
2406 5313 2526 5368 sine
2557 5329 2692 5366 voce
2726 5311 2876 5369 Patri
2908 5316 2980 5368 ita
3003 5315 3230 5384 loquens
3259 5336 3272 5370 τ
3299 5315 3404 5372 Pro

1827 5399 2066 5456 humana
2091 5413 2290 5459 natura
2325 5404 2496 5460 Filius
2524 5413 2650 5460 tuus
2680 5407 2943 5461 sustinuit
2969 5410 3081 5462 haec
3105 5425 3118 5462 :
3140 5410 3402 5466 miserere

1827 5497 1992 5564 igitur
2019 5497 2240 5560 horum,
2271 5513 2371 5568 pro
2400 5497 2598 5568 quibus
2621 5513 2721 5568 ego
2749 5501 2860 5568 pati
2885 5509 2939 5553 et
2966 5501 3102 5554 mori
3134 5501 3398 5556 sustinui.

1827 5586 1920 5640 Vel
1955 5585 2082 5656 quia
2119 5601 2241 5656 quae
2289 5589 2342 5640 in
2375 5587 2624 5656 singulos
2649 5589 2766 5644 dies
2815 5589 2876 5642 lit
2911 5599 2967 5642 et
3000 5588 3186 5642 futura
3231 5599 3316 5644 est
3345 5591 3399 5644 in

1825 5681 2146 5742 perpetuum
2189 5671 2395 5726 oblatio
2423 5688 2518 5742 per
2548 5671 2645 5728 Dei
2688 5674 2992 5740 ministros,
3025 5677 3206 5744 ipsum
3239 5675 3403 5733 balnt

1825 5761 2144 5816 Pontificum
2177 5771 2234 5818 et
2275 5763 2626 5820 Sacerdotem
2675 5764 2986 5830 Dominum,
3029 5775 3194 5836 atque
3235 5766 3402 5836 678

1826 5854 1960 5910 adeo
1993 5854 2164 5926 ipsam
2207 5855 2464 5924 hostiam,
2509 5855 2601 5928 qui
2649 5857 2890 5928 scipsum
2939 5873 3042 5927 pro
3077 5859 3238 5912 nobis
3268 5873 3398 5912 san-
