4154 6440
736 379 844 442 ‘24}

1628 390 2202 455 THEOPHYLACTI
2232 390 2642 453 BULGARIAZ
2667 392 3027 454 ARCIIIEP.

3876 395 3990 459 244

738 502 965 569 retineat,
998 511 1052 558 et
1091 501 1383 574 frangitur.
1412 513 1466 560 et
1493 506 1859 564 distribuitur.
1901 510 2127 576 Quoties
2157 513 2291 567 enim

2412 528 2591 579 μενον.
2639 511 2859 575 Ὁσάκις
2915 510 3027 579 γὰρ
3082 507 3258 562 ταῦτα
3308 507 3540 576 γίνεται,
3568 507 3851 572 ὁθάνατος
3876 513 3980 564 τοῦ

738 596 859 647 haec
886 594 1041 659 ﬁunt,
1071 610 1218 651 mors
1244 596 1455 654 Domini
1490 604 1871 656 annuntiatur.

823 681 979 737 Vens.
1012 683 1064 738 7.
1106 685 1212 751 Qui
1244 687 1301 740 in
1322 686 1502 742 diebus
1532 690 1709 744 carnis
1748 708 1877 745 sure.
1914 691 2017 747 Per
2045 695 2160 750 dies
2183 710 2304 749 caro

740 772 827 824 nis
870 785 1005 836 suae,
1047 781 1261 844 tempus
1306 789 1416 843 quo
1451 776 1536 828 hic
1589 776 1743 842 vixit,
1795 781 1879 833 vel
1924 782 2039 837 dies
2083 798 2221 853 quos
2250 785 2304 840 in

736 862 845 913 vita
903 864 1005 917 hac
1059 864 1264 919 carnali
1324 868 1609 937 transegit.
1655 871 1966 940 signiﬁcat:
2001 889 2107 928 non
2159 878 2303 945 quod

736 968 887 1007 nunc
942 968 1162 1008 carnem
1217 954 1585 1025 deposuerit:
1642 975 1984 1031 nequaquam
2032 981 2045 1017 :
2107 968 2308 1022 retinet

734 1048 879 1099 enim
902 1061 1042 1111 eam,
1071 1049 1168 1104 sed
1200 1049 1671 1119 incorruptibilem
1712 1068 1773 1106 ac
1818 1057 2155 1124 superiorem
2181 1076 2303 1116 car-

734 1136 955 1191 nalibus
1007 1146 1063 1194 ct
1114 1139 1537 1211 inculpabilibus
1592 1145 1963 1216 passionibus,
2022 1153 2304 1225 nimirum,

735 1228 898 1289 [:tlllt‘,
953 1229 1064 1289 siti.
1111 1231 1320 1298 labore,
1355 1233 1517 1300 idque
1547 1250 1720 1302 genus
1748 1239 1894 1296 aliis.
1932 1243 2087 1296 Hunc
2122 1258 2303 1302 autem

733 1327 940 1371 textum
971 1321 1264 1389 Apostolus
1294 1341 1325 1378 a
1365 1323 1562 1379 Davidc
1600 1328 1933 1399 desumpsit,
1960 1336 2050 1403 qui
2085 1338 2217 1393 dicit
2249 1341 2304 1394 in

732 1409 945 1474 psalmo
968 1414 1267 1467 centesimo
1287 1414 1499 1469 decimo
1519 1429 1714 1486 quarto
1750 1438 1762 1473 :
1797 1420 1862 1473 Et
1893 1425 1945 1475 iu
1974 1425 2155 1482 diebus
2177 1434 2306 1487 meis

728 1498 981 1555 invocabo
1010 1501 1076 1557 “.
1103 1501 1308 1558 Totum
1336 1506 1479 1560 enim
1516 1515 1783 1577 psalmum
1817 1514 1880 1567 ad
1912 1515 2191 1575 Christum
2224 1539 2307 1578 re-

732 1587 838 1640 fert
865 1590 1181 1659 Apostolus.

800 1681 988 1736 Preces
1019 1696 1067 1738 et
1112 1692 1524 1756 supplicationes
1569 1693 1638 1745 ad
1671 1710 1789 1748 eum
1816 1697 1906 1766 qui
1943 1708 2113 1764 posset
2154 1699 2305 1753 illum

727 1771 935 1825 salvum
971 1773 1146 1841 facere
1172 1796 1203 1831 a
1241 1792 1407 1835 morte
1445 1800 1562 1837 cum
1593 1786 1824 1840 clamore
1853 1788 2028 1840 valido
2052 1797 2101 1841 et
2131 1790 2303 1858 lacry-

2410 602 2616 669 Κυρίου
2655 602 3110 671 καταγγέλλεται.

2486 694 2589 757 Ὃς
2611 692 2679 744 ἐν
2707 693 2837 756 ταῖς
2873 692 3117 761 ἡμέραις
3150 690 3261 758 τῆς
3295 689 3522 758 σαρκὸς
3558 688 3768 743 αὐτοῦ.
3816 688 3990 757 Ἡμέ-

2410 797 2508 849 ρας
2537 782 2635 849 τῆς
2668 782 2872 851 σαρκὸς
2899 775 3090 853 ᾳδτοῡ,
3112 781 3208 842 τὰς
3234 781 3291 831 ὲν
3314 783 3379 850 τῇ
3410 783 3645 849 σαρκικῇ
3679 779 3844 832 αὑτοῦ
3869 779 3986 848 ζωῇ

2408 871 2619 941 ἡμέρας
2649 873 2815 943 δηλοῖ·
2832 858 3043 951 ούχρτιι
3061 870 3158 925 νῦν
3182 872 3418 925 ἀπέθετο
3435 871 3534 940 τὴν
3555 871 3753 940 σάρκα·
3776 871 3986 935 ἄπαγε’

2408 960 2523 1029 ἔχει
2560 963 2669 1033 γὰρ
2698 963 2889 1033 αὐτὴν,
2921 965 2969 1015 εἰ
2996 960 3090 1037 xu).
3140 961 3418 1032 ἄφθαρτον
3445 962 3539 1014 καὶ
3566 960 3847 1031 ἁνωτέραν
3887 960 3988 1010 καί⁵

2408 1051 2589 1104 αὐτῶν
2644 1053 2754 1105 τῶν
2808 1038 3090 1122 σαρκικῶν
3121 1053 3170 1085 ⁷⁸
3222 1054 3318 1105 καὶ
3366 1052 3705 1119 ἀδιασλήτων
3751 1050 3986 1109 παθῶν.

2410 1143 2621 1211 πείνης,
2661 1144 2843 1212 δίψης,
2884 1144 3074 1207 κόπου,
3122 1142 3215 1197 καὶ
3249 1142 3357 1193 τῶν
3381 1140 3658 1193 τοιούτων.
3684 1139 3903 1207 Ταύτην
3928 1138 3989 1190 δὲ

2408 1232 2506 1301 τὴν
2534 1235 2727 1302 χρῆσιν
2750 1236 2779 1285 ὁ
2820 1235 3139 1298 ’Δπὸστολος
3166 1234 3274 1287 ἀπὸ
3315 1233 3477 1286 Δαϐὶδ
3516 1231 3694 1292 ἔλαϐε,
3727 1231 3985 1295 λέγοντος

2408 1324 2759 1390 ὲνὲκατοστῷ
2817 1325 3395 1395 τεσσαρεσκαιδεκὰτῳ
3447 1323 3668 1393 ψαλμῷ,
3706 1322 3803 1372 Ἑν
3855 1318 3988 1382 ταῖς

2408 1417 2655 1483 ⁶ἡμέραις
2676 1433 2795 1484 μου
2815 1417 3271 1485 ἑπικαλέσομαι.
3302 1419 3483 1470 Πάντα.
3509 1417 3618 1484 γὰρ
3650 1415 3739 1466 τὸν
3768 1411 3987 1480 ψαλμὸν

2407 1509 2485 1567 είς
2510 1507 2745 1575 Χριστὸν
2774 1506 3109 1576 ἐκλαμεάνει
3132 1511 3158 1559 ὀ
3194 1507 3534 1579 ’Λπόστολος.

2476 1694 2721 1760 Δεήσεις
2744 1694 2843 1748 καὶ
2874 1697 3169 1762 ικετηρίας
3204 1696 3351 1762 πρὸς
3368 1696 3475 1749 τὸν
3508 1695 3847 1762 ὃυναμενον
3878 1693 3987 1744 αὐ·

2411 1784 2517 1838 τὸν
2547 1785 2755 1846 σώζειν
2775 1786 2844 1839 ἐκ
2878 1787 3137 1841 θανάτου
3192 1788 3342 1855 μετὰ
3402 1786 3670 1855 κραυγῆς
3724 1782 3983 1851 Ισχυίᾶς

727 1860 826 1911 mis
863 1862 1102 1931 offerens.
1145 1867 1272 1924 llaec
1315 1872 1381 1926 de
1411 1888 1573 1927 carne
1615 1873 1759 1928 dicta
1797 1885 1963 1929 sunt:
2011 1891 2118 1930 non
2152 1876 2291 1930 enim

2404 1876 2501 1928 καὶ
2533 1875 2808 1943 δακρύων
2833 1851 3264 1945 προσενέγκας.
3296 1851 3477 1929 Ταῦ-ενα
3504 1878 3632 1945 περὶ
3653 1874 3751 1941 τῆς
3776 1874 3982 1943 σαρκὸς

727 1958 789 2001 ιιι
820 1948 965 2006 lleus
997 1956 1342 2022 precabatur.
1394 1960 1522 2014 Esto
1560 1971 1736 2017 autem
1769 1964 1913 2033 quod
1956 1973 2292 2033 precaretur,

724 2052 833 2091 non
864 2049 1041 2095 tamen
1070 2060 1192 2099 cum
1217 2048 1457 2104 clamore
1473 2062 1525 2106 et
1552 2053 1807 2123 lacrymis
1834 2072 1846 2108 :
1882 2054 1982 2108 ista
2010 2058 2154 2110 enim
2188 2073 2294 2111 non

724 2141 855 2183 sunt
887 2131 976 2185 Dei
1013 2152 1028 2189 :
1061 2146 1315 2191 castorum
1343 2141 1789 2210 irreiragabiliter
1813 2145 2062 2201 humana:
2088 2157 2294 2202 natum

728 2225 892 2277 unius
921 2226 1119 2281 Christi
1157 2231 1271 2283 haec
1313 2233 1596 2288 tribuenda
1637 2246 1784 2300 sunt,
1819 2240 2014 2306 partim
2050 2239 2291 2307 quidem,

726 2322 787 2365 ut
816 2325 1109 2386 assumpta:
1145 2327 1355 2376 natura:
1395 2324 1595 2380 veritas
1627 2326 2054 2392 demonstretur,
2093 2332 2288 2399 partim

722 2414 877 2467 vero,
912 2412 972 2457 ut
993 2416 1047 2460 et
1083 2422 1215 2462 cura
1246 2411 1419 2479 ipsius
1449 2428 1575 2485 erga
1601 2432 1721 2481 nos,
1751 2433 1814 2473 ac
1844 2420 2155 2476 dilectionis
2190 2438 2287 2476 ex-

722 2493 976 2550 cellentia
1034 2498 1325 2555 indicetur.
1379 2504 1483 2559 Pro
1533 2508 1694 2563 nobis
1727 2510 1873 2563 enim
1918 2510 2031 2565 hau:
2075 2515 2289 2577 ouahat,

720 2586 869 2653 quod
914 2598 1157 2643 nostrum
1192 2603 1276 2646 est
1315 2594 1418 2648 sibi
1459 2597 1768 2663 vindicans,
1800 2612 1856 2654 ut
1900 2603 1951 2654 in
1988 2604 2288 2670 si-ip-ona-

721 2681 861 2729 tura:
890 2676 1139 2734 humanae
1169 2681 1538 2747 formidinem.
1570 2703 1674 2756 qua
1705 2698 1932 2745 mortem
1965 2696 2176 2755 metuit,
2196 2694 2289 2746 ab.

722 2776 986 2822 sumeret.
1046 2767 1255 2838 Reputa
1306 2775 1451 2827 enim
1500 2784 1703 2842 tecum,
1742 2779 1884 2846 quod
1940 2797 2200 2848 nusq-iam
2234 2784 2287 2835 in

720 2852 1032 2924 Evangeliis
1074 2862 1336 2931 scriptum
1370 2865 1464 2929 sit,
1504 2867 1648 2935 qttod
1691 2870 1932 2922 oraverit
1971 2887 2064 2939 pro
2102 2888 2286 2925 resur-

722 2948 968 3003 rectione
1010 2952 1119 3014 sui,
1164 2953 1258 3007 sed
1306 2966 1494 3009 contra
1547 2958 1750 3025 potius,
1804 2975 1867 3013 ex
1904 2964 2141 3028 poli-Mitt
2190 2978 2285 3016 sua

720 3036 921 3092 dixerit
967 3051 1149 3109 aperte
1203 3060 1216 3096 :
1276 3042 1473 3099 Solvite
1518 3047 1769 3114 (cuipiam
1823 3052 1919 3102 hoc
1954 3060 2001 3104 et
2046 3055 2285 3105 excitabo

720 3126 897 3193 ipsum
930 3127 1015 3191 ";
1068 3139 1121 3184 et
1173 3130 1491 3187 Potestutem
1553 3136 1717 3189 habeo
1764 3140 1999 3193 sumendi
2052 3143 2282 3193 animum

720 3232 890 3269 meum
916 3219 980 3273 ’³.

794 3307 960 3365 Vens.
1009 3312 1058 3372 7,
1095 3312 1147 3367 8.
1194 3314 1259 3368 Et
1298 3317 1580 3374 exauditus
1622 3335 1717 3388 pro
1772 3325 2058 3375 reverentia
2084 3363 2097 3386 ,
2156 3334 2289 3374 tam-

717 3402 819 3455 etsi
848 3400 1014 3456 Filius
1032 3415 1186 3460 esset.
1221 3405 1335 3462 "uc
1364 3413 1521 3465 etiam
1548 3421 1767 3483 propter
1798 3429 2017 3468 carnem
2058 3422 2111 3469 et
2139 3416 2294 3468 audi-

719 3500 900 3546 torum
925 3493 1347 3552 imbecillitatem
1379 3500 1515 3553 dixit
1542 3518 1555 3554 :
1586 3502 1827 3556 nondum
1857 3504 2003 3557 enim
2037 3519 2288 3572 magnam

718 3579 788 3636 tle
813 3598 880 3637 eo
922 3587 1236 3655 opinionem
1289 3589 1584 3646 habebant.
1624 3592 1778 3657 Quod
1824 3594 1988 3661 igitur
2017 3595 2170 3657 dicit,
2206 3602 2289 3647 cst

720 3672 1031 3741 hujusmodi
1069 3695 1081 3732 :
1119 3677 1294 3733 Tanta
1350 3681 1524 3749 ipsius
1573 3692 1659 3736 est
1704 3684 2027 3743 reverentia,
2081 3692 2137 3736 ut
2167 3684 2288 3752 ejus

721 3765 904 3829 potius
936 3781 1076 3836 opus
1110 3778 1276 3836 esset,
1308 3787 1470 3839 quam
1519 3776 1704 3841 gratia:
1732 3774 1849 3836 Dei,
1889 3777 2032 3844 quod
2060 3777 2289 3830 exaudi-

720 3862 872 3907 retur
902 3856 1015 3924 ipse
1038 3845 1066 3922 ;’
1095 3869 1258 3928 atquo
1298 3876 1361 3915 ex
1403 3862 1502 3915 hac
1557 3865 1856 3918 reverentia
1912 3865 2176 3919 reveritus
2206 3876 2290 3921 est

718 3961 843 3997 eum
888 3947 1048 4011 Deus,
1080 3960 1135 4003 et
1168 3954 1332 4014 veluti
1375 3958 1583 4022 pudore
1618 3965 1800 4012 motus
1835 3958 2113 4011 exaudivit
2140 3974 2285 4020 eum,

718 4050 1028 4104 quanquam
1060 4037 1227 4093 Filius
1250 4052 1417 4108 esset,
1462 4044 1794 4115 haberetque
1826 4062 1952 4115 erga
1986 4048 2161 4116 ipsum
2194 4064 2291 4100 ua-

722 4127 952 4183 tnralcm
1007 4129 1257 4183 lidueiam
1308 4152 1320 4184 :
1387 4136 1524 4188 adeo
1583 4152 1775 4205 magna
1817 4149 1934 4192 erat
1990 4148 2041 4191 et
2087 4139 2290 4207 pudore

719 4216 902 4287 digna.
929 4219 1006 4278 Nc
1042 4222 1206 4288 igitur
1246 4224 1568 4293 desperetis,
1599 4242 1725 4280 cum
1765 4228 2050 4283 Dominum
2087 4230 2289 4283 habea-

720 4308 813 4369 tis,
860 4310 952 4377 qui
1000 4324 1028 4361 a
1073 4312 1232 4365 Patre
1288 4316 1633 4369 exaudiatur.
1683 4316 1737 4370 Si
1783 4319 1946 4387 igitur
1990 4319 2287 4388 quidquam

722 4402 900 4467 ipsum
931 4406 1221 4471 petieritis,
1253 4407 1402 4460 dabit
1435 4409 1587 4464 vobis
1613 4428 1625 4463 :
1654 4411 1798 4479 quod
1823 4420 1876 4464 et
1896 4413 2009 4481 ipse
2035 4412 2289 4466 Christus

2402 1972 2638 2040 εἴρηται,
2662 1970 2723 2022 ού
2740 1969 2849 2040 γὰρ
2877 1969 2941 2038 δὴ
2968 1970 3043 2032 ὡς
3069 1969 3203 2031 Θεὸς
3234 1971 3425 2023 ἐδεῖτο.
3471 1967 3653 2020 Ἔστω
3683 1966 3739 2017 δὲ
3766 1967 3847 2016 ὅτι
3884 1964 3981 2016 καὶ

2403 2062 2591 2124 ἐδεῖτο,
2620 2061 2679 2112 ού
2716 2060 2885 2130 δήπου
2926 2062 3023 2114 καί⁵
3081 2062 3220 2127 μετᾶ
3264 2060 3511 2130 κραυγῆς
3544 2059 3635 2110 καὶ
3679 2057 3935 2127 δακρύων
3964 2070 3977 2083 ⁸

2400 2152 2571 2205 ταῦτα
2605 2154 2712 2221 γὰρ
2738 2153 2799 2203 ού
2826 2151 2983 2215 Θεοῦ,
3028 2152 3144 2204 ἀλλ’
3178 2152 3593 2222 ἁναντιρρήτως
3646 2148 3722 2216 τῷ
3760 2148 3983 2215 ἀνθρω-

2402 2244 2539 2312 πίνῳ
2568 2244 2659 2294 τοῦ
2687 2244 2803 2304 ἐσμὸς
2831 2244 3065 2311 Χριστοῦ
3114 2243 3289 2295 ταῦτα
3324 2241 3763 2311 προσαναθετέον
3792 2258 3805 2269 ·
3856 2239 3981 2306 ἅμα

2403 2334 2500 2401 μὲν
2532 2334 2617 2384 ἵνα
2641 2333 2824 2402 δειχθῇ
2848 2332 2909 2384 τὸ
2928 2332 3126 2399 ἀληθὲς
3155 2332 3251 2400 τῆς
3278 2330 3719 2401 προσληφθείσης
3737 2328 3979 2394 φύσεως,

2397 2422 2513 2492 ἅμα
2541 2423 2595 2475 δὲ
2615 2424 2700 2475 ἶνα
2731 2424 2825 2475 καὶ
2852 2423 2913 2475 τὸ
2950 2424 3085 2492 πρὸς
3141 2424 3288 2492 ἡμᾶς
3325 2421 3701 2491 κηδεμονικὸν,
3749 2418 3846 2469 καὶ
3876 2417 3981 2484 τῆς

2397 2514 2616 2581 ἀγάπης
2640 2514 2673 2582 ἡ
2715 2512 2993 2583 ὑπερϐολὴ
3035 2514 3178 2581 φανῇ
3201 2513 3274 2548 ⁷⁷·
3308 2512 3448 2580 ὑπὲρ
3477 2510 3583 2579 γὰρ
3615 2508 3770 2577 ἡμῶν
3798 2505 3981 2558 ταῦτα

2395 2602 2614 2671 ηὔχετο,
2644 2604 2705 2654 τὸ
2734 2604 3001 2672 ἡμέτερον
3033 2603 3428 2670 οἰκειούμενος,
3460 2601 3548 2653 ἵνα
3582 2604 3640 2653 ἐν
3666 2596 3847 2665 ἐαυτῷ
3873 2598 3977 2650 δα-

2396 2696 2616 2764 πανήςῃ
2669 2693 2767 2764 τὴν
2794 2694 2927 2763 πρὸς
2961 2694 3052 2746 τὸν
3082 2693 3310 2745 θάνατον
3364 2692 3563 2744 δειλίαν
3595 2692 3690 2759 τῆς
3726 2689 3974 2756 φύσεως.

2407 2785 2558 2836 Ἐπεὶ
2613 2785 2803 2837 σκόπει
2854 2785 2937 2837 ὅτι
2989 2783 3293 2853 οὐδαμοῦη
3324 2783 3433 2835 τῶν
3487 2780 3833 2848 Εὑαγγεὶίων
3882 2778 3980 2845 γέ-

2394 2895 2638 2948 γραπται
2687 2878 2984 2945 εὐξάμενος
3034 2878 3164 2946 περὶ
3218 2876 3313 2929 τοῦ
3359 2875 3787 2936 ἀναστήσεσθαι,
3830 2870 3978 2923 ἀλλὰ

2394 2970 2717 3035 τούναντίονξ
2754 2969 2873 3021 κατ’
2925 2968 3176 3031 ἐξουσίαν
3218 2967 3583 3035 ἀποφαίνεται
3608 2965 3783 3030 λέγων
3849 2963 3977 3015 Λύ-

2393 3077 2541 3113 σατε
2599 3059 2706 3111 τὸν
2761 3060 2915 3111 ναεν
2976 3057 3213 3119 τοῦτον.
3248 3059 3345 3110 καὶ
3379 3056 3563 3124 ἐγερῶ
3595 3057 3807 3108 αὐτόν·
3850 3055 3974 3117 καὶ,

2405 3151 2725 3211 Ἐξουσὶίιν
2755 3149 2871 3215 ἔχω
2903 3150 3111 3202 λαϐεῖν
3136 3149 3248 3215 τὴν
3275 3150 3485 3217 ψυχήν
3499 3166 3639 3217 μου.

2471 3338 2574 3390 ιμἀὶ
2612 3334 3037 3398 εἰσακουσθεὶς
3063 3334 3181 3386 ὑπὸ
3210 3334 3319 3399 τῆς
3347 3333 3685 3396 εὐλαϐείας,
3752 3332 3976 3398 καίπερ

2392 3430 2475 3479 ὢν
2516 3428 2666 3491 Υἱός.
2722 3428 2831 3479 Καὶ
2860 3426 3016 3476 τοῦτο
3062 3425 3148 3476 διὰ
3184 3424 3282 3493 τὴν
3322 3424 3533 3490 σάρκα,
3584 3425 3680 3476 καὶ
3729 3422 3818 3474 διὰ
3866 3422 3976 3491 τὴν

2393 3519 2678 3573 ἀσθένειαν
2715 3517 2824 3569 τῶν
2867 3516 3176 3569 ἀκουόντων
3198 3532 3212 3545 ·
3244 3515 3398 3568 οὔπω
3423 3515 3532 3585 γὰρ
3563 3515 3806 3584 μεγάλην
3837 3517 3976 3583 περὶ

2393 3608 2559 3661 αὐτοῦ
2589 3609 2746 3674 δόξαν
2771 3605 2937 3679 εἶχον.
2992 3610 3057 3659 Ὀ
3080 3604 3173 3659 οὖν
3199 3608 3372 3674 λέγει,
3408 3607 3646 3659 τοιοῦτόν
3678 3608 3846 3668 ἐστιν,
3886 3606 3977 3656 ὅτι

2403 3700 2654 3766 Τοσαύτη
2686 3699 2850 3751 αὐτοῦ
2876 3701 2908 3767 ἡ
2938 3700 3214 3763 εὐλάϐεια,
3244 3699 3386 3751 ὥστε
3413 3692 3582 3766 αὐτῆς
3606 3694 3747 3749 εἶναι
3773 3697 3977 3767 κατόρ‹

2393 3787 2553 3856 θωμα
2614 3788 2817 3856 μᾶλλον
2847 3788 2879 3857 ἢ
2916 3788 3012 3853 τῆς
3051 3788 3273 3857 χάριτος
3312 3787 3405 3838 τοῦ
3430 3787 3588 3849 Θεοῦ,
3625 3787 3687 3837 τὸ
3716 3789 3976 3837 εἰσακου-

2395 3876 2583 3944 σθῆναι
2612 3876 2772 3928 αὐτόν
2794 3892 2809 3905 ·
2844 3877 2937 3928 καὶ
2960 3876 3068 3927 ἀπὸ
3092 3876 3299 3940 ταύτης
3333 3874 3534 3944 ὴδὲσθη
3558 3875 3725 3927 αὑτὸν
3749 3876 3776 3924 ὁ
3808 3874 3972 3938 Θεὸς,

2391 3968 2485 4019 καὶ
2537 3967 2989 4035 κατεδυσωπήθη.
3050 3967 3291 4032 καίτοιγε
3346 3966 3476 4018 ὄντα
3509 3968 3601 4017 καὶ
3652 3966 3806 4025 Υἰδν,
3868 3967 3974 4016 καὶ

2393 4058 2583 4127 ἔχοντα
2635 4057 2772 4125 πρὸς
2826 4058 2988 4110 αὑτὸν
3043 4058 3142 4126 τὴν
3168 4058 3402 4126 φυσικὴν
3429 4056 3764 4127 παῤῥησίαν·
3791 4055 3977 4116 οὕτως

2390 4144 2459 4218 ἦν
2491 4148 2658 4217 πολλὴ
2692 4148 2787 4201 καὶ
2806 4148 2932 4211 ἀξία
2969 4148 3171 4209 αἰδοῦς.
3201 4149 3362 4200 Ὥστε
3400 4149 3473 4216 μὴ
3514 4146 3726 4203 ἁλύετε.
3759 4148 3977 4197 Δεσπόον

2392 4256 2493 4291 την
2536 4238 2753 4309 ἔχοντες
2789 4239 3208 4305 εἰσακιιυόμενον
3242 4238 3391 4305 παρᾶ
3425 4238 3520 4289 τοῦ
3554 4238 3786 4305 Πατρός.
3840 4236 3976 4287 Ἐὰν

2394 4324 2486 4380 οὖν
2510 4345 2560 4379 τι
2580 4328 2881 4397 αἱτήσησθε
2913 4329 3099 4389 αὑτὸν,
3132 4330 3350 4397 ποιήσει
3394 4330 3541 4397 ὑμῖν·
3578 4331 3716 4398 ὅπερ
3750 4331 3844 4380 καὶ
3864 4329 3975 4380 αὖ-

2394 4404 2778 4486 τὸςὸΧριστὺς
2811 4419 2869 4468 ἐν
2890 4417 2966 4486 τῷ
2997 4416 3316 4486 Εὑαγγελίῳ
3339 4418 3471 4486 φησὶ
3499 4421 3611 4479 τοῖς
3645 4416 3919 4485 μαθηταῖς
3958 4435 3972 4446 ·

719 4490 1006 4573 discipulis
1050 4494 1102 4547 in
1134 4494 1426 4565 Evangelio
1458 4500 1533 4553 ait
1562 4516 1575 4552 :
1612 4500 1670 4553 Si
1696 4501 1986 4571 diligeretis
2032 4520 2132 4569 me,
2158 4521 2291 4573 gau-

2398 4508 2464 4558 Ei
2489 4503 2757 4573 ἀγαπᾶτέ
2790 4521 2886 4572 με,
2939 4505 3192 4572 ἐχάρητε
3218 4505 3317 4566 ἂν.
3355 4506 3442 4558 ὅτι
3668 4504 3817 4571 πρὸς
3858 4505 3977 4557 τὸν

718 4572 910 4627 deretis
942 4576 1138 4643 utique,
1170 4581 1418 4645 quoniam
1453 4597 1544 4649 ego
1575 4583 1644 4635 ad
1677 4582 1895 4637 Patrem
1926 4600 2098 4638 meum
2132 4572 2289 4652 vado,

716 4666 966 4732 quoniam
999 4664 1159 4720 Pater
1193 4686 1337 4724 meus
1376 4673 1548 4743 major
1577 4689 1657 4727 me
1689 4684 1767 4728 est
1812 4675 1890 4742 “;
1926 4686 1998 4742 et,
2037 4675 2295 4742 Quaecun-

716 4772 815 4824 que
855 4757 1107 4822 petieritis
1140 4763 1193 4814 in
1234 4762 1441 4815 nomine
1480 4781 1615 4829 meo,
1639 4766 1785 4819 dabit
1817 4768 1974 4821 vobis.

790 4845 985 4901 Didicit
1016 4865 1079 4902 ea:
1109 4850 1175 4904 iis
1206 4868 1323 4919 qum
1351 4868 1542 4920 passus
1571 4865 1683 4920 est,
1730 4857 2098 4910 obedientiam.
2145 4855 2294 4910 Didi-

718 4936 815 4998 cit,
843 4938 1036 5008 inquit,
1063 4939 1172 4995 Deo
1198 4940 1344 4997 Patri
1369 4943 1609 5008 obedire,
1637 4962 1701 5000 ex
1735 4946 2120 5003 afﬂictionibus
2151 4947 2282 5001 illud

719 5031 964 5085 odortus.
1020 5032 1247 5089 Videtur
1305 5048 1486 5092 autem
1534 5041 1759 5095 omnino
1794 5043 2090 5095 absurdum
2136 5044 2283 5112 quod

717 5119 883 5188 679
909 5123 1129 5178 dicitur.
1166 5124 1271 5190 Qui
1300 5127 1445 5183 enim
1490 5129 1681 5184 didicit
1723 5131 2085 5185 obedientiam
2124 5148 2189 5187 ex
2219 5134 2286 5187 iis

718 5225 839 5277 qua!
867 5227 1059 5279 passus
1087 5224 1191 5278 est.
1223 5234 1347 5273 eum
1406 5222 1723 5290 priusquam
1780 5232 2080 5291 pateretur,
2134 5223 2283 5278 Patri

718 5310 863 5354 esset
901 5302 1037 5357 adeo
1083 5308 1382 5375 obediens,
1432 5320 1489 5364 ut
1533 5313 1616 5365 vel
1663 5314 1807 5382 ipsas
1855 5314 2174 5369 aﬂlictiones
2218 5332 2285 5370 ex

717 5392 1027 5448 obcdicntia
1061 5399 1395 5467 susciperet?
1422 5401 1624 5457 Factus
1645 5414 1721 5458 est
1746 5407 1904 5464 enim,
1936 5406 2131 5473 inquit,
2168 5407 2277 5460 obe-

789 5571 827 5601 “
862 5569 1006 5629 Psal.
1038 5590 1177 5631 (την.
1217 5579 1264 5631 2.
1366 5581 1407 5610 ¹¹
1436 5578 1594 5635 Joan.
1628 5597 1687 5645 ll,
1729 5583 1807 5639 l9.

1888 5584 1932 5615 “
1956 5583 2111 5637 Joau.
2152 5583 2321 5645 $.18.

2390 4596 2618 4663 Πατέρα
2648 4614 2767 4665 μου
2807 4598 3149 4665 πορεύομαι,
3185 4597 3273 4649 ὅτι
3307 4601 3339 4651 o'
3371 4598 3572 4664 Πατήρ
3602 4614 3721 4665 μου
3753 4595 3976 4665 μείζων

2383 4705 2504 4755 μου
2552 4687 2718 4739 ἐστί·
2752 4688 2865 4751 καὶ,
2901 4688 3050 4740 Ὅσα
3082 4687 3159 4741 ἂν
3195 4687 3482 4755 ninia-nte
3507 4688 3576 4739 ἐν
3608 4685 3685 4750 τῷ
3719 4687 3976 4754 ὀνόματί

2386 4796 2527 4847 μου,
2556 4776 2735 4832 δώσει
2758 4778 2920 4846 ὑμῖν.

2464 4868 2744 4936 Ἐμαθεν,
2768 4867 2869 4935 ἀφ’
2905 4862 2992 4921 ὧν
3015 4868 3219 4933 ἔπαθε,
3252 4868 3367 4935 τὴν·
3399 4869 3699 4935 ὑπακοήν.
3730 4870 3971 4940 Ἐμαθε,

2394 4958 2578 5026 φησὶν,
2614 4956 2909 5009 ὑπακούειν
2940 4958 3017 5028 τῷ
3044 4956 3163 5027 Θεῷ
3185 4957 3277 5010 καὶ
3307 4959 3503 5027 Πατρὶ,
3534 4960 3639 5011 ἀπὸ
3656 4958 3763 5011 τῶν
3792 4960 3969 5029 παθη-

2397 5048 2582 5117 μάτων
2608 5047 2767 5100 τοῦτο
2796 5048 3084 5116 διδαχθείς.
3106 5049 3361 5103 ⁴Ιιαίνεται
3373 5051 3429 5102 δὲ
3458 5051 3643 5113 ἁπλῶς
3669 5051 3872 5103 ἄτοπον
3907 5053 3971 5104 τὸ

2393 5137 2704 5205 λεγόμενον.
2734 5139 2856 5200 Πῶς
2884 5138 3176 5208 γὰρίέμαθε
3201 5139 3298 5210 τὴν
3328 5142 3575 5207 ὑπακοὴν
3602 5141 3694 5209 ἀφ’
3725 5136 3798 5195 ὧν
3825 5144 3967 5195 ἔπα-

2392 5226 2504 5290 θεν,
2535 5229 2595 5289 ὃς
2619 5244 2683 5295 γε
2718 5229 2810 5281 καὶ
2835 5230 2964 5299 πρὶν
2992 5229 3207 5297 παθεῖν,
3240 5229 3494 5283 τοσοῦτον
3521 5233 3760 5300 ὑπήκοος
3796 5228 3867 5301 ἦν
3887 5234 3968 5299 τῷ

2394 5318 2590 5387 lla-.91,
2651 5318 2792 5371 ὥστε
2854 5322 2948 5372 καὶ
2981 5321 3120 5375 αὐτὰ
3176 5323 3243 5374 τὰ
3275 5323 3423 5390 πάθη
3455 5322 3542 5374 διὰ
3570 5322 3667 5391 τὴν
3709 5323 3969 5392 ὑπακοὴν

2393 5407 2783 5474 ἀναδέξασθαι;
2816 5409 3086 5479 Ἐγένετο
3105 5414 3236 5483 γάρ,
3265 5414 3454 5483 φησίν,
3485 5411 3758 5478 ὑπήκοος
3783 5413 3965 5481 μέχρι

2402 5584 2446 5614 ’⁸
2476 5582 2635 5641 Joan.
2674 5602 2785 5653 τιν,
2814 5588 2903 5644 ‘28.

2018 5677 2211 5737 Vat-im
2246 5676 2567 5739 lectiones.

790 5765 835 5796 ⁷⁸
864 5771 1107 5833 φυσικῶν
1129 5790 1181 5827 υ.
1261 5774 1301 5806 ⁷⁷
1344 5774 1526 5846 δέιχοῇ
1560 5792 1614 5833 ο.
1695 5778 1738 5811 ⁷⁸
1768 5777 1943 5831 οὐδενί
1967 5794 2019 5829 o.
