4154 6440
739 421 845 481 ’247

1627 412 2203 476 TllEOPHY[.AC'H
2246 411 2657 472 BULGARI/E
2684 414 3039 476 ARCHIEP.

3854 410 3969 475 258

812 536 971 587 \‘tns.
1006 533 1093 587 12.
1153 532 1367 595 Etenim,
1422 547 1536 586 cum
1593 531 1844 585 deberetis
1898 544 2010 583 esse
2064 526 2302 577 doctores

2480 527 2589 579 Kal
2622 528 2730 594 γὰρ
2776 528 3119 594 ὀφείλοντες
3157 527 3308 580 εἴναι
3351 525 3702 582 διδάσκαλοι
3735 523 3834 579 διὰ
3872 525 3988 577 τὸν

744 632 954 686 rropter
987 632 1207 691 tempus.
1240 622 1657 675 Accusationem
1711 619 1962 673 encomio
1993 616 2203 675 miscet,
2230 614 2311 666 in-

744 719 977 784 quiens:
1041 717 1283 770 Aliorum
1345 730 1443 769 vos
1519 712 1801 767 debebatis
1848 726 1971 766 esse
2035 708 2308 760 doctores.

743 810 993 863 Ostendit
1019 810 1164 864 enim
1196 808 1307 875 jam
1342 807 1470 860 olim
1506 806 1630 859 illos
1658 804 1977 864 credidisse,
2003 812 2310 867 arcanaque

747 900 1026 969 religionis
1048 898 1313 954 audiisse.
1348 897 1522 950 Ambo
1552 905 1731 950 autem
1771 895 1886 947 haec
1937 891 2099 945 laude
2122 890 2308 958 (ligna,

746 992 792 1041 si
827 986 988 1041 modo
1018 988 1083 1040 ad
1116 988 1421 1042 socordiam
1454 1002 1561 1039 non
1619 993 1797 1041 essent
1848 983 2104 1053 prolapsi.
2148 978 2309 1033 Temo

750 1093 875 1143 nus,
910 1079 1107 1148 inquit,
1130 1077 1384 1132 fortiores
1419 1077 1643 1131 reddit:
1709 1091 1807 1129 vos
1870 1090 1997 1130 vero
2054 1071 2306 1127 dissoluti

746 1181 853 1220 noc
883 1167 1084 1220 frustra
1114 1166 1266 1219 abusi
1310 1169 1464 1222 estis.

819 1259 1019 1312 Rursus
1072 1258 1316 1328 indigetis
1358 1269 1414 1312 ut
1461 1275 1548 1311 eos
1608 1258 1900 1310 doceamini
1928 1264 2178 1325 qutesunt
2204 1254 2306 1307 ele-

746 1360 916 1401 menta
940 1350 1144 1402 exordii
1193 1366 1491 1404 sermonum
1528 1348 1646 1404 Dei.
1699 1349 1998 1409 Elemcnta,
2064 1361 2128 1401 ea
2187 1361 2307 1415 quae

744 1446 875 1489 sunt
907 1438 973 1491 de
1000 1438 1339 1493 humanitate
1366 1438 1573 1493 Christi
1607 1448 1787 1493 vocat.
1824 1437 1892 1491 Ut
1948 1436 2094 1492 enim
2132 1437 2185 1489 itt
2212 1451 2307 1490 ex-

746 1528 918 1582 ternis
951 1528 1147 1583 litteris
1169 1530 1339 1597 prima
1368 1529 1635 1583 elententa
1686 1526 1946 1582 discenda
1978 1534 2127 1589 sunt,
2162 1526 2307 1579 hunc

746 1618 810 1669 ad
837 1622 1053 1673 modum
1097 1621 1183 1673 hic
1239 1622 1470 1690 primum
1511 1620 1693 1674 doceri
1727 1629 1941 1689 oportet
1999 1619 2067 1672 de
2113 1618 2305 1671 Imma-

744 1710 916 1762 nitate
962 1710 1195 1773 Christi,
1258 1719 1425 1779 atque
1492 1710 1793 1764 humilibus
1855 1708 2306 1770 assuescendum,

745 1797 941 1851 deinde
971 1799 1340 1852 accedendum
1369 1810 1452 1853 est
1493 1798 1561 1851 ad
1608 1812 1671 1852 ea
1713 1812 1835 1868 quae
1873 1804 2000 1852 sunt
2052 1795 2302 1859 Deitatis,

746 1901 869 1955 quae
896 1889 1203 1956 perfectiori
1238 1888 1544 1943 intellectus
1572 1904 1715 1956 opus
1750 1889 1969 1943 habent.
2017 1886 2157 1943 Ecce
2188 1887 2299 1957 jam

745 1979 816 2032 ab
852 1981 970 2049 ipso
998 1979 1168 2036 Paulo
1209 1982 1502 2038 manifeste
1534 1982 1987 2050 didieisti,quam
2042 1982 2114 2035 ob
2172 1996 2302 2036 cau-

744 2083 861 2122 sam
913 2072 965 2124 in
1023 2071 1324 2127 humilibus
1381 2072 1731 2127 sermonibus
1786 2072 2127 2135 immoratur,
2179 2086 2304 2127 raro

740 2170 921 2215 autent
964 2164 1193 2217 sublime
1225 2165 1425 2233 aliquid
1462 2166 1722 2234 loquitur,
1752 2172 1804 2217 et
1837 2164 1981 2231 quod
2029 2164 2097 2217 ob
2147 2163 2303 2216 infir-

741 2252 983 2307 mitatem
1017 2254 1325 2308 auditorum
1363 2256 1464 2309 ista
1504 2256 1686 2309 faciat.
1719 2255 1856 2309 Ecce
1901 2256 2068 2325 igitur
2106 2264 2161 2309 et
2192 2257 2304 2311 hec

747 2338 987 2408 Epistola
1032 2344 1329 2399 humilibus
1357 2355 1441 2399 est
1491 2343 1710 2399 referta.
1743 2343 1800 2398 Si
1860 2352 2041 2399 autem
2095 2344 2302 2416 aliquid

742 2433 973 2488 sublime
1000 2435 1183 2499 habet,
1208 2435 1309 2489 hoc
1322 2437 1513 2506 paucis
1541 2436 1880 2507 transigitur.

801 2521 863 2574 Et
902 2524 1032 2590 [acti
1063 2529 1189 2579 estis
1222 2528 1408 2595 quibus
1450 2528 1584 2581 lacte
1642 2545 1770 2597 opus
1821 2531 1913 2590 sit,
1971 2546 2076 2583 non
2101 2527 2303 2587 isolido

738 2612 874 2665 cibo.
898 2612 1015 2667 Non
1050 2616 1209 2682 dixit,
1247 2616 1396 2686 Opus
1427 2618 1665 2681 habetis,
1702 2619 1819 2685 sed,
1842 2620 1971 2688 facti
1998 2623 2144 2685 estis,
2202 2622 2304 2675 hoc

740 2712 848 2763 est.
872 2706 1075 2774 vosipsi
1102 2709 1351 2776 vosipsos
1391 2723 1458 2763 eo
1514 2711 1867 2779 perduxistis,
1900 2721 2076 2767 vestra
2112 2722 2305 2781 sponte

743 2794 877 2847 tales
905 2794 1056 2849 facti.
1093 2796 1200 2850 Lac
1224 2807 1429 2861 autem,
1467 2800 1720 2855 humilem
1755 2803 2056 2858 orationem
2121 2805 2307 2873 appel-

740 2882 817 2937 lat
849 2894 900 2938 et
924 2885 1033 2949 hic,
1066 2894 1121 2940 et
1150 2888 1204 2941 in
1244 2887 1484 2957 Epistola
1545 2892 1610 2943 ad
1663 2890 2014 2947 Corinthios:
2068 2894 2301 2947 solidum

740 2993 871 3031 vero
896 2978 1108 3041 cibum,
1142 2983 1466 3049 perfectiora
1492 2994 1546 3037 et
1584 2984 1801 3037 altiora.
1849 2984 1966 3039 Non
2022 2988 2304 3055 oportebat

741 3067 927 3135 igitur,
957 3070 1153 3137 inquit,
1191 3086 1333 3123 nunc
1363 3072 1705 3127 introducere
1734 3074 1944 3141 legalia,
1994 3084 2046 3127 et
2078 3074 2146 3128 ab
2183 3076 2304 3129 istis

2411 615 2651 680 χρόνον.
2698 615 2986 684 Ἐγκωμίῳ
3027 616 3242 683 μίγνυσι
3276 614 3375 685 τὴν
3407 613 3758 682 κατηγορίαν,
3788 608 3983 673 εἰπὼν,

2410 704 2515 768 ὅτι,
2553 705 2663 756 Καὶ
2705 704 2886 765 ἄλλοις
2922 706 3028 761 ἔδει
3067 705 3209 773 ὑμᾶς
3256 700 3394 756 εἶναι
3427 702 3794 761 διδασκάλους.
3832 698 3989 750 Δείπ-

2410 811 2530 846 νυσι
2556 793 2662 864 γὰρ
2691 795 2755 846 ἐκ
2781 794 2974 847 πολλοῦ
3000 794 3429 855 πεπιστευκότας
3455 792 3670 853 αὐτοὺς,
3719 790 3811 842 καὶ
3880 804 3987 855 μυ-

2410 886 2645 956 στηρίων
2682 886 3037 949 ἀκούσαντας
3080 886 3246 955 ἄμφω
3288 882 3542 938 δὲταῦτα
3587 882 3805 935 ἐπαίνου
3831 879 3983 942 ἄξια,

2408 977 2566 1047 εἰπερ
2595 978 2747 1031 αὐτοὶ
2779 977 2854 1046 μὴ
2882 976 3294 1046 ὲρρᾳθύμησαν.
3338 975 3397 1026 '0
3427 974 3638 1042 χρόνος,
3663 972 3815 1040 φησι,
3845 969 3986 1037 μᾶλ-

2407 1068 2497 1120 λον
2532 1067 2780 1136 ἰσχυροὺς
2808 1068 2963 1119 ποιεί·
2992 1067 3146 1135 ὑμεῖς
3173 1065 3227 1117 δὲ
3255 1065 3433 1133 μάτην
3491 1061 3661 1130 τούτῳ
3713 1058 3985 1128 κατεχρή-

2409 1156 2574 1210 σασθε
2613 1157 2947 1219 ἐκλυθέντες.

2478 1246 2671 1301 Πάλιν
2695 1246 2906 1314 χρείαν
2939 1246 3107 1313 ἔχετε
3133 1245 3238 1298 τοῦ
3286 1244 3595 1296 διδάσκειν
3644 1240 3800 1305 ὑμᾶς
3846 1240 3987 1291 τίνα

2407 1340 2478 1392 τὰ
2524 1337 2790 1406 στοιχεῖα
2848 1335 2959 1402 τῆς
3013 1335 3206 1403 ἀρχῆς
3253 1335 3370 1387 τῶν
3411 1334 3631 1401 λογίων
3660 1331 3767 1384 τοῦ
3809 1329 3986 1383 Θεοῦ.

2407 1430 2672 1497 Στοιχεῖα,
2716 1430 2782 1480 τὰ
2828 1427 2957 1495 περὶ
2998 1426 3098 1496 τῆς
3138 1424 3551 1495 ἁνθρωπότητος
3599 1421 3695 1475 τοῦ
3744 1418 3988 1488 Χριστοῦ

2407 1536 2591 1589 φησιν.
2626 1519 2837 1587 ’Ὠσπερ
2868 1518 2977 1587 γὰρ
3005 1517 3095 1569 ἐπὶ
3127 1515 3233 1589 τῶν
3281 1514 3477 1579 ἔξωθεν
3518 1510 3859 1581 γραμμάτων
3912 1507 3986 1560 τὰ

2410 1608 2646 1676 στοιχεῖα
2695 1604 2909 1675 πρῶτον
2950 1603 3033 1656 δεῖ
3084 1603 3297 1671 μαθεῖν,
3350 1598 3491 1653 οὕτω
3523 1598 3587 1668 δὴ
3620 1596 3714 1649 καὶ
3748 1590 3990 1646 ἐνταῦθα.

2406 1697 2625 1766 πρῶτον
2653 1696 2781 1764 περὶ
2813 1696 2911 1762 τῆς
2942 1693 3358 1761 ἀνθρωπότητος
3389 1690 3495 1742 ἔδει
3523 1685 3853 1753 διδαχθῆναι,
3884 1681 3987 1735 καὶ

2410 1791 2521 1848 τοῖς
2546 1789 2818 1848 ταπεινοῖς
2860 1784 3222 1855 ἐνεθισθῆναι,
3265 1776 3383 1835 εἶτα
3427 1782 3537 1842 τοῖς
3588 1779 3686 1845 τῆς
3730 1775 3987 1839 Θεόιητος

2413 1878 2738 1949 προσῦἧναι,
2779 1876 3116 1946 τελειοτέρας
3145 1874 3378 1934 διανοίας
3404 1870 3697 1938 δεομένοις·
3749 1866 3881 1918 Ἰδοῦ
3924 1865 3991 1915 ἁ-

2412 1972 2641 2043 ριδήλως
2674 1969 2876 2037 ἔμαθες
2917 1969 3045 2037 παρ’
3075 1966 3238 2019 αὑτοῦ
3281 1965 3374 2017 τοῦ
3409 1962 3641 2022 Παύλου,
3688 1958 3829 2018 τίνος
3864 1955 3987 2006 ἐνε-

2408 2079 2505 2116 κεν
2532 2066 2643 2124 τοῖς
2681 2063 2777 2129 μέν
2808 2061 3083 2121 ταπεινοῖς
3114 2059 3291 2125 λόγοις
3322 2053 3664 2124 ἐνδιατρίϐει,
3697 2046 3989 2107 σπανιάκις

2410 2154 2466 2206 δὲ
2497 2152 2697 2221 ὑψηλόν
2723 2169 2773 2203 τι
2803 2150 2971 2218 λέγει,
3004 2151 3095 2201 καὶ
3119 2149 3198 2200 ὅτι
3218 2147 3319 2213 τῆς
3349 2144 3623 2202 ἀσθενείας
3667 2139 3775 2192 τῶν
3822 2138 3992 2189 ἀκου-

2410 2244 2577 2296 όντων
2633 2243 2792 2295 τοῦτο
2832 2243 2991 2310 χάριν
3044 2242 3207 2293 ποιεῖ.
3282 2237 3412 2289 Ὶδο)
3468 2234 3597 2301 γοῦν
3631 2231 3725 2282 καὶ
3766 2228 3908 2294 αὕτη
3954 2226 3989 2293 ἠ

2421 2334 2708 2402 Ἐπιστολὴ
2735 2333 2840 2386 τῶν
2875 2334 2973 2401 μὲν
3005 2329 3276 2382 ταπεινῶν
3308 2324 3465 2395 γέμει
3483 2326 3551 2377 ’⁸.
3590 2322 3651 2375 Ei
3684 2320 3740 2372 δέ
3788 2335 3840 2370 τι
3890 2316 3988 2368 καὶ

2411 2426 2611 2496 ὑψηλὸν
2652 2425 2785 2495 ἔχει,
2835 2424 3006 2494 βραχὺ
3033 2424 3209 2476 τοῦτο.
3318 2426 3323 2429 ’

2448 2515 2555 2568 Καὶ
2592 2517 2871 2582 γεγόνατε
2905 2514 3113 2582 χρείαν
3146 2512 3390 2579 ἔχοντες
3412 2509 3724 2575 γάλακτος,
3768 2502 3865 2554 καί
3914 2502 3987 2554 οὑ

2410 2604 2660 2673 στερεᾶς
2683 2604 2928 2673 τροφῆς.
2946 2603 3060 2657 Οὐκ
3083 2599 3255 2668 εἶπεν,
3279 2602 3382 2663 ὅτι,
3408 2599 3610 2669 Χρείαν
3632 2598 3801 2664 ἔχετε,
3824 2592 3988 2654 ἀλλὰ,

2412 2699 2713 2766 reg-(irate,
2752 2697 3048 2760 τουτέστιν,
3083 2696 3239 2763 ὑμεῖς
3270 2693 3424 2747 αὐτοὶ
3466 2690 3689 2749 ἑαυτοὺς
3720 2689 3797 2748 είς
3827 2683 3990 2736 τοῦτο

2412 2792 2801 2853 κατεστήσατε,
2864 2789 2926 2838 ἐκ
2976 2786 3346 2854 προαιρέσεως
3396 2782 3626 2835 τοιοῦτοι
3680 2775 3987 2844 γεγονότες.

2412 2882 2557 2936 Γάλα
2594 2882 2651 2934 δὲ
2679 2881 2768 2932 τὸν
2802 2880 3056 2932 ταπεινὸν
3087 2879 3240 2946 λόγον
3274 2876 3426 2929 καλεῖ
3457 2876 3549 2927 καὶ
3588 2870 3837 2939 ἐνταῦθα,
3891 2866 3988 2919 καὶ

2412 2976 2469 3026 ἐν
2510 2977 2573 3043 τῇ
2615 2973 2748 3042 πρὸς
2794 2971 3133 3038 Κορινθίους·
3181 2970 3405 3039 στερεὰν
3440 2968 3495 3019 δὲ
3532 2964 3752 3035 τροφὴν.
3784 2961 3850 3013 τὰ
3896 2975 3981 3011 τε-

2412 3065 2657 3133 λειότερα
2676 3064 2769 3114 καὶ
2784 3060 3107 3129 ὑψηλότερα.
3127 3060 3239 3109 Οὐκ
3255 3058 3363 3110 ἔδει
3383 3055 3495 3119 οὖν,
3520 3055 3672 3121 φησι,
3688 3050 3780 3101 νῦν
3799 3050 3962 3100 ἐπεισ
3976 3073 3989 3084 -

740 3158 1207 3223 comparationem
1241 3159 1420 3214 facere
1482 3161 1926 3229 ineomparabilis
1966 3163 2188 3225 Cltristi,
2221 3165 2303 3218 ni-

2415 3157 2567 3223 ἀγειν
2605 3154 2671 3205 τὰ
2698 3153 2915 3218 νομικὰ,
2938 3151 3030 3201 καὶ
3070 3149 3177 3201 ἀπὸ
3204 3148 3408 3199 τούτων
3438 3142 3705 3197 ποιεῖσθαι
3732 3140 3825 3208 τὴν
3853 3138 3981 3203 σύγ-

739 3245 936 3299 ntirum
962 3249 1106 3316 quod
1137 3250 1208 3303 sit
1238 3249 1503 3313 Pontifex,
1522 3253 1663 3319 quod
1692 3267 1906 3305 sacrum
1934 3252 2139 3312 fecerit.
2159 3256 2302 3323 quod

740 3349 869 3387 cum
904 3336 1142 3391 clamore
1175 3353 1429 3407 precatus
1465 3344 1555 3402 sit,
1591 3356 1656 3395 ac
1687 3343 2109 3409 supplicationes
2162 3346 2306 3399 lece-

737 3423 815 3477 rit
846 3441 859 3477 :
891 3432 1130 3480 attamen
1151 3429 1277 3496 quia
1309 3444 1404 3482 vos
1437 3430 1586 3485 hisce
1617 3432 1850 3494 alimini.
1883 3448 2137 3501 praepono
2168 3434 2302 3489 haec.

741 3511 984 3569 Observa
1012 3524 1192 3571 autem
1231 3522 1375 3587 quod
1409 3534 1529 3588 qua:
1574 3536 1720 3575 nunc
1775 3522 1933 3577 nobis
1988 3523 2209 3588 adsunt,
2242 3540 2305 3579 ea

741 3618 858 3661 tttm
898 3607 1119 3660 alebant
1154 3609 1298 3674 illos,
1339 3612 1565 3680 etquod
1602 3628 1785 3665 verum
1827 3622 1956 3667 sunt
1988 3614 2303 3669 alimentum

741 3696 956 3764 eloquia
990 3696 1102 3751 Dei.
1127 3697 1272 3751 Dabo
1295 3700 1464 3765 enim,
1494 3701 1690 3771 inquit,
1705 3702 1899 3769 famem
1925 3702 2033 3757 illis
2057 3705 2306 3759 audiendi

739 3784 948 3838 rerbum
971 3786 1198 3841 Domini.

811 3878 975 3934 Vsus.
1010 3882 1094 3934 15.
1142 3881 1328 3934 Omnis
1351 3884 1488 3935 enim
1544 3884 1634 3952 qui
1691 3884 1846 3937 lactis
1890 3894 1969 3936 est
2022 3886 2306 3953 particeps,

740 3972 1041 4039 inexpertus
1074 3982 1151 4025 est
1183 3976 1439 4027 sermonis
1495 3974 1724 4043 justitia:
1753 3989 1772 4026 :
1836 3974 1999 4045 σοι
2056 3975 2305 4040 parvulus

739 4064 881 4116 enim
912 4074 1009 4118 est.
1049 4062 1349 4129 Justitiam,
1380 4066 1468 4119 hic
1500 4065 1579 4118 vel
1638 4076 1886 4119 exactam
1948 4064 2165 4119 vivendi
2222 4080 2309 4119 ra-

743 4156 943 4209 tionem
986 4158 1524 4228 appellat,tauquam
1582 4158 1686 4212 hoc
1740 4157 1951 4221 dicens,
2007 4158 2154 4227 quod
2210 4159 2309 4211 im-

743 4247 1048 4316 perfectus,
1110 4249 1429 4317 inexpertus
1486 4256 1571 4302 est
1624 4264 1877 4318 superna:
1923 4248 2306 4317 philosophize,

743 4351 845 4389 nec
879 4346 1055 4406 potest
1102 4339 1345 4408 recipere
1393 4354 1664 4392 summam
1717 4349 1772 4391 et
1814 4346 2058 4392 exactam
2113 4341 2304 4403 vitam;

743 4428 896 4495 quod
921 4438 974 4482 et
1000 4428 1250 4483 Christus
1283 4430 1551 4499 exigebat,
1611 4429 1842 4484 dicetis:
1898 4430 2021 4483 Nisi
2069 4429 2308 4482 abunda-

2411 3262 2590 3314 κρισιν
2627 3242 2720 3295 τοῦ
2766 3241 3099 3309 ἀσυγκρίτου
3143 3237 3401 3307 Χριστοῦ,
3441 3238 3520 3287 ὅτι
3549 3250 3606 3285 τε
3649 3229 3985 3299 ’Λρχιερεὺ;,

2408 3339 2500 3390 καὶ
2525 3338 2605 3388 ὅτι
2640 3336 2819 3398 ἔθυσε,
2850 3335 2943 3385 καὶ
2973 3334 3053 3384 ὅτι
3092 3332 3229 3399 μετὰ
3268 3326 3513 3399 κραυγῆς
3540 3324 3729 3392 ἐδεήθη
3759 3323 3847 3373 καὶ
3874 3321 3961 3372 ius

2406 3431 2621 3497 τηρίας·
2665 3427 2778 3480 ἀλλ’
2815 3429 2963 3496 ὅμως
3007 3423 3195 3489 ἐπειδὴ
3241 3417 3504 3490 τρέψεσθε
3549 3416 3757 3475 τούτοις
3801 3412 3986 3480 ὑμεῖς,

2408 3521 2704 3591 προτίθημι
2754 3519 2845 3571 καὶ
2890 3516 3083 3571 ταῦτα.
3134 3513 3447 3582 Σημείωσαι
3485 3509 3542 3560 δέ
3583 3508 3665 3559 ὅτι
3700 3505 3735 3558 ὃ.
3760 3503 3805 3534 ⁸⁸
3848 3505 3980 3571 ἡμῖν.

2409 3612 2767 3680 προσίσταται
2820 3609 2936 3671 νῦν,
2982 3606 3222 3665 ἐκείνους
3266 3602 3387 3653 τότε
3416 3600 3459 3632 ⁸⁸
3508 3600 3722 3667 ἔτρεφε.
3755 3595 3863 3647 καῖ’
3896 3594 3984 3645 ὃτι

2406 3704 2579 3773 τροφὴ
2610 3700 2813 3770 ἀληθὴς
2859 3698 2926 3750 τὰ
2954 3698 3111 3762 λόγια
3138 3693 3232 3747 τοῦ
3262 3691 3421 3744 Θεοῖκ
3452 3690 3625 3743 Δώσω
3655 3687 3782 3755 γὰρ,
3822 3688 3981 3752 φησι,

2407 3795 2587 3861 λιμὸν
2611 3792 2814 3856 αὐτοῖς
2839 3790 2943 3843 τοῦ
2969 3788 3225 3842 ἀκοῦσαι
3248 3788 3435 3851 ,λόγον
3459 3782 3696 3846 Κυρίου.

2482 3882 2604 3948 Πᾶς
2651 3882 2761 3950 γὰρ
2799 3886 2831 3935 ό
2872 3879 3141 3948 μετέχων
3174 3877 3476 3945 γάλακτος,
3509 3873 3764 3943 ἄπειρος.
3790 3870 3983 3949 λόγου

2407 3975 2817 4039 δικαιοσύνης·
2864 3972 3081 4037 νήπιος
3122 3969 3232 4037 τάρ
3285 3969 3434 4020 ἐστι.
3488 3960 3835 4026 Δικαιοσύνην
3891 3958 3985 4009 ἑν-

2413 4066 2586 4120 ταῦθα
2620 4065 2651 4133 ἢ
2691 4064 2783 4117 τὸν
2831 4064 2944 4132 βίον
2989 4062 3081 4113 τὸν
3117 4058 3494 4130 ⁴ἢκριϐωμένον
3548 4055 3730 4122 φησιν,
3779 4051 3986 4102 ὡσανεὶ

2410 4159 2567 4211 τοῦτο
2588 4157 2782 4224 λέγων,
2800 4156 2903 4215 ὅτι,
2919 4156 2979 4205 Ὀ
2999 4153 3189 4220 ἀτελὴς
3210 4149 3431 4217 ἄπειρός
3456 4150 3570 4199 ἐστι
3586 4146 3681 4212 τῆς
3695 4145 3803 4197 ἂνω
3826 4140 3983 4209 φιλο-

2414 4250 2625 4318 σοφίας,
2671 4248 2767 4300 καὶ
2810 4247 2871 4298 οὑ
2915 4246 3137 4297 δύναται
3168 4239 3569 4308 παραδέξασθαι
3611 4236 3721 4303 βίον
3766 4235 3936 4301 ἄκρον
3967 4248 3980 4261 ·

2409 4343 2547 4410 ὅπερ
2576 4340 2671 4392 καὶ
2703 4342 2731 4392 ὀ
2758 4336 2986 4406 Χριστὸς
3014 4335 3229 4403 ἀπῄτει,
3267 4332 3458 4396 λέγων·
3503 4330 3644 4381 Ἐὰν
3666 4326 3751 4395 μὴ
3774 4340 3987 4391 περισο

2409 4433 2606 4497 «etiam
2654 4431 2691 4496 ἡ
2726 4427 3078 4491 δικαιοσύνη
3126 4422 3290 4492 ὑμῶν
3328 4420 3519 4474 πλέον
3560 4416 3678 4470 τῶν
3706 4418 3984 4483 Γραμμα-

742 4520 871 4571 verit
884 4518 1099 4585 justitia
1138 4530 1309 4573 vestra
1338 4520 1457 4587 plus
1485 4536 1643 4587 quam
1675 4520 1978 4573 Scribarum
2030 4531 2080 4573 et
2116 4519 2306 4572 Phari-

2413 4521 2561 4574 τέων
2587 4519 2683 4571 καὶ
2708 4516 3044 4584 Φαρισαίων
3068 4529 3082 4542 ’
3117 4512 3150 4581 ἢ
3179 4510 3544 4575 δικαιοσύνην,
3589 4506 3696 4557 τὸν
3722 4504 3985 4571 Χριστόν

741 4626 968 4662 steurum
1003 4611 1080 4675 ¹⁵;
1114 4611 1194 4663 vel
1225 4611 1519 4677 justitiam.
1561 4612 1738 4679 ipsum
1806 4610 2070 4665 Christum
2126 4624 2305 4676 vocat,

744 4700 847 4753 hoc
880 4702 1108 4759 dicens;
1146 4702 1248 4767 Qui
1307 4703 1583 4771 particeps
1640 4708 1725 4756 est
1760 4700 2047 4755 humilium
2102 4702 2169 4755 de
2227 4702 2307 4754 in-

745 4792 1061 4844 carnatione
1081 4807 1422 4855 sermonum,
1467 4792 1628 4845 verba
1662 4792 1916 4846 sublimia
1979 4791 2308 4859 Christoque

742 4881 903 4949 digna
930 4897 1033 4933 non
1072 4882 1333 4943 admittit.
1391 4889 1579 4951 utpote
1622 4881 1714 4950 qui
1771 4881 1951 4935 infans
1983 4890 2085 4946 est,
2146 4888 2309 4951 atque

744 4973 845 5025 ista
864 4987 1057 5042 capere
1082 4976 1287 5042 nequit.

814 5063 983 5119 Vens.
1019 5066 1105 5120 M.
1146 5065 1510 5135 Perfectorum
1571 5074 1745 5120 autem
1791 5075 1866 5119 est
1922 5066 2121 5118 solidus
2142 5064 2309 5118 cibus.

747 5156 861 5211 lloc
891 5170 995 5223 est,
1033 5159 1300 5213 sublimes
1327 5158 1705 5213 institutiones
1736 5156 1804 5210 de
1831 5156 2118 5210 divinitate
2148 5155 2309 5210 Chri-

748 5250 834 5303 sti.
880 5248 1043 5303 Vides
1072 5250 1355 5303 infantiam
1395 5249 1620 5303 alteram
1700 5262 1822 5315 qua:
1867 5256 1920 5300 et
1970 5248 2025 5301 in
2067 5245 2307 5316 grandae-

745 5342 829 5394 vis
863 5349 967 5403 est,
1000 5340 1195 5395 mentis
1225 5341 1471 5394 videlicet
1500 5358 1512 5392 :
1537 5353 1602 5392 ac
1633 5337 2039 5407 perfectionem,
2061 5350 2223 5404 quam
2257 5346 2312 5391 et

748 5432 975 5500 iuvenes
1009 5430 1214 5485 habere
1245 5430 1380 5484 nihil
1412 5429 1655 5499 impedit.

816 5521 922 5587 Qui
938 5537 1032 5588 pro
1058 5523 1172 5590 ipsa
1201 5521 1570 5576 consuetudine
1596 5522 1905 5575 exercitatos
1932 5519 2117 5573 habent
2130 5535 2310 5572 sensus

823 5635 865 5666 "
896 5634 1085 5689 Matth.
1118 5651 1171 5696 ν,
1196 5635 1286 5687 20.

2417 4628 2582 4680 φησιν
2618 4610 2804 4671 αὑτὸν,
2835 4607 2994 4658 τοῦτο
3025 4605 3222 4669 λέγων,
3262 4603 3343 4654 ὅτι
3386 4599 3446 4652 Ὀ
3481 4597 3722 4666 μετέχων
3746 4594 3854 4646 τῶν
3878 4610 3985 4645 τα-

2415 4702 2615 4753 πεινῶν
2656 4699 2748 4751 καὶ
2786 4695 3040 4765 περὶτῆς
3070 4692 3397 4761 σαρκώσεως
3440 4686 3633 4753 λόγων,
3678 4686 3800 4745 τοὺς
3842 4682 3986 4751 ὑψη-

2414 4791 2539 4853 λοὺς
2572 4790 2664 4841 καὶ
2695 4787 2875 4849 ἀξίους
2902 4781 3137 4852 Χριστοῦ
3166 4781 3353 4847 λόγους
3387 4778 3448 4829 οὐ
3494 4775 3725 4845 δέχεται,
3768 4768 3855 4825 οἷα
3886 4776 3983 4841 νή-

2416 4897 2537 4944 πιος
2566 4879 2660 4933 καὶ
2701 4876 2903 4929 τούτων
2929 4871 3325 4942 ἀπαράδεκτος.

2494 5063 2744 5117 Τελειων
2769 5060 2839 5114 δέ
2885 5060 3059 5113 ἐστιν
3089 5056 3127 5124 ἠ
3178 5053 3393 5123 στερεὰ
3436 5049 3644 5120 τροφή.
3690 5046 3983 5111 Τουτέστι,

2416 5156 2487 5208 τὰ
2510 5153 2690 5224 ὑψηλὰ
2736 5152 3005 5220 δόγματα,
3040 5148 3107 5201 τὰ
3137 5148 3265 5216 περὶ
3306 5144 3403 5213 τῆς
3430 5142 3677 5211 θεότητος
3708 5136 3803 5190 τοῦ
3841 5136 3984 5204 Χρι-

2422 5246 2570 5300 στοῦ.
2614 5244 2777 5314 Ὁρᾷς
2818 5241 3120 5311 νηπιότητα
3171 5237 3402 5305 ἑτέραν,
3453 5233 3521 5302 ἢν
3577 5231 3670 5283 καὶ
3722 5228 3984 5296 γέροντες

2420 5342 2626 5410 ἐχουσι,
2674 5339 2776 5406 τὴν
2825 5336 2933 5389 τῶν
2967 5332 3215 5404 φρενῶνθ
3252 5330 3346 5384 καὶ
3393 5327 3723 5394 τελειότητα,
3761 5322 3829 5391 ἢν
3882 5321 3984 5373 καὶ

2418 5432 2572 5491 νέους
2596 5429 2741 5495 ἔχειν
2780 5425 2931 5477 οὐδὲν
2964 5422 3266 5491 ἐμποδίζει.

2497 5520 2617 5574 Τῶν
2640 5518 2736 5572 διὰ
2777 5517 2887 5586 τὴν
2914 5516 3047 5581 ἕξιν
3086 5513 3158 5567 τὰ
3202 5508 3553 5579 αἰσθητήρια
3583 5507 3846 5576 ἐχόντων
3886 5519 3982 5575 ἰσ-

2044 5694 2241 5754 νοι-ἱω
2275 5692 2601 5763 lectiones.

820 5807 862 5838 ’³
900 5808 1167 5877 μέμνηται
1199 5822 1250 5863 o.
1328 5808 1373 5839 "
1402 5812 1430 5863 ὃ
1457 5826 1488 5864 o
1604 5808 1647 5841 "
1681 5808 1833 5863 mitto
1863 5825 1915 5864 ο.
