4154 6440
157 422 263 483 249

883 426 1288 491 EXPOSJTIO
1336 431 1415 491 IN
1448 432 1685 493 EPIST.
1728 438 1827 495 AD
1862 438 2252 501 llEBll/EOS.
2283 463 2352 477 -
2386 439 2545 501 CAP.
2583 442 2688 500 VI.

3300 442 3407 507 250

161 536 560 603 Γιομνιισμένα
588 537 738 603 πρὸς
763 538 1063 605 διάκρισιν
1084 541 1275 595 καλοῦ
1299 559 1361 594 τε
1394 521 1491 594 κιῖὶ
1523 546 1733 599 κακοῦ.

1839 552 1908 599 ait
1938 550 2300 605 discretionem
2330 554 2451 607 boni
2500 564 2549 607 et
2582 552 2731 607 mali.
2779 551 3261 618 Consuetudinem,
3322 556 3411 610 hic

159 628 337 689 Ἐξεν,
372 627 476 694 τὴν
506 627 822 696 τελειότητα
854 631 948 682 καὶ
980 630 1286 701 πμγιότητα
1317 632 1427 685 τῶν
1455 634 1603 702 ἠθῶν
1633 653 1741 704 φη-

159 735 262 771 σιν.
311 717 372 769 '0
396 718 580 771 τοίνυν
614 720 809 785 πάγιος
835 722 895 771 τὸ
930 715 1084 788 ἦθος,
1116 715 1273 785 οὗτος
1306 710 1401 776 καῖ
1442 725 1511 777 τὰ
1551 725 1744 795 αίσθη-

158 810 327 878 τήρια
386 809 520 894 τῆς,
556 810 734 879 ψυχῆς
790 812 902 881 εχει
944 815 1370 883 γεγυμνασμένα
1409 820 1529 880 ταῖς
1569 818 1741 883 θείαις

158 901 429 969 Γραφαῖς,
470 902 608 972 πρὸς
639 901 912 971 διάκρισιν
948 903 1236 974 δογμάτων
1264 907 1485 978 ὑψηλῶν
1525 911 1619 961 καὶ
1646 926 1744 963 τα-

158 992 385 1054 πεινῶν,
422 993 598 1061 ὑγιῶν
626 996 722 1047 καὶ
743 994 1179 1066 διεφθαρμένων.
1213 999 1287 1052 οὐ
1322 999 1432 1069 γὰρ
1463 1000 1591 1068 περὶ
1624 1001 1740 1070 βίου

157 1084 401 1140 ἐνταῦθά
430 1103 567 1155 φησι
586 1102 601 1117 ·
632 1086 821 1141 τοῦτον
847 1089 956 1155 γὰρ
986 1090 1097 1151 πᾶς
1134 1088 1425 1159 διακρίνει,
1464 1091 1558 1143 καὶ
1600 1087 1741 1146 οἶδεν

154 1175 236 1228 δτι
268 1175 486 1243 φαῦλον
519 1178 554 1246 ἡ
583 1177 776 1242 κακία,
820 1178 915 1231 καὶ
957 1177 1164 1245 ἀγαθὸν
1188 1182 1222 1250 ἡ
1254 1181 1447 1252 ἀρετή.
1498 1183 1645 1253 Ὅρα
1684 1184 1739 1238 δὲ

155 1268 235 1317 ὅτι
265 1266 586 1334 γυμνασίας
627 1268 808 1336 χρεία,
845 1270 940 1321 καὶ
972 1271 1278 1341 ἀσκήσεως,
1315 1274 1409 1326 καὶ
1445 1275 1738 1343 ἐμπειρίας

154 1354 263 1407 τῶν
286 1356 328 1407 Γ
335 1356 554 1425 ραφῶν,
586 1359 634 1410 εί
670 1358 959 1428 μέλλοιμεν
984 1360 1283 1432 διακρίνειν
1306 1362 1429 1416 τίνα
1456 1364 1561 1417 τῶν
1586 1366 1738 1434 αἱρε-

151 1442 345 1506 τικῶν,
381 1445 482 1496 καὶ
501 1444 623 1517 τίνα
643 1443 704 1498 οὕ
723 1461 738 1476 ·
766 1449 861 1502 καὶ
880 1447 926 1479 ⁸²
960 1449 1036 1518 μὴ
1068 1448 1255 1512 ἁπλῶς
1283 1453 1449 1503 πᾶσιν
1474 1452 1738 1507 ἐκδιδόναι

152 1535 220 1586 τὰ
246 1531 386 1587 ὦτα.
417 1536 644 1605 Λάρυγξ
698 1538 801 1607 μὲν
836 1539 947 1609 γὰρ
1002 1540 1124 1593 σῖτα
1172 1540 1429 1610 γεύεταιο
1483 1541 1629 1613 ψυχὴ
1679 1543 1737 1597 δὲ

152 1623 450 1692 δοκιμάζει
483 1625 697 1693 λόγους.

756 1855 1007 1914 ΚΕΦΔΛ.
1052 1858 1143 1923 ς’.

1846 645 2372 698 consummationem
2396 654 2450 699 et
2507 645 2817 699 firmitatem
2874 658 3085 697 morum
3138 647 3407 701 nominat.

1844 730 2131 804 Quiigitnr
2167 737 2410 790 moribus
2460 739 2680 805 vitaque
2736 738 2928 790 firmus
2977 746 3083 798 est,
3142 736 3189 791 is
3240 738 3407 791 etiam

1843 827 2038 881 animae
2066 828 2318 901 sensoria
2351 828 2516 881 habet
2570 826 2868 883 exercitata
2902 831 2952 882 in
2991 828 3195 882 divinis
3254 827 3408 881 Seri-

1844 917 2039 985 pturis,
2064 917 2130 971 ad
2188 918 2635 986 dijudicationem
2693 919 2976 972 humilium
3003 928 3056 974 et
3093 918 3408 973 sublimium

1841 1009 2175 1080 dogmatum,
2212 1025 2473 1064 sanorum
2533 1010 2660 1063 item
2709 1018 2765 1063 et
2824 1017 3230 1078 corruptorum.
3292 1008 3409 1065 Non

1841 1100 1983 1153 enim
2020 1099 2086 1153 de
2115 1100 2221 1153 vita
2262 1101 2349 1153 hic
2381 1101 2665 1170 loquitur:
2700 1114 2819 1155 eam
2849 1101 2995 1155 enim
3026 1102 3411 1170 unusquisque

1842 1189 2136 1260 dijudieat,
2163 1205 2228 1244 ac
2268 1193 2418 1245 novit
2451 1191 2596 1261 quod
2627 1204 2716 1244 res
2776 1204 2941 1258 prava
2972 1190 3041 1245 sit
3071 1190 3303 1251 malitia.
3356 1199 3411 1245 et

1842 1295 1931 1335 res
1962 1280 2102 1335 bona
2157 1279 2354 1334 virtus.
2422 1280 2810 1335 Animadverte
2855 1290 3034 1334 autem
3088 1296 3228 1351 opus
3285 1294 3411 1334 esse

1839 1370 2253 1435 exercitatione,
2285 1381 2341 1427 et
2371 1372 2747 1437 meditatione,
2780 1382 2835 1428 et
2863 1374 3060 1443 peritia
3091 1372 3409 1443 Scriptura-

1841 1476 1986 1527 rum,
2018 1462 2064 1517 si
2089 1462 2441 1531 dijudicaturi
2463 1463 2637 1518 simus
2683 1479 2933 1533 quaenam
2988 1463 3102 1517 sint
3130 1462 3407 1528 haeretica,

1838 1560 1894 1606 et
1945 1568 2064 1622 qua:
2096 1570 2229 1618 non,
2270 1562 2325 1608 et
2356 1568 2462 1607 non
2513 1554 2831 1625 simpliciter
2874 1554 3132 1609 omnibus
3189 1567 3412 1606 accom-

1838 1642 2061 1696 modare
2090 1657 2277 1695 aures.
2308 1642 2508 1697 Cuttur
2531 1643 2677 1696 cnim
2728 1642 2909 1697 cibum
2951 1649 3182 1713 gustat:
3230 1641 3410 1694 anima

1840 1747 1971 1785 vero
2000 1745 2284 1788 sermones
2317 1733 2531 1801 prohat.

2405 1867 2637 1925 CAPUT
2690 1866 2779 1924 Vl.

217 1974 316 2027 Διὸ
334 1974 595 2042 ἀφέντες
622 1973 729 2026 τὸν
757 1973 867 2040 τῆς
888 1973 1082 2042 ἀρχῆς
1114 1976 1221 2033 τοῦ
1243 1977 1503 2043 Χριστοῦ
1521 1980 1728 2048 λόγον,

1890 1983 2086 2040 VsnsJ
2102 2024 2115 2038 .
2136 1984 2468 2053 Quapropter
2481 1985 2875 2038 intermittentes
2895 1982 3241 2037 inchoationis
3257 1982 3414 2039 Chri-

151 2065 248 2119 έκι
282 2066 406 2133 τὴν
435 2065 783 2131 τελειότητα
810 2064 1133 2134 φερώμεθα.
1169 2064 1335 2120 Εἶπεν
1363 2069 1624 2140 ἀνωτέρω
1652 2071 1733 2123 ὄτι

151 2156 354 2227 νωθροὶ
415 2158 698 2225 γεγόνατε,
760 2157 854 2209 καὶ
887 2158 969 2210 ὃτι
1020 2158 1241 2229 νήπιοι,
1272 2160 1365 2213 καὶ
1420 2162 1498 2223 είς
1544 2163 1734 2231 χρείαν

154 2251 465 2320 κατέστητε
494 2251 589 2303 τοῦ
622 2250 782 2304 πάλιν
800 2252 867 2303 τὰ
893 2251 1086 2320 πρῶτα
1117 2255 1352 2321 στοιχεῖα
1370 2254 1468 2323 τῆς
1498 2256 1733 2319 πίστεως

158 2341 457 2409 μανθάνειν
480 2360 495 2373 ο
523 2344 615 2395 καὶ
654 2342 748 2395 νῦν
771 2338 865 2395 οὖν
899 2360 1084 2412 φησιν,
1112 2344 1216 2407 ὅτι,
1245 2346 1337 2396 Δεῖ
1360 2346 1502 2414 ὑμᾶς
1532 2347 1606 2407 ὡς
1645 2365 1735 2399 τε-

154 2431 335 2494 λείους
361 2433 553 2485 λοιπὸν
585 2434 826 2502 φρονεῖν,
858 2434 951 2484 καὶ
981 2434 1287 2502 ὑπερὸἧναι
1310 2435 1401 2488 τὸν
1433 2435 1531 2504 τῆς
1562 2439 1735 2506 ἀρχῆς

155 2520 248 2573 τοῦ
282 2522 525 2590 Χριστοῦ
560 2521 735 2586 λόγον,
758 2521 1025 2587 τουτέστι,
1056 2522 1155 2585 τὰς
1185 2522 1406 2593 πρώτας
1435 2527 1606 2595 ἀρχὰς
1637 2528 1735 2596 τῆς

158 2614 422 2674 πίστεως,
482 2613 575 2664 καὶ
627 2614 716 2663 ἐπὶ
748 2614 845 2682 τὴν
898 2614 1212 2683 τελειότητα
1265 2614 1546 2685 φέρεσθαι,
1582 2634 1735 2669 τουτ-

156 2706 292 2766 έττι,
325 2705 440 2757 τῶν
464 2703 810 2774 ὑψηλοτέρων
848 2699 983 2757 εἶναι
1013 2704 1312 2769 δεκτικούς.
1346 2708 1416 2759 Ἢ
1467 2710 1558 2761 καὶ
1595 2709 1737 2761 οὕτω

157 2796 316 2849 τοῦτο
363 2798 616 2865 νοήσειςο
650 2798 732 2849 ὅτι
782 2797 969 2866 ἐπειδὴ
1008 2796 1267 2866 χωλεύειν
1301 2801 1429 2869 περὶ
1464 2801 1563 2869 τὴν
1589 2801 1739 2853 πολι-

156 2889 308 2941 τείαν
342 2889 417 2921 ⁸⁸⁸
441 2881 590 2940 οὗτοι
615 2887 853 2947 ἐδόκουν.
882 2888 1030 2956 λέγει
1076 2888 1172 2942 νῦν
1213 2891 1398 2953 αὐτοῖς
1447 2894 1573 2961 περὶ
1619 2894 1736 2962 βίου

157 2980 570 3043 ἁνεπιλήπτου,
643 2978 846 3031 ὡσανεὶ
912 2979 1071 3032 τοῦτο
1124 2980 1315 3048 λέγων,
1374 2984 1477 3046 ὅτι,
1532 2986 1606 3038 Οὔ
1659 2986 1739 3038 δεῖ

158 3068 299 3135 ὑμᾶς
328 3069 377 3098 ⁸³
427 3070 515 3117 ἀεὶ
552 3068 679 3135 περὶ
713 3067 813 3138 τὴν
860 3067 1033 3138 ἀρχὴν
1066 3070 1415 3138 στρέφεσθαι,
1469 3074 1734 3137 τουτέστι,

161 3163 291 3231 περὶ
356 3160 600 3223 πίστεως
643 3161 1033 3227 διδάσκεσθαι,
1089 3162 1280 3233 ὥσπερ
1342 3168 1740 3236 εἰσαγωγικούς

1838 2076 2237 2137 stisermonem,
2269 2074 2337 2127 ad
2360 2074 2730 2143 perfectionem
2755 2074 3010 2142 feramur.
3037 2074 3213 2142 Supra
3227 2074 3364 2128 dixit
3393 2092 3408 2129 :

1838 2165 2045 2235 Segnes
2077 2166 2203 2221 facti
2231 2167 2388 2232 estis,
2425 2176 2479 2221 et
2510 2165 2770 2228 infantes,
2822 2173 2985 2233 atque
3040 2169 3106 2219 ad
3137 2179 3256 2218 eam
3278 2166 3411 2219 ada-

1834 2259 1907 2313 cti
1937 2260 2068 2313 estis
2106 2258 2509 2324 necessitatem,
2539 2268 2597 2311 ut
2626 2258 2737 2325 jam
2779 2256 2901 2312 sitis
2925 2257 2979 2310 in
3014 2256 3137 2311 fidei
3168 2258 3408 2311 elemen-

1836 2350 1907 2403 tis
1948 2350 2303 2412 instituendi;
2350 2366 2496 2403 nune
2555 2364 2710 2415 vero,
2769 2350 3020 2419 Oportet,
3077 2350 3274 2418 inquit.
3311 2364 3410 2403 vos

1835 2438 2093 2507 deinceps
2136 2454 2234 2492 ceu
2274 2437 2548 2507 perfectos
2603 2452 2820 2505 sapere,
2876 2452 2941 2491 ac
3007 2438 3402 2492 transcendere

1837 2544 2143 2585 sermonem
2176 2529 2456 2599 primordii
2499 2528 2726 2593 Christi,
2754 2529 2855 2583 hoc
2903 2536 3009 2593 est,
3064 2528 3237 2597 prima
3281 2530 3404 2584 fidei

1838 2618 2167 2684 rudimenta,
2192 2629 2247 2674 et
2274 2620 2341 2673 ad
2379 2619 2777 2688 perfectionem
2808 2619 2963 2684 ferri,
2985 2619 3088 2673 hoc
3109 2629 3211 2682 est,
3252 2622 3411 2673 altio-

1837 2724 1958 2761 rum
1985 2725 2105 2763 esse
2130 2725 2381 2778 capaces.
2419 2707 2511 2762 Vel
2546 2709 2687 2762 hunc
2709 2708 2775 2761 ad
2806 2709 3027 2761 modum
3056 2709 3201 2762 hunc
3226 2711 3409 2762 locum

1841 2799 2147 2868 intelligere
2177 2799 2419 2869 poteris:
2451 2798 2591 2863 Quia
2630 2798 2707 2851 illi
2751 2800 2803 2850 in
2839 2798 2964 2851 vitae
2994 2799 3411 2853 conversatione

1837 2892 2147 2944 claudicare
2192 2892 2540 2952 videbuntur,
2574 2890 2737 2942 verba
2770 2889 2876 2956 iam
2928 2889 3009 2944 eis
3044 2891 3172 2943 facit
3197 2890 3264 2943 de
3300 2892 3409 2943 vita

1839 2980 2323 3049 irreprehensibili,
2353 2978 2574 3047 perinde
2590 2979 2745 3047 quasi
2777 2978 2876 3030 hoc
2902 2976 3083 3030 dicat:
3114 2977 3229 3031 Non
3248 2992 3412 3046 opor-

1842 3079 1917 3123 tet
1942 3087 2037 3125 vos
2071 3087 2285 3140 semper
2310 3073 2456 3124 circa
2486 3070 2751 3139 principia
2807 3070 3038 3132 versari,
3074 3070 3175 3122 hoc
3205 3076 3312 3132 est,
3341 3067 3409 3121 de

1841 3161 1944 3216 ﬁde
1966 3163 2173 3225 doceri,
2199 3173 2456 3231 tanquam
2489 3162 2725 3216 novitios
2746 3161 3043 3230 quosdam;
3070 3160 3163 3214 sed
3191 3160 3257 3213 ad
3286 3175 3410 3230 per-

159 3269 334 3314 τινας,
368 3250 505 3303 ἀλλὰ
537 3252 631 3303 καὶ
664 3252 757 3303 ἐπὶ
790 3251 891 3320 τὴν
922 3252 1233 3321 τελειότητα
1258 3256 1539 3325 φέρεσθαι,
1585 3276 1734 3311 τουτ-

1840 3250 2130 3304 fectionem
2152 3252 2315 3305 etiam
2342 3259 2424 3305 est
2442 3251 2794 3321 pergendum,
2813 3250 2917 3303 hoc
2940 3261 3044 3313 est,
3060 3249 3126 3302 ad
3147 3250 3409 3319 optimam

160 3345 331 3405 ἐστιν,
364 3344 459 3394 ἐπὶ
483 3343 577 3394 τὸν
608 3344 835 3411 ἄριστον
865 3343 999 3411 βίον.
1029 3344 1246 3406 Τέλειος
1280 3347 1387 3415 γὰρ
1421 3348 1646 3413 ἐκεῖνος,
1673 3350 1733 3412 ὃς

157 3436 297 3502 μετὰ
324 3438 426 3502 τῆς
460 3434 696 3494 πίστεως
742 3435 838 3485 καὶ
870 3432 989 3501 βίον
1030 3433 1143 3502 ἔχει
1190 3434 1372 3505 ὀρθόν.
1422 3437 1588 3507 Ἀρχὴ
1633 3440 1733 3506 μὲν

153 3526 259 3595 γὰρ
302 3524 403 3576 καὶ
452 3523 698 3591 θεμέλιος
740 3524 773 3592 ἡ
816 3524 1018 3585 πίστις.
1056 3525 1149 3576 καὶ
1178 3525 1308 3579 ἄνευ
1349 3526 1553 3597 ταύτης
1581 3530 1733 3582 οὑδὶν

153 3613 580 3683 ἑδραοθήσεται,
606 3612 796 3681 ὥσπερ
834 3613 953 3667 οὐδὲ
976 3614 1105 3667 ἄνευ
1132 3616 1413 3685 στοιχείων
1443 3618 1638 3685 γένοιτ’
1668 3619 1733 3672 ἄν

153 3723 235 3768 τις
282 3708 555 3774 ἔμπειρος
597 3704 966 3775 γραμμάτων.
1006 3705 1155 3775 Πλὴν
1198 3706 1324 3759 οὔτε
1376 3709 1463 3761 ἀεὶ
1507 3710 1735 3779 περὶτὰ

155 3799 399 3866 στοιχεῖα
452 3795 782 3865 στρέφεσθαι
831 3796 931 3860 δεῖ,
968 3793 1092 3847 οὔτε
1140 3796 1227 3849 ἀεὶ
1256 3798 1333 3861 ὡς
1362 3800 1589 3868 νηπίους
1638 3802 1732 3855 καί

152 3889 367 3949 ἀτελεῖς
452 3890 579 3955 περὶ
656 3888 890 3948 πίστεως
944 3887 1319 3941 διδάσκεσθαι.
1379 3890 1463 3943 .Ei
1550 3892 1607 3944 δέ
1646 3909 1731 3956 τις

151 3981 247 4047 τὴν
284 3980 390 4047 μὲν
448 3977 725 4047 προτέραν
767 3977 991 4046 ἐκδοχὴν
1037 3978 1418 4049 παραδέχοιτο,
1446 3980 1651 4052 ταύτην
1675 3983 1733 4038 δὲ

152 4070 554 4139 ἀποδοκιμάζει
608 4069 683 4131 ὡς
727 4068 1088 4122 ἀνακόλουθον
1119 4070 1297 4124 οὖσαν
1341 4074 1450 4135 τοῖς
1484 4076 1731 4144 προρρη-

150 4165 328 4217 θείσ;ν
360 4164 469 4215 ὑπὸ
504 4162 597 4215 τοῦ
634 4162 874 4228 Παύλου,
903 4164 1155 4216 ἐννοείτω
1180 4164 1253 4228 ὡς
1283 4164 1404 4228 ἔθος
1433 4167 1581 4236 αὑτῷ
1616 4170 1733 4222 ἐστι

151 4259 280 4327 περὶ
312 4257 497 4311 ἄλλων
537 4255 751 4322 λέγοντι
798 4256 877 4316 είς
910 4254 1044 4308 ἄλλα
1078 4256 1433 4326 μεταπηδῷο
1461 4257 1625 4331 ὠςιὲν
1663 4263 1727 4330 τῇ

152 4350 285 4416 πρὸς
337 4347 687 4415 Κορινθίους,
718 4347 848 4415 περὶ
879 4345 989 4397 τῶν
1017 4347 1250 4401 δείπνων
1294 4348 1489 4415 λέγων,
1520 4350 1599 4413 είς
1640 4350 1731 4404 τὸν

150 4440 277 4505 περὶ
314 4439 429 4490 τῶν
460 4436 777 4505 μυστηρίων
802 4435 961 4503 λόγον
984 4436 1261 4491 ἐνέϐαλεν.
1296 4438 1482 4501 Οὕτως
1514 4437 1606 4493 οὖν
1636 4442 1731 4493 καὶ

150 4528 241 4582 νῦν
275 4528 559 4589 ὀνειδίζων
592 4528 649 4579 ἐν
677 4527 818 4596 ἀρχῇ
852 4526 1061 4590 τούτοις
1100 4527 1416 4597 νωθρότητα
1445 4531 1539 4583 καὶ
1566 4530 1729 4585 ἀσθέ-

1842 3341 2031 3398 vitam.
2064 3339 2342 3396 Perfectus
2372 3343 2516 3395 enim
2552 3342 2642 3395 ille
2662 3350 2765 3407 est,
2793 3342 2887 3411 qui
2937 3356 3061 3395 cum
3096 3340 3201 3395 fide
3242 3341 3411 3394 vitam

1838 3442 2044 3486 rectam
2074 3433 2257 3487 habet.
2324 3432 2453 3489 Nam
2510 3432 2839 3501 principium
2892 3439 2947 3485 et
2998 3431 3410 3484 fundamentum

1839 3523 1972 3579 fides
2001 3533 2106 3585 est.
2134 3524 2271 3577 citra
2303 3538 2465 3593 quam
2500 3524 2637 3578 nihil
2670 3523 2775 3579 erit
2797 3523 3055 3586 solidum,
3088 3520 3315 3591 perinde
3345 3535 3411 3575 ac

1838 3629 2014 3683 neque
2036 3615 2155 3669 sine
2170 3614 2454 3669 elementis
2468 3616 2735 3685 quispiam
2749 3630 2954 3684 gnarus
2975 3614 3065 3668 fiat
3083 3616 3410 3668 litterarum.

1833 3706 1999 3777 682
2032 3706 2196 3776 Atqui
2222 3723 2331 3760 non
2355 3722 2570 3775 semper
2601 3707 2748 3761 circa
2801 3706 3069 3761 elementa
3130 3721 3230 3760 nos
3287 3721 3411 3757 ver-
3470 3762 3482 3775 γ

1836 3797 1955 3849 sari
1993 3802 2232 3865 oportet,
2272 3811 2448 3864 neque
2479 3810 2692 3864 semper
2716 3795 2768 3849 in
2790 3794 2894 3849 fide
2924 3794 3156 3859 institui,
3218 3802 3277 3847 ut
3328 3794 3411 3848 in-

1836 3886 2013 3941 fantes
2041 3896 2097 3941 et
2128 3887 2501 3956 imperfectos.
2546 3885 2642 3940 Sin
2681 3900 2813 3941 vero
2841 3886 3133 3956 quisquam
3170 3886 3408 3955 priorem

1834 3978 2162 4033 sententiam
2204 3979 2447 4048 recipere
2493 3979 2666 4042 malit,
2703 3978 2847 4033 hanc
2886 3992 3015 4032 vero
3070 3977 3301 4046 rejiciat,
3350 3985 3409 4031 ut

1834 4086 1957 4140 qua:
1985 4071 2057 4126 sit
2088 4070 2499 4140 inconsequens
2544 4070 2613 4124 iis
2634 4085 2756 4138 qua:
2798 4086 2829 4123 a
2884 4069 3053 4123 Paulo
3090 4083 3409 4138 praememo-

1835 4174 1949 4216 rata
1974 4173 2124 4226 sunt,
2168 4163 2383 4216 noverit
2406 4167 2551 4231 quod
2584 4162 2674 4217 ille
2697 4162 2827 4216 dum
2857 4160 2923 4215 de
2960 4174 3067 4214 uno
3090 4160 3274 4228 aliquo
3300 4158 3414 4211 dis-

1833 4255 1986 4317 serit,
2015 4253 2082 4307 ad
2106 4254 2211 4307 alia
2251 4254 2527 4309 transilire
2560 4252 2738 4307 solet:
2794 4260 2856 4305 ut
2911 4252 2965 4304 in
3018 4250 3266 4320 Epistola
3329 4249 3396 4303 ad

1832 4343 2168 4407 Corinthios,
2200 4344 2269 4398 de
2288 4345 2463 4399 caenis
2486 4355 2539 4398 et
2566 4342 2835 4398 conviviis
2865 4342 3121 4411 loquens,
3181 4341 3236 4394 in
3292 4354 3411 4394 ser—

1833 4448 2049 4489 monem
2096 4434 2162 4488 de
2192 4434 2469 4504 mysteriis
2514 4434 2732 4489 incidit.
2794 4431 2948 4486 Hanc
3011 4433 3077 4485 ad
3138 4431 3405 4486 rationem

1833 4526 1997 4580 etiam
2033 4542 2181 4580 nunc
2210 4530 2263 4579 in
2298 4526 2571 4597 principio
2620 4525 2889 4593 objiciens
2916 4524 2999 4579 eis
3032 4525 3319 4591 segnitiem
3356 4534 3409 4578 ιιι

150 4636 299 4671 νειαν
355 4619 495 4687 πρὸς
543 4615 610 4670 τὰ
636 4616 946 4686 τελειότερα
976 4618 1411 4687 παραδέξασθαι,
1458 4622 1731 4675 εἰσϐάλλει

1841 4616 2275 4671 imbecillitatem
2328 4618 2382 4670 in
2440 4615 2865 4684 perfectiorihus
2948 4613 3299 4680 recipiendis.
3351 4612 3406 4664 in

148 4712 225 4771 εἰς
280 4710 377 4760 seu
424 4707 555 4777 περὶ
599 4708 699 4774 τῆς
747 4707 1024 4770 πολιτείας
1078 4708 1258 4775 λόγον,
1290 4710 1501 4773 ἀτελεῖς
1544 4711 1726 4765 καλῶν

149 4800 369 4861 αὐτοὺς,
400 4797 499 4849 ιιια)⁸
519 4797 606 4849 διὰ
637 4796 816 4863 τοῦτο,
858 4798 939 4850 ὅτι
969 4797 1044 4868 μὴ
1078 4798 1256 4853 πίστει
1285 4799 1377 4852 τὸν
1408 4800 1523 4871 βίον
1555 4818 1726 4872 προσ-

152 4890 233 4941 ἐθε
244 4907 371 4944 σαν.

217 4982 314 5045 Μὴ
343 4978 539 5032 πάλιν
563 4977 839 5046 θεμέλιον
868 4982 1379 5050 καταϐαλλόμενοι
1405 4986 1726 5052 μετανοίας

149 5074 262 5125 ἀπὸ
294 5070 535 5137 νεκμῦν
560 5072 769 5141 ἔργων,
810 5072 907 5125 καί
934 5073 1193 5137 πίστεως
1230 5074 1327 5126 ἐπὶ
1358 5076 1526 5131 Θεόν.
1557 5079 1728 5131 Τουτ-

152 5162 290 5222 ἐστι,
350 5161 429 5228 μὴ
481 5161 644 5213 πάλιν
696 5161 758 5224 ἐξ
794 5161 968 5229 ἀρχῆς
1013 5162 1240 5215 τοιαῦτα
1288 5166 1587 5231 ποιοῦντες,
1642 5163 1729 5222 οἷα

150 5251 388 5301 ἐποιεῖτε
437 5250 677 5317 ὁπηνίκα
730 5250 986 5318 ιμέλλετε
1039 5251 1427 5317 βαπτίζεσθαι,
1474 5250 1586 5309 οἷον
1628 5260 1727 5329 τὴν

149 5340 255 5391 ἀπὸ
277 5339 495 5408 νεκρῶν
526 5340 703 5409 ἔργων
740 5340 1049 5409 μετάνοιαν,
1078 5342 1347 5406 τουτέστι,
1379 5342 1478 5413 τὴν
1520 5346 1725 5399 ἀποτι-

151 5432 251 5500 γὴν
280 5430 395 5483 τῶν
429 5430 609 5500 ἔργων
630 5428 725 5483 τοῦ
757 5429 990 5485 Σατανᾶ.
1055 5431 1115 5483 Ὀ
1152 5432 1261 5500 γὰρ
1290 5435 1725 5503 προσερχόμενος

152 5523 227 5590 τῷ
258 5522 506 5592 Χριστῷ,
545 5521 808 5592 πρόδηλον
836 5524 919 5576 ὅτι
945 5522 1222 5592 μετανοῶν
1246 5523 1339 5576 ἐπὶ
1366 5524 1444 5595 τῷ
1476 5526 1729 5597 προτέρῳ

1834 4723 2145 4762 sermonem
2178 4708 2246 4761 de
2280 4708 2524 4761 moribus
2542 4716 2594 4761 et
2620 4706 3047 4760 conversatione
3075 4703 3267 4763 fertur.
3310 4707 3409 4755 int-

1835 4798 2104 4867 perfectos
2129 4812 2224 4852 eos
2250 4812 2473 4863 vocans,
2503 4806 2787 4867 propterea
2807 4796 2950 4866 quod
2973 4796 3091 4849 ﬁdei
3111 4812 3222 4850 suae
3247 4798 3407 4849 vitam

1835 4904 1942 4943 non
1973 4889 2302 4957 adjecerint.

1905 4978 2025 5033 Non
2046 4997 2258 5035 rursum
2282 4982 2539 5050 jacientes
2563 4980 2964 5049 fundamentum
2992 4979 3307 5047 paenitentite
3341 4978 3407 5030 ab

1833 5074 2073 5140 operibus
2096 5074 2339 5140 mortuis,
2369 5081 2420 5125 et
2476 5073 2602 5141 ﬁdei
2630 5072 2698 5126 ad
2728 5071 2912 5125 Deum.
2963 5070 3079 5127 Hoc
3135 5079 3242 5135 est,
3298 5087 3404 5124 non

1833 5179 2028 5219 rursus
2052 5178 2118 5219 ex
2151 5165 2361 5234 integro
2395 5163 2664 5219 facientes
2694 5180 2814 5233 qua:
2839 5162 3128 5217 faciebatis
3185 5164 3404 5229 quando

1832 5257 2159 5325 baptismate
2192 5257 2448 5312 abluendi
2481 5258 2671 5320 eratis,
2711 5270 2905 5325 nempe
2961 5255 3340 5325 pmnitentiam
3372 5270 3404 5309 e

1836 5347 2066 5402 mortuis
2093 5347 2376 5416 operibus,
2411 5348 2515 5402 hoc
2546 5356 2653 5412 est,
2680 5345 3143 5401 renuntiationem
3177 5358 3402 5413 operum

1832 5434 2067 5491 Satanae.
2094 5435 2198 5502 Qui
2231 5439 2377 5493 enim
2402 5438 2625 5493 Christo
2645 5437 2881 5505 accedit,
2909 5437 3127 5506 planum
3150 5444 3234 5491 est
3258 5437 3405 5507 quod

1836 5527 2156 5595 paenitentia
2186 5529 2387 5603 prioris
2425 5528 2699 5601 dogmatis
2756 5538 2812 5586 et
2870 5527 2995 5584 vitae
3042 5526 3264 5594 ductus,
3321 5525 3405 5582 sic

1465 5704 1666 5767 Variae
1712 5704 2041 5771 lectiones.

241 5801 288 5833 "
320 5800 455 5855 ἀλλὰ
474 5820 529 5856 υ.
603 5800 674 5832 ⁸⁸⁵
705 5800 881 5853 πίστιν
917 5816 969 5856 o.
1047 5800 1092 5832 “
1121 5802 1263 5871 ἡμᾶς
1285 5817 1339 5857 ο.
