4154 6440
166 436 256 498 253

924 433 1332 495 EXPOSITIO
1365 434 1445 494 IN
1474 434 1713 496 EPIST.
1744 436 1844 495 AD
1873 435 2259 497 HEBREOS.
2287 460 2352 470 -
2370 437 2527 498 CAP.
2562 435 2663 497 VI.

3296 430 3404 498 254

169 550 290 601 ὥστε
321 550 402 611 είς
442 549 756 617 ἀπόγνωσιν
809 549 1009 614 αὐτοὺς
1035 552 1297 621 ὲμσαλετν
1335 552 1429 605 τοῦ
1479 552 1715 622 δεύτεροι

1836 553 2016 618 sibile,
2051 563 2108 607 ot
2151 554 2218 608 ad
2251 553 2688 623 desperationem
2722 564 2818 605 eos
2852 548 3080 617 injiciat.
3111 565 3180 604 ne
3219 550 3401 604 omni-

165 642 389 705 ἐλπίζειν
416 642 666 711 λουτρόν.

224 738 650 803 Γευσαμένους
683 752 747 788 τε
776 734 886 803 τῆς
916 734 1155 803 δωρεᾶς
1179 735 1292 805 τῆς
1333 738 1719 805 ἐπουρανίου.

163 827 434 888 Τουτὲστι,
475 829 576 896 τῆς
606 828 854 897 ἀφέσεως
893 828 1003 881 τῶν
1035 828 1342 899 ἁμαρτιῶν.
1378 829 1568 892 Οὐδεὶς
1614 828 1723 898 γὰρ

162 918 369 971 δύναται
397 920 624 973 τοιαῦτα
648 920 872 984 διδόναι,
906 923 956 973 εί
982 921 1059 991 μὴ
1086 916 1168 984 εἷς
1194 923 1223 974 ὁ
1253 920 1407 984 Θεός.

226 1008 324 1061 Καὶ
370 1011 673 1077 μετόχους
721 1008 1080 1078 γενηθέντας
1136 1012 1484 1080 "religato;-
1525 1008 1718 1079 ἁγίου.

163 1100 300 1153 Μετὰ
325 1101 427 1169 τὴν
463 1100 658 1168 ἄφεσιν
695 1102 804 1154 τῶν
832 1101 1140 1170 ἁμαρτιῶν,
1173 1103 1295 1155 τότε
1322 1104 1355 1172 ἠ
1393 1103 1597 1172 μετοχὴ
1625 1101 1721 1153 τοῦ

163 1191 303 1255 ἁγίου
347 1192 705 1260 Πνεύματος·
755 1194 817 1246 οὐ
849 1194 958 1264 γὰρ
1008 1196 1146 1247 οἰκεῖ
1188 1196 1247 1245 ἑν
1300 1193 1511 1263 σώματι
1548 1210 1721 1246 κατα-

161 1280 288 1347 χρέῳ
321 1280 643 1349 ἁμαρτίαις.
672 1283 771 1334 Διά
800 1282 857 1334 δὲ
896 1283 997 1351 τῆς
1044 1282 1341 1346 ἐπιθέσεως
1371 1282 1480 1335 τῶν
1518 1281 1720 1353 χειρῶν

162 1369 345 1421 ἐδίδοτο
373 1372 453 1432 ὡς
482 1373 576 1424 καὶ
598 1373 857 1441 ἀνωτέρω
880 1374 1117 1442 εἴρηται.

220 1462 321 1514 Kal
348 1463 543 1516 καλὸν
566 1466 975 1531 γευσαμένους
1005 1464 1152 1516 Θεοῦ
1194 1463 1376 1532 ῥῆμα.
1415 1464 1529 1516 Οὐκ
1566 1459 1718 1516 εἶπεν

158 1554 685 1622 ἀνακεκαλυμμένως
715 1555 763 1606 τε
794 1558 909 1607 ἐστι
935 1555 1091 1607 τοῦτο
1112 1572 1125 1584 '
1153 1556 1361 1609 δίδωσι·
1373 1556 1555 1624 μέντοι
1584 1556 1717 1624 ἡμῖν

158 1648 321 1707 νοεῖν,
362 1647 449 1699 ὅτι
511 1648 639 1717 περὶ
692 1650 877 1716 πάσης
924 1648 1306 1717 πνευματικῆς
1369 1647 1715 1709 διδασκαλίας

156 1736 298 1789 τοῦτό
328 1754 487 1806 φησι.

220 1828 507 1898 Δυνάμεις
532 1847 597 1883 τε
628 1830 965 1898 μέλλοντος
1003 1829 1239 1896 αἰῶνος.
1270 1832 1339 1884 Ἥ
1378 1832 1438 1884 τδ
1464 1830 1714 1900 θαύματα

1830 655 1902 695 no
1932 650 2152 707 sperent
2182 656 2241 695 se
2268 642 2446 694 denuo
2478 640 2743 709 baptisma
2771 650 2933 705 posse
2968 637 3254 703 consequi.

1895 730 2250 785 Gustaveruut
2274 733 2434 784 etiam
2449 731 2644 783 donum
2676 728 2904 783 caeleste.
2936 726 3047 779 lloc
3069 733 3175 792 est,
3206 727 3401 780 remis-

1824 821 2035 878 sionem
2067 830 2414 890 peeeatorum
2443 838 2458 883 ;
2489 834 2650 874 nemo
2678 820 2824 873 enim
2862 819 2989 872 talia
3021 819 3157 872 dare
3221 824 3400 886 potest

1822 909 1931 965 nisi
1955 926 2096 965 unus
2124 900 2289 967 Deus.

1899 1001 1965 1053 Et
2016 1002 2298 1070 participes
2327 1002 2458 1071 facti
2493 1010 2615 1057 sunt
2643 1000 2873 1070 Spiritus
2894 992 3086 1054 sancti.
3145 1000 3271 1055 Post
3308 1001 3399 1053 di-

1826 1093 2142 1148 missionem
2176 1103 2546 1161 peccatorum,
2584 1101 2700 1146 tum
2766 1103 2852 1146 est
2883 1090 3233 1161 partieipatio
3263 1092 3388 1160 Spi-

1825 1181 1968 1235 ritus
1996 1182 2210 1235 sancti:
2244 1196 2351 1233 non
2381 1182 2533 1234 enim
2584 1181 2797 1234 habitat
2830 1181 2884 1232 in
2918 1193 3147 1247 corpore
3176 1177 3395 1231 subdito

1826 1273 2086 1342 peccatis.
2138 1271 2238 1325 Per
2274 1271 2676 1339 inxpositioncm
2731 1278 2912 1324 autem
2943 1284 3201 1322 manuum
3230 1267 3397 1322 daha-

1823 1376 1931 1432 tnr,
1959 1366 2035 1419 uti
2062 1379 2225 1433 supra
2254 1364 2462 1418 dictum
2494 1373 2595 1416 est.

1897 1454 2063 1511 Vsus.
2092 1455 2146 1508 5.
2183 1451 2633 1519 Custaverstntque
2650 1451 2841 1503 bonum
2874 1452 2963 1504 Dei
3008 1450 3241 1505 uerbum.
3278 1450 3394 1503 Non

1820 1545 1957 1599 dixit
1986 1552 2174 1612 aperte
2198 1543 2328 1612 quid
2359 1542 2431 1596 sit
2460 1542 2564 1595 hoc
2599 1558 2612 1593 :
2644 1540 2858 1593 interim
2885 1548 3068 1593 tamen
3104 1555 3205 1592 nos
3240 1540 3394 1591 colli-

1818 1648 1946 1704 gere
1970 1631 2121 1695 facit,
2143 1647 2201 1686 se
2226 1632 2295 1685 de
2323 1629 2473 1685 omni
2506 1628 2774 1698 spirituali
2807 1630 3051 1683 doctrina
3079 1628 3249 1697 loqui.

1897 1808 1961 1862 Et
1990 1810 2207 1864 uirtutes
2237 1807 2406 1875 futuri
2441 1806 2644 1859 strcufi.
2674 1803 2772 1857 Vel
2798 1804 3066 1858 miracula
3098 1803 3276 1858 facere
3315 1805 3394 1860 sic

156 1882 410 1974 ἰπιτελεῦι
432 1882 577 1973 οῦτω
600 1882 773 1983 καλεί,
809 1921 840 1989 ἢ
876 1882 1066 1988 vim,
1094 1882 1419 1988 ἀγγε-λιίιως,
1446 1882 1524 1992 τῷ

1821 1902 2080 1972 appellat,
2123 1900 2207 1953 vel
2238 1899 2484 1968 angelice
2514 1899 2721 1961 vivere,
2758 1898 2831 1951 ita
2866 1908 2925 1951 ut
2958 1897 3109 1951 nullo
3159 1911 3397 1965 praesen-

156 2014 231 2074 νὸς
255 2013 463 2065 δεῖσθαι
506 2013 614 2063 τῶν
648 2011 951 2079 παρόντων,
994 2012 1130 2065 ἀλλά
1175 2013 1309 2082 πρὸς
1350 2013 1417 2066 τά
1452 2014 1716 2083 μέλλοντα

157 2101 495 2159 ἀποϐλέπειν,
531 2100 625 2151 καὶ
653 2100 752 2167 ἤδη
786 2100 1089 2168 ἀρραϐῶνα·
1112 2099 1257 2169 ἔχειν
1284 2100 1384 2169 τῆς
1413 2099 1715 2170 μελλοῦσης

157 2189 285 2257 ζωῆς
309 2188 407 2259 τὴν
441 2188 677 2241 ἐνταῦθα
710 2187 874 2240 ἀῠλον
897 2188 989 2239 καὶ
1022 2188 1425 2257 πνευματικήν.

215 2280 316 2332 Kal
372 2278 845 2347 παραπεσόντας
905 2277 1094 2329 πάλιν
1161 2278 1564 2339 ἀνακαινίζειν
1625 2282 1713 2345 εἰς

153 2370 479 2437 μετάνοιαν.
512 2369 795 2431 Τουτέστι,
826 2368 913 2422 διὰ
959 2371 1266 2439 μετανοάς.
1301 2371 1366 2422 Ti
1396 2370 1513 2436 οῦνς
1550 2372 1712 2424 ἐκϐέ-

155 2462 326 2530 ϐληται
353 2463 388 2530 ἡ
414 2461 714 2530 μετὰνοιας
746 2459 831 2530 Μὴ
862 2460 1096 2526 γένοιτο·
1132 2460 1249 2513 ἀλλ’
1287 2463 1315 2514 ὁ
1343 2461 1430 2516 διὰ
1469 2462 1564 2515 τοῦ
1594 2463 1715 2515 osu-

152 2556 295 2624 τέρου
320 2553 553 2623 λουτροῦ
586 2554 1000 2622 ἀνακαινισμὸς.
1023 2553 1128 2606 Τοῦ
1156 2555 1380 2624 λουτροῦ
1410 2556 1519 2625 γὰρ
1545 2556 1712 2625 μόνου

154 2648 253 2698 ἐστὶ
292 2647 353 2697 τὸ
406 2644 803 2708 ἀνακαινίζειν,
851 2645 923 2705 ὡς
958 2645 1053 2697 καὶ
1094 2647 1121 2698 ὁ
1156 2646 1478 2716 προφήτης·
1540 2649 1711 2701 Ἀνα-

156 2739 592 2802 καινισθήσεται
628 2738 711 2802 ὡς
741 2735 918 2791 ἀετοῦ
973 2738 1011 2802 ἡ
1057 2736 1273 2801 νεότης
1326 2753 1464 2798 σου.
1510 2740 1610 2807 τῆς
1652 2740 1710 2793 δὲ

158 2828 428 2895 μετανοίας
466 2826 606 2889 ἐστὶ,
635 2826 698 2878 τὸ
736 2826 836 2895 τῆς
868 2824 1232 2894 παλαιότητος
1262 2827 1587 2894 ἀπαλλάξαι,
1619 2830 1712 2883 καὶ

159 2920 401 2987 occidui»;
444 2916 802 2986 ἐργάζεσθαι.
836 2913 934 2979 Εἰς
980 2916 1197 2986 ἐκείνην
1228 2917 1411 2986 μέντοι
1438 2917 1537 2988 τὴν
1569 2920 1709 2991 λαμ-

154 3011 379 3077 πρότητα
443 3011 743 3076 ἀναγαγεῖν
769 3008 872 3061 οὐκ
914 3007 1017 3061 ἔνι.
1058 3009 1207 3062 Ἐκεῖ
1253 3009 1359 3079 γὰρ
1398 3011 1459 3062 τὸ
1502 3012 1623 3065 ὅλον
1675 3013 1710 3083 ἡ

155 3104 292 3171 χάρις
322 3098 414 3171 ἦν.
452 3102 546 3163 El;
579 3101 875 3168 μετάνοιαν
907 3099 1025 3165 οῦν,
1067 3100 1222 3168 φησὶ,
1269 3100 1368 3170 τὴν
1388 3102 1480 3154 τοῦ
1514 3103 1711 3171 same.

1820 1994 1956 2049 tittm
2016 1991 2278 2061 indigeat,
2348 1990 2441 2044 sed
2479 1990 2544 2042 ad
2576 1989 2759 2042 futura
2800 1988 3080 2057 respiciat,
3113 2003 3175 2039 ac
3200 1986 3394 2040 futura:

1818 2088 1941 2141 vita:
1967 2085 2185 2139 arrham
2206 2082 2425 2145 haheat,
2446 2088 2765 2150 praesentem
2797 2094 2826 2133 a
2856 2080 3086 2133 materia
3119 2078 3392 2147 rebusque

1817 2180 2026 2232 crassis
2058 2185 2324 2230 semotam
2363 2181 2416 2227 et
2446 2170 2809 2240 spiritualem.

1886 2267 2049 2322 Vatis.
2075 2266 2125 2320 6.
2156 2268 2223 2318 Et
2252 2263 2485 2332 prolapsi
2520 2271 2666 2326 sunt,
2709 2276 2892 2314 rursus
2926 2258 3170 2312 renovari
3184 2256 3252 2310 ad
3279 2272 3392 2325 pm-

1815 2362 2119 2417 nitentium.
2154 2360 2269 2414 lloc
2302 2368 2405 2421 est,
2441 2374 2536 2428 per
2566 2353 2965 2426 paenitentiam.
2996 2350 3136 2417 Qttid
3189 2348 3395 2418 igitur?

1816 2454 1992 2521 ejecta
2018 2461 2103 2507 est
2132 2451 2457 2521 pmuiteutia
2481 2451 2504 2502 ?
2528 2446 2985 2515 llaudqnaquam,
3042 2442 3135 2496 sed
3176 2457 3269 2509 per
3296 2456 3387 2494 se-

1810 2546 2049 2603 cundum
2086 2547 2353 2615 baptisma
2387 2543 2670 2599 renovatio
2696 2549 2779 2595 est
2817 2540 3042 2605 reiecta.
3088 2536 3374 2588 Renovare

1815 2656 2053 2710 namque
2116 2640 2292 2695 solius
2338 2646 2425 2693 est
2484 2636 2711 2694 lavacri.
2739 2631 2965 2702 perinde
3020 2645 3082 2683 ac
3118 2628 3388 2694 Propheta

1814 2732 1948 2787 dicit
1980 2749 1993 2785 :
2033 2729 2385 2785 Renovabitur
2426 2739 2481 2781 ut
2510 2726 2701 2795 aquila:
2735 2724 2972 2788 iuventus
3014 2718 3393 2787 tua":pmni-

1818 2823 2001 2878 lentiae
2035 2833 2219 2876 autem
2256 2828 2418 2887 est,a
2475 2823 2744 2872 vetustate
2798 2814 3050 2877 liberare,
3114 2809 3395 2877 fortesque

1814 2914 2024 2969 facere:
2091 2913 2157 2966 ad
2219 2912 2368 2965 illum
2421 2920 2600 2963 tamen
2659 2905 3003 2975 splendorem
3030 2902 3231 2955 ducere
3283 2914 3390 2953 non

1813 3006 1944 3061 licet
1968 3024 1980 3059 :
2012 3004 2122 3058 illic
2146 3005 2291 3059 enim
2320 3009 2492 3056 totum
2520 2997 2695 3069 gratia
2724 3003 2865 3049 erat.
2896 2992 2977 3045 Ad
3011 2991 3386 3062 paenitentiam

1813 3098 1977 3167 igitur
2001 3097 2155 3161 dicit,
2182 3109 2374 3160 nempe
2394 3087 2761 3160 baptismatis.
2788 3085 3031 3138 Primum
3062 3082 3205 3136 enim
3240 3080 3397 3148 quis-

161 3168 362 3260 σματος.
403 3192 682 3260 Πρότερον
706 3191 815 3259 γάρ
846 3208 929 3253 τις
962 3193 1214 3258 μετανοεῖ
1242 3168 1334 3243 ἐπί
1358 3193 1433 3262 τῷ
1464 3168 1715 3268 προτέρῳ

1818 3191 1962 3258 piam
1995 3187 2215 3241 ducitur
2242 3182 2558 3253 pcenitentia
2584 3179 2653 3233 ob
2676 3184 3007 3231 transactam
3024 3168 3394 3240 manus“

155 3282 257 3349 βίῳ.
290 3281 411 3336 εἶτα
449 3283 797 3351 βαπτίζεται,
823 3282 899 3343 ὡς
925 3284 1018 3333 καὶ
1049 3280 1211 3344 αὐτὸς
1250 3286 1715 3353 προεῖπε,ζΜετα-

152 3376 297 3436 refug-
327 3372 441 3439 τῆς
478 3373 599 3426 ἀπὸ
629 3370 857 3439 νεκρῶν
883 3371 1091 3439 ἔργων.
1142 3372 1313 3439 Δῆλον
1366 3375 1423 3428 δὲ
1459 3378 1552 3430 καὶ
1604 3379 1713 3432 ἀπὺ

152 3465 241 3513 τῶν
264 3466 411 3533 ἑξῆς,
440 3465 527 3517 δτι
552 3464 613 3516 τὸ
637 3463 889 3534 δεύτερον
914 3463 1139 3533 λουτρον
1159 3463 1403 3535 ἀπαγερε
1414 3464 1522 3520 ὕων
1539 3469 1713 3524 ταῦτά

152 3572 318 3620 φησιν.
803 3554 837 3586 ⁸

220 3646 766 3714 ’Λνασταυροῦντας
806 3647 1041 3714 ἑαυτοῖς
1073 3650 1180 3703 τόν
1220 3650 1359 3703 Υίόν
1399 3651 1507 3704 τοῦ
1541 3651 1709 3705 Θεοῦ.

150 3739 211 3789 Τὸ
243 3740 530 3805 βάπτισμα
558 3738 795 3807 σταυρὸς
838 3742 974 3791 ἐστι.
1016 3740 1489 3809 Συνεσταυρώθη
1521 3744 1633 3811 γὰρ
1680 3746 1714 3797 ὁ

149 3830 385 3893 αηληιές
415 3826 592 3894 ἡμῶν
624 3827 954 3894 ἅνθρωπος,
986 3829 1082 3880 καί
1126 3831 1429 3897 σύμφυτοι
1463 3834 1710 3900 γεγόνα-

146 3934 240 3983 μεν
265 3916 343 3980 τῷ
373 3915 697 3985 ὁμοιώματι
731 3915 837 3970 τοῦ
863 3916 1124 3970 θανάτου
1149 3918 1356 3971 αὐτοῦ.
1377 3920 1485 3971 Καὶ
1518 3918 1710 3971 πάλινο

148 4010 565 4077 Συνετάρημεν
588 4006 749 4071 αὑτῷ
772 4007 871 4061 διὰ
905 4006 1012 4060 τοῦ
1028 4009 1465 4075 βαπτίσματος.
1504 4010 1714 4079 ’Ὠσπερ

150 4098 236 4167 γὰρ
260 4103 470 4161 ἐκεῖνος
499 4099 772 4151 ἀπέθανεν
800 4102 857 4151 ὲν
890 4098 1111 4168 σταυρῷ
1141 4101 1328 4168 σαρκὶ,
1350 4098 1523 4162 οὕτως
1553 4102 1716 4169 ἡμεῖς

150 4191 194 4239 ἐν
214 4191 283 4257 τῷ
315 4192 664 4259 βαπτίσματι
692 4194 758 4259 τῇ
784 4190 1028 4260 ἁμαρτία
1046 4190 1415 4257 ἀπεθάνομεν.
1446 4193 1505 4243 '0
1534 4192 1715 4245 τοίνυν

147 4281 377 4354 δεύτερον
417 4283 841 4351 βαπτιζόμενος,
868 4284 991 4333 ὅσον
1022 4281 1084 4335 τὸ
1111 4282 1193 4349 ἐφ’
1228 4283 1430 4352 ἐαυτῷ,
1464 4283 1715 4350 δεύτερον

151 4377 354 4441 σταυροῐ
378 4374 477 4425 τὸν
500 4373 758 4441 Χριστόν.
790 4373 949 4425 Ἀ).λά
983 4375 1087 4442 μὴν
1109 4373 1270 4427 τοῦτο
1288 4374 1509 4427 ἄτοπον.
1532 4374 1714 4441 Ἀπαξ

148 4466 241 4531 γὰρ
263 4463 511 4516 ἀπέθανε
537 4465 627 4515 καὶ
664 4464 894 4531 ἀνέστη,
930 4466 1025 4516 καὶ
1062 4464 1291 4526 Θάνατος
1338 4464 1502 4516 αὑτοῦ
1532 4464 1715 4518 οὐκέτι

1820 3277 2018 3331 deinde
2058 3274 2391 3345 baptizatur,
2422 3273 2564 3326 sicut
2594 3279 2648 3323 et
2672 3268 2790 3336 ipse
2817 3264 3089 3336 praedixit,
3125 3260 3394 3314 Paeniten-

1816 3372 1904 3425 τίω
1935 3370 2000 3423 ab
2054 3370 2294 3433 operibus
2326 3366 2578 3419 mortuis.
2635 3362 2983 3416 Manifestum
3010 3366 3191 3410 autem
3217 3364 3299 3408 est
3326 3369 3392 3407 ex

1816 3461 2203 3531 sequentibus,
2226 3458 2371 3526 quod
2401 3452 2746 3524 baptismatis
2773 3448 3174 3504 reiterationem
3202 3444 3393 3513 prohi-

1815 3552 1959 3606 bens
1996 3550 2111 3604 lucc
2136 3548 2297 3602 dicit.

1893 3642 2119 3696 Rursum
2153 3640 2515 3706 cruciﬁgentes
2540 3634 2775 3699 sibiipsis
2801 3631 2993 3685 Filium
3030 3628 3144 3681 Dei.
3178 3624 3395 3695 Baptis-

1815 3752 1900 3790 ma
1931 3750 2063 3789 crux
2109 3739 2211 3786 est.
2244 3728 2415 3783 Simul
2435 3729 2573 3780 enim
2607 3726 2899 3793 cruciﬁxus
2931 3733 3011 3775 est
3038 3732 3183 3775 vetus
3220 3728 3397 3772 uoster

1818 3827 1998 3886 homo,
2054 3840 2116 3877 ac
2156 3820 2495 3876 sintulinsiti
2559 3832 2742 3871 sumus
2810 3812 3153 3868 similitudini
3209 3811 3395 3863 mortis

1813 3917 1949 3983 eius.
1988 3917 2053 3969 Et
2080 3928 2270 3966 rursus
2296 3929 2309 3965 :
2336 3909 2653 3973 Cousepulti
2668 3920 2850 3959 sumus
2880 3904 2981 3971 ipsi
3005 3917 3095 3968 per
3112 3902 3396 3969 baptisma.

1821 4006 2065 4062 Perinde
2093 4018 2331 4072 namque
2356 4008 2415 4053 ut
2436 4008 2690 4052 mortuus
2718 3995 2907 4050 estille
2938 3995 2990 4046 in
3024 4008 3188 4046 cruce
3219 3992 3393 4055 carni,

1820 4099 1902 4154 sic
1932 4106 1987 4150 et
2044 4110 2145 4148 nos
2207 4094 2261 4145 in
2302 4091 2633 4159 baptismate
2690 4085 2887 4140 mortui
2918 4099 3113 4137 sumus
3146 4092 3392 4153 peccato.

1818 4190 1922 4256 Qui
1954 4189 2121 4257 igitur
2150 4182 2391 4239 secunda
2423 4183 2543 4233 vice
2574 4178 2905 4247 baptizatur,
2940 4186 3203 4243 quantum
3249 4174 3303 4226 in
3336 4189 3396 4228 se
3460 4178 3467 4187 '

1816 4290 1925 4342 est,
1960 4294 2158 4332 rursus
2216 4274 2373 4330 cruci
2433 4271 2715 4326 Christum
2750 4266 2940 4337 attigit.
2971 4267 3138 4334 Atqui
3170 4266 3272 4319 hnc
3300 4267 3395 4318 ah-

1816 4372 2041 4426 surdum
2072 4378 2187 4421 est:
2223 4365 2391 4419 semel
2419 4364 2562 4417 enim
2600 4369 2850 4413 mortuus
2896 4366 3004 4421 est,
3038 4370 3092 4411 et
3147 4373 3393 4411 resurre-

1818 4462 1920 4525 xit,
1978 4469 2032 4513 et
2090 4472 2240 4511 mors
2296 4455 2349 4507 in
2382 4468 2504 4507 eum
2566 4464 2730 4520 porro
2759 4464 2866 4503 non
2892 4448 3226 4501 dominatur.
3277 4447 3393 4500 Non

149 4556 398 4624 κυριεύει.
426 4556 549 4607 Οὐκ
571 4556 678 4625 ἄρα
708 4557 824 4607 ἐστὶ
852 4555 1106 4623 δεύτερον
1129 4554 1434 4624 βάπτισμα,
1463 4555 1545 4607 ὅτι
1581 4554 1715 4624 μηδὲ

1821 4553 1989 4620 igitur
2016 4557 2099 4605 est
2116 4547 2418 4603 secundum
2435 4544 2726 4610 baptisma,
2756 4540 3199 4608 quandoquidem
3220 4553 3396 4607 neque

148 4645 378 4714 δεύτερος
437 4645 697 4715 σταυρὸς.
747 4645 812 4697 Τί
864 4644 973 4714 γάρ
1010 4644 1208 4697 κωλύει
1250 4647 1344 4697 καὶ
1382 4645 1566 4712 τρίτον
1619 4645 1715 4697 καὶ

150 4740 410 4807 τέταρτον,
448 4739 549 4790 καὶ
580 4738 740 4790 τοῦτο
765 4737 850 4789 ἐπ’
879 4738 1136 4808 ἄπειρον;
1172 4738 1287 4789 Οὐκ
1314 4730 1433 4788 εἶπε
1456 4736 1533 4799 δὲ,
1566 4737 1712 4789 ἀνα·

152 4833 581 4898 σταιοροῐτντας.
621 4831 715 4884 καὶ
746 4830 912 4901 ἐστηο
947 4830 1086 4884 ἀλλὰ
1130 4831 1461 4899 προσέθηκε,
1494 4832 1588 4883 καὶ
1628 4832 1713 4896 τὸ,

151 4923 388 4989 ἑαυτοῖς,
426 4925 522 4977 ἴνα
549 4923 720 4992 δείξῃ,
755 4923 838 4974 ὃτι
873 4922 1132 4994 ῥᾳθύμως
1160 4922 1251 4974 τὸν
1285 4922 1405 4974 καθ’
1427 4924 1574 4991 ἡμᾶς
1602 4922 1717 4991 βίον

150 5014 575 5085 οἰκονομοῦντες,
623 5012 812 5083 ὥσπερ
867 5014 1019 5074 δντος
1061 5013 1251 5081 ἐτέρου
1302 5011 1717 5080 βαπτίσματος,

152 5104 276 5157 οὕτω
314 5108 501 5158 πάντα
554 5102 1025 5174 διαπραττόμεθα,
1056 5104 1131 5166 ὡς
1179 5104 1246 5157 ἂν
1286 5105 1346 5157 ἐν
1375 5103 1587 5165 ἑαυτοῖς
1616 5120 1715 5157 πο-

153 5196 302 5264 νηρὰν
323 5195 487 5259 δόξαν
516 5192 977 5261 ὑποστησάμενοι.

213 5373 309 5424 Καὶ
356 5368 1028 5438 παραδειγματίζοντας.
1080 5368 1375 5432 Τουτέστι,
1412 5367 1715 5437 Θριαμϐεύ-

155 5476 313 5524 ονιτας,
343 5460 812 5530 καταισχύνοντας
835 5475 850 5489 ·
901 5463 1060 5513 τοῦτο
1086 5458 1142 5510 δὲ
1186 5458 1350 5527 διχῶς
1389 5461 1634 5529 νοήσεις·
1672 5459 1705 5527 ἧ

154 5550 223 5599 ότι
256 5550 376 5602 τὸτε
414 5549 465 5600 οἱ
505 5547 921 5617 σταυρώσαντες
949 5547 1041 5600 τὸν
1074 5546 1296 5616 Κύριον,
1341 5548 1432 5599 ἐπὶ
1477 5548 1707 5617 αἰσχύνῃ

156 5639 297 5690 αὐτοῦ
326 5640 576 5694 τοιοῦτον
604 5641 804 5709 τρόπον
841 5639 1074 5693 θανάτου
1106 5638 1425 5708 ἐπενόησαν,
1453 5639 1545 5691 τὸν
1588 5640 1708 5691 ἑπι-

216 5816 253 5845 ¹⁷
276 5815 418 5871 l‘sal.
452 5830 552 5879 cu,
586 5815 640 5868 5.

1816 4643 2055 4699 secunda
2084 4656 2217 4695 crux
2260 4640 2349 4693 sit.
2388 4634 2532 4701 Quid
2558 4634 2702 4687 enim
2755 4632 3085 4701 prohiberet,
3123 4632 3166 4684 si
3195 4644 3394 4683 secun-

1816 4736 1943 4788 dum
1973 4733 2401 4802 permitteretur,
2423 4725 2719 4796 quominus
2787 4722 3007 4775 tertium
3037 4729 3091 4775 et
3138 4730 3392 4789 quartum

1817 4825 2237 4884 concederetur,
2278 4830 2445 4889 atque
2476 4821 2552 4873 ita
2589 4820 2645 4871 in
2710 4814 3028 4869 intinitunt?
3087 4812 3201 4866 Non
3256 4813 3393 4867 dixit

1820 4927 2023 4979 autem,
2051 4930 2264 4968 rursum
2298 4911 2686 4980 cruciﬁgentes,
2716 4921 2778 4959 ac
2814 4906 3060 4969 destitit,
3094 4905 3189 4958 sed
3240 4904 3390 4971 adje-

1820 5010 1918 5067 cit.
1972 5008 2074 5061 sibi
2110 5007 2262 5073 ipsis,
2334 5014 2393 5057 ιιι
2450 5002 2703 5057 ostendat
2756 5001 2900 5069 quod
2932 5001 3098 5052 vitam
3142 5007 3383 5050 nostram

1819 5101 2015 5168 ignave
2048 5097 2434 5163 transigentes,
2466 5092 2623 5162 quasi
2666 5092 2804 5145 alter
2859 5090 3160 5159 baptismus
3209 5096 3388 5152 esset,

1823 5191 1896 5243 ita
1932 5189 2117 5242 omnia
2145 5186 2485 5256 petiit-imus,
2517 5198 2615 5239 ceu
2645 5181 2844 5236 malam
2875 5180 3188 5249 opinionem
3214 5178 3265 5231 in
3291 5193 3389 5231 no-

1823 5278 1908 5332 bis
1936 5277 2071 5345 ipsis
2099 5276 2461 5331 sustinentes.

1895 5367 1959 5420 Et
2029 5367 2257 5419 ostentui
2317 5366 2584 5418 habentes.
2652 5362 2763 5414 Hoc
2824 5369 2926 5423 est,
2968 5358 3383 5427 triumphantes,

1819 5459 2119 5529 ignominia
2141 5456 2455 5510 allicientes.
2489 5454 2601 5507 lloc
2618 5465 2796 5505 autem
2821 5450 3071 5504 bifariam
3092 5448 3381 5515 intelliges:

1816 5551 1898 5604 vel
1930 5551 2056 5617 quia
2096 5550 2188 5617 qni
2218 5558 2329 5600 tum
2359 5545 2748 5600 t't'ueilixerunt
2787 5542 3095 5602 Dmninutu,
3145 5539 3207 5591 ad
3236 5539 3387 5606 igno-

1823 5639 2048 5693 miniam
2078 5640 2198 5707 ejus
2231 5638 2390 5690 talem
2427 5635 2620 5690 mortis
2678 5635 2941 5687 rationem
2982 5628 3378 5699 excogitarunt,
