4154 6440
736 404 845 468 255

1686 397 2262 460 THEOPHYLACTI
2291 397 2699 461 BULGARIE
2733 398 3086 460 ARCHIEP.

3858 404 3969 468 256

741 513 1082 566 maledictam
1111 509 1358 565 videlicet
1387 518 1438 563 ct
1469 512 1944 578 contumeliosam,
1975 529 2038 568 ac
2065 515 2298 569 scelera-

2403 513 2710 582 κατάρατον
2756 515 2850 567 καὶ
2875 509 3239 568 ἐπονείδιστον
3281 514 3504 585 δηλαδὴ,
3551 516 3787 578 καὶτοῖς
3837 534 3979 569 κακ-

745 609 811 659 tis
837 604 1162 660 destinatam
1193 621 1205 656 :
1239 605 1318 657 vel
1353 606 1478 674 quia
1510 605 1765 662 Christus
1793 611 1957 662 semel
1985 611 2133 663 cruci
2188 611 2304 664 alii-

745 709 868 758 xus,
909 695 1235 749 immortalis
1266 695 1523 764 deinceps
1557 697 1820 752 creditur.
1853 699 1954 764 Qui
2000 701 2166 768 igitur
2220 717 2304 755 re-

738 783 1006 853 crna-ifigit
1031 786 1229 854 ipsum,
1251 786 1588 840 mendacium
1612 789 1712 842 hoc.
1742 789 1891 852 facit,
1915 791 2056 859 quod
2082 793 2303 848 Christo

743 875 1128 929 contumeliam
1159 877 1555 946 all‘ert,quippe
1612 881 1701 948 qui
1742 889 1858 948 post
1883 893 2110 936 mortem
2148 901 2301 940 suam

737 981 896 1030 quam
921 969 1086 1020 semel
1111 969 1391 1033 sustinuit,
1423 969 1890 1027 immortalitatem
1921 975 2176 1046 deinceps
2202 993 2302 1047 gu-

740 1059 990 1112 staverit.
1047 1058 1301 1114 Bifariam
1340 1063 1521 1131 itaque
1583 1079 1692 1118 rem
1731 1067 2120 1136 impnssibilem
2181 1086 2304 1126 esse

735 1147 869 1200 dicit
899 1164 911 1199 :
949 1148 1123 1217 primo
1150 1151 1408 1220 quidem,
1438 1154 1584 1221 quod
1617 1156 1871 1226 indiguus
1901 1169 1983 1214 est
2013 1165 2105 1230 qui
2134 1165 2301 1218 tantis

746 1237 902 1291 tonis
960 1239 1196 1294 donatus
1255 1245 1344 1306 sit,
1392 1254 1558 1314 atque
1593 1248 1777 1301 omnia
1811 1251 2071 1318 profudit,
2107 1269 2302 1309 rursus

735 1325 926 1380 iisdem
960 1330 1065 1384 frui
1097 1349 1110 1386 :
1179 1335 1422 1388 secundo
1455 1352 1585 1390 vero
1650 1337 1792 1406 quod
1835 1340 2156 1398 horribilius
2191 1353 2298 1409 est,

731 1417 877 1506 quod
912 1419 1249 1488 impossibile
1277 1426 1348 1479 sit
1401 1426 1595 1480 Filium
1638 1427 1727 1484 Dei
1763 1445 1982 1486 rursum
2033 1436 2298 1506 crucifigi.

803 1503 968 1565 Vsus.
994 1511 1046 1566 7.
1110 1512 1273 1567 Terra
1319 1517 1456 1569 enim
1517 1535 1652 1588 sirpe
1690 1523 1972 1577 venientem
2028 1541 2182 1592 super
2232 1503 2303 1584 ise

731 1597 908 1652 bibens
939 1601 1178 1658 imbrem.
1239 1604 1463 1661 Terram
1488 1611 1708 1680 quidem
1741 1615 1977 1669 animam
2003 1659 2016 1681 ,
2072 1617 2299 1671 imbrem

731 1704 858 1742 vero
909 1692 1215 1750 det-trinam
1286 1709 1466 1766 vocat,
1528 1711 1588 1756 ut
1622 1705 1731 1758 alio
1781 1707 1835 1759 in
1869 1707 2300 1772 loco,Mandabo

734 1781 975 1845 nubibus,
998 1785 1174 1854 inquit
1201 1789 1365 1852 Deus,
1389 1807 1451 1844 ne
1479 1792 1664 1857 pluunt
1686 1796 1901 1849 imbrem
1927 1799 1976 1850 in
2002 1800 2209 1852 vineam
2234 1802 2296 1855 “'.

2403 601 2623 670 ούργοις
2676 603 3055 674 ἀφωρισμένον
3104 620 3118 636 ο
3168 604 3202 674 ἧ
3245 604 3324 657 ὃτι
3363 604 3508 671 ἅπαξ
3557 607 3892 676 σταυρωθεὶς
3945 609 3976 661 ὁ

2403 692 2658 762 Χριστὸς.
2681 693 2948 756 ἀθάνατος
2971 693 3156 747 λοιπὸν
3181 692 3320 748 εἶναι
3345 697 3680 754 πιστεύεται.
3709 697 3768 750 ’0
3793 700 3977 752 τοίνυν

2403 782 2759 853 άνασταυρῶν
2797 785 2982 848 αὐτὸν,
3035 785 3230 855 ψεῦδος
3277 786 3434 840 τοῦτο
3463 790 3646 841 ποιεῖ’
3696 792 3832 858 ὅπερ
3881 793 3975 843 αἰ-

2405 873 2604 943 σχύνην
2636 875 2712 943 τῷ
2735 876 2958 946 Χριστῷ
2985 877 3162 947 φέρει,
3187 878 3260 940 ὼς
3291 881 3612 950 γευσαμένῳ
3633 882 3678 914 ⁸⁸
3701 883 3799 952 τὴν
3832 883 3976 951 μετὰ

2403 964 2464 1016 τὸ
2495 964 2639 1028 ἅπαξ
2667 965 2959 1018 ἀποθανεῖν
2999 967 3091 1019 τοῦ
3127 966 3314 1020 λοιποῦ
3344 968 3664 1024 ἀθανασίαν.
3696 972 3826 1024 Ausi.
3858 973 3975 1024 τοί-

2403 1072 2499 1107 νυν
2529 1055 2754 1125 τρόποις
2800 1055 2861 1109 τὸ
2910 1058 3142 1128 πρᾶγμα
3175 1058 3437 1112 ἀδύνατόν
3472 1077 3636 1132 φησιν
3675 1055 3812 1113 εἶναι
3835 1079 3847 1090 ·
3887 1062 3974 1113 ἐνὶ

2408 1147 2526 1215 μὲν,
2564 1148 2646 1202 ὅτι
2672 1147 2773 1200 οὐκ
2816 1147 2968 1213 ἄξιός
3018 1149 3166 1200 ἐστιν
3203 1148 3232 1200 ὁ
3276 1149 3533 1203 τοιούτων
3590 1151 3970 1214 καταξιωθεὶς,

2404 1236 2499 1288 καὶ
2531 1237 2708 1289 πάντα
2753 1238 3078 1306 προέμενος,
3110 1236 3265 1300 αὖθις
3292 1239 3598 1292 ἀπολαῦσαι
3625 1239 3733 1291 τῶν
3762 1240 3968 1304 αὐτῶν,

2405 1326 2575 1392 ἑτέρῳ
2603 1326 2659 1379 δὲ
2698 1327 2775 1396 τῷ
2817 1329 3254 1399 φρικωδεστέρῳ,
3286 1331 3368 1382 ὃτι
3411 1329 3671 1384 ἀδύνατόν
3713 1332 3831 1385 ἐστι
3877 1331 3972 1384 τὸν

2406 1416 2532 1469 Υίὸν
2559 1415 2651 1470 τοῦ
2683 1418 2818 1471 Θεσιῦ
2844 1424 2942 1471 ἀνα
2955 1420 3337 1490 σταυροῦσοαι.

2476 1506 2567 1574 Γῆ
2630 1508 2739 1574 γὰρ
2793 1507 2830 1572 ἡ
2879 1508 3104 1562 πιοῦσα
3157 1509 3262 1561 τὸν
3304 1509 3398 1561 ἐπ’
3443 1509 3633 1577 αὐτῆς
3673 1510 3973 1577 πολλάκις

2401 1594 2727 1666 ἐρχόμενον
2751 1600 2947 1652 ὑετόν.
2971 1598 3079 1665 Γῆν
3120 1600 3347 1669 μὲντὴν
3372 1600 3566 1670 ψυχὴν,
3599 1601 3750 1653 ὑετὸν
3791 1603 3848 1654 δὲ
3874 1601 3976 1672 τὴν

2404 1687 2754 1742 διδασκαλίαν
2804 1689 2978 1754 καλεῖ,
3023 1689 3096 1750 ὡς
3144 1691 3233 1740 καὶ
3285 1682 3542 1760 ἀλλαχοῦ,
3583 1692 3979 1759 Ἑντελοῦμαι

2406 1779 2534 1845 ταῖς
2567 1780 2870 1847 νεφέλαις.
2901 1781 3066 1849 φησὶν
3089 1783 3116 1832 ὀ
3145 1781 3298 1843 Θεὸς,
3326 1783 3430 1835 τοῦ
3449 1783 3534 1850 μὴ
3562 1783 3772 1850 βρέξαι
3796 1784 3978 1836 ὑετὸν

732 1871 798 1924 Et
831 1889 1022 1930 rursus
1057 1895 1068 1929 :
1104 1876 1324 1934 Flueius
1349 1881 1445 1937 Dei
1476 1885 1718 1954 impletus
1747 1897 1823 1942 est
1855 1892 2028 1958 aquis,
2064 1892 2164 1945 hoc
2194 1901 2298 1958 est,

2403 1872 2490 1932 εις
2524 1869 2630 1920 τὸν
2665 1869 3013 1938 ἀμπελῶνα.
3061 1873 3170 1924 Καὶ
3214 1872 3376 1924 πάλιν
3403 1887 3416 1901 ο
3459 1873 3521 1923 '0
3566 1876 3833 1942 ποταμὸς
3865 1875 3979 1928 τοῦ

731 1963 825 2026 qui
859 1976 886 2014 a
916 1961 1026 2017 Deo
1055 1975 1112 2018 ut
1140 1967 1278 2023 alios
1311 1970 1505 2026 doceat
1535 1976 1710 2042 gratia
1767 1975 2004 2034 donatus
2034 1989 2137 2042 est,
2200 1979 2304 2035 im-

735 2050 914 2116 pletus
946 2062 1028 2104 est
1059 2058 1316 2122 supernis
1350 2061 1526 2126 aquis,
1551 2063 1667 2116 sive
1692 2064 1868 2118 donis.
1907 2065 2087 2122 lunuit
2119 2077 2300 2124 autem

732 2140 864 2193 istos
891 2148 944 2192 et
974 2145 1281 2212 suscepisse
1315 2157 1368 2201 et
1402 2149 1682 2207 imbibisse
1742 2167 2069 2223 sermonem,
2097 2168 2147 2213 et
2177 2174 2300 2213 cum

730 2245 871 2296 sar-pe
937 2232 1112 2300 ipsum
1151 2249 1335 2291 essent
1396 2240 1597 2309 adepti,
1651 2259 1720 2298 ne
1773 2247 1851 2300 sic
1879 2248 2098 2316 quidem
2154 2251 2302 2318 ipsos

731 2322 1029 2386 profecisse
1081 2344 1094 2379 :
1135 2329 1278 2394 quod
1337 2341 1390 2383 et
1447 2347 1612 2401 supra
1645 2337 1780 2390 dixit
1824 2341 2000 2394 :Cum
2053 2342 2302 2398 deberetis

727 2428 839 2466 esse
855 2417 1090 2471 doctores
1116 2433 1322 2488 propter
1349 2433 1571 2492 tempus.

798 2599 960 2668 685
1021 2602 1085 2654 Et
1136 2607 1436 2670 germinans
1484 2610 1695 2666 herbam
1749 2632 2118 2683 opportunam.
2185 2623 2299 2680 lloc

731 2700 837 2750 est,
877 2695 1042 2746 vitam
1076 2698 1371 2754 virtutibus
1424 2714 1722 2774 comptam.
1770 2708 1912 2764 Nihil
1964 2715 2108 2767 enim
2166 2717 2304 2771 adeo

728 2791 814 2833 est
857 2793 1250 2854 opportunum,
1285 2789 1386 2846 hoc
1422 2803 1528 2858 est,
1564 2801 1976 2858 conveniens-et
2005 2814 2214 2874 aptum,
2239 2818 2299 2861 ut

728 2874 852 2926 vitm
878 2876 1101 2940 puritas.

801 2961 942 3021 Illis.
977 2982 1069 3030 per
1098 2983 1225 3033 quos
1264 2979 1314 3021 et
1361 2972 1572 3026 colitur.
1633 2974 1894 3044 lierbam,
1962 2981 2162 3052 inquit,
2200 2986 2302 3042 hoc

730 3061 830 3113 cst,
873 3054 1069 3110 bonam
1123 3066 1598 3120 conversationem
1645 3069 1754 3126 illis
1789 3075 1931 3141 parit
1993 3084 2159 3142 terra,
2207 3094 2304 3147 per

2407 1959 2555 2013 Θεοῦ
2575 1960 2893 2029 ἐπληρώθη
2933 1960 3188 2026 ὑδάτων,
3219 1964 3514 2028 τουτέστιν,
3540 1966 3568 2016 ὁ
3612 1965 3672 2014 ὲκ
3711 1964 3805 2016 τοῦ
3836 1964 3978 2016 Θεοῦ

2405 2069 2471 2104 πε
2482 2054 2533 2122 ρὶ
2561 2053 2622 2106 τὸ
2644 2053 2919 2107 διδάσκειν
2946 2053 3296 2124 χαριτωθεὶς,
3320 2053 3610 2124 ἐπληρώθη
3635 2055 3742 2106 τῶν
3769 2056 3982 2108 ἄνωθεν

2404 2142 2639 2208 ὑδάτων,
2693 2144 2812 2212 ἦτοι
2848 2144 3232 2212 χαρισμάτων.
3284 2144 3587 2197 Δινίττεται
3631 2144 3687 2197 δὲ
3738 2145 3979 2198 ἐνταῦθα

2401 2233 2625 2296 τούτους
2653 2235 2749 2288 καὶ
2777 2234 3106 2304 δεξαμένους
3142 2236 3240 2288 καὶ
3287 2235 3629 2303 συμπίοντας
3659 2236 3750 2287 τὸν
3793 2237 3978 2302 λόγον,

2403 2328 2494 2379 καὶ
2533 2326 2796 2387 πολλάκις
2824 2326 3016 2378 τούτου
3045 2326 3329 2394 τυχόντας,
3369 2327 3460 2378 καὶ
3493 2327 3612 2378 οὐδὲ
3642 2326 3812 2389 οὕτως
3837 2327 3981 2378 ἁπο-

2404 2416 2692 2482 ναμένους,
2729 2416 2756 2467 ὃ
2784 2415 2880 2467 καὶ
2904 2415 3161 2484 ἀνωτέρω
3198 2409 3352 2467 εἶπεν
3374 2430 3387 2444 ·
3432 2417 3795 2484 Ὀφείλογτες
3819 2413 3980 2469 εἶναι

2402 2503 2760 2559 διδάσκαλοι
2794 2506 2893 2559 διὰ
2925 2507 3032 2559 τὸν
3063 2506 3305 2574 χρόνον.

2471 2593 2585 2650 Καὶ
2618 2595 2905 2649 τίκτουσα
2921 2593 3194 2660 βοτάνην
3236 2597 3497 2650 εὔθετον.
3541 2595 3817 2658 Τουτέστι,
3852 2596 3973 2664 βίον

2403 2687 2677 2756 ὲνάρετον.
2706 2688 2870 2739 Οὐδὲν
2901 2687 3006 2756 γὰρ
3028 2686 3198 2749 οὕτως
3227 2687 3462 2747 εὔθετον,
3494 2689 3757 2751 τουτέστι,
3792 2705 3974 2757 προσ-ρ

2409 2778 2545 2846 ἧκον
2567 2778 2660 2832 καὶ
2687 2777 3048 2847 εὐάρμοστον,
3071 2778 3146 2841 ὼς
3183 2779 3298 2847 βίου
3335 2779 3660 2847 καθαρότης.

2499 2977 2783 3042 Ἐκείνοις
2807 2977 2882 3031 δι’
2913 2977 3021 3043 οὒς
3049 2976 3147 3029 καὶ
3193 2976 3544 3045 γεωργεῖται.
3579 2976 3690 3045 Τὴν
3719 2976 3974 3046 βοτάνην,

2405 3071 2562 3138 φησι,
2590 3072 2861 3132 τουτέστι,
2883 3069 2984 3138 τὴν
3011 3068 3223 3138 ἀγαθὴν
3251 3069 3524 3122 πολιτείαν
3552 3068 3777 3130 ἐκείνοις
3795 3069 3978 3120 τίκτει

732 3157 871 3210 quos
901 3149 1121 3211 colitur,
1157 3161 1320 3221 atque
1358 3155 1467 3210 illis
1495 3162 1830 3217 conveniens
1856 3177 1942 3219 est
1970 3168 2084 3236 ipsa
2114 3189 2126 3223 :
2171 3187 2297 3224 nam

735 3234 810 3257 III:
852 3237 950 3257 2-.-!
1081 3242 1091 3252 α
1187 3243 1198 3254 ο
1239 3251 1250 3257 -
1305 3255 1310 3257 _
1510 3251 1520 3257 .
1725 3253 1741 3257 _

2408 3160 2630 3230 ἡγῆ,δι’
2648 3159 2739 3221 οὓς
2774 3159 2866 3211 καὶ
2883 3161 3230 3227 γεωργεῖται,
3254 3159 3346 3210 καὶ
3379 3158 3606 3219 ἐκείνοις
3637 3159 3782 3209 ἐστὶν
3816 3156 3979 3209 550:»:-

735 3234 812 3286 illi
852 3237 952 3302 ipsi
1001 3242 1092 3308 qui
1152 3243 1404 3299 virtutem
1438 3251 1649 3314 colunt,
1718 3253 1969 3311 fruentur
1996 3234 2181 3313 ctiam
2213 3278 2299 3318 ea.

729 3323 958 3389 Quidam
1026 3341 1227 3396 autem,
1293 3337 1431 3400 illis,
1504 3342 1570 3394 atl
1629 3343 1893 3401 doctores
1958 3352 2296 3408 retulerunt:

730 3417 929 3468 etenim
969 3433 1063 3484 per
1106 3422 1226 3475 illos
1261 3426 1464 3492 optima
1525 3434 1646 3485 vitae
1697 3441 2043 3491 conversatio
2093 3443 2302 3495 excoli-

731 3514 839 3569 tur,
877 3512 1048 3576 utqui
1100 3525 1151 3565 ct
1209 3515 1310 3582 ipsi
1365 3516 1762 3587 discipulorum
1817 3542 2041 3580 suorum
2084 3531 2300 3587 virtutis

730 3609 842 3650 Slnl
871 3612 1177 3657 NIISOI‘lt'S.

798 3693 1004 3760 Accipit
1067 3696 1476 3755 benedictionem
1531 3722 1564 3758 a
1625 3706 1752 3764 Deo.
1811 3708 1910 3765 llic
1967 3715 2129 3768 tacite
2175 3717 2302 3772 ferit

729 3783 970 3849 Graecos,
1009 3786 1193 3841 virtuti
1236 3801 1392 3844 terra:
1470 3794 1686 3863 frugum
1746 3812 2066 3868 proventum
2123 3810 2298 3861 ascri-

733 3873 941 3927 hcntes:
985 3875 1169 3944 Neque
1200 3882 1342 3932 cnim
1393 3885 1714 3941 colonorum
1766 3907 1962 3947 manus
2007 3909 2136 3950 sunt
2179 3915 2299 3966 qua:

734 3963 950 4017 fructus
980 3965 1200 4031 faciant,
1235 3987 1421 4025 verum
1456 3985 1656 4039 totum,
1695 3981 1892 4049 inquit,
1929 3985 2037 4041 Deo
2061 3963 2300 4045 referen-

733 4057 861 4110 tlum
903 4069 987 4112 est
1015 4075 1334 4128 acceptum:
1367 4067 1481 4134 ipsc
1511 4069 1782 4126 benedicit
1825 4085 2005 4143 teme,
2046 4096 2109 4134 ac
2144 4083 2300 4138 ferti-

732 4145 936 4199 litatem
965 4149 1222 4220 largitur.

805 4235 966 4293 Vsus.
1009 4241 1058 4294 8.
1089 4243 1374 4310 Proferens
1408 4257 1582 4302 autem
1608 4253 1788 4318 spinas
1814 4265 1864 4307 et
1904 4258 2146 4314 tribulos.
2174 4261 2294 4316 Non

732 4327 892 4395 dixit,
923 4333 1260 4401 germinans,
1288 4345 1344 4389 ut
1363 4353 1525 4408 supra
1557 4341 1622 4396 de
1650 4343 1834 4408 herba,
1865 4349 1980 4412 sed,
2001 4352 2293 4417 proferens,

733 4420 957 4487 perinde
1017 4438 1081 4476 ac
1151 4425 1296 4479 dicat
1343 4430 1564 4498 aliquis,
1631 4433 1944 4502 ebulliens,
2001 4455 2065 4494 ac
2127 4445 2292 4496 veluti

2405 3268 2491 3312 τος
2547 3251 2703 3319 αὕτη.
2740 3250 2849 3303 Καὶ
2878 3251 2986 3318 γὰρ
3015 3249 3168 3303 αὐτοὶ
3197 3250 3390 3300 ἐκεῖνοι
3423 3250 3471 3300 οἱ
3505 3246 3981 3316 καρποφοροῦντες

2401 3340 2500 3410 τὴν
2523 3339 2746 3410 ἀρετὴν,
2788 3338 3158 3392 ἀπολαύσουσι
3189 3337 3410 3404 ταύτης.
3437 3337 3589 3396 Τινὲς
3622 3336 3677 3386 δὲ
3707 3337 3784 3395 τὸ,
3813 3336 3974 3388 ὲκεί-

2405 3450 2558 3499 νοις,
2594 3434 2714 3485 ἀντὶ
2747 3431 2865 3495 τοῦ,
2887 3435 2998 3491 τοῖς
3030 3429 3400 3491 διδασκάλοις,
3442 3427 3694 3496 ἐνόησαν·
3738 3430 3828 3478 καὶ
3861 3429 3979 3497 γὰρ

2405 3526 2499 3577 καὶ
2530 3524 2596 3576 δι’
2628 3524 2825 3584 αὐτοὺς
2880 3524 3212 3589 γεωργεῖται
3259 3518 3540 3588 ήοὰρίστη
3598 3518 3859 3581 πολιτεία,
3896 3518 3978 3582 ὡς

2405 3617 2500 3669 καὶ
2529 3615 2710 3667 αὐτῶν
2753 3614 3087 3683 μετεχόντων
3145 3613 3242 3680 τῆς
3283 3611 3392 3663 τῶν
3435 3610 3690 3680 μαθητῶν
3745 3609 3974 3678 ἀρετῆς.

2475 3709 2927 3775 Μεταλαμϐάνει
2985 3704 3264 3767 εὐλογίας
3311 3703 3428 3755 ἀπὸ
3471 3701 3638 3754 eam}.
3701 3700 3976 3752 Ἐνταῦοα

2403 3797 2585 3866 ἠρέμα
2613 3797 2837 3864 πλήττει
2862 3797 2988 3856 τοῦς
3028 3793 3315 3862 Ἕλληνας,
3355 3792 3478 3852 τοὺς
3511 3793 3575 3859 τῇ
3607 3790 3829 3858 δυνάμει
3867 3791 3976 3858 τῆς

2405 3889 2507 3956 γῆς
2529 3889 2628 3954 τὴν
2658 3887 2765 3938 τῶν
2799 3886 3029 3954 καρπῶν
3067 3885 3238 3952 φορὰν
3269 3883 3690 3948 ἐπιγράφοντας.
3708 3880 3837 3932 Οὐδὲ
3856 3883 3976 3948 γὰρ

2401 3975 2524 4029 ὶὺδὲ
2553 3976 2859 4046 γεωργικαὶ
2885 3977 3064 4044 χεῖρές
3094 3977 3230 4025 εἰσιν
3264 3975 3316 4024 αἱ
3349 3972 3470 4032 τοὺς
3499 3973 3739 4040 καρποὺς
3779 3971 3976 4022 ποιοῦ-

2407 4088 2518 4128 σαι.
2554 4070 2689 4130 ἀλλὰ
2723 4069 2783 4122 τὸ
2807 4071 2934 4130 πᾶν,
2969 4068 3125 4136 φησὶ,
3154 4064 3249 4116 τοῦ
3294 4064 3429 4116 Θεοῦ
3474 4066 3619 4115 ἐστιν
3641 4079 3653 4092 ’
3684 4063 3842 4124 αὐτὸς
3874 4064 3975 4115 εὖ-

2399 4162 2570 4228 λογεῖ,
2594 4163 2688 4213 καὶ
2726 4160 2822 4229 τὴν
2853 4159 3109 4227 εὐφορίαν
3138 4157 3371 4208 δίδωσιν.

2484 4249 2859 4318 Ἐκςρέρουσα
2913 4247 2981 4299 δὲ
3035 4245 3302 4310 ἀκάνθας
3337 4243 3432 4296 καὶ
3469 4243 3793 4310 τριϐόλους.
3851 4241 3977 4296 Οὐκ

2400 4341 2542 4408 εἷπε,
2577 4343 2859 4403 τίκτουσα,
2905 4338 3093 4406 ὥσπερ
3141 4336 3395 4405 ἀνωτέρω
3448 4335 3540 4386 ἐπὶ
3590 4335 3687 4400 τῆς
3715 4333 3974 4402 βοτάνης,

2399 4435 2535 4497 ἀλλ’,
2572 4432 2898 4500 ἐκφέρουσα,
2937 4429 3011 4492 ὡς
3037 4429 3103 4480 ἂν
3134 4427 3279 4478 εἴποι
3315 4443 3418 4488 τις,
3448 4423 3843 4493 ὲκὸράσσουσα.
3871 4427 3976 4476 καὶ

731 4509 1163 4577 superfluitatem
1225 4519 1499 4575 emittcns.
1537 4521 1720 4592 Spinae
1761 4538 1940 4582 autem
2009 4545 2072 4585 ac
2106 4535 2294 4588 tribuli

2402 4527 2510 4583 οἷόν
2536 4546 2591 4582 τι
2627 4527 2948 4596 περίττωμα
2986 4522 3420 4594 ἀπορρίπτουσα.
3454 4518 3722 4571 Ἀκανοαι
3770 4515 3827 4567 δὲ
3869 4521 3974 4570 καὶ

733 4612 860 4653 sunt
897 4604 1018 4656 vitae
1051 4606 1469 4671 sollicitudines,
1521 4627 1585 4666 ac
1618 4615 1917 4684 impostura
1948 4619 2294 4689 divitiarum,

730 4701 794 4740 ac
854 4688 1178 4756 simpliciter
1226 4711 1390 4752 omne
1430 4711 1750 4771 peccatum;
1809 4709 1952 4763 sicut
2017 4719 2072 4766 et
2123 4688 2293 4768 David

730 4777 893 4832 dicit:
932 4780 1228 4841 Conversus
1277 4805 1395 4842 sum
1450 4793 1504 4846 in
1557 4812 1817 4862 a'rumna,
1865 4801 1990 4856 dum
2052 4807 2296 4876 inﬁgitur

731 4866 1050 4960 ini-Itispina
1079 4875 1143 4928 ‘°.
1197 4875 1315 4931 Non
1350 4881 1495 4935 enim
1552 4886 1874 4954 simpliciter
1913 4866 2122 4950 accedit
2146 4866 2286 4960 {sed

732 4955 1010 5026 inﬁgitur:
1051 4974 1104 5019 et
1140 4967 1245 5022 nisi
1288 4978 1457 5027 totam
1501 4979 1810 5047 evellimus,
1853 4984 1947 5039 sed
1999 4955 2288 5045 minimum

730 5048 985 5112 quiddam
1024 5061 1374 5124 remanserit,
1427 5068 1659 5129 cruciat,
1699 5082 1860 5140 atque
1885 5090 2023 5138 opus
2049 5088 2129 5130 est
2156 5095 2291 5134 cura

731 5151 794 5189 ac
827 5141 1124 5210 diligentia.
1160 5148 1390 5220 Insuper
1434 5159 1670 5214 tribulus
1707 5174 1830 5217 est:
1897 5169 2042 5220 unde
2072 5170 2116 5222 si
2170 5187 2289 5224 eam

731 5228 989 5296 retineas,
1021 5237 1298 5305 vulnerat,
1333 5252 1497 5312 atque
1518 5251 1663 5302 omni
1691 5268 1754 5306 cx
1783 5264 1935 5322 parte
1986 5259 2289 5326 injucunda

730 5328 834 5381 est,
864 5335 989 5375 cum
1030 5326 1115 5380 hic
1150 5332 1499 5400 ignominiam
1528 5343 1768 5408 pariens,
1813 5356 1923 5402 tum
1983 5351 2035 5404 in
2095 5351 2280 5407 futuro

732 5414 934 5467 sacculo
973 5420 1344 5485 potissimum.

806 5589 852 5618 "
885 5589 1023 5647 Psal.
1057 5609 1201 5659 inv,
1229 5597 1315 5652 i0.
1396 5603 1437 5635 “
1455 5602 1598 5660 Psal.
1631 5623 1776 5663 xxxi.
1807 5612 1861 5665 ιι.

2401 4619 2659 4689 τρίόολοι,
2697 4617 2838 4670 αἵτε
2879 4616 3140 4684 μέριμναι
3187 4611 3280 4664 τοῦ
3313 4609 3451 4678 βίον,
3477 4609 3570 4661 καὶ
3595 4609 3628 4676 ἡ
3661 4607 3842 4675 ἀπάτη
3866 4607 3972 4659 τοῦ

2400 4712 2656 4774 πλούτου,
2689 4712 2783 4762 καὶ
2812 4709 2998 4769 ἁπλῶς
3034 4708 3183 4758 πᾶσα
3209 4701 3455 4772 ἁμαρτία
3475 4716 3489 4732 ⁸
3524 4699 3597 4760 ὡς
3628 4698 3720 4752 καὶ
3743 4701 3771 4750 ὁ
3801 4697 3974 4751 Δασίδ

2399 4821 2564 4874 φησιν
2583 4819 2597 4834 ο
2642 4800 2978 4867 Ἐστράφηιο
3009 4801 3095 4862 εἰς
3134 4793 3534 4859 ταλαιπωρίαν
3564 4791 3632 4843 ἐν
3665 4789 3744 4852 τῷ
3773 4789 3972 4857 ἐμπα-

2394 4895 2574 4965 γῆναί
2594 4913 2694 4963 μοι
2715 4893 3002 4946 ἄκανθαν.
3030 4889 3103 4940 (id
3138 4887 3244 4958 γάρ
3286 4883 3469 4944 ἁπλῶς
3508 4881 3819 4950 ἐπέρχεται,
3847 4879 3971 4930 ἀλλ,

2395 4987 2750 5056 ἐμπήγνυται
2775 4999 2788 5011 ·
2827 4982 2928 5034 κᾶν
2967 4980 3042 5049 μὴ
3070 4979 3248 5030 πᾶσαν
3287 4971 3728 5042 ὲξέλωμεν,ἀλλὰ
3765 4969 3972 5037 μικρόν

2397 5095 2450 5130 τι
2481 5075 2834 5144 ὲναπομείνῃ,
2859 5072 3042 5140 ὀδυνᾷ,
3085 5069 3178 5119 καὶ
3209 5066 3289 5118 δεῖ
3313 5062 3610 5132 Θεραπείας
3643 5059 3733 5112 καὶ
3761 5060 3969 5126 ἐπιμε-

2395 5168 2562 5230 λείας.
2625 5165 2784 5219 Ἀλλὰ
2845 5163 2940 5215 καὶ
2990 5158 3236 5230 τρίϐολός
3282 5159 3430 5209 ἐστιν
3468 5153 3628 5206 ’ὅθεν
3671 5151 3737 5204 ἂν
3791 5150 3971 5219 αὐτὴν

2395 5258 2698 5325 κατάσχῃς,
2742 5253 2988 5323 πλήττει,
3018 5249 3111 5302 καὶ
3140 5245 3401 5302 πάντοθέν
3437 5245 3583 5296 ἐστιν
3632 5240 3821 5309 ἀηδὴς,
3866 5243 3970 5292 καὶ,

2397 5348 2631 5402 ἐνταῦθα
2668 5344 2930 5415 αἰσχύνην
2985 5342 3246 5413 φέρουσα,
3280 5338 3376 5392 καὶ
3400 5337 3459 5391 έν
3504 5334 3584 5405 τῷ
3626 5332 3876 5404 μέλλοντι
3903 5330 3968 5383 δὲ

2401 5440 2559 5493 αἰῶνι
2591 5438 2845 5508 μάλιστα.

2035 5703 2236 5765 Variae
2271 5701 2598 5764 lectiones.

831 5780 875 5810 "
909 5779 1009 5850 ψευ
1021 5786 1233 5857 3αμὲνῳ
1263 5807 1315 5842 υ.
