4154 6440
170 419 261 479 257

942 422 1347 485 EXPOSITIO
1378 424 1459 485 ΙΝ
1486 425 1727 485 EPIST.
1764 422 2279 492 ΑῡῖΙΙΕΒΠιΈΟΞ.
2303 455 2371 466 ·-
2405 432 2563 495 CAP.
2598 436 2697 499 VI.

3298 444 3406 509 258

241 526 551 595 ’Λδδκψος
578 526 677 580 καὶ
708 526 965 596 κατάρας
1006 530 1205 600 ἐγγύς.
1247 531 1359 601 Τὴν
1397 531 1497 602 μὲν
1528 532 1727 602 ἀγαθὴι

1916 533 2153 603 Reprobu
2174 549 2273 602 est,
2294 550 2342 593 et
2372 541 2657 598 maledicto
2682 548 2948 616 proxima.
2979 552 3181 607 Bonam
3205 565 3404 610 terram

170 619 263 685 γῆν
290 618 635 683 εὐλογεῖσθαι
663 618 768 689 ἔφη
789 620 894 671 ὑπὸ
921 618 1057 673 Θεοῦ
1077 637 1091 650 ο
1122 622 1221 690 τὴν
1251 622 1306 674 δὲ
1332 622 1606 694 ἄκαρπον,
1637 625 1737 677 οὐκ

167 704 313 759 εἶπεν
360 709 551 772 ἀπλὼς
609 709 1066 777 ἐπικατάρατον,
1098 711 1212 764 ἀλλ’
1239 703 1409 779 ἐγγυς
1464 714 1733 785 κατάρας,

166 797 243 849 ἵνα
297 799 374 866 μὴ
443 799 937 870 ἀπογινώσκωμεν.
980 800 1037 855 '0
1085 800 1197 872 γὰρ
1246 804 1412 872 ἐγγὺς
1465 806 1734 876 κατάρας,

166 885 447 955 δυνήσεται
478 889 573 942 καὶ
604 890 829 959 μακρὰν
856 889 1138 957 γενέσθαι.

228 973 351 1045 ἸΙς
406 980 475 1032 τὸ
526 980 702 1047 τέλος
734 983 821 1045 είς
857 979 1101 1035 καῦσιν.
1159 981 1269 1033 Καὶ
1319 980 1496 1046 τοῦτο,
1537 983 1623 1036 ἵνα
1664 984 1739 1052 μὴ

166 1071 655 1140 ἀπογινώσκωμεν.
690 1071 765 1123 Οὐ
799 1069 905 1140 γὰρ
936 1066 1113 1135 εἶπεν,
1137 1071 1261 1140 ἥτις
1304 1075 1738 1143 κατακαήσεται,

168 1162 297 1226 ἀλλ’,
318 1158 389 1231 ἧς
424 1162 489 1214 τὸ
522 1162 695 1228 τέλος
716 1164 803 1227 είς
831 1161 1084 1217 καῦσινο
1121 1164 1417 1227 τουτέστιν,
1451 1164 1545 1217 ἐὰν
1579 1164 1738 1233 μέχρι

164 1252 339 1314 τέλους
380 1252 643 1322 ἐπιμείνῃ
666 1254 731 1322 τῇ
757 1252 1028 1322 ἀκαρπίᾳ.
1049 1252 1213 1304 Ὥστε
1238 1251 1459 1306 δύναται
1495 1253 1738 1321 ἀποστῆ-

164 1361 242 1396 ναι
270 1347 367 1413 τῆς
400 1344 704 1413 ἀκαρπίας,
737 1345 833 1396 καὶ
867 1345 1283 1398 καταπαῦσαι⁶⁷
1315 1345 1415 1413 μὲν
1437 1345 1536 1407 τὰς
1568 1345 1739 1398 ἀκάν-

165 1436 277 1498 θας,
305 1435 533 1505 δόκιμος
560 1435 615 1487 δὲ
646 1435 925 1503 γενέσθαι,
976 1435 1069 1488 καὶ
1130 1434 1383 1503 εὐλογίας
1423 1439 1734 1507 μετασχεῖν.

226 1649 607 1717 Πεπείσμεθα
635 1648 703 1700 δὲ
725 1646 857 1715 περὶ
883 1646 1073 1717 ὑμῶν,
1100 1648 1422 1717 ἀγαπητοί,
1446 1648 1518 1704 τὰ
1552 1651 1738 1718 κρείτ-

162 1757 297 1793 τονα
322 1740 425 1793 καὶ
455 1740 718 1808 ἐχόμενα
749 1739 1069 1806 σωτηρίας,
1098 1743 1153 1794 sl
1200 1744 1300 1795 καί
1333 1742 1488 1795 οὕτω
1515 1742 1738 1797 λαλοῦ-

160 1847 281 1898 μεν.
342 1830 751 1899 Καθαψάμενος
816 1828 999 1903 aut.th
1054 1829 1256 1892 ίκανῶς
1316 1829 1412 1883 καὶ
1469 1830 1732 1900 φοϐήσας,

162 1921 448 1990 θεραπεύει
482 1922 665 1988 πάλιν,
703 1922 790 1975 ἵνα
816 1921 892 1992 μὴ
938 1922 1121 1989 πάντη
1158 1921 1380 1986 ὑπτίους
1409 1923 1733 1993 ἐργάσηται.

164 2012 257 2063 Τὸν
293 2013 409 2081 γὰρ,
432 2013 642 2083 νωθρὸν
671 2012 701 2063 6
731 2012 873 2065 πάνυ
897 2012 1173 2081 πλήττων,
1208 2012 1545 2082 νωθρότερον
1565 2013 1734 2083 ἐργά-

162 2101 322 2162 ζεται.
373 2103 553 2173 Φησὶν
593 2098 709 2163 οὖν,
745 2102 851 2165 ὅτι,
901 2104 1011 2171 Οὐχ
1035 2103 1113 2165 ὡς
1158 2103 1519 2171 κατεγνωκὼς
1581 2104 1736 2173 ὑμῶν

164 2191 319 2244 ταῦτα
366 2192 538 2260 λέγω,
574 2194 695 2246 οὐδὲ
724 2192 801 2255 ὡς
833 2193 1075 2262 νομίζων
1109 2194 1254 2263 ὑμᾶς
1288 2193 1542 2247 ἀκανθῶν
1596 2194 1735 2265 πλή-

168 2301 291 2352 ρεις,
337 2285 477 2337 ἀλλὰ
514 2284 769 2339 δεδοικὼς
791 2284 882 2337 ἵνα,
911 2284 988 2354 μὴ
1017 2284 1176 2337 τοῦτο
1216 2286 1461 2354 γένηται.
1488 2286 1598 2341 Καὶ
1631 2288 1731 2341 οὐκ

164 2371 294 2439 εἷπε,
328 2376 728 2445 Προσδοκῶμεν
763 2377 896 2445 περὶ
927 2376 1116 2446 ὑμῶν,
1140 2377 1297 2442 ἀλλά,
1332 2380 1729 2447 Πεπείσμεθα,

160 2469 450 2531 τουτέστιν,
486 2471 543 2521 ὲν
578 2468 885 2536 βεϐαιότητί
919 2471 1089 2539 ὲσμεν
1145 2472 1276 2537 περὶ
1306 2471 1483 2539 ὑμῶν,
1512 2474 1595 2524 ὅτι
1625 2473 1724 2542 οὐχ

161 2560 315 2620 οὕτως
369 2562 549 2629 ἔχετε,
580 2559 714 2612 ἀλλὰ
763 2562 1113 2631 κρειττόνως,
1145 2562 1239 2614 καὶ
1269 2562 1351 2613 ὅτι
1381 2561 1480 2630 τῆς
1518 2562 1728 2615 ἑαυτῶν

161 2650 421 2717 σωτηρίας
458 2649 796 2717 φροντίζετε,
841 2649 944 2702 κάν
985 2650 1158 2712 οὕτως
1207 2650 1552 2719 ἐλαλήσαμεν
1586 2653 1727 2719 πλη-

163 2743 370 2804 κτικῶς.
402 2745 476 2794 Ἦ
505 2738 597 2795 οῦν
619 2742 749 2810 περὶ
781 2742 877 2810 τῆς
920 2743 1195 2803 πολιτείας
1222 2743 1400 2794 αὐτῶν
1429 2743 1585 2795 τοῦτό
1635 2761 1732 2814 φη-

163 2849 252 2896 σιν,
275 2836 377 2899 ὅτε,
415 2835 531 2889 Οὐκ
563 2834 686 2887 ἐστὲ
710 2835 866 2903 ὑμεῖς
896 2833 1130 2886 τοιοῦτοι
1151 2833 1505 2896 ἀκανθώδεις·
1534 2836 1565 2902 ἢ
1603 2836 1728 2904 περὶ

165 2925 499 2987 ἀντιδόσεως,
522 2924 626 2987 ὅτι,
655 2924 771 2975 Οὐκ
800 2923 919 2975 ἐστὲ
950 2923 1194 2989 κατάρας
1224 2924 1411 2990 ἔγγὺς,
1438 2924 1559 2975 οὐδὲ
1594 2925 1728 2993 πρὸς

164 3014 365 3079 καῦσιν,
419 3014 559 3067 ἀλλά
597 3031 680 3076 τις
712 3014 844 3083 ἄλλη
878 3014 1198 3083 ἀντιμισθία
1231 3011 1357 3081 ὑμῖν
1412 3013 1723 3066 ἀπόκειται.

162 3106 287 3175 Ὅρα
311 3108 367 3159 δὲ
404 3108 504 3159 καὶ
522 3106 584 3157 τὸ
608 3106 966 3174 ἐπαγόμενον.

222 3317 299 3368 Οὐ
320 3316 435 3383 γὰρ
467 3313 675 3377 ἄδικος
712 3314 745 3365 d
793 3310 937 3375 Θεὸς
980 3310 1368 3362 ἐπιλαθέσθαι
1417 3309 1520 3360 τοῦ
1548 3310 1723 3375 ἔργον

160 3405 323 3471 ὑμῶν.
360 3405 472 3457 Ἴδε
511 3405 628 3465 πῶς
662 3402 859 3464 αὐτοὺς
889 3402 1230 3469 ἀνεκτήσατο
1279 3399 1373 3451 καὶ
1426 3399 1719 3469 ἀνέρρωσε

161 3497 280 3565 πρὸς
307 3497 370 3547 τὸ
401 3495 651 3558 ἐλπίζειν
697 3493 767 3545 τὰ
813 3491 1362 3561 βελτίω,ἀναμνήσας
1397 3490 1593 3552 αὐτοὺς
1618 3490 1725 3541 τῶν

163 3587 455 3656 προτέρων,
508 3587 603 3638 καὶ
638 3586 737 3653 τῆς
788 3583 1133 3650 δικαιοσύνης
1167 3582 1262 3634 τοῦ
1304 3581 1441 3633 Θεοῦ
1466 3596 1478 3609 ·
1534 3583 1581 3633 εἰ
1614 3581 1722 3649 γὰρ

158 3676 343 3739 δίκαιος
396 3678 426 3728 6
467 3674 619 3738 Θεὸς,
674 3674 774 3725 οὐκ
814 3671 1129 3741 ἐπιλήσεται
1185 3671 1303 3737 τοῦ,
1331 3670 1492 3738 ἔργου
1546 3669 1720 3737 ὑμῶν,

160 3768 408 3829 τουτέστι,
452 3765 553 3834 τῆς
585 3763 1006 3831 εὐσπλαγχνίας,
1039 3762 1137 3828 τῆς
1170 3760 1552 3828 φιλαδελφίας,
1606 3758 1720 3811 ἀλλ’

160 3857 427 3911 ἀντιδώσει
481 3858 632 3924 ὑμῖν.
684 3856 809 3907 Ὣτε
841 3856 916 3923 μὴ
958 3851 1367 3922 μικροψυχείτε,
1407 3850 1542 3903 ἀλλὰ
1587 3850 1724 3902 πᾶν·

156 3967 250 4012 τως
267 3951 523 4012 ἐλπίζετε
556 3949 624 4002 τά
660 3946 873 4017 βελτίω,
914 3944 1101 4012 ἐπειδὴ
1144 3947 1237 3996 καὶ
1288 3944 1503 4005 πάντως
1530 3943 1558 3993 6
1592 3941 1723 4005 Θεὸς

156 4041 361 4103 δίκαιος.
428 4040 647 4092 Οὐκοῦν
685 4040 814 4108 περὶ
847 4037 999 4105 ὑμῶν
1028 4032 1184 4088 εἷπον
1220 4037 1256 4089 ἀ
1282 4033 1454 4100 εἶπον,
1486 4034 1715 4105 πληκτι-

158 4133 278 4195 κὼς’
310 4128 433 4185 οἶδα
462 4131 575 4201 γὰρ
599 4130 682 4182 ὅτι
720 4129 782 4181 οὐ
814 4127 1059 4196 κατάρας
1090 4125 1232 4190 ἄξιοι
1261 4127 1439 4195 ὑμεῖς.

216 4339 314 4392 Καί
344 4337 455 4391 τοῦ
489 4336 682 4389 κόπου
717 4333 830 4402 τῆς
850 4330 1089 4400 ἀγάπης
1115 4324 1192 4399 ἧς
1218 4328 1601 4391 ἐνεδείξασθε
1637 4331 1723 4393 εἰς

156 4431 211 4483 τὸ
236 4432 421 4498 ὄνομα
455 4424 667 4489 αὑτοῦ,
692 4422 1168 4489 διακονήσαντες
1206 4421 1329 4487 τοῖς
1380 4421 1589 4490 ἁγίοις,
1623 4420 1721 4473 καί

1842 626 2090 683 benedici
2128 630 2267 684 dixit
2314 647 2345 686 a
2400 632 2545 692 Deo:
2612 637 2993 709 inl‘rugit‘eram
3047 652 3229 698 autem
3293 663 3403 703 non

1840 715 1976 769 dixit
2035 718 2355 787 simpliciter
2441 736 2781 782 exsecratam
2826 769 2842 795 ,
2906 734 3001 787 sed
3055 740 3407 791 exsccrationi

1840 805 2121 898 vicinamp
2164 819 2223 863 ut
2272 828 2381 868 non
2431 816 2805 886 desperemus.
2877 821 3012 877 Nam
3075 830 3168 896 qui
3237 844 3407 899 prope

1839 899 2272 956 exsecrationem
2302 914 2408 967 est.
2440 910 2639 976 poterit
2664 922 2719 965 et
2754 912 2913 982 longe
2944 920 3231 973 removeri.

1911 985 2078 1055 Cujus
2113 998 2500 1049 consummatio
2534 1000 2588 1052 in
2615 1004 3051 1060 combustionem.
3086 1005 3200 1063 Hoc
3241 1011 3405 1067 etiam

1840 1076 2059 1145 adjecit,
2085 1097 2150 1137 ne
2167 1082 2544 1153 desperemus.
2586 1091 2703 1147 Non
2730 1095 2875 1149 enim
2908 1098 3068 1161 dixit,
3114 1115 3235 1169 qua:
3257 1116 3398 1155 com-

1840 1169 2091 1237 buretur,
2124 1177 2239 1239 sed,
2282 1179 2436 1249 cujus
2493 1182 2619 1251 ﬁnis
2676 1188 2744 1239 ad
2800 1172 3259 1247 eombustionem}
3306 1194 3407 1249 hor

1840 1271 1945 1351 est,
1984 1264 2029 1316 si
2066 1266 2131 1318 ad
2164 1270 2323 1322 litium
2360 1288 2535 1342 usque
2564 1275 2618 1329 in
2666 1280 2956 1335 sterilitate
3016 1287 3405 1351 perseverarit.

1839 1350 2021 1408 Potest
2049 1355 2233 1425 itaque
2266 1360 2529 1419 desistere
2563 1380 2594 1419 a
2649 1368 2957 1435 sterilitate,
3001 1350 3166 1442 atque
3215 1376 3406 1444 spinas

1840 1458 2212 1514 compescere,
2246 1453 2471 1520 probata
2504 1456 2631 1511 item
2669 1459 2843 1527 reddi,
2868 1472 3033 1533 atque
3062 1465 3404 1524 benedictio-

1840 1533 1927 1590 nis
1965 1540 2261 1610 particeps.

1912 1646 2077 1741 Vleas.
2134 1653 2189 1707 9.
2239 1654 2569 1724 Con/idiotas
2627 1672 2803 1719 autem
2855 1667 2921 1722 de
2979 1670 3145 1737 vobis,
3204 1674 3402 1741 dilecti,

1840 1739 2085 1804 meliora,
2123 1752 2173 1795 et
2208 1745 2465 1801 viciniora
2491 1750 2675 1817 saluti,
2723 1758 2935 1812 tametsi
2986 1761 3064 1813 ita
3118 1739 3401 1831 loquimur.

1838 1844 1964 1922 cum
2029 1847 2125 1889 eos
2178 1836 2395 1893 abunde
2426 1841 2563 1898 satis
2615 1849 2912 1916 carpsisset
2972 1866 3036 1905 ac
3075 1856 3403 1922 perterrefe-

1837 1920 2028 1986 cisset,
2054 1938 2247 1980 rursus
2280 1929 2547 2000 medetur,
2597 1950 2663 1990 ne
2701 1942 2927 1994 omnino
2975 1920 3201 2011 supinos
3227 1945 3404 2001 laxos-

1835 2026 1943 2081 que
1974 2014 2207 2107 reddat.
2258 2018 2393 2076 Nam
2454 2027 2548 2094 qui
2608 2043 2831 2099 segnem
2905 2033 3071 2089 nimis
3122 2036 3399 2107 objurgat,

1834 2105 2141 2173 segniorem
2166 2109 2367 2165 reddit.
2407 2112 2499 2166 Ait
2527 2129 2691 2184 ergo:
2726 2116 2841 2173 Non
2867 2121 3021 2188 quasi
3054 2138 3150 2178 vos
3176 2105 3400 2179 (lanula-

1833 2193 1936 2246 rim
1966 2195 2072 2249 ista
2099 2197 2245 2262 dico,
2300 2217 2476 2271 neque
2530 2206 2674 2273 quod
2735 2224 2830 2263 vos
2876 2213 3155 2279 spinarum
3209 2216 3399 2282 plenos

1831 2301 1954 2341 esse
1985 2292 2238 2356 sentiam,
2272 2294 2368 2349 sed
2401 2297 2650 2353 metuens
2700 2314 2769 2354 ne
2801 2301 2902 2355 hoc
2937 2302 3047 2357 ﬂat.
3099 2302 3208 2358 Nec
3236 2306 3398 2371 dixit,

1830 2376 1912 2431 De
1940 2380 2111 2450 686
2143 2384 2289 2437 vobis
2333 2396 2750 2457 exspectamus:
2815 2392 2933 2457 sed,
2965 2392 3314 2461 Conﬁdimus,
3346 2399 3399 2451 id

1828 2478 1936 2529 est.
1973 2473 2109 2525 certi
2135 2487 2197 2527 ac
2237 2474 2434 2529 [innati
2472 2493 2663 2534 sumus
2692 2481 2838 2549 quod
2872 2498 2979 2536 non
3024 2485 3104 2545 sic
3159 2485 3394 2546 habetis.

1829 2562 1925 2616 sed
1958 2564 2173 2628 melius,
2211 2578 2265 2621 et
2294 2569 2440 2638 quod
2474 2573 2639 2626 vestri
2671 2574 2914 2643 ipsorqu
2955 2576 3150 2631 salutis
3209 2592 3397 2631 curam

1829 2655 2041 2721 geritis,
2072 2658 2288 2712 etiamsi
2319 2676 2419 2715 nos
2451 2673 2558 2715 tam
2587 2678 2780 2733 aspere
2823 2667 2991 2721 locuti
3035 2683 3249 2724 sumus.
3303 2668 3397 2724 Vel

1831 2743 1999 2812 igitur
2035 2746 2103 2800 de
2160 2752 2587 2807 conversatione
2627 2765 2676 2809 et
2728 2757 2976 2812 moribus
3038 2773 3225 2813 eorum
3286 2762 3398 2816 haec

1828 2833 1984 2899 dicit,
2015 2839 2158 2905 quod
2194 2837 2304 2894 Vos
2334 2856 2440 2895 non
2470 2844 2603 2899 estis
2659 2845 2971 2916 huiusmodi
3029 2851 3271 2918 spinosi:
3316 2855 3398 2907 vel

1828 2924 1895 2977 de
1915 2927 2289 2992 retributione,
2310 2932 2453 2998 quod
2477 2932 2593 2988 Non
2612 2936 2744 2990 estis
2762 2939 3121 2992 exsecrationi
3143 2942 3345 3009 proxim.
3359 2944 3397 3007 i,

1828 3031 2005 3083 neque
2036 3019 2089 3072 in
2138 3023 2597 3091 combustionem,
2644 3028 2737 3081 sed
2790 3030 2892 3082 alia
2929 3031 3176 3099 quaedam
3243 3035 3398 3089 vobis

1832 3122 2045 3164 merces
2085 3119 2170 3166 est
2205 3115 2467 3184 reposita.
2498 3114 2758 3187 Expende
2802 3130 2981 3177 autem
3016 3124 3159 3193 quod
3215 3127 3400 3197 sequi-

1751 3213 1794 3270 ο
1830 3208 1937 3255 tur.

1901 3314 2068 3370 Vens.
2113 3319 2200 3371 10.
2237 3319 2358 3372 Non
2383 3324 2520 3375 enim
2547 3323 2778 3391 injustas
2805 3324 3036 3390 Deus,ut
3060 3329 3401 3384 obliviscatur

1826 3407 1997 3471 operis
2034 3410 2211 3463 vestri.
2250 3406 2633 3467 Atiimadverte
2659 3416 2933 3483 quomodo
2975 3418 3121 3487 ipsos
3164 3424 3399 3475 erexerit

1826 3505 1878 3548 ct
1908 3497 2239 3552 confortarit
2271 3511 2327 3554 ut
2361 3510 2584 3569 sperent
2614 3502 2860 3569 meliora,
2908 3519 3173 3560 revocans
3221 3506 3302 3561 eis
3332 3508 3397 3559 ad

1826 3589 2144 3639 memoriam
2173 3590 2375 3657 priora.
2409 3604 2470 3643 ac
2501 3590 2765 3659 justitiam
2806 3591 2921 3646 Dei.
2960 3590 3015 3645 Si
3040 3597 3185 3648 enim
3213 3594 3397 3662 justus

1826 3686 1909 3729 est
1932 3676 2096 3741 Deus,
2126 3695 2234 3733 non
2272 3681 2627 3734 obliviscetur
2686 3681 2867 3750 operis
2904 3685 3094 3739 vestri.
3154 3686 3256 3739 huc
3284 3697 3390 3749 est,

1828 3768 2241 3833 misericordize,
2284 3770 2538 3825 fraterna:
2583 3772 2918 3838 dilectionis,
2980 3775 3073 3827 sed
3130 3775 3393 3830 retribuet

1828 3858 2003 3911 vobis.
2068 3857 2301 3913 Proimle
2363 3875 2429 3913 ne
2489 3861 2876 3929 despondeatis
2939 3863 3220 3930 animumf,
3296 3867 3392 3919 sed

1828 3950 2051 4003 omnino
2088 3952 2311 4005 meliora
2342 3962 2576 4020 sperate,
2644 3953 3088 4021 quandoquidem
3147 3966 3201 4008 et
3252 3954 3395 4008 Deus

1827 4041 2056 4095 omnino
2082 4042 2387 4107 justusest.
2414 4042 2529 4097 Non
2579 4043 2747 4113 igitur
2785 4044 2853 4098 de
2912 4046 3065 4099 vobis
3094 4045 3225 4108 dixi,
3272 4060 3393 4114 qua?

1823 4130 1959 4192 dixi,
1996 4140 2052 4184 ut
2086 4133 2326 4185 aniumm
2375 4143 2610 4185 vestrum
2668 4135 3001 4202 percellam:
3063 4136 3187 4189 novi
3244 4137 3390 4190 enim

1824 4220 1968 4287 quod
2000 4237 2092 4273 vos
2124 4237 2230 4274 non
2264 4222 2386 4275 sitis
2414 4224 2562 4291 digni
2586 4226 2983 4278 exsecratione.

1894 4334 1970 4386 Ac
2020 4335 2314 4389 dilectionis
2360 4352 2518 4405 quant
2564 4338 2869 4389 ostendistis
2902 4337 2955 4389 in
2996 4338 3204 4390 nomine
3255 4338 3389 4407 ejus,

1826 4426 1917 4491 qui
1946 4424 2291 4479 ministrastis
2323 4425 2547 4491 sanctis,
2582 4437 2628 4479 et
2685 4427 3029 4479 ministratis.
3087 4426 3277 4495 Magna
3310 4429 3389 4483 eis

156 4521 591 4584 διακονοῦντες.
618 4516 854 4586 Μεγάλα
900 4517 1083 4577 αὐτοῖς
1114 4513 1420 4583 μαρτυρεῖ·
1452 4513 1552 4565 οὐκ
1585 4511 1720 4580 ἔργα

1830 4516 2040 4580 tribuit,
2074 4531 2182 4569 non
2212 4518 2387 4571 solum
2437 4533 2625 4587 opera,
2660 4518 3020 4571 verumetiam
3070 4532 3234 4584 Opera
3265 4532 3388 4572 cum

159 4615 318 4681 μόνον,
358 4612 506 4667 ἀλλά
562 4611 657 4664 καὶ
725 4608 865 4680 μετὰ
922 4606 1235 4678 προθυμίας
1306 4604 1462 4674 ἔργα.
1497 4604 1570 4655 Τὸ
1607 4604 1718 4673 γὰρ

153 4706 402 4760 διακονεῖν
455 4702 767 4774 προθυμίας
816 4699 1173 4772 σημαντικόν.
1214 4698 1465 4767 Ἀγάπην
1494 4697 1588 4749 καὶ
1616 4698 1717 4767 τὴν

155 4797 519 4866 ἐλεημοσύνην
564 4794 751 4863 φησὶν,
784 4794 851 4860 ἢν
910 4788 1280 4853 ἀπεδείξαντο,
1312 4787 1413 4841 οὐκ
1462 4788 1540 4851 είς
1592 4789 1717 4851 τοὺς

156 4888 423 4956 ἀδελφοὺς,
453 4885 574 4939 ἀλλ’
619 4884 699 4947 είς
736 4882 797 4935 τὸ
854 4881 1025 4950 δνομα
1054 4878 1149 4931 τοῦ
1187 4876 1347 4931 Θεοῦ.
1380 4877 1523 4948 Ὅρα
1562 4878 1720 4947 μεγί-

158 4995 269 5046 στην
296 4978 670 5049 παράκλησιν,
705 4975 786 5027 ὅτι
807 4974 907 5026 οὐκ
936 4970 1243 5040 ἀνθρώποις
1270 4968 1551 5039 ποιοῦμεν,
1583 4968 1718 5021 ἀλλά

156 5069 284 5137 Θεῷ·
319 5070 396 5132 ὡς
430 5068 532 5121 καὶ⁹
570 5069 598 5120 6
627 5065 862 5135 Χριστὸς
917 5064 973 5114 ἐν
1024 5061 1103 5130 τῷ
1156 5059 1508 5129 Εὖαγγελὶῳ·
1553 5059 1707 5127 Ἐμοί

1825 4609 2132 4663 alacritate.
2165 4608 2477 4663 Ministrare
2524 4608 2759 4677 namque
2809 4608 3254 4677 promptitudiuis
3304 4617 3388 4663 est

1821 4696 2110 4750 indicium.
2168 4695 2273 4751 Per
2332 4697 2679 4751 dilectionem
2740 4709 2922 4752 autem
2982 4698 3385 4768 eleemosyuam

1820 4786 2091 4858 intelligit,
2126 4803 2290 4857 quam
2339 4789 2738 4858 impertierunt,
2766 4804 2872 4841 non
2925 4789 2978 4842 in
3038 4788 3261 4851 fratres.
3290 4793 3384 4845 sed

1821 4881 1874 4933 in
1914 4895 2111 4935 nomen
2136 4879 2251 4935 Dei.
2316 4879 2703 4939 Animadverte
2735 4880 3027 4933 maximam
3056 4881 3383 4936 consolatio-

1820 4986 1966 5035 nem,
2000 4969 2144 5041 quod
2184 4986 2292 5024 non
2320 4970 2653 5035 hominibus,
2683 4970 2778 5025 sed
2812 4968 2921 5024 Deo
2978 4968 3211 5024 iacimus
3243 4969 3383 5025 elec-

1822 5077 2141 5132 mosynam.
2213 5061 2441 5132 perinde
2495 5074 2560 5115 ac
2631 5060 2885 5115 Christus
2951 5060 3005 5114 in
3087 5059 3383 5143 Evangelia

155 5161 490 5228 ἐποιήσατε,
521 5158 710 5228 φησιν.
758 5156 817 5209 '0
872 5154 981 5224 γὰρ
1011 5154 1097 5205 διά
1149 5152 1209 5203 τὸ
1266 5151 1436 5222 ὄνομα
1457 5151 1551 5203 τοῦ
1576 5148 1709 5204 Θεοῦ

1835 5154 2025 5220 uquit:
2059 5152 2193 5205 Milli
2226 5140 2447 5220 fecistis.
2482 5154 2584 5215 Qui
2612 5153 2757 5204 enim
2780 5159 2999 5218 propter
3035 5140 3231 5204 nomen
3290 5150 3379 5203 Dei

156 5253 389 5321 ⁴τημελῶν
436 5252 533 5304 τὸν
588 5248 773 5302 ἄδικον
794 5245 861 5310 ⁸⁸,
890 5245 966 5314 τῷ
1010 5243 1127 5313 Θεῷ
1167 5241 1326 5296 τοῦτο
1372 5246 1535 5298 ποιεῖ.
1580 5241 1708 5307 Τοῖς

1838 5240 2021 5309 njusto
2053 5242 2343 5310 prospicit,
2380 5238 2491 5293 Deo
2526 5240 2669 5293 istud
2697 5238 2845 5291 facit.
2880 5236 3112 5299 Sanctis,
3149 5239 3250 5291 boc
3273 5247 3376 5297 (ιρι,

156 5342 325 5411 ἁγίοις
356 5343 437 5406 δι,
480 5339 754 5404 τουτέστι,
792 5338 905 5400 τοῖς
956 5336 1189 5397 πιστοῖς.
1222 5334 1335 5396 Πᾶς
1363 5333 1470 5403 γάρ
1512 5333 1712 5395 πιστὸς

1815 5328 2090 5384 ﬁdelibus.
2124 5329 2313 5383 Omnis
2339 5329 2483 5381 enim
2522 5327 2698 5382 ﬁdelis
2733 5335 2960 5381 sanctus
3015 5334 3120 5385 est,
3157 5326 3377 5378 etiamsi

157 5435 325 5501 ἅγιος,
378 5435 486 5489 κᾶν
536 5431 799 5503 κοσμικδς
906 5428 1229 5497 Ἠτιασται
1278 5425 1410 5494 γὰρ,
1450 5425 1641 5493 φησὶν,
1681 5428 1714 5479 o'

1839 5436 1871 5473 n
1905 5419 2112 5473 mundo
2162 5419 2351 5473 fuerit.
2390 5417 2769 5485 Sanctiﬁcatus
2825 5430 2902 5469 est
2958 5416 3117 5475 enim,
3180 5416 3375 5483 inquit,

155 5525 289 5594 ἀνὴρ
322 5530 354 5581 ό
389 5527 650 5591 ἄπιστος
702 5524 771 5578 έν
819 5519 894 5589 τῇ
935 5518 1195 5589 γυναικί,
1230 5516 1329 5573 καὶ
1363 5516 1641 5586 ἡγίασται
1665 5515 1704 5582 ἠ

1830 5513 1895 5565 ἠι-
1928 5512 2161 5580 inﬁdelis
2199 5513 2254 5567 in
2286 5526 2470 5575 uxore,
2498 5518 2548 5562 et
2579 5509 2914 5577 sanctiﬁcata
2962 5516 3037 5560 est
3070 5522 3205 5560 uxor
3250 5506 3375 5576 inﬁ-

1451 5691 1647 5752 Varite
1675 5690 2003 5754 lectiones.

214 5826 250 5856 ⁸⁷
276 5826 620 5880 κατακαῦσαι
656 5839 735 5878 m.
808 5821 854 5853 ⁸⁸
888 5817 1116 5888 ἀδελφόν
1151 5832 1226 5872 ω.
