4154 6440
757 418 863 482 259

1718 418 2294 482 THEOPHYLACTI
2323 419 2737 481 BUl.GARI.’E
2769 424 3123 487 ARCHIEP.

3886 436 3997 500 280

758 532 890 586 delis
924 534 976 586 in
1012 535 1205 588 marito
1234 535 1300 589 '°.
1334 534 1677 607 Fidcsigitur
1703 535 1789 588 hic
1824 533 2309 589 Sanctiﬁcationem

2420 538 2576 600 γυνὴ
2613 536 2651 603 ἡ
2690 536 2947 604 ἄπιστος
2997 540 3066 592 ὲν
3097 540 3181 605 τῷ
3228 542 3420 611 ἀνδρί.
3473 544 3531 596 ’11
3564 546 3745 607 πίστις
3783 547 3876 599 οὖν
3912 553 3997 601 ὲν-

762 621 909 676 facit.
946 621 1021 678 Ne
1046 623 1209 692 igitur
1248 640 1376 693 erga
1426 628 1686 679 eremitas
1733 624 2107 677 tantummodo
2131 637 2318 675 curam

755 713 1155 782 impendamus.
1192 723 1448 784 tanquam
1488 725 1734 782 sanctos,
1783 730 1969 768 verum
2004 715 2167 768 etiam
2193 726 2320 781 erga

756 801 1086 858 mundanas.
1124 806 1310 858 Sancti
1346 807 1491 860 enim
1526 808 1600 858 illi
1652 816 1779 861 sunt
1810 814 1863 861 et
1919 806 2020 859 ﬁde
2055 812 2111 859 et
2170 804 2317 856 vita:

756 907 918 958 porro
949 894 1047 962 ipsi
1084 894 1203 947 laici
1242 896 1415 950 sancti
1452 910 1579 951 sunt
1609 896 1661 949 in
1710 895 1836 967 ﬁde,
1883 894 2125 963 plerique
2155 892 2319 946 etiam

756 983 971 1035 invita.
1020 982 1260 1036 Observa
1323 992 1501 1037 autem
1557 985 1832 1052 quomodo
1877 997 1973 1035 eos
2031 980 2199 1033 leniat.
2257 992 2321 1030 ac

756 1072 981 1141 mitiget.
1016 1070 1134 1127 Non
1195 1076 1339 1127 enim
1378 1073 1537 1137 dixit,
1604 1073 1695 1144 qui
1749 1072 2119 1133 mittis'trastis,
2157 1080 2210 1123 et
2248 1069 2318 1120 ita

753 1161 991 1227 quievit:
1030 1176 1218 1216 verum
1273 1163 1491 1231 adjecit,
1556 1174 1605 1217 et
1665 1162 2007 1227 ministratis,
2057 1162 2159 1215 hoc
2210 1167 2317 1223 est,

752 1253 936 1306 eadem
963 1251 1231 1322 hodieque
1281 1252 1485 1310 facitis.

825 1341 984 1394 \‘Ens.
1025 1342 1109 1395 11.
1146 1342 1399 1411 Cupimus
1436 1353 1604 1395 autem
1644 1358 2062 1412 unumquemque
2090 1350 2316 1395 vestrum

750 1434 985 1485 eamdem
1017 1434 1280 1487 oxtenderc
1308 1435 1721 1488 sollicitudinem
1745 1435 1812 1485 ad
1842 1434 2184 1500 expletionem
2212 1436 2319 1502 spei

756 1536 915 1589 usque
939 1523 991 1573 in
1016 1523 1195 1588 ﬁnem.
1224 1523 1453 1577 Perinde
1508 1539 1571 1576 ac
1628 1524 1671 1576 si
1726 1523 1849 1592 quis
1911 1523 2093 1576 dicat:
2143 1521 2318 1586 Quam

749 1629 879 1681 ergo
915 1613 984 1666 ob
1018 1629 1265 1677 causam,
1291 1630 1323 1668 ο
1372 1614 1558 1675 Paule,
1604 1616 1717 1668 haec
1749 1614 1954 1678 dixisti,
1991 1613 2036 1667 si
2092 1614 2318 1667 noluisti

755 1718 854 1757 nos
888 1703 1055 1758 ferire
1087 1714 1140 1758 et
1180 1706 1499 1772 increpare?
1534 1706 1655 1759 llaec
1686 1706 1819 1771 dixi,
1860 1706 2057 1774 inquit,
2092 1703 2319 1776 cupiens

752 1805 812 1849 ut
844 1797 898 1849 in
962 1796 1205 1850 iuturqu
1270 1799 1434 1851 etiam
1486 1807 1633 1852 recte
1688 1799 1962 1853 curratis:
2011 1813 2119 1852 non
2172 1797 2315 1868 quod

751 1886 936 1955 priora
1021 1888 1418 1951 condenmem,
1497 1904 1682 1941 verum
1760 1890 1906 1957 quod
1969 1891 2036 1942 de
2114 1888 2316 1945 futuris

751 1986 1009 2029 tnetnam.
1037 1977 1142 2031 Nec
1178 1979 1337 2040 dixit,
1372 1978 1530 2043 Volo,
1560 1981 1703 2048 quod
1734 1989 1849 2034 exat
1870 1981 2034 2051 687
2072 1997 2315 2052 praecep-

750 2070 906 2120 toria:
937 2069 1280 2123 auctmitatis
1315 2088 1327 2122 :
1366 2069 1482 2135 sed,
1521 2069 1712 2139 Cupio,
1766 2074 1910 2140 quod
1964 2082 2047 2126 est
2106 2075 2315 2144 paterni

750 2156 998 2210 allectus.
1042 2156 1160 2211 Non
1200 2160 1344 2212 enim
1378 2160 1558 2215 verbis
1603 2169 1815 2214 tantum
1867 2161 1971 2216 hoc
2036 2162 2312 2230 desidero,

750 2249 846 2301 sed
900 2249 1117 2303 animus
1167 2264 1321 2304 meus
1366 2266 1462 2319 pro
1512 2253 1664 2306 vobis
1713 2263 1930 2307 aestuat.
1985 2254 2115 2309 Tale
2170 2260 2314 2310 enim

750 2340 1010 2408 quiddam
1072 2340 1310 2409 iutellige
1363 2356 1456 2410 per
1489 2342 1763 2411 ἐπιθυμῶ.
1829 2341 1939 2397 Nec
1996 2344 2317 2413 simpliciter

746 2449 846 2502 pro
899 2434 1073 2495 vobis,
1120 2434 1236 2495 sed,
1292 2450 1389 2500 pro
1438 2450 1769 2502 unoquoque
1834 2443 2075 2489 vestrum
2116 2453 2130 2488 :
2179 2435 2315 2490 adeo

742 2523 987 2578 onmium
1021 2523 1135 2578 sive
1165 2524 1431 2591 majorum
1466 2526 1583 2579 sive
1620 2526 1891 2579 minorum
1955 2542 2088 2579 cura
2121 2515 2313 2595 tange-

744 2612 923 2674 batur,
955 2629 1255 2682 omnesque
1285 2623 1464 2669 norat.
1502 2614 1571 2669 Ut
1605 2616 1723 2669 sitis
1746 2618 1993 2680 solliciti,
2029 2616 2096 2670 ad
2133 2618 2313 2685 exple-

746 2705 938 2755 tionem
970 2706 1099 2771 spei,
1126 2705 1229 2758 hoc
1252 2713 1355 2769 est,
1390 2714 1447 2758 ut
1476 2708 1690 2775 plenam
1726 2717 1779 2761 ct
1816 2710 2113 2776 perlectam
2152 2710 2310 2763 [idem

742 2794 1072 2858 ostendatis,
1114 2802 1307 2849 etnon
1374 2797 1795 2864 pcrtnrbemini.
1840 2797 2082 2851 Observa
2130 2806 2309 2851 autem

743 2890 1015 2953 quomodo
1044 2901 1151 2938 non
1188 2893 1374 2953 aperte
1428 2884 1578 2949 ierit,
1621 2901 1799 2955 neque
1831 2890 1985 2950 dicit,
2052 2888 2311 2956 Despera-

744 2979 867 3040 stis,
902 2977 1203 3045 reColligite
1229 2968 1325 3030 vos
1350 2977 1638 3046 deinceps:
1693 2994 1877 3033 verum
1932 2991 2144 3033 tantum
2198 2996 2307 3033 non

743 3066 849 3122 hoc
871 3066 1033 3119 dicit:
1055 3064 1316 3134 Equidem
1342 3066 1462 3120 volo
1496 3076 1547 3120 te
1586 3082 1802 3137 semper
1835 3070 2135 3124 sollicitum
2166 3086 2305 3131 esse,

2422 621 2602 675 ταῦθα
2647 624 2739 676 τὸν
2799 626 3071 695 ἁγιασμὸν
3125 633 3292 684 ποιεῖ.
3318 631 3481 682 Ὥστε
3517 632 3591 701 μὴ
3616 632 3750 699 πρὸς
3777 634 3902 696 τοὺς
3936 637 3997 686 ἐν

2422 714 2617 783 ἐρήμῳ
2653 716 2847 783 μόνους
2879 718 3158 772 σπουδαῖοι
3186 712 3357 789 ὦμεν,
3385 721 3461 783 ὠς
3495 723 3705 789 ἁγίους,
3737 725 3873 777 ἀλλά
3900 729 3999 778 καὶ

2423 806 2559 874 πρὸς
2596 808 2722 870 τοὺς
2781 810 3086 877 κοσμικούς
3115 830 3127 842 ο
3168 812 3314 880 ἆίιοι
3369 815 3466 882 μὲν
3505 816 3615 884 γὰρ
3664 817 3865 869 ἐκεῖνοι
3901 820 3999 871 καὶ

2426 896 2606 948 πίστει
2666 898 2759 949 καὶ
2815 899 2947 969 βίῳο
2982 900 3127 968 ἅγιοι
3177 903 3234 954 δὲ
3289 905 3384 956 καὶ
3414 905 3664 957 οίλαῖκοὶ
3693 910 3757 976 τῇ
3786 907 3994 972 πίστει,

2423 986 2611 1039 πολλοὶ
2634 987 2691 1041 δὲ
2726 990 2818 1042 καὶ
2853 990 2973 1061 βίῳ.
3009 994 3148 1062 Ὅρα
3189 992 3246 1046 δὲ
3298 994 3416 1057 πῶς
3450 996 3744 1065 θεραπεύει
3772 995 3995 1059 αὐτούς.

2421 1078 2496 1129 Οὐ
2517 1079 2625 1149 γὰρ
2645 1075 2783 1146 εἷπε,
2808 1081 3303 1151 διακονήσαντες,
3344 1088 3438 1140 καὶ
3466 1088 3594 1158 ἔστη
3618 1104 3631 1116 ο
3665 1089 3801 1142 ἀλλά
3830 1107 4001 1158 προσ-

2420 1167 2606 1237 έθηκε,
2669 1173 2769 1225 καὶ
2819 1173 3232 1243 διακονοῦντες
3262 1195 3274 1207 ·
3310 1179 3580 1246 τουτέστι,
3642 1182 3735 1233 καὶ
3787 1181 3867 1235 ἔτι
3931 1183 3997 1234 τὺ

2420 1262 2554 1314 αὐτὸ
2584 1269 2885 1330 ποιοῦντες.

2505 1353 2936 1428 Ἐπιθυμοῧμεν
2973 1361 3040 1413 δὲ
3091 1361 3358 1416 ἕκαστον
3432 1365 3598 1434 ὑμῶν
3640 1367 3756 1433 τὴν
3798 1368 3998 1435 αὐτὴν

2419 1443 2837 1502 ἐνδείκνυσθαι
2889 1452 3175 1519 σπουδὴν
3233 1456 3381 1522 πρὸς
3422 1456 3536 1521 τὴν
3581 1460 3998 1526 πληροφορίαν

2421 1533 2531 1602 τῆς
2561 1537 2809 1604 ἐλπίδος
2844 1542 2981 1609 dun
3016 1545 3251 1610 τέλους.
3277 1547 3506 1617 ,Ὥσπερ
3531 1549 3674 1611 τινὸς
3706 1550 3954 1612 εἰπόντος
3980 1566 3994 1579 ·

2420 1628 2577 1691 Τίνος
2599 1629 2691 1684 οὖν
2715 1632 2899 1685 ’ἐνεκεν
2922 1634 3094 1688 ταῦτα
3127 1634 3308 1701 εἶπας,
3342 1633 3387 1692 ὧ
3413 1640 3611 1705 Παῦλε,
3644 1642 3690 1692 εξ
3726 1642 3800 1710 μὴ
3827 1642 3996 1710 ἐμελ-

2420 1718 2509 1781 λες
2534 1723 2682 1790 ἡμᾶς
2714 1725 3000 1796 πλήττειν;
3030 1728 3216 1797 φησὶν,
3248 1729 3353 1792 ὅτι,
3390 1731 3572 1784 Ταῦτα
3598 1729 3771 1795 εἷπον,
3799 1735 3997 1786 ἐπιθυ-

2423 1812 2540 1880 μῶν
2576 1814 2663 1866 ἵνα
2694 1817 2786 1867 καὶ
2816 1817 2952 1886 πρὸς
2984 1820 3044 1870 τὸ
3072 1820 3266 1889 μέλλον
3292 1821 3589 1891 εὖδρομῆτε
3608 1840 3623 1854 ο
3654 1824 3750 1893 οὐχ
3771 1824 3845 1886 ὠς
3882 1826 3998 1878 τῶν

2419 1904 2704 1974 προτέρων
2728 1908 3177 1974 καταγινώσκων,
3215 1911 3331 1964 ἀλλ’
3369 1913 3510 1982 ὑπὲρ
3544 1914 3653 1967 τῶν
3694 1914 3999 1983 μελλόντων

2416 1994 2688 2057 δεδοικώς.
2726 1998 2837 2050 Καὶ
2878 1998 2978 2051 οὐκ
3027 1995 3168 2067 εἷπε,
3216 2002 3390 2067 Θέλω,
3440 2004 3574 2074 ὅπερ
3632 2001 3700 2075 ἦν
3746 2007 3994 2059 διδασκα-

2417 2084 2575 2154 λικῆς
2612 2089 2899 2151 αὑθεντίας
2925 2090 3091 2156 ·ἀλλ’,
3134 2093 3448 2163 Ἐπιθυμῶ,
3508 2096 3536 2148 ὃ
3572 2098 3842 2166 πατρικῆς
3878 2100 3996 2150 ἐστι

2418 2179 2824 2248 φιλοστοργίας.
2861 2184 2935 2234 Οὐ
2970 2183 3078 2253 γὰρ
3123 2184 3282 2255 μέχρι
3336 2187 3596 2255 ῥημάτων
3625 2190 3783 2241 τοῦτο
3816 2189 4000 2258 βούλο-

2420 2285 2539 2336 μαι,
2570 2270 2684 2323 ἀλλ’
2714 2272 2747 2339 ἡ
2772 2270 2919 2341 ψυχή
2956 2290 3058 2341 μου
3103 2277 3317 2328 καίεται
3353 2278 3493 2347 ὑπὲρ
3528 2279 3703 2348 ὑμῶν.
3740 2280 3999 2333 Τοιοῦτον

2415 2361 2524 2429 γάρ
2552 2378 2605 2413 τι
2634 2362 2745 2413 νόει
2774 2362 3146 2432 τὸ,ὲπιθυμῶ.
3170 2368 3279 2419 Καὶ
3309 2368 3406 2437 οὐχ
3429 2369 3614 2431 ἁπλῶς
3648 2373 3787 2440 ὑπὲρ
3814 2372 4001 2440 ὑμῶν,

2415 2451 2530 2504 ἀλλ’
2564 2452 2705 2522 ὑπὲρ
2736 2454 2851 2516 ἑνὸς
2882 2455 3111 2508 ἑκάστου
3136 2473 3150 2486 ·
3185 2456 3327 2511 οὕτω
3368 2460 3587 2513 πάντων
3621 2463 3865 2530 ἑκήδετο,
3900 2464 4003 2515 καὶ

2418 2543 2632 2610 μικρῶν
2668 2546 2757 2597 καὶ
2792 2547 3064 2613 μεγάλων,
3109 2550 3202 2601 καὶ
3236 2550 3442 2611 πάντας
3473 2554 3759 2621 ἠπίστατο.
3806 2556 3895 2616 Ὡς
3926 2557 4003 2607 ἂν

2416 2632 2754 2700 σπουδάζητε
2807 2636 2957 2702 πρὸς
2998 2636 3113 2703 τὴν
3144 2644 3560 2708 πληροφορίαν
3592 2642 3697 2709 τῆς
3720 2645 4000 2710 ἐλπίδος,

2413 2723 2710 2786 τουτέστιν,
2744 2726 2827 2776 ίνα
2880 2727 3060 2797 πλήρη
3123 2734 3213 2782 καὶ
3252 2731 3460 2785 τελείαν
3494 2734 3592 2803 τὴν
3625 2736 3811 2787 ἐλπὶδα
3833 2737 3881 2767 ⁸⁵
3912 2738 4007 2787 ἐν-

2412 2798 2682 2880 δείξηὲθε,
2736 2814 2831 2865 καὶ
2877 2814 2952 2883 μὴ
3004 2817 3359 2887 σκυλευθῆτε.
3425 2798 3567 2891 Ὀρά
3615 2823 3670 2873 δὲ
3691 2825 3738 2855 ⁹⁰
3783 2825 3905 2886 πῶς
3932 2827 4002 2878 οὐ

2414 2900 2643 2968 πλήττει
2686 2906 2955 2973 φανερῶς,
2990 2907 3109 2959 οὐδὲ
3160 2909 3307 2975 λέγει
3332 2912 3435 2973 ὅτι,
3465 2913 3856 2982 Ἀπηλπίσατε,
3897 2917 4004 2968 καὶ

2414 2988 2800 3057 ἀνακτήσασθε
2847 2991 3069 3054 ἑαυτοὺς
3117 2994 3325 3060 λοιπὸν,
3366 2998 3479 3049 ἀλλ’
3513 3000 3718 3052 ὡσανεὶ
3752 3003 3992 3056 τοιαῦτα

2413 3074 2591 3141 λέγει’
2618 3077 2767 3129 Θέλω
2829 3096 2887 3129 σε
2938 3083 3259 3147 σπουδάζειν
3288 3087 3396 3150 ἀεὶ,
3431 3090 3520 3140 καὶ
3548 3084 3657 3153 οἷος
3691 3087 3757 3159 ἧς
3789 3095 3997 3163 πρότεο

742 3165 798 3211 et
833 3166 890 3209 ut
916 3158 1092 3225 qualis
1121 3158 1271 3210 luisti
1305 3159 1559 3221 antehac,
1602 3161 1762 3213 talem
1812 3162 1973 3215 etiam
2038 3163 2090 3215 in
2124 3174 2309 3231 postc-

2420 3183 2545 3235 ρον,
2580 3168 2823 3219 τοιοῦτον
2862 3163 3001 3222 εἶναι
3037 3173 3130 3225 καὶ
3163 3173 3256 3225 νῦν
3283 3178 3377 3229 καὶ
3406 3180 3485 3241 είς
3518 3180 3583 3231 τὸ
3618 3182 3832 3250 μέλλον.

746 3262 864 3300 rum
902 3256 952 3300 te
979 3246 1260 3300 exhibeas.

816 3335 983 3391 Vsus.
1015 3337 1101 3391 12.
1136 3337 1204 3391 Ut
1238 3354 1338 3390 non
1375 3355 1555 3408 segnes
1605 3342 1921 3408 eﬁiciamini.
1967 3342 2079 3397 lloc
2116 3343 2302 3397 itidem

740 3428 807 3480 ad
845 3428 1230 3497 mitigationem
1287 3444 1476 3482 eorum
1516 3430 1680 3483 dicit:
1726 3433 1791 3485 ad
1856 3433 2097 3486 futurum
2158 3438 2303 3488 enim

740 3525 958 3586 tempus
988 3518 1089 3571 hoc
1138 3519 1309 3572 ducit.
1370 3521 1530 3589 Atqui
1571 3535 1735 3591 supra
1791 3524 1929 3576 dixit
1971 3544 1983 3577 :
2038 3525 2304 3590 Quoniam

739 3622 918 3675 scenes
972 3607 1099 3675 {acti
1130 3610 1296 3661 estis:
1356 3610 1447 3663 sed
1503 3612 1713 3673 auditu,
1745 3613 1809 3665 ad
1862 3613 2108 3667 auditum
2158 3617 2301 3669 enim

743 3712 917 3765 usque
948 3698 1231 3767 segnitiem
1258 3700 1487 3753 statuit:
1522 3700 1639 3753 iam
1674 3718 1821 3768 vero,
1877 3704 2073 3773 inquit,
2116 3721 2303 3759 curam

744 3802 894 3854 gero,
933 3803 1001 3840 ne
1032 3788 1274 3841 animum
1315 3800 1553 3843 vestrum
1582 3791 1843 3860 segnities
1895 3793 1997 3846 ista
2049 3794 2301 3864 attingat.

744 3879 815 3933 Ut
848 3880 991 3932 enim
1025 3895 1220 3947 corpus
1245 3880 1418 3932 otium
1455 3891 1506 3932 et
1540 3880 1894 3935 immobilitas
1937 3882 2104 3947 laedit,
2146 3884 2226 3937 sic
2253 3894 2307 3938 et

741 3968 978 4019 animam
1011 3982 1040 4019 a
1078 3968 1234 4022 bonis
1266 3970 1525 4037 operibus
1558 3971 1818 4034 cessatio,
1849 3974 2099 4041 supinam
2130 3978 2302 4041 magis

739 4055 921 4111 etlicit.

822 4146 1008 4201 Verum
1044 4150 1338 4204 imitatores
1370 4168 1549 4204 eorum
1576 4154 1665 4220 qui
1717 4169 1805 4217 per
1849 4154 2005 4222 ﬁdem
2042 4167 2091 4208 et
2126 4157 2307 4225 longa-

739 4238 1029 4289 nimitutctn
1069 4242 1441 4303 promissiones
1492 4242 1796 4295 ltwreditate
1846 4246 2077 4311 cupiunt.
2128 4246 2304 4315 Supra

739 4326 1158 4381 commonefecit
1188 4330 1336 4397 ipsos
1372 4346 1560 4384 eorum
1592 4348 1713 4401 quae
1739 4344 1897 4388 antea
1953 4337 2056 4404 ipsi
2113 4353 2303 4405 gesse-

740 4426 886 4481 rant,
917 4419 1274 4472 domesticum
1316 4421 1449 4488 ipsis
1474 4425 1784 4492 exemplum
1809 4426 2124 4494 proferens:
2162 4444 2303 4482 nunc

2483 3347 2616 3399 "Ira
2656 3349 2735 3416 μὴ
2759 3354 2966 3419 νωθροὶ
2997 3353 3278 3421 γένησθε.
3315 3358 3423 3409 Καὶ
3473 3360 3629 3413 τοῦτο
3658 3362 3791 3431 πρὸς
3824 3363 4001 3433 θερα-

2412 3440 2574 3491 πείαν
2607 3442 2818 3493 αὐτῶν·
2862 3446 2942 3505 είς
2988 3446 3099 3515 γὰρ
3148 3448 3239 3499 τὸν
3288 3452 3548 3517 μέλλοντα
3582 3456 3768 3523 χρόνον
3797 3457 3997 3524 ἐξάγει

2407 3529 2562 3582 αὑτό.
2606 3531 2796 3583 Καίτοι
2831 3534 3087 3603 ἀνωτέρω
3117 3532 3270 3588 εἶπεν
3293 3555 3304 3566 ·
3347 3539 3589 3606 Ἐπειδὴ
3622 3546 3833 3609 νωθροὶ
3870 3563 3942 3613 τε
3966 3577 3998 3589 -

2408 3626 2642 3686 rorare,
2684 3620 2821 3673 ἀλλὰ
2873 3625 2992 3684 ταῖς
3033 3627 3257 3688 ἀκοαῖς·
3321 3629 3479 3698 μέχρι
3540 3632 3647 3701 γὰρ
3680 3635 3777 3699 τῆς
3810 3636 3997 3703 ἀκοῆς

2412 3710 2610 3777 ἔστησε
2638 3711 2738 3779 τὴν
2771 3714 3106 3782 νωθρότηταο
3142 3716 3237 3768 νῦν
3261 3718 3336 3778 δὲ,
3370 3712 3523 3789 φησὶ,
3572 3724 3992 3793 προνοοῦμαι,⁹¹

2410 3802 2495 3854 ἵνα
2524 3803 2600 3872 μὴ
2630 3804 2728 3873 τῆς
2761 3805 2942 3873 ψυχῆς
2985 3808 3138 3875 ὑμῶν
3191 3810 3397 3879 ἅψηται
3447 3812 3609 3881 αὕτη.
3650 3817 3736 3876 Ὠς
3781 3818 3893 3887 γὰρ
3926 3821 3995 3872 τὸ

2410 3892 2571 3960 σῶμα
2611 3896 2642 3961 ἡ
2676 3896 2843 3964 ἀργία
2874 3898 2968 3950 καὶ
2996 3898 3253 3970 ἀκινησία
3288 3902 3533 3971 βλάπτει,
3569 3905 3710 3958 οὕτω
3740 3910 3835 3959 καὶ
3881 3912 3992 3981 τὴν

2406 3982 2641 4053 ψυχὴνή
2683 3986 2791 4038 τῶν
2827 3986 3047 4054 ἀγαθῶν
3086 3990 3253 4061 ἀργία
3294 3994 3632 4065 ὑπτιωτέραν
3656 3997 3982 4067 ἐργάζεται.

2483 4165 2736 4231 Mummi
2767 4165 2834 4217 δὲ
2863 4167 2982 4219 τῶν
3018 4168 3115 4221 διὰ
3144 4171 3402 4237 πίστεως
3432 4177 3529 4227 καὶ
3566 4183 3990 4250 μακροθυμίας

2410 4259 2947 4323 κλτωονσμούντων
2971 4262 3074 4324 τὰς
3097 4263 3472 4331 ἐπαγγελίας.
3520 4270 3844 4339 Ἀνέμνησεν
3877 4278 3990 4327 αὑ-

2411 4346 2536 4408 τοὺς
2594 4348 2871 4414 ἀνωτέρω,
2929 4344 3003 4402 ὧν
3064 4354 3219 4405 αὐτοὶ
3261 4356 3631 4426 κατώρθωσαν
3691 4365 3986 4430 πρότερον,

2411 4437 2621 4488 οἴκοθεν
2664 4439 2846 4499 αὐτοῖς
2882 4442 3062 4509 φέρων
3108 4444 3175 4494 τὰ
3221 4446 3610 4517 ὑποδείγματα.
3644 4452 3756 4503 Νῦν
3785 4454 3841 4506 δὲ
3883 4464 3989 4511 καὶ

738 4523 867 4562 vero
904 4510 969 4561 ad
998 4512 1360 4578 patriarcham
1414 4527 1508 4566 eos
1552 4515 1825 4569 subvehit.
1881 4517 1958 4571 Ne
1997 4519 2307 4574 existiment

2414 4529 2505 4579 ἐπὶ
2544 4529 2635 4579 τον
2692 4532 3049 4602 πατριάρκην
3095 4536 3289 4599 αὐτοὺς
3330 4510 3541 4605 ἀλάθει’
3574 4541 3689 4593 Ἵνα
3749 4544 3856 4613 γὰρ
3898 4551 3983 4619 μὴ

738 4601 883 4653 enim
920 4617 977 4655 se
1007 4604 1155 4655 nullo
1185 4618 1308 4657 esse
1337 4620 1564 4659 numero
1596 4607 1817 4676 dignos,
1872 4624 1936 4664 ac
1970 4612 2134 4665 veluti
2169 4629 2302 4665 con-

742 4699 975 4758 temptos
1002 4706 1122 4744 sese
1149 4707 1176 4743 a
1212 4691 1321 4746 Deo
1354 4696 1577 4751 relictos
1605 4712 1748 4761 esse,
1785 4701 2004 4767 planum
2040 4700 2300 4770 facitjam

741 4780 883 4844 quod
917 4780 1098 4831 istltuc
1127 4782 1363 4835 niaxime
1398 4784 1469 4836 sit
1502 4783 1721 4839 fortium
1780 4789 2043 4854 virorum,
2104 4792 2300 4845 tentari

740 4870 969 4930 scilicet,
1037 4878 1091 4923 et
1147 4871 1290 4939 quod
1349 4888 1575 4943 magnos
1644 4876 1792 4931 viros
1847 4879 1927 4933 sic
1992 4884 2300 4935 exercuerit

741 4957 903 5012 Deus.
941 4957 995 5011 Si
1024 4960 1168 5013 enim
1202 4963 1386 5015 statim
1410 4967 1563 5019 daret
1598 4967 1740 5034 quod
1780 4970 2138 5037 promisisset,
2169 4973 2300 5027 lides

738 5063 927 5103 eorum
983 5051 1124 5104 haud
1180 5051 1667 5111 demonstraretur.
1704 5056 1857 5112 Nunc
1903 5070 2085 5115 autem
2122 5062 2299 5117 differt

739 5140 881 5192 dena
926 5156 1045 5203 sua,
1074 5152 1132 5194 ut
1168 5141 1301 5198 ﬁdes
1332 5144 1574 5215 ipsorum
1610 5163 1708 5217 per
1754 5152 2070 5219 patientiam
2127 5154 2299 5208 incla-

739 5239 935 5282 rescat.
972 5230 1107 5284 Tum
1140 5234 1302 5287 etiam
1348 5236 1566 5303 planum
1603 5245 1657 5291 Iit
1709 5244 2016 5312 quempiam
2075 5247 2298 5302 credere

739 5321 787 5372 ei
823 5322 912 5388 qui
971 5324 1239 5390 promisit,
1304 5328 1524 5397 quando
1576 5342 1697 5398 post
1754 5336 1982 5389 multum
2033 5341 2295 5406 temporis

737 5412 981 5477 elapsum
1022 5427 1127 5464 non
1168 5415 1463 5483 acceperit,
1504 5427 1560 5470 et
1608 5429 1784 5474 tamen
1829 5438 1888 5478 se
1939 5436 2290 5494 accepturum

842 5589 885 5617 ’°
923 5587 1091 5641 lCor.
1134 5604 1230 5653 vn,
1258 5590 1343 5643 14.

2411 4617 2706 4683 νομίσωσιν
2743 4619 2825 4669 ὅτι
2877 4618 2951 4681 ὼς
2993 4621 3207 4687 οὐδενὸς
3249 4623 3389 4689 ἄξιοι
3422 4627 3582 4697 λόγου
3628 4617 3987 4705 καταφρονηέ

2411 4706 2597 4768 θέντες
2649 4708 2753 4759 ὑπὸ
2791 4710 2926 4762 Θεοῦ
2993 4714 3517 4787 ἐγκατελείφθησαν,
3567 4722 3834 4775 δείκνυσιν
3890 4728 3983 4782 ὅτι

2410 4798 2643 4864 μάλιστα
2670 4800 2776 4850 τῶν
2807 4804 3068 4867 γενναίων
3089 4807 3297 4874 ἀνδρῶν
3326 4810 3484 4864 τοῦτό
3518 4815 3653 4876 ἔστι,
3675 4816 3736 4867 τὸ
3773 4820 3984 4887 πειρά-

2410 4888 2619 4949 ζεσθαι,
2656 4891 2749 4942 καὶ
2774 4891 2856 4944 ὄτι
2890 4896 3003 4957 τοῖς
3035 4897 3292 4963 μεγάλοις
3314 4900 3567 4970 ἀνδράσιν
3593 4905 3734 4958 οὕτω
3764 4912 3981 4982 κέχρη-

2407 4994 2496 5028 ται
2525 4980 2553 5029 ὁ
2586 4979 2738 5044 Θεὸς.
2779 4982 2840 5035 Et
2879 4985 2977 5054 μὲν
3008 4988 3120 5058 γὰρ
3153 4989 3312 5052 εὐθὺς
3340 4993 3559 5047 ἐδίδουά
3583 4979 3975 5066 ἓπηγγείλατο,

2404 5069 2504 5121 οὐκ
2529 5069 2596 5123 ἂν
2635 5074 2667 5138 ἡ
2696 5075 2881 5135 πίστις
2922 5077 3100 5131 αὐτῶν
3130 5081 3456 5137 διεδείκνυτο
3475 5101 3489 5115 ·
3516 5087 3609 5139 νῦν
3638 5089 3694 5141 δὲ
3731 5092 3982 5147 ἀναϐάλ-

2405 5156 2557 5212 λεται
2584 5161 2685 5224 τὰς
2713 5163 2909 5227 δόσεις,
2950 5167 3035 5219 ἵνα
3084 5173 3225 5241 φανῇ
3261 5174 3293 5242 ὴ
3328 5174 3510 5239 πίστις
3546 5178 3726 5231 αὐτῶν
3749 5180 3838 5233 διὰ
3868 5186 3980 5253 τῆς

2405 5251 2705 5323 ὑπομονῆς.
2736 5256 2868 5308 Τότε
2900 5259 3007 5329 γάρ
3056 5276 3138 5324 τις
3198 5263 3463 5330 φαίνεται,
3495 5269 3576 5321 ὅτι
3617 5272 3859 5324 πιστεύει
3890 5251 3981 5345 τῷ

2404 5346 2872 5418 ἐπαγγειλαμένη),
2911 5351 2999 5403 ὅτε
3038 5352 3231 5406 πολλοῦ
3281 5357 3472 5426 καιροῦ
3540 5359 3830 5425 διελθόντος
3888 5368 3977 5436 μὴ

2402 5434 2718 5503 λαμϐάνων,
2771 5440 2919 5505 ὅμως
2971 5443 3213 5497 πιστεύει
3273 5446 3355 5499 ὅτι
3401 5448 3647 5519 λήψεται,
3702 5455 3797 5504 καὶ
3862 5456 3977 5511 οὐκ

2043 5694 2243 5757 νοτία)
2274 5698 2602 5764 lectiones.

804 5778 850 5811 ⁸⁸
874 5780 1051 5834 πίστιν
1074 5799 1126 5836 o.
1202 5787 1249 5816 "
1279 5786 1487 5839 σύνεσιν
1514 5804 1565 5842 ο.
1679 5793 1720 5822 ⁹¹
1752 5795 2134 5866 προθυμοῦμαι
2159 5816 2211 5853 o.
