4154 6440
737 464 843 525 263

1686 446 2263 508 ἸἭΕΟΙἮΥΙΛΟΤΙ
2299 441 2710 505 BULGARIE
2740 437 3077 500 ARCIIIEP

3870 433 3995 494 26$

742 590 912 631 totum
947 573 1049 627 hoc
1091 587 1196 626 non
1234 567 1499 632 eﬂ‘ecerit,
1541 566 1634 621 sed
1670 566 1834 620 etiam
1893 562 2302 632 longanimitas.

2418 577 2495 611 ται
2526 559 2558 627 ὴ
2596 553 2899 623 ἐπαγγελία
2928 552 2995 605 δι’
3022 547 3373 618 ὀλιγοιξιυχίας
3396 547 3463 599 ⁸³.
3502 545 3613 599 Καὶ
3669 544 3829 598 τοῦτο
3863 562 4000 598 συν-

743 668 837 719 llic
873 672 1053 718 autem
1088 663 1249 715 etiam
1288 667 1456 713 terret
1506 673 1620 719 eos,
1662 672 1725 708 ex
1780 656 2060 708 contrario
2092 651 2304 721 signiﬁ-

739 775 873 813 caus
905 754 1325 825 promissionem
1354 747 1603 803 abscindi
1636 762 1731 814 per
1779 744 2304 814 pusillauiniitatem.

739 851 915 916 Atque
950 847 1051 898 hoc
1078 842 1302 911 contigit
1338 839 1532 909 populo
1566 836 1694 890 olim
1722 835 1777 888 in
1829 834 2070 894 deserto,
2101 831 2192 900 qui
2249 830 2302 883 in

744 935 1245 1010 pusillanitnitatem
1279 930 1435 998 lapsi,
1460 929 1607 982 nulla
1645 927 1857 980 ratione
1905 937 2034 979 sunt
2068 922 2303 976 assecuti

745 1027 1185 1098 promissionem.
1226 1023 1378 1074 Dicat
1433 1021 1595 1090 igitur
1648 1018 1958 1087 quispiam:
2021 1014 2305 1080 Quomodo

744 1129 923 1171 autem
988 1116 1161 1170 sancti
1218 1113 1436 1167 etiamsi
1495 1113 1833 1180 longanimes
1888 1107 2145 1169 fuerunt,
2196 1120 2303 1158 non

2418 647 2517 713 έϐη
2552 645 2628 711 τῷ
2663 658 2721 696 εν
2748 646 2815 712 τῇ
2860 642 3051 710 ἐρήμῳ
3099 639 3267 691 πάλαι
3303 636 3437 705 λαῷ,
3472 637 3520 689 οἳ
3560 634 3999 702 ὀλιγοψυχήσαν-

2412 754 2504 798 τες
2534 738 2632 788 οὐκ
2663 736 2854 802 ἔτυχον
2886 733 2987 800 τῆς
3017 729 3353 796 ἐπαγγελίας
3403 728 3556 789 ὅλως.
3610 726 3765 778 Εἴποι
3792 720 3889 777 οὖν
3923 725 4000 777 ἄν

2413 845 2513 892 τις·
2578 829 2686 881 Καὶ
2716 810 2830 888 πῶς
2854 828 2904 878 οί
2937 824 3083 892 ἆγιοι
3117 823 3293 874 καίτοι
3347 820 3864 890 μακροθυμήσαντες
3888 819 4000 870 οὐκ

2413 923 2624 991 ἔτυχον,
2678 918 2753 981 ὡς
2811 920 2946 988 πρὸς
2979 914 3056 985 τῷ
3090 914 3230 967 τέλει
3265 914 3458 983 φησίν;
3503 911 3661 963 ’Δλλά
3705 910 3995 973 τεύξονται

2415 1014 2653 1072 πάντως.
2691 1011 2753 1061 Οἱ
2786 1009 2844 1060 δέ
2889 1007 2984 1061 τοῦ
3020 1004 3150 1058 λαοῦ
3200 1001 3502 1073 γογγυσταί
3518 1001 3564 1034 ⁸⁸
3612 1000 3738 1055 οὔτε
3774 1001 3992 1069 ἔτυχον,

2412 1103 2535 1155 οὗτε
2564 1098 2861 1164 τεύξονται.

742 1226 922 1269 tamen
955 1222 1081 1268 sunt
1109 1210 1369 1273 assecuti,
1402 1216 1457 1261 ut
1499 1207 1599 1260 sub
1637 1204 1889 1274 Epistula:
1926 1202 2088 1255 linem
2121 1200 2292 1254 dicit?
2351 1201 2418 1251 At
2459 1213 2586 1252 vero
2635 1204 2997 1263 asseqm-ntur
3023 1194 3189 1264 689
3223 1190 3467 1254 omnino,
3522 1204 3709 1243 verum
3768 1187 3863 1257 qui
3921 1199 3995 1240 ex

743 1288 939 1376 populo
966 1308 1399 1361 murmurarunt,
1425 1314 1598 1364 neque
1638 1295 1877 1349 assecuti
1936 1301 2085 1357 sunt,
2125 1307 2299 1360 neque
2321 1301 2701 1360 assrquentur.

818 1398 981 1452 Vens.
1020 1398 1105 1449 lli.
1153 1395 1402 1448 "omines
1444 1393 1582 1444 enim
1620 1406 1710 1458 per
1740 1390 1995 1457 majorem
2025 1388 2227 1451 iurant,
2261 1400 2307 1439 et

743 1493 913 1547 omnis
945 1487 1306 1541 controversia:
1335 1485 1461 1553 ipsis
1492 1483 1614 1552 ﬁnis
1646 1491 1719 1534 est
1749 1480 1815 1533 ad
1847 1479 2309 1548 conﬁrmationem

745 1588 1121 1647 iuramentum.
1182 1580 1294 1634 Hoc
1346 1586 1431 1634 est
1483 1593 1577 1647 per
1640 1578 2014 1646 jurainentum
2078 1573 2312 1625 solvitur

744 1676 921 1731 omnis
959 1672 1331 1729 contentionis
1372 1667 1769 1722 controversia.
1810 1663 2014 1717 Iiteuim
2053 1661 2312 1715 dicuntur

742 1766 963 1834 quidem
1028 1763 1219 1826 multa,
1271 1768 1324 1814 et
1378 1757 1834 1811 contradicuntur
1887 1752 2167 1821 utrinque,
2215 1752 2309 1805 sed

742 1858 887 1908 enim
944 1853 1328 1922 jusjurandum
1381 1856 1661 1918 postremo
1706 1844 1995 1909 accedens,
2031 1858 2095 1896 ac
2139 1840 2311 1896 stabi-

746 1946 905 2009 liens,
938 1952 1137 1997 cuncta
1163 1941 1331 1995 dubia
1365 1939 1548 1993 solvit.

814 2034 982 2088 Vens.
1011 2033 1096 2085 l7.
1132 2031 1196 2084 In
1227 2047 1326 2101 quo
1358 2026 1715 2081 abundantius
1758 2025 1934 2078 volens
1967 2022 2103 2076 Deus
2135 2030 2314 2074 osten-

741 2126 864 2179 dere
891 2123 1296 2193 pollicitationis
1327 2119 1623 2175 heredibus
1659 2116 2083 2170 immobilitatem
2107 2113 2316 2168 consilii

745 2218 851 2280 sui,
887 2216 1194 2284 juramento
1223 2212 1501 2267 stabilivit.
1536 2211 1650 2265 Hoc
1682 2218 1785 2274 est,
1826 2210 2113 2277 propterea
2145 2204 2313 2275 quod,

744 2308 1186 2380 quandoquidem
1220 2306 1292 2359 ita
1331 2320 1390 2359 se
1415 2318 1502 2357 res
1525 2302 1710 2365 habet,
1744 2308 1804 2354 ut
1830 2297 2315 2365 hominibusjura-

746 2410 989 2456 mentum
1032 2414 1248 2452 omnem
1283 2395 1438 2449 ﬁdem
1485 2393 1696 2457 afferat,
1728 2392 1798 2446 ob
1841 2406 1961 2445 eam
2008 2404 2121 2443 rem
2176 2390 2319 2441 Deus

749 2496 912 2549 etiam
944 2493 1109 2561 jurat.
1141 2489 1255 2553 Vel,
1287 2490 1340 2540 in
1367 2472 1492 2557 quo,
1527 2486 1629 2541 hoc
1672 2492 1779 2546 est.
1808 2484 1943 2553 ,quia
1973 2481 2180 2551 juravit
2223 2494 2318 2549 per

748 2585 988 2654 seipsum
1010 2582 1170 2645 Dens,
1188 2596 1253 2634 ex
1288 2577 1588 2632 abundanti
1616 2576 1943 2629 monstravit
1967 2572 2149 2635 nobis,
2172 2568 2315 2640 quod

744 2675 968 2727 omnino
991 2682 1045 2726 et
1080 2668 1591 2739 impermutabiliter
1621 2668 1866 2719 facturus
1900 2665 1973 2717 sit
1995 2678 2117 2731 quae
2160 2662 2318 2717 nobis

743 2763 1078 2834 promiserit.
1117 2761 1249 2814 Nam
1286 2759 1395 2813 Deo
1449 2759 1615 2811 etiam
1654 2757 1772 2810 sine
1814 2755 2133 2823 iuramento
2182 2754 2316 2806 fides

745 2854 1050 2909 adhibenda
1083 2861 1222 2913 erat,
1257 2862 1481 2919 pr0pter
1528 2864 1629 2903 nos
1657 2857 1837 2900 tamen
1886 2846 2124 2899 demittit
2173 2858 2314 2907 sese,

744 2961 845 2999 nec
873 2960 1026 2999 suam
1045 2944 1360 3011 dignitatem
1393 2940 1821 3008 contemplatur,
1854 2953 2038 2992 verum
2073 2943 2131 2991 ut
2157 2936 2316 2989 nobis

745 3034 1092 3103 persuadeat,
1131 3031 1354 3101 indigna
1389 3032 1553 3084 etiam
1592 3032 1658 3083 de
1710 3030 1890 3097 seipso
1942 3026 2048 3081 dici
2090 3026 2312 3095 patitur.

744 3125 855 3177 Nos
881 3122 1026 3176 enim
1067 3122 1254 3174 fideles
1285 3119 1670 3189 promissionis
1706 3132 1897 3171 sumus
1926 3117 2193 3178 heredes,
2218 3113 2311 3181 qui

2487 1388 2810 1450 Ἄνθρωποι
2836 1383 2953 1451 μὲν
2986 1398 3095 1447 τηρ
3127 1379 3276 1433 κατὰ
3304 1378 3411 1431 τοῦ
3438 1374 3704 1447 μείζονος
3736 1373 3998 1442 ὀμνύου-

2410 1496 2494 1541 σι,
2527 1477 2626 1530 καὶ
2658 1476 2860 1541 πάσης
2906 1475 3111 1537 αὺτοῖς
3143 1472 3488 1540 ἀντιλογίας
3534 1469 3719 1537 πέρας
3762 1470 3847 1532 εις
3876 1469 3997 1531 βε·

2417 1575 2666 1626 σαίωσιν
2700 1570 2895 1639 ὅρκος.
2955 1570 3271 1632 Τουτέστιν,
3321 1568 3385 1618 ἐκ
3436 1565 3529 1617 τοῦ
3583 1564 3745 1631 ὅρκου
3803 1562 3996 1614 λύεται

2420 1664 2601 1731 πάσης
2634 1658 2944 1724 ἀντιλογίας
2984 1655 3419 1724 ἀμφισϐήτησις.
3462 1652 3571 1705 Καὶ
3599 1651 3707 1717 γὰρ
3741 1649 3997 1713 λέγονται

2424 1755 2523 1822 μέν
2552 1752 2745 1815 πολλὰ,
2777 1750 2871 1804 καὶ
2904 1748 3280 1815 ἀντιλέγονται
3317 1744 3375 1808 ἐξ
3405 1744 3664 1812 ἐκατέρου
3702 1742 3924 1810 μέρους,
3966 1739 3999 1790 ὁ

2418 1846 2475 1897 δὲ
2508 1845 2667 1914 ὅρκος
2691 1843 2970 1903 τελευταῖς
2998 1836 3255 1891 ἐπεισιὼν
3296 1835 3388 1889 καὶ
3436 1832 3687 1903 βεϐαιῶν,
3718 1831 3789 1883 τὰ
3816 1828 3996 1899 ἀμφί-

2348 1908 2389 1961 B
2418 1908 2550 1987 ὄολα
2580 1934 2695 1986 λύει
2723 1932 2919 1986 πάντα.

2494 2027 2557 2077 -‘E
2561 2042 2599 2078 ν
2617 2017 2665 2091 ᾧ
2686 2023 3118 2092 περισσότερον
3140 2018 3522 2087 βουλόμενος
3553 2018 3585 2069 ό
3610 2014 3751 2079 Θεὸς
3775 2012 3998 2066 ἐπιδεί-

2420 2119 2638 2182 ξασθαι
2702 2116 2829 2181 τοῖς
2888 2112 3287 2181 κληρονόμοις
3346 2106 3457 2174 τῆς
3513 2106 3874 2173 ἐπαγγελίας
3926 2101 3998 2155 τὸ

2422 2207 2782 2277 ἀμετάθετον
2835 2204 2944 2270 τῆς
2994 2199 3234 2268 βουλῆς
3294 2197 3518 2259 αὐτοῦ,
3572 2192 3998 2247 ἐϐεϐαίωσενθ⁸

2421 2300 2594 2366 ὅρκῳ.
2632 2298 2916 2359 Τουτέστι’,
2944 2295 3047 2355 διὸ,
3082 2289 3276 2360 ἐπειδὴ
3320 2289 3416 2342 καὶ
3465 2288 3577 2348 τοῖς
3624 2284 3935 2351 ἀνθρώποις
3968 2283 3997 2332 ὁ

2420 2392 2581 2460 ὅρκος
2620 2391 2805 2441 πᾶσαν
2854 2386 3038 2438 πίστιν
3067 2381 3338 2449 ἐπιφέρει,
3386 2378 3473 2431 διὰ
3502 2376 3659 2430 τοῦτο
3689 2375 3784 2427 καὶ
3806 2377 3837 2426 ὁ
3862 2374 3998 2434 Θεὸς

2420 2483 2666 2550 ὗμνυσιν.
2700 2480 2795 2539 Ἢ,
2829 2479 2897 2530 ἐν
2926 2471 2988 2542 ᾧ,
3024 2474 3144 2527 ἀντὶ
3176 2471 3291 2535 τοῦ,
3343 2471 3400 2523 ἐν
3440 2468 3518 2537 τῷ
3563 2467 3781 2536 ὀμόσαι,
3834 2465 3994 2533 φησι,

2420 2573 2542 2624 καθ’
2578 2570 2771 2623 ἑαυτοῦ
2797 2573 2823 2621 ὁ
2849 2569 3003 2629 Θεὸς,
3042 2569 3107 2619 ἐκ
3154 2563 3469 2633 περιουσίας
3492 2558 3691 2621 ἔδειξεν
3724 2558 3880 2625 ἡμῖν,
3912 2556 4000 2607 ὅτι

2422 2665 2640 2726 πάντως
2691 2662 2783 2713 καὶ
2832 2657 3184 2729 ἀμεταθέτως
3230 2657 3448 2721 ποιήσει
3500 2651 3535 2705 ἃ
3597 2647 3997 2716 ἐπηγγείλατο.

2426 2758 2573 2809 Ἔδει
2635 2755 2735 2823 μὲν
2787 2754 2894 2821 γὰρ
2934 2751 3027 2804 καί
3082 2751 3250 2819 χωρὶς
3293 2748 3458 2815 ὅρκου
3510 2740 3863 2795 πιστεύεσθαι
3899 2739 4002 2789 τον

2419 2846 2573 2909 Θεὸν,
2634 2845 2748 2897 ἀλλ’
2802 2844 2953 2911 ὅμως
3001 2840 3068 2892 δι’
3107 2839 3253 2908 ἡμᾶς
3310 2835 3647 2902 συγκάτεισι,
3678 2832 3769 2883 καὶ
3806 2829 3867 2881 οὺ
3894 2829 4004 2895 τὴν

2419 2936 2583 2991 αὑτοῦ
2622 2935 2778 3000 ἀξίαν
2809 2934 3021 2993 σκοπεῖ,
3050 2929 3163 2982 ἀλλ’
3187 2929 3334 2988 ὅπως
3378 2926 3525 2991 ἡμᾶς
3576 2922 3760 2991 πείσῃ,
3795 2916 4001 2980 ἀνάξια

2421 3029 2549 3097 περὶ
2596 3025 2759 3077 αὑτοῦ
2790 3023 3041 3091 ἀνέχεται
3064 3017 3337 3086 λέγεσθαι.
3389 3014 3576 3082 ῚΙμεῖς
3596 3010 3702 3080 γὰρ
3728 3012 3775 3061 οἱ
3808 3006 4002 3060 πιστοὶ

2420 3125 2517 3190 τῆς
2568 3116 2905 3184 ἐπαγγελίας
2955 3111 3124 3179 ἐσμέν
3174 3106 3520 3177 κληρονόμοι,
3549 3105 3598 3155 οἱ
3626 3105 3683 3153 ἐν
3720 3099 3798 3168 τῷ
3823 3099 4002 3167 σπέρ-

745 3213 798 3266 in
837 3213 1048 3266 semine
1078 3211 1216 3279 ejus,
1241 3210 1333 3279 qui
1366 3210 1623 3264 Christus
1654 3220 1759 3273 est,
1790 3206 2067 3261 benedicti
2097 3220 2311 3260 sumus.

2425 3189 2551 3279 ματι
2579 3207 2765 3269 αὑτοῦ,
2828 3206 2886 3267 ὃς
2924 3204 3041 3254 ἐστι
3099 3198 3353 3269 Χριστὸς,
3409 3192 3814 3261 εὐλογηθέντες.
3848 3189 4001 3259 Ὅρα

743 3301 1129 3357 Animadverte
1152 3310 1332 3353 autem
1355 3299 1630 3368 quomodo
1658 3300 1822 3353 etiam
1865 3308 1977 3351 tum
2010 3297 2203 3351 Filium
2230 3295 2313 3350 di-

743 3400 832 3446 cat
890 3392 1244 3445 mediatorem
1291 3389 1386 3445 Dei
1445 3399 1500 3446 et
1559 3392 1841 3444 hominum
1899 3389 2069 3445 luisse
2134 3405 2149 3442 :
2220 3404 2315 3457 per

747 3487 921 3552 ipsum
971 3484 1119 3537 enim
1181 3491 1439 3552 tanquam
1507 3480 1743 3537 Verbum
1796 3482 2003 3549 juravit
2064 3480 2207 3535 Deus
2262 3489 2315 3534 ct

746 3577 928 3628 l’alffl'.

820 3664 984 3718 Vens.
1019 3663 1106 3716 18.
1145 3661 1212 3715 Ut
1243 3679 1334 3731 per
1385 3663 1517 3715 duas
1552 3678 1631 3714 res
1685 3661 1997 3723 immobiles,
2036 3661 2089 3712 in
2129 3660 2314 3728 quibus

746 3756 1070 3822 impossibile
1122 3755 1331 3808 mentiri
1390 3754 1574 3806 Deunt.
1611 3754 1811 3817 Quales
1856 3763 1909 3806 et
1966 3750 2317 3819 cujusmodi?

746 3844 901 3912 Quod
931 3845 1249 3914 simpliciter
1278 3845 1481 3897 diceret
1528 3858 1592 3896 ac
1628 3844 1984 3911 promitteret.
2024 3850 2135 3894 tum
2171 3842 2312 3911 quod

744 3936 1126 4003 jusjurandum
1147 3935 1497 4007 promissioni
1519 3943 1835 4002 apponeret.
1862 3933 2131 3998 Quoniam
2168 3933 2313 3985 enim

748 4026 890 4094 apud
921 4027 1170 4080 hemiues
1220 4027 1323 4079 hoc
1364 4025 1580 4079 videtur
1621 4040 1744 4079 esse
1776 4023 2317 4093 lirmius,jusjuran-

748 4117 877 4169 dum
918 4118 1195 4179 videlicet,
1243 4124 1530 4185 propterea
1580 4117 1697 4185 ipse
1749 4116 1879 4169 illud
1931 4116 2204 4184 apposuit.
2250 4116 2317 4167 1η

748 4207 1092 4274 quibus,pro,
1117 4221 1180 4258 ex
1213 4205 1413 4274 quibus
1443 4206 1528 4260 his
1549 4206 1761 4259 duabus
1795 4206 1979 4269 rebus,
2006 4207 2315 4260 certissima

751 4296 1162 4351 demonstratur
1192 4297 1502 4364 promissio,
1530 4311 1594 4351 ac
1620 4297 1965 4364 impossibile
1992 4306 2077 4351 est
2096 4299 2314 4352 mentiri

752 4387 941 4441 Deum.
978 4386 1449 4450 Quemadmodum
1501 4388 1666 4456 igitur
1694 4387 1898 4456 juravit
1928 4398 2152 4457 propter
2190 4401 2315 4451 nos,

671 4502 675 4506 λ
752 4478 857 4532 etsi
904 4478 1185 4548 indignum
1246 4488 1364 4532 erat
1402 4480 1521 4547 ipso
1544 4479 1753 4544 iurare,
1798 4480 1869 4533 ita
1910 4480 2075 4545 istud,
2130 4479 2315 4532 didicit

2419 3301 2535 3361 πῶς
2564 3300 2659 3352 καὶ
2696 3299 2816 3349 τότε
2858 3295 3006 3363 λέγει
3040 3291 3129 3344 τὸν
3162 3289 3290 3342 Υίδν
3340 3286 3567 3357 μεσίτην
3606 3282 3741 3336 Θεοῦ
3775 3283 3869 3332 καὶ
3898 3282 3999 3333 ἀν-

2416 3392 2650 3461 θρωπων
2681 3387 2983 3456 γεγονέναι.
3014 3383 3091 3437 Δι’
3123 3379 3290 3435 αὐτοῦ
3323 3379 3431 3449 γὰρ
3459 3378 3533 3439 ὡς
3565 3376 3737 3443 Λόγου
3771 3373 4000 3443 ὤμνυεν

2412 3486 2441 3536 ὁ
2472 3482 2605 3544 Θεὸς
2637 3481 2730 3533 καὶ
2762 3478 2972 3547 Πατήρ.

2490 3661 2622 3713 ἰνα
2669 3658 2768 3710 διὰ
2819 3658 2928 3710 δύο
2981 3651 3339 3722 πραγμάτων
3370 3646 3763 3718 ἀμεταθέτων,
3791 3646 3862 3698 ἐν
3899 3638 3999 3709 οἶς

2414 3751 2717 3804 ἀδύνατον
2760 3749 3103 3814 ψεύσασθαι
3150 3743 3315 3797 Θεόν.
3353 3742 3511 3793 Ποὶου
3542 3741 3635 3791 καὶ
3669 3739 3820 3791 ποίου
3843 3754 3856 3799 ;
3881 3737 3996 3789 Τοῦ

2416 3859 2474 3893 τε
2501 3840 2683 3901 ἁπλῶς
2707 3841 2879 3891 εἰπεῖν
2906 3840 2998 3891 καὶ
3018 3835 3370 3904 ὑποσχέσθαι,
3396 3836 3488 3886 καί¹
3517 3830 3605 3883 τοῦ
3635 3831 3797 3899 ὅρκον
3827 3844 3998 3897 προσ·

2418 3932 2589 3983 θεῖναι
2649 3933 2716 3997 τῇ
2758 3929 3068 3997 ὑποσχέσει.
3101 3926 3321 3993 Ἐπειδὴ
3358 3924 3468 3991 γὰρ
3500 3920 3652 3991 παρά
3681 3918 3999 3988 ἀνθρώποις

2416 4022 2572 4075 τοῦτο
2602 4022 2752 4074 δοκεῖ
2787 4020 3127 4087 πιστότερον,
3152 4017 3213 4069 τὸ
3242 4015 3336 4068 τοῦ
3371 4016 3558 4082 ὅρκου,
3581 4012 3669 4065 διὰ
3708 4011 3865 4063 τοῦτο
3894 4011 3999 4063 καὶ

2417 4115 2578 4174 αὐτὸς
2618 4111 2775 4163 τοῦτο
2807 4110 3169 4179 προσέθηκεν.
3228 4108 3331 4159 Ἐν
3360 4100 3471 4169 οἷς,
3505 4105 3625 4158 ἀντὶ
3658 4103 3773 4164 τοῦ,
3808 4102 3868 4165 ἐξ
3893 4096 3995 4164 ὦν,

2416 4203 2621 4255 τούτων
2650 4200 2760 4251 τῶν
2794 4198 2907 4263 δύο,
2942 4195 3240 4263 πιστοτάτη
3269 4194 3541 4245 δείκνυται
3580 4194 3611 4260 ἠ
3662 4191 3995 4257 ἐπαγγελία,

2418 4293 2513 4345 καὶ
2539 4292 2801 4343 ἀδύνατον
2829 4286 3129 4356 ψεύσασθαι
3151 4286 3242 4337 τὸν
3266 4282 3634 4350 Θεόν.Ὠσπερ
3655 4278 3747 4333 οὖν
3766 4280 3995 4348 ὥμνυσε

2416 4383 2483 4436 δι’
2521 4384 2691 4453 ἡμᾶς,
2723 4382 2902 4434 καίτοι
2926 4378 3147 4443 ἀνάξιον
3170 4375 3333 4430 αὐτοῦ
3360 4374 3420 4426 τὸ
3446 4373 3694 4444 ὀμνύναι,
3723 4370 3865 4424 οὕτω
3896 4373 3998 4423 καὶ

2416 4472 2498 4535 τὸ,
2534 4472 2753 4539 ἔμαθεν
2782 4470 2852 4533 ἐξ
2880 4462 2966 4521 ὧν
2990 4469 3193 4529 ἔπαθε,
3228 4466 3357 4521 νόει,
3387 4464 3496 4517 Kal
3546 4466 3653 4533 γὰρ
3689 4464 3737 4514 οἱ
3775 4460 3995 4531 ἄνθρω-

752 4584 818 4623 ιτ
848 4570 1036 4637 quibus
1063 4586 1251 4638 passus
1288 4581 1385 4636 est,
1416 4571 1676 4641 intellige.
1712 4569 1922 4625 Etenim
1978 4572 2228 4626 homines
2259 4571 2312 4625 id

2419 4580 2511 4615 ποι
2550 4561 2709 4614 τοῦτο
2761 4561 3071 4629 νομίζουσιν
3120 4555 3586 4625 ἀξιοπιστότερον,
3637 4553 3700 4606 τὸ
3741 4553 3834 4607 διὰ
3889 4554 3992 4622 τῆς

752 4660 1072 4714 existimant
1104 4676 1224 4715 esse
1263 4660 1580 4716 credibilius
1612 4670 1665 4716 et
1708 4662 1935 4727 certius,
1961 4661 2106 4731 quod
2146 4677 2314 4731 expe-

756 4751 950 4804 rientia
980 4753 1387 4822 comprobatum
1422 4761 1524 4806 est.

826 4839 1193 4895 Fortissimum
1226 4842 1474 4895 solatium
1507 4842 1813 4906 habeamus,
1861 4841 1950 4909 qui
1983 4842 2312 4910 confugimus

755 4934 822 4985 ad
875 4933 1147 4987 tenendam
1194 4935 1514 5001 propositam
1561 4950 1719 5000 spem.
1748 4934 1862 4987 lloc
1923 4942 2027 4992 est.
2061 4948 2311 5001 magnam

755 5025 1180 5079 admonitionem
1209 5035 1261 5078 et
1283 5026 1745 5078 adhortationem.
1800 5022 1916 5076 Non
1966 5025 2108 5077 enim
2144 5024 2316 5091 magis

756 5126 972 5185 propter
1008 5117 1400 5182 Abrahamum,
1431 5132 1592 5184 quam
1620 5125 1839 5184 propter
1862 5130 1960 5168 nos
1990 5115 2091 5168 hoc
2111 5114 2314 5167 dictum

755 5217 857 5265 est,
895 5206 985 5270 qui
1019 5207 1362 5273 confugimus
1394 5205 1463 5258 ad
1500 5220 1644 5268 eum,
1688 5206 1789 5259 hoc
1818 5213 1921 5269 est,
1955 5204 2313 5273 speravimus.

756 5294 1025 5355 Quorsum
1067 5302 1244 5345 autem
1293 5293 1555 5347 habemus
1596 5293 2071 5348 adhortationem?
2102 5293 2166 5345 ad
2210 5294 2315 5346 hoc

758 5392 817 5434 ut
846 5393 1128 5437 teneamus
1162 5385 1493 5453 propositam
1522 5401 1696 5454 spem,
1720 5386 1819 5437 hoc
1858 5392 1961 5448 est,
2010 5396 2068 5437 ut
2107 5385 2173 5438 ab
2210 5384 2315 5438 illis

755 5485 878 5537 quae
904 5482 1031 5523 sunt
1064 5464 1377 5525 Abraliamo
1402 5473 1545 5532 data,
1582 5470 1649 5526 de
1681 5473 1749 5527 iis
1779 5473 1943 5526 etiam
1975 5488 2095 5541 qua:
2123 5474 2187 5526 ad
2214 5488 2315 5527 nos

760 5565 1027 5631 pertinent
1054 5564 1311 5619 certiores
1331 5564 1643 5628 reddantur,
1678 5579 1852 5634 neque
1881 5567 2173 5635 quidquam
2205 5581 2314 5619 am-

2424 4652 2515 4705 πεί
2522 4669 2616 4721 ρας
2642 4652 2836 4703 ἐλθεῖν.

2506 4834 2791 4903 Ἰσχυρὰν
2806 4832 3191 4900 παράκλησιν
3208 4832 3455 4899 ἕλωμεν,
3473 4832 3527 4883 ol
3544 4829 3986 4897 καταφυγόντες

2421 4927 2713 4995 κρατῆσαι
2741 4924 3136 4993 προκειμένης
3182 4923 3449 4988 ἐλπίδος.
3479 4923 3757 4985 Τουτέστι,
3790 4923 3992 4987 παραί-

2422 5041 2568 5076 νεσιν
2616 5022 2855 5091 μεγάλην
2906 5024 2998 5073 καὶ
3047 5022 3385 5092 προτροπὴν.
3415 5022 3490 5072 Οὐ
3522 5021 3717 5091 μᾶλλον
3764 5021 3872 5089 γὰρ
3899 5020 3992 5071 διὰ

2423 5114 2515 5167 τὸν
2552 5114 2822 5183 Ἀδραάμ,
2851 5115 2881 5181 ἢ
2911 5114 2978 5166 δι’
3006 5114 3152 5182 ἡμᾶς
3205 5112 3363 5165 τοῦτο
3398 5115 3631 5184 εἴρηται,
3663 5113 3785 5174 τοὺς
3818 5128 3982 5163 κατα-

2426 5207 2695 5274 φυγόντας
2745 5204 2837 5256 ἐπ⁹
2865 5204 3111 5269 absim“,
3145 5206 3440 5269 τουτέστιν,
3491 5204 3805 5271 ἠλπικότας.
3872 5201 3987 5253 Ποῦ

2424 5298 2478 5349 δὲ
2516 5296 2711 5365 ἔχομεν
2765 5297 2862 5364 τὴν
2918 5298 3264 5365 προτροπήν;
3312 5297 3404 5358 El;
3440 5298 3499 5349 τὸ
3548 5294 3817 5365 κρατῆσαι
3885 5297 3987 5360 τῆς

2419 5388 2787 5458 προκειμένης
2836 5387 3085 5448 ἐλπίδος·
3139 5388 3436 5451 τουτέστιν,
3492 5390 3578 5441 ἵνα
3614 5388 3710 5441 ἀπ’
3760 5387 3989 5439 ἐκείνων

2425 5479 2531 5530 τῶν
2562 5477 2639 5546 τῷ
2685 5476 2934 5545 Ἀϐραὰμ
2957 5476 3237 5542 δοθέντων,
3264 5480 3358 5531 καὶ
3386 5480 3513 5547 περὶ
3549 5477 3656 5531 τῶν
3688 5477 3809 5531 καθ’
3834 5481 3983 5547 ἡμᾶς

2423 5568 2946 5638 πληῳφορηθῶμεν,
3015 5569 3110 5622 καὶ
3168 5571 3243 5638 μὴ
3297 5570 3632 5640 διστάζωμεν
3695 5571 3823 5641 περὶ
3874 5572 3987 5625 τῶν

2091 5749 2287 5808 Variae
2316 5746 2641 5809 lectiones.

836 5850 882 5881 ⁹³
906 5850 1191 5920 ὀλιγωρίας
1230 5868 1283 5904 ο.
1360 5852 1405 5883 ’⁸
1434 5852 1785 5919 γογγύζοντες
1809 5865 1860 5904 ο.
1941 5853 1984 5882 ’⁵
2016 5852 2363 5920 ἐμεσίτευσεν
2384 5867 2438 5907 ο.
2514 5854 2559 5884 ’⁵
2599 5852 2767 5922 αὐτὴν
2794 5869 2843 5904 o.
