4154 6440
125 477 208 543 269
839 470 1246 535 EXPOSITIO
1286 469 1367 530 IN
1409 468 1646 528 EPIST.
1691 469 1790 527 AD
1819 466 2206 527 HEBREOS.
2245 464 2485 523 -C;\P.
2525 463 2660 526 VII.

3252 465 3360 530 270

128 589 290 655 ἑτέραν
314 585 634 653 ὁμοιότητα.
660 583 871 656 Ὥσπερ
900 585 1008 656 γὰρ
1032 586 1060 637 6
1081 582 1421 653 Μελχισεδὲκ
1454 582 1684 652 ἀπάτωρ

1792 582 1967 635 Aliam
1982 580 2067 634 hic
2086 577 2502 633 similitudinem
2520 574 2706 633 habbs.
2735 576 3203 645 Quemadmodum
3222 583 3366 638 enim

126 678 221 728 ἐστὶ
241 676 330 727 καὶ
352 675 615 743 ἀμήτωρ,
642 673 742 743 ούχ
760 675 842 726 ὅτι
870 674 971 727 οὐκ
999 667 1113 742 εἶχε
1148 670 1413 741 πατέραή
1449 669 1683 740 μητέρα,

126 762 217 833 εἶχε
248 764 355 832 γὰρ
380 764 477 817 καὶ
510 764 695 828 αὐτὸς,
725 764 799 827 ὡς
830 759 911 827 εἷς
942 763 1051 817 τῶν
1094 763 1423 833 ἀνθρώπων,
1449 760 1563 814 ἀλλ’
1603 762 1685 812 ὅτι

122 858 205 909 οὒκ
234 856 631 926 ὲτενεαλογήθη
675 856 822 926 παρὰ
848 859 913 926 τῇ
972 857 1186 925 Γραφῇ,
1209 854 1329 907 οὐδὲ
1363 856 1684 923 ἐμφαίνεται

124 950 269 1015 ὄνομα
292 947 403 999 τῶν
443 947 640 1013 γονέων
667 945 829 999 αὑτοῦ
864 963 878 980 ο
908 946 1050 998 οὓτω
1095 948 1189 998 καὶ
1221 946 1249 997 6
1279 945 1510 1015 Χριστὸς
1543 944 1685 997 ἀπά-

124 1057 219 1107 τωρ
244 1041 355 1090 ἐστὶ
381 1037 529 1091 κατὰ
558 1039 657 1105 τὴν
710 1038 862 1091 κάτω
890 1036 1147 1106 γέννησιν
1169 1050 1181 1063 ⁸
1239 1038 1303 1088 ὲκ
1354 1036 1520 1106 μόνης
1577 1034 1686 1102 γὰρ

124 1130 202 1195 τῆς
228 1127 504 1197 Παρθένου
556 1127 777 1198 Μαρίας
832 1126 1097 1197 ἐγεννήθη
1134 1127 1195 1178 τὺ
1254 1126 1397 1179 κατὰ
1458 1126 1681 1195 σάρκα·

122 1222 325 1289 ἀμήτωρ
358 1220 418 1273 δὲ
451 1219 592 1275 κατὰ
631 1218 731 1279 τὴν
777 1219 888 1273 ἄνω
916 1218 1172 1289 γέννησιν
1204 1234 1217 1247 ”
1263 1220 1326 1271 ἐκ
1371 1218 1534 1287 μόνον
1577 1216 1685 1286 γὰρ

124 1310 201 1361 τοῦ
228 1310 438 1379 Πατρὸς
494 1308 601 1379 πρὸ
658 1310 878 1363 πάντων
907 1310 1017 1362 τῶν
1053 1309 1269 1362 αἰώνων
1306 1310 1561 1380 ἀρρήτως
1592 1308 1686 1359 καὶ

122 1404 469 1472 ἁνεπινοήτως
500 1409 849 1473 γεγέννηται.
894 1403 1057 1456 Ἀλλὰ
1107 1402 1203 1455 καλ⁵
1229 1401 1679 1469 ἀγενεαλόγητος.

127 1496 223 1559 Τὴν
248 1496 351 1564 γὰρ
378 1502 596 1564 γενεὰν
624 1495 812 1550 αὑτοῦ
846 1495 937 1561 tle;
959 1494 1313 1564 διηγήσεται
1330 1510 1349 1559 ;
1400 1493 1551 1545 Ἐπεὶ
1591 1491 1686 1544 καὶ

119 1586 259 1640 έᾶνω
287 1590 563 1658 γεννήσας
612 1590 825 1659 Πατὴρ,
859 1588 1287 1659 ἀνερμήνευτος,
1324 1587 1417 1639 καὶ
1474 1585 1632 1648 αὐτὸς
1658 1586 1687 1638 6

122 1681 295 1748 τρόπος
326 1680 432 1749 τῆς
461 1682 792 1750 γεννήσεως.
849 1680 962 1734 Καὶ
1009 1681 1042 1749 ή
1083 1680 1234 1734 κάτω
1285 1679 1341 1731 δὲ
1374 1680 1686 1748 γεννήσασα

123 1774 303 1840 μήτηρ,
328 1772 478 1843 λόγῳ
504 1774 602 1843 οὐχ
636 1773 958 1836 ὑποπίπτει,
991 1773 1134 1825 κατά
1158 1789 1220 1841 γε
1244 1771 1335 1824 τὸν
1358 1772 1558 1842 τρόπον
1586 1771 1686 1838 τῆς

120 1866 426 1933 γεννήσεως,
462 1859 596 1928 οἷον,
626 1865 744 1927 πῶς
794 1864 1051 1933 ἐγέννησε
1082 1863 1373 1933 παρθένος,
1417 1862 1532 1925 πῶς
1558 1864 1683 1916 ἄνευ

1788 670 2150 727 Melchisedec
2179 670 2297 726 sine
2319 677 2471 739 patre
2509 680 2593 724 est
2625 678 2676 724 et
2708 669 2825 727 sine
2854 676 3046 737 tnatre,
3075 686 3181 726 non
3223 675 3364 741 quntl

1789 778 1897 817 non
1930 763 2182 817 habuerit
2228 771 2434 831 patrem
2486 772 2579 816 aut
2628 748 2879 825 matrem,
2933 763 3164 819 habebat
3218 766 3362 818 enim

1790 852 1925 920 ipse,
1962 851 2035 905 uti
2066 852 2375 905 mortalium
2409 868 2576 917 unus,
2606 851 2700 905 sed
2739 852 2865 921 quia
2896 856 3209 923 genealtigia
3243 856 3365 924 ejus

1788 956 1894 995 non
1923 950 2104 997 exstat
2148 942 2202 994 itt
2238 941 2538 1011 Scriptura,
2575 959 2749 1013 neque
2809 954 3091 1014 parentum
3125 947 3245 1015 ejus
3283 964 3372 1000 nn-

1788 1048 1911 1088 men
1944 1042 2169 1104 apparet
2204 1048 2218 1086 :
2251 1034 2393 1088 hunc
2418 1034 2482 1089 ad
2504 1038 2721 1090 modum
2751 1036 3039 1091 :Christus
3083 1037 3200 1092 sine
3219 1050 3372 1107 patre.

1787 1130 1870 1179 est
1901 1124 2203 1178 secundum
2266 1122 2580 1178 inferiorem
2632 1128 3081 1194 generationem:
3126 1144 3187 1180 ex
3256 1131 3371 1183 sola

1789 1231 2025 1287 namque
2064 1215 2284 1288 Virgine
2338 1217 2503 1272 Maria
2566 1219 2781 1287 genitus
2834 1230 2939 1283 est,
2993 1230 3268 1290 quatenus
3305 1224 3373 1277 ad

1788 1322 2009 1362 carnem
2040 1310 2273 1362 attinet:
2313 1309 2431 1363 sine
2473 1318 2647 1365 matre
2698 1321 2880 1364 autem
2933 1324 3013 1365 est
3067 1314 3369 1369 secundmn

1790 1416 2079 1470 supernam
2133 1400 2513 1455 nativitatem:
2562 1418 2626 1456 ex
2663 1402 2781 1458 solo
2830 1404 2975 1457 enim
3033 1403 3191 1459 Patre
3246 1419 3373 1461 ante

1788 1493 1971 1545 omnia
2010 1492 2207 1546 saecula
2251 1491 2602 1546 ineﬂ‘abiliter
2651 1502 2706 1547 et
2739 1493 3373 1563 incomprehensibiliter

1787 1593 2078 1652 generatus
2111 1592 2213 1637 est.
2237 1581 2501 1637 Praeterea
2523 1584 2835 1654 genealogia
2857 1588 3019 1639 etiam
3041 1595 3212 1641 vacat.
3236 1588 3370 1641 Nam

1788 1678 2170 1743 generationem
2219 1675 2332 1744 ejus
2377 1677 2493 1744 quis
2536 1677 2853 1731 euarrabit?
2914 1677 3369 1750 Quandoquidem

1787 1775 1839 1820 et
1871 1768 1961 1837 qui
1993 1783 2230 1838 superne
2278 1769 2332 1821 itt
2357 1770 2513 1822 caelis
2537 1771 2722 1837 genuit
2747 1785 2870 1823 eum
2896 1769 3074 1836 Pater,
3111 1774 3177 1826 sit
3205 1775 3368 1828 etiam

1791 1862 2218 1929 inexplieabilis,
2250 1868 2414 1929 atque
2446 1860 2579 1915 adeo
2612 1862 2723 1925 ipse
2751 1862 2944 1917 modus
2976 1866 3368 1933 gent-rationis.

119 1956 322 2019 ὠδίνων,
354 1957 455 2009 καὶ
506 1955 575 2009 τὰ
603 1955 849 2009 τοιαῦτα.
909 1954 965 2008 Ὀ
1001 1957 1102 2025 μὲν
1137 1954 1231 2008 οὖν
1272 1956 1509 2024 Χριστὸς
1554 1956 1685 2023 ἁλη-

1792 1952 1959 2005 Porro
1998 1960 2052 2005 et
2079 1968 2201 2023 qua:
2236 1951 2445 2005 inferne
2496 1951 2550 2005 in
2588 1952 2752 2005 terris
2791 1968 2915 2006 eum
2948 1957 3158 2024 peperit
3197 1966 3372 2012 mater

122 2048 211 2110 ἱῶς
234 2049 324 2100 καὶ
352 2049 591 2119 ἀμήτωρ
616 2050 708 2100 καὶ
740 2050 969 2116 ἀπάτωρ
986 2047 1155 2099 ἐστίν.
1173 2046 1232 2099 '0
1257 2046 1313 2099 δὲ
1349 2046 1683 2116 Μελχισεδὲκ

120 2138 323 2208 ἀπάτωρ
359 2142 461 2191 καὶ
492 2142 748 2211 ἀμήτωρ,
785 2138 885 2191 οὐκ
933 2137 1183 2208 ἀληθῶς’
1236 2139 1551 2191 ἁνὲνδεκτον
1577 2138 1684 2207 γὰρ

120 2230 284 2281 τοῦτο·
313 2230 455 2283 ἀλλὰ
483 2231 561 2299 τῷ
585 2232 659 2300 μὴ
691 2229 1029 2300 ὲμφέρεσθαι
1058 2232 1122 2299 τῇ
1151 2229 1341 2299 Γραφῇ
1360 2232 1485 2291 τοὺς
1517 2229 1680 2282 αὐτοῦ

120 2324 290 2384 γονεῖς,
326 2321 474 2374 ὥστε
508 2323 589 2384 τὸ,
630 2322 1126 2390 ἀγενεαλόγητος.
1193 2320 1385 2391 ὥσπερ
1435 2322 1683 2390 ἑφερρηο

121 2414 340 2465 πυτικόν
369 2415 495 2466 ἐστι
526 2412 644 2478 τοῦ,
681 2412 933 2480 ἀπάτωρ
962 2414 1061 2466 καὶ
1106 2411 1350 2481 ἀμήτωρ
1370 2426 1383 2440 ·
1402 2412 1566 2463 οἱονεὶ
1597 2412 1684 2463 λέ-

122 2520 282 2569 γοντος
299 2504 395 2557 τοῦ
444 2504 774 2558 ’Δποστὸλου
794 2520 808 2532 '
838 2503 1026 2568 Οὕτως
1054 2500 1207 2557 εἷπον
1231 2504 1322 2557 τὸν
1349 2501 1683 2570 Μελχισεδὲκ

120 2597 342 2665 ἀπάτορα
366 2598 468 2649 καὶ
506 2598 778 2665 ἀμήτορι,
801 2595 1344 2666 ὡεὰγενεαλόγητον.
1372 2594 1464 2647 καὶ
1499 2591 1574 2654 ὡς
1606 2591 1680 2661 μὴ

122 2686 573 2755 μνημονευθείσης
600 2687 698 2752 τῆς
726 2686 921 2752 γενεᾶς
982 2684 1146 2737 αὐτοῦ
1180 2684 1331 2752 παρὰ
1364 2686 1427 2754 τῇ
1462 2684 1677 2753 Γραφῇ.

1792 2043 1893 2097 sub
1926 2044 2192 2098 rationem
2226 2059 2332 2099 non
2357 2043 2503 2097 cadit
2540 2044 2841 2098 secundum
2877 2046 3098 2099 modum
3137 2063 3369 2117 genera-

1789 2138 1978 2203 tionis,
2022 2137 2284 2191 nimirum
2326 2137 2603 2206 qnomodo
2642 2138 2794 2205 virgo
2832 2138 3057 2207 peperit,
3094 2142 3372 2209 quomodo

1791 2227 1909 2280 sine
1955 2226 2255 2290 doloribus,
2297 2242 2361 2280 ac
2417 2227 2636 2280 similia.
2674 2227 2928 2282 Christus
2974 2230 3140 2299 igitur
3179 2247 3369 2286 revera

1792 2317 1910 2369 sine
1950 2328 2102 2383 patre
2141 2330 2204 2369 ac
2244 2317 2361 2369 sine
2394 2325 2567 2369 matre
2596 2327 2712 2371 est:
2749 2317 3108 2373 Melchisedec
3152 2338 3280 2376 vero
3316 2334 3371 2377 et

1790 2407 1907 2461 sine
1950 2415 2101 2475 patre
2144 2406 2344 2461 etsine
2402 2419 2575 2461 matre
2604 2447 2618 2471 ,
2664 2423 2771 2460 non
2817 2423 3003 2462 revera
3040 2410 3178 2475 tlieri
3220 2414 3366 2465 enim

1788 2498 1889 2551 hoc
1914 2515 2019 2551 non
2044 2498 2268 2568 potest),
2295 2499 2390 2551 sed
2418 2510 2683 2564 quatenus
2715 2510 2967 2567 parentes
2990 2500 3110 2570 ejus
3140 2503 3189 2555 itt
3220 2502 3370 2557 Scri-

1787 2602 1941 2657 ptura
1979 2605 2083 2643 non
2121 2591 2525 2658 exprimuntur.
2582 2590 2763 2655 Quare
2800 2592 2946 2661 quod
2993 2594 3103 2646 ait:
3136 2594 3250 2647 sine
3278 2612 3371 2665 ge-

1784 2681 2050 2751 nealogia,
2084 2683 2247 2735 veluti
2273 2683 2661 2749 interpretatur
2692 2685 2823 2752 quid
2856 2686 2947 2749 sit,
3002 2687 3112 2739 sine
3138 2697 3287 2754 patre
3309 2705 3372 2741 ac

120 2781 211 2830 sine
238 2788 426 2843 matre,
462 2778 688 2849 perinde
726 2778 881 2845 quasi
912 2778 1207 2846 Apostolus
1242 2777 1483 2833 diceret:
1510 2776 1660 2829 Hanc
1688 2776 1752 2831 ad
1775 2778 2040 2830 rationem
2066 2776 2177 2829 dixi
2208 2774 2568 2831 Melchisedec
2618 2785 2773 2844 patre
2829 2792 2892 2833 ac
2946 2788 3121 2835 matre
3176 2798 3372 2837 vacare

121 2872 241 2937 quod
277 2872 599 2943 genealogis
644 2873 764 2941 ejus
793 2872 845 2923 in
876 2869 1162 2940 Scriptura
1191 2886 1297 2925 non
1335 2873 1696 2940 exprimatur,
1726 2886 1827 2925 nec
1859 2870 2063 2923 mentio
2094 2870 2312 2939 generis
2337 2872 2460 2936 ejus
2502 2870 2554 2923 in
2589 2870 2874 2940 Scriptura
2909 2871 3020 2925 liat.

173 2963 325 3025 Μὴτε
354 2962 561 3029 ἀρχὴν
594 2961 852 3029 ἡμερῶν,
909 2962 1061 3031 μήτε
1086 2961 1238 3030 ζωῆς
1284 2962 1459 3043 τέλος
1486 2963 1643 3030 ἔχων
1666 2980 1677 2994 υ

119 3053 556 3121 ἀφωμοιωμένος
581 3052 650 3105 δὲ
686 3051 768 3117 τῷ
806 3051 915 3118 Υἱῷ
933 3053 1041 3107 τοῦ
1073 3054 1245 3115 Θεοῦ,
1282 3054 1451 3123 μένει
1494 3054 1687 3121 ἱερεὺς

118 3146 190 3209 εὶς
222 3145 284 3198 τὸ
307 3144 616 3211 διηνεκές.
673 3145 783 3198 Καὶ
824 3145 983 3199 τοῦτο
1033 3144 1177 3198 οὕτω
1236 3147 1450 3216 νοήσεις
1483 3145 1558 3207 ὡς
1594 3147 1689 3199 καὶ

119 3233 175 3283 τὰ
224 3234 633 3304 προειρημένα.
678 3234 769 3296 Ὠς
822 3234 920 3303 μὲν
969 3234 1079 3305 γὰρ
1135 3234 1443 3304 ἄνθρωπος,
1486 3231 1631 3304 εἶχεν
1662 3235 1690 3287 ὁ

120 3326 435 3395 Μελχισεδὲκ
501 3327 720 3387 πάντως
780 3329 874 3377 καὶ
913 3326 1092 3396 ἀρχὴν
1124 3326 1371 3397 ήμερῶν,
1408 3329 1501 3379 καὶ
1540 3327 1691 3390 τέλος

119 3417 242 3485 ζωῆς
273 3435 287 3448 ·
318 3418 471 3487 πλὴν
499 3417 634 3469 καθὸ
679 3420 840 3487 ήμείς
897 3418 995 3469 οὐκ
1031 3416 1189 3487 ἴσμεν
1225 3417 1349 3470 οὒτε
1371 3418 1503 3470 πότε
1539 3420 1693 3485 ὲγενο

123 3507 255 3576 νήθη,
293 3506 427 3560 οὔτε
463 3509 597 3559 πότε
628 3509 1003 3578 ἐτελεύτησεν,
1031 3507 1107 3571 ὠς
1135 3508 1271 3579 πρὸς
1302 3508 1401 3581 τήν
1419 3510 1693 3581 ἡμετέραν

123 3599 321 3663 γνῶτιν,
347 3598 484 3653 οὔτε
510 3599 681 3671 ἀρχὴν
705 3600 841 3670 ἔχει,
867 3602 992 3655 οὔτε
1030 3602 1205 3665 τέλος.
1254 3602 1314 3654 ’0
1351 3602 1534 3671 μέντοι
1561 3603 1693 3672 Χρι-

125 3692 226 3752 στὸς
254 3693 507 3759 ἀληθῶς,
578 3693 675 3745 ἆτε
737 3694 892 3758 Θεὸς,
920 3692 1046 3747 οὔτε
1072 3695 1248 3763 ἄρχην
1283 3692 1509 3762 ἡμερῶν
1541 3693 1653 3762 ἔχει
1674 3707 1687 3721 ⁶

123 3781 331 3850 ἄναρχος
358 3784 477 3851 γὰρ
506 3783 646 3835 κατὰ
678 3785 775 3852 τὴν
809 3785 915 3836 ἀπὸ
956 3786 1149 3855 χρόνου
1181 3786 1377 3855 ἀρχὴν,
1404 3787 1451 3837 εἰ
1482 3788 1574 3838 καὶ
1601 3788 1693 3839 τὸν

123 3873 314 3943 Πατέρα
344 3873 465 3942 ἔχει
498 3874 673 3941 ἀρχὴν
704 3874 777 3935 ὡς
805 3874 975 3926 αἴτιον
1006 3892 1018 3903 ·
1048 3874 1173 3927 οὒτε
1225 3877 1380 3938 τέλος
1412 3893 1426 3907 ο
1470 3877 1694 3929 ἀτελεύ-

118 3980 258 4031 τητος
284 3968 398 4036 γάρ
423 3983 436 3995 ·
474 3966 537 4017 τὸ
568 3966 624 4017 δὲ
657 3964 879 4034 σύμπαν
903 3968 1099 4027 εἰπεῖν,
1136 3967 1327 4029 ἀΐδιος.
1376 3967 1481 4020 Ποῦ
1513 3970 1693 4021 τοίνυν

120 4058 160 4105 el
192 4058 504 4125 ’Δρειανεί;
552 4057 927 4111 Ἀκουέτωσαν
988 4061 1072 4113 ὅτι
1120 4062 1149 4111 6
1180 4060 1306 4122 Υἱὸς
1334 4062 1355 4091 ¹
1386 4061 1561 4130 ἀρχὴν
1590 4063 1691 4113 οὐκ

122 4146 239 4215 ἔχει.
271 4149 474 4211 Οὕτως
508 4144 604 4201 οὖν
628 4148 847 4201 δίδωσιν
872 4152 1005 4219 ήμῖν
1032 4152 1061 4203 6
1087 4150 1297 4215 Παῦλος
1330 4151 1478 4203 λύειν
1511 4152 1530 4181 ³
1552 4167 1564 4180 °
1596 4154 1693 4204 καὶ

120 4238 235 4309 Ξπερ
262 4242 328 4294 ἂν
367 4241 683 4311 ἀπορήσειέ
742 4257 847 4305 τις,
893 4241 1010 4305 πῶς
1064 4242 1345 4311 ὁΧριστὸς
1395 4242 1568 4313 ἱερεὺς
1612 4245 1691 4305 εἰς

122 4330 196 4381 τὸν
234 4332 414 4386 αἰῶνα
469 4333 618 4386 κατὰ
648 4332 749 4404 τὴν
800 4332 951 4396 τάξιν
1004 4333 1361 4401 Μελχισεδὲκ,
1408 4336 1539 4387 ὅπου
1567 4352 1628 4401 γε
1663 4335 1690 4385 6

120 4421 441 4491 Μελχισεδὲκ
506 4422 829 4493 ἐτεθνήκει,
889 4423 984 4475 καὶ
1034 4423 1134 4475 οὐκ
1202 4425 1421 4490 ἐγένετο
1473 4426 1550 4487 εἰς
1602 4431 1691 4477 τὸν

121 4514 272 4566 αἰῶνα
313 4515 531 4584 ἱερεύς.
568 4514 821 4582 Λύσομεν
848 4514 957 4583 γὰρ
1008 4513 1278 4577 ἐντεῦθεν,
1325 4517 1481 4568 τοῦτο
1504 4517 1691 4583 λέγον-

124 4619 220 4669 τες,
256 4607 339 4658 ὅτι
367 4607 399 4657 ὁ
431 4606 542 4675 μὲν
573 4605 806 4673 Χριστὸς
836 4604 1053 4667 αἰώνιος
1084 4603 1159 4656 ὢν
1190 4608 1282 4658 καὶ
1309 4606 1688 4676 ἀτελεύτητος,

1864 2961 2046 3031 Neque
2081 2964 2293 3014 initium
2329 2962 2559 3025 dierum,
2601 2979 2760 3032 neque
2798 2965 2921 3017 vita:
2949 2964 3107 3031 ﬁnem
3136 2966 3372 3031 habens;

1790 3054 2126 3108 assimilatas
2147 3064 2320 3107 autem
2350 3052 2489 3108 Filio
2526 3054 2637 3119 Dei,
2673 3065 2848 3108 manet
2880 3057 3125 3111 sacerdos
3167 3061 3220 3112 in
3251 3076 3374 3127 per-

1788 3160 2018 3215 petuum.
2053 3146 2165 3202 Hoc
2218 3150 2382 3201 etiam
2433 3148 2660 3217 perinde
2706 3148 3000 3218 intelliges,
3039 3159 3097 3204 ut
3147 3167 3375 3220 praeme-

1794 3247 2022 3291 tnorata.
2042 3239 2324 3303 Quatenus
2345 3241 2488 3294 enim
2519 3240 2683 3293 homo
2705 3250 2844 3303 erat,
2878 3241 3113 3297 habebat
3142 3258 3372 3315 prorsus

1796 3328 2159 3383 Melcltisedec
2207 3344 2330 3383 cum
2391 3332 2718 3402 principium
2772 3334 3008 3399 dierum,
3057 3344 3171 3390 tum
3211 3337 3371 3391 finem

1801 3420 1957 3472 vitae:
2001 3434 2184 3474 rerum
2222 3432 2495 3490 quatenus
2524 3440 2623 3477 nos
2657 3426 2935 3480 nescimus
2967 3428 3185 3495 quando
3213 3421 3374 3481 natus

1796 3512 1867 3565 sit
1894 3523 1986 3564 aut
2012 3521 2287 3575 mortuus.
2328 3516 2472 3583 quod
2499 3516 2696 3569 attinet
2735 3515 2802 3569 ad
2832 3527 3077 3573 nostram
3100 3520 3375 3588 cognitio-

1794 3619 1941 3666 nem,
1973 3619 2151 3673 neque
2178 3608 2510 3675 principium
2575 3623 2748 3677 neque
2783 3612 2944 3663 tinent
2979 3610 3167 3665 habet.
3205 3613 3372 3665 Citri-

1794 3705 1913 3751 stus
1943 3704 2128 3750 tamen
2154 3713 2360 3763 revera,
2402 3709 2459 3752 ut
2495 3700 2661 3767 Deus,
2696 3716 2873 3771 neque
2906 3702 3124 3757 initium
3160 3704 3375 3760 dierum

1798 3786 1993 3839 habet:
2030 3787 2306 3856 principio
2336 3788 2481 3843 enim
2505 3799 2675 3854 caret,
2701 3792 2856 3860 juxta
2876 3794 3202 3863 principium
3228 3798 3374 3866 quod

1793 3891 1823 3929 a
1856 3886 2100 3946 tempore
2140 3880 2361 3945 dicitur,
2395 3882 2606 3935 etiamsi
2658 3880 2872 3936 Patrem
2927 3885 3125 3938 habeat
3165 3887 3375 3954 princi-

1794 3968 1941 4036 pium
1991 3977 2250 4038 tanquam
2289 3984 2512 4026 cattsam
2552 3989 2565 4025 :
2606 3988 2780 4042 neque
2817 3973 3013 4028 ﬁnem:
3048 3976 3377 4032 immortalis

1792 4060 1936 4114 enim
1966 4070 2069 4125 est,
2104 4071 2263 4131 atque
2303 4072 2362 4115 ut
2401 4065 2716 4116 summatim
2755 4064 2956 4130 dicam,
2982 4069 3372 4136 sempiternus.

1797 4148 1895 4203 Ubi
1926 4161 2053 4206 sunt
2082 4151 2248 4219 igitur
2278 4153 2505 4207 Ariani?
2534 4154 2774 4210 Audiant
2812 4155 3008 4211 Filium
3043 4161 3372 4229 principium

1794 4257 1904 4295 non
1936 4243 2158 4299 habere.
2187 4243 2339 4298 lianc
2360 4246 2426 4298 ad
2454 4247 2722 4301 rationem
2751 4248 2954 4305 Paulus
2983 4264 3083 4305 nos
3113 4253 3371 4318 instituit,

1792 4334 2066 4403 quomodo
2103 4335 2249 4390 istud
2285 4338 2357 4392 sit
2386 4337 2706 4392 diluendum
2744 4357 2756 4391 :
2800 4350 2963 4410 atque
2997 4343 3162 4397 etiam
3194 4345 3373 4399 sicubi

1794 4427 1993 4497 aliquis
2033 4429 2413 4497 dubitaverit,
2468 4434 2741 4502 quomodo
2792 4434 3046 4491 Christus
3115 4440 3372 4495 sacerdos

1796 4519 1866 4573 sit
1908 4522 1961 4573 in
2007 4531 2271 4576 aeternum
2336 4526 2636 4579 secundum
2695 4525 2944 4581 ordinem
2988 4528 3371 4593 Melchisedee.

1794 4611 2238 4681 quandoquidem
2268 4613 2628 4670 Melchisedec
2658 4628 2903 4671 mortuus
2932 4628 3035 4684 est,
3070 4637 3169 4675 nec
3193 4622 3371 4676 factus

122 4696 190 4746 es!
239 4698 390 4749 ἐστιν
457 4696 643 4764 ἱερεὺς
685 4697 751 4763 τῇ
800 4694 1051 4764 ἀληθείᾳ.
1117 4696 1226 4748 Καὶ
1287 4696 1382 4750 νῦν
1443 4698 1540 4765 μὲν
1582 4699 1688 4768 γὰρ

1797 4711 1881 4757 est
1906 4706 2162 4759 sacerdos
2187 4707 2241 4759 in
2268 4709 2682 4777 sempiternum.
2708 4710 2871 4780 693
2909 4712 3185 4769 Diluemus
3210 4717 3375 4785 igitur

120 4788 358 4841 ἑκάστοτε
404 4787 610 4841 ἑαυτὸν
643 4788 783 4852 ὑπὲρ
805 4788 962 4856 ήμῶν
1002 4789 1339 4858 προσφέρειν
1378 4790 1692 4842 πιστεύεται

120 4878 191 4930 611
213 4880 320 4933 τῶν
357 4878 705 4946 λειτουργῶν
738 4876 925 4940 αὑτοῦ,
956 4878 1130 4941 ἄλλως
1170 4896 1230 4931 τε
1271 4881 1363 4932 καὶ
1391 4882 1465 4942 ὡς
1502 4884 1692 4950 ἐντυγ-

121 4968 279 5035 χὶνων
306 4970 389 5038 τῷ
424 4967 611 5037 Πατρὶ
645 4968 786 5037 ὑπὲρ
810 4971 841 5036 ή
853 4968 970 5037 μῶν
997 4985 1011 4999 ο
1040 4972 1133 5021 καὶ
1152 4970 1275 5022 τότε
1308 4970 1361 5022 δὲ
1405 4973 1475 5025 τὰ
1500 4972 1695 5025 τελεώ-

122 5075 237 5128 τερα
281 5060 647 5131 ἱερουργήσει
708 5060 838 5128 ήμίν
882 5059 976 5112 καὶ
1034 5062 1434 5133 μυστικώτερα,
1501 5064 1692 5116 ἑαυτὸν

122 5152 233 5220 ἡμῖν
258 5155 359 5220 ,είς
393 5150 612 5222 βρῶσιν
644 5151 736 5202 καὶ
785 5152 942 5205 πόσιν
1002 5152 1280 5223 προτιθεὶς
1336 5156 1537 5218 καινῶς
1599 5156 1693 5209 καὶ

122 5244 242 5312 ὑπὲρ
266 5246 458 5297 πᾶσαν
490 5240 699 5309 νόησιν.
734 5240 793 5293 ’0
842 5240 900 5293 δὲ
951 5242 1287 5312 Μελχισεδὲκ
1335 5246 1693 5317 ἀτελεύτητον

120 5337 313 5405 λέγεται
336 5337 495 5407 ἔχειν
517 5336 617 5404 τὴν
650 5332 968 5403 ἱερωσύνην,
994 5337 1089 5406 οὐχ
1108 5338 1188 5402 ὅτ,
1228 5338 1292 5408 ζῇ
1321 5340 1405 5391 ἀεί
1422 5353 1437 5369 ο
1471 5340 1694 5409 ἐτεθνή.

121 5432 362 5500 κειγάρο
407 5426 560 5482 ἀλλὰ
610 5431 748 5482 καθὸ
801 5433 903 5485 οὐκ
966 5432 1267 5500 ἐμφέρεται
1306 5434 1371 5503 τῇ
1421 5433 1607 5507 Γραφῇ
1635 5438 1695 5489 τὸ

119 5524 250 5587 τέλος
276 5524 477 5588 αὑτοῦ,
512 5524 581 5575 ἶν’
620 5522 870 5575 ἐντεῦθεν
891 5523 1111 5593 ἔχοιμεν
1144 5523 1456 5591 γινώσκειν,
1485 5528 1613 5579 πότε
1655 5528 1687 5594 ή

128 5615 367 5684 ιερωσύνη
404 5611 584 5665 αὑτοῦ
605 5612 900 5667 ἐπαύσατο.
943 5614 1156 5684 Ὠσπερ
1206 5609 1299 5666 οὖν
1350 5614 1444 5666 καὶ
1484 5618 1541 5667 ἐν
1578 5622 1690 5679 τοῖς

1802 4797 1948 4861 hinc,
1978 4798 2246 4863 dicentes,
2283 4800 2587 4864 Christum,
2640 4816 2764 4855 cum
2813 4812 3051 4859 aeternus
3083 4806 3155 4859 sit
3185 4816 3237 4859 et
3271 4810 3375 4862 itit-

1798 4891 2068 4954 mortalis,
2112 4907 2301 4946 revera
2344 4908 2560 4963 semper
2590 4908 2712 4949 esse
2749 4898 3118 4951 sacerdotem.
3153 4899 3283 4953 Nam
3318 4910 3373 4955 et

1799 4995 1944 5035 nunc
1985 4982 2206 5051 quidem
2242 4999 2459 5054 semper
2478 4991 2533 5038 et
2564 4986 2767 5054 ubique
2806 4987 3049 5057 seipsum
3084 5005 3183 5058 pro
3214 4993 3373 5046 nobis

1794 5069 1991 5126 oﬂ‘erre
2021 5074 2266 5129 creditur
2308 5091 2407 5145 per
2441 5077 2723 5131 ministros
2747 5093 2899 5140 suos.
2921 5081 3221 5148 praesertim
3244 5098 3371 5137 cum

1798 5166 1939 5236 apud
1974 5166 2188 5224 Patrem
2241 5185 2341 5240 pro
2388 5171 2547 5225 nobis
2580 5174 2903 5228 intercedit:
2932 5183 3047 5229 tum
3082 5192 3210 5231 vero
3246 5194 3373 5249 pcr—

1800 5256 2032 5312 iectinra
2070 5268 2127 5313 et
2149 5261 2323 5330 magis
2341 5261 2569 5331 mystica
2610 5277 2764 5317 sacra
2794 5279 2895 5334 pro
2925 5266 3083 5319 nobis
3108 5268 3368 5335 perficiet,

1801 5346 2049 5415 seipsutn
2071 5349 2231 5403 nobis
2272 5351 2325 5403 in
2360 5351 2543 5404 cibum
2579 5359 2633 5406 et
2651 5360 2838 5421 potum
2874 5366 3205 5421 proponens,
3233 5372 3374 5410 novo

1803 5439 2039 5503 quodam
2060 5441 2220 5496 modo
2254 5456 2472 5495 omnem
2503 5444 2706 5512 ingenii
2736 5452 2956 5513 captum
2981 5456 3367 5513 exsuperante.

1799 5529 2159 5587 Melchisedec
2204 5546 2383 5589 autem
2432 5545 2697 5590 mternum
2755 5537 2957 5589 habere
3005 5538 3369 5593 sacerdotium

1798 5620 2027 5688 dicitur,
2048 5639 2155 5680 non
2186 5627 2331 5696 quod
2360 5627 2505 5681 vivat
2530 5642 2764 5697 semper,
2799 5634 3046 5683 mortuus
3077 5628 3223 5684 enim
3254 5638 3339 5684 est

1483 5796 1680 5857 Varia:
1709 5798 2034 5860 lectiones.

183 5891 200 5920 '
226 5892 464 5961 Χριστός
504 5906 562 5945 o.
640 5892 660 5922 ³
690 5891 870 5959 λέγειν
909 5908 961 5946 ο.
