4154 6440
721 397 832 460 991

721 609 1009 669 propterea
1048 598 1188 653 Deus
1224 598 1357 653 illusi
1392 600 1717 654 inonStravit
1756 598 1961 659 omnia,
1995 612 2101 649 non
2134 599 2307 650 solum

723 690 1176 744 constitutionem
1239 688 1597 752 tabernaculi,
1645 704 1832 742 verum
1869 689 2032 741 etiam
2073 703 2193 756 qua:
2242 685 2309 739 ad

724 781 996 835 sacriﬁcia
1028 791 1080 834 et
1109 782 1276 833 alium
1311 782 1518 834 cultum
1549 781 1909 849 pertinerent.

793 870 958 926 Vens.
992 871 1045 925 6.
1100 870 1253 924 Nunc
1302 884 1478 924 autem
1538 870 1879 923 excellentius
1925 877 2195 922 assecutus
2234 875 2311 921 est

724 962 1099 1013 ministerium.
1159 961 1235 1013 Ab
1262 961 1349 1013 illa
1384 961 1655 1015 sententia
1681 960 1792 1013 haec
1849 957 2185 1026 dependent,
2223 956 2310 1008 ui-

725 1052 922 1102 mirum
960 1068 971 1103 :
1011 1050 1069 1104 Si
1100 1051 1237 1103 enim
1280 1066 1434 1116 super
1470 1060 1665 1103 terram
1699 1059 1854 1114 esset,
1896 1066 2003 1102 non
2045 1058 2180 1101 esset
2217 1064 2301 1100 sa-

724 1142 922 1195 rerdos.
954 1142 1071 1196 .lam
1108 1159 1235 1197 vero
1265 1159 1387 1197 cum
1440 1158 1603 1211 super
1652 1151 1852 1195 terram
1896 1157 2002 1196 non
2062 1142 2156 1203 sit,
2214 1138 2308 1192 sed

722 1236 921 1288 caelum
961 1234 1158 1289 habeat
1218 1234 1529 1289 sacerdotio
1562 1250 1664 1288 suo
1721 1234 1930 1297 locum,
1970 1232 2309 1286 excellentius

721 1339 994 1379 assecutus
1041 1337 1118 1379 est
1173 1328 1527 1380 ministerium
1585 1343 1603 1381 :
1669 1329 1769 1381 hoc
1822 1338 1926 1391 est,
1970 1342 2076 1381 non
2122 1334 2208 1378 est
2260 1325 2307 1379 ei

723 1421 1092 1473 ministerium
1157 1424 1283 1482 tale,
1319 1422 1480 1489 quale
1515 1429 1601 1474 est
1630 1421 1947 1489 pontiﬁcum
2002 1435 2167 1488 super
2201 1427 2311 1471 ter-

723 1525 839 1563 ram
861 1552 876 1575 ,
912 1514 1002 1564 sed
1031 1511 1278 1576 cmlestn,
1310 1522 1567 1581 tauquam
1613 1512 1789 1565 locum
1844 1510 2051 1565 habens
2104 1510 2308 1580 proprii

722 1604 1016 1657 sacerdotii
1043 1604 1264 1658 etrlum.

799 1694 1010 1760 Quanto
1038 1705 1085 1749 et
1118 1696 1346 1747 melioris
1382 1693 1706 1749 Testamenti
1736 1703 1812 1747 est
1847 1692 2129 1747 mediator.
2170 1693 2307 1747 Cum

722 1787 1014 1841 extulissd
1044 1786 1247 1839 Christi
1280 1786 1674 1850 sacerdotium,
1702 1801 1731 1838 a
1759 1787 1901 1849 loco,
1942 1800 1970 1838 a
1997 1786 2306 1847 sacerdote,

722 1888 775 1934 et
810 1880 1057 1940 victima,
1098 1879 1297 1933 deinde
1354 1878 1688 1932 Testameuti
1721 1878 2099 1930 excellentiam
2128 1879 2305 1945 ponit.

722 1971 888 2038 Atqui
922 1971 1061 2023 dixit
1094 1971 1314 2037 quidem
1359 1972 1513 2039 prius
1544 1968 1812 2021 imbecille
1837 1983 1956 2022 esse
2009 1979 2065 2021 et
2122 1969 2312 2021 inutile

724 2058 894 2114 Vetus
929 2058 1370 2123 Testamentum,
1411 2070 1629 2129 propter
1657 2059 1944 2112 infantiam
1980 2067 2032 2111 et
2058 2059 2311 2111 imbecil—

726 2150 934 2204 litatem
971 2151 1312 2213 auditorum,
1348 2152 1441 2204 scd
1478 2151 1662 2204 subito
1723 2149 2119 2204 reconciliatus
2173 2162 2310 2205 erat.

722 2240 882 2294 Nunc
928 2250 1103 2295 autem
1151 2243 1252 2295 hac
1276 2242 1343 2295 de
1396 2256 1454 2295 re
1489 2240 1813 2297 disserendo
1852 2242 2062 2298 diutius
2122 2244 2315 2295 immo-

730 2345 904 2400 ratur,
936 2344 1451 2405 commoustratque
1488 2337 1697 2390 Novum
1732 2336 2143 2391 Testamentum
2194 2353 2315 2391 esse

727 2429 1079 2498 pra-stantius
1117 2426 1295 2483 Veteri
1331 2448 1343 2482 :
1380 2430 1484 2483 hoc
1518 2440 1602 2485 est
1628 2429 1977 2500 Evangelium
2008 2472 2022 2497 ,
2072 2430 2235 2499 cujus
2259 2439 2314 2484 et

733 2520 999 2572 mediator
1025 2534 1088 2573 ac
1122 2519 1281 2574 dator
1314 2531 1396 2575 est
1440 2521 1719 2576 Christus.
1749 2523 1864 2590 ipse
1936 2539 2171 2591 namque
2218 2537 2316 2576 no-

740 2612 825 2664 bis
901 2610 1180 2682 Evangelii
1240 2614 1488 2668 minister
1544 2613 1719 2668 fartus
1784 2624 1891 2678 est,
1955 2616 2096 2668 servi
2140 2614 2314 2667 fortuna

726 2713 973 2774 accepta,
1022 2707 1484 2775 quemadmodum
1541 2706 1673 2775 legis
1700 2708 1966 2761 mediator
2001 2716 2121 2761 erat
2153 2706 2304 2777 Moy-

735 2810 848 2850 ses.

801 2884 955 2951 Quod
987 2886 1039 2938 in
1073 2886 1378 2939 melioribus
1411 2887 1904 2955 rcpromisaiouibus
1940 2890 2201 2942 sancitum
2216 2903 2313 2943 est.

730 2974 890 3039 Quod
925 2976 1273 3044 potissimum
1303 2991 1397 3029 eos
1453 2978 1545 3045 qui
1592 2991 1653 3029 et
1701 2974 1909 3032 Judaeis
1969 2979 2319 3033 crediderant

729 3064 1100 3128 refocillabat,
1144 3066 1246 3119 hoc
1310 3066 1486 3135 ponit,
1539 3080 1734 3134 nempe
1786 3071 1931 3135 quod
1977 3068 2313 3123 Testamenti

1650 395 1751 453 ΤΠ
1765 390 2233 452 ΕΟΡΠΥῘΛΟὙῘ
2270 388 2365 447 BU
2379 389 2520 448 [ΟΛ
2534 392 2575 449 R
2590 393 2605 450 1
2621 390 2682 452 ,Ε
2726 396 2767 452 Α
2779 394 2872 455 RC
2883 396 3083 457 HlEP.

724 506 1438 576 comprehcndituns,qnam
1477 522 1597 576 quae
1628 522 1722 576 per
1747 506 1996 559 auditum
2025 504 2311 565 discimus,

2420 504 2502 556 λον
2538 508 3053 581 καταλαμβάνομεν,
3101 512 3133 584 ἢ
3186 512 3222 567 ἃ
3282 513 3350 567 δι’
3389 515 3560 584 ἀκοῆς

3882 402 3999 466 292

3614 515 3853 575 μανθάνο
3862 537 3929 588 με
3940 539 3971 571 ν
3982 560 3996 582 ,

2410 595 2500 647 διὰ
2526 598 2683 650 τοῦτο
2714 598 2846 662 Θεὸς
2874 602 2952 671 τῷ
2985 603 3177 656 Μωσεῖ
3206 603 3453 667 ὑπέδειξε
3494 605 3694 668 πάντα,
3724 607 3785 658 οὺ
3827 608 4004 676 μόνον

2411 688 2513 756 τὴν
2556 692 2901 760 κατασκευὴν
2950 694 3048 763 τῆς
3107 699 3348 765 σκηνῆς,
3401 696 3540 750 ἀλλά
3601 699 3696 750 καὶ
3746 698 3814 751 τὰ
3861 696 4003 769 περὶ

2414 778 2616 832 θυσιῶν
2640 782 2733 833 καὶ
2762 783 2861 852 τῆς
2886 782 3054 854 ἄλλης
3086 784 3361 856 λατρείας.

2483 875 2632 927 Νυνὶ
2688 875 2758 928 δὲ
2812 875 3247 947 διαφορωτέρας
3321 879 3532 948 τέτυχε
3594 884 4003 952 λειτουργίας.

2426 966 2667 1021 Ἐκείνου
2699 971 2793 1022 τοῦ
2822 972 3094 1041 νοήματος
3128 973 3363 1043 ἤρτηται
3389 974 3585 1041 ταῦτα,
3617 976 3712 1029 τοῦ
3737 990 3751 1003 ·
3778 978 3851 1029 Et
3878 979 4007 1047 μὲν

2411 1057 2522 1126 γὰρ
2553 1057 2633 1126 ἦν
2659 1059 2756 1113 ἐπὶ
2813 1060 2947 1130 γῆς,
2991 1064 3103 1116 οὐκ
3146 1060 3224 1117 ἂν
3265 1058 3345 1134 ἦν
3400 1066 3614 1133 ιερεύς.
3646 1067 3785 1121 Νυνὶ
3820 1069 3880 1121 δὲ
3910 1070 3992 1140 μὴ

2412 1148 2509 1211 ὢν,
2559 1154 2744 1220 φησὶν,
2799 1152 2891 1204 ἐπὶ
2932 1153 3059 1221 γῆς,
3112 1154 3249 1208 ἀλλὰ
3281 1155 3372 1208 τὸν
3406 1158 3635 1226 οὐρανόν
3666 1158 3806 1227 ἔχων
3844 1161 4005 1231 ἱερα-

2416 1245 2581 1307 τεῖον,
2621 1242 3059 1312 διαφορωτέρας
3088 1246 3346 1314 ἐπέτυχε
3389 1250 3766 1317 λειτουργίας
3790 1266 3802 1279 ·
3832 1268 4001 1304 τουτ-

2413 1332 2559 1385 έστιν
2584 1374 2598 1398 ,
2642 1335 2741 1387 οὐκ
2783 1335 2928 1388 ἐστιν
2978 1337 3145 1390 αὑτοῦ
3181 1340 3215 1408 ή
3266 1338 3578 1410 λειτουργία
3613 1347 3856 1413 τοιαύτη,
3908 1344 4005 1398 οῖσ.

2413 1427 2447 1492 η
2478 1425 2587 1477 τῶν
2622 1427 2714 1478 ἐπὶ
2736 1428 2839 1496 γῆς
2860 1429 3187 1500 ἀρχιερέων,
3219 1430 3338 1483 ἀλλ’
3384 1433 3658 1500 οὐράνιος,
3686 1436 3782 1488 an
3825 1436 4001 1489 τόπον

2419 1518 2618 1588 ἔχουσα
2640 1518 2743 1585 τῆς
2767 1523 2984 1597 οἰκείας*
3001 1522 3224 1593 τελετῆς
3245 1524 3339 1575 τὸν
3368 1523 3621 1593 οὐρανόν.

2497 1695 2653 1761 Ὄσῳ
2696 1696 2793 1750 καὶ
2828 1699 3169 1765 κρείττονός
3220 1700 3352 1753 ἐστι
3382 1703 3683 1769 Διαθήκης
3714 1706 4001 1773 μεσίτης.

2414 1787 2659 1857 Ἑτιάρας
2710 1792 2807 1859 τὴν
2880 1792 3021 1844 κατά
3075 1793 3313 1861 Χριστὸν
3363 1795 3706 1864 ἱερωσύνην,
3752 1800 3862 1851 ἀπὸ
3905 1802 4003 1853 τοῦ

2413 1881 2599 1940 τόπον,
2623 1882 2714 1933 καὶ
2735 1881 2829 1933 τοῦ
2858 1883 3069 1951 ἱερέως,
3096 1884 3193 1935 καὶ
3222 1885 3320 1954 τῆς
3351 1884 3563 1950 θυσίας,
3590 1887 3742 1940 οὕτω
3767 1891 3862 1940 καὶ
3894 1892 4004 1958 τῆς

2420 1972 2701 2041 Διαθήκης
2739 1973 2798 2025 τὸ
2857 1975 3020 2042 μέσον
3052 1975 3256 2044 τίθησι.
3311 1977 3420 2029 Καί
3475 1996 3556 2031 τοι
3599 1976 3720 2032 εἶπε
3775 1982 3875 2050 μὲν
3906 1984 4009 2035 καὶ

2419 2064 2700 2133 πρότερον,
2742 2067 2821 2118 ὅτι
2872 2066 3106 2137 ἀσθενὴς
3148 2064 3215 2138 ἦν
3250 2070 3282 2137 ἡ
3314 2070 3526 2124 Παλαιά
3563 2073 3656 2124 καὶ
3692 2074 4007 2141 ἀνωρεὶὴς,

2415 2157 2501 2208 διὰ
2549 2158 2611 2210 τὸ
2664 2159 2936 2227 νηπιῶὃες
3001 2160 3111 2211 τῶν
3170 2163 3483 2214 ἀκουόντων
3515 2179 3528 2192 ·
3588 2163 3727 2216 ἀλλά
3783 2165 4007 2234 ταχέως

2418 2249 2733 2318 ἀπηλλάγη.
2797 2251 2911 2301 Νῦν
2970 2251 3026 2303 δὲ
3081 2252 3409 2323 ἐνδιατρίϐει
3475 2254 3553 2325 τῷ
3602 2257 3733 2325 περὶ
3787 2257 4007 2325 ταύτης

2417 2338 2582 2406 λόγῳ,
2649 2340 2743 2390 καὶ
2795 2340 3086 2403 δείκνυσιν,
3135 2343 3217 2394 ὃτι
3261 2345 3293 2411 ἡ
3332 2343 3444 2396 Νέα
3480 2346 3725 2416 Διαοήκη
3778 2348 4008 2414 ἐκείνης

2417 2431 2682 2500 κρείττων
2712 2446 2724 2459 ⁸
2768 2433 3037 2495 τουτέστι,
3069 2434 3130 2484 τὸ
3155 2434 3510 2507 Εὐαγγέλιον,
3549 2430 3610 2488 οὗ
3644 2438 3870 2507 μεσίτης
3904 2441 4007 2494 καὶ

2416 2522 2575 2591 δότης
2622 2523 2769 2575 ἐστὶν
2810 2523 2837 2573 ὁ
2875 2524 3110 2593 Χριστός
3136 2542 3150 2556 ’
3205 2506 3370 2587 αὑτδς
3422 2527 3530 2596 γάρ
3581 2531 3711 2598 ἡμῖν
3749 2530 4009 2595 διάκοντς

2417 2612 2514 2665 τοῦ
2586 2614 2921 2682 Εὑαγγελίου
2978 2617 3193 2684 γέγονε,
3264 2617 3454 2671 δούλου
3516 2621 3732 2691 μορφὴν
3791 2621 4006 2689 λαϐὼν,

2418 2704 2607 2774 ὥσπερ
2647 2706 2734 2758 τοῦ
2767 2706 2932 2775 νόμον
2980 2708 3211 2778 μεσίτης
3239 2712 3266 2762 6
3301 2711 3565 2781 Μωῦσῆς.

2492 2882 2653 2945 "hinc
2682 2883 2781 2935 ἐπὶ
2815 2884 3154 2951 κρείττοσιν
3183 2886 3566 2955 ἐπαγγελίαις
3606 2892 4005 2960 νενομοθέτη-

2420 2989 2532 3026 ται.
2564 2974 2629 3023 Ὃ
2660 2974 2894 3042 μάλιστα
2935 2976 3064 3037 τοὺς
3094 2974 3153 3039 ἐξ
3184 2977 3456 3030 Ἰουδαίων
3488 2980 3715 3043 πιστοὺς
3734 2981 4006 3052 ἀνέψυχε,

2421 3061 2581 3115 τοῦτο
2612 3063 2849 3131 τίθησιν,
2876 3062 2957 3115 ὃτι
2987 3062 3081 3115 ἐπὶ
3114 3065 3424 3131 κρείττοσιν
3456 3065 3809 3133 ἐπαγγελίαις
3841 3069 4004 3120 ἐστὶν

729 3160 905 3212 nostri
942 3159 1337 3227 promissioues
1379 3158 1638 3211 meliores
1687 3168 1838 3211 sunt.
1877 3158 1994 3211 Non
2026 3161 2168 3213 enim
2195 3170 2305 3214 ter-

2422 3155 2724 3225 ἠήμετέρα
2769 3156 3035 3225 Διαθήκη.
3083 3155 3159 3208 Οὐ
3209 3154 3319 3226 γὰρ
3346 3157 3446 3224 γῆς
3482 3157 3686 3223 ἀγαθὰ,
3721 3158 3815 3210 καὶ
3845 3160 4008 3211 εὐτε-

730 3263 807 3303 ra;
850 3252 989 3302 bona
1030 3249 1313 3317 prolisque
1350 3246 1592 3301 felicitas
1661 3256 1713 3301 et
1775 3248 2071 3301 liberorum
2142 3252 2315 3303 abun-

728 3338 942 3404 dantia,
995 3342 1086 3392 sed
1127 3340 1393 3393 etelorum
1424 3354 1651 3408 regnum
1712 3339 2061 3409 Evangeliqu
2095 3355 2319 3395 servan-

729 3429 881 3483 tibus
937 3427 1274 3498 promissum
1349 3436 1453 3482 est.
1513 3426 1590 3481 Ne
1656 3429 1824 3495 igitur
1890 3431 2012 3483 sitis
2077 3432 2317 3499 pusilla-

730 3522 911 3576 nimes
972 3539 988 3577 ε
1046 3521 1468 3574 excellentiorcs
1550 3526 1684 3573 sunt
1735 3519 2015 3589 Evangelii
2081 3523 2316 3591 promis-

728 3614 961 3679 siones;
995 3613 1223 3666 stultum
1267 3622 1351 3667 est
1409 3618 1594 3665 autem
1629 3612 1845 3681 potiora
1907 3613 2173 3668 habentes
2223 3614 2317 3668 dc-

732 3704 981 3773 fatigari.

806 3796 974 3851 Vsus.
1012 3798 1062 3851 7.
1102 3796 1163 3852 Si
1194 3800 1333 3851 enim
1363 3800 1595 3867 primunt
1630 3800 1764 3852 illud
1830 3808 1944 3853 erat
1996 3798 2320 3867 irreprehen-

734 3889 908 3948 sibilo,
964 3906 1068 3941 non
1103 3892 1278 3959 utique
1303 3890 1518 3943 secundi
1573 3892 1717 3943 locus
1761 3892 2131 3960 inquirerelur.
2176 3889 2320 3943 Con-

737 3980 919 4033 sidera
950 3978 1222 4034 ordinem.
1250 3978 1399 4033 Dixit
1425 3978 1631 4033 Christi
1670 3978 2085 4032 Testamentum
2123 3979 2319 4032 melius

738 4084 863 4124 esse
927 4068 1129 4123 Veteri.
1216 4067 1367 4122 Unde
1429 4071 1530 4123 hoc
1594 4070 1813 4136 planum
1879 4068 1974 4121 ﬁt?
2026 4068 2318 4133 Quoniam,

738 4161 942 4228 inquit,
991 4162 1045 4214 iu
1086 4160 1411 4214 melioribus
1435 4161 1894 4227 pratuissiouibus
1916 4162 2189 4215 sancitum
2213 4167 2319 4214 est.

738 4250 875 4306 Nam
905 4252 950 4305 si
986 4253 1230 4320 potiores
1254 4261 1383 4305 sunt
1411 4252 1807 4321 promissiones
1829 4261 1884 4305 et
1909 4250 2318 4315 retributiones,

738 4343 1089 4412 perspicuum
1142 4349 1228 4396 est
1268 4343 1412 4411 quod
1454 4343 1650 4397 melius
1679 4342 1753 4397 sit
1800 4344 1965 4398 etiam
1998 4341 2322 4397 Testamen-

740 4441 882 4496 tum,
937 4446 1000 4487 ac
1036 4442 1308 4501 praecepta
1349 4432 1646 4487 diviniora.
1707 4430 1864 4489 Unde
1922 4445 2101 4489 autem
2151 4435 2321 4501 liquet

739 4525 887 4591 quod
924 4526 1336 4590 praestantiores
1383 4526 1493 4579 sint
1529 4524 2125 4595 promissionesiouia
2180 4528 2315 4582 illud

740 4612 962 4678 quidem
1013 4615 1278 4683 reiectum
1338 4626 1445 4681 est,
1483 4617 1689 4685 inquit,
1751 4620 1854 4672 hoc
1881 4635 2009 4673 vero
2059 4634 2319 4689 surroga-

742 4711 881 4755 tum.
940 4700 1234 4773 Propterea
1298 4706 1442 4760 enim
1487 4706 1699 4763 Novum
1746 4707 2156 4763 Testamentqu
2206 4712 2318 4780 pri-

743 4803 949 4846 matum
981 4794 1215 4861 obtinet,
1253 4798 1380 4865 quia
1404 4797 1601 4852 melius
1629 4808 1683 4852 et
1729 4800 2040 4868 perfectius.
2104 4800 2314 4855 Etenim

742 4885 788 4938 si
846 4885 979 4939 illud
1006 4886 1168 4956 705
1226 4897 1371 4942 esset
1412 4890 1915 4959 irreprehensibile,
1989 4895 2091 4947 hoc
2125 4898 2235 4958 est,
2269 4894 2315 4949 si

745 4976 1257 5045 irreprehenstbiles
1292 4979 1518 5045 faceret,
1563 4996 1904 5053 nequaquam
1953 4984 2181 5038 alterum
2228 4987 2315 5038 in-

744 5069 1149 5123 troduceretur.
1170 5068 1640 5134 Quemadmodum
1671 5081 1856 5127 autem
1884 5078 2102 5146 proprie
2131 5078 2316 5132 dicere

744 5161 1032 5215 solemus:
1066 5159 1184 5214 Non
1246 5172 1331 5216 est
1378 5165 1884 5233 irreprebeusibilis
1919 5166 2136 5230 domus,
2194 5185 2315 5238 pro,

745 5249 1025 5305 Deiectum
1060 5252 1243 5316 habet,
1287 5256 1367 5308 rel
1400 5257 1781 5325 putrediuetu:
1818 5260 1897 5312 sic
1933 5269 1986 5312 et
2024 5260 2190 5317 Vetus
2216 5262 2320 5319 Te-

2421 3247 2547 3298 κνία
2584 3246 2678 3299 καὶ
2722 3245 3073 3310 πολυτεκνία,
3108 3245 3244 3299 ἀλλὰ
3270 3246 3515 3316 βασιλεία
3543 3248 3792 3318 οὐρανῶν
3822 3250 4007 3317 ἐπήγ-

2420 3339 2609 3406 γελται
2671 3342 2786 3399 τοῖς
2841 3338 2902 3391 τὸ
2970 3338 3305 3406 Εὑαγγέλιον
3359 3340 3607 3410 τηροῦσι.
3659 3341 3753 3409 Μὴ
3813 3340 4009 3393 τοίνυν

2430 3433 2832 3501 μικροψυχεῖτε
2866 3450 2878 3463 ·
2917 3431 3203 3502 κρείττους
3257 3432 3397 3484 εἰσὶν
3432 3434 3488 3486 at
3538 3432 3629 3485 τοῦ
3666 3433 4012 3500 Εὐαγγελίου

2420 3524 2750 3592 ἐπαγγελίαι
2789 3540 2800 3552 ·
2839 3523 3069 3593 ἀνόητον
3124 3523 3180 3575 δὲ
3222 3522 3282 3575 τὸ
3326 3523 3395 3576 τὰ
3446 3521 3734 3593 κρείττονα
3773 3523 4008 3591 ἔχοντας

2419 3620 2781 3686 ἀποκάμνειν.

2489 3796 2529 3844 E
2539 3797 2555 3846 Ζ
2614 3795 2723 3862 γὰρ
2756 3796 2793 3860 τ’]
2826 3792 3025 3861 πρώτη
3070 3793 3270 3859 ἐκείνη
3302 3788 3379 3862 ἦν
3411 3792 3736 3860 ἄμεμπτος,
3779 3794 3887 3845 οὐκ
3922 3792 4011 3846 ἂν

2422 3883 2704 3952 δευτέρας
2772 3881 3024 3949 ἐζητεῖτο
3088 3884 3294 3947 τόπος.
3384 3884 3525 3951 Ὅρα
3581 3882 3756 3947 τάξιν.
3831 3878 4012 3935 Εἶπεν

2422 3977 2504 4028 ὅτι
2570 3976 2834 4043 κρείττων
2884 3974 3096 4042 ἐστὶ.νὴ
3152 3974 3294 4025 κατά
3344 3972 3580 4043 Χριστὸν
3621 3975 3868 4043 Διαθήκη
3896 3977 4013 4043 τῆς

2424 4067 2688 4129 Παλαιᾶς.
2723 4067 2830 4119 Καὶ
2855 4065 3019 4118 πόθεν
3048 4064 3208 4134 δῆλον
3236 4081 3250 4129 ;
3286 4049 3455 4129 Διότι,
3487 4067 3671 4134 φησὶν,
3700 4068 3791 4117 ἐπὶ
3816 4068 4017 4135 κρείτ-

2424 4174 2575 4210 τοσιν
2616 4156 2976 4224 ἐπαγγελίαις
3013 4154 3457 4223 νενομοθέτηται.
3532 4154 3595 4207 Ei
3657 4157 3765 4224 γάρ
3813 4156 4017 4223 κρείτ-

2425 4267 2550 4311 τους
2599 4249 2655 4303 αἱ
2689 4247 3014 4315 ἐπαγγελίαι
3050 4248 3142 4299 καὶ
3184 4247 3240 4298 αί
3280 4246 3640 4315 ἀντιμισθίαι,
3667 4245 3891 4316 εὔδηλον
3922 4248 4017 4299 ὅτι

2427 4343 2521 4397 καὶ
2577 4344 2609 4411 ἡ
2664 4341 2908 4411 Διαθήκη
2955 4340 3221 4409 κρείττων
3250 4381 3265 4403 ,
3321 4339 3417 4391 καί
3464 4340 3532 4391 τὰ
3576 4339 3932 4407 ἐπιτάγματα
3963 4342 4013 4371 ¹ι

2429 4434 2699 4503 θειότερα.
2762 4432 2933 4484 Πόθεν
2981 4432 3158 4501 δῆλον,
3201 4432 3283 4484 ὅτι
3336 4431 3616 4501 κρείττους
3652 4432 3707 4483 αἱ
3759 4434 4017 4497 ἐπαγγε-

2425 4526 2589 4593 λίαις
2649 4522 2740 4590 Ἐξ
2779 4517 2877 4587 ὧν,
2929 4526 3119 4592 φησὶν,
3164 4522 3344 4592 ἐκείνη
3389 4522 3485 4590 μὲν
3541 4520 3830 4590 ἐξεϐλήθη,
3859 4520 4014 4593 αὕτη

2423 4618 2482 4672 δὲ
2538 4616 2890 4686 ἀντεισήχθη.
2932 4615 3030 4667 Διά
3060 4615 3167 4684 γὰρ
3204 4613 3365 4667 τοῦτο
3399 4614 3432 4684 ή
3468 4614 3584 4666 Νέα
3634 4617 3863 4683 κρατεῖ,
3916 4616 4017 4669 ὅτι

2426 4708 2654 4778 βελτίων
2708 4709 2802 4761 καὶ
2838 4706 3174 4776 τελειοτέρα.
3234 4705 3296 4759 Et
3340 4705 3449 4774 γάρ
3488 4706 3671 4775 ἐκείνη
3713 4701 3782 4776 ἦν
3813 4707 4013 4776 ἄμεμ-

2430 4815 2586 4862 πτος,
2623 4797 2926 4861 τουτέστιν,
2958 4797 3007 4848 εί
3034 4796 3355 4866 ἀμέμπτους
3397 4797 3592 4859 ἐποίει,
3645 4798 3743 4849 οὐκ
3770 4796 3837 4849 ἂν
3880 4797 4017 4849 δευ-

2426 4895 2559 4961 τέρα
2588 4892 2871 4961 εἰσήγητο.
2943 4890 3153 4959 Ὠσπερ
3189 4890 3246 4942 δὲ
3278 4888 3692 4958 ἰδιωτικώτερον
3726 4890 4013 4960 εἰώθαμεν

2426 4984 2628 5050 λέγειν,
2652 4982 2765 5034 Οὐκ
2797 4980 3245 5051 ἔστινίάμεμπτος
3274 4981 3305 5047 ἡ
3340 4978 3509 5039 οἰκία,
3534 4978 3655 5029 ἀντὶ
3680 4978 3793 5041 τοῦ,
3812 4980 4015 5032 Ἐλάτ-

2424 5095 2583 5145 τωμα
2622 5075 2768 5145 ἔχει,
2824 5073 3091 5143 σάθρωμα
3119 5087 3132 5100 ·
3170 5070 3313 5124 οὕτω
3352 5070 3447 5123 καὶ
3486 5072 3586 5138 τὴν
3618 5070 3864 5123 Παλαιὰν
3894 5072 4012 5142 ἔφη

2430 5171 2504 5239 μὴ
2550 5165 2691 5220 εἶναι
2747 5166 3077 5235 ἄμεμπτον,
3150 5162 3249 5231 οὐχ
3309 5161 3383 5223 ὼς
3452 5161 3715 5229 πονηρὰν,
3768 5160 3886 5212 ἀλλ’
3928 5163 4013 5225 ὼε

2433 5262 2509 5331 μὴ
2548 5259 2859 5329 δυναμένην
2895 5255 3207 5326 βελτιῶσαι,
3244 5247 3333 5306 οἷα
3359 5251 3571 5320 νηπίοις
3598 5250 3867 5304 δοθεῖσαν.

746 5357 1079 5403 stamentum
1107 5351 1239 5404 dicit
1260 5367 1369 5404 non
1397 5356 2033 5424 esseirreprehensibile,
2054 5375 2160 5413 non
2188 5362 2331 5430 quod
2366 5378 2596 5433 pravum
2629 5362 2723 5420 sit,
2759 5370 2948 5410 verum
2973 5353 3117 5421 quod
3157 5352 3413 5405 meliores
3456 5351 3683 5404 reddere
3714 5370 3820 5408 non
3873 5366 4017 5419 pos-

745 5438 839 5502 sit,
870 5449 1057 5509 utpote
1083 5441 1326 5509 parvulis
1358 5442 1637 5497 traditum.

822 5529 984 5585 Vens.
1020 5533 1071 5587 8.
1106 5532 1365 5588 lncusans
1400 5536 1535 5589 enim
1569 5553 1653 5590 eos
1697 5540 1842 5593 dicit.
1879 5538 1993 5593 Non
2030 5541 2185 5605 dixit,
2229 5542 2311 5595 in-

2490 5538 2877 5607 Meltydysroq
2902 5533 3009 5603 γὰρ
3050 5531 3253 5596 αὐτοῖς
3285 5532 3465 5599 λέγει.
3521 5531 3634 5583 Οζκ
3681 5526 3826 5597 εἷπε,
3860 5550 4012 5601 uago

2076 5717 2280 5778 Variae
2320 5717 2623 5778 lectiones

821 5810 862 5841 “
890 5811 1276 5885 ἐπαγγέλματα
1305 5831 1358 5871 0.
