4154 6440
769 393 873 457 315
1690 399 2273 462 TlIEOPllYLACTI
2316 405 2732 465 BULGARle
2776 408 3138 466 ARCHIEP-
3929 407 4036 469 316

769 512 904 568 illud
931 511 1349 571 commiserant,
1403 510 1651 577 impuues
1680 510 1789 560 sint
1840 509 2078 565 dimissi.
2122 512 2334 567 Peccati
2367 530 2409 581 Α

2399 532 2531 581 ,τες
2578 516 2917 586 ἀτιμιῦρητοι
2948 516 3272 584 ἀφείθησαν,
3327 514 3630 583 Ἀμαρτίχς
3670 515 3775 583 γὰρ
3825 520 4039 585 παρρη.

768 605 914 657 enim
945 602 1145 655 iiilucia
1169 610 1223 653 et
1256 601 1482 653 libertas
1518 608 1601 653 est
1649 599 1980 667 supplicium
2038 603 2336 659 adducere.

2446 609 2556 669 σία,
2587 608 2647 659 τὸ
2676 608 2947 675 τιμωρίαν
2984 609 3233 673 ἐπάγειν.
3288 607 3560 675 ἰιπὸρησε
3594 607 3649 657 δὲ
3696 609 3791 659 καὶ
3820 610 3847 657 ὀ
3881 608 4032 661 Νῦσ-

768 694 1031 759 Qua-sivit
1064 692 1227 745 etiam
1271 689 1573 761 Gregorius
1606 689 1767 760 717
1802 690 2085 763 Nysseuus
2118 697 2171 746 iu
2207 694 2338 749 Ser-

2445 717 2544 769 σης
2583 700 2638 750 ἔν
2688 716 2746 751 τε
2776 698 2853 768 τῷ
2888 696 3276 767 Κατηχητικῷ,
3308 699 3402 750 καὶ
3451 696 3529 764 τῷ
3563 700 3641 759 εἰς
3672 698 3737 749 τὰ
3769 698 3862 748 τοῦ
3909 698 4039 765 Χρι-

770 799 929 837 umue
959 784 1332 847 Catecheticu,
1365 791 1415 834 el
1474 789 1542 835 de
1572 781 1829 838 Natulitio
1859 785 2101 850 Christi,
2139 788 2206 841 de
2240 789 2342 842 huc

2448 790 2574 843 στοῦ
2612 791 2863 857 γενέθλια
2899 791 3041 857 λόγῳ
3080 790 3205 859 περὶ
3236 787 3401 839 αὑτοῦ
3454 788 3667 850 τούτου,
3704 791 3800 840 Διά
3830 789 3882 839 τί
3943 790 4036 839 ἐπὶ

769 877 913 942 ipso,
946 890 1115 941 quare
1142 878 1194 926 in
1228 876 1699 928 consummatione
1729 878 2051 930 sazculorum
2083 880 2345 932 incarna-

2447 879 2724 947 συντελείᾳ
2762 879 2870 931 τῶν
2917 878 3127 930 αἰώνων
3172 878 3462 947 ὲσαρκώθη
3496 876 3523 927 6
3558 877 3721 940 Υἱός;
3754 878 3864 933 Καὶ
3906 879 4034 928 ἑπι-

767 977 857 1018 tus
884 967 952 1018 sit
982 964 1183 1029 Filius;
1220 967 1358 1017 aciu
1397 964 1541 1018 hunc
1585 968 1801 1019 moriqu
1842 967 2036 1022 diluit:
2069 968 2343 1034 Quemad-

2444 971 2649 1036 λύεται,
2702 971 2805 1032 ὅτι,
2848 970 3037 1038 ὥσπερ
3087 971 3136 1021 oi
3179 970 3389 1035 ἄριστοι
3456 968 3654 1037 ἰατροὶ,
3702 968 3913 1020 ἔνδοθεν
3953 969 4038 1019 ἔτι

776 1059 995 1111 modum
1026 1060 1217 1127 optimi
1255 1061 1471 1120 medici,
1532 1059 1676 1113 intus
1723 1061 1905 1115 adhuc
1943 1063 2077 1116 febri
2138 1080 2343 1134 corpus

2444 1062 2539 1114 τοῦ
2578 1063 2815 1130 πυρετοῦ
2859 1063 2920 1114 τὸ
2962 1062 3124 1129 σῶμα
3173 1060 3603 1129 ὑποσμύχοντος,
3652 1061 3743 1110 καὶ
3790 1060 3877 1110 διὰ
3925 1060 4039 1111 τῶν

771 1149 1142 1215 inﬂammante
1174 1162 1225 1202 ct
1256 1166 1349 1218 per
1391 1164 1588 1203 causas
1622 1151 1793 1205 morbi
1813 1152 2131 1207 'eil'ectrices
2154 1154 2342 1209 incen-

2446 1155 2744 1207 νοσοποιῶν
2785 1154 2973 1207 αἰτίων
3025 1153 3421 1218 ὲξαπτομένου,
3455 1152 3714 1220 οὐδεμίαν
3763 1152 4038 1219 ἐπάγουσι

773 1241 960 1303 dente,
999 1243 1089 1293 nul
1118 1258 1203 1293 um
1245 1241 1506 1294 adhibent
1541 1254 1743 1310 agroto
1772 1261 1836 1296 ex
1878 1244 2020 1299 cibis
2052 1247 2341 1310 auxilium,

2446 1244 2523 1312 τῷ
2552 1244 2871 1296 ἀσθενοῦντι
2915 1246 2979 1295 ὲκ
3002 1243 3109 1295 τῶν
3140 1244 3326 1294 σιτίων
3356 1242 3629 1311 βοήθειαν,
3665 1243 4036 1309 ἀναμένοντες

778 1345 1168 1404 exspectantes
1220 1342 1488 1403 tantisper
1534 1333 1661 1389 dum
1692 1337 1890 1389 malum
1951 1339 2017 1391 ad
2070 1355 2343 1393 summum

2448 1338 2528 1398 είς
2560 1338 2743 1406 ἀκμὴν
2778 1334 3098 1406 προσελθεῖν
3123 1334 3183 1386 τὸ
3206 1333 3397 1394 πάθος·
3430 1333 3575 1385 οὕτω
3604 1333 3702 1385 καὶ
3731 1333 3820 1399 ἐφ’
3847 1332 4036 1401 ήμῶν.

773 1429 1104 1481 increverit:
1141 1429 1221 1480 sic
1252 1434 1305 1479 et
1331 1427 1615 1480 nobiscum
1651 1437 1955 1482 actumest.
1995 1428 2345 1498 Exspectavit

2460 1427 2768 1497 Ἀνέμεινεν
2798 1430 2825 1480 6
2851 1427 2961 1479 τῶν
2982 1426 3168 1495 ψυχῶν
3210 1426 3416 1494 Ἰατρὸς
3443 1423 3541 1492 τὴν
3577 1423 3677 1490 τῆς
3716 1425 3917 1484 κακίας
3950 1423 4041 1474 νό-

777 1519 1082 1571 anitnaruui
1120 1516 1388 1581 Medicus,
1420 1516 1593 1570 donec
1630 1520 1888 1572 universa
1943 1521 2162 1573 malitia:
2185 1522 2347 1590 a'gri-

2450 1535 2542 1571 σον
2578 1519 2758 1571 πᾶσαν
2787 1515 3316 1586 ὲκκαλυφθῆναι,,ὡς
3360 1515 3427 1568 ἀν
3460 1514 3624 1583 μηδὲν
3652 1513 3760 1566 τῶν
3788 1530 4040 1583 κεκρυμ-

776 1611 905 1665 tudo
932 1610 1281 1678 panderetur,
1316 1619 1375 1663 ut
1402 1609 1534 1662 nihil
1566 1609 1676 1677 jam
1706 1609 2013 1664 abditoruni
2039 1611 2343 1665 incuratum

2453 1611 2629 1681 μένων
2661 1609 3033 1680 ἀθεράπευτον
3072 1609 3250 1678 μείνῃ,
3293 1605 3389 1659 τοῦ
3422 1606 3604 1675 ἰατροῦ
3644 1606 3803 1675 μόνον
3831 1605 3894 1656 τὸ
3930 1622 4042 1672 φας

778 1710 1045 1763 maneret,
1111 1700 1324 1753 medico
1382 1702 1728 1755 solummodo
1787 1702 1934 1770 quod
2002 1712 2149 1770 patet
2208 1706 2347 1758 visui

2450 1705 2540 1757 νὲν
2580 1703 2996 1774 θεραπεύοντος.
3054 1702 3398 1770 Πλατύτερον
3439 1699 3495 1751 δὲ
3530 1698 3770 1767 μαθήσῃ,
3803 1696 3838 1749 ἀ
3871 1713 4040 1764 φησιν

778 1801 1023 1845 curante.
1053 1792 1250 1847 Fusius
1280 1800 1460 1847 autem
1489 1794 1671 1847 disces
1700 1810 1819 1862 qua?
1847 1794 1979 1849 dicit
2000 1795 2217 1851 divinus
2246 1797 2345 1860 vir,

2450 1794 2479 1845 6
2509 1794 2649 1856 θεῖος
2676 1794 2833 1863 ἀνὴρ,
2872 1794 2989 1860 εἴγε
3023 1808 3105 1845 σοι
3137 1791 3449 1862 βουλομένῳ
3486 1790 3633 1841 ἔστιν
3668 1789 3916 1857 ἐντυχεῖν
3943 1788 4043 1839 αὺ-

781 1885 825 1938 si
861 1885 957 1937 tibi
1003 1885 1269 1953 placuerit
1301 1885 1446 1952 ipsas
1471 1884 1590 1947 ejus
1619 1885 1927 1938 Conciones
1968 1887 2166 1954 legere.
2379 1885 2421 1943 Β

1539 1900 1590 1938 JS
1619 1885 1927 1938 Conciones
1968 1887 2166 1954 legere.
2379 1885 2426 1943 B
2454 1887 2565 1945 τοῖς
2598 1886 2711 1946 τοῖς
2742 1884 2950 1936 ικείνου
2981 1884 3179 1950 λόγοις.

855 1977 1019 2031 Vens.
1056 1978 1143 2030 27.
1182 1975 1245 2029 Et
1278 1979 1713 2045 quemadmodum
1762 1989 2019 2032 statutum
2054 1992 2127 2033 est
2178 1981 2351 2035 homi-

2524 1982 2630 2033 Kul
2665 1982 2793 2034 καθ’
2823 1980 2977 2033 ὅσον
3003 1980 3313 2033 ἀπόκειται
3343 1974 3469 2042 τοῖς
3495 1973 3831 2042 ἀνθρώποις
3868 1974 4038 2037 ᾶπιιξ

779 2073 933 2123 nibus
964 2070 1120 2123 semel
1155 2071 1309 2131 mori,
1344 2079 1523 2136 postea
1562 2079 1738 2124 autem
1764 2070 2051 2139 judicium.
2113 2072 2347 2127 Causam

2453 2071 2799 2136 ἀποθανεῖν,
2855 2071 3007 2139 μετὰ
3051 2070 3117 2122 δὲ
3172 2068 3348 2122 τοῦτο
3379 2069 3599 2135 κρίσις.
3650 2066 3764 2119 Νῦν
3807 2067 3907 2118 καὶ
3933 2065 4042 2135 τὴν

775 2160 887 2229 jam
925 2177 1072 2214 nunc
1108 2162 1365 2230 exprimit
1400 2178 1571 2230 quare
1600 2162 1851 2216 Christus
1888 2165 2055 2217 semel
2082 2166 2153 2217 sit
2209 2182 2351 2220 mor-

2453 2166 2633 2217 αἰτίαν
2679 2165 2827 2230 λέγει
2879 2162 2967 2215 διά
3020 2164 3066 2194 ⁸⁵
3099 2161 3152 2214 τί
3195 2158 3344 2224 ἀπαξ
3387 2159 3661 2212 ἀπέθανεν
3715 2161 3743 2211 6
3772 2158 4037 2226 Χριστνίς·

781 2265 799 2304 ι
825 2269 907 2306 ιιιε
935 2269 947 2306 :
978 2268 1170 2321 nempe
1198 2254 1341 2320 quod
1373 2253 1532 2306 unius
1558 2253 1751 2306 mortis
1779 2252 1956 2307 factus
1991 2255 2062 2309 sit
2082 2258 2347 2323 pretium.

2452 2256 2607 2319 διότι,
2670 2259 2873 2325 φησιν,
2934 2254 3053 2317 ἑνὸς
3120 2254 3353 2306 Θανάτου
3416 2252 3733 2319 ἀντίλυτρον
3791 2251 4039 2317 ἐγένετο.

782 2343 1053 2396 Statutum
1082 2344 1227 2397 enim
1270 2354 1384 2397 erat
1417 2345 1731 2397 hominibus
1757 2344 1924 2397 semel
1952 2346 2115 2398 mori.
2156 2345 2337 2401 Semel

2467 2348 2757 2400 ’Λπέκειτο
2809 2347 2919 2415 γὰρ
2968 2349 3083 2408 τοῖς
3154 2345 3466 2415 ἀνθρώποις
3518 2342 3665 2407 ἅπαξ
3717 2342 4038 2395 ἀποθανεῖν.

784 2435 969 2502 itaque
1026 2446 1274 2487 mortuus
1321 2442 1405 2488 est
1442 2449 1538 2501 pro
1602 2436 1895 2489 universis.
1953 2437 2091 2500 Quid
2146 2437 2355 2506 igitur?

2454 2437 2625 2490 Τοῦτο
2663 2434 2757 2490 οῦν
2784 2438 2846 2490 τδ
2882 2436 3033 2500 ἅπαξ
3054 2436 3328 2489 ἀπέθανεν
3351 2436 3489 2505 ὑπὲρ
3529 2435 3771 2487 πάντων.
3801 2434 3866 2486 Τί
3898 2429 3999 2486 οὖν
4025 2450 4041 2496 ;

782 2540 928 2578 nunc
960 2539 1090 2593 ergo
1122 2540 1229 2578 non
1271 2526 1575 2578 morimur?
1609 2526 1724 2589 Νευ,
1781 2526 1875 2580 sed
1910 2534 2085 2581 morte
2138 2544 2246 2581 non
2277 2528 2349 2581 ita

2454 2530 2568 2582 Νῦν
2594 2532 2693 2581 οὐκ
2718 2529 3167 2599 ἀποθνήσκομενς
3196 2526 3333 2580 Ναί·
3362 2527 3475 2578 ἀλλ’
3495 2527 3595 2577 οὐκ
3617 2524 4044 2594 ἐγκρατοῦμεἽα

781 2614 1108 2679 detinentur,
1140 2624 1199 2669 ut
1240 2620 1491 2675 antehac,
1521 2614 1612 2668 sed
1650 2630 1743 2683 per
1799 2630 1948 2684 spem
1984 2618 2349 2671 resurrectio-

2454 2621 2530 2690 τῷ
2556 2620 2789 2690 θανάτῳ,
2829 2619 3019 2688 ὥσπερ
3048 2617 3259 2689 πρώην,
3278 2618 3422 2681 ἀλλά
3464 2616 3553 2669 διὰ
3576 2618 3677 2683 τὴν
3707 2614 3899 2667 ἐλπίδα
3940 2615 4043 2681 τῆς

788 2708 897 2767 nis,
928 2706 1089 2774 cujus
1122 2707 1230 2759 dux
1293 2708 1469 2760 factus
1510 2714 1592 2759 est
1623 2708 1714 2775 qui
1775 2722 1874 2775 pm
1920 2708 2079 2761 nobis
2119 2718 2350 2762 mortem

2455 2711 2824 2775 ἀναστάσεως,
2872 2706 2941 2780 ἦς
2965 2710 3209 2779 ἀρχηγὸς
3234 2709 3451 2776 ἐγένετο
3484 2708 3513 2759 6
3547 2707 3686 2775 ὑπὲρ
3715 2705 3870 2776 ἡμῶν
3903 2706 4047 2757 ἁπε-

784 2797 953 2851 ςιιὺίίι
1000 2797 1275 2859 Christus,
1332 2812 1398 2850 nc
1448 2812 1595 2850 mors
1649 2798 1869 2866 quidem
1920 2809 2005 2852 est
2036 2814 2184 2853 mors
2226 2801 2352 2862 isxa,

2458 2800 2634 2852 θανὼν
2662 2799 2919 2869 Χριστὸς,
2946 2798 3065 2851 οὐδὲ
3098 2798 3329 2859 θάνατός
3364 2798 3514 2849 ἐστιν
3539 2796 3568 2848 6
3602 2795 3830 2856 θάνατος
3856 2788 4042 2855 οὗτος,

788 2904 976 2941 Verum
1011 2903 1264 2942 somnus.
1296 2887 1434 2952 Quia
1474 2889 1640 2956 igitur
1671 2904 1818 2942 mors
1842 2904 2033 2944 omnes
2059 2892 2345 2944 detentura

2456 2891 2573 2943 ἀλλ⁸
2615 2891 2806 2953 ὕπνος.
2862 2890 3018 2943 Ἐπεὶ
3068 2886 3163 2942 οῦν
3211 2888 3405 2957 ἔμελλε
3443 2888 3651 2948 πάντας
3705 2886 3966 2952 κατέχειν
4016 2884 4045 2933 ὁ

783 2986 922 3040 erat,
960 2986 1248 3047 propterea
1276 2986 1528 3033 mortuus
1559 2988 1663 3043 est,
1706 2988 1763 3032 ut
1790 2995 1887 3034 nos
1933 2983 2214 3037 liberaret.
2248 2982 2343 3037 Vel

2458 2981 2706 3044 θάνατος,
2739 2980 2826 3033 διὰ
2870 2978 3032 3032 τοῦτο
3064 2979 3361 3042 ἀπέθανεν,
3410 2978 3500 3030 ἵνα
3531 2978 3680 3046 ἡμᾶς
3708 2974 4042 3045 ἀπαλλάξῃ.

789 3086 897 3121 nun
924 3070 1027 3123 hoc
1053 3085 1201 3123 nunc
1229 3070 1398 3123 voluit
1429 3070 1672 3123 indicare
1693 3072 2012 3139 Apostolus,
2037 3074 2180 3141 quod
2210 3090 2356 3126 mor-

2459 3074 2525 3125 ‘ll
2555 3073 2616 3123 οὐ
2656 3071 2814 3125 τοῦτο
2854 3071 3104 3139 βούλεται
3146 3069 3242 3121 νῦν
3279 3067 3472 3138 δηλοῦν
3502 3072 3529 3121 ὁ
3565 3067 3910 3128 ’Δπόστολο;.
3957 3069 4049 3120 ὅτι.

788 3168 896 3210 tem
928 3174 1051 3228 qua:
1091 3158 1392 3214 debebatur
1424 3160 1585 3215 nobis
1622 3160 1675 3214 in
1696 3162 2025 3231 supplicium
2085 3154 2354 3234 ipseper-
2389 3220 2422 3234 η

2408 3220 2422 3234 _
2456 3166 2549 3216 τὸν
2580 3163 2932 3232 ὀφειλόμενον
2988 3164 3121 3232 ἡμῖν
3179 3163 3259 3224 εἰς
3308 3159 3586 3231 τιμωρίαν
3617 3160 3846 3212 θάνατον
3872 3159 4048 3220 αὐτὸς

784 3251 1032 3311 δέῖιιϊὶι,
1092 3266 1280 3303 verum
1344 3252 1474 3319 quia
1543 3267 1667 3304 vere
1709 3253 1875 3304 humo
1932 3262 2049 3306 crat
2104 3220 2424 3309 Christusc

2412 3222 2424 3274 :
2460 3220 2736 3319 ἀπέτισεν,
2769 3220 2882 3307 ἀλλ’
2930 3220 3041 3307 ὅτι..
3074 3220 3263 3322 ἐπειδῆ
3298 3220 3588 3314 ἄνθρωπος
3637 3246 3705 3321 ἦν
3751 3250 3977 3317 ἀληθῶς
4021 3255 4052 3303 ὁ

785 3357 820 3409 p
852 3362 876 3390 zu
900 3352 980 3395 ti-r
1012 3344 1112 3397 hoc
1147 3342 1290 3411 quod
1329 3343 1476 3398 Deus
1508 3354 1677 3407 esset,
1710 3344 1853 3398 sicut
1910 3346 2161 3399 homines
2189 3348 2357 3401 semel

2460 3346 2693 3414 Χριστὸς
2730 3348 2866 3414 μετὰ
2912 3344 3004 3396 τοῦ
3038 3346 3134 3395 καὶ
3166 3342 3299 3403 Θεὸς
3328 3339 3499 3407 εἶναι,
3528 3340 3716 3411 ὥσπερ
3746 3342 3796 3393 ot
3826 3339 4051 3403 ἄνθρω-

790 3434 1124 3497 moriuntur,
1164 3434 1358 3487 deinde
1386 3435 1678 3502 judicium,
1716 3436 1795 3489 sic
1829 3444 1881 3489 et
1934 3439 2051 3506 ipse
2082 3438 2248 3491 semel
2277 3446 2358 3493 est

2462 3453 2551 3488 ποι
2585 3436 2735 3499 ἅπαξ
2762 3435 3224 3503 ἀποθνήσκουσιν,
3263 3428 3385 3485 εἶτα
3437 3435 3471 3500 ἡ
3519 3432 3723 3501 κρίσις,
3758 3430 3819 3482 οῦ
3836 3448 3904 3483 τω
3947 3432 4054 3483 καὶ

790 3534 1065 3581 mortuus.
1100 3526 1240 3579 Audi
1277 3537 1456 3578 autem
1488 3542 1609 3595 qua:
1633 3538 1962 3593 sequuntur.

2461 3530 2623 3590 αὐτὸς
2648 3526 2797 3591 ἅπαξ
2828 3526 3119 3579 ἀπέθανεν.
3157 3527 3351 3578 Ἄκουε
3396 3520 3490 3577 οὖν
3528 3526 3626 3575 καὶ
3656 3523 3763 3574 τῶν
3796 3522 3952 3590 ἑξῆς.

862 3615 1026 3671 Vsus.
1055 3616 1145 3669 28.
1174 3616 1263 3671 Sic
1289 3627 1336 3669 et
1365 3616 1609 3671 Christus
1658 3620 1813 3670 semet
1863 3620 2092 3673 oblatus.
2124 3621 2161 3671 Α
2214 3622 2361 3688 quo?

2534 3619 2697 3671 Οὕτω
2734 3619 2830 3671 καί
2862 3621 2896 3672 ό
2935 3616 3188 3684 Χριστὸς
3217 3616 3378 3677 ἅπαξ
3409 3614 3852 3681 προσενεχθείς.
3902 3613 4056 3666 ’Υπδ

785 3703 903 3768 Ipse
928 3724 957 3761 a
986 3709 1189 3777 seipse.
1214 3708 1446 3762 Etiamsi
1479 3712 1621 3763 enim
1651 3710 1899 3779 pontifex
1931 3722 2035 3774 est,
2068 3722 2151 3767 est
2179 3728 2357 3767 tamen

2465 3711 2649 3774 tivog;
2691 3710 2864 3772 Αὐτὸς
2921 3710 3012 3771 ὑφ’
3067 3706 3284 3760 ἑαυτοῦ.
3335 3707 3398 3758 Εἰ
3450 3706 3557 3775 γὰρ
3604 3706 3697 3758 καὶ
3749 3706 4058 3775 ἀρχιερεύς

788 3807 841 3851 et
873 3798 1231 3861 sacriﬁcium,
1264 3809 1320 3851 ct
1353 3801 1593 3853 victima.

2462 3804 2629 3863 ἐστιν,
2662 3802 2796 3854 ἀλλὰ
2830 3802 2920 3853 καὶ
2950 3799 3120 3869 θῦμα,
3165 3799 3255 3851 καὶ
3289 3799 3511 3867 ἱερεῖον.

866 3887 931 3941 Ut
968 3890 1256 3941 multorum
1297 3891 1509 3957 o/ferret
1532 3902 1770 3956 percata.
1808 3892 2277 3957 Queiradmodutu
2304 3896 2357 3948 iu

2534 3895 2633 3957 Εἰς
2671 3891 2737 3943 τὸ
2783 3891 3033 3943 πολλῶν
3065 3889 3418 3957 ἀνενεγκεῖν
3473 3888 3781 3956 ἁμαρτίας.
3826 3888 4061 3956 Ὠσπερ

792 3993 949 4031 sacra
991 3978 1233 4045 Lilurgiu
1288 3980 1569 4033 oderimus
1619 3992 1870 4048 peccata,
1906 3984 2175 4049 dicentes,
2235 3982 2360 4038 Sive

2462 3984 2554 4035 ἐπὶ
2592 3985 2689 4051 τῆς
2728 3982 2891 4047 ἀγίας
2943 3982 3289 4049 λειτουργίας
3348 3979 3697 4047 ἀναφέρομεν
3732 3981 3800 4031 τὰ
3856 3979 4062 4049 ἀμαρο

792 4068 946 4122 iuviti
1002 4070 1115 4122 sive
1143 4070 1430 4123 voluntaiii
1496 4077 1867 4139 peccavimus.
1922 4074 2201 4128 condona:
2261 4076 2362 4126 hoc

2460 4077 2715 4141 τὴματα,
2752 4073 2843 4125 καὶ
2882 4072 3135 4140 λέγομεν,
3172 4072 3296 4124 lifts
3336 4071 3566 4131 ἄκοντες
3593 4109 3608 4132 ,
3659 4070 3771 4121 εἴτε
3820 4070 4064 4134 ἑκόντες

789 4170 893 4220 est,
930 4161 1277 4212 luciniuimus
1304 4175 1492 4212 eorum
1538 4162 1797 4229 primum,
1833 4178 1897 4217 ac
1928 4164 2126 4217 deinde
2149 4166 2358 4218 condu-

2462 4166 2825 4234 ἡμάρτομεν,
2882 4163 3283 4232 συγχώρησονο
3340 4161 3589 4213 τουτέστι
3626 4202 3639 4222 ,
3712 4162 4064 4228 μεμνήμεθα

790 4251 1067 4305 nationem
1123 4254 1409 4319 petimus}:
1466 4253 1610 4308 haud
1659 4270 1819 4308 secus
1877 4265 1930 4309 ι·ι
1979 4257 2095 4325 ipse
2145 4257 2360 4311 locutus

2460 4258 2639 4309 αὐτῶν
2682 4258 2920 4325 πρῶτον,
2948 4257 3043 4307 καὶ⁸
3079 4256 3199 4307 τότε
3242 4254 3342 4324 τὴν
3379 4255 3726 4321 συγχώρησιν
3757 4252 4061 4319 αἰτοῦμεν·

788 4354 873 4395 est
906 4343 972 4396 ad
1001 4344 1256 4405 Patrem;
1295 4345 1400 4399 Pro
1428 4347 1555 4413 ipsis
1592 4362 1684 4413 ego
1713 4347 1987 4413 sancti/ica
2020 4347 2358 4414 meipsum”.

2460 4346 2602 4399 οὕτω
2632 4348 2721 4398 καὶ
2748 4345 2910 4405 αὐτὸς
2964 4342 3088 4397 εἷπε
3135 4343 3213 4413 τῷ
3245 4344 3437 4411 Πατρί·
3480 4341 3650 4409 Ὑπὲρ
3697 4340 3897 4393 αὐτῶν
3931 4342 4067 4409 ἐγὼ

792 4427 888 4483 Vel
917 4431 1116 4485 obtulit
1141 4447 1387 4501 peceala,
1424 4436 1524 4489 hoc
1550 4444 1654 4499 est,
1690 4436 1919 4491 abstulit
1967 4452 2027 4490 ea
2062 4439 2129 4492 ab
2180 4438 2363 4492 homi-

2460 4437 2669 4505 ἀτιάζὶυ
2719 4437 2999 4505 ἐμαυτόν.
3054 4437 3124 4487 ἸΙ
3176 4436 3445 4504 ἀνήνεγκε
3501 4435 3569 4487 τὰ
3640 4435 4065 4504 ἁμαρτήματα,

792 4523 979 4587 nibus,
1010 4532 1064 4576 et
1117 4526 1319 4578 obtulit
1366 4527 1538 4590 Patri,
1572 4536 1627 4580 ut
1683 4528 1796 4596 ipsa
1863 4529 2119 4583 dimittat.
2178 4530 2432 4624 Quaren

2426 4567 2440 4619 ⁵
2466 4532 2763 4592 τουτέστιν,
2789 4524 2922 4599 ἦρεν
2948 4529 3085 4581 αὐτά
3111 4527 3219 4581 ἀπὸ
3248 4527 3357 4578 τῶν
3386 4525 3713 4594 ἀνθρώπων,
3744 4524 3839 4577 καὶ
3870 4542 3992 4593 προ
4006 4544 4066 4576 σ-

784 4620 967 4667 autem
1003 4614 1143 4668 dixit
1172 4615 1463 4669 Multorum
1515 4627 1567 4671 et
1618 4635 1745 4679 non,
1777 4618 2068 4673 Omnium?
2090 4621 2358 4686 Quoniam
2386 4614 2424 4624 ’-

2466 4626 2661 4693 ήνεγκε
2705 4622 2783 4690 τῷ
2827 4624 3023 4691 ΙΙατρ“ι,
3080 4621 3167 4673 ἵνα
3224 4619 3365 4672 αὐτά
3416 4620 3551 4687 ἀφῇ.
3592 4618 3751 4677 Τίνος
3773 4617 3831 4670 δὲ
3855 4617 4069 4669 ¹ι-Ξνεπεν

791 4720 898 4756 non
935 4721 1126 4760 omnes
1167 4708 1528 4761 crediderant.
1566 4709 1710 4764 Mors
1738 4709 1882 4763 enim
1913 4713 2033 4779 ejus
2068 4713 2363 4782 {uitaqui-

2462 4712 2604 4779 εἷπε,
2636 4712 2907 4776 Πολλῶν,
2941 4712 3033 4765 καὶ
3056 4712 3141 4774 οῦ,
3181 4712 3443 4773 Πάντωνς
3488 4709 3706 4776 Ἐπειδὴ
3734 4708 3808 4776 μὴ
3842 4708 4070 4772 πάντες

791 4792 976 4844 valens
1010 4794 1253 4847 omnium
1293 4795 1556 4858 iuteritui,
1607 4813 1690 4855 ac.
1729 4807 1991 4864 quantum
2026 4801 2078 4853 in
2107 4801 2226 4870 ipso
2254 4812 2360 4867 est,

2461 4806 2815 4858 ἐπίστευσαν.
2858 4801 2915 4857 Ὀ
2966 4804 3064 4871 μὲν
3107 4804 3216 4872 γὰρ
3251 4802 3477 4863 θάνατος
3506 4800 3675 4853 αὑτοῦ
3713 4801 4070 4869 ἀπίρῤοπος

790 4894 887 4947 pro
937 4887 1191 4939 omnibus
1248 4898 1501 4943 moituus
1550 4900 1652 4945 est.
1700 4890 1816 4945 Non
1876 4894 2121 4946 omnium
2178 4903 2361 4949 autem

2459 4890 2527 4964 ἦν
2582 4895 2680 4963 τῆς
2737 4895 2956 4948 πάντων
2986 4892 3285 4953 ἀπωλείας,
3332 4893 3430 4943 καὶ
3464 4891 3589 4941 ὅσον
3638 4888 3699 4940 τὸ
3746 4889 3831 4940 ἐπ’
3870 4890 4065 4958 αὐτῷ,

788 4984 1013 5039 peccata
1051 4978 1272 5046 obtulit,
1305 4995 1371 5033 eo
1405 4982 1545 5046 quod
1606 4983 1884 5035 noluerint
1947 4983 2069 5050 ipsi.
2124 4982 2362 5037 Proinde

2464 4984 2606 5055 ὑπὲρ
2638 4986 2857 5038 πάντων
2883 4984 3155 5037 ἀπέθανεν
3180 5001 3192 5013 ·
3224 4984 3285 5035 οὐ
3324 4982 3543 5033 πάντων
3569 4980 3624 5032 δὲ
3648 4982 3746 5041 τὰς
3766 4980 4071 5049 ἁμαρτίας

788 5066 1040 5119 inutilem
1074 5069 1175 5121 sibi
1221 5069 1342 5123 Filii
1376 5070 1469 5124 Dei
1504 5082 1734 5127 mortem
1780 5072 1880 5141 ipsi
1936 5074 2204 5137 fecerunt,
2238 5091 2360 5144 qua:

2459 5076 2751 5141 ἀνήνεγκε,
2788 5073 2879 5126 διὰ
2924 5074 2986 5126 τὸ
3020 5076 3097 5143 μὴ
3131 5073 3356 5140 θελῆσαι
3412 5070 3634 5130 αὐτούς.
3668 5070 3833 5121 Ὥστε
3875 5071 4072 5141 ἄχρη-

786 5167 876 5209 res
908 5168 992 5211 est
1021 5174 1155 5212 sane
1190 5160 1483 5217 horrenda.
1521 5164 1643 5219 llaec
1691 5164 1798 5218 divi
1857 5165 2087 5221 Joannis
2117 5168 2361 5238 Chryso-

2463 5183 2587 5219 στον
2618 5168 2832 5229 ἑαυτοῖς
2866 5166 2958 5218 τὸν
2992 5166 3223 5219 θάνατον
3250 5164 3343 5217 τοῦ
3380 5162 3507 5215 Υίοῦ
3549 5161 3644 5215 τοῦ
3670 5160 3806 5214 Θεοῦ
3852 5163 4071 5230 ἐποίη-

785 5262 813 5298 s
844 5250 951 5301 niui
988 5262 1069 5303 est
1106 5256 1401 5308 sententia.
1439 5255 1637 5324 lleperi
1664 5265 1847 5311 autem
1882 5260 2047 5328 718
2070 5262 2209 5329 apud
2236 5276 2360 5315 cum

2462 5274 2576 5319 σαν,
2640 5256 2669 5309 ὃ
2724 5259 2820 5310 καὶ
2867 5256 3069 5325 φρίκης
3114 5256 3285 5321 ἀξιον.
3348 5254 3507 5307 Οὕτω
3558 5254 3657 5321 μὲν
3696 5252 3723 5302 ὁ
3768 5253 4074 5322 μακάριος

786 5336 840 5388 in
893 5338 1035 5393 hunc
1076 5343 1347 5413 Evangelii
1390 5347 1567 5400 locum
1592 5389 1605 5406 .
1640 5347 1707 5399 Ut
1750 5350 1983 5401 animum
2013 5367 2166 5403 suam
2191 5352 2242 5403 in
2274 5368 2359 5404 re-

2481 5348 2757 5417 Ἰωάννης.
2816 5341 2990 5418 Εὗρον
3024 5349 3083 5401 δὲ
3137 5349 3195 5399 ὲν
3243 5346 3321 5415 τῷ
3352 5345 3668 5414 Εὑαγγελίῳ
3698 5345 3774 5405 εἰς
3808 5343 3898 5405 τὸ,
3946 5346 4076 5399 Καὶ

779 5431 1131 5493 αευιριίοηεηι
1158 5433 1307 5487 daret
1340 5452 1435 5503 pro
1472 5437 1651 5490 multis
1683 5438 1748 5501 “,
1782 5440 2191 5495 aunutationem
2217 5456 2358 5510 quo-

2468 5439 2678 5493 δοῦναι
2718 5439 2831 5506 τὴν
2859 5438 3074 5508 ψυχὴν
3114 5437 3302 5491 αὑτοῦ
3351 5438 3578 5505 λύτρον
3610 5434 3743 5491 ἀντὶ
3767 5433 4072 5502 πολλῶν,

894 5609 938 5640 ³³
964 5608 1123 5663 Joau.
1148 5627 1277 5675 xvu,
1312 5616 1395 5667 19.
1470 5618 1515 5648 “
1542 5616 1730 5672 Matth.
1757 5634 1905 5685 xxvi,
1940 5623 2027 5675 28.

2121 5711 2321 5774 Variae
2354 5710 2677 5771 lectiones.

855 5799 899 5828 "
934 5799 1089 5872 δι’ῆν
1117 5818 1165 5857 ο.
