4154 6440
183 417 258 479 329
880 411 1286 472 EXPOSlTlO
1328 413 1405 471 lN
1450 412 1685 470 EPIST.
1744 411 1842 469 AD
1880 410 2268 469 llEBRXEOS.
2306 434 2373 443 -
2415 410 2574 469 CAP.
2606 412 2675 469 X.
3277 410 3382 469 330

184 531 263 587 τοῖς
292 522 448 592 αὐτὴν
469 519 925 593 παραδεχομένοις
949 521 1179 576 Θανάτου
1215 523 1364 576 αἰτία
1388 523 1706 576 καθίστατο.
1738 526 1786 582 Λ
1814 524 1824 574 1

1743 526 1786 582 Λ
1814 524 1990 575 locum
2017 537 2120 574 non
2155 519 2338 584 habet,
2374 519 2469 575 sed
2499 519 2932 588 suscipientibus
2967 520 3140 590 ipsam
3193 524 3383 576 mortis

185 619 294 686 Δῦτη
307 619 353 671 δὲ
378 616 633 669 τοσοῦτον
653 618 730 676 sl;
751 613 895 686 ζωὴν
919 615 1096 685 φέρει,
1117 616 1198 668 ὅτι
1219 615 1313 669 καὶ
1334 615 1469 687 αὐτὴ
1495 613 1561 686 ζῇ
1612 615 1707 668 καὶ
1817 633 1825 666 t

1817 630 1980 668 causa
2014 613 2244 668 exstitit.
2271 615 2398 669 Haec
2419 622 2604 668 autem
2643 613 2781 668 adeo
2811 615 2878 668 ad
2907 617 3071 670 vitam
3096 615 3268 680 ducit,
3330 628 3385 670 ut

184 711 452 773 ὁιαιωνίζει.
497 710 568 761 ἸΙ
596 708 678 772 τὸ,
712 705 924 768 ζῶσαν,
966 708 1164 776 ὁμοίως
1189 708 1382 777 νόησον
1407 708 1505 777 τῷ,
1540 709 1708 778 πρῆσ-
1815 724 1824 757 t

1815 715 1867 759 et
1899 708 2014 776 ipsa
2054 706 2199 759 vivnt
2234 714 2288 760 et
2310 715 2511 760 aeterna
2549 705 2640 762 sit.
2670 703 2790 771 Vel,
2831 708 3102 776 virentem,
3157 709 3385 779 perinde

187 820 330 868 οιτον,
355 800 478 852 ἀντὶ
514 800 630 866 τοῦ,
658 800 784 872 νέα-ν
811 799 905 852 καὶ
935 798 1259 862 θάλλουσαν,
1285 799 1359 862 ὠς
1386 801 1522 868 πρὸς
1559 801 1704 851 ἀντι·
1818 799 1827 847 i

1818 798 2057 866 intellige
2089 808 2252 866 atque
2278 806 2572 863 recentem,
2609 812 2710 869 pro
2742 799 2863 859 viva
2911 807 2965 854 et
3018 802 3266 866 ﬂorente,
3319 801 3382 855 ad

184 896 417 956 διαστολὴν
448 895 547 962 τῆς
605 895 685 957 εἰς
723 895 791 947 τὰ
848 894 1054 948 παλαιὰ
1094 894 1227 963 ἅγια
1258 894 1486 948 εἰσόδου·
1521 894 1704 964 ἐκείνη
1815 908 1824 940 t

1815 889 2114 943 discrimen
2141 889 2396 942 introitus
2423 888 2488 944 ad
2508 899 2688 944 vetera
2709 901 2938 947 saneta:
2971 901 3218 948 mortuus
3237 895 3379 948 enim

184 989 262 1054 γὰρ
286 985 621 1055 νενέκριοται.
1818 981 1906 1034 ille
1934 993 2036 1035 est.

231 1076 314 1128 Διὰ
345 1078 444 1129 τοῦ
472 1074 1022 1144 καταπετάσματος,
1069 1078 1342 1132 τουτέστι
1406 1077 1517 1144 τῆς
1560 1093 1706 1143 σαρ-

1890 1072 1993 1127 Pcr
2031 1075 2281 1139 velamen,
2319 1075 2414 1127 hoc
2442 1082 2520 1128 est
2549 1090 2761 1129 carnem
2813 1091 2987 1129 suam.
3016 1075 3256 1131 lnitiavit
3287 1091 3386 1130 uo-

180 1168 461 1232 κὸςαύτοῦ.
503 1170 866 1223 Ἑνεκαίνισον
899 1171 1032 1241 ἡμῖν
1069 1169 1168 1238 τὴν
1219 1168 1337 1224 ὁδὸν
1380 1169 1582 1239 ταύτην
1606 1171 1706 1238 τὴν
1816 1167 1820 1220 l

1816 1167 1900 1221 bis
1927 1169 2070 1221 viam
2106 1168 2249 1221 hanc
2307 1169 2373 1222 ad
2409 1169 2583 1223 ccelos
2639 1168 2952 1233 ducentem,
3012 1183 3109 1239 per
3161 1185 3383 1225 carnem

182 1266 241 1323 εἰς
258 1262 487 1329 οὐρανὸν,
514 1261 602 1314 διὰ
632 1261 729 1331 τῆς
763 1262 963 1332 σαρκὸς
1000 1260 1196 1314 αὐτοῦ’
1221 1261 1309 1314 ὅτε
1339 1260 1447 1332 γὰρ
1473 1260 1614 1331 ᾔρθη
1649 1262 1706 1312 ἐν
1815 1276 1822 1314 t

1815 1275 1991 1316 suam.
2020 1259 2252 1326 Quando
2289 1262 2433 1315 enim
2467 1262 2520 1316 in
2552 1276 2772 1316 crucem
2816 1275 2944 1316 caro
2979 1261 3195 1316 sublata
3244 1271 3381 1325 erat,

182 1352 236 1420 τῷ
259 1352 461 1422 σταυρῷ
509 1353 678 1422 αὕτη,
723 1353 818 1408 καὶ
866 1353 1168 1423 ἀνελήφθη,
1202 1352 1324 1406 τότε
1353 1351 1706 1420 ἀπεκάλυψεν
1813 1371 1822 1403 t

1813 1361 1866 1406 et
1907 1353 1958 1406 in
1991 1353 2190 1406 caelum
2223 1363 2461 1423 recepta,
2488 1363 2602 1408 tum
2643 1353 2904 1409 revelavit
2933 1353 3092 1409 nobis
3113 1353 3381 1410 caelestia.

182 1443 361 1508 ἡμῖντᾶ
394 1443 634 1510 οὐράνια.
683 1443 774 1496 Διὸ
830 1445 924 1496 καὶ
977 1445 1252 1514 εὐκαίρως
1302 1445 1704 1514 καταπέτασμα
1812 1443 1822 1497 l

1812 1443 2109 1515 Propterea
2139 1455 2194 1500 et
2224 1456 2530 1515 opportune
2595 1447 2844 1501 velamen
2902 1461 3022 1502 eam
3065 1448 3381 1517 appellavit.

181 1533 310 1600 αὐτὴν
351 1533 594 1587 ἐκάλεσε.
649 1534 820 1587 Τοῦτο
854 1536 964 1606 γὰρ
994 1535 1125 1588 ἴδιον
1153 1535 1245 1588 τοῦ
1277 1524 1705 1604 καταπετάσμα-
1815 1537 1821 1590 l

1815 1537 1958 1591 Istud
1990 1539 2133 1594 enim
2163 1539 2442 1608 proprium
2474 1548 2558 1594 est
2603 1539 2917 1605 velamenti,
2951 1549 3009 1593 ut
3039 1554 3166 1595 cum
3203 1557 3383 1596 remo-

177 1639 261 1686 τος,
279 1626 348 1688 τὸ,
377 1627 504 1678 ὅταν
531 1627 696 1696 ἀρθῇ,
728 1628 1133 1681 ἀνακαλύπτειν
1160 1629 1223 1680 τὰ
1251 1628 1416 1682 ἔνδον.
1450 1684 1464 1697 ,
1814 1639 1817 1680 l

1251 1628 1416 1682 ἔνδον.
1450 1684 1464 1697 ,
1814 1639 1927 1684 tum
1963 1630 2144 1698 fuerit,
2177 1633 2378 1686 revelet
2404 1647 2525 1701 qua:
2564 1633 2673 1687 sint
2704 1633 2870 1687 intus.

230 1716 320 1766 Kal
367 1717 524 1783 ἱερέα
580 1718 793 1784 μέγαν.
843 1717 942 1770 ἐπὶ
995 1718 1103 1770 τὸν
1139 1713 1310 1770 οἴκεον
1357 1719 1462 1771 τοῦ
1533 1717 1700 1770 Θεοῦ.

1883 1721 2048 1776 Vens.
2078 1723 2167 1778 21.
2204 1722 2270 1775 Et
2291 1722 2617 1776 sacerdotem
2668 1739 2915 1791 magnum
2962 1741 3118 1792 super
3168 1725 3384 1780 domum

179 1805 388 1874 Ἔχοντες
431 1808 633 1878 δηλαδὴ
684 1808 834 1878 ίερὲα
882 1809 981 1877 μὲν
1018 1809 1109 1860 τὸν
1147 1809 1404 1879 Χριστὶν,
1440 1805 1586 1862 οἷκον
1622 1809 1700 1873 δὲ,
1739 1879 1774 1885 _
1813 1851 1819 1862 ι

1743 1879 1774 1885 _
1813 1810 1932 1865 Dei.
1975 1809 2252 1866 Habentes
2280 1813 2532 1868 videlicet
2561 1814 2905 1869 sarerdotetn
2949 1815 3167 1885 quidem
3219 1817 3383 1872 Chri-

175 1895 289 1962 ἡμᾶς
314 1899 430 1961 τοὺς
463 1901 712 1962 πιστοὺς,
738 1899 875 1952 κατὰ
915 1900 1005 1952 τό·
1051 1900 1378 1967 Ἐνοικήσω
1405 1899 1476 1952 ἐν
1504 1901 1707 1965 αὐτοῖς
1739 1879 1782 1937 Β
1810 1920 1815 1952 ε

1745 1879 1782 1937 Β
1810 1909 1996 1968 stum;
2033 1906 2253 1957 domum
2297 1920 2448 1968 vero,
2506 1921 2608 1960 nos
2639 1905 2848 1971 ﬁdeles,
2875 1879 3030 1976 juxta
3068 1907 3202 1963 illud
3238 1927 3253 1964 :
3290 1908 3385 1964 ln-

175 1987 247 2038 ml
271 1988 740 2056 ἐμπεριπατήσω.
773 1989 840 2044 Ἦ
874 1991 1010 2060 ὅπερ
1037 1986 1192 2061 οἶμαι
1227 1992 1448 2061 μᾶλλον,
1474 1993 1563 2046 τὸν
1616 1995 1709 2047 οὗ·
1813 2031 1815 2044 .

1813 1991 2068 2047 habitabo
2088 1994 2142 2047 in
2174 1995 2326 2062 ipsis,
2349 2004 2398 2048 et
2435 1996 2776 2052 inambulabo
2811 1998 2865 2050 in
2915 2001 3019 2057 eis.
3081 2000 3198 2070 Vel,
3236 2003 3380 2074 quod

178 2081 333 2144 vaév‘
367 2083 574 2134 ἐκεῖνον
619 2083 728 2152 γὰρ
759 2087 852 2136 καὶ
878 2082 1045 2151 ’Ἅγια
1095 2083 1270 2150 καλεῖ,
1302 2085 1394 2138 καὶ
1425 2087 1482 2137 ὲν
1517 2085 1710 2155 ἐκείνῳ
1812 2102 1818 2140 l

1812 2101 1938 2141 reor
1970 2101 2091 2140 esse
2123 2087 2327 2156 potius,
2360 2087 2559 2143 coelum
2592 2108 2605 2144 :
2642 2090 2774 2147 illud
2807 2093 2952 2148 enim
2979 2103 3032 2148 et
3063 2105 3254 2151 sancta
3286 2112 3384 2165 ap-

175 2170 464 2241 λεπτουργεῖν
491 2174 584 2226 τὸν
637 2175 692 2228 ’Δ
704 2175 925 2245 ρχιερὲα
956 2175 1124 2243 λέγει,
1158 2177 1298 2246 ὑπὲρ
1327 2179 1359 2246 ἡ
1370 2177 1488 2246 μῶν
1515 2179 1708 2246 ἐντυγ-

174 2278 384 2326 manu.

228 2356 697 2426 Προσερχὼμεθα.
723 2359 875 2424 Τίγις
901 2362 966 2430 τῇ
996 2359 1196 2425 πίστει,
1230 2361 1325 2415 καὶ
1349 2363 1417 2432 τῇ
1457 2377 1708 2430 πνευμα·

1809 2177 1998 2244 pellat,
2034 2185 2088 2230 et
2118 2175 2172 2229 in
2197 2191 2264 2231 eo
2292 2176 2608 2232 Pontificem
2632 2178 2945 2239 ministrare
2972 2184 3122 2249 dicit,
3159 2201 3259 2255 pro
3289 2201 3384 2242 no-

1813 2265 1898 2320 bis
1931 2265 2184 2319 videlicet
2213 2264 2624 2322 intercedendo.

1885 2353 2051 2412 \'sns.
2087 2355 2176 2410 22.
2215 2356 2563 2414 Accedamus.
2595 2359 2678 2415 Ad
2702 2362 2974 2432 quid?Ad
2999 2366 3157 2422 iidem
3189 2379 3241 2424 et
3268 2371 3382 2440 spi—

172 2450 270 2515 τικῇ
297 2448 557 2520 λατρείᾳ·
616 2451 651 2519 ἢ
710 2450 790 2522 τῷ
843 2451 1083 2523 οὐρανῷ,
1139 2451 1267 2504 ἔνθα
1320 2453 1349 2504 6
1391 2452 1710 2522 ’Δρχιερεῦς
1811 2464 1812 2467 “

1811 2448 2066 2500 ritualem
2115 2448 2323 2503 cultum
2362 2450 2488 2506 :vel
2520 2451 2588 2506 ad
2638 2453 2866 2520 ccelum,
2919 2456 3010 2512 ubi
3058 2469 3244 2516 noster
3298 2472 3383 2518 est

171 2539 313 2603 ἡμῶν.

202 2556 313 2592 οων.

200 2556 362 2680 “Matri
412 2631 715 2699 ἀληθινῆς
794 2633 1062 2700 καρδίας.
1125 2633 1416 2688 Τουτέστιν
1487 2631 1699 2696 ἀδόλου,

171 2721 494 2792 ἀνυποκρίτου
551 2725 689 2796 πρὸς
737 2725 863 2787 τοὺς
917 2726 1218 2796 ἀδελφοὺς,
1273 2726 1308 2798 ἢ
1359 2725 1705 2789 ἀδιστάκτου,

174 2809 305 2879 μηδὲν
334 2813 804 2885 ἀμφιϐαλλούσης,
833 2816 1000 2887 μηδὲν
1036 2817 1419 2887 ἐνδοιαζούσης
1449 2815 1710 2886 περὶτῶν

172 2903 456 2971 μελλόντων,
512 2906 608 2958 καὶ
646 2907 735 2960 διὰ
765 2907 923 2960 τοῦτο
970 2907 1437 2979 μικροψνχούσηςο
1480 2907 1708 2973 Ἐπάγει

167 3010 237 3046 ουν
265 3011 278 3024 ⁶

229 3089 316 3140 Ἔν
355 3088 738 3156 πληροφορίᾳ
783 3089 1063 3154 πίστεως.
1110 3091 1360 3144 Διδάσκει
1401 3094 1547 3163 ἡμᾶς
1592 3095 1710 3158 πῶς

1809 2539 2077 2594 Pontifex.

1884 2629 2047 2700 725
2078 2631 2210 2686 Cum
2245 2650 2362 2688 vero
2390 2636 2564 2690 corde.
2594 2635 2709 2694 Hoc
2731 2648 2836 2705 est,
2863 2651 3085 2712 experte
3107 2637 3240 2711 adn,
3272 2662 3382 2702 non

1815 2724 1998 2778 fucato
2057 2741 2180 2794 erga
2241 2725 2460 2795 fratres,
2527 2731 2610 2785 vel
2673 2732 2810 2787 nihil
2871 2733 3180 2801 haesitante,
3249 2741 3386 2795 nihil

1812 2815 2146 2886 ambigente,
2207 2818 2343 2872 nihil
2394 2820 2681 2878 dubitante
2735 2825 2804 2880 de
2860 2825 3082 2895 futuris,
3139 2846 3204 2885 ac
3267 2849 3388 2902 pro-

1813 2915 2000 2976 pterea
2042 2908 2096 2962 in
2158 2911 2675 2978 pusillanimitatem
2723 2916 3025 2973 recidente.
3078 2918 3244 2976 Infert
3285 2923 3392 2994 igi-

1813 3008 1935 3054 tur:

1882 3089 1949 3143 In
1976 3091 2308 3160 plenitudine
2343 3092 2488 3160 ﬁdei.
2535 3092 2706 3150 Docet
2757 3110 2860 3152 nos
2899 3113 3010 3168 quo
3068 3107 3226 3169 pacto
3275 3115 3382 3156 non

165 3177 212 3229 οὗ
245 3180 742 3250 μικροψνχήσομεν,
798 3179 892 3232 ἐὰν
935 3180 1310 3252 πληροφορίαν
1362 3183 1576 3254 ἔχωμεν
1620 3187 1706 3236 πῖ·
1735 3211 1780 3272 C

1745 3211 1780 3272 Β
1816 3180 1988 3234 simus
2011 3179 2633 3248 desponsurianimum,
2669 3197 2886 3263 nempe,
2927 3185 2974 3240 si
2996 3183 3121 3241 ﬁdei
3147 3187 3385 3257 plenitu-

169 3288 322 3334 στεακ,
355 3277 630 3336 τουτέστι,
685 3273 864 3325 πίστιν
912 3274 1334 3344 ἀπηρτισμένην
1377 3276 1470 3328 καὶ
1507 3276 1708 3329 τελειο-

163 3367 321 3431 τὰτην.
360 3365 521 3415 Ἔστι
552 3364 662 3432 γὰρ
689 3361 966 3414 πιστεύειν
992 3363 1113 3433 μὲν,
1151 3363 1251 3416 οὐκ
1277 3366 1334 3416 ὲν
1365 3364 1707 3438 πληροφορίᾳ

163 3452 220 3504 δέ.
247 3456 444 3526 Ὠσπερ
476 3454 625 3516 τινὲς
660 3454 932 3521 λέγουσιν,
962 3455 1044 3508 ὅτι
1072 3455 1232 3508 ἐνίων
1265 3457 1365 3526 μὲν
1398 3457 1549 3509 ἔσται
1578 3458 1707 3512 ἀνά-

163 3562 335 3612 στασις,
373 3548 546 3600 τινῶν
576 3547 636 3600 δὲ
663 3549 761 3598 οὐκ
790 3547 941 3600 ἔσται
962 3563 976 3578 ·
1016 3547 1176 3601 τοῦτο
1208 3549 1308 3601 οὐκ
1347 3547 1465 3602 ἔστι
1491 3550 1707 3620 πλήρης

164 3634 331 3699 πίστις,
377 3637 496 3689 ἀλλ’
546 3637 772 3705 ἀτελής.
816 3635 903 3688 Ἐν
946 3635 1290 3707 πληροφορίᾳ
1335 3631 1428 3688 οὖν
1467 3635 1706 3698 πίστεως

163 3727 587 3796 προσερχώμεθα.
652 3727 869 3796 Ἐπειδὴ
921 3726 1028 3796 γὰρ
1075 3725 1228 3778 οὐδέν
1276 3726 1422 3778 ἐστιν
1486 3727 1703 3795 ὁρατὸν,

162 3816 257 3869 οὔτε
285 3822 310 3871 6
341 3819 464 3882 ναὸς
501 3822 530 3871 6
561 3818 817 3886 οὐρανὸς,
850 3816 974 3870 οὔτε
1005 3818 1032 3869 6
1065 3819 1360 3887 ἀρχιερεὺς
1390 3819 1418 3870 6
1449 3817 1703 3887 Χριστὸς,

160 3908 267 3963 ἀλλὰ
290 3912 621 3980 κέκρυπται,
669 3910 856 3978 ὥσπερ
896 3911 990 3961 καὶ
1017 3909 1078 3961 τὸ
1103 3909 1332 3961 παλαιὸν
1363 3911 1390 3961 6
1407 3909 1703 3980 ἀρχιερεὺς

159 3997 513 4069 ἀπεκρύπτετο
545 3997 830 4061 εἰσελθὼν,
871 3998 963 4051 διὰ
1006 3997 1166 4051 τοῦτο
1197 3997 1280 4051 δεῖ
1322 3997 1560 4062 πίστεως
1606 4015 1704 4052 πε-

163 4087 496 4158 πληρωμένης
530 4087 634 4141 καὶ
667 4086 1015 4140 ἅδιστὰκτου.

220 4364 698 4434 Ἐρῤαντισμένοι
731 4363 838 4429 τὰς
869 4361 1112 4430 καρδίας
1147 4362 1263 4416 ἀπὸ
1296 4361 1703 4430 συνειδήσεως

157 4458 408 4525 πονηρᾶς.
455 4459 654 4510 Εἰπὼν
697 4456 828 4524 περὶ
868 4454 1124 4518 πίστεως,
1163 4453 1401 4506 δείκνυσι
1445 4454 1558 4518 νῦν,
1621 4456 1702 4507 ὅτι

1818 3271 1997 3324 dinem
2035 3270 2414 3335 habuerimus,
2467 3272 2568 3325 hoc
2601 3282 2706 3338 est,
2749 3273 2909 3329 ﬁdem
2947 3286 3385 3334 consummatam

1813 3367 1868 3414 et
1907 3358 2394 3430 perfectissimam.
2423 3357 2556 3414 Nam
2594 3361 2715 3417 fieri
2760 3371 2943 3432 potest
2975 3373 3035 3420 ut
3087 3365 3383 3436 quisquam

1814 3449 2024 3513 credat,
2052 3465 2163 3504 non
2204 3461 2382 3506 tamen
2418 3451 2472 3505 in
2499 3452 2836 3520 plenitudine
2871 3471 2887 3511 :
2919 3458 3384 3526 quemadmodum

1813 3540 2068 3594 nonnulli
2108 3541 2299 3595 dicunt
2327 3539 2689 3611 quorumdam
2735 3542 2979 3599 futuram
3015 3552 3384 3604 resurrectio-

1815 3647 1963 3697 nem,
1999 3633 2364 3702 quorumdam
2416 3647 2549 3687 vero
2599 3649 2709 3690 non
2761 3635 3022 3694 futuram.
3071 3639 3196 3696 Haec
3251 3657 3384 3696 sane

1813 3736 1924 3777 non
1951 3729 2037 3777 est
2082 3722 2240 3791 plena
2269 3721 2425 3788 fides,
2455 3722 2551 3778 sed
2581 3722 2918 3792 imperfecta.
2951 3725 3010 3780 In
3044 3728 3386 3796 plenitudine

1814 3815 1980 3884 igitur
2014 3814 2136 3868 fidei
2171 3814 2516 3870 accedamus.
2553 3815 3008 3887 Quandoquidem
3049 3821 3194 3875 enim
3244 3823 3386 3878 nihil

1813 3907 1994 3962 oculis
2045 3906 2253 3961 nostris
2312 3906 2623 3976 subjectum
2694 3919 2801 3974 est,
2873 3925 3052 3982 neque
3119 3913 3382 3984 templum

1812 3998 1992 4067 ipsum
2024 3996 2247 4060 caelum,
2283 4011 2458 4065 neque
2489 3997 2733 4066 pontifex
2756 3996 3031 4062 Christus,
3064 4001 3158 4056 sed
3197 4001 3382 4055 abdita

1811 4096 1964 4154 sunt,
2006 4088 2085 4140 uti
2114 4087 2242 4140 olim
2270 4085 2516 4156 pontifex
2561 4087 2845 4158 ingressus
2884 4087 2940 4143 in
2969 4099 3161 4144 sancta
3193 4091 3383 4144 occul-

1813 4181 2032 4234 tabatur
2059 4198 2074 4247 ;
2107 4189 2392 4248 propterea
2433 4192 2570 4248 opus
2592 4187 2679 4234 est
2730 4179 2836 4236 ﬁde
2865 4180 3107 4250 perfecta
3136 4192 3188 4236 et
3218 4183 3380 4236 indu-

1813 4272 2004 4326 bitata.

1885 4362 2100 4430 Asper-ai
2139 4358 2302 4414 corda
2331 4375 2364 4412 a
2393 4360 2716 4413 conscientia
2767 4361 2934 4413 mala.
2969 4362 3105 4416 Cum
3157 4365 3224 4417 de
3276 4364 3381 4417 fide

1815 4460 2037 4514 locutus
2065 4462 2234 4517 esset,
2261 4465 2409 4506 nunc
2437 4450 2678 4505 ostendit
2705 4466 2812 4505 non
2844 4453 3014 4506 solam
3047 4452 3230 4514 fidem,
3284 4469 3382 4506 ve-

155 4548 200 4597 ιὺ
228 4549 392 4612 πίστις
427 4552 602 4619 μόνη,
656 4547 794 4601 ἀλλὰ
824 4547 921 4600 καὶ
970 4545 1083 4614 βίος
1131 4546 1383 4617 ἐνάρετος
1435 4545 1702 4617 ζητεῖται.
1738 4556 1782 4611 D

1740 4556 1782 4611 D
1815 4566 1934 4604 rum
1961 4548 2122 4602 etiam
2143 4545 2309 4599 vitam
2352 4543 2644 4598 virtutibus
2670 4554 2918 4598 ornatam
2956 4545 3179 4614 requiri.
3204 4542 3380 4598 Judmi

165 4639 370 4690 Ἰουδαῖοι
417 4639 524 4710 μὲν
577 4633 675 4690 οὖν
723 4637 782 4690 τὸ
827 4636 986 4706 σῶμα
1025 4636 1427 4706 ὲρῤαντίζοντο,
1457 4637 1614 4706 ἡμεῖς
1649 4637 1706 4690 δὲ

154 4733 228 4791 τὰς
268 4734 516 4802 καρδίας,
548 4732 699 4784 ὥστε
739 4729 905 4799 μηδὲν
935 4731 1148 4790 ἑαυτοῖς
1194 4729 1496 4782 συνειδέναι
1527 4747 1696 4798 πονη-

159 4822 246 4887 ρόν.
290 4821 804 4892 Ῥαντισθησὸμεθα
837 4821 892 4874 δὲ
926 4822 1066 4890 αὐτῇ
1097 4823 1165 4889 τῇ
1200 4821 1390 4890 ἀρετῇ,
1424 4820 1456 4889 ἦ
1504 4819 1599 4872 καὶ
1639 4821 1706 4888 τῇ

155 4915 302 4981 χάριτι
350 4916 446 4968 τοῦ
503 4913 858 4982 Πνεύματος,
903 4913 997 4966 τοῦ
1039 4913 1290 4978 ἀφιέντος
1336 4914 1467 4982 ἡμῖν
1515 4913 1573 4963 ἐν
1632 4913 1710 4980 τῷ

154 5001 329 5078 λουτρῷ
358 5009 459 5066 τὰς
509 5005 822 5076 ἁμαρτίας,
857 5006 952 5057 καὶ
993 5003 1395 5073 ὲνισχύσαντος,
1438 5002 1578 5055 ὥστε
1614 5005 1708 5058 ἐὰν

158 5099 540 5167 σπουδάσωμεν,
579 5097 782 5166 μηκέτι
812 5097 924 5156 τοῖς
958 5095 1143 5156 αὐτοῖς
1174 5095 1543 5163 περιπίπτειν.

208 5191 300 5243 Kal
344 5187 720 5258 λελουμένοι
777 5186 844 5238 τὸ
896 5186 1067 5253 σῶμα
1122 5184 1291 5237 ῠδατι
1331 5183 1584 5251 meum.
1621 5184 1710 5254 Τῷ

155 5276 229 5328 τοῦ
283 5280 712 5347 βαπτίσματοςο
765 5273 993 5344 καθαρῷ
1044 5275 1141 5338 δὲ,
1211 5275 1242 5341 ἦ
1303 5274 1378 5344 τῷ
1439 5275 1710 5345 καθαροὺς

157 5365 382 5433 ποιοῦντι,
409 5369 445 5438 ἢ
473 5369 557 5437 τῷ
597 5364 686 5434 μὴ
723 5364 898 5432 ἐχοντι
919 5360 1058 5432 αἷμα
1094 5363 1518 5432 μεμιγνυμένον,
1543 5363 1616 5428 ὡς
1646 5365 1707 5416 τὸ

158 5457 350 5510 παλαιὸν
372 5459 433 5510 τὸ
455 5459 559 5526 τῆς
595 5452 822 5508 σποδοῦ.
851 5452 912 5504 Εἰ
940 5455 1080 5522 τάχα
1108 5452 1216 5521 γὰρ
1248 5453 1281 5521 ὴ
1315 5453 1372 5504 ὲν
1393 5451 1471 5520 τῷ
1500 5453 1706 5524 λουτρῷ

157 5549 281 5616 lips;
315 5550 408 5602 τοῦ
438 5549 590 5602 Ilva-.5
601 5561 776 5616 ματος
817 5545 911 5597 καὶ
942 5544 1118 5613 ψυχὰς
1163 5545 1436 5615 καθαίρει,
1470 5545 1616 5614 ὅμως
1649 5547 1710 5598 τὸ

156 5638 314 5706 ὁρατὸν
365 5642 445 5708 τῷ
505 5635 707 5711 ὁρατῷ
728 5636 778 5669 ³⁸
838 5634 1068 5688 ἐνταῦθα
1126 5633 1338 5699 Παῦλος
1392 5635 1707 5700 συνέταξεν.

1813 4639 2034 4711 quidem
2064 4649 2296 4704 corpore
2328 4633 2854 4702 conspergebantur,
2889 4648 2989 4687 nos
3036 4648 3167 4686 vero
3193 4635 3378 4696 corde,

1813 4742 1874 4786 ut
1913 4729 2049 4783 nihil
2074 4726 2200 4780 mali
2236 4723 2394 4779 nobis
2437 4724 2643 4776 conscii
2685 4723 2879 4779 sitnus.
2942 4721 3381 4794 Conspergemur

1813 4831 1992 4875 autem
2025 4827 2079 4872 et
2112 4818 2230 4886 ipsa
2263 4817 2483 4877 virtute,
2518 4813 2602 4867 vel
2647 4814 2820 4884 gratia
2870 4813 3135 4882 Spiritus,
3167 4816 3258 4884 qui
3298 4830 3384 4868 re-

1817 4912 1967 4966 misit
2018 4908 2176 4962 nobis
2210 4908 2264 4960 in
2295 4907 2621 4975 baptismate
2656 4914 2898 4973 peccata,
2952 4915 3006 4959 et
3048 4905 3380 4960 cnnfortarit

1819 5017 1939 5066 nos,
1971 5007 2030 5052 ut
2063 4997 2108 5052 si
2142 4997 2384 5050 animum
2424 4995 2846 5061 adverterimus,
2889 5010 2997 5050 non
3032 5010 3197 5065 porro
3231 4998 3285 5050 in
3315 5013 3380 5052 ea

1811 5089 2138 5146 recidamus.

1886 5181 2052 5235 Vsus.
2085 5179 2176 5232 25.
2215 5176 2283 5228 Et
2307 5175 2479 5228 abluti
2509 5191 2698 5244 corpus
2733 5192 2872 5245 aqua
2892 5191 3046 5244 pura.
3077 5177 3382 5247 Baptisma.

1816 5276 1882 5329 tis
1915 5273 2124 5327 scilicet
2163 5287 2175 5322 :
2207 5284 2341 5338 pura
2391 5281 2542 5333 vero,
2579 5267 2660 5321 vel
2712 5269 2856 5337 quod
2889 5284 3056 5338 puros
3116 5269 3267 5335 facit,
3297 5272 3386 5324 vel

1819 5364 1963 5434 quod
1995 5378 2099 5416 non
2155 5363 2349 5412 haheat
2381 5357 2683 5413 admixtum
2738 5360 3080 5429 sanguinem,
3139 5369 3202 5414 ut
3251 5361 3384 5414 olim

1815 5461 2031 5514 cinereo
2064 5454 2178 5506 illa.
2211 5452 2325 5507 Etsi
2372 5452 2516 5506 enim
2567 5449 2740 5520 gratia
2799 5447 3039 5517 Spiritus
3077 5452 3132 5506 in
3167 5451 3380 5520 baptis-

1818 5559 1961 5602 mate
1993 5547 2204 5598 animas
2259 5551 2472 5612 purget,
2524 5541 2739 5595 visibile
2789 5550 2972 5596 tamen
3033 5541 3121 5595 hic
3181 5541 3384 5596 visibili

1819 5634 2018 5688 Paulus
2040 5630 2340 5700 conjunxit.
2391 5627 2668 5698 Siquidem
2724 5628 2800 5682 in
2838 5627 2956 5697 ipso
3021 5642 3122 5682 usu
3173 5627 3385 5699 baptis-

1533 5753 1736 5814 Yarire
1768 5750 2095 5815 lectiones.

211 5825 459 5899 ’θάοράτῳ
489 5843 548 5883 0.

399 5929 702 5985 Ρηειοε..
753 5919 872 5980 Gn.
907 5919 1152 5983 CXXV.

2961 5910 3026 5971 ll
