4154 6440
713 404 815 468 331

1646 397 2223 458 TIIEOPHYLACTI
2270 392 2682 455 BULGARLE
2708 391 3064 451 ARCIIIEP.

3868 389 3975 450 332

718 519 918 576 mntis.
997 516 1243 585 corporis
1318 528 1486 567 causa
1567 527 1706 582 aqua
1766 514 2084 567 assumitur.
2155 511 2287 565 Cum

2411 509 2562 561 Ἐπεὶ
2587 507 2682 561 καὶ
2715 508 2772 559 ἐν
2810 506 2946 575 αὐτῇ
2984 509 3050 574 τῇ
3091 503 3250 574 χρείᾳ
3288 501 3382 556 τοῦ
3433 502 3827 573 βαπτῖσματος,
3880 499 3977 552 τοῦ

719 612 863 662 enim
896 624 994 663 nos
1025 608 1227 676 gemini
1272 608 1469 672 simus,
1508 606 1721 675 gemina
1767 605 1929 658 etiam
1980 603 2287 673 puriﬁcatio

716 706 820 751 est.

788 791 1073 844 Teneamus
1117 789 1228 856 spei
1267 787 1643 856 confessionem
1683 789 1976 841 immotam.
2036 785 2144 838 lloc
2183 794 2286 851 est,

718 899 877 950 quant
908 882 1137 950 professi
1174 896 1364 934 sumus
1390 895 1563 948 spem,
1596 896 1715 934 cam
1753 881 2087 934 retineamus
2117 878 2289 929 stabi-

723 977 847 1029 lcm.
888 975 1241 1042 Speravimus
1272 976 1412 1027 cnim
1451 975 1502 1027 in
1537 975 1809 1044 principio
1850 974 1994 1036 ﬁdei,
2046 972 2190 1042 quod
2238 980 2292 1025 et

723 1068 823 1134 ipsi
856 1068 1053 1118 coelum
1104 1066 1405 1135 ingressuri
1441 1068 1615 1121 simus
1650 1084 1662 1116 :
1700 1075 1782 1119 ct-
1811 1064 2041 1135 professi
2079 1078 2287 1126 sumus,

722 1160 940 1224 quando
1004 1157 1176 1212 lcedus
1248 1156 1372 1211 ﬁdei
1430 1158 1781 1222 furit-bamus,
1838 1158 2292 1209 resurrectionem

2396 602 2650 669 σώματος
2700 601 2862 651 ἕνεκα
2910 598 3406 667 παραλαμϐάνεται
3440 595 3501 648 τὸ
3553 595 3717 664 ὕδωρ.
3765 593 3979 645 Διττῶν

2394 696 2502 765 γὰρ
2535 694 2706 745 ὅντων
2735 693 2916 761 ἡμῶν,
2947 692 3097 761 διττὴ
3137 693 3233 743 καὶ
3272 692 3303 760 ή
3335 690 3621 758 κάθαρσις.

2464 784 2819 851 Κατέχωμεν
2836 782 2953 849 τὴν
2974 782 3301 849 ὁμολογίαν
3326 780 3433 848 τῆς
3460 780 3703 844 ἐλπίδος
3732 775 3979 843 ἀκλινῆ.

2397 875 2676 934 Τουτέστι,
2711 874 2811 942 τὴν
2838 872 3273 942 ὁμολογηθεῖσαν
3316 874 3448 940 ἡμῖν
3478 870 3688 932 ἐλπίδα,
3726 871 3979 937 κατέχω-

2398 984 2497 1036 μεν
2545 967 2715 1036 abripi
2766 965 3011 1034 βεῦαίαν.
3057 966 3398 1033 Ἡλπίσαμεν
3441 964 3552 1034 γὰρ
3601 966 3659 1016 ἐν
3688 964 3832 1032 ὀρχῇ
3876 965 3978 1030 τῆς

2393 1060 2652 1121 πίστεως,
2708 1059 2791 1110 ὅτι
2842 1059 2938 1111 καὶ
2971 1058 3129 1110 αὐτοὶ
3181 1058 3258 1116 si;
3293 1057 3384 1109 τὸν
3413 1057 3639 1126 οὐρανὸν
3680 1056 3983 1108 εἰσελευσὸ-

2397 1150 2576 1217 μεθα·
2623 1148 2717 1222 καὶ
2765 1147 3202 1218 ὡμολογήσαμεν
3255 1148 3343 1199 ὅτε
3390 1146 3493 1208 τὰς
3554 1144 3829 1214 συνθήκας
3878 1145 3981 1211 τῆς

724 1261 1063 1303 mortuorum
1098 1265 1197 1303 nos
1230 1250 1475 1311 credere,
1513 1258 1567 1302 et
1624 1250 1789 1302 vitam
1823 1259 2108 1303 aeternam.
2142 1246 2293 1301 Hanc

2411 1240 2634 1301 tristem;
2688 1238 3063 1308 ἐποιούμεθα,
3124 1241 3205 1299 εἰς
3260 1238 3559 1291 ἀνάστασιν
3617 1236 3825 1303 νεκρῶν
3890 1255 3984 1286 πι-

726 1342 888 1407 igitur
917 1343 1316 1396 confessionem
1365 1343 1717 1395 retineamus.

802 1521 1005 1575 Fidelis
1041 1524 1177 1575 enim
1210 1532 1282 1574 est
1310 1523 1399 1589 qui
1426 1524 1692 1589 promisit.
1741 1520 1897 1576 Vires
1935 1522 2095 1576 nobis
2133 1523 2297 1592 largi-

734 1623 820 1664 tur
846 1612 922 1664 nti
949 1626 1096 1679 spem
1128 1610 1337 1661 tirtnant
1372 1620 1687 1674 teneamus;
1741 1624 1954 1678 nempe,
1986 1610 2030 1662 si
2066 1610 2299 1676 dignita-

733 1714 838 1756 tem
880 1700 999 1770 ejus
1028 1702 1119 1769 qui
1159 1701 1428 1769 promisit,
1464 1701 1646 1753 animo
1674 1701 2095 1769 perpendamus.
2136 1699 2296 1752 Fid-r-

728 1793 796 1847 lis
817 1794 959 1845 enim
980 1799 1086 1855 est,
1109 1790 1214 1844 hoc
1238 1798 1320 1844 est
1370 1806 1551 1853 verus,
1577 1792 1691 1858 ipse
1715 1789 1969 1842 Christus
1988 1789 2077 1858 qui
2123 1789 2296 1843 dixit:

733 1880 831 1934 l'bi
864 1898 955 1949 ego
990 1897 1127 1944 sum,
1150 1890 1199 1932 et
1222 1879 1466 1931 minister
1493 1894 1635 1931 meus
1670 1879 1791 1930 erit.

798 1972 967 2026 Vens.
998 1970 1089 2024 24.
1129 1969 1196 2023 Et
1225 1970 1615 2023 consideremus
1645 1986 1738 2023 nos
1781 1978 1962 2021 mutuo
2008 1970 2081 2021 ad
2108 1983 2297 2036 provo-

732 2067 989 2119 cationem
1021 2065 1309 2117 cltaritatis
1354 2073 1401 2116 et
1436 2061 1691 2116 bonorum
1729 2077 1961 2128 operum.
2002 2061 2300 2115 Charitalis

731 2156 1127 2225 perfectionem
1184 2151 1356 2205 addit.
1392 2149 1798 2206 Consideremus
1855 2152 2025 2217 enim,
2092 2152 2293 2221 inquit,

732 2264 826 2300 nos
863 2255 1061 2309 mutuo,
1094 2243 1197 2296 hoc
1231 2251 1335 2305 est,
1368 2242 1532 2311 726
1558 2243 1939 2311 inspiciamus,
1972 2244 2016 2298 si
2049 2244 2172 2312 quis
2196 2244 2303 2295 vir-

734 2347 847 2390 tute
880 2334 1135 2402 insignis,
1171 2343 1229 2386 ut
1258 2333 1403 2385 hunc
1464 2332 1782 2385 imitemur:
1820 2346 1926 2384 non
1964 2339 2021 2384 ut
2062 2331 2304 2384 invidea-

732 2444 857 2481 mus
898 2427 969 2489 ei,
1003 2426 1098 2480 scd
1132 2426 1315 2494 potius
1349 2430 1406 2475 ut
1457 2423 1770 2488 incitemur,
1834 2433 1893 2477 ut
1939 2422 2127 2477 eadem
2177 2437 2302 2476 cum

734 2524 855 2592 ipso
884 2532 1051 2589 Opera
1118 2498 1491 2585 perﬁciamus.
1557 2511 1887 2568 Provocatio
1948 2522 2131 2569 autem
2193 2513 2307 2565 haec

735 2611 1025 2687 Charitath
1056 2617 1161 2672 est,
1190 2622 1299 2663 non
1336 2604 1575 2660 invidias.
1611 2605 1681 2659 Ut
1712 2606 1856 2659 enim
1890 2606 2099 2659 l‘errum
2159 2605 2305 2658 ferro

732 2706 1023 2760 exacuitur
1059 2722 1071 2757 :
1108 2704 1189 2759 sic
1213 2703 1393 2756 anima
1421 2715 1543 2755 cum
1589 2698 1768 2752 anima
1800 2694 2186 2749 commercium
2210 2695 2307 2747 ha-

734 2798 894 2860 bens,
954 2795 1021 2851 ad
1074 2796 1261 2849 eadem
1325 2794 1498 2863 ipsam
1548 2791 1769 2854 incitat,
1816 2794 2191 2841 verumtamen
2254 2784 2307 2837 in

733 2887 1022 2940 charitate.
1048 2883 1145 2937 Vel
1164 2881 1559 2937 conversemini
1582 2887 1790 2945 mutuo,
1815 2890 1923 2947 quo
1936 2874 2307 2930 accendamini

739 2989 795 3029 ut
848 2986 1039 3029 mutuo
1074 2974 1317 3043 diligatis
1346 2982 1399 3028 et
1438 2971 1761 3039 diligamini.

808 3064 977 3119 Vens.
1008 3066 1099 3119 ‘25.
1132 3066 1250 3118 Non
1297 3064 1594 3117 deserentes
1629 3062 1989 3115 collectionem
2044 3068 2305 3112 nostram.

732 3157 1087 3226 Compertum
1105 3155 1285 3219 habet,
1325 3163 1651 3208 conventum
1681 3158 1925 3205 mutuum
1960 3150 2307 3202 dilectionem

740 3262 1004 3320 generare
1046 3265 1061 3300 :
1095 3247 1217 3300 ideo
1249 3253 1436 3299 monet
1472 3259 1568 3299 eos
1604 3260 1669 3297 ne
1719 3245 1979 3297 emittant
2017 3243 2160 3295 inter
2186 3256 2306 3297 sese
2335 3214 2382 3275 ο

740 3338 1083 3410 coogregari,
1105 3353 1285 3403 neque
1298 3338 1675 3405 separationes
1692 3344 1745 3387 et
1761 3333 2121 3387 conciliabula
2144 3348 2310 3401 prava

742 3433 1064 3487 moliantur.
1128 3427 1227 3481 Ubi
1283 3428 1426 3481 enim
1480 3436 1601 3479 sunt
1662 3427 1766 3480 duo
1812 3412 1895 3478 rel
1947 3434 2050 3478 tres
2093 3442 2312 3494 congre-

740 3525 871 3592 gati,
898 3523 1008 3576 illic
1034 3538 1151 3576 sum
1183 3522 1237 3575 in
1264 3521 1433 3574 medio
1455 3536 1634 3574 eorum
1657 3520 1723 3575 ".
1771 3517 1913 3584 Quin
1938 3520 2100 3572 etiam
2128 3519 2312 3572 Eccle-

742 3615 838 3668 sia:
860 3614 1035 3668 oratio
1066 3612 1287 3668 Petrum
1341 3626 1371 3664 a
1411 3611 1646 3666 vinculis
1701 3612 1887 3675 solvit,
1920 3621 1975 3664 et
2022 3625 2052 3664 a
2094 3625 2314 3664 carcere

740 3704 1012 3758 liberavit.

815 3793 965 3847 Sicut
982 3794 1378 3847 consuetudinis
1396 3802 1471 3846 est
1493 3793 1827 3862 quibusdam.
1852 3790 1951 3844 Hic
1974 3800 2195 3846 accusat
2219 3806 2314 3847 eos

743 3886 835 3954 qui
870 3886 938 3937 ab
975 3883 1218 3939 Ecclesia
1248 3891 1594 3952 separantur.

818 3978 924 4031 Sed
952 3977 1287 4030 consolantes
1310 3991 1395 4029 vos
1434 3976 1596 4044 ipsos.
1630 3972 1742 4028 Hoc
1778 3983 1882 4034 est,
1926 3983 1984 4027 ut
2008 3983 2197 4028 mutuo
2237 3974 2315 4027 al-

746 4080 830 4124 ter
860 4070 1018 4123 alteri
1068 4068 1190 4123 sitis
1241 4066 1455 4131 solatio,
1498 4066 1857 4120 admonentes
1895 4080 1995 4118 vos
2047 4065 2312 4128 vicissim,

747 4176 809 4213 ac
844 4161 1127 4225 docentes,
1165 4168 1219 4212 et
1248 4158 1623 4221 consolantes,
1658 4172 1723 4209 ac
1752 4156 1998 4209 levamen
2046 4157 2313 4207 malorum

746 4253 1141 4320 impertientes.
1180 4249 1376 4304 Frater
1432 4250 1569 4303 enim
1601 4264 1632 4300 a
1669 4249 1837 4315 fratre
1883 4248 2124 4314 adjutus,
2162 4249 2318 4317 quasi

744 4344 928 4395 civitas
960 4344 1115 4412 ﬁrma
1148 4342 1215 4397 “.

822 4433 897 4485 Ac
934 4442 1080 4484 tanta
1104 4433 1300 4499 magis,
1328 4439 1527 4500 quanto
1571 4429 1757 4483 videtis
1810 4429 2319 4499 appropinquantem

2397 1331 2629 1396 στεύειν,
2661 1329 2757 1382 καὶ⁵
2806 1330 2887 1391 εἰς
2937 1328 3083 1398 ζωὴν
3113 1328 3353 1382 αἰώνιον.
3404 1326 3621 1397 Ταύτην
3647 1328 3827 1380 τοίνυν
3877 1328 3981 1396 τὴν

2397 1421 2693 1491 ὁμολογίαν
2727 1422 3073 1491 κατέχωμεν.

2468 1514 2690 1578 Πιστὸς
2723 1513 2834 1582 γὰρ
2887 1517 2920 1566 ὀ
2968 1511 3500 1580 ἐπαγγειλάμενος.
3555 1512 3780 1564 Διδωσιν
3823 1511 3983 1579 ἰσχὺν

2399 1604 2516 1666 πῶς
2548 1603 2851 1673 καθέξομεν
2885 1603 2987 1673 τὴν
3034 1604 3226 1656 ἐλπίδα
3264 1603 3524 1672 βεϐαίαν·
3572 1604 3668 1655 ἐὰν
3708 1604 3991 1671 ἐννοήσςψ.

2401 1713 2501 1765 μεν
2527 1697 2588 1748 τὸ
2625 1696 2938 1763 ἀξιόπιστον
2968 1694 3063 1748 τοῦ
3095 1694 3596 1763 ἐπαγγειλαμένου.
3628 1692 3822 1753 Πιστὸς
3844 1694 3984 1761 γὰρ,

2398 1786 2677 1839 τουτέστιν
2732 1786 2958 1854 ἀληθὴς,
2999 1789 3028 1839 ὁ
3070 1787 3305 1856 Χριστὸς
3354 1790 3382 1839 ὁ
3429 1786 3629 1838 εἰπών·
3663 1785 3793 1837 Ὅτι
3824 1785 3985 1837 ὅπου

2328 1881 2368 1934 Β
2397 1876 2514 1943 ειμι
2543 1875 2679 1945 ἐγὼ,
2712 1877 2811 1929 καὶ
2841 1879 2875 1930 δ
2904 1876 3189 1943 διάκονος
3218 1880 3251 1931 ὁ
3281 1877 3425 1945 ἐμὸς
3462 1876 3657 1929 ἔσται.

2473 1968 2584 2021 Kal
2641 1968 3028 2037 κατανοῶμεν
3078 1969 3393 2036 ἀλλήλους
3444 1972 3533 2034 εὶς
3588 1967 3992 2038 παροξυσμὸν

2401 2060 2637 2129 ἀγάπης
2668 2058 2768 2112 καὶ
2795 2059 3000 2113 καλῶν
3017 2059 3229 2129 ἔργων.
3258 2046 3332 2112 Τ’ὸ
3356 2060 3563 2112 τέλειον
3584 2060 3626 2089 ³⁷
3661 2059 3990 2129 προστίθησι

2401 2156 2501 2222 τῆς
2550 2152 2793 2221 ἀγάπης.
2850 2151 3221 2221 Κατανοῶμεν
3255 2152 3385 2221 γὰρ,
3439 2151 3629 2219 φησὶν,
3677 2149 3988 2220 ἀλλήλους.

2400 2245 2701 2308 τουτέστιν,
2725 2244 3118 2313 ἐπισκοπῶμεν
3152 2243 3207 2295 εἴ
3227 2261 3312 2306 τις
3350 2245 3625 2311 ἐνάρετος,
3674 2243 3760 2295 ἵνα
3791 2241 3991 2294 τοῦτον

2407 2336 2705 2407 μιμώμεθα
2725 2353 2741 2368 ·
2775 2337 2874 2405 οὐχ
2928 2336 3017 2388 ἵνα
3048 2335 3355 2405 φθονῶμεν,
3403 2336 3520 2389 ἀλλ’
3550 2336 3638 2389 ἵνα
3673 2335 3998 2405 παροξυνώ-

2410 2429 2550 2497 μεθα
2581 2427 2783 2498 μᾶλλον
2803 2429 2884 2489 εἰς
2905 2426 2966 2479 τὸ
2989 2427 3058 2479 τὰ
3084 2426 3225 2479 αὐτὰ
3252 2427 3449 2495 ἐκείνῳ
3474 2427 3616 2480 καλά
3633 2426 3770 2496 ἔργα
3788 2430 3993 2481 ποιεῖν.

2419 2519 2477 2571 Ὀ
2516 2519 2572 2571 δὲ
2612 2518 2964 2589 παροξυσμὸς
3002 2511 3158 2579 οὗτος
3202 2518 3427 2587 ἀγάπης
3473 2518 3641 2581 ἐστὶν,
3686 2518 3808 2586 οὐχὶ
3852 2517 3999 2587 φθό-

2410 2629 2501 2663 νου
2525 2612 2589 2665 ⁸⁸.
2630 2612 2841 2680 Ὥσπερ
2894 2610 3005 2677 γὰρ
3056 2610 3276 2680 σίδηρος
3326 2611 3546 2680 σίδηρον
3595 2610 3797 2673 ὀξύνει,
3844 2611 4001 2663 οὕτω

2409 2703 2682 2773 καὶψυχὴ
2724 2703 2857 2773 πρὸς
2905 2703 3083 2773 ψυχὴν
3133 2702 3435 2772 ὁμιλοῦσα,
3482 2702 3773 2772 παροξύνει
3820 2702 3999 2771 αὐτὴν

2411 2796 2491 2857 εἰς
2524 2796 2593 2847 τὰ
2637 2795 2802 2859 αὐτὰ,
2838 2795 2978 2863 πλὴν
3029 2797 3089 2847 ἐν
3135 2795 3346 2864 ἀγάπῃ.
3398 2793 3466 2847 Ἦ
3506 2794 3602 2847 καὶ
3644 2795 3726 2847 ὅτι
3762 2794 3998 2845 σύνεσθε

2414 2884 2687 2953 ἀλλήλοις,
2721 2884 2863 2937 ὥστε
2919 2884 3381 2954 ἐκθερμαίνεσθαι
3428 2886 3509 2947 εἰς
3557 2885 3618 2937 τὸ
3648 2884 3869 2953 ἀγαπᾷν
3899 2884 4001 2936 καὶ

2414 2977 2753 3043 ἀγαπᾶσθαι.

2483 3066 2580 3132 Μὴ
2606 3066 3145 3133 ἐγκαταλείποντες
3178 3067 3295 3134 τὴν
3338 3067 3806 3135 ἐπισυναγωγὴν
3848 3066 4001 3118 ἐαυ-

2415 3156 2551 3210 τῶν.
2578 3153 2733 3209 Οἶδεν
2752 3158 2914 3210 ὅτιτὸ
2943 3158 3298 3228 συνέρχεσθαι
3327 3157 3584 3226 ἀλλήλοις
3637 3159 3738 3224 τὴν
3764 3158 4002 3224 ἀγάπην

2414 3250 2600 3317 γεννᾷ,
2650 3248 2731 3300 διὸ
2783 3251 3041 3316 παραινεί
3091 3249 3167 3317 μὴ
3201 3246 3624 3314 ἐγκαταλείπειν
3658 3246 3718 3300 τὸ
3763 3250 4005 3300 ἐπισυν-

2416 3341 2665 3407 ἀγεσθαι,
2713 3340 2851 3409 μηδὲ
2879 3341 3192 3409 χωρισμοὺς
3226 3341 3321 3392 καὶ
3358 3338 3839 3407 παρασυναγωγὰς
3871 3340 4008 3391 ἐπιο

2414 3432 2683 3499 τηδεύειν.
2718 3431 2913 3484 Ὅπου
2948 3430 3059 3498 γάρ
3095 3432 3215 3483 εισι
3251 3430 3364 3484 δύο
3392 3430 3438 3520 ﬁ
3487 3429 3645 3497 τρεῖς
3688 3430 4003 3497 συνηγμέ-

2414 3538 2530 3585 νοι,
2561 3521 2689 3574 ἐκεῖ
2712 3524 2827 3589 εἰμι
2858 3520 2929 3573 ὲν
2957 3522 3127 3587 μέσῳ
3145 3520 3365 3574 αὐτῶν.
3398 3521 3509 3574 Καὶ
3539 3521 3637 3589 τῆς
3665 3520 4005 3588 Ἐκκλησίας

2417 3616 2450 3683 ὴ
2481 3616 2761 3683 προσευχὴ
2796 3614 2890 3665 καὶ⁸
2920 3613 3127 3683 Πέτρον
3170 3613 3329 3666 ἔλυσε
3358 3612 3468 3665 τῶν
3498 3613 3734 3682 δεσμῶν,
3767 3613 3862 3664 καὶ
3894 3613 4004 3681 τῆς»

2417 3706 2666 3774 φυλακῆς
2696 3706 2958 3759 ἀπέλυσε.

2486 3795 2688 3860 Καθὼς
2726 3798 2863 3861 ἔθος
2897 3798 3081 3852 τισίν.
3117 3796 3383 3849 Ἐνταῦθα
3424 3796 3705 3867 μέμφεται
3749 3796 3860 3858 τοῖς
3891 3814 4009 3865 χω-

2418 3889 2745 3957 ριζομένοις.

2500 3980 2685 4033 Ἀλλὰ
2718 3982 3211 4048 παρακαλοῦντες
3247 3981 3523 4047 ἑαυτούς.
3560 3982 3874 4044 Τουτὲστιν,
3913 3982 4011 4033 ἁλ-

2417 4072 2600 4139 λήλοις
2630 4072 2783 4135 ὄντες
2817 4075 2896 4135 εἰς
2946 4074 3322 4143 παραμυθίαν,
3355 4076 3449 4125 καὶ
3492 4067 3575 4135 εἷς
3620 4073 3714 4126 τὸν
3746 4073 3840 4125 ἕνα
3872 4090 4014 4126 νου-

2419 4162 2719 4228 θετοῦντες,
2781 4166 2877 4216 καὶ
2938 4165 3306 4225 διδάσκοντες,
3375 4165 3473 4216 καὶ
3526 4163 4009 4235 παρηγοροῦντες.

2431 4254 2719 4321 Ἀὄελφὸς
2748 4255 2859 4322 γὰρ
2886 4256 3006 4310 ὑπὸ
3029 4257 3296 4324 ἀδελφοῦ
3315 4256 3748 4324 βοηθούμενος,
3778 4256 3859 4320 ὡς
3886 4258 4012 4308 πό·

2417 4348 2515 4409 λις
2544 4346 2754 4414 ὀχυρά.

2489 4438 2599 4489 Kal
2626 4438 2895 4503 τοσούτῳ
2917 4438 3182 4505 μᾶλλον,
3214 4440 3342 4504 ὅσῳ
3356 4438 3624 4504 ,ϐλέπετε
3639 4437 4018 4507 ἐγγίζουσαν

747 4526 908 4577 diem.
942 4521 1443 4577 Consummationis
1485 4521 1765 4574 nimirum.
1798 4517 2118 4589 Propediem
2172 4520 2308 4573 enim

2423 4526 2540 4595 τὴν
2561 4529 2808 4597 ἡμέραν.
2849 4531 2961 4600 Τὴν
2990 4532 3089 4598 τῆς
3121 4532 3452 4592 συντελείας.
3480 4532 3647 4583 Ὀσον
3677 4531 3787 4601 γὰρ
3817 4529 3880 4582 οὗ
3893 4550 4016 4596 πω,

747 4613 1128 4683 separabimur
1158 4626 1187 4664 a
1230 4611 1434 4665 mundo
1470 4612 1593 4677 hoc,
1631 4626 1801 4680 quare
1846 4625 1977 4680 ergo
2026 4626 2127 4665 nos
2166 4611 2316 4681 ipsos

748 4708 889 4760 alter
923 4705 991 4757 ah
1023 4705 1205 4758 altero
1235 4702 1601 4757 dissociamus
1628 4700 1651 4753 ?
1678 4702 1734 4755 ld
1770 4716 1900 4755 vero
1949 4702 2315 4756 consolationi

749 4798 830 4851 cis
870 4804 1009 4858 erat,
1057 4792 1461 4847 tentationibus
1499 4806 1695 4857 nempe
1729 4791 2065 4858 defatigatis,
2095 4793 2318 4861 perinde

749 4902 814 4940 ac
851 4887 958 4937 alio
994 4886 1049 4938 in
1086 4884 1208 4937 loco
1246 4884 1378 4937 dicit
1406 4898 1420 4937 :
1453 4882 1709 4935 Dominus
1734 4898 1893 4951 prope
1910 4892 2008 4947 est,
2042 4883 2172 4935 nihil
2197 4886 2316 4938 sitis

746 4977 983 5029 solliciti.

825 5066 991 5119 \‘t-tns.
1040 5066 1132 5120 ΞΒ.
1200 5064 1511 5118 Voluntarte
1556 5066 1696 5118 enim
1752 5065 2084 5131 peccantibus
2142 5067 2312 5121 nobis.

752 5156 1091 5208 Adhortatus
1125 5164 1210 5208 est
1256 5155 1325 5207 ab
1362 5154 1445 5209 his
1472 5170 1594 5223 quae
1626 5154 1845 5208 utiliora
1900 5163 2075 5219 erant,
2123 5170 2318 5225 nempe

748 5244 891 5313 quod
909 5242 1160 5297 liduciatn
1187 5243 1469 5305 habemus,
1497 5243 1640 5313 quod
1670 5253 2015 5312 peccatorum
2039 5245 2318 5299 condona-

754 5336 902 5388 tione
935 5334 1125 5389 donati
1169 5351 1361 5389 sumus
1395 5354 1408 5389 :
1446 5352 1592 5389 nunc
1630 5352 1659 5389 a
1695 5335 2028 5390 tristioribus
2054 5346 2316 5391 terrorem

750 5427 967 5482 incutit.
1000 5428 1236 5483 Observa
1268 5436 1452 5484 autem
1489 5444 1648 5498 quam
1683 5444 1987 5499 propensus
2016 5439 2101 5485 est
2134 5430 2199 5484 ad
2229 5446 2316 5484 ve-

824 5609 868 5640 "
899 5609 1085 5662 Matth.
1120 5612 1254 5674 χιιι,
1284 5610 1373 5665 20.
1455 5610 1500 5639 ‘°
1528 5608 1689 5663 Prov.
1723 5625 1875 5672 xvm,
1910 5611 1994 5665 l9.

2425 4619 2579 4689 φησὶ,
2620 4621 2969 4691 χωριζόμεθα
3002 4623 3097 4676 τοῦ
3144 4624 3355 4693 κόσμου
3405 4623 3624 4683 τούτου,
3673 4622 3727 4673 τι
3773 4622 4020 4685 ἑαυτοὺς

2424 4709 2671 4780 ἀλλήλων
2700 4710 3040 4781 χωρίζομενς
3066 4712 3237 4765 Τοῦτο
3264 4712 3322 4764 δὲ
3348 4710 3678 4781 παραμυθία
3696 4706 3766 4779 ἦν
3790 4711 4020 4777 αὐτοῖς,

2423 4800 2781 4869 ἀπειρηκόσιν
2820 4802 2925 4854 ὑπὸ
2953 4803 3063 4856 τῶν
3113 4802 3461 4873 πειρασμῶν,
3504 4803 3582 4865 ὡς
3624 4802 3720 4855 καὶ
3760 4801 4017 4872 ἀλλαχαῦ

2426 4908 2613 4960 φησιν’
2659 4891 2724 4944 '0
2755 4893 2970 4961 Κύριος
3006 4894 3209 4963 ἐγγὺς,
3235 4892 3433 4964 μηδὲν
3454 4892 3798 4963 μεριμνᾶτε.

2510 5070 2839 5137 Ἑκουσίως
2874 5072 2986 5140 γὰρ
3014 5071 3477 5141 ἁμαρτανόντων
3508 5070 3695 5140 ήμῶν.
3729 5072 4022 5141 Προετρέ-

2425 5162 2566 5231 ψιιτο
2592 5164 2703 5216 ἀπὺ
2726 5164 2836 5216 τῶν
2878 5165 3284 5235 χρηστοτέρων,
3317 5165 3399 5217 ὅτι
3433 5164 3749 5233 παρρησίαν
3777 5163 4017 5232 ἔχομεν,

2427 5254 2509 5306 ὅτι
2538 5256 2786 5322 ἀφέσεως
2814 5255 3126 5325 ἠξιώθημεν
3146 5272 3160 5287 ο
3200 5256 3294 5308 νῦν
3334 5256 3431 5307 καὶ
3457 5255 3566 5307 ἀπὸ
3592 5254 3699 5306 τῶν
3750 5254 4018 5324 σκυθρω-

2428 5345 2673 5415 ποτέρων
2724 5347 2899 5414 φοὸεϊ.
2956 5347 3100 5416 Ὅρα
3143 5348 3199 5399 δὲ
3246 5346 3365 5409 πῶς
3414 5348 3528 5398 ἐστι
3588 5348 4017 5414 συγγνωμικός.

2437 5435 2764 5501 Ἑκουσίως
2822 5437 2933 5508 γὰρ
2994 5440 3479 5507 ἁμαρτανόντων,
3533 5435 3716 5507 φησίν·
3778 5436 3856 5498 ὡς
3910 5439 4021 5491 ἐὰν

2141 5705 2342 5766 Varias
2374 5704 2701 5769 lectiones.

824 5805 869 5836 ξιτ
905 5804 992 5859 τον,
1026 5805 1176 5866 τέλος
1206 5820 1257 5858 ο,
1340 5803 1382 5833 ³⁸
1414 5802 1643 5871 ἀφθόνιυ
1674 5821 1726 5857 0.
