4154 6440
183 432 281 493 333

923 424 1326 487 EXPOSITIO
1358 423 1435 483 1N
1467 422 1709 482 EI’IST.
1750 420 1850 478 AD
1890 417 2279 479 IlEBREOS.
2318 445 2385 453 —-
2416 419 2578 478 CAP.
2616 422 2687 480 X.

3329 406 3443 475 334

178 552 463 614 ἁκουσέω’,
498 549 615 600 ἐστί
646 564 731 608 τις
784 544 982 615 μετρία
1034 539 1358 609 συγγνώμη.
1395 539 1535 601 Ὀρα
1555 536 1610 589 δὲ
1645 535 1761 597 πῶς

1867 534 2009 587 niam
2051 534 2308 587 dandam.
2344 535 2433 588 Ait
2481 534 2663 597 enim,
2716 532 3014 587 voluntarie
3063 534 3440 602 peccantibus;

179 643 269 692 οὐκ
303 636 481 703 εἶπεν,
520 637 900 707 ἁμαρτόντων,
956 632 1095 699 ἀλλ’,
1129 629 1575 702 ἁμαρτανόντων,
1610 644 1760 679 τουτ-

182 735 340 794 έστιν,
376 731 684 800 έμενόντων
712 732 778 797 τῇ
816 728 1063 796 ἁμαρτίᾳ
1095 724 1507 793 ἀμετανοήτως.
1556 720 1641 780 Ὠς
1668 718 1761 772 ὲάν

177 841 231 889 γε
279 824 357 892 μὴ
389 822 805 892 ἐπιμμένωμεν,
859 818 996 873 ἀλλὰ
1031 818 1324 886 μετάνοιαν
1375 811 1759 882 ἐνδειξώμεθα,

179 914 324 967 ἐπαι
352 912 688 982 συγγνώμη.
727 909 837 963 Ποῦ
858 909 952 962 οὖν
984 912 1034 963 οἱ
1072 909 1170 976 τὴν
1201 904 1487 978 μετάνοιαν
1519 905 1761 974 ἀναιρεῖ-

180 1008 291 1058 citat
318 1005 559 1059 ἐνταῦθα
598 1005 846 1072 λέγοντες
872 1021 887 1069 ;

238 1285 406 1337 ἐυετὰ
478 1284 541 1336 τὸ
595 1282 804 1336 λαϐεῖν
862 1280 976 1347 τὴν
1044 1279 1373 1347 ἐπίγνωσιν
1430 1278 1539 1343 τῆς
1609 1276 1759 1340 ἁλη-

176 1376 351 1439 Θείας.
403 1376 474 1426 'll
532 1373 626 1426 τοῦ
690 1372 927 1443 Χριστοῦ
957 1410 973 1433 ,
1030 1370 1065 1440 ἢ
1130 1369 1349 1422 πάντων
1398 1367 1506 1421 τῶν
1559 1365 1762 1435 δογμά-

174 1468 298 1519 τῶν.

234 1560 459 1615 Οὐκέτι
495 1559 627 1627 περὶ
677 1555 979 1627 ἁμαρτιῶν
1011 1555 1400 1611 ἀπολείπεται
1433 1554 1635 1606 θυσία.
1684 1552 1759 1603 Οὐ

175 1646 267 1716 τὴν
296 1648 602 1717 μετάνοιαν
635 1646 875 1714 ἀναιρῶν
898 1645 1049 1713 λέγει
1090 1642 1286 1709 ταῦτα,
1320 1641 1392 1707 ὦς
1425 1658 1571 1704 τινες
1619 1658 1761 1711 παρ-

180 1740 420 1807 ενὸησαν
444 1741 511 1805 ³³,
544 1738 681 1791 ἀλλὰ
718 1739 992 1791 δείκνυσιν
1013 1775 1029 1800 ,
1082 1739 1163 1791 ὅτι
1218 1738 1320 1790 οὐκ
1343 1735 1459 1788 ἐστι
1509 1734 1761 1805 δεύτερον

173 1831 496 1900 βάπτισμα·
528 1831 610 1883 διδ
656 1830 778 1883 οὐδὲ
815 1828 1069 1899 δεύτερος
1107 1828 1338 1891 θάνατος
1372 1825 1467 1880 τοῦ
1498 1826 1755 1895 Χριστοῦ.

1864 626 2000 679 adeo
2030 636 2084 678 ut
2119 625 2292 679 invito
2324 627 2677 695 peccantibus
2714 624 2891 679 facilis
2924 634 3111 694 parata
3143 636 3226 681 est
3258 628 3438 681 venia.

1863 717 2164 771 Considera
2198 728 2402 780 autem,
2432 720 2577 786 quod
2610 734 2716 773 non
2748 719 2907 785 dixit,
2968 719 3036 774 Iis
3088 718 3183 788 qui
3247 736 3439 788 peccao

1867 817 2012 872 runt,
2042 809 2158 874 sed,
2194 810 2552 878 peccantibus,
2606 811 2708 864 hoc
2745 818 2850 873 est,
2878 809 2931 864 in
2957 818 3181 880 peccato
3207 809 3326 865 sine
3357 825 3444 865 re-

1865 897 2185 966 sipisccntia
2218 896 2691 966 permanentihus.
2736 898 2870 951 Nam
2895 897 2941 952 si
2970 913 3077 952 non
3114 912 3439 967 permanea-

1868 1004 2013 1053 mus,
2082 989 2175 1043 sed
2238 988 2575 1056 poenitentia:
2655 989 2931 1057 specimen
3002 993 3440 1055 exhibuerimus.

1867 1082 2039 1136 veniae
2061 1091 2208 1136 ccrte
2236 1082 2390 1135 locus
2429 1085 2551 1137 erit.
2593 1081 2697 1139 Ubi
2724 1097 2853 1140 sunt
2885 1085 3054 1154 igitur
3076 1087 3167 1155 qui
3199 1087 3288 1142 hic
3318 1103 3439 1160 pa:-

1866 1174 2151 1227 nitentiam
2172 1175 2286 1228 tolli
2328 1176 2609 1228 clamant?

1936 1264 2063 1323 Post
2096 1276 2370 1335 acceptam
2404 1267 2648 1319 notitiam
2671 1269 2928 1325 veritatis.
2968 1269 3069 1323 Vel
3098 1270 3330 1336 Christi,
3356 1273 3443 1327 vel

1865 1358 2108 1410 omnium
2146 1357 2485 1426 dogmatum.

1946 1537 2075 1591 Jam
2108 1556 2212 1592 non
2246 1541 2564 1609 relinquitur
2590 1557 2685 1610 pro
2713 1543 2942 1611 peccatis
2997 1543 3191 1605 hostia.
3229 1544 3348 1603 Non
3387 1558 3449 1604 ut

1868 1629 2245 1701 pmnitentiam
2278 1630 2514 1697 auferat,
2544 1632 2658 1687 haec
2684 1632 2840 1699 dicit,
2879 1642 2940 1689 ut
2984 1635 3204 1705 quidam
3252 1653 3449 1711 perpe-

1868 1741 1982 1780 ram
2017 1726 2448 1782 intellexerunt:
2487 1729 2581 1783 sed
2617 1729 2861 1785 ostendit
2918 1746 3026 1786 non
3086 1749 3211 1790 esse
3261 1736 3442 1792 locum

1867 1817 2114 1872 secundo
2151 1817 2493 1887 baptismati,
2549 1819 2781 1890 ideoque
2829 1836 2929 1878 nec
2982 1826 3240 1882 secundae
3285 1833 3448 1884 morti

174 1922 382 1975 Θυσίαν
427 1922 535 1991 γὰρ
569 1922 760 1976 τοῦτον
803 1922 980 1987 καλεῖ,
1019 1922 1094 1985 ὼς
1129 1922 1223 1975 καὶ
1259 1922 1319 1973 ὲν
1342 1921 1455 1981 τοῖς
1503 1917 1754 1974 κατόπιν.

1867 1908 2087 1965 Christi.
2107 1907 2353 1966 Hostiam
2372 1912 2516 1965 enim
2538 1925 2657 1966 eam
2687 1914 2944 1982 appellat,
2969 1925 3027 1971 ut
3043 1919 3272 1988 posdtac
3300 1920 3450 1977 vidc-

173 2014 282 2083 Μιᾷ
322 2013 435 2080 γὰρ
464 2013 627 2083 θυσίᾳ
663 2013 1013 2067 τετελείωκεν
1047 2016 1128 2074 είς
1157 2012 1217 2066 τὸ
1249 2012 1529 2082 διηνεκές·
1560 2010 1620 2063 τὺ
1651 2011 1757 2080 γὰρ

173 2105 468 2173 βάπτισμα
510 2106 669 2175 ἡμῶν
696 2104 787 2158 τὸν
820 2105 1051 2158 θάνατον
1072 2103 1329 2167 είκονίζει
1365 2100 1755 2171 τοίΧριστοῦ.

174 2195 392 2265 Ὠσπερ
422 2191 517 2247 οὗν
548 2196 755 2259 ἐκεῖνος
785 2190 888 2258 εἷς,
917 2195 1061 2249 οὕτω
1097 2196 1190 2248 καὶ
1234 2193 1391 2247 τοῦτο
1430 2192 1511 2246 ἐν.
1551 2191 1616 2244 Ti
1649 2190 1761 2244 τοί-

174 2306 260 2339 νυν
295 2287 643 2357 ἁμαρτάνεις
670 2286 847 2351 οὕτως
891 2287 1087 2352 ἀδεῶς,
1128 2287 1204 2359 μὴ
1235 2285 1403 2353 οῦσης
1433 2284 1648 2346 ἐλπίδος
1677 2284 1762 2337 ὅτι

171 2376 255 2429 διὰ.
303 2378 405 2430 τοῦ
461 2377 840 2447 βαπτίσματος
892 2376 1296 2447 ἀταλαιπώρως
1334 2374 1644 2446 ἀπαλείψῃς
1694 2375 1763 2427 τὰ

174 2469 588 2539 άμαρτήματας
623 2463 821 2522 Καλῶν
848 2468 943 2522 οῦν
971 2469 1148 2538 ἔργων
1180 2465 1479 2521 ἁντιποιοῦ.

240 2654 481 2718 Φοϐείὰ
518 2651 586 2704 δέ
612 2669 702 2717 τις
738 2652 961 2720 ἐκδοχὴ
1007 2652 1281 2719 κρίσεως,
1322 2650 1421 2702 καὶ
1451 2649 1641 2717 πυρὸς
1671 2648 1767 2717 ζῆ·-

173 2741 301 2804 λες,
337 2740 575 2793 ἐσθίειν
612 2740 949 2808 μέλλοντος
996 2740 1139 2805 τοὺς
1169 2739 1587 2805 ὑπεναντίους.
1622 2740 1766 2808 Ὅρα

1859 1997 2059 2054 bimus.
2090 1997 2207 2054 Una
2225 2013 2371 2055 enim
2395 2000 2573 2056 hostia
2600 2006 2999 2060 consummavit
3025 2009 3079 2062 in
3106 2019 3448 2081 perpetuum.

1860 2091 2124 2146 Nosuum
2157 2094 2304 2147 enim
2336 2092 2608 2164 baptisma
2641 2105 2872 2152 mortem
2909 2097 3116 2155 Christi
3147 2118 3451 2173 repraesen-

1864 2190 1967 2237 tat.
2007 2183 2075 2238 Ut
2105 2182 2278 2254 igitur
2326 2199 2476 2239 mors
2522 2184 2728 2241 Christi
2764 2202 2893 2254 una,
2939 2191 3019 2245 sic
3072 2199 3126 2247 et
3177 2193 3450 2264 baptisma

1866 2289 2056 2327 unum.
2091 2274 2232 2340 Quid
2267 2275 2436 2346 igitur
2490 2277 2630 2333 adeo
2690 2279 2963 2350 intrepide
3014 2283 3175 2354 727
3229 2301 3446 2356 peccas,

1864 2379 1989 2417 tum
2021 2379 2129 2419 non
2159 2367 2232 2420 sit
2266 2381 2395 2438 spes
2433 2369 2672 2437 amplius
2726 2379 2780 2424 te
2813 2387 2911 2441 per
2966 2373 3235 2442 baptisma
3264 2377 3448 2435 denuo

1866 2456 1985 2510 sine
2005 2458 2190 2512 labore
2215 2469 2440 2527 peccata
2465 2460 2647 2515 delere
2672 2476 2833 2531 posse
2858 2464 2882 2517 ’ί
2915 2462 3063 2519 Bona
3094 2466 3259 2537 igitur
3284 2484 3451 2540 Opera

1868 2547 1962 2601 tibi
2000 2548 2248 2603 vendica.

1941 2635 2107 2691 Vens.
2136 2637 2226 2689 27.
2248 2636 2354 2691 Sed
2376 2640 2629 2696 terribilis
2670 2643 2915 2711 qua'dam
2946 2650 3238 2714 expectatio
3250 2651 3451 2719 judicii

1867 2741 1915 2782 et
1957 2729 2091 2798 ignis
2122 2732 2419 2796 armulatio,
2454 2748 2570 2801 qua:
2589 2746 2972 2805 consumptum
2993 2750 3068 2792 est
3088 2739 3448 2799 adversarios.

179 2832 292 2893 πῶς
356 2826 472 2883 οἷον
516 2831 768 2901 ἐψύχωσε
820 2832 880 2883 τὸ
933 2831 1069 2902 πῦρ.
1121 2832 1386 2899 Καθάπερ
1431 2832 1539 2901 γὰρ
1580 2830 1762 2900 Θηρίον

1870 2818 2260 2874 Animadverte
2275 2821 2551 2889 quomodo
2584 2822 2787 2892 ignem,
2810 2828 2966 2893 quasi
2982 2830 3256 2885 animatus
3278 2843 3448 2898 esset,

176 2923 626 2991 παροξυνόμενον
669 2924 729 2975 οὐ
771 2924 1004 2976 παύεται
1039 2924 1145 2986 ἓως
1205 2916 1267 2976 οὗ
1313 2922 1453 2996 λάσῃ
1494 2924 1635 2987 τινὰ,
1674 2924 1762 2976 καὶ

1872 2909 2105 2964 inducit.
2168 2911 2404 2967 Perinde
2454 2913 2602 2968 enim
2647 2924 2707 2970 ut
2765 2917 2944 2972 bellua
2974 2924 3302 2979 exacerbata
3342 2943 3449 2982 non

176 3016 507 3083 καταφαγὸν
530 3016 735 3085 κορέσῃ
766 3015 855 3067 τὸν
886 3015 1058 3085 θυμόν
1078 3031 1093 3045 ·
1130 3015 1275 3068 οὓτω
1306 3017 1530 3068 κάκεῖνο
1551 3015 1611 3067 τὸ
1634 3015 1762 3085 πῦρ,

1874 3002 2094 3057 desistit
2156 3006 2425 3075 tantisper
2451 3006 2580 3061 dum
2632 3010 3056 3079 apprehenderit
3111 3017 3447 3087 quempiam,

178 3108 373 3177 ζηλοῦν
430 3108 575 3178 ὑπὲρ
617 3110 727 3161 τῶν
760 3108 853 3162 τοῦ
893 3109 1030 3161 Θεοῦ
1070 3109 1304 3162 ἐντολῶν
1352 3109 1463 3162 τῶν
1510 3108 1762 3179 παραϐα-

1873 3109 1981 3163 quo
2012 3096 2277 3150 devOrato
2303 3106 2586 3154 exsaturet
2628 3101 2983 3172 cupiditatem
3014 3120 3172 3162 suam
3204 3124 3219 3164 :
3261 3111 3343 3166 sic
3396 3124 3452 3169 et

178 3200 394 3262 Θεισῶν,
428 3202 529 3253 καὶ
557 3202 845 3269 ἀγριαῖνον
876 3200 1015 3270 ὑπὲρ
1047 3201 1297 3263 ἐκείνων,
1323 3200 1382 3254 ὃν
1408 3201 1474 3254 ἂν
1500 3201 1762 3271 συλλάϐῃ,
1793 3231 1837 3271 ρ
1875 3187 1963 3241 me
1990 3189 2132 3257 ῖεηίε
2159 3204 2256 3258 ι)νο
2305 3194 2741 3261 ιτειηεετεεεῑοηθ
2770 3196 3151 3255 mandatorum
3198 3203 3450 3270 εαενίεηει

176 3293 417 3346 camiros
475 3292 871 3362 διαδιὸρὼσκει
920 3291 1028 3345 ἀεί.
1084 3292 1162 3347 Οῦ
1214 3291 1322 3362 γὰρ
1375 3288 1520 3358 εἷπε,
1573 3294 1762 3360 φαγεῖν

1872 3291 1936 3330 ac
1970 3287 2191 3347 propter
2245 3281 2338 3335 illa
2368 3281 2649 3347 eﬂ‘eratus,
2694 3300 3083 3360 quemcunque
3144 3295 3451 3364 apprehen-

178 3383 392 3451 μέλλον,
426 3382 570 3447 ἀλλ’,
608 3383 834 3447 ἐσθίειν,
880 3383 1065 3446 ἀῖδέως
1115 3382 1338 3453 δηλαδή.
1382 3383 1762 3445 Ὑπεναντίους

1871 3368 2033 3435 derit,
2054 3371 2284 3425 devorat
2313 3389 2547 3444 semper.
2579 3374 2700 3430 Non
2725 3379 2869 3432 enim
2902 3380 3061 3445 dixit,
3096 3384 3453 3444 Manducatuo

173 3471 247 3535 δὲ,
294 3474 356 3525 οῦ
412 3473 583 3542 μόνον
614 3474 741 3534 τοὺς
770 3472 1055 3535 ἀπίστους,
1091 3470 1230 3524 ἀλλὰ
1258 3470 1353 3524 καὶ
1379 3471 1505 3533 τοὺς
1539 3471 1762 3533 πιστοὺς

1870 3479 1949 3531 ra,
2016 3466 2135 3531 sed,
2207 3466 2561 3536 Devoratura,
2616 3472 2672 3527 in
2735 3476 3131 3546 sempiternum
3168 3482 3447 3540 videlicet.

181 3566 295 3632 μὲν,
330 3566 401 3618 τὰ
432 3564 662 3617 ἐναντία
687 3564 743 3617 δὲ
771 3563 880 3618 τῶν
904 3563 1136 3617 ἐντολῶν
1157 3563 1253 3617 τοῦ
1289 3563 1425 3616 Θεοῦ
1458 3562 1762 3632 ἐργαζομέ-

1868 3559 2231 3617 Adversarius
2300 3572 2507 3629 autem,
2542 3580 2653 3621 non
2722 3567 2869 3624 solos
2924 3569 3197 3638 inﬁdeles,
3254 3590 3445 3631 verum

176 3673 312 3719 γης.
1871 3650 2021 3719 ipsos
2062 3652 2227 3706 etiam
2260 3652 2451 3710 ﬁdeles
2476 3656 2724 3725 quidem,
2755 3659 2978 3731 indigna
3010 3670 3192 3719 tamen
3217 3668 3449 3722 manda-

255 3842 309 3893 Ἀ
321 3838 600 3903 θετήσας
632 3855 725 3902 τις
756 3840 949 3906 νόμον
988 3836 1269 3901 Μωσέως.
1323 3836 1455 3889 Ἀπὸ
1483 3837 1577 3890 τοῦ
1607 3838 1767 3891 ἐλάτ-

180 3948 322 3993 τονος
372 3931 630 3982 δείκνυσι
662 3929 888 3991 δικαίως
930 3929 1305 3998 γενησομένην
1339 3929 1437 3998 τὴν
1470 3932 1764 4000 τιμωρίαν,

182 4023 263 4073 ἵνα
324 4025 423 4073 καὶ
476 4020 686 4089 μᾶλλον
733 4019 1050 4089 πιστότερος
1088 4022 1115 4072 ὁ
1168 4020 1325 4087 λόγος
1480 4021 1663 4092 Νόμον
1710 4024 1768 4076 δὲ

1872 3741 1942 3793 tis
1966 3738 2056 3792 Dei
2094 3750 2397 3810 patrantes.

1946 3834 2111 3888 Vens.
2147 3835 2238 3889 28.
2271 3835 2493 3889 lrritam
2561 3839 2680 3908 quis
2710 3840 2911 3908 faciens
2937 3844 3099 3913 legem
3152 3846 3340 3903 Mosis.
3401 3852 3446 3904 Α

1871 3926 2069 3978 minori
2093 3926 2334 3980 ostendit
2360 3930 2557 3981 merito
2582 3930 2825 3985 futurum
2857 3936 3215 4003 supplicium,
3243 3948 3299 3992 ut
3326 3940 3451 4010 plus

1872 4014 1993 4068 ﬁdei
2026 4015 2262 4069 orationi
2315 4032 2429 4071 suae
2458 4020 2737 4075 conciliet.
2796 4021 2997 4093 Legem
3067 4036 3248 4082 autem
3284 4028 3452 4085 Mosis

177 4114 456 4174 Πωῦσέως
490 4111 661 4178 λέγει,
697 4110 831 4163 διότι
863 4110 1033 4164 πολλὰ
1061 4110 1224 4175 αὐτὸς
1253 4111 1557 4177 διετάξατο.

240 4207 436 4271 Χωρίς
472 4202 817 4271 οἰκτιρμῶν,
863 4204 961 4256 ἐπὶ
996 4202 1183 4256 δυσὶν
1212 4203 1250 4271 ἢ
1282 4203 1439 4271 τρισὶ
1466 4203 1770 4272 μάρτυσιν

177 4296 583 4359 ἀποθνήσκει.
628 4293 693 4344 Ἠ
746 4292 999 4357 σύνταξις
1052 4292 1254 4357 οὕτως·
1334 4296 1631 4367 Ἀϐετήσας
1684 4315 1762 4361 τις

1875 4292 2124 4343 moritur.
2187 4290 2538 4346 Construetio
2594 4301 2680 4349 est
2756 4294 3128 4364 hujusmodi:
3207 4297 3263 4351 Si
3324 4302 3449 4369 quis

178 4390 335 4456 νόμον
390 4386 673 4448 Μωσέως,
727 4386 823 4438 ἐπὶ
863 4386 1016 4439 δυσὶν
1064 4387 1098 4457 ἦ
1134 4388 1282 4457 τρισί⁸
1314 4370 1553 4457 μάρτυσι
1602 4391 1762 4459 χωρὶς

1874 4384 2045 4451 legem
2100 4382 2396 4436 Mosaicam
2427 4382 2735 4451 rejecisset,
2782 4387 2885 4441 sub
2915 4387 3130 4443 duobus
3153 4398 3245 4444 aut
3272 4392 3450 4447 tribus

181 4478 493 4548 οἰκτιρμῶν
529 4477 902 4547 ἀποθνήσκειο
957 4478 1257 4544 τουτέστιν,
1319 4480 1417 4532 ἐὰν
1460 4481 1762 4553 ὁμολογηθῇ

1871 4473 2103 4528 testibus
2136 4474 2254 4528 sine
2283 4474 2392 4527 ulla
2417 4476 2772 4531 miseratione
2800 4480 3067 4534 moritur:
3096 4480 3199 4536 hoc
3239 4493 3345 4550 est,
3401 4488 3450 4539 si

182 4572 276 4621 ὑπὸ
327 4570 431 4623 δύο
484 4568 523 4638 ἢ
575 4568 750 4639 τριῶν
807 4570 1122 4641 μαρτύρων,
1170 4570 1251 4623 ὅτι
1303 4571 1519 4642 παρέϐη
1561 4574 1652 4625 τὸν
1679 4576 1762 4627 νό-

1873 4566 2194 4620 confessum
2224 4564 2390 4619 fuerit
2414 4580 2442 4619 a
2475 4566 2693 4622 duobus
2726 4570 2971 4626 tribusve
3022 4573 3253 4629 testibus
3301 4579 3449 4645 quod

1871 4107 2023 4166 dicit.
2056 4108 2500 4179 quandoquidem
2540 4112 2713 4165 tnulta
2763 4113 2844 4171 eis
2876 4115 2990 4183 ipse
3020 4116 3339 4186 injunserit.

1948 4200 2073 4253 Sine
2105 4199 2219 4252 ulla
2249 4202 2614 4267 miseratione,
2647 4204 2853 4259 duobus
2909 4217 3000 4260 aut
3034 4210 3200 4264 tribus
3230 4213 3449 4266 testibus

182 4678 293 4728 μον.

245 4753 433 4817 Πόσῳ
471 4749 706 4804 δοκεῖτε
744 4751 1014 4819 χείρονος
1051 4751 1372 4815 ἀξιοῦσθαι
1409 4757 1703 4824 τιμωρίας,
1734 4761 1767 4812 d

176 4846 276 4899 τὸν
315 4847 465 4900 Υιὸν
515 4846 625 4900 τοῦ
671 4848 821 4900 Θεοῦ
866 4848 1317 4917 καταπατήσας,
1372 4850 1471 4902 καὶ
1512 4850 1580 4904 τὸ
1622 4847 1766 4921 alita

176 4937 276 5003 τῆς
318 4936 634 5003 Διαθήκης
684 4938 894 4991 κοινὸν
946 4937 1371 5008 ἠγησάμενος;
1421 4940 1532 5010 Τὴν
1583 4942 1766 5011 κρίσιν

179 5031 358 5091 αὐτοῖς
421 5029 749 5097 ἐπιτρέπει·
808 5030 943 5099 ὅπερ
985 5030 1260 5101 εἰώθαμεν
1305 5034 1479 5085 ποιεῖν
1527 5033 1766 5087 ἐπὶτῶν

179 5120 383 5189 σφόδρα
445 5120 937 5191 ὁμολογουμένων,
999 5123 1125 5186 τοὺς
1181 5122 1458 5194 ἀκροατὰς
1506 5124 1766 5188 δικαστὰς

178 5210 486 5270 ποιοῦντες.
546 5209 614 5262 Τί
679 5210 738 5263 δέ
788 5213 904 5264 ἐστι
964 5214 1045 5277 τὸ,
1108 5214 1579 5280 καταπατήσας
1622 5214 1766 5267 τοῦτ’

181 5305 317 5370 ἔστι,
351 5307 802 5374 καταφρονήσας.
845 5307 1053 5377 Ὠσπερ
1099 5309 1209 5379 γὰρ
1257 5309 1369 5363 τῶν
1418 5327 1764 5363 καταπατου·

181 5396 358 5461 μένων
386 5395 589 5447 οὐδένα
621 5396 781 5463 λόγον
830 5397 1049 5467 ἔχομεν,
1083 5399 1226 5451 οὓτω
1260 5403 1355 5453 καὶ
1397 5400 1491 5453 τοῦ
1523 5401 1762 5472 Χριστοῦ

182 5486 385 5554 μηδένα
415 5486 577 5553 λόγον
606 5486 844 5555 ἔχοντες,
887 5486 1059 5551 οὕτως
1084 5488 1179 5541 ἐπὶ
1206 5490 1267 5542 τὸ
1304 5491 1640 5560 ἁμαρτάνειν
1670 5492 1761 5560 ἐρ-

180 5572 403 5639 χόμεθα.
438 5572 551 5625 Kal
578 5573 644 5625 τὸ
672 5567 815 5643 αἷμα
845 5571 951 5642 τῆς
975 5576 1270 5644 Διαθήκης
1296 5579 1503 5631 κοινὸν
1524 5577 1757 5646 ἡγησὰ-

1873 4657 2267 4725 ριιαξνειτίροιιιε
2298 4659 2369 4711 sit
2396 4657 2592 4726 legem.

1946 4745 2113 4801 Vnus.
2140 4747 2231 4800 29.
2257 4747 2473 4813 Quanto
2523 4751 2689 4819 magis
2708 4753 2909 4820 putatis
2942 4754 3205 4810 deteriora
3257 4760 3448 4813 mereri

1870 4837 2152 4906 supplicia,
2203 4840 2293 4908 qui
2354 4840 2552 4893 Filium
2576 4842 2674 4895 Dei
2698 4844 3104 4913 conculcaverit,
3132 4857 3182 4901 et
3221 4852 3444 4919 sangui-

1871 4945 1986 4982 nem
2026 4927 2351 4983 Testamenti
2400 4932 2664 5001 pollutum
2711 4935 2956 4989 duxerit?
2994 4936 3131 5007 Ipsis
3182 4941 3445 5010 judicium

1873 5021 2170 5090 permittit:
2208 5023 2353 5091 quod
2404 5024 2460 5076 in
2493 5024 2651 5079 valde
2681 5032 2887 5096 apertis
2937 5027 3119 5085 facere
3179 5032 3442 5097 solemus,

1867 5126 1991 5167 cum
2019 5114 2299 5169 auditores
2323 5116 2566 5173 arbitros
2595 5116 2890 5175 iaciamus.
2932 5120 3075 5187 Quid
3113 5133 3292 5178 autem
3333 5136 3443 5189 est,

1867 5208 1972 5274 Qui
1997 5209 2563 5267 conculcaveritthoc
2618 5223 2725 5279 est,
2756 5218 2850 5286 qui
2898 5220 3312 5288 contempserit.
3373 5220 3443 5274 lit

1867 5303 2016 5355 enim
2071 5303 2521 5359 conculcatorum
2587 5308 2794 5362 nullam
2824 5311 3094 5364 rationem
3151 5311 3438 5377 habemus,

1871 5395 1949 5448 ita
2009 5395 2209 5450 Christi
2271 5396 2422 5450 nulla
2471 5398 2686 5453 ratione
2734 5398 2920 5453 habita
2978 5400 3046 5455 ad
3103 5404 3438 5471 peccandum

1872 5484 2140 5536 venimus.
2168 5481 2235 5535 Et
2260 5484 2567 5553 sanguinem
2594 5484 2915 5541 Testamenti
2928 5490 3186 5559 pollutum
3206 5492 3442 5558 duxerit,

1870 5576 1974 5629 hoc
2003 5586 2107 5642 est,
2135 5575 2270 5631 nihil
2298 5577 2366 5632 ab
2392 5577 2501 5633 alio
2550 5592 2749 5635 cruore
2780 5580 2999 5639 differre
3050 5585 3275 5652 putarit.
3341 5584 3442 5638 Tc-

1553 5756 1760 5816 Varite
1794 5753 2121 5818 lectiones.

261 5851 301 5881 "
336 5854 649 5922 ὑπενόησαν
684 5868 740 5910 ο.
