  <div class='ocr_page' id='page_1' title='image "/cluster/home/n/w/nwhite01/storage/ocr_20150623/125/nnc1.0046979794/173.png"; bbox 0 0 4154 6440; ppageno 0'>
   <div class='ocr_carea' id='block_1_1' title="bbox 776 398 880 460">
    <p class='ocr_par' dir='ltr' id='par_1_1' title="bbox 776 398 880 460">
     <span class='ocr_line' id='line_1_1' title="bbox 776 398 880 460; baseline -0.029 -1"><span class='ocrx_word' id='word_1_1' title='bbox 776 398 880 460; x_wconf 75' lang='lat'>335</span> 
     </span>
    </p>
   </div>
   <div class='ocr_carea' id='block_1_2' title="bbox 1725 392 3133 455">
    <p class='ocr_par' dir='ltr' id='par_1_2' title="bbox 1725 392 3133 455">
     <span class='ocr_line' id='line_1_2' title="bbox 1725 392 3133 455; baseline 0.001 -2"><span class='ocrx_word' id='word_1_2' title='bbox 1725 392 2298 453; x_wconf 78' lang='lat' dir='ltr'>THEOPHYLACTI</span> <span class='ocrx_word' id='word_1_3' title='bbox 2345 392 2748 452; x_wconf 63' lang='lat' dir='ltr'>BUIBARME</span> <span class='ocrx_word' id='word_1_4' title='bbox 2783 394 3133 455; x_wconf 78' lang='lat' dir='ltr'>ARCHIEP.</span> 
     </span>
    </p>
   </div>
   <div class='ocr_carea' id='block_1_3' title="bbox 3954 400 4052 461">
    <p class='ocr_par' dir='ltr' id='par_1_3' title="bbox 3954 400 4052 461">
     <span class='ocr_line' id='line_1_3' title="bbox 3954 400 4052 461; baseline -0.02 0"><span class='ocrx_word' id='word_1_5' title='bbox 3954 400 4052 461; x_wconf 81' lang='lat'>336</span> 
     </span>
    </p>
   </div>
   <div class='ocr_carea' id='block_1_4' title="bbox 786 501 2346 575">
    <p class='ocr_par' dir='ltr' id='par_1_4' title="bbox 786 501 2346 573">
     <span class='ocr_line' id='line_1_4' title="bbox 786 501 2346 573; baseline -0.004 -12"><span class='ocrx_word' id='word_1_6' title='bbox 786 506 1035 561; x_wconf 71' lang='lat' dir='ltr'>stamenti</span> <span class='ocrx_word' id='word_1_7' title='bbox 1073 503 1277 567; x_wconf 79' lang='lat' dir='ltr'>autem,</span> <span class='ocrx_word' id='word_1_8' title='bbox 1310 501 1453 573; x_wconf 88' lang='lat' dir='ltr'>quod</span> <span class='ocrx_word' id='word_1_9' title='bbox 1485 508 1894 566; x_wconf 80' lang='lat' dir='ltr'>testamentum,</span> <span class='ocrx_word' id='word_1_10' title='bbox 1919 503 2061 573; x_wconf 85' lang='lat' dir='ltr'>quod</span> <span class='ocrx_word' id='word_1_11' title='bbox 2097 502 2346 556; x_wconf 87' lang='lat' dir='ltr'>bonorun</span> 
     </span>
    </p>
   </div>
   <div class='ocr_carea' id='block_1_5' title="bbox 2451 501 4046 575">
    <p class='ocr_par' dir='ltr' id='par_1_5' title="bbox 2469 503 4046 575">
     <span class='ocr_line' id='line_1_5' title="bbox 2469 503 4046 575; baseline 0.003 -22"><span class='ocrx_word' id='word_1_12' title='bbox 2469 519 2690 570; x_wconf 80' lang='grc' dir='ltr'>μενος·</span> <span class='ocrx_word' id='word_1_13' title='bbox 2752 504 3016 566; x_wconf 68' lang='grc' dir='ltr'>τουτέστι,</span> <span class='ocrx_word' id='word_1_14' title='bbox 3071 503 3235 572; x_wconf 78' lang='grc' dir='ltr'>μηδὲν</span> <span class='ocrx_word' id='word_1_15' title='bbox 3289 503 3446 557; x_wconf 75' lang='grc' dir='ltr'>πλέον</span> <span class='ocrx_word' id='word_1_16' title='bbox 3486 503 3624 575; x_wconf 79' lang='grc' dir='ltr'>ἔχων</span> <span class='ocrx_word' id='word_1_17' title='bbox 3674 505 3779 557; x_wconf 84' lang='grc' dir='ltr'>τῶν</span> <span class='ocrx_word' id='word_1_18' title='bbox 3818 504 4046 557; x_wconf 77' lang='grc' dir='ltr'>λοιπῶν.</span> 
     </span>
    </p>
   </div>
   <div class='ocr_carea' id='block_1_6' title="bbox 793 594 2363 664">
    <p class='ocr_par' dir='ltr' id='par_1_6' title="bbox 793 594 2363 664">
     <span class='ocr_line' id='line_1_6' title="bbox 793 594 2363 664; baseline -0.005 -10"><span class='ocrx_word' id='word_1_19' title='bbox 793 599 949 654; x_wconf 84' lang='lat' dir='ltr'>nobis</span> <span class='ocrx_word' id='word_1_20' title='bbox 1009 597 1378 649; x_wconf 65' lang='lat' dir='ltr'>litereditatcm</span> <span class='ocrx_word' id='word_1_21' title='bbox 1440 594 1703 663; x_wconf 88' lang='lat' dir='ltr'>impertit,</span> <span class='ocrx_word' id='word_1_22' title='bbox 1753 604 1813 648; x_wconf 85' lang='grc' dir='ltr'>ιιι</span> <span class='ocrx_word' id='word_1_23' title='bbox 1842 611 2008 664; x_wconf 82' lang='lat' dir='ltr'>supra</span> <span class='ocrx_word' id='word_1_24' title='bbox 2039 595 2363 649; x_wconf 81' lang='lat' dir='ltr'>memoravi-</span> 
     </span>
    </p>
   </div>
   <div class='ocr_carea' id='block_1_7' title="bbox 796 682 2364 755">
    <p class='ocr_par' dir='ltr' id='par_1_7' title="bbox 796 682 2364 755">
     <span class='ocr_line' id='line_1_7' title="bbox 796 682 2364 755; baseline -0.001 -16"><span class='ocrx_word' id='word_1_25' title='bbox 796 701 938 749; x_wconf 86' lang='lat' dir='ltr'>mus,</span> <span class='ocrx_word' id='word_1_26' title='bbox 994 701 1089 754; x_wconf 87' lang='lat' dir='ltr'>per</span> <span class='ocrx_word' id='word_1_27' title='bbox 1141 687 1318 755; x_wconf 85' lang='lat' dir='ltr'>ipsum</span> <span class='ocrx_word' id='word_1_28' title='bbox 1369 684 1672 738; x_wconf 84' lang='lat' dir='ltr'>stabilitum</span> <span class='ocrx_word' id='word_1_29' title='bbox 1741 694 1847 740; x_wconf 86' lang='lat' dir='ltr'>est.</span> <span class='ocrx_word' id='word_1_30' title='bbox 1904 683 2029 738; x_wconf 66' lang='lat' dir='ltr'>llaec</span> <span class='ocrx_word' id='word_1_31' title='bbox 2056 694 2236 737; x_wconf 88' lang='lat' dir='ltr'>autem</span> <span class='ocrx_word' id='word_1_32' title='bbox 2295 682 2364 737; x_wconf 88' lang='lat' dir='ltr'>de</span> 
     </span>
    </p>
   </div>
   <div class='ocr_carea' id='block_1_8' title="bbox 786 772 2363 839">
    <p class='ocr_par' dir='ltr' id='par_1_8' title="bbox 786 772 2363 839">
     <span class='ocr_line' id='line_1_8' title="bbox 786 772 2363 839; baseline -0.002 -9"><span class='ocrx_word' id='word_1_33' title='bbox 786 784 1135 831; x_wconf 81' lang='lat' dir='ltr'>sacramento</span> <span class='ocrx_word' id='word_1_34' title='bbox 1188 788 1359 828; x_wconf 71' lang='lat' dir='ltr'>omnm</span> <span class='ocrx_word' id='word_1_35' title='bbox 1421 773 1716 829; x_wconf 70' lang='lat' dir='ltr'>Dominicae</span> <span class='ocrx_word' id='word_1_36' title='bbox 1751 774 1916 828; x_wconf 83' lang='lat' dir='ltr'>&#39;dicta</span> <span class='ocrx_word' id='word_1_37' title='bbox 1950 781 2099 829; x_wconf 87' lang='lat' dir='ltr'>sunt.</span> <span class='ocrx_word' id='word_1_38' title='bbox 2131 772 2363 839; x_wconf 80' lang='lat' dir='ltr'><strong>Quando</strong></span> 
     </span>
    </p>
   </div>
   <div class='ocr_carea' id='block_1_9' title="bbox 788 866 2359 935">
    <p class='ocr_par' dir='ltr' id='par_1_9' title="bbox 788 866 2359 935">
     <span class='ocr_line' id='line_1_9' title="bbox 788 866 2359 935; baseline -0.004 -13"><span class='ocrx_word' id='word_1_39' title='bbox 788 870 933 922; x_wconf 88' lang='lat' dir='ltr'>enim</span> <span class='ocrx_word' id='word_1_40' title='bbox 959 876 1301 923; x_wconf 79' lang='lat' dir='ltr'>assumentes</span> <span class='ocrx_word' id='word_1_41' title='bbox 1323 866 1670 935; x_wconf 90' lang='lat' dir='ltr'>impollutum</span> <span class='ocrx_word' id='word_1_42' title='bbox 1705 882 1907 935; x_wconf 90' lang='lat' dir='ltr'>corpus</span> <span class='ocrx_word' id='word_1_43' title='bbox 1935 877 1989 921; x_wconf 89' lang='lat' dir='ltr'>et</span> <span class='ocrx_word' id='word_1_44' title='bbox 2038 866 2359 935; x_wconf 83' lang='lat' dir='ltr'>sanguinem</span> 
     </span>
    </p>
   </div>
   <div class='ocr_carea' id='block_1_10' title="bbox 786 958 2360 1028">
    <p class='ocr_par' dir='ltr' id='par_1_10' title="bbox 786 958 2360 1028">
     <span class='ocr_line' id='line_1_10' title="bbox 786 958 2360 1028; baseline -0.005 -13"><span class='ocrx_word' id='word_1_45' title='bbox 786 961 1014 1026; x_wconf 87' lang='lat' dir='ltr'>Christi,</span> <span class='ocrx_word' id='word_1_46' title='bbox 1049 961 1101 1013; x_wconf 92' lang='lat' dir='ltr'>in</span> <span class='ocrx_word' id='word_1_47' title='bbox 1130 974 1289 1014; x_wconf 82' lang='lat' dir='ltr'>cceno</span> <span class='ocrx_word' id='word_1_48' title='bbox 1320 974 1382 1013; x_wconf 88' lang='lat' dir='ltr'>ac</span> <span class='ocrx_word' id='word_1_49' title='bbox 1413 959 1527 1014; x_wconf 91' lang='lat' dir='ltr'>luto</span> <span class='ocrx_word' id='word_1_50' title='bbox 1550 959 1850 1028; x_wconf 75' lang='lat' dir='ltr'>corporalis</span> <span class='ocrx_word' id='word_1_51' title='bbox 1875 958 2211 1027; x_wconf 88' lang='lat' dir='ltr'>itnpuritatis</span> <span class='ocrx_word' id='word_1_52' title='bbox 2235 972 2360 1010; x_wconf 88' lang='lat' dir='ltr'>ear-</span> 
     </span>
    </p>
   </div>
   <div class='ocr_carea' id='block_1_11' title="bbox 789 1048 2358 1117">
    <p class='ocr_par' dir='ltr' id='par_1_11' title="bbox 789 1048 2358 1117">
     <span class='ocr_line' id='line_1_11' title="bbox 789 1048 2358 1117; baseline -0.004 -11"><span class='ocrx_word' id='word_1_53' title='bbox 789 1068 911 1106; x_wconf 80' lang='lat' dir='ltr'>nem</span> <span class='ocrx_word' id='word_1_54' title='bbox 973 1059 1217 1104; x_wconf 87' lang='lat' dir='ltr'>nostram</span> <span class='ocrx_word' id='word_1_55' title='bbox 1279 1064 1401 1117; x_wconf 74' lang='lat' dir='ltr'>qua:</span> <span class='ocrx_word' id='word_1_56' title='bbox 1451 1049 1583 1103; x_wconf 90' lang='lat' dir='ltr'>illud</span> <span class='ocrx_word' id='word_1_57' title='bbox 1653 1049 1972 1117; x_wconf 87' lang='lat' dir='ltr'>assumpsit,</span> <span class='ocrx_word' id='word_1_58' title='bbox 2019 1048 2358 1111; x_wconf 80' lang='lat' dir='ltr'>volntamus,</span> 
     </span>
    </p>
   </div>
   <div class='ocr_carea' id='block_1_12' title="bbox 788 1138 2357 1197">
    <p class='ocr_par' dir='ltr' id='par_1_12' title="bbox 788 1138 2357 1197">
     <span class='ocr_line' id='line_1_12' title="bbox 788 1138 2357 1197; baseline -0.004 0"><span class='ocrx_word' id='word_1_59' title='bbox 788 1159 972 1197; x_wconf 85' lang='lat' dir='ltr'>nonne</span> <span class='ocrx_word' id='word_1_60' title='bbox 1007 1142 1203 1195; x_wconf 83' lang='lat' dir='ltr'>Filium</span> <span class='ocrx_word' id='word_1_61' title='bbox 1248 1138 1342 1193; x_wconf 89' lang='lat' dir='ltr'>Dei</span> <span class='ocrx_word' id='word_1_62' title='bbox 1377 1139 1810 1193; x_wconf 84' lang='lat' dir='ltr'>conculcamus?</span> <span class='ocrx_word' id='word_1_63' title='bbox 1834 1138 2032 1193; x_wconf 86' lang='lat' dir='ltr'>Lutum</span> <span class='ocrx_word' id='word_1_64' title='bbox 2070 1139 2215 1193; x_wconf 89' lang='lat' dir='ltr'>enim</span> <span class='ocrx_word' id='word_1_65' title='bbox 2246 1148 2357 1192; x_wconf 89' lang='lat' dir='ltr'>ter-</span> 
     </span>
    </p>
   </div>
   <div class='ocr_carea' id='block_1_13' title="bbox 792 1232 2356 1301">
    <p class='ocr_par' dir='ltr' id='par_1_13' title="bbox 792 1232 2356 1301">
     <span class='ocr_line' id='line_1_13' title="bbox 792 1232 2356 1301; baseline -0.003 -16"><span class='ocrx_word' id='word_1_66' title='bbox 792 1253 863 1290; x_wconf 72' lang='lat' dir='ltr'>rm.</span> <span class='ocrx_word' id='word_1_67' title='bbox 892 1252 998 1288; x_wconf 91' lang='lat' dir='ltr'>non</span> <span class='ocrx_word' id='word_1_68' title='bbox 1037 1236 1171 1286; x_wconf 71' lang='lat' dir='ltr'>adeo</span> <span class='ocrx_word' id='word_1_69' title='bbox 1234 1233 1517 1301; x_wconf 72' lang='lat' dir='ltr'>indignum</span> <span class='ocrx_word' id='word_1_70' title='bbox 1571 1241 1653 1285; x_wconf 84' lang='lat' dir='ltr'>est</span> <span class='ocrx_word' id='word_1_71' title='bbox 1677 1247 1905 1300; x_wconf 89' lang='lat' dir='ltr'>corpore</span> <span class='ocrx_word' id='word_1_72' title='bbox 1930 1232 2138 1295; x_wconf 80' lang='lat' dir='ltr'>divino,</span> <span class='ocrx_word' id='word_1_73' title='bbox 2193 1244 2356 1298; x_wconf 86' lang='lat' dir='ltr'>quam</span> 
     </span>
    </p>
   </div>
   <div class='ocr_carea' id='block_1_14' title="bbox 792 1320 2358 1395">
    <p class='ocr_par' dir='ltr' id='par_1_14' title="bbox 792 1320 2358 1395">
     <span class='ocr_line' id='line_1_14' title="bbox 792 1320 2358 1395; baseline -0.003 -14"><span class='ocrx_word' id='word_1_74' title='bbox 792 1328 1100 1395; x_wconf 80' lang='lat' dir='ltr'>impuritas.</span> <span class='ocrx_word' id='word_1_75' title='bbox 1132 1323 1317 1379; x_wconf 89' lang='lat' dir='ltr'>Uteris</span> <span class='ocrx_word' id='word_1_76' title='bbox 1356 1334 1532 1377; x_wconf 86' lang='lat' dir='ltr'>autem</span> <span class='ocrx_word' id='word_1_77' title='bbox 1569 1324 1669 1379; x_wconf 92' lang='lat' dir='ltr'>hoc</span> <span class='ocrx_word' id='word_1_78' title='bbox 1691 1325 1811 1379; x_wconf 87' lang='lat' dir='ltr'>loco</span> <span class='ocrx_word' id='word_1_79' title='bbox 1843 1324 2107 1378; x_wconf 80' lang='lat' dir='ltr'>adversus</span> <span class='ocrx_word' id='word_1_80' title='bbox 2165 1320 2358 1376; x_wconf 66' lang='lat' dir='ltr'>Nestoo</span> 
     </span>
    </p>
   </div>
   <div class='ocr_carea' id='block_1_15' title="bbox 785 1414 2357 1473">
    <p class='ocr_par' dir='ltr' id='par_1_15' title="bbox 785 1414 2357 1473">
     <span class='ocr_line' id='line_1_15' title="bbox 785 1414 2357 1473; baseline -0.005 0"><span class='ocrx_word' id='word_1_81' title='bbox 785 1422 994 1473; x_wconf 86' lang='lat' dir='ltr'>riauos.</span> <span class='ocrx_word' id='word_1_82' title='bbox 1048 1418 1183 1471; x_wconf 85' lang='lat' dir='ltr'>Nam</span> <span class='ocrx_word' id='word_1_83' title='bbox 1246 1416 1322 1469; x_wconf 84' lang='lat' dir='ltr'><strong>illi</strong></span> <span class='ocrx_word' id='word_1_84' title='bbox 1359 1431 1571 1469; x_wconf 89' lang='lat' dir='ltr'>merum</span> <span class='ocrx_word' id='word_1_85' title='bbox 1632 1416 1908 1470; x_wconf 84' lang='lat' dir='ltr'>hominem</span> <span class='ocrx_word' id='word_1_86' title='bbox 1974 1414 2357 1469; x_wconf 81' lang='lat' dir='ltr'>existimantes</span> 
     </span>
    </p>
   </div>
   <div class='ocr_carea' id='block_1_16' title="bbox 782 1509 2353 1581">
    <p class='ocr_par' dir='ltr' id='par_1_16' title="bbox 782 1509 2353 1581">
     <span class='ocr_line' id='line_1_16' title="bbox 782 1509 2353 1581; baseline -0.008 -14"><span class='ocrx_word' id='word_1_87' title='bbox 782 1516 1086 1575; x_wconf 74' lang='lat' dir='ltr'>Christum.</span> <span class='ocrx_word' id='word_1_88' title='bbox 1112 1510 1437 1581; x_wconf 84' lang='lat' dir='ltr'>sanguinem</span> <span class='ocrx_word' id='word_1_89' title='bbox 1472 1509 1591 1579; x_wconf 84' lang='lat' dir='ltr'>ejus</span> <span class='ocrx_word' id='word_1_90' title='bbox 1617 1522 1965 1561; x_wconf 88' lang='lat' dir='ltr'>communem</span> <span class='ocrx_word' id='word_1_91' title='bbox 1993 1513 2353 1568; x_wconf 88' lang='lat' dir='ltr'>censuerunt,</span> 
     </span>
    </p>
   </div>
   <div class='ocr_carea' id='block_1_17' title="bbox 784 1600 1858 1677">
    <p class='ocr_par' dir='ltr' id='par_1_17' title="bbox 784 1600 1858 1677">
     <span class='ocr_line' id='line_1_17' title="bbox 784 1600 1858 1677; baseline -0.008 -17"><span class='ocrx_word' id='word_1_92' title='bbox 784 1623 958 1677; x_wconf 86' lang='lat' dir='ltr'>neque</span> <span class='ocrx_word' id='word_1_93' title='bbox 986 1605 1284 1676; x_wconf 84' lang='lat' dir='ltr'>quidquam</span> <span class='ocrx_word' id='word_1_94' title='bbox 1310 1618 1337 1655; x_wconf 87' lang='lat' dir='ltr'>a</span> <span class='ocrx_word' id='word_1_95' title='bbox 1364 1601 1589 1671; x_wconf 83' lang='lat' dir='ltr'>reliquis</span> <span class='ocrx_word' id='word_1_96' title='bbox 1618 1600 1858 1653; x_wconf 82' lang='lat' dir='ltr'>dill‘erre.</span> 
     </span>
    </p>
   </div>
   <div class='ocr_carea' id='block_1_18' title="bbox 858 1688 2353 1766">
    <p class='ocr_par' dir='ltr' id='par_1_18' title="bbox 858 1688 2353 1766">
     <span class='ocr_line' id='line_1_18' title="bbox 858 1688 2353 1766; baseline -0.006 -15"><span class='ocrx_word' id='word_1_97' title='bbox 858 1697 923 1751; x_wconf 87' lang='lat' dir='ltr'>In</span> <span class='ocrx_word' id='word_1_98' title='bbox 953 1714 1053 1766; x_wconf 89' lang='lat' dir='ltr'>quo</span> <span class='ocrx_word' id='word_1_99' title='bbox 1083 1695 1450 1761; x_wconf 69' lang='lat' dir='ltr'>sanctiﬁcata:</span> <span class='ocrx_word' id='word_1_100' title='bbox 1486 1702 1584 1745; x_wconf 83' lang='lat' dir='ltr'>est.</span> <span class='ocrx_word' id='word_1_101' title='bbox 1614 1689 1997 1760; x_wconf 86' lang='lat' dir='ltr'>Stupiditatem</span> <span class='ocrx_word' id='word_1_102' title='bbox 2025 1697 2078 1743; x_wconf 88' lang='lat' dir='ltr'>et</span> <span class='ocrx_word' id='word_1_103' title='bbox 2123 1688 2353 1758; x_wconf 79' lang='lat' dir='ltr'>ingrati-</span> 
     </span>
    </p>
   </div>
   <div class='ocr_carea' id='block_1_19' title="bbox 782 1779 2352 1850">
    <p class='ocr_par' dir='ltr' id='par_1_19' title="bbox 782 1779 2352 1850">
     <span class='ocr_line' id='line_1_19' title="bbox 782 1779 2352 1850; baseline -0.006 -8"><span class='ocrx_word' id='word_1_104' title='bbox 782 1789 1023 1843; x_wconf 90' lang='lat' dir='ltr'>tudincm</span> <span class='ocrx_word' id='word_1_105' title='bbox 1050 1787 1139 1840; x_wconf 88' lang='lat' dir='ltr'>hic</span> <span class='ocrx_word' id='word_1_106' title='bbox 1169 1782 1430 1838; x_wconf 80' lang='lat' dir='ltr'>ostendit.</span> <span class='ocrx_word' id='word_1_107' title='bbox 1456 1780 1754 1850; x_wconf 82' lang='lat' dir='ltr'>Oportebat</span> <span class='ocrx_word' id='word_1_108' title='bbox 1778 1781 1948 1842; x_wconf 88' lang='lat' dir='ltr'>enim,</span> <span class='ocrx_word' id='word_1_109' title='bbox 1968 1779 2165 1849; x_wconf 85' lang='lat' dir='ltr'>inquit,</span> <span class='ocrx_word' id='word_1_110' title='bbox 2190 1794 2352 1833; x_wconf 85' lang='lat' dir='ltr'>sanc-</span> 
     </span>
    </p>
   </div>
   <div class='ocr_carea' id='block_1_20' title="bbox 2468 590 4049 663">
    <p class='ocr_par' dir='ltr' id='par_1_20' title="bbox 2468 590 4049 663">
     <span class='ocr_line' id='line_1_20' title="bbox 2468 590 4049 663; baseline 0.001 -21"><span class='ocrx_word' id='word_1_111' title='bbox 2468 590 2770 657; x_wconf 76' lang='grc' dir='ltr'>Διαθήκης</span> <span class='ocrx_word' id='word_1_112' title='bbox 2799 591 2877 651; x_wconf 85' lang='grc' dir='ltr'>δὲ,</span> <span class='ocrx_word' id='word_1_113' title='bbox 2907 592 2986 643; x_wconf 79' lang='grc' dir='ltr'>ὅτι</span> <span class='ocrx_word' id='word_1_114' title='bbox 3020 592 3085 643; x_wconf 83' lang='grc' dir='ltr'>δι’</span> <span class='ocrx_word' id='word_1_115' title='bbox 3116 593 3283 662; x_wconf 83' lang='grc' dir='ltr'>αὐτῆς</span> <span class='ocrx_word' id='word_1_116' title='bbox 3320 592 3620 663; x_wconf 64' lang='grc' dir='ltr'>ἐϐεϐαιώθη</span> <span class='ocrx_word' id='word_1_117' title='bbox 3661 594 3693 663; x_wconf 80' lang='grc' dir='ltr'>ἡ</span> <span class='ocrx_word' id='word_1_118' title='bbox 3731 594 3864 662; x_wconf 73' lang='grc' dir='ltr'>πρὸς</span> <span class='ocrx_word' id='word_1_119' title='bbox 3900 595 4049 663; x_wconf 67' lang='grc' dir='ltr'>ἡμᾶς</span> 
     </span>
    </p>
   </div>
   <div class='ocr_carea' id='block_1_21' title="bbox 2465 680 4049 753">
    <p class='ocr_par' dir='ltr' id='par_1_21' title="bbox 2465 680 4049 753">
     <span class='ocr_line' id='line_1_21' title="bbox 2465 680 4049 753; baseline 0.002 -21"><span class='ocrx_word' id='word_1_120' title='bbox 2465 680 2719 752; x_wconf 84' lang='grc' dir='ltr'>διαθήκη,</span> <span class='ocrx_word' id='word_1_121' title='bbox 2756 684 2788 752; x_wconf 84' lang='grc' dir='ltr'><strong>ἡ</strong></span> <span class='ocrx_word' id='word_1_122' title='bbox 2819 684 2917 753; x_wconf 76' lang='grc' dir='ltr'>τὴν</span> <span class='ocrx_word' id='word_1_123' title='bbox 2954 684 3320 753; x_wconf 73' lang='grc' dir='ltr'>κληρονομίαν</span> <span class='ocrx_word' id='word_1_124' title='bbox 3352 685 3481 752; x_wconf 78' lang='grc' dir='ltr'>ἡμῖν</span> <span class='ocrx_word' id='word_1_125' title='bbox 3514 684 3731 737; x_wconf 74' lang='grc' dir='ltr'>διδοῦσα</span> <span class='ocrx_word' id='word_1_126' title='bbox 3758 685 3866 735; x_wconf 82' lang='grc' dir='ltr'>τῶν</span> <span class='ocrx_word' id='word_1_127' title='bbox 3905 686 4049 750; x_wconf 75' lang='grc' dir='ltr'>ἀγα-</span> 
     </span>
    </p>
   </div>
   <div class='ocr_carea' id='block_1_22' title="bbox 2466 773 4051 847">
    <p class='ocr_par' dir='ltr' id='par_1_22' title="bbox 2466 773 4051 847">
     <span class='ocr_line' id='line_1_22' title="bbox 2466 773 4051 847; baseline 0.001 -22"><span class='ocrx_word' id='word_1_128' title='bbox 2466 773 2598 837; x_wconf 84' lang='grc' dir='ltr'>θῶν,</span> <span class='ocrx_word' id='word_1_129' title='bbox 2634 774 2707 837; x_wconf 86' lang='grc' dir='ltr'>ὠς</span> <span class='ocrx_word' id='word_1_130' title='bbox 2742 776 2999 844; x_wconf 82' lang='grc' dir='ltr'>ἀνωτέρω</span> <span class='ocrx_word' id='word_1_131' title='bbox 3038 777 3287 845; x_wconf 81' lang='grc' dir='ltr'>εἴπομεν.</span> <span class='ocrx_word' id='word_1_132' title='bbox 3319 775 3505 829; x_wconf 80' lang='grc' dir='ltr'>Ταῦτα</span> <span class='ocrx_word' id='word_1_133' title='bbox 3541 776 3598 829; x_wconf 85' lang='grc' dir='ltr'>δὲ</span> <span class='ocrx_word' id='word_1_134' title='bbox 3646 776 3911 847; x_wconf 77' lang='grc' dir='ltr'>περὶτῶν</span> <span class='ocrx_word' id='word_1_135' title='bbox 3946 795 4051 845; x_wconf 77' lang='grc' dir='ltr'>μυ-</span> 
     </span>
    </p>
   </div>
   <div class='ocr_carea' id='block_1_23' title="bbox 2466 866 4047 940">
    <p class='ocr_par' dir='ltr' id='par_1_23' title="bbox 2466 866 4047 940">
     <span class='ocr_line' id='line_1_23' title="bbox 2466 866 4047 940; baseline 0 -21"><span class='ocrx_word' id='word_1_136' title='bbox 2466 866 2702 936; x_wconf 83' lang='grc' dir='ltr'>στηρίων</span> <span class='ocrx_word' id='word_1_137' title='bbox 2749 869 2985 938; x_wconf 85' lang='grc' dir='ltr'>εἴρηται.</span> <span class='ocrx_word' id='word_1_138' title='bbox 3031 870 3202 922; x_wconf 85' lang='grc' dir='ltr'>Ὅταν</span> <span class='ocrx_word' id='word_1_139' title='bbox 3246 870 3354 940; x_wconf 76' lang='grc' dir='ltr'>γὰρ</span> <span class='ocrx_word' id='word_1_140' title='bbox 3406 869 3920 940; x_wconf 77' lang='grc' dir='ltr'>μεταλαμϐάνοντες</span> <span class='ocrx_word' id='word_1_141' title='bbox 3952 869 4047 919; x_wconf 66' lang='grc' dir='ltr'>τοῦ</span> 
     </span>
    </p>
   </div>
   <div class='ocr_carea' id='block_1_24' title="bbox 2465 938 4047 1031">
    <p class='ocr_par' dir='ltr' id='par_1_24' title="bbox 2465 938 4047 1031">
     <span class='ocr_line' id='line_1_24' title="bbox 2465 938 4047 1031; baseline -0.001 -19"><span class='ocrx_word' id='word_1_142' title='bbox 2465 959 2742 1029; x_wconf 81' lang='grc' dir='ltr'>ἁχράντου</span> <span class='ocrx_word' id='word_1_143' title='bbox 2785 959 3036 1029; x_wconf 85' lang='grc' dir='ltr'>σώματος</span> <span class='ocrx_word' id='word_1_144' title='bbox 3091 962 3185 1013; x_wconf 82' lang='grc' dir='ltr'>καὶ</span> <span class='ocrx_word' id='word_1_145' title='bbox 3234 938 3486 1030; x_wconf 78' lang='grc' dir='ltr'>αἵματος,</span> <span class='ocrx_word' id='word_1_146' title='bbox 3522 938 3599 1029; x_wconf 52' lang='lat' dir='ltr'>ei}:</span> <span class='ocrx_word' id='word_1_147' title='bbox 3646 959 3892 1031; x_wconf 70' lang='grc' dir='ltr'>βορϐόρῳ</span> <span class='ocrx_word' id='word_1_148' title='bbox 3947 960 4047 1026; x_wconf 73' lang='grc' dir='ltr'>τῆς</span> 
     </span>
    </p>
   </div>
   <div class='ocr_carea' id='block_1_25' title="bbox 2465 1050 4046 1122">
    <p class='ocr_par' dir='ltr' id='par_1_25' title="bbox 2465 1050 4046 1122">
     <span class='ocr_line' id='line_1_25' title="bbox 2465 1050 4046 1122; baseline 0.001 -21"><span class='ocrx_word' id='word_1_149' title='bbox 2465 1051 2787 1119; x_wconf 76' lang='grc' dir='ltr'>σωματικῆς</span> <span class='ocrx_word' id='word_1_150' title='bbox 2837 1050 3181 1121; x_wconf 75' lang='grc' dir='ltr'>ἀκαθαρσίας</span> <span class='ocrx_word' id='word_1_151' title='bbox 3240 1054 3340 1121; x_wconf 80' lang='grc' dir='ltr'>τὴν</span> <span class='ocrx_word' id='word_1_152' title='bbox 3393 1052 3804 1121; x_wconf 79' lang='grc' dir='ltr'>μεταλαϐοῦσαν</span> <span class='ocrx_word' id='word_1_153' title='bbox 3859 1052 4046 1122; x_wconf 56' lang='grc' dir='ltr'>σάρκα</span> 
     </span>
    </p>
   </div>
   <div class='ocr_carea' id='block_1_26' title="bbox 2463 1138 4043 1213">
    <p class='ocr_par' dir='ltr' id='par_1_26' title="bbox 2463 1138 4043 1213">
     <span class='ocr_line' id='line_1_26' title="bbox 2463 1138 4043 1213; baseline 0.002 -21"><span class='ocrx_word' id='word_1_154' title='bbox 2463 1142 2828 1210; x_wconf 80' lang='grc' dir='ltr'>ὲγκυλίωμεν,</span> <span class='ocrx_word' id='word_1_155' title='bbox 2886 1138 2994 1213; x_wconf 76' lang='grc' dir='ltr'>ἆρα</span> <span class='ocrx_word' id='word_1_156' title='bbox 3054 1145 3115 1196; x_wconf 86' lang='grc' dir='ltr'>ού</span> <span class='ocrx_word' id='word_1_157' title='bbox 3168 1145 3595 1213; x_wconf 75' lang='grc' dir='ltr'>καταπατούμεν</span> <span class='ocrx_word' id='word_1_158' title='bbox 3643 1145 3732 1198; x_wconf 72' lang='grc' dir='ltr'>τὸν</span> <span class='ocrx_word' id='word_1_159' title='bbox 3768 1145 3897 1197; x_wconf 75' lang='grc' dir='ltr'>Υἰὸν</span> <span class='ocrx_word' id='word_1_160' title='bbox 3946 1144 4043 1196; x_wconf 65' lang='grc' dir='ltr'>τἰὖ</span> 
     </span>
    </p>
   </div>
   <div class='ocr_carea' id='block_1_27' title="bbox 2460 1231 4046 1304">
    <p class='ocr_par' dir='ltr' id='par_1_27' title="bbox 2460 1231 4046 1304">
     <span class='ocr_line' id='line_1_27' title="bbox 2460 1231 4046 1304; baseline 0.001 -21"><span class='ocrx_word' id='word_1_161' title='bbox 2460 1231 2633 1296; x_wconf 85' lang='grc' dir='ltr'>Θεοῦ;</span> <span class='ocrx_word' id='word_1_162' title='bbox 2679 1232 2737 1283; x_wconf 84' lang='lat' dir='ltr'>&#39;U</span> <span class='ocrx_word' id='word_1_163' title='bbox 2770 1232 2939 1302; x_wconf 76' lang='grc' dir='ltr'>πηλὸς</span> <span class='ocrx_word' id='word_1_164' title='bbox 2982 1236 3091 1304; x_wconf 78' lang='grc' dir='ltr'>γὰρ</span> <span class='ocrx_word' id='word_1_165' title='bbox 3142 1236 3241 1303; x_wconf 73' lang='grc' dir='ltr'>τῆς</span> <span class='ocrx_word' id='word_1_166' title='bbox 3289 1235 3393 1304; x_wconf 83' lang='grc' dir='ltr'>γῆς</span> <span class='ocrx_word' id='word_1_167' title='bbox 3426 1237 3487 1287; x_wconf 87' lang='grc' dir='ltr'>ού</span> <span class='ocrx_word' id='word_1_168' title='bbox 3521 1234 3772 1287; x_wconf 81' lang='grc' dir='ltr'>τοσοῦτον</span> <span class='ocrx_word' id='word_1_169' title='bbox 3817 1238 4046 1299; x_wconf 71' lang='grc' dir='ltr'>ἀνάξιος</span> 
     </span>
    </p>
   </div>
   <div class='ocr_carea' id='block_1_28' title="bbox 2460 1316 4045 1394">
    <p class='ocr_par' dir='ltr' id='par_1_28' title="bbox 2460 1316 4045 1394">
     <span class='ocr_line' id='line_1_28' title="bbox 2460 1316 4045 1394; baseline 0.002 -24"><span class='ocrx_word' id='word_1_170' title='bbox 2460 1316 2554 1370; x_wconf 82' lang='grc' dir='ltr'>τοῦ</span> <span class='ocrx_word' id='word_1_171' title='bbox 2580 1317 2725 1370; x_wconf 83' lang='grc' dir='ltr'>θείου</span> <span class='ocrx_word' id='word_1_172' title='bbox 2782 1319 3057 1390; x_wconf 84' lang='grc' dir='ltr'>σώματος,</span> <span class='ocrx_word' id='word_1_173' title='bbox 3086 1322 3160 1385; x_wconf 84' lang='grc' dir='ltr'>ὡς</span> <span class='ocrx_word' id='word_1_174' title='bbox 3199 1325 3232 1391; x_wconf 84' lang='grc' dir='ltr'>ὴ</span> <span class='ocrx_word' id='word_1_175' title='bbox 3276 1324 3608 1393; x_wconf 63' lang='grc' dir='ltr'>ἀκαθαρσία.</span> <span class='ocrx_word' id='word_1_176' title='bbox 3652 1325 3841 1394; x_wconf 74' lang='grc' dir='ltr'>Χρὴσῃ</span> <span class='ocrx_word' id='word_1_177' title='bbox 3876 1326 3932 1376; x_wconf 82' lang='grc' dir='ltr'>δὲ</span> <span class='ocrx_word' id='word_1_178' title='bbox 3967 1325 4045 1392; x_wconf 71' lang='grc' dir='ltr'>τῷ</span> 
     </span>
    </p>
   </div>
   <div class='ocr_carea' id='block_1_29' title="bbox 2462 1409 4044 1484">
    <p class='ocr_par' dir='ltr' id='par_1_29' title="bbox 2462 1409 4044 1484">
     <span class='ocr_line' id='line_1_29' title="bbox 2462 1409 4044 1484; baseline 0.004 -26"><span class='ocrx_word' id='word_1_179' title='bbox 2462 1410 2683 1479; x_wconf 78' lang='grc' dir='ltr'>ρητῷ⁴⁰</span> <span class='ocrx_word' id='word_1_180' title='bbox 2736 1412 2827 1462; x_wconf 75' lang='grc' dir='ltr'>καὶ</span> <span class='ocrx_word' id='word_1_181' title='bbox 2871 1413 3013 1465; x_wconf 85' lang='grc' dir='ltr'>κατά</span> <span class='ocrx_word' id='word_1_182' title='bbox 3063 1414 3461 1484; x_wconf 79' lang='grc' dir='ltr'>Νεστοριανῶν.</span> <span class='ocrx_word' id='word_1_183' title='bbox 3514 1409 3674 1466; x_wconf 72' lang='grc' dir='ltr'>Οὗτοι</span> <span class='ocrx_word' id='word_1_184' title='bbox 3720 1416 3825 1482; x_wconf 75' lang='grc' dir='ltr'>γὰρ</span> <span class='ocrx_word' id='word_1_185' title='bbox 3880 1416 4044 1484; x_wconf 51' lang='lat' dir='ltr'>Qui?»</span> 
     </span>
    </p>
   </div>
   <div class='ocr_carea' id='block_1_30' title="bbox 2458 1501 4041 1575">
    <p class='ocr_par' dir='ltr' id='par_1_30' title="bbox 2458 1501 4041 1575">
     <span class='ocr_line' id='line_1_30' title="bbox 2458 1501 4041 1575; baseline 0.001 -20"><span class='ocrx_word' id='word_1_186' title='bbox 2458 1501 2742 1571; x_wconf 78' lang='grc' dir='ltr'>ἄνθρωπον</span> <span class='ocrx_word' id='word_1_187' title='bbox 2769 1504 3006 1569; x_wconf 84' lang='grc' dir='ltr'>οἰόμενοι</span> <span class='ocrx_word' id='word_1_188' title='bbox 3050 1504 3140 1556; x_wconf 77' lang='grc' dir='ltr'>τὸν</span> <span class='ocrx_word' id='word_1_189' title='bbox 3187 1506 3441 1574; x_wconf 79' lang='grc' dir='ltr'>Χριστὸν,</span> <span class='ocrx_word' id='word_1_190' title='bbox 3476 1508 3567 1557; x_wconf 77' lang='grc' dir='ltr'>καὶ</span> <span class='ocrx_word' id='word_1_191' title='bbox 3598 1507 3658 1558; x_wconf 84' lang='grc' dir='ltr'>τὸ</span> <span class='ocrx_word' id='word_1_192' title='bbox 3689 1502 3828 1575; x_wconf 76' lang='grc' dir='ltr'>αἷμα</span> <span class='ocrx_word' id='word_1_193' title='bbox 3862 1507 4041 1558; x_wconf 73' lang='grc' dir='ltr'>αὖτοῦ</span> 
     </span>
    </p>
   </div>
   <div class='ocr_carea' id='block_1_31' title="bbox 2458 1594 3923 1665">
    <p class='ocr_par' dir='ltr' id='par_1_31' title="bbox 2458 1594 3923 1665">
     <span class='ocr_line' id='line_1_31' title="bbox 2458 1594 3923 1665; baseline 0.004 -19"><span class='ocrx_word' id='word_1_194' title='bbox 2458 1594 2634 1646; x_wconf 77' lang='grc' dir='ltr'>κοινὸν</span> <span class='ocrx_word' id='word_1_195' title='bbox 2661 1594 2863 1647; x_wconf 75' lang='grc' dir='ltr'>οἴονται</span> <span class='ocrx_word' id='word_1_196' title='bbox 2885 1594 2952 1659; x_wconf 71' lang='grc'>⁸³,</span> <span class='ocrx_word' id='word_1_197' title='bbox 2981 1595 3074 1648; x_wconf 71' lang='grc' dir='ltr'>καὶ</span> <span class='ocrx_word' id='word_1_198' title='bbox 3105 1596 3255 1648; x_wconf 83' lang='grc' dir='ltr'>οὐδὲν</span> <span class='ocrx_word' id='word_1_199' title='bbox 3285 1596 3392 1647; x_wconf 86' lang='grc' dir='ltr'>τῶν</span> <span class='ocrx_word' id='word_1_200' title='bbox 3422 1596 3619 1648; x_wconf 83' lang='grc' dir='ltr'>λοιπῶν</span> <span class='ocrx_word' id='word_1_201' title='bbox 3645 1597 3923 1665; x_wconf 75' lang='grc' dir='ltr'>διαφέρον.</span> 
     </span>
    </p>
   </div>
   <div class='ocr_carea' id='block_1_32' title="bbox 2540 1669 4043 1758">
    <p class='ocr_par' dir='ltr' id='par_1_32' title="bbox 2540 1669 4043 1758">
     <span class='ocr_line' id='line_1_32' title="bbox 2540 1669 4043 1758; baseline 0.001 -21"><span class='ocrx_word' id='word_1_202' title='bbox 2540 1685 2642 1737; x_wconf 81' lang='grc' dir='ltr'><em>Ἐν</em></span> <span class='ocrx_word' id='word_1_203' title='bbox 2670 1679 2717 1752; x_wconf 81' lang='grc' dir='ltr'><strong>ᾧ</strong></span> <span class='ocrx_word' id='word_1_204' title='bbox 2757 1686 3037 1754; x_wconf 70' lang='grc' dir='ltr'>ἡγιάσθη.</span> <span class='ocrx_word' id='word_1_205' title='bbox 3080 1687 3152 1739; x_wconf 80' lang='grc' dir='ltr'>Τὸ</span> <span class='ocrx_word' id='word_1_206' title='bbox 3181 1688 3506 1757; x_wconf 78' lang='grc' dir='ltr'>ἀναίσθητον</span> <span class='ocrx_word' id='word_1_207' title='bbox 3539 1690 3632 1741; x_wconf 79' lang='grc' dir='ltr'>καὶ</span> <span class='ocrx_word' id='word_1_208' title='bbox 3664 1669 3920 1758; x_wconf 79' lang='grc' dir='ltr'>ἀγνῶμον</span> <span class='ocrx_word' id='word_1_209' title='bbox 3947 1690 4043 1740; x_wconf 81' lang='grc' dir='ltr'>ἐν-</span> 
     </span>
    </p>
   </div>
   <div class='ocr_carea' id='block_1_33' title="bbox 2455 1774 4043 1849">
    <p class='ocr_par' dir='ltr' id='par_1_33' title="bbox 2455 1774 4043 1849">
     <span class='ocr_line' id='line_1_33' title="bbox 2455 1774 4043 1849; baseline 0.003 -22"><span class='ocrx_word' id='word_1_210' title='bbox 2455 1774 2629 1828; x_wconf 83' lang='grc' dir='ltr'>ταῦθα</span> <span class='ocrx_word' id='word_1_211' title='bbox 2686 1776 2995 1830; x_wconf 84' lang='grc' dir='ltr'>δείκνυσιν·</span> <span class='ocrx_word' id='word_1_212' title='bbox 3059 1778 3164 1830; x_wconf 81' lang='grc' dir='ltr'>ἔδει</span> <span class='ocrx_word' id='word_1_213' title='bbox 3222 1778 3354 1849; x_wconf 74' lang='grc' dir='ltr'>γὰρ,</span> <span class='ocrx_word' id='word_1_214' title='bbox 3406 1781 3556 1848; x_wconf 76' lang='grc' dir='ltr'>φησὶ,</span> <span class='ocrx_word' id='word_1_215' title='bbox 3613 1782 3703 1833; x_wconf 83' lang='grc' dir='ltr'>τὸν</span> <span class='ocrx_word' id='word_1_216' title='bbox 3760 1783 4043 1849; x_wconf 67' lang='grc' dir='ltr'>ἀγιασμὶν</span> 
     </span>
    </p>
   </div>
   <div class='ocr_carea' id='block_1_34' title="bbox 784 1856 2346 1944">
    <p class='ocr_par' dir='ltr' id='par_1_34' title="bbox 784 1872 2346 1944">
     <span class='ocr_line' id='line_1_34' title="bbox 784 1872 2346 1944; baseline -0.005 -10"><span class='ocrx_word' id='word_1_217' title='bbox 784 1881 1139 1934; x_wconf 88' lang='lat' dir='ltr'>tiﬁcationcm</span> <span class='ocrx_word' id='word_1_218' title='bbox 1168 1876 1430 1939; x_wconf 74' lang='lat' dir='ltr'>revereri,</span> <span class='ocrx_word' id='word_1_219' title='bbox 1459 1890 1565 1944; x_wconf 88' lang='lat' dir='ltr'>qua</span> <span class='ocrx_word' id='word_1_220' title='bbox 1599 1874 1651 1927; x_wconf 91' lang='lat' dir='ltr'>in</span> <span class='ocrx_word' id='word_1_221' title='bbox 1678 1874 1943 1940; x_wconf 81' lang='lat' dir='ltr'>sanguine</span> <span class='ocrx_word' id='word_1_222' title='bbox 1968 1872 2203 1927; x_wconf 81' lang='lat' dir='ltr'>donatus</span> <span class='ocrx_word' id='word_1_223' title='bbox 2251 1881 2346 1929; x_wconf 84' lang='lat' dir='ltr'>est.</span> 
     </span>
    </p>
   </div>
   <div class='ocr_carea' id='block_1_35' title="bbox 2451 1856 3647 1944">
    <p class='ocr_par' dir='ltr' id='par_1_35' title="bbox 2461 1865 3647 1940">
     <span class='ocr_line' id='line_1_35' title="bbox 2461 1865 3647 1940; baseline 0.004 -21"><span class='ocrx_word' id='word_1_224' title='bbox 2461 1867 2871 1938; x_wconf 78' lang='grc' dir='ltr'>δυσωπηθῆναι,</span> <span class='ocrx_word' id='word_1_225' title='bbox 2903 1865 2963 1922; x_wconf 76' lang='grc' dir='ltr'>οὗ</span> <span class='ocrx_word' id='word_1_226' title='bbox 2989 1868 3192 1939; x_wconf 72' lang='grc' dir='ltr'>ἠξιώθη</span> <span class='ocrx_word' id='word_1_227' title='bbox 3234 1872 3291 1923; x_wconf 84' lang='grc' dir='ltr'>ὲν</span> <span class='ocrx_word' id='word_1_228' title='bbox 3322 1869 3401 1939; x_wconf 84' lang='grc' dir='ltr'>τῷ</span> <span class='ocrx_word' id='word_1_229' title='bbox 3431 1871 3647 1940; x_wconf 82' lang='grc' dir='ltr'>αἵματι.</span> 
     </span>
    </p>
   </div>
   <div class='ocr_carea' id='block_1_36' title="bbox 853 1966 2356 2040">
    <p class='ocr_par' dir='ltr' id='par_1_36' title="bbox 853 1966 2356 2040">
     <span class='ocr_line' id='line_1_36' title="bbox 853 1966 2356 2040; baseline -0.003 -17"><span class='ocrx_word' id='word_1_230' title='bbox 853 1970 920 2023; x_wconf 85' lang='lat' dir='ltr'>Et</span> <span class='ocrx_word' id='word_1_231' title='bbox 976 1969 1201 2040; x_wconf 80' lang='lat' dir='ltr'>Spiritui</span> <span class='ocrx_word' id='word_1_232' title='bbox 1240 1969 1428 2039; x_wconf 76' lang='lat' dir='ltr'>gratia:</span> <span class='ocrx_word' id='word_1_233' title='bbox 1478 1967 1853 2021; x_wconf 81' lang='lat' dir='ltr'>contumeliam</span> <span class='ocrx_word' id='word_1_234' title='bbox 1919 1966 2139 2034; x_wconf 77' lang='lat' dir='ltr'>fecerit?</span> <span class='ocrx_word' id='word_1_235' title='bbox 2190 1967 2356 2036; x_wconf 75' lang='lat'>728</span> 
     </span>
    </p>
   </div>
   <div class='ocr_carea' id='block_1_37' title="bbox 779 2058 2355 2129">
    <p class='ocr_par' dir='ltr' id='par_1_37' title="bbox 779 2058 2355 2129">
     <span class='ocr_line' id='line_1_37' title="bbox 779 2058 2355 2129; baseline -0.001 -15"><span class='ocrx_word' id='word_1_236' title='bbox 779 2062 882 2129; x_wconf 83' lang='lat' dir='ltr'>Qui</span> <span class='ocrx_word' id='word_1_237' title='bbox 914 2063 1060 2118; x_wconf 89' lang='lat' dir='ltr'>enim</span> <span class='ocrx_word' id='word_1_238' title='bbox 1097 2062 1423 2117; x_wconf 89' lang='lat' dir='ltr'>beneﬁcium</span> <span class='ocrx_word' id='word_1_239' title='bbox 1459 2059 1717 2113; x_wconf 74' lang='lat' dir='ltr'>collatum</span> <span class='ocrx_word' id='word_1_240' title='bbox 1780 2074 1886 2111; x_wconf 89' lang='lat' dir='ltr'>non</span> <span class='ocrx_word' id='word_1_241' title='bbox 1925 2068 2073 2112; x_wconf 81' lang='lat' dir='ltr'>recte</span> <span class='ocrx_word' id='word_1_242' title='bbox 2113 2058 2355 2112; x_wconf 88' lang='lat' dir='ltr'>admini-</span> 
     </span>
    </p>
   </div>
   <div class='ocr_carea' id='block_1_38' title="bbox 780 2147 2348 2220">
    <p class='ocr_par' dir='ltr' id='par_1_38' title="bbox 780 2147 2348 2220">
     <span class='ocr_line' id='line_1_38' title="bbox 780 2147 2348 2220; baseline -0.005 -11"><span class='ocrx_word' id='word_1_243' title='bbox 780 2155 995 2217; x_wconf 87' lang='lat' dir='ltr'>strarit,</span> <span class='ocrx_word' id='word_1_244' title='bbox 1026 2152 1224 2220; x_wconf 85' lang='lat' dir='ltr'>injuria</span> <span class='ocrx_word' id='word_1_245' title='bbox 1276 2148 1438 2203; x_wconf 81' lang='lat' dir='ltr'>allicit</span> <span class='ocrx_word' id='word_1_246' title='bbox 1493 2163 1615 2203; x_wconf 88' lang='lat' dir='ltr'>eum</span> <span class='ocrx_word' id='word_1_247' title='bbox 1667 2147 1758 2218; x_wconf 93' lang='lat' dir='ltr'>qui</span> <span class='ocrx_word' id='word_1_248' title='bbox 1798 2148 2047 2203; x_wconf 82' lang='lat' dir='ltr'>contulit.</span> <span class='ocrx_word' id='word_1_249' title='bbox 2112 2148 2260 2201; x_wconf 88' lang='lat' dir='ltr'>Fecit</span> <span class='ocrx_word' id='word_1_250' title='bbox 2294 2157 2348 2201; x_wconf 91' lang='lat' dir='ltr'>te</span> 
     </span>
    </p>
   </div>
   <div class='ocr_carea' id='block_1_39' title="bbox 781 2235 2356 2303">
    <p class='ocr_par' dir='ltr' id='par_1_39' title="bbox 781 2235 2356 2303">
     <span class='ocr_line' id='line_1_39' title="bbox 781 2235 2356 2303; baseline -0.001 -12"><span class='ocrx_word' id='word_1_251' title='bbox 781 2239 952 2292; x_wconf 80' lang='lat' dir='ltr'>lilium</span> <span class='ocrx_word' id='word_1_252' title='bbox 1028 2237 1145 2303; x_wconf 88' lang='lat' dir='ltr'>Dei,</span> <span class='ocrx_word' id='word_1_253' title='bbox 1178 2245 1234 2290; x_wconf 88' lang='lat' dir='ltr'>tu</span> <span class='ocrx_word' id='word_1_254' title='bbox 1296 2252 1425 2290; x_wconf 81' lang='lat' dir='ltr'>vero</span> <span class='ocrx_word' id='word_1_255' title='bbox 1486 2251 1676 2290; x_wconf 80' lang='lat' dir='ltr'>servus</span> <span class='ocrx_word' id='word_1_256' title='bbox 1734 2235 1963 2290; x_wconf 78' lang='lat' dir='ltr'>eﬂiceris</span> <span class='ocrx_word' id='word_1_257' title='bbox 2019 2237 2356 2291; x_wconf 79' lang='lat' dir='ltr'>aﬂectuum?</span> 
     </span>
    </p>
   </div>
   <div class='ocr_carea' id='block_1_40' title="bbox 784 2328 2350 2398">
    <p class='ocr_par' dir='ltr' id='par_1_40' title="bbox 784 2328 2350 2398">
     <span class='ocr_line' id='line_1_40' title="bbox 784 2328 2350 2398; baseline -0.001 -14"><span class='ocrx_word' id='word_1_258' title='bbox 784 2333 940 2387; x_wconf 85' lang='lat' dir='ltr'>Venit</span> <span class='ocrx_word' id='word_1_259' title='bbox 977 2342 1034 2385; x_wconf 88' lang='lat' dir='ltr'>ut</span> <span class='ocrx_word' id='word_1_260' title='bbox 1068 2332 1119 2384; x_wconf 92' lang='lat' dir='ltr'>in</span> <span class='ocrx_word' id='word_1_261' title='bbox 1149 2338 1201 2383; x_wconf 93' lang='lat' dir='ltr'>tc</span> <span class='ocrx_word' id='word_1_262' title='bbox 1227 2328 1521 2393; x_wconf 86' lang='lat' dir='ltr'>habitaret,</span> <span class='ocrx_word' id='word_1_263' title='bbox 1556 2336 1610 2381; x_wconf 93' lang='lat' dir='ltr'>tu</span> <span class='ocrx_word' id='word_1_264' title='bbox 1644 2342 1773 2382; x_wconf 81' lang='lat' dir='ltr'>vero</span> <span class='ocrx_word' id='word_1_265' title='bbox 1834 2329 2221 2398; x_wconf 85' lang='lat' dir='ltr'>superindueis</span> <span class='ocrx_word' id='word_1_266' title='bbox 2253 2330 2350 2384; x_wconf 87' lang='lat' dir='ltr'>tibi</span> 
     </span>
    </p>
   </div>
   <div class='ocr_carea' id='block_1_41' title="bbox 778 2420 2245 2490">
    <p class='ocr_par' dir='ltr' id='par_1_41' title="bbox 778 2420 2245 2490">
     <span class='ocr_line' id='line_1_41' title="bbox 778 2420 2245 2490; baseline -0.001 -13"><span class='ocrx_word' id='word_1_267' title='bbox 778 2422 1097 2477; x_wconf 84' lang='lat' dir='ltr'>diabolum?</span> <span class='ocrx_word' id='word_1_268' title='bbox 1133 2422 1323 2475; x_wconf 84' lang='lat' dir='ltr'>Nonne</span> <span class='ocrx_word' id='word_1_269' title='bbox 1350 2421 1451 2475; x_wconf 86' lang='lat' dir='ltr'>ista</span> <span class='ocrx_word' id='word_1_270' title='bbox 1477 2428 1560 2473; x_wconf 91' lang='lat' dir='ltr'>est</span> <span class='ocrx_word' id='word_1_271' title='bbox 1587 2420 1914 2474; x_wconf 81' lang='lat' dir='ltr'>contumelia</span> <span class='ocrx_word' id='word_1_272' title='bbox 1949 2420 2193 2490; x_wconf 85' lang='lat' dir='ltr'>Spiritus</span> <span class='ocrx_word' id='word_1_273' title='bbox 2223 2423 2245 2475; x_wconf 88' lang='lat'><strong>?</strong></span> 
     </span>
    </p>
   </div>
   <div class='ocr_carea' id='block_1_42' title="bbox 851 2512 2348 2581">
    <p class='ocr_par' dir='ltr' id='par_1_42' title="bbox 851 2512 2348 2581">
     <span class='ocr_line' id='line_1_42' title="bbox 851 2512 2348 2581; baseline 0.001 -16"><span class='ocrx_word' id='word_1_274' title='bbox 851 2515 1015 2569; x_wconf 70' lang='lat' dir='ltr'>Vens.</span> <span class='ocrx_word' id='word_1_275' title='bbox 1050 2516 1139 2569; x_wconf 76' lang='lat'>50.</span> <span class='ocrx_word' id='word_1_276' title='bbox 1192 2512 1400 2568; x_wconf 79' lang='lat' dir='ltr'>Scimus</span> <span class='ocrx_word' id='word_1_277' title='bbox 1465 2513 1603 2566; x_wconf 83' lang='lat' dir='ltr'>enim</span> <span class='ocrx_word' id='word_1_278' title='bbox 1651 2527 1769 2565; x_wconf 87' lang='lat' dir='ltr'>eum</span> <span class='ocrx_word' id='word_1_279' title='bbox 1833 2514 1922 2581; x_wconf 80' lang='lat' dir='ltr'>qui</span> <span class='ocrx_word' id='word_1_280' title='bbox 1975 2514 2147 2567; x_wconf 70' lang='lat' dir='ltr'>dixit:</span> <span class='ocrx_word' id='word_1_281' title='bbox 2220 2515 2348 2567; x_wconf 73' lang='lat' dir='ltr'>Mihi</span> 
     </span>
    </p>
   </div>
   <div class='ocr_carea' id='block_1_43' title="bbox 778 2602 2347 2674">
    <p class='ocr_par' dir='ltr' id='par_1_43' title="bbox 778 2602 2347 2674">
     <span class='ocr_line' id='line_1_43' title="bbox 778 2602 2347 2674; baseline 0.001 -15"><span class='ocrx_word' id='word_1_282' title='bbox 778 2607 1028 2667; x_wconf 70' lang='lat' dir='ltr'>vindicta,</span> <span class='ocrx_word' id='word_1_283' title='bbox 1062 2622 1153 2674; x_wconf 81' lang='lat' dir='ltr'>ego</span> <span class='ocrx_word' id='word_1_284' title='bbox 1189 2604 1501 2665; x_wconf 79' lang='lat' dir='ltr'>retribuam,</span> <span class='ocrx_word' id='word_1_285' title='bbox 1538 2602 1663 2655; x_wconf 85' lang='lat' dir='ltr'>dicit</span> <span class='ocrx_word' id='word_1_286' title='bbox 1684 2602 1962 2657; x_wconf 80' lang='lat' dir='ltr'>Dominus.</span> <span class='ocrx_word' id='word_1_287' title='bbox 1999 2603 2066 2656; x_wconf 84' lang='lat' dir='ltr'>Et</span> <span class='ocrx_word' id='word_1_288' title='bbox 2115 2607 2347 2660; x_wconf 77' lang='lat' dir='ltr'>iterum:</span> 
     </span>
    </p>
   </div>
   <div class='ocr_carea' id='block_1_44' title="bbox 783 2696 2347 2765">
    <p class='ocr_par' dir='ltr' id='par_1_44' title="bbox 783 2696 2347 2765">
     <span class='ocr_line' id='line_1_44' title="bbox 783 2696 2347 2765; baseline 0.001 -15"><span class='ocrx_word' id='word_1_289' title='bbox 783 2699 1036 2758; x_wconf 76' lang='lat' dir='ltr'>Dominus</span> <span class='ocrx_word' id='word_1_290' title='bbox 1053 2697 1324 2765; x_wconf 85' lang='lat' dir='ltr'>judicabit</span> <span class='ocrx_word' id='word_1_291' title='bbox 1350 2696 1600 2765; x_wconf 79' lang='lat' dir='ltr'>populum</span> <span class='ocrx_word' id='word_1_292' title='bbox 1669 2713 1845 2750; x_wconf 79' lang='lat' dir='ltr'>suum.</span> <span class='ocrx_word' id='word_1_293' title='bbox 1901 2701 2238 2751; x_wconf 80' lang='lat' dir='ltr'>Ilorrcudum</span> <span class='ocrx_word' id='word_1_294' title='bbox 2272 2708 2347 2752; x_wconf 81' lang='lat' dir='ltr'>est</span> 
     </span>
    </p>
   </div>
   <div class='ocr_carea' id='block_1_45' title="bbox 778 2788 2348 2844">
    <p class='ocr_par' dir='ltr' id='par_1_45' title="bbox 778 2788 2348 2844">
     <span class='ocr_line' id='line_1_45' title="bbox 778 2788 2348 2844; baseline -0.001 -1"><span class='ocrx_word' id='word_1_295' title='bbox 778 2793 1010 2843; x_wconf 74' lang='lat' dir='ltr'>incidcie</span> <span class='ocrx_word' id='word_1_296' title='bbox 1042 2791 1091 2842; x_wconf 84' lang='lat' dir='ltr'>in</span> <span class='ocrx_word' id='word_1_297' title='bbox 1138 2805 1323 2841; x_wconf 80' lang='lat' dir='ltr'>manus</span> <span class='ocrx_word' id='word_1_298' title='bbox 1364 2788 1455 2841; x_wconf 82' lang='lat' dir='ltr'>Dei</span> <span class='ocrx_word' id='word_1_299' title='bbox 1494 2789 1732 2842; x_wconf 77' lang='lat' dir='ltr'>viventis.</span> <span class='ocrx_word' id='word_1_300' title='bbox 1766 2788 1889 2843; x_wconf 68' lang='lat' dir='ltr'>Haec</span> <span class='ocrx_word' id='word_1_301' title='bbox 1930 2790 2066 2843; x_wconf 76' lang='lat' dir='ltr'>dixit</span> <span class='ocrx_word' id='word_1_302' title='bbox 2096 2805 2162 2844; x_wconf 77' lang='lat' dir='ltr'>ex</span> <span class='ocrx_word' id='word_1_303' title='bbox 2216 2805 2348 2843; x_wconf 87' lang='lat' dir='ltr'>con-</span> 
     </span>
    </p>
   </div>
   <div class='ocr_carea' id='block_1_46' title="bbox 779 2879 2349 2953">
    <p class='ocr_par' dir='ltr' id='par_1_46' title="bbox 779 2879 2349 2953">
     <span class='ocr_line' id='line_1_46' title="bbox 779 2879 2349 2953; baseline -0.004 -15"><span class='ocrx_word' id='word_1_304' title='bbox 779 2884 1054 2953; x_wconf 76' lang='lat' dir='ltr'>sequenti,</span> <span class='ocrx_word' id='word_1_305' title='bbox 1086 2892 1142 2934; x_wconf 91' lang='lat' dir='ltr'>ut</span> <span class='ocrx_word' id='word_1_306' title='bbox 1176 2881 1429 2935; x_wconf 86' lang='lat' dir='ltr'>ostendat</span> <span class='ocrx_word' id='word_1_307' title='bbox 1484 2879 1776 2934; x_wconf 88' lang='lat' dir='ltr'>Dominum</span> <span class='ocrx_word' id='word_1_308' title='bbox 1806 2880 2069 2935; x_wconf 86' lang='lat' dir='ltr'>ultionem</span> <span class='ocrx_word' id='word_1_309' title='bbox 2100 2890 2349 2949; x_wconf 79' lang='lat' dir='ltr'>sumptu-</span> 
     </span>
    </p>
   </div>
   <div class='ocr_carea' id='block_1_47' title="bbox 778 2971 2344 3043">
    <p class='ocr_par' dir='ltr' id='par_1_47' title="bbox 778 2971 2344 3043">
     <span class='ocr_line' id='line_1_47' title="bbox 778 2971 2344 3043; baseline -0.003 -13"><span class='ocrx_word' id='word_1_310' title='bbox 778 2991 897 3031; x_wconf 82' lang='lat' dir='ltr'>rum</span> <span class='ocrx_word' id='word_1_311' title='bbox 927 2975 994 3029; x_wconf 86' lang='lat' dir='ltr'>de</span> <span class='ocrx_word' id='word_1_312' title='bbox 1024 2973 1425 3043; x_wconf 83' lang='lat' dir='ltr'>peccatoribus.</span> <span class='ocrx_word' id='word_1_313' title='bbox 1454 2971 1589 3025; x_wconf 87' lang='lat' dir='ltr'>Nam</span> <span class='ocrx_word' id='word_1_314' title='bbox 1623 2972 1674 3026; x_wconf 92' lang='lat' dir='ltr'>id</span> <span class='ocrx_word' id='word_1_315' title='bbox 1699 2989 1798 3042; x_wconf 90' lang='lat' dir='ltr'>per</span> <span class='ocrx_word' id='word_1_316' title='bbox 1840 2972 2168 3042; x_wconf 84' lang='lat' dir='ltr'>Prophetam</span> <span class='ocrx_word' id='word_1_317' title='bbox 2188 2974 2344 3026; x_wconf 77' lang='lat' dir='ltr'>dixit.</span> 
     </span>
    </p>
   </div>
   <div class='ocr_carea' id='block_1_48' title="bbox 777 3063 2346 3134">
    <p class='ocr_par' dir='ltr' id='par_1_48' title="bbox 777 3063 2346 3134">
     <span class='ocr_line' id='line_1_48' title="bbox 777 3063 2346 3134; baseline -0.003 -11"><span class='ocrx_word' id='word_1_318' title='bbox 777 3068 1107 3123; x_wconf 83' lang='lat' dir='ltr'>Consolatur</span> <span class='ocrx_word' id='word_1_319' title='bbox 1139 3073 1319 3119; x_wconf 87' lang='lat' dir='ltr'>autem</span> <span class='ocrx_word' id='word_1_320' title='bbox 1342 3080 1459 3131; x_wconf 89' lang='lat' dir='ltr'>eos,</span> <span class='ocrx_word' id='word_1_321' title='bbox 1498 3066 1591 3134; x_wconf 89' lang='lat' dir='ltr'>qui</span> <span class='ocrx_word' id='word_1_322' title='bbox 1616 3067 1685 3119; x_wconf 90' lang='lat' dir='ltr'>ob</span> <span class='ocrx_word' id='word_1_323' title='bbox 1720 3063 2034 3120; x_wconf 63' lang='lat' dir='ltr'>Iudaeorum</span> <span class='ocrx_word' id='word_1_324' title='bbox 2086 3067 2346 3119; x_wconf 86' lang='lat' dir='ltr'>tentatio-</span> 
     </span>
    </p>
   </div>
   <div class='ocr_carea' id='block_1_49' title="bbox 777 3154 2343 3227">
    <p class='ocr_par' dir='ltr' id='par_1_49' title="bbox 777 3154 2343 3227">
     <span class='ocr_line' id='line_1_49' title="bbox 777 3154 2343 3227; baseline 0.001 -19"><span class='ocrx_word' id='word_1_325' title='bbox 777 3172 872 3211; x_wconf 90' lang='lat' dir='ltr'>nes</span> <span class='ocrx_word' id='word_1_326' title='bbox 896 3157 1098 3227; x_wconf 85' lang='lat' dir='ltr'>quibus</span> <span class='ocrx_word' id='word_1_327' title='bbox 1134 3156 1555 3216; x_wconf 81' lang='lat' dir='ltr'>exercebantur,</span> <span class='ocrx_word' id='word_1_328' title='bbox 1588 3158 1772 3208; x_wconf 88' lang='lat' dir='ltr'>animo</span> <span class='ocrx_word' id='word_1_329' title='bbox 1795 3155 1908 3223; x_wconf 86' lang='lat' dir='ltr'>jam</span> <span class='ocrx_word' id='word_1_330' title='bbox 1957 3154 2343 3209; x_wconf 84' lang='lat' dir='ltr'>concidebant.</span> 
     </span>
    </p>
   </div>
   <div class='ocr_carea' id='block_1_50' title="bbox 774 3244 2348 3318">
    <p class='ocr_par' dir='ltr' id='par_1_50' title="bbox 774 3244 2348 3318">
     <span class='ocr_line' id='line_1_50' title="bbox 774 3244 2348 3318; baseline 0 -15"><span class='ocrx_word' id='word_1_331' title='bbox 774 3247 1179 3318; x_wconf 82' lang='lat' dir='ltr'>Propemodum</span> <span class='ocrx_word' id='word_1_332' title='bbox 1255 3247 1399 3301; x_wconf 88' lang='lat' dir='ltr'>enim</span> <span class='ocrx_word' id='word_1_333' title='bbox 1461 3248 1571 3300; x_wconf 68' lang='lat' dir='ltr'>lucc</span> <span class='ocrx_word' id='word_1_334' title='bbox 1626 3247 1791 3299; x_wconf 91' lang='lat' dir='ltr'>dicit:</span> <span class='ocrx_word' id='word_1_335' title='bbox 1845 3244 1923 3299; x_wconf 83' lang='lat' dir='ltr'>Ne</span> <span class='ocrx_word' id='word_1_336' title='bbox 1968 3247 2348 3315; x_wconf 84' lang='lat' dir='ltr'>despondeatis</span> 
     </span>
    </p>
   </div>
   <div class='ocr_carea' id='block_1_51' title="bbox 773 3339 2348 3408">
    <p class='ocr_par' dir='ltr' id='par_1_51' title="bbox 773 3339 2348 3408">
     <span class='ocr_line' id='line_1_51' title="bbox 773 3339 2348 3408; baseline -0.004 -13"><span class='ocrx_word' id='word_1_337' title='bbox 773 3341 1041 3404; x_wconf 85' lang='lat' dir='ltr'>animum,</span> <span class='ocrx_word' id='word_1_338' title='bbox 1073 3339 1289 3393; x_wconf 86' lang='lat' dir='ltr'>habetis</span> <span class='ocrx_word' id='word_1_339' title='bbox 1313 3339 1405 3408; x_wconf 91' lang='lat' dir='ltr'>qui</span> <span class='ocrx_word' id='word_1_340' title='bbox 1435 3353 1530 3392; x_wconf 64' lang='lat' dir='ltr'>vos</span> <span class='ocrx_word' id='word_1_341' title='bbox 1570 3339 2059 3403; x_wconf 72' lang='lat' dir='ltr'>sittiudicaturus,</span> <span class='ocrx_word' id='word_1_342' title='bbox 2085 3354 2149 3391; x_wconf 88' lang='lat' dir='ltr'>ac</span> <span class='ocrx_word' id='word_1_343' title='bbox 2198 3355 2348 3392; x_wconf 79' lang='lat' dir='ltr'>con:-</span> 
     </span>
    </p>
   </div>
   <div class='ocr_carea' id='block_1_52' title="bbox 770 3430 2343 3501">
    <p class='ocr_par' dir='ltr' id='par_1_52' title="bbox 770 3430 2343 3501">
     <span class='ocr_line' id='line_1_52' title="bbox 770 3430 2343 3501; baseline -0.001 -16"><span class='ocrx_word' id='word_1_344' title='bbox 770 3442 1103 3499; x_wconf 80' lang='lat' dir='ltr'>pensaturus</span> <span class='ocrx_word' id='word_1_345' title='bbox 1126 3438 1343 3485; x_wconf 86' lang='lat' dir='ltr'>vestros</span> <span class='ocrx_word' id='word_1_346' title='bbox 1387 3430 1626 3496; x_wconf 79' lang='lat' dir='ltr'>labores,</span> <span class='ocrx_word' id='word_1_347' title='bbox 1659 3446 1782 3484; x_wconf 90' lang='lat' dir='ltr'>eum</span> <span class='ocrx_word' id='word_1_348' title='bbox 1804 3433 1898 3501; x_wconf 92' lang='lat' dir='ltr'>qui</span> <span class='ocrx_word' id='word_1_349' title='bbox 1952 3446 2166 3500; x_wconf 79' lang='lat' dir='ltr'>semper</span> <span class='ocrx_word' id='word_1_350' title='bbox 2192 3433 2343 3496; x_wconf 74' lang='lat' dir='ltr'>vivit,</span> 
     </span>
    </p>
   </div>
   <div class='ocr_carea' id='block_1_53' title="bbox 770 3521 2341 3593">
    <p class='ocr_par' dir='ltr' id='par_1_53' title="bbox 770 3521 2341 3593">
     <span class='ocr_line' id='line_1_53' title="bbox 770 3521 2341 3593; baseline 0.001 -18"><span class='ocrx_word' id='word_1_351' title='bbox 770 3538 933 3591; x_wconf 87' lang='lat' dir='ltr'>quem</span> <span class='ocrx_word' id='word_1_352' title='bbox 974 3522 1050 3574; x_wconf 90' lang='lat' dir='ltr'>illi</span> <span class='ocrx_word' id='word_1_353' title='bbox 1076 3523 1171 3591; x_wconf 83' lang='lat' dir='ltr'>qui</span> <span class='ocrx_word' id='word_1_354' title='bbox 1202 3521 1579 3590; x_wconf 79' lang='lat' dir='ltr'>vosamigunt,</span> <span class='ocrx_word' id='word_1_355' title='bbox 1610 3522 1755 3576; x_wconf 91' lang='lat' dir='ltr'>nulla</span> <span class='ocrx_word' id='word_1_356' title='bbox 1820 3524 2025 3576; x_wconf 89' lang='lat' dir='ltr'>ratione</span> <span class='ocrx_word' id='word_1_357' title='bbox 2067 3523 2341 3593; x_wconf 80' lang='lat' dir='ltr'>ell‘ngient.</span> 
     </span>
    </p>
   </div>
   <div class='ocr_carea' id='block_1_54' title="bbox 770 3614 2347 3686">
    <p class='ocr_par' dir='ltr' id='par_1_54' title="bbox 770 3614 2347 3686">
     <span class='ocr_line' id='line_1_54' title="bbox 770 3614 2347 3686; baseline 0.002 -18"><span class='ocrx_word' id='word_1_358' title='bbox 770 3614 880 3669; x_wconf 82' lang='lat' dir='ltr'>Vos</span> <span class='ocrx_word' id='word_1_359' title='bbox 903 3614 1123 3684; x_wconf 87' lang='lat' dir='ltr'>quidem</span> <span class='ocrx_word' id='word_1_360' title='bbox 1173 3614 1226 3669; x_wconf 93' lang='lat' dir='ltr'>in</span> <span class='ocrx_word' id='word_1_361' title='bbox 1275 3615 1492 3667; x_wconf 88' lang='lat' dir='ltr'>illorum</span> <span class='ocrx_word' id='word_1_362' title='bbox 1527 3630 1721 3669; x_wconf 90' lang='lat' dir='ltr'>manus</span> <span class='ocrx_word' id='word_1_363' title='bbox 1763 3615 2057 3678; x_wconf 86' lang='lat' dir='ltr'>incidistis,</span> <span class='ocrx_word' id='word_1_364' title='bbox 2085 3617 2177 3686; x_wconf 88' lang='lat' dir='ltr'>qui</span> <span class='ocrx_word' id='word_1_365' title='bbox 2220 3627 2347 3671; x_wconf 89' lang='lat' dir='ltr'>sunt</span> 
     </span>
    </p>
   </div>
   <div class='ocr_carea' id='block_1_55' title="bbox 772 3707 2344 3771">
    <p class='ocr_par' dir='ltr' id='par_1_55' title="bbox 772 3707 2344 3771">
     <span class='ocr_line' id='line_1_55' title="bbox 772 3707 2344 3771; baseline 0.004 -12"><span class='ocrx_word' id='word_1_366' title='bbox 772 3708 1050 3771; x_wconf 86' lang='lat' dir='ltr'>homines,</span> <span class='ocrx_word' id='word_1_367' title='bbox 1083 3714 1137 3759; x_wconf 91' lang='lat' dir='ltr'>et</span> <span class='ocrx_word' id='word_1_368' title='bbox 1163 3707 1324 3760; x_wconf 90' lang='lat' dir='ltr'>morti</span> <span class='ocrx_word' id='word_1_369' title='bbox 1355 3708 1576 3761; x_wconf 79' lang='lat' dir='ltr'>obnoxii</span> <span class='ocrx_word' id='word_1_370' title='bbox 1602 3725 1613 3761; x_wconf 93' lang='lat'>:</span> <span class='ocrx_word' id='word_1_371' title='bbox 1642 3709 1733 3761; x_wconf 89' lang='lat' dir='ltr'>isti</span> <span class='ocrx_word' id='word_1_372' title='bbox 1768 3725 1899 3763; x_wconf 82' lang='lat' dir='ltr'>vero</span> <span class='ocrx_word' id='word_1_373' title='bbox 1930 3710 1984 3763; x_wconf 92' lang='lat' dir='ltr'>in</span> <span class='ocrx_word' id='word_1_374' title='bbox 2014 3726 2209 3765; x_wconf 83' lang='lat' dir='ltr'>manus</span> <span class='ocrx_word' id='word_1_375' title='bbox 2247 3712 2344 3765; x_wconf 88' lang='lat' dir='ltr'>Dei</span> 
     </span>
    </p>
   </div>
   <div class='ocr_carea' id='block_1_56' title="bbox 770 3798 2340 3871">
    <p class='ocr_par' dir='ltr' id='par_1_56' title="bbox 770 3798 2340 3871">
     <span class='ocr_line' id='line_1_56' title="bbox 770 3798 2340 3871; baseline 0.003 -19"><span class='ocrx_word' id='word_1_376' title='bbox 770 3812 986 3865; x_wconf 91' lang='lat' dir='ltr'>semper</span> <span class='ocrx_word' id='word_1_377' title='bbox 1034 3798 1288 3863; x_wconf 82' lang='lat' dir='ltr'>viventis,</span> <span class='ocrx_word' id='word_1_378' title='bbox 1378 3815 1539 3868; x_wconf 85' lang='lat' dir='ltr'>quem</span> <span class='ocrx_word' id='word_1_379' title='bbox 1595 3810 1885 3870; x_wconf 83' lang='lat' dir='ltr'>pr0pterca</span> <span class='ocrx_word' id='word_1_380' title='bbox 1954 3802 2191 3871; x_wconf 68' lang='lat' dir='ltr'>eﬂugere</span> <span class='ocrx_word' id='word_1_381' title='bbox 2234 3819 2340 3857; x_wconf 93' lang='lat' dir='ltr'>non</span> 
     </span>
    </p>
   </div>
   <div class='ocr_carea' id='block_1_57' title="bbox 770 3899 1051 3957">
    <p class='ocr_par' dir='ltr' id='par_1_57' title="bbox 770 3899 1051 3957">
     <span class='ocr_line' id='line_1_57' title="bbox 770 3899 1051 3957; baseline 0 -14"><span class='ocrx_word' id='word_1_382' title='bbox 770 3899 1051 3957; x_wconf 85' lang='lat' dir='ltr'>poterunt.</span> 
     </span>
    </p>
   </div>
   <div class='ocr_carea' id='block_1_58' title="bbox 842 3979 2338 4055">
    <p class='ocr_par' dir='ltr' id='par_1_58' title="bbox 842 3979 2338 4055">
     <span class='ocr_line' id='line_1_58' title="bbox 842 3979 2338 4055; baseline 0.005 -22"><span class='ocrx_word' id='word_1_383' title='bbox 842 3979 1007 4035; x_wconf 74' lang='lat' dir='ltr'>Vens.</span> <span class='ocrx_word' id='word_1_384' title='bbox 1041 3982 1129 4036; x_wconf 75' lang='lat'>5&#39;2.</span> <span class='ocrx_word' id='word_1_385' title='bbox 1182 3982 1625 4037; x_wconf 74' lang='lat' dir='ltr'>Reinemormnini</span> <span class='ocrx_word' id='word_1_386' title='bbox 1690 3996 1863 4038; x_wconf 88' lang='lat' dir='ltr'>autem</span> <span class='ocrx_word' id='word_1_387' title='bbox 1931 3987 2181 4055; x_wconf 74' lang='lat' dir='ltr'>pristinos</span> <span class='ocrx_word' id='word_1_388' title='bbox 2208 3988 2338 4041; x_wconf 79' lang='lat' dir='ltr'>dies.</span> 
     </span>
    </p>
   </div>
   <div class='ocr_carea' id='block_1_59' title="bbox 772 4072 2343 4144">
    <p class='ocr_par' dir='ltr' id='par_1_59' title="bbox 772 4072 2343 4144">
     <span class='ocr_line' id='line_1_59' title="bbox 772 4072 2343 4144; baseline 0.005 -19"><span class='ocrx_word' id='word_1_389' title='bbox 772 4072 889 4126; x_wconf 83' lang='lat' dir='ltr'>Non</span> <span class='ocrx_word' id='word_1_390' title='bbox 918 4089 1048 4143; x_wconf 82' lang='lat' dir='ltr'>ergo</span> <span class='ocrx_word' id='word_1_391' title='bbox 1073 4072 1277 4128; x_wconf 80' lang='lat' dir='ltr'>frustra</span> <span class='ocrx_word' id='word_1_392' title='bbox 1312 4075 1574 4139; x_wconf 84' lang='lat' dir='ltr'>diximus,</span> <span class='ocrx_word' id='word_1_393' title='bbox 1598 4078 1744 4144; x_wconf 85' lang='lat' dir='ltr'>quod</span> <span class='ocrx_word' id='word_1_394' title='bbox 1773 4076 1941 4141; x_wconf 91' lang='lat' dir='ltr'>istud,</span> <span class='ocrx_word' id='word_1_395' title='bbox 1971 4076 2104 4130; x_wconf 81' lang='lat' dir='ltr'>Mihi</span> <span class='ocrx_word' id='word_1_396' title='bbox 2144 4081 2343 4133; x_wconf 75' lang='lat' dir='ltr'>vindic-</span> 
     </span>
    </p>
   </div>
   <div class='ocr_carea' id='block_1_60' title="bbox 770 4164 2340 4226">
    <p class='ocr_par' dir='ltr' id='par_1_60' title="bbox 770 4164 2340 4226">
     <span class='ocr_line' id='line_1_60' title="bbox 770 4164 2340 4226; baseline 0.009 -14"><span class='ocrx_word' id='word_1_397' title='bbox 770 4175 846 4226; x_wconf 84' lang='lat' dir='ltr'>ta,</span> <span class='ocrx_word' id='word_1_398' title='bbox 881 4164 945 4218; x_wconf 79' lang='lat' dir='ltr'>ad</span> <span class='ocrx_word' id='word_1_399' title='bbox 1005 4166 1439 4221; x_wconf 85' lang='lat' dir='ltr'>consolationem</span> <span class='ocrx_word' id='word_1_400' title='bbox 1497 4181 1686 4218; x_wconf 82' lang='lat' dir='ltr'>eorum</span> <span class='ocrx_word' id='word_1_401' title='bbox 1732 4166 1872 4221; x_wconf 89' lang='lat' dir='ltr'>clam</span> <span class='ocrx_word' id='word_1_402' title='bbox 1927 4170 2153 4223; x_wconf 90' lang='lat' dir='ltr'>inducit.</span> <span class='ocrx_word' id='word_1_403' title='bbox 2200 4169 2340 4226; x_wconf 85' lang='lat' dir='ltr'>Ecce</span> 
     </span>
    </p>
   </div>
   <div class='ocr_carea' id='block_1_61' title="bbox 765 4256 2338 4323">
    <p class='ocr_par' dir='ltr' id='par_1_61' title="bbox 765 4256 2338 4323">
     <span class='ocr_line' id='line_1_61' title="bbox 765 4256 2338 4323; baseline 0.006 -14"><span class='ocrx_word' id='word_1_404' title='bbox 765 4259 911 4309; x_wconf 89' lang='lat' dir='ltr'>enim</span> <span class='ocrx_word' id='word_1_405' title='bbox 976 4256 1180 4309; x_wconf 89' lang='lat' dir='ltr'>clarius</span> <span class='ocrx_word' id='word_1_406' title='bbox 1246 4273 1391 4310; x_wconf 90' lang='lat' dir='ltr'>nunc</span> <span class='ocrx_word' id='word_1_407' title='bbox 1427 4272 1550 4310; x_wconf 87' lang='lat' dir='ltr'>cum</span> <span class='ocrx_word' id='word_1_408' title='bbox 1588 4259 1696 4312; x_wconf 91' lang='lat' dir='ltr'>illis</span> <span class='ocrx_word' id='word_1_409' title='bbox 1758 4258 2001 4323; x_wconf 84' lang='lat' dir='ltr'>disserit,</span> <span class='ocrx_word' id='word_1_410' title='bbox 2036 4262 2338 4318; x_wconf 86' lang='lat' dir='ltr'>adhortans</span> 
     </span>
    </p>
   </div>
   <div class='ocr_carea' id='block_1_62' title="bbox 772 4345 2334 4420">
    <p class='ocr_par' dir='ltr' id='par_1_62' title="bbox 772 4345 2334 4420">
     <span class='ocr_line' id='line_1_62' title="bbox 772 4345 2334 4420; baseline 0.007 -23"><span class='ocrx_word' id='word_1_411' title='bbox 772 4360 866 4399; x_wconf 85' lang='lat' dir='ltr'>eos</span> <span class='ocrx_word' id='word_1_412' title='bbox 922 4361 991 4400; x_wconf 92' lang='lat' dir='ltr'>ne</span> <span class='ocrx_word' id='word_1_413' title='bbox 1047 4345 1308 4401; x_wconf 86' lang='lat' dir='ltr'>deﬁciant</span> <span class='ocrx_word' id='word_1_414' title='bbox 1354 4363 1383 4401; x_wconf 87' lang='lat' dir='ltr'>a</span> <span class='ocrx_word' id='word_1_415' title='bbox 1423 4350 1709 4417; x_wconf 85' lang='lat' dir='ltr'>patientia.</span> <span class='ocrx_word' id='word_1_416' title='bbox 1767 4348 2006 4405; x_wconf 82' lang='lat' dir='ltr'>Proinde</span> <span class='ocrx_word' id='word_1_417' title='bbox 2056 4368 2126 4405; x_wconf 86' lang='lat' dir='ltr'>ne</span> <span class='ocrx_word' id='word_1_418' title='bbox 2174 4355 2334 4420; x_wconf 90' lang='lat' dir='ltr'>alios,</span> 
     </span>
    </p>
   </div>
   <div class='ocr_carea' id='block_1_63' title="bbox 768 4436 2335 4514">
    <p class='ocr_par' dir='ltr' id='par_1_63' title="bbox 768 4436 2335 4514">
     <span class='ocr_line' id='line_1_63' title="bbox 768 4436 2335 4514; baseline 0.006 -25"><span class='ocrx_word' id='word_1_419' title='bbox 768 4436 969 4505; x_wconf 87' lang='lat' dir='ltr'>inquit,</span> <span class='ocrx_word' id='word_1_420' title='bbox 1005 4438 1317 4502; x_wconf 88' lang='lat' dir='ltr'>imitemini,</span> <span class='ocrx_word' id='word_1_421' title='bbox 1354 4439 1449 4493; x_wconf 92' lang='lat' dir='ltr'>sed</span> <span class='ocrx_word' id='word_1_422' title='bbox 1483 4440 1583 4507; x_wconf 90' lang='lat' dir='ltr'>ipsi</span> <span class='ocrx_word' id='word_1_423' title='bbox 1612 4441 1999 4508; x_wconf 83' lang='lat' dir='ltr'>vosmetipsos.</span> <span class='ocrx_word' id='word_1_424' title='bbox 2058 4442 2335 4514; x_wconf 79' lang='lat' dir='ltr'>Principio</span> 
     </span>
    </p>
   </div>
   <div class='ocr_carea' id='block_1_64' title="bbox 2528 1958 4040 2031">
    <p class='ocr_par' dir='ltr' id='par_1_64' title="bbox 2528 1958 4040 2031">
     <span class='ocr_line' id='line_1_64' title="bbox 2528 1958 4040 2031; baseline 0 -19"><span class='ocrx_word' id='word_1_425' title='bbox 2528 1958 2637 2012; x_wconf 81' lang='lat' dir='ltr'>Kal</span> <span class='ocrx_word' id='word_1_426' title='bbox 2670 1958 2736 2012; x_wconf 87' lang='grc' dir='ltr'>τὸ</span> <span class='ocrx_word' id='word_1_427' title='bbox 2774 1959 3016 2026; x_wconf 79' lang='grc' dir='ltr'>Πνεῦμα</span> <span class='ocrx_word' id='word_1_428' title='bbox 3051 1958 3161 2026; x_wconf 83' lang='grc' dir='ltr'>τῆς</span> <span class='ocrx_word' id='word_1_429' title='bbox 3182 1960 3425 2028; x_wconf 78' lang='grc' dir='ltr'>χάριτος</span> <span class='ocrx_word' id='word_1_430' title='bbox 3446 1960 3807 2027; x_wconf 50' lang='grc' dir='ltr'>ἐνυϐρίσας</span> <span class='ocrx_word' id='word_1_431' title='bbox 3843 1962 3902 2015; x_wconf 89' lang='grc' dir='ltr'>Ὀ</span> <span class='ocrx_word' id='word_1_432' title='bbox 3926 1961 4040 2031; x_wconf 75' lang='grc' dir='ltr'>γὰρ</span> 
     </span>
    </p>
   </div>
   <div class='ocr_carea' id='block_1_65' title="bbox 2458 2050 4041 2122">
    <p class='ocr_par' dir='ltr' id='par_1_65' title="bbox 2458 2050 4041 2122">
     <span class='ocr_line' id='line_1_65' title="bbox 2458 2050 4041 2122; baseline 0.003 -21"><span class='ocrx_word' id='word_1_433' title='bbox 2458 2050 2556 2120; x_wconf 82' lang='grc' dir='ltr'>τὴν</span> <span class='ocrx_word' id='word_1_434' title='bbox 2588 2050 2884 2121; x_wconf 80' lang='grc' dir='ltr'>δεδομένην</span> <span class='ocrx_word' id='word_1_435' title='bbox 2934 2052 3255 2121; x_wconf 81' lang='grc' dir='ltr'>εὐεργεσίαν</span> <span class='ocrx_word' id='word_1_436' title='bbox 3309 2053 3384 2121; x_wconf 82' lang='grc' dir='ltr'>μὴ</span> <span class='ocrx_word' id='word_1_437' title='bbox 3434 2052 3598 2118; x_wconf 80' lang='grc' dir='ltr'>ἀξίως</span> <span class='ocrx_word' id='word_1_438' title='bbox 3645 2054 4041 2122; x_wconf 77' lang='grc' dir='ltr'>οἰκονομήσας,</span> 
     </span>
    </p>
   </div>
   <div class='ocr_carea' id='block_1_66' title="bbox 2458 2144 4039 2217">
    <p class='ocr_par' dir='ltr' id='par_1_66' title="bbox 2458 2144 4039 2217">
     <span class='ocr_line' id='line_1_66' title="bbox 2458 2144 4039 2217; baseline 0.003 -20"><span class='ocrx_word' id='word_1_439' title='bbox 2458 2144 2650 2214; x_wconf 74' lang='grc' dir='ltr'>ὕϐρισε</span> <span class='ocrx_word' id='word_1_440' title='bbox 2681 2147 2775 2198; x_wconf 82' lang='grc' dir='ltr'>τὸν</span> <span class='ocrx_word' id='word_1_441' title='bbox 2809 2148 3182 2217; x_wconf 83' lang='grc' dir='ltr'>παρασχόντα.</span> <span class='ocrx_word' id='word_1_442' title='bbox 3224 2146 3478 2215; x_wconf 84' lang='grc' dir='ltr'>Ἐποίησέ</span> <span class='ocrx_word' id='word_1_443' title='bbox 3524 2164 3583 2200; x_wconf 85' lang='grc' dir='ltr'>σε</span> <span class='ocrx_word' id='word_1_444' title='bbox 3616 2147 3742 2200; x_wconf 78' lang='grc' dir='ltr'>Υίὸν</span> <span class='ocrx_word' id='word_1_445' title='bbox 3771 2147 3931 2209; x_wconf 82' lang='grc' dir='ltr'>Θεοῦ,</span> <span class='ocrx_word' id='word_1_446' title='bbox 3967 2151 4039 2201; x_wconf 78' lang='grc' dir='ltr'>σὺ</span> 
     </span>
    </p>
   </div>
   <div class='ocr_carea' id='block_1_67' title="bbox 2455 2234 4042 2309">
    <p class='ocr_par' dir='ltr' id='par_1_67' title="bbox 2455 2234 4042 2309">
     <span class='ocr_line' id='line_1_67' title="bbox 2455 2234 4042 2309; baseline 0.003 -21"><span class='ocrx_word' id='word_1_447' title='bbox 2455 2237 2511 2289; x_wconf 83' lang='grc' dir='ltr'>δὲ</span> <span class='ocrx_word' id='word_1_448' title='bbox 2540 2237 2725 2300; x_wconf 81' lang='grc' dir='ltr'>δοῦλος</span> <span class='ocrx_word' id='word_1_449' title='bbox 2764 2238 2890 2308; x_wconf 77' lang='grc' dir='ltr'>γίνῃ</span> <span class='ocrx_word' id='word_1_450' title='bbox 2925 2239 3151 2303; x_wconf 85' lang='grc' dir='ltr'>παθῶν;</span> <span class='ocrx_word' id='word_1_451' title='bbox 3194 2234 3400 2292; x_wconf 81' lang='grc' dir='ltr'>Ἦλθεν</span> <span class='ocrx_word' id='word_1_452' title='bbox 3428 2240 3709 2309; x_wconf 75' lang='grc' dir='ltr'>ἐνοικῆσαί</span> <span class='ocrx_word' id='word_1_453' title='bbox 3740 2256 3844 2303; x_wconf 85' lang='grc' dir='ltr'>σοι,</span> <span class='ocrx_word' id='word_1_454' title='bbox 3876 2241 3941 2292; x_wconf 82' lang='grc' dir='ltr'>σὺ</span> <span class='ocrx_word' id='word_1_455' title='bbox 3979 2242 4042 2293; x_wconf 80' lang='grc' dir='ltr'>δὲ</span> 
     </span>
    </p>
   </div>
   <div class='ocr_carea' id='block_1_68' title="bbox 2454 2326 4043 2401">
    <p class='ocr_par' dir='ltr' id='par_1_68' title="bbox 2454 2326 4043 2401">
     <span class='ocr_line' id='line_1_68' title="bbox 2454 2326 4043 2401; baseline 0.003 -24"><span class='ocrx_word' id='word_1_456' title='bbox 2454 2326 2769 2394; x_wconf 78' lang='grc' dir='ltr'>ὲπεισάγεις</span> <span class='ocrx_word' id='word_1_457' title='bbox 2824 2328 3008 2397; x_wconf 83' lang='grc' dir='ltr'>σαυτῷ</span> <span class='ocrx_word' id='word_1_458' title='bbox 3067 2328 3159 2381; x_wconf 76' lang='grc' dir='ltr'>τὸν</span> <span class='ocrx_word' id='word_1_459' title='bbox 3208 2328 3483 2396; x_wconf 82' lang='grc' dir='ltr'>διάϐολον;</span> <span class='ocrx_word' id='word_1_460' title='bbox 3518 2326 3661 2399; x_wconf 72' lang='grc' dir='ltr'>’Δρα</span> <span class='ocrx_word' id='word_1_461' title='bbox 3717 2328 3889 2384; x_wconf 81' lang='grc' dir='ltr'>ταῦτα</span> <span class='ocrx_word' id='word_1_462' title='bbox 3932 2331 4043 2401; x_wconf 72' lang='grc' dir='ltr'>οὐχ</span> 
     </span>
    </p>
   </div>
   <div class='ocr_carea' id='block_1_69' title="bbox 2455 2414 3123 2487">
    <p class='ocr_par' dir='ltr' id='par_1_69' title="bbox 2455 2414 3123 2487">
     <span class='ocr_line' id='line_1_69' title="bbox 2455 2414 3123 2487; baseline 0.012 -21"><span class='ocrx_word' id='word_1_463' title='bbox 2455 2414 2612 2486; x_wconf 79' lang='grc' dir='ltr'>ὕϐρις</span> <span class='ocrx_word' id='word_1_464' title='bbox 2641 2417 2735 2470; x_wconf 79' lang='grc' dir='ltr'>τοῦ</span> <span class='ocrx_word' id='word_1_465' title='bbox 2769 2419 3085 2487; x_wconf 81' lang='grc' dir='ltr'>Πνεύματος</span> <span class='ocrx_word' id='word_1_466' title='bbox 3109 2438 3123 2485; x_wconf 86' lang='grc'><strong>;</strong></span> 
     </span>
    </p>
   </div>
   <div class='ocr_carea' id='block_1_70' title="bbox 2518 2509 4033 2581">
    <p class='ocr_par' dir='ltr' id='par_1_70' title="bbox 2518 2509 4033 2581">
     <span class='ocr_line' id='line_1_70' title="bbox 2518 2509 4033 2581; baseline 0.002 -21"><span class='ocrx_word' id='word_1_467' title='bbox 2518 2509 2781 2578; x_wconf 80' lang='grc' dir='ltr'>Οἴδαμεν</span> <span class='ocrx_word' id='word_1_468' title='bbox 2822 2512 2933 2579; x_wconf 71' lang='grc' dir='ltr'>γὰρ</span> <span class='ocrx_word' id='word_1_469' title='bbox 2984 2510 3093 2563; x_wconf 78' lang='grc' dir='ltr'>τὸν</span> <span class='ocrx_word' id='word_1_470' title='bbox 3139 2512 3388 2566; x_wconf 71' lang='grc' dir='ltr'>εἰπόντα</span> <span class='ocrx_word' id='word_1_471' title='bbox 3419 2529 3434 2545; x_wconf 77' lang='grc' dir='ltr'><strong><em>ο</em></strong></span> <span class='ocrx_word' id='word_1_472' title='bbox 3480 2512 3641 2581; x_wconf 77' lang='grc' dir='ltr'>Ἐμοί</span> <span class='ocrx_word' id='word_1_473' title='bbox 3693 2511 4033 2577; x_wconf 80' lang='grc' dir='ltr'>ἐκδίκησις,</span> 
     </span>
    </p>
   </div>
   <div class='ocr_carea' id='block_1_71' title="bbox 2450 2601 4041 2673">
    <p class='ocr_par' dir='ltr' id='par_1_71' title="bbox 2450 2601 4041 2673">
     <span class='ocr_line' id='line_1_71' title="bbox 2450 2601 4041 2673; baseline 0.003 -21"><span class='ocrx_word' id='word_1_474' title='bbox 2450 2601 2565 2670; x_wconf 83' lang='grc' dir='ltr'>ἐγὼ</span> <span class='ocrx_word' id='word_1_475' title='bbox 2596 2603 3024 2668; x_wconf 78' lang='grc' dir='ltr'>ἀνταποδώσω,</span> <span class='ocrx_word' id='word_1_476' title='bbox 3058 2602 3221 2673; x_wconf 75' lang='grc' dir='ltr'>λέγει</span> <span class='ocrx_word' id='word_1_477' title='bbox 3249 2605 3485 2672; x_wconf 78' lang='grc' dir='ltr'>Κύριος.</span> <span class='ocrx_word' id='word_1_478' title='bbox 3521 2604 3629 2657; x_wconf 74' lang='grc' dir='ltr'>Καὶ</span> <span class='ocrx_word' id='word_1_479' title='bbox 3659 2604 3845 2663; x_wconf 65' lang='grc' dir='ltr'>πάλιν</span> <span class='ocrx_word' id='word_1_480' title='bbox 3865 2620 3878 2633; x_wconf 74' lang='grc' dir='ltr'>ο</span> <span class='ocrx_word' id='word_1_481' title='bbox 3911 2607 4041 2656; x_wconf 81' lang='grc' dir='ltr'>Κύ-</span> 
     </span>
    </p>
   </div>
   <div class='ocr_carea' id='block_1_72' title="bbox 2444 2694 4041 2764">
    <p class='ocr_par' dir='ltr' id='par_1_72' title="bbox 2444 2694 4041 2764">
     <span class='ocr_line' id='line_1_72' title="bbox 2444 2694 4041 2764; baseline 0.002 -19"><span class='ocrx_word' id='word_1_482' title='bbox 2444 2711 2576 2760; x_wconf 83' lang='grc' dir='ltr'>ριος</span> <span class='ocrx_word' id='word_1_483' title='bbox 2607 2694 2799 2762; x_wconf 81' lang='grc' dir='ltr'>κρινεῖ</span> <span class='ocrx_word' id='word_1_484' title='bbox 2815 2698 2921 2747; x_wconf 71' lang='grc' dir='ltr'>τὸν</span> <span class='ocrx_word' id='word_1_485' title='bbox 2949 2697 3104 2749; x_wconf 77' lang='grc' dir='ltr'>λαὸν</span> <span class='ocrx_word' id='word_1_486' title='bbox 3131 2697 3340 2751; x_wconf 85' lang='grc' dir='ltr'>αὑτοῦ.</span> <span class='ocrx_word' id='word_1_487' title='bbox 3368 2696 3627 2764; x_wconf 73' lang='grc' dir='ltr'>Φοόερὸν</span> <span class='ocrx_word' id='word_1_488' title='bbox 3655 2697 3721 2749; x_wconf 82' lang='grc' dir='ltr'>τὸ</span> <span class='ocrx_word' id='word_1_489' title='bbox 3747 2695 4041 2764; x_wconf 77' lang='grc' dir='ltr'>ἐμπεσεῖν</span> 
     </span>
    </p>
   </div>
   <div class='ocr_carea' id='block_1_73' title="bbox 2450 2786 4040 2857">
    <p class='ocr_par' dir='ltr' id='par_1_73' title="bbox 2450 2786 4040 2857">
     <span class='ocr_line' id='line_1_73' title="bbox 2450 2786 4040 2857; baseline 0.001 -21"><span class='ocrx_word' id='word_1_490' title='bbox 2450 2788 2535 2849; x_wconf 82' lang='grc' dir='ltr'>εἰς</span> <span class='ocrx_word' id='word_1_491' title='bbox 2566 2786 2768 2854; x_wconf 75' lang='grc' dir='ltr'>χεῖρας</span> <span class='ocrx_word' id='word_1_492' title='bbox 2822 2786 2971 2841; x_wconf 83' lang='grc' dir='ltr'>Θεοῦ</span> <span class='ocrx_word' id='word_1_493' title='bbox 3022 2786 3257 2853; x_wconf 82' lang='grc' dir='ltr'>ζῶντος.</span> <span class='ocrx_word' id='word_1_494' title='bbox 3316 2787 3503 2841; x_wconf 84' lang='grc' dir='ltr'>Ταῦτα</span> <span class='ocrx_word' id='word_1_495' title='bbox 3551 2788 3739 2857; x_wconf 75' lang='grc' dir='ltr'>εἴρηκε</span> <span class='ocrx_word' id='word_1_496' title='bbox 3790 2787 3892 2856; x_wconf 77' lang='grc' dir='ltr'>μὲν</span> <span class='ocrx_word' id='word_1_497' title='bbox 3936 2790 4040 2840; x_wconf 80' lang='grc' dir='ltr'>καὶ</span> 
     </span>
    </p>
   </div>
   <div class='ocr_carea' id='block_1_74' title="bbox 2451 2877 4041 2949">
    <p class='ocr_par' dir='ltr' id='par_1_74' title="bbox 2451 2877 4041 2949">
     <span class='ocr_line' id='line_1_74' title="bbox 2451 2877 4041 2949; baseline 0.003 -21"><span class='ocrx_word' id='word_1_498' title='bbox 2451 2878 2594 2929; x_wconf 84' lang='grc' dir='ltr'>κατὰ</span> <span class='ocrx_word' id='word_1_499' title='bbox 2615 2877 2674 2930; x_wconf 79' lang='grc' dir='ltr'>τὸ</span> <span class='ocrx_word' id='word_1_500' title='bbox 2703 2879 3021 2940; x_wconf 75' lang='grc' dir='ltr'>ἀκόλουθον,</span> <span class='ocrx_word' id='word_1_501' title='bbox 3052 2879 3187 2949; x_wconf 74' lang='grc' dir='ltr'>πρὸς</span> <span class='ocrx_word' id='word_1_502' title='bbox 3216 2880 3275 2932; x_wconf 85' lang='grc' dir='ltr'>τὸ</span> <span class='ocrx_word' id='word_1_503' title='bbox 3306 2877 3607 2943; x_wconf 74' lang='grc' dir='ltr'>ἀποδεῖξαι,</span> <span class='ocrx_word' id='word_1_504' title='bbox 3638 2880 3719 2931; x_wconf 85' lang='grc' dir='ltr'>ὅτι</span> <span class='ocrx_word' id='word_1_505' title='bbox 3748 2878 4041 2948; x_wconf 80' lang='grc' dir='ltr'>ἐκδίκησιν</span> 
     </span>
    </p>
   </div>
   <div class='ocr_carea' id='block_1_75' title="bbox 2451 2969 4039 3040">
    <p class='ocr_par' dir='ltr' id='par_1_75' title="bbox 2451 2969 4039 3040">
     <span class='ocr_line' id='line_1_75' title="bbox 2451 2969 4039 3040; baseline 0.003 -22"><span class='ocrx_word' id='word_1_506' title='bbox 2451 2969 2637 3036; x_wconf 80' lang='grc' dir='ltr'>μέλλει</span> <span class='ocrx_word' id='word_1_507' title='bbox 2670 2969 3000 3039; x_wconf 79' lang='grc' dir='ltr'>ποιήσασθαι</span> <span class='ocrx_word' id='word_1_508' title='bbox 3048 2970 3144 3024; x_wconf 77' lang='grc' dir='ltr'>ἐπὶ</span> <span class='ocrx_word' id='word_1_509' title='bbox 3189 2972 3301 3034; x_wconf 86' lang='grc' dir='ltr'>τοῖς</span> <span class='ocrx_word' id='word_1_510' title='bbox 3336 2970 3811 3040; x_wconf 80' lang='grc' dir='ltr'>ἁμαρτανομένοις</span> <span class='ocrx_word' id='word_1_511' title='bbox 3847 2970 3875 3020; x_wconf 82' lang='grc' dir='ltr'>ὁ</span> <span class='ocrx_word' id='word_1_512' title='bbox 3918 2971 4039 3023; x_wconf 77' lang='grc' dir='ltr'>Κύ-</span> 
     </span>
    </p>
   </div>
   <div class='ocr_carea' id='block_1_76' title="bbox 2450 3060 4043 3131">
    <p class='ocr_par' dir='ltr' id='par_1_76' title="bbox 2450 3060 4043 3131">
     <span class='ocr_line' id='line_1_76' title="bbox 2450 3060 4043 3131; baseline 0.001 -21"><span class='ocrx_word' id='word_1_513' title='bbox 2450 3076 2585 3128; x_wconf 76' lang='grc' dir='ltr'>ριος.</span> <span class='ocrx_word' id='word_1_514' title='bbox 2618 3060 2753 3112; x_wconf 83' lang='grc' dir='ltr'>Εἰπε</span> <span class='ocrx_word' id='word_1_515' title='bbox 2789 3062 2897 3131; x_wconf 82' lang='grc' dir='ltr'>γὰρ</span> <span class='ocrx_word' id='word_1_516' title='bbox 2930 3061 3090 3114; x_wconf 84' lang='grc' dir='ltr'>τοῦτο</span> <span class='ocrx_word' id='word_1_517' title='bbox 3121 3061 3208 3113; x_wconf 78' lang='grc' dir='ltr'>διὰ</span> <span class='ocrx_word' id='word_1_518' title='bbox 3260 3061 3354 3113; x_wconf 83' lang='grc' dir='ltr'>τοῦ</span> <span class='ocrx_word' id='word_1_519' title='bbox 3410 3064 3716 3129; x_wconf 77' lang='grc' dir='ltr'>προφήτου.</span> <span class='ocrx_word' id='word_1_520' title='bbox 3768 3062 4043 3129; x_wconf 81' lang='grc' dir='ltr'>Παραμυ-</span> 
     </span>
    </p>
   </div>
   <div class='ocr_carea' id='block_1_77' title="bbox 2453 3151 4041 3222">
    <p class='ocr_par' dir='ltr' id='par_1_77' title="bbox 2453 3151 4041 3222">
     <span class='ocr_line' id='line_1_77' title="bbox 2453 3151 4041 3222; baseline 0.002 -20"><span class='ocrx_word' id='word_1_521' title='bbox 2453 3151 2625 3203; x_wconf 81' lang='grc' dir='ltr'>θεῖται</span> <span class='ocrx_word' id='word_1_522' title='bbox 2673 3151 2729 3203; x_wconf 87' lang='grc' dir='ltr'>δὲ</span> <span class='ocrx_word' id='word_1_523' title='bbox 2778 3154 2871 3204; x_wconf 79' lang='grc' dir='ltr'>καὶ</span> <span class='ocrx_word' id='word_1_524' title='bbox 2917 3153 3112 3215; x_wconf 80' lang='grc' dir='ltr'>αὐτοὺς</span> <span class='ocrx_word' id='word_1_525' title='bbox 3154 3152 3628 3222; x_wconf 68' lang='grc' dir='ltr'>μικροψυχοῖνιτας</span> <span class='ocrx_word' id='word_1_526' title='bbox 3669 3153 3759 3205; x_wconf 78' lang='grc' dir='ltr'>διὰ</span> <span class='ocrx_word' id='word_1_527' title='bbox 3787 3155 3912 3213; x_wconf 74' lang='grc' dir='ltr'>τοὺς</span> <span class='ocrx_word' id='word_1_528' title='bbox 3964 3154 4041 3205; x_wconf 81' lang='grc' dir='ltr'>ἐκ</span> 
     </span>
    </p>
   </div>
   <div class='ocr_carea' id='block_1_78' title="bbox 2452 3242 4040 3315">
    <p class='ocr_par' dir='ltr' id='par_1_78' title="bbox 2452 3242 4040 3315">
     <span class='ocr_line' id='line_1_78' title="bbox 2452 3242 4040 3315; baseline 0.003 -22"><span class='ocrx_word' id='word_1_529' title='bbox 2452 3242 2561 3295; x_wconf 85' lang='grc' dir='ltr'>τῶν</span> <span class='ocrx_word' id='word_1_530' title='bbox 2589 3242 2878 3295; x_wconf 76' lang='grc' dir='ltr'>θλιϐόντων</span> <span class='ocrx_word' id='word_1_531' title='bbox 2905 3246 3104 3307; x_wconf 81' lang='grc' dir='ltr'>αὐτοὺς</span> <span class='ocrx_word' id='word_1_532' title='bbox 3145 3246 3412 3297; x_wconf 79' lang='grc' dir='ltr'>Ἰουδαίων</span> <span class='ocrx_word' id='word_1_533' title='bbox 3438 3245 3801 3315; x_wconf 73' lang='grc' dir='ltr'>πειρασμούςο</span> <span class='ocrx_word' id='word_1_534' title='bbox 3825 3244 4040 3298; x_wconf 80' lang='grc' dir='ltr'>ὡσανεὶ</span> 
     </span>
    </p>
   </div>
   <div class='ocr_carea' id='block_1_79' title="bbox 2451 3334 4042 3405">
    <p class='ocr_par' dir='ltr' id='par_1_79' title="bbox 2451 3334 4042 3405">
     <span class='ocr_line' id='line_1_79' title="bbox 2451 3334 4042 3405; baseline 0.001 -21"><span class='ocrx_word' id='word_1_535' title='bbox 2451 3336 2563 3403; x_wconf 68' lang='grc' dir='ltr'>γᾶρ</span> <span class='ocrx_word' id='word_1_536' title='bbox 2587 3334 2811 3388; x_wconf 79' lang='grc' dir='ltr'>τοιαῦτά</span> <span class='ocrx_word' id='word_1_537' title='bbox 2838 3350 2992 3403; x_wconf 66' lang='lat' dir='ltr'>(mor</span> <span class='ocrx_word' id='word_1_538' title='bbox 3026 3336 3116 3405; x_wconf 79' lang='grc' dir='ltr'>Μὴ</span> <span class='ocrx_word' id='word_1_539' title='bbox 3144 3336 3537 3397; x_wconf 82' lang='grc' dir='ltr'>καταπίπτετε,</span> <span class='ocrx_word' id='word_1_540' title='bbox 3572 3336 3725 3405; x_wconf 77' lang='grc' dir='ltr'>ἔχετε</span> <span class='ocrx_word' id='word_1_541' title='bbox 3763 3336 3853 3387; x_wconf 87' lang='grc' dir='ltr'>τὸν</span> <span class='ocrx_word' id='word_1_542' title='bbox 3883 3336 4042 3389; x_wconf 82' lang='grc' dir='ltr'>ἐκδι-</span> 
     </span>
    </p>
   </div>
   <div class='ocr_carea' id='block_1_80' title="bbox 2450 3428 4039 3497">
    <p class='ocr_par' dir='ltr' id='par_1_80' title="bbox 2450 3428 4039 3497">
     <span class='ocr_line' id='line_1_80' title="bbox 2450 3428 4039 3497; baseline 0.003 -18"><span class='ocrx_word' id='word_1_543' title='bbox 2450 3428 2649 3480; x_wconf 77' lang='grc' dir='ltr'>κοῦντα</span> <span class='ocrx_word' id='word_1_544' title='bbox 2697 3428 2793 3481; x_wconf 79' lang='grc' dir='ltr'>καὶ</span> <span class='ocrx_word' id='word_1_545' title='bbox 2843 3428 3287 3494; x_wconf 82' lang='grc' dir='ltr'>ἀνταποδιδόντα,</span> <span class='ocrx_word' id='word_1_546' title='bbox 3334 3428 3482 3492; x_wconf 82' lang='grc' dir='ltr'>ὅστις</span> <span class='ocrx_word' id='word_1_547' title='bbox 3531 3430 3619 3481; x_wconf 76' lang='grc' dir='ltr'>ἀεὶ</span> <span class='ocrx_word' id='word_1_548' title='bbox 3659 3429 3749 3497; x_wconf 79' lang='grc' dir='ltr'>ζῇ,</span> <span class='ocrx_word' id='word_1_549' title='bbox 3800 3430 3895 3481; x_wconf 78' lang='grc' dir='ltr'>καὶ</span> <span class='ocrx_word' id='word_1_550' title='bbox 3925 3430 4039 3483; x_wconf 68' lang='lat' dir='ltr'>ei»:</span> 
     </span>
    </p>
   </div>
   <div class='ocr_carea' id='block_1_81' title="bbox 2449 3520 4033 3591">
    <p class='ocr_par' dir='ltr' id='par_1_81' title="bbox 2449 3520 4033 3591">
     <span class='ocr_line' id='line_1_81' title="bbox 2449 3520 4033 3591; baseline 0.003 -20"><span class='ocrx_word' id='word_1_551' title='bbox 2449 3520 2805 3588; x_wconf 76' lang='grc' dir='ltr'>ἐκφεύξονται</span> <span class='ocrx_word' id='word_1_552' title='bbox 2856 3521 3021 3573; x_wconf 84' lang='grc' dir='ltr'>αὑτὸν</span> <span class='ocrx_word' id='word_1_553' title='bbox 3074 3522 3289 3582; x_wconf 77' lang='grc' dir='ltr'>πάντως</span> <span class='ocrx_word' id='word_1_554' title='bbox 3321 3521 3371 3573; x_wconf 76' lang='grc' dir='ltr'>οἱ</span> <span class='ocrx_word' id='word_1_555' title='bbox 3407 3520 3807 3591; x_wconf 78' lang='grc' dir='ltr'>ἐπηρεάζοντες</span> <span class='ocrx_word' id='word_1_556' title='bbox 3854 3521 4033 3590; x_wconf 74' lang='grc' dir='ltr'>ὑμᾶς.</span> 
     </span>
    </p>
   </div>
   <div class='ocr_carea' id='block_1_82' title="bbox 2463 3613 4040 3683">
    <p class='ocr_par' dir='ltr' id='par_1_82' title="bbox 2463 3613 4040 3683">
     <span class='ocr_line' id='line_1_82' title="bbox 2463 3613 4040 3683; baseline 0.001 -19"><span class='ocrx_word' id='word_1_557' title='bbox 2463 3613 2651 3682; x_wconf 81' lang='grc' dir='ltr'>Ὑμεῖς</span> <span class='ocrx_word' id='word_1_558' title='bbox 2686 3613 2785 3683; x_wconf 83' lang='grc' dir='ltr'>μὲν</span> <span class='ocrx_word' id='word_1_559' title='bbox 2817 3615 2898 3677; x_wconf 85' lang='grc' dir='ltr'>είς</span> <span class='ocrx_word' id='word_1_560' title='bbox 2944 3613 3042 3676; x_wconf 77' lang='grc' dir='ltr'>τὰς</span> <span class='ocrx_word' id='word_1_561' title='bbox 3071 3613 3300 3666; x_wconf 80' lang='grc' dir='ltr'>ἐκείνων</span> <span class='ocrx_word' id='word_1_562' title='bbox 3338 3615 3526 3683; x_wconf 83' lang='grc' dir='ltr'>χεῖρας</span> <span class='ocrx_word' id='word_1_563' title='bbox 3563 3615 3858 3666; x_wconf 78' lang='grc' dir='ltr'>ἐνεπέσατε</span> <span class='ocrx_word' id='word_1_564' title='bbox 3898 3614 4040 3683; x_wconf 56' lang='lat' dir='ltr'>0w,-</span> 
     </span>
    </p>
   </div>
   <div class='ocr_carea' id='block_1_83' title="bbox 2444 3703 4033 3773">
    <p class='ocr_par' dir='ltr' id='par_1_83' title="bbox 2444 3703 4033 3773">
     <span class='ocr_line' id='line_1_83' title="bbox 2444 3703 4033 3773; baseline 0.003 -18"><span class='ocrx_word' id='word_1_565' title='bbox 2444 3703 2552 3755; x_wconf 86' lang='grc' dir='ltr'>τῶν</span> <span class='ocrx_word' id='word_1_566' title='bbox 2579 3704 2917 3773; x_wconf 84' lang='grc' dir='ltr'>ἀνθρώπων·</span> <span class='ocrx_word' id='word_1_567' title='bbox 2965 3708 3163 3758; x_wconf 75' lang='grc' dir='ltr'>ἐκεῖνοι</span> <span class='ocrx_word' id='word_1_568' title='bbox 3213 3706 3290 3770; x_wconf 84' lang='grc' dir='ltr'>δὲ,</span> <span class='ocrx_word' id='word_1_569' title='bbox 3347 3708 3427 3769; x_wconf 81' lang='grc' dir='ltr'>εἰς</span> <span class='ocrx_word' id='word_1_570' title='bbox 3459 3707 3559 3768; x_wconf 81' lang='grc' dir='ltr'>τὰς</span> <span class='ocrx_word' id='word_1_571' title='bbox 3604 3706 3696 3759; x_wconf 79' lang='grc' dir='ltr'>τοῦ</span> <span class='ocrx_word' id='word_1_572' title='bbox 3748 3707 3885 3759; x_wconf 81' lang='grc' dir='ltr'>Θεοῦ</span> <span class='ocrx_word' id='word_1_573' title='bbox 3928 3707 4033 3760; x_wconf 72' lang='grc' dir='ltr'>τοῦ</span> 
     </span>
    </p>
   </div>
   <div class='ocr_carea' id='block_1_84' title="bbox 2445 3792 3684 3867">
    <p class='ocr_par' dir='ltr' id='par_1_84' title="bbox 2445 3792 3684 3867">
     <span class='ocr_line' id='line_1_84' title="bbox 2445 3792 3684 3867; baseline 0.003 -22"><span class='ocrx_word' id='word_1_574' title='bbox 2445 3793 2534 3845; x_wconf 76' lang='grc' dir='ltr'>ἀεὶ</span> <span class='ocrx_word' id='word_1_575' title='bbox 2560 3792 2783 3862; x_wconf 77' lang='grc' dir='ltr'>ζῶντος,</span> <span class='ocrx_word' id='word_1_576' title='bbox 2820 3796 2913 3849; x_wconf 76' lang='grc' dir='ltr'>καὶ</span> <span class='ocrx_word' id='word_1_577' title='bbox 2945 3795 3034 3848; x_wconf 80' lang='grc' dir='ltr'>διὰ</span> <span class='ocrx_word' id='word_1_578' title='bbox 3062 3795 3219 3849; x_wconf 82' lang='grc' dir='ltr'>τοῦτο</span> <span class='ocrx_word' id='word_1_579' title='bbox 3248 3796 3684 3867; x_wconf 81' lang='grc' dir='ltr'>ἀναποδράστου.</span> 
     </span>
    </p>
   </div>
   <div class='ocr_carea' id='block_1_85' title="bbox 2527 3978 4032 4049">
    <p class='ocr_par' dir='ltr' id='par_1_85' title="bbox 2527 3978 4032 4049">
     <span class='ocr_line' id='line_1_85' title="bbox 2527 3978 4032 4049; baseline 0.001 -16"><span class='ocrx_word' id='word_1_580' title='bbox 2527 3978 3075 4049; x_wconf 78' lang='grc' dir='ltr'>Ἀναμιμνήσκεσθε</span> <span class='ocrx_word' id='word_1_581' title='bbox 3130 3980 3198 4033; x_wconf 80' lang='grc' dir='ltr'>δὲ</span> <span class='ocrx_word' id='word_1_582' title='bbox 3257 3981 3363 4047; x_wconf 81' lang='grc' dir='ltr'>τὰς</span> <span class='ocrx_word' id='word_1_583' title='bbox 3428 3982 3718 4049; x_wconf 72' lang='grc' dir='ltr'>πρότερον</span> <span class='ocrx_word' id='word_1_584' title='bbox 3773 3980 4032 4049; x_wconf 76' lang='grc' dir='ltr'>ἡμέρας.</span> 
     </span>
    </p>
   </div>
   <div class='ocr_carea' id='block_1_86' title="bbox 2444 4074 4028 4145">
    <p class='ocr_par' dir='ltr' id='par_1_86' title="bbox 2444 4074 4028 4145">
     <span class='ocr_line' id='line_1_86' title="bbox 2444 4074 4028 4145; baseline 0.001 -17"><span class='ocrx_word' id='word_1_585' title='bbox 2444 4076 2554 4128; x_wconf 81' lang='grc' dir='ltr'>Ούκ</span> <span class='ocrx_word' id='word_1_586' title='bbox 2577 4075 2685 4143; x_wconf 77' lang='grc' dir='ltr'>ἄρα</span> <span class='ocrx_word' id='word_1_587' title='bbox 2718 4074 2894 4145; x_wconf 80' lang='grc' dir='ltr'>μάτην</span> <span class='ocrx_word' id='word_1_588' title='bbox 2924 4076 3181 4144; x_wconf 76' lang='grc' dir='ltr'>ἐλέγομεν</span> <span class='ocrx_word' id='word_1_589' title='bbox 3201 4075 3247 4106; x_wconf 69' lang='grc'><strong>⁸⁸</strong></span> <span class='ocrx_word' id='word_1_590' title='bbox 3269 4076 3351 4128; x_wconf 83' lang='grc' dir='ltr'>ὅτι</span> <span class='ocrx_word' id='word_1_591' title='bbox 3379 4074 3459 4128; x_wconf 82' lang='grc' dir='ltr'>τό.</span> <span class='ocrx_word' id='word_1_592' title='bbox 3503 4075 3659 4143; x_wconf 75' lang='grc' dir='ltr'>Ἐμοὶ</span> <span class='ocrx_word' id='word_1_593' title='bbox 3681 4074 4028 4142; x_wconf 71' lang='grc' dir='ltr'>ἐκδίκησις,</span> 
     </span>
    </p>
   </div>
   <div class='ocr_carea' id='block_1_87' title="bbox 2444 4166 4031 4237">
    <p class='ocr_par' dir='ltr' id='par_1_87' title="bbox 2444 4166 4031 4237">
     <span class='ocr_line' id='line_1_87' title="bbox 2444 4166 4031 4237; baseline 0.003 -21"><span class='ocrx_word' id='word_1_594' title='bbox 2444 4168 2578 4236; x_wconf 71' lang='grc' dir='ltr'>πρὸς</span> <span class='ocrx_word' id='word_1_595' title='bbox 2613 4166 2965 4237; x_wconf 76' lang='grc' dir='ltr'>παραμυθίαν</span> <span class='ocrx_word' id='word_1_596' title='bbox 3012 4167 3197 4219; x_wconf 80' lang='grc' dir='ltr'>αὐτῶν</span> <span class='ocrx_word' id='word_1_597' title='bbox 3239 4166 3448 4233; x_wconf 80' lang='grc' dir='ltr'>είσάγει</span> <span class='ocrx_word' id='word_1_598' title='bbox 3495 4166 3823 4235; x_wconf 81' lang='grc' dir='ltr'>λεληθότως.</span> <span class='ocrx_word' id='word_1_599' title='bbox 3885 4168 4031 4221; x_wconf 78' lang='grc' dir='ltr'>Ἰδοὺ</span> 
     </span>
    </p>
   </div>
   <div class='ocr_carea' id='block_1_88' title="bbox 2440 4257 4035 4327">
    <p class='ocr_par' dir='ltr' id='par_1_88' title="bbox 2440 4257 4035 4327">
     <span class='ocr_line' id='line_1_88' title="bbox 2440 4257 4035 4327; baseline 0.001 -18"><span class='ocrx_word' id='word_1_600' title='bbox 2440 4258 2549 4326; x_wconf 84' lang='grc' dir='ltr'>γὰρ</span> <span class='ocrx_word' id='word_1_601' title='bbox 2596 4257 2947 4327; x_wconf 78' lang='grc' dir='ltr'>ἐκδηλότερον</span> <span class='ocrx_word' id='word_1_602' title='bbox 2979 4259 3163 4319; x_wconf 81' lang='grc' dir='ltr'>αὐτοῖς</span> <span class='ocrx_word' id='word_1_603' title='bbox 3196 4258 3525 4324; x_wconf 76' lang='grc' dir='ltr'>διαλέγεται,</span> <span class='ocrx_word' id='word_1_604' title='bbox 3578 4260 4035 4326; x_wconf 61' lang='grc' dir='ltr'>προτρεπόμενος</span> 
     </span>
    </p>
   </div>
   <div class='ocr_carea' id='block_1_89' title="bbox 2443 4352 4034 4434">
    <p class='ocr_par' dir='ltr' id='par_1_89' title="bbox 2443 4352 4034 4434">
     <span class='ocr_line' id='line_1_89' title="bbox 2443 4352 4034 4434; baseline -0.007 -24"><span class='ocrx_word' id='word_1_605' title='bbox 2443 4354 2519 4425; x_wconf 82' lang='grc' dir='ltr'>μὴ</span> <span class='ocrx_word' id='word_1_606' title='bbox 2560 4354 2817 4423; x_wconf 72' lang='grc' dir='ltr'>ἐκστῆναι</span> <span class='ocrx_word' id='word_1_607' title='bbox 2859 4355 2960 4424; x_wconf 84' lang='grc' dir='ltr'>τῆς</span> <span class='ocrx_word' id='word_1_608' title='bbox 3008 4354 3308 4423; x_wconf 77' lang='grc' dir='ltr'>ὑπομονῆς.</span> <span class='ocrx_word' id='word_1_609' title='bbox 3340 4354 3509 4421; x_wconf 71' lang='grc' dir='ltr'>Φησὶν</span> <span class='ocrx_word' id='word_1_610' title='bbox 3554 4352 3668 4434; x_wconf 65' lang='grc' dir='ltr'>οὖνΞ</span> <span class='ocrx_word' id='word_1_611' title='bbox 3704 4353 3785 4405; x_wconf 86' lang='grc' dir='ltr'>ὅτι</span> <span class='ocrx_word' id='word_1_612' title='bbox 3819 4354 3895 4423; x_wconf 78' lang='grc' dir='ltr'>μὴ</span> <span class='ocrx_word' id='word_1_613' title='bbox 3926 4356 4034 4407; x_wconf 73' lang='grc' dir='ltr'>ἄ),-</span> 
     </span>
    </p>
   </div>
   <div class='ocr_carea' id='block_1_90' title="bbox 2442 4444 4031 4517">
    <p class='ocr_par' dir='ltr' id='par_1_90' title="bbox 2442 4444 4031 4517">
     <span class='ocr_line' id='line_1_90' title="bbox 2442 4444 4031 4517; baseline 0 -19"><span class='ocrx_word' id='word_1_614' title='bbox 2442 4446 2567 4509; x_wconf 86' lang='grc' dir='ltr'>λους</span> <span class='ocrx_word' id='word_1_615' title='bbox 2598 4446 2747 4509; x_wconf 84' lang='grc' dir='ltr'>τινὰς</span> <span class='ocrx_word' id='word_1_616' title='bbox 2775 4446 3111 4516; x_wconf 86' lang='grc' dir='ltr'>μιμήσασθε,</span> <span class='ocrx_word' id='word_1_617' title='bbox 3142 4444 3259 4497; x_wconf 81' lang='grc' dir='ltr'>ἀλλ’</span> <span class='ocrx_word' id='word_1_618' title='bbox 3288 4446 3442 4497; x_wconf 71' lang='grc' dir='ltr'>αὐτοὶ</span> <span class='ocrx_word' id='word_1_619' title='bbox 3462 4444 3709 4507; x_wconf 77' lang='grc' dir='ltr'>ἑαυτούς.</span> <span class='ocrx_word' id='word_1_620' title='bbox 3747 4444 3835 4497; x_wconf 84' lang='grc' dir='ltr'>Ἐν</span> <span class='ocrx_word' id='word_1_621' title='bbox 3873 4447 4031 4517; x_wconf 73' lang='grc' dir='ltr'>ἀρχῇ</span> 
     </span>
    </p>
   </div>
   <div class='ocr_carea' id='block_1_91' title="bbox 769 4525 2346 4605">
    <p class='ocr_par' dir='ltr' id='par_1_91' title="bbox 769 4525 2333 4603">
     <span class='ocr_line' id='line_1_91' title="bbox 769 4525 2333 4603; baseline 0.006 -25"><span class='ocrx_word' id='word_1_622' title='bbox 769 4527 913 4579; x_wconf 88' lang='lat' dir='ltr'>enim</span> <span class='ocrx_word' id='word_1_623' title='bbox 940 4525 1062 4580; x_wconf 86' lang='lat' dir='ltr'>ﬁdei</span> <span class='ocrx_word' id='word_1_624' title='bbox 1095 4536 1288 4581; x_wconf 73' lang='lat' dir='ltr'>vestra:</span> <span class='ocrx_word' id='word_1_625' title='bbox 1333 4529 1624 4583; x_wconf 85' lang='lat' dir='ltr'>certastis:</span> <span class='ocrx_word' id='word_1_626' title='bbox 1664 4529 1767 4582; x_wconf 89' lang='lat' dir='ltr'>hoc</span> <span class='ocrx_word' id='word_1_627' title='bbox 1792 4538 2071 4585; x_wconf 87' lang='lat' dir='ltr'>certamen</span> <span class='ocrx_word' id='word_1_628' title='bbox 2122 4548 2333 4603; x_wconf 86' lang='lat' dir='ltr'>semper</span> 
     </span>
    </p>
   </div>
   <div class='ocr_carea' id='block_1_92' title="bbox 2451 4525 4035 4605">
    <p class='ocr_par' dir='ltr' id='par_1_92' title="bbox 2451 4535 4035 4605">
     <span class='ocr_line' id='line_1_92' title="bbox 2451 4535 4035 4605; baseline 0.001 -18"><span class='ocrx_word' id='word_1_629' title='bbox 2451 4536 2547 4605; x_wconf 68' lang='grc' dir='ltr'>γὰρ</span> <span class='ocrx_word' id='word_1_630' title='bbox 2604 4535 2703 4605; x_wconf 80' lang='grc' dir='ltr'>τῆς</span> <span class='ocrx_word' id='word_1_631' title='bbox 2758 4536 2994 4599; x_wconf 80' lang='grc' dir='ltr'>πίστεως</span> <span class='ocrx_word' id='word_1_632' title='bbox 3056 4536 3210 4605; x_wconf 84' lang='grc' dir='ltr'>ὑμῶν</span> <span class='ocrx_word' id='word_1_633' title='bbox 3274 4535 3645 4605; x_wconf 73' lang='grc' dir='ltr'>ήγωνίσασθε·</span> <span class='ocrx_word' id='word_1_634' title='bbox 3693 4535 3881 4587; x_wconf 82' lang='grc' dir='ltr'>τοῦτον</span> <span class='ocrx_word' id='word_1_635' title='bbox 3932 4540 4035 4588; x_wconf 65' lang='grc' dir='ltr'>τὶν</span> 
     </span>
    </p>
   </div>
   <div class='ocr_carea' id='block_1_93' title="bbox 766 4618 2337 4691">
    <p class='ocr_par' dir='ltr' id='par_1_93' title="bbox 766 4618 2337 4691">
     <span class='ocr_line' id='line_1_93' title="bbox 766 4618 2337 4691; baseline 0.008 -23"><span class='ocrx_word' id='word_1_636' title='bbox 766 4618 1049 4671; x_wconf 84' lang='lat' dir='ltr'>vobiscum</span> <span class='ocrx_word' id='word_1_637' title='bbox 1103 4618 1434 4685; x_wconf 83' lang='lat' dir='ltr'>expendite:</span> <span class='ocrx_word' id='word_1_638' title='bbox 1477 4635 1541 4673; x_wconf 90' lang='lat' dir='ltr'>ea</span> <span class='ocrx_word' id='word_1_639' title='bbox 1572 4636 1693 4689; x_wconf 71' lang='lat' dir='ltr'>qua:</span> <span class='ocrx_word' id='word_1_640' title='bbox 1720 4623 1956 4691; x_wconf 89' lang='lat' dir='ltr'>primum</span> <span class='ocrx_word' id='word_1_641' title='bbox 2016 4633 2166 4679; x_wconf 86' lang='lat' dir='ltr'>recte</span> <span class='ocrx_word' id='word_1_642' title='bbox 2212 4641 2337 4680; x_wconf 87' lang='lat' dir='ltr'>ecr-</span> 
     </span>
    </p>
   </div>
   <div class='ocr_carea' id='block_1_94' title="bbox 772 4710 2335 4781">
    <p class='ocr_par' dir='ltr' id='par_1_94' title="bbox 772 4710 2335 4781">
     <span class='ocr_line' id='line_1_94' title="bbox 772 4710 2335 4781; baseline 0.006 -22"><span class='ocrx_word' id='word_1_643' title='bbox 772 4710 938 4761; x_wconf 82' lang='lat' dir='ltr'>tanu‘o</span> <span class='ocrx_word' id='word_1_644' title='bbox 975 4710 1216 4762; x_wconf 79' lang='lat' dir='ltr'>assecuti</span> <span class='ocrx_word' id='word_1_645' title='bbox 1273 4711 1426 4773; x_wconf 90' lang='lat' dir='ltr'>estis,</span> <span class='ocrx_word' id='word_1_646' title='bbox 1464 4726 1561 4781; x_wconf 89' lang='lat' dir='ltr'>per</span> <span class='ocrx_word' id='word_1_647' title='bbox 1614 4714 1924 4767; x_wconf 85' lang='lat' dir='ltr'>socordiam</span> <span class='ocrx_word' id='word_1_648' title='bbox 1953 4729 2023 4769; x_wconf 88' lang='lat' dir='ltr'>ne</span> <span class='ocrx_word' id='word_1_649' title='bbox 2054 4716 2335 4769; x_wconf 83' lang='lat' dir='ltr'>amittatis.</span> 
     </span>
    </p>
   </div>
   <div class='ocr_carea' id='block_1_95' title="bbox 769 4800 2334 4874">
    <p class='ocr_par' dir='ltr' id='par_1_95' title="bbox 769 4800 2334 4874">
     <span class='ocr_line' id='line_1_95' title="bbox 769 4800 2334 4874; baseline 0.005 -22"><span class='ocrx_word' id='word_1_650' title='bbox 769 4800 1173 4869; x_wconf 82' lang='lat' dir='ltr'>Cotntemplare</span> <span class='ocrx_word' id='word_1_651' title='bbox 1226 4811 1404 4854; x_wconf 88' lang='lat' dir='ltr'>autem</span> <span class='ocrx_word' id='word_1_652' title='bbox 1476 4804 1564 4857; x_wconf 89' lang='lat' dir='ltr'>hic</span> <span class='ocrx_word' id='word_1_653' title='bbox 1617 4804 1959 4873; x_wconf 85' lang='lat' dir='ltr'>spiritualem</span> <span class='ocrx_word' id='word_1_654' title='bbox 1986 4807 2334 4874; x_wconf 78' lang='lat' dir='ltr'>sapientiam.</span> 
     </span>
    </p>
   </div>
   <div class='ocr_carea' id='block_1_96' title="bbox 760 4891 2339 4968">
    <p class='ocr_par' dir='ltr' id='par_1_96' title="bbox 760 4891 2339 4968">
     <span class='ocr_line' id='line_1_96' title="bbox 760 4891 2339 4968; baseline 0.006 -26"><span class='ocrx_word' id='word_1_655' title='bbox 760 4891 889 4943; x_wconf 74' lang='lat' dir='ltr'>(Iunt</span> <span class='ocrx_word' id='word_1_656' title='bbox 946 4903 1103 4945; x_wconf 84' lang='lat' dir='ltr'>antea</span> <span class='ocrx_word' id='word_1_657' title='bbox 1161 4894 1533 4948; x_wconf 83' lang='lat' dir='ltr'>concussisset</span> <span class='ocrx_word' id='word_1_658' title='bbox 1598 4895 1815 4949; x_wconf 92' lang='lat' dir='ltr'>illorum</span> <span class='ocrx_word' id='word_1_659' title='bbox 1869 4904 2079 4952; x_wconf 87' lang='lat' dir='ltr'>mentes</span> <span class='ocrx_word' id='word_1_660' title='bbox 2104 4913 2201 4967; x_wconf 86' lang='lat' dir='ltr'>per</span> <span class='ocrx_word' id='word_1_661' title='bbox 2249 4914 2339 4968; x_wconf 77' lang='lat' dir='ltr'>ge-</span> 
     </span>
    </p>
   </div>
   <div class='ocr_carea' id='block_1_97' title="bbox 762 4984 2335 5059">
    <p class='ocr_par' dir='ltr' id='par_1_97' title="bbox 762 4984 2335 5059">
     <span class='ocr_line' id='line_1_97' title="bbox 762 4984 2335 5059; baseline 0.007 -26"><span class='ocrx_word' id='word_1_662' title='bbox 762 4984 956 5037; x_wconf 77' lang='lat' dir='ltr'>Itenna:</span> <span class='ocrx_word' id='word_1_663' title='bbox 1034 4987 1648 5053; x_wconf 85' lang='lat' dir='ltr'>commemorationem,</span> <span class='ocrx_word' id='word_1_664' title='bbox 1726 5003 1875 5042; x_wconf 90' lang='lat' dir='ltr'>nunc</span> <span class='ocrx_word' id='word_1_665' title='bbox 1928 5005 2025 5059; x_wconf 81' lang='lat' dir='ltr'>per</span> <span class='ocrx_word' id='word_1_666' title='bbox 2086 4992 2335 5044; x_wconf 86' lang='lat' dir='ltr'>encomia</span> 
     </span>
    </p>
   </div>
   <div class='ocr_carea' id='block_1_98' title="bbox 761 5075 2334 5151">
    <p class='ocr_par' dir='ltr' id='par_1_98' title="bbox 761 5075 2334 5151">
     <span class='ocr_line' id='line_1_98' title="bbox 761 5075 2334 5151; baseline 0.007 -25"><span class='ocrx_word' id='word_1_667' title='bbox 761 5075 916 5139; x_wconf 81' lang='lat' dir='ltr'>lenit,</span> <span class='ocrx_word' id='word_1_668' title='bbox 979 5091 1085 5128; x_wconf 91' lang='lat' dir='ltr'>non</span> <span class='ocrx_word' id='word_1_669' title='bbox 1156 5077 1388 5133; x_wconf 84' lang='lat' dir='ltr'>adulans</span> <span class='ocrx_word' id='word_1_670' title='bbox 1444 5080 1549 5142; x_wconf 87' lang='lat' dir='ltr'>eis,</span> <span class='ocrx_word' id='word_1_671' title='bbox 1579 5078 1673 5135; x_wconf 87' lang='lat' dir='ltr'>sed</span> <span class='ocrx_word' id='word_1_672' title='bbox 1700 5095 1797 5149; x_wconf 91' lang='lat' dir='ltr'>per</span> <span class='ocrx_word' id='word_1_673' title='bbox 1825 5082 1940 5135; x_wconf 64' lang='lat' dir='ltr'>haec</span> <span class='ocrx_word' id='word_1_674' title='bbox 1967 5082 2082 5151; x_wconf 89' lang='lat' dir='ltr'>ipsa</span> <span class='ocrx_word' id='word_1_675' title='bbox 2112 5098 2209 5137; x_wconf 85' lang='lat' dir='ltr'>eos</span> <span class='ocrx_word' id='word_1_676' title='bbox 2238 5099 2334 5137; x_wconf 86' lang='lat' dir='ltr'>ex-</span> 
     </span>
    </p>
   </div>
   <div class='ocr_carea' id='block_1_99' title="bbox 761 5169 2331 5245">
    <p class='ocr_par' dir='ltr' id='par_1_99' title="bbox 761 5169 2331 5245">
     <span class='ocr_line' id='line_1_99' title="bbox 761 5169 2331 5245; baseline 0.007 -26"><span class='ocrx_word' id='word_1_677' title='bbox 761 5169 1011 5223; x_wconf 67' lang='lat' dir='ltr'>hortans.</span> <span class='ocrx_word' id='word_1_678' title='bbox 1089 5169 1328 5224; x_wconf 85' lang='lat' dir='ltr'>Facilius</span> <span class='ocrx_word' id='word_1_679' title='bbox 1396 5173 1542 5225; x_wconf 92' lang='lat' dir='ltr'>enim</span> <span class='ocrx_word' id='word_1_680' title='bbox 1573 5172 1889 5241; x_wconf 88' lang='lat' dir='ltr'>persuadet,</span> <span class='ocrx_word' id='word_1_681' title='bbox 1951 5178 2041 5243; x_wconf 90' lang='lat' dir='ltr'>qui</span> <span class='ocrx_word' id='word_1_682' title='bbox 2093 5177 2331 5245; x_wconf 88' lang='lat' dir='ltr'>cuipiam</span> 
     </span>
    </p>
   </div>
   <div class='ocr_carea' id='block_1_100' title="bbox 759 5260 2333 5337">
    <p class='ocr_par' dir='ltr' id='par_1_100' title="bbox 759 5260 2333 5337">
     <span class='ocr_line' id='line_1_100' title="bbox 759 5260 2333 5337; baseline 0.007 -27"><span class='ocrx_word' id='word_1_683' title='bbox 759 5260 1002 5315; x_wconf 73' lang='lat' dir='ltr'>consulit</span> <span class='ocrx_word' id='word_1_684' title='bbox 1030 5269 1087 5311; x_wconf 89' lang='lat' dir='ltr'>ut</span> <span class='ocrx_word' id='word_1_685' title='bbox 1115 5262 1355 5331; x_wconf 82' lang='lat' dir='ltr'>seipsum</span> <span class='ocrx_word' id='word_1_686' title='bbox 1397 5264 1661 5326; x_wconf 88' lang='lat' dir='ltr'>imitetur,</span> <span class='ocrx_word' id='word_1_687' title='bbox 1713 5266 1769 5319; x_wconf 89' lang='lat' dir='ltr'>in</span> <span class='ocrx_word' id='word_1_688' title='bbox 1810 5266 1877 5321; x_wconf 87' lang='lat' dir='ltr'>iis</span> <span class='ocrx_word' id='word_1_689' title='bbox 1907 5268 2165 5335; x_wconf 88' lang='lat' dir='ltr'>operibus</span> <span class='ocrx_word' id='word_1_690' title='bbox 2212 5285 2333 5337; x_wconf 63' lang='lat' dir='ltr'>qum</span> 
     </span>
    </p>
   </div>
   <div class='ocr_carea' id='block_1_101' title="bbox 755 5352 1197 5417">
    <p class='ocr_par' dir='ltr' id='par_1_101' title="bbox 755 5352 1197 5417">
     <span class='ocr_line' id='line_1_101' title="bbox 755 5352 1197 5417; baseline 0.014 -15"><span class='ocrx_word' id='word_1_691' title='bbox 755 5358 913 5402; x_wconf 73' lang='lat' dir='ltr'>antea</span> <span class='ocrx_word' id='word_1_692' title='bbox 950 5352 1197 5417; x_wconf 78' lang='lat' dir='ltr'>perfecit.</span> 
     </span>
    </p>
   </div>
   <div class='ocr_carea' id='block_1_102' title="bbox 829 5441 2323 5515">
    <p class='ocr_par' dir='ltr' id='par_1_102' title="bbox 829 5441 2323 5515">
     <span class='ocr_line' id='line_1_102' title="bbox 829 5441 2323 5515; baseline 0.008 -22"><span class='ocrx_word' id='word_1_693' title='bbox 829 5441 895 5496; x_wconf 71' lang='lat' dir='ltr'>In</span> <span class='ocrx_word' id='word_1_694' title='bbox 934 5446 1120 5513; x_wconf 68' lang='lat' dir='ltr'>quibus</span> <span class='ocrx_word' id='word_1_695' title='bbox 1189 5446 1502 5512; x_wconf 84' lang='lat' dir='ltr'>illuminati,</span> <span class='ocrx_word' id='word_1_696' title='bbox 1542 5464 1791 5515; x_wconf 83' lang='lat' dir='ltr'>magnum</span> <span class='ocrx_word' id='word_1_697' title='bbox 1847 5461 2108 5504; x_wconf 82' lang='lat' dir='ltr'>certamen</span> <span class='ocrx_word' id='word_1_698' title='bbox 2163 5455 2323 5505; x_wconf 77' lang='lat' dir='ltr'>susti-</span> 
     </span>
    </p>
   </div>
   <div class='ocr_carea' id='block_1_103' title="bbox 753 5536 2319 5608">
    <p class='ocr_par' dir='ltr' id='par_1_103' title="bbox 753 5536 2319 5608">
     <span class='ocr_line' id='line_1_103' title="bbox 753 5536 2319 5608; baseline 0.009 -25"><span class='ocrx_word' id='word_1_699' title='bbox 753 5536 943 5588; x_wconf 77' lang='lat' dir='ltr'>nuistis</span> <span class='ocrx_word' id='word_1_700' title='bbox 973 5536 1332 5604; x_wconf 67' lang='lat' dir='ltr'>amictiomsm.</span> <span class='ocrx_word' id='word_1_701' title='bbox 1367 5536 1462 5592; x_wconf 79' lang='lat' dir='ltr'>Vel</span> <span class='ocrx_word' id='word_1_702' title='bbox 1494 5540 1559 5592; x_wconf 84' lang='lat' dir='ltr'>de</span> <span class='ocrx_word' id='word_1_703' title='bbox 1590 5540 1913 5608; x_wconf 86' lang='lat' dir='ltr'>baptismate</span> <span class='ocrx_word' id='word_1_704' title='bbox 1938 5544 2090 5605; x_wconf 84' lang='lat' dir='ltr'>dicit,</span> <span class='ocrx_word' id='word_1_705' title='bbox 2118 5544 2319 5597; x_wconf 84' lang='lat' dir='ltr'>illumi-</span> 
     </span>
    </p>
   </div>
   <div class='ocr_carea' id='block_1_104' title="bbox 2436 4627 4031 4698">
    <p class='ocr_par' dir='ltr' id='par_1_104' title="bbox 2436 4627 4031 4698">
     <span class='ocr_line' id='line_1_104' title="bbox 2436 4627 4031 4698; baseline -0.001 -16"><span class='ocrx_word' id='word_1_706' title='bbox 2436 4628 2621 4696; x_wconf 84' lang='grc' dir='ltr'>ἀγῶνα</span> <span class='ocrx_word' id='word_1_707' title='bbox 2662 4629 2751 4681; x_wconf 82' lang='grc' dir='ltr'>ἀεὶ</span> <span class='ocrx_word' id='word_1_708' title='bbox 2788 4628 3208 4696; x_wconf 63' lang='grc' dir='ltr'>ἁναλογίζεσθν</span> <span class='ocrx_word' id='word_1_709' title='bbox 3239 4628 3313 4697; x_wconf 81' lang='grc' dir='ltr'>μὴ</span> <span class='ocrx_word' id='word_1_710' title='bbox 3356 4628 3446 4680; x_wconf 82' lang='grc' dir='ltr'>διὰ</span> <span class='ocrx_word' id='word_1_711' title='bbox 3503 4627 3773 4698; x_wconf 75' lang='grc' dir='ltr'>ρᾳθυμίαν</span> <span class='ocrx_word' id='word_1_712' title='bbox 3815 4628 4031 4681; x_wconf 76' lang='grc' dir='ltr'>ἀπολέο</span> 
     </span>
    </p>
   </div>
   <div class='ocr_carea' id='block_1_105' title="bbox 2440 4717 4031 4790">
    <p class='ocr_par' dir='ltr' id='par_1_105' title="bbox 2440 4717 4031 4790">
     <span class='ocr_line' id='line_1_105' title="bbox 2440 4717 4031 4790; baseline -0.003 -17"><span class='ocrx_word' id='word_1_713' title='bbox 2440 4737 2567 4790; x_wconf 86' lang='grc' dir='ltr'>σητε</span> <span class='ocrx_word' id='word_1_714' title='bbox 2594 4723 2663 4774; x_wconf 65' lang='grc' dir='ltr'>τὰ</span> <span class='ocrx_word' id='word_1_715' title='bbox 2723 4722 3206 4790; x_wconf 82' lang='grc' dir='ltr'>προηγωνισμένα.</span> <span class='ocrx_word' id='word_1_716' title='bbox 3242 4721 3384 4790; x_wconf 82' lang='grc' dir='ltr'>Ὅρα</span> <span class='ocrx_word' id='word_1_717' title='bbox 3416 4719 3471 4772; x_wconf 82' lang='grc' dir='ltr'>δὲ</span> <span class='ocrx_word' id='word_1_718' title='bbox 3516 4717 3896 4788; x_wconf 74' lang='grc' dir='ltr'>πνευματικὴν</span> <span class='ocrx_word' id='word_1_719' title='bbox 3928 4736 4031 4770; x_wconf 79' lang='grc' dir='ltr'>σο-</span> 
     </span>
    </p>
   </div>
   <div class='ocr_carea' id='block_1_106' title="bbox 2436 4810 4032 4883">
    <p class='ocr_par' dir='ltr' id='par_1_106' title="bbox 2436 4810 4032 4883">
     <span class='ocr_line' id='line_1_106' title="bbox 2436 4810 4032 4883; baseline -0.001 -19"><span class='ocrx_word' id='word_1_720' title='bbox 2436 4815 2584 4881; x_wconf 70' lang='grc' dir='ltr'>φία-δ’</span> <span class='ocrx_word' id='word_1_721' title='bbox 2634 4813 2899 4883; x_wconf 80' lang='grc' dir='ltr'>πρότερον</span> <span class='ocrx_word' id='word_1_722' title='bbox 2930 4814 3270 4881; x_wconf 69' lang='grc' dir='ltr'>ξκατασείσας</span> <span class='ocrx_word' id='word_1_723' title='bbox 3302 4812 3483 4864; x_wconf 83' lang='grc' dir='ltr'>αὐτῶν</span> <span class='ocrx_word' id='word_1_724' title='bbox 3540 4812 3639 4873; x_wconf 82' lang='grc' dir='ltr'>τὰς</span> <span class='ocrx_word' id='word_1_725' title='bbox 3682 4810 3885 4879; x_wconf 70' lang='grc' dir='ltr'>ψυχὰς,</span> <span class='ocrx_word' id='word_1_726' title='bbox 3931 4811 4032 4863; x_wconf 69' lang='grc' dir='ltr'>διὰ</span> 
     </span>
    </p>
   </div>
   <div class='ocr_carea' id='block_1_107' title="bbox 2438 4902 4031 4975">
    <p class='ocr_par' dir='ltr' id='par_1_107' title="bbox 2438 4902 4031 4975">
     <span class='ocr_line' id='line_1_107' title="bbox 2438 4902 4031 4975; baseline -0.002 -16"><span class='ocrx_word' id='word_1_727' title='bbox 2438 4906 2532 4959; x_wconf 79' lang='grc' dir='ltr'>τοῦ</span> <span class='ocrx_word' id='word_1_728' title='bbox 2563 4907 2658 4975; x_wconf 82' lang='grc' dir='ltr'>τῆς</span> <span class='ocrx_word' id='word_1_729' title='bbox 2702 4908 2923 4975; x_wconf 79' lang='grc' dir='ltr'>γεέννης</span> <span class='ocrx_word' id='word_1_730' title='bbox 2953 4905 3287 4974; x_wconf 82' lang='grc' dir='ltr'>ἀναμνῆσαι,</span> <span class='ocrx_word' id='word_1_731' title='bbox 3321 4904 3415 4956; x_wconf 84' lang='grc' dir='ltr'>νῦν</span> <span class='ocrx_word' id='word_1_732' title='bbox 3445 4904 3705 4974; x_wconf 84' lang='grc' dir='ltr'>μαλάττει</span> <span class='ocrx_word' id='word_1_733' title='bbox 3734 4902 3801 4955; x_wconf 80' lang='grc' dir='ltr'>δι’</span> <span class='ocrx_word' id='word_1_734' title='bbox 3839 4905 4031 4968; x_wconf 74' lang='grc' dir='ltr'>ἐγκωο</span> 
     </span>
    </p>
   </div>
   <div class='ocr_carea' id='block_1_108' title="bbox 2440 4994 4029 5067">
    <p class='ocr_par' dir='ltr' id='par_1_108' title="bbox 2440 4994 4029 5067">
     <span class='ocr_line' id='line_1_108' title="bbox 2440 4994 4029 5067; baseline -0.002 -18"><span class='ocrx_word' id='word_1_735' title='bbox 2440 4998 2596 5067; x_wconf 82' lang='grc' dir='ltr'>μὶων,</span> <span class='ocrx_word' id='word_1_736' title='bbox 2616 4999 2674 5050; x_wconf 84' lang='grc' dir='ltr'>ού</span> <span class='ocrx_word' id='word_1_737' title='bbox 2710 4998 3040 5057; x_wconf 81' lang='grc' dir='ltr'>κολακεύων,</span> <span class='ocrx_word' id='word_1_738' title='bbox 3074 4996 3211 5049; x_wconf 79' lang='grc' dir='ltr'>ἀλλὰ</span> <span class='ocrx_word' id='word_1_739' title='bbox 3240 4996 3308 5048; x_wconf 79' lang='grc' dir='ltr'>δι’</span> <span class='ocrx_word' id='word_1_740' title='bbox 3332 4996 3511 5047; x_wconf 82' lang='grc' dir='ltr'>αὐτῶν</span> <span class='ocrx_word' id='word_1_741' title='bbox 3541 4994 3746 5048; x_wconf 85' lang='grc' dir='ltr'>τούτων</span> <span class='ocrx_word' id='word_1_742' title='bbox 3774 5010 4029 5063; x_wconf 80' lang='grc' dir='ltr'>προτρε-</span> 
     </span>
    </p>
   </div>
   <div class='ocr_carea' id='block_1_109' title="bbox 2433 5083 4033 5157">
    <p class='ocr_par' dir='ltr' id='par_1_109' title="bbox 2433 5083 4033 5157">
     <span class='ocr_line' id='line_1_109' title="bbox 2433 5083 4033 5157; baseline -0.001 -17"><span class='ocrx_word' id='word_1_743' title='bbox 2433 5089 2684 5157; x_wconf 80' lang='grc' dir='ltr'>πόμενος.</span> <span class='ocrx_word' id='word_1_744' title='bbox 2734 5088 3200 5156; x_wconf 76' lang='grc' dir='ltr'>Ἀξιοπιστότερος</span> <span class='ocrx_word' id='word_1_745' title='bbox 3245 5086 3356 5154; x_wconf 80' lang='grc' dir='ltr'>γὰρ</span> <span class='ocrx_word' id='word_1_746' title='bbox 3404 5088 3433 5137; x_wconf 78' lang='grc' dir='ltr'>ὀ</span> <span class='ocrx_word' id='word_1_747' title='bbox 3495 5083 3880 5153; x_wconf 88' lang='grc' dir='ltr'>συμϐουλεύων</span> <span class='ocrx_word' id='word_1_748' title='bbox 3913 5090 4033 5139; x_wconf 67' lang='grc' dir='ltr'>τινὶ</span> 
     </span>
    </p>
   </div>
   <div class='ocr_carea' id='block_1_110' title="bbox 2432 5174 3851 5248">
    <p class='ocr_par' dir='ltr' id='par_1_110' title="bbox 2432 5174 3851 5248">
     <span class='ocr_line' id='line_1_110' title="bbox 2432 5174 3851 5248; baseline -0.003 -18"><span class='ocrx_word' id='word_1_749' title='bbox 2432 5178 2621 5230; x_wconf 71' lang='grc' dir='ltr'>ἑαυτὸν</span> <span class='ocrx_word' id='word_1_750' title='bbox 2652 5178 3013 5248; x_wconf 74' lang='grc' dir='ltr'>μιμήσασθαι,</span> <span class='ocrx_word' id='word_1_751' title='bbox 3044 5180 3135 5231; x_wconf 74' lang='grc' dir='ltr'>καὶ</span> <span class='ocrx_word' id='word_1_752' title='bbox 3179 5177 3215 5230; x_wconf 78' lang='grc' dir='ltr'>ἃ</span> <span class='ocrx_word' id='word_1_753' title='bbox 3261 5174 3662 5247; x_wconf 75' lang='grc' dir='ltr'>προειργασατο</span> <span class='ocrx_word' id='word_1_754' title='bbox 3690 5174 3851 5245; x_wconf 80' lang='grc' dir='ltr'>ἔργα.</span> 
     </span>
    </p>
   </div>
   <div class='ocr_carea' id='block_1_111' title="bbox 2513 5452 4038 5523">
    <p class='ocr_par' dir='ltr' id='par_1_111' title="bbox 2513 5452 4038 5523">
     <span class='ocr_line' id='line_1_111' title="bbox 2513 5452 4038 5523; baseline -0.009 -15"><span class='ocrx_word' id='word_1_755' title='bbox 2513 5452 2737 5520; x_wconf 82' lang='grc' dir='ltr'>Ἑναῖς</span> <span class='ocrx_word' id='word_1_756' title='bbox 2788 5454 3203 5523; x_wconf 60' lang='grc' dir='ltr'>φωτισθέντες.</span> <span class='ocrx_word' id='word_1_757' title='bbox 3265 5452 3508 5517; x_wconf 57' lang='grc' dir='ltr'>ποὰλὴιι</span> <span class='ocrx_word' id='word_1_758' title='bbox 3573 5452 3841 5516; x_wconf 69' lang='grc' dir='ltr'>ἄθλησιν</span> <span class='ocrx_word' id='word_1_759' title='bbox 3902 5455 4038 5505; x_wconf 68' lang='grc' dir='ltr'>ὑπ..</span> 
     </span>
    </p>
   </div>
   <div class='ocr_carea' id='block_1_112' title="bbox 2426 5542 4041 5617">
    <p class='ocr_par' dir='ltr' id='par_1_112' title="bbox 2426 5542 4041 5617">
     <span class='ocr_line' id='line_1_112' title="bbox 2426 5542 4041 5617; baseline -0.002 -16"><span class='ocrx_word' id='word_1_760' title='bbox 2426 5551 2697 5617; x_wconf 79' lang='grc' dir='ltr'>εμείνατε</span> <span class='ocrx_word' id='word_1_761' title='bbox 2767 5547 3145 5616; x_wconf 76' lang='grc' dir='ltr'>παθημάτων.</span> <span class='ocrx_word' id='word_1_762' title='bbox 3187 5547 3255 5597; x_wconf 82' lang='grc' dir='ltr'><em>Ἥ</em></span> <span class='ocrx_word' id='word_1_763' title='bbox 3288 5546 3415 5616; x_wconf 75' lang='grc' dir='ltr'>περὶ</span> <span class='ocrx_word' id='word_1_764' title='bbox 3471 5542 3564 5597; x_wconf 77' lang='grc' dir='ltr'>τοῦ</span> <span class='ocrx_word' id='word_1_765' title='bbox 3622 5543 4041 5613; x_wconf 75' lang='grc' dir='ltr'>βαπτίσματὸς</span> 
     </span>
    </p>
   </div>
   <div class='ocr_carea' id='block_1_113' title="bbox 2109 5722 2673 5787">
    <p class='ocr_par' dir='ltr' id='par_1_113' title="bbox 2109 5722 2673 5787">
     <span class='ocr_line' id='line_1_113' title="bbox 2109 5722 2673 5787; baseline 0.009 -8"><span class='ocrx_word' id='word_1_766' title='bbox 2109 5722 2315 5781; x_wconf 80' lang='lat' dir='ltr'>Varite</span> <span class='ocrx_word' id='word_1_767' title='bbox 2350 5722 2673 5787; x_wconf 78' lang='lat' dir='ltr'>lectiones.</span> 
     </span>
    </p>
   </div>
   <div class='ocr_carea' id='block_1_114' title="bbox 816 5810 2223 5896">
    <p class='ocr_par' dir='ltr' id='par_1_114' title="bbox 816 5810 2223 5896">
     <span class='ocr_line' id='line_1_114' title="bbox 816 5810 2223 5896; baseline 0.026 -37"><span class='ocrx_word' id='word_1_768' title='bbox 816 5810 859 5839; x_wconf 74' lang='grc' dir='ltr'><strong>⁸ο</strong></span> <span class='ocrx_word' id='word_1_769' title='bbox 884 5812 942 5863; x_wconf 80' lang='grc' dir='ltr'>τὸ</span> <span class='ocrx_word' id='word_1_770' title='bbox 984 5815 1143 5883; x_wconf 69' lang='grc' dir='ltr'>ῥητόν</span> <span class='ocrx_word' id='word_1_771' title='bbox 1173 5830 1222 5866; x_wconf 90' lang='grc' dir='ltr'>ο.</span> <span class='ocrx_word' id='word_1_772' title='bbox 1306 5816 1343 5845; x_wconf 72' lang='grc'>⁸¹</span> <span class='ocrx_word' id='word_1_773' title='bbox 1381 5817 1609 5896; x_wconf 79' lang='grc' dir='ltr'>ῆγηνται</span> <span class='ocrx_word' id='word_1_774' title='bbox 1646 5825 1694 5872; x_wconf 85' lang='grc'>0.</span> <span class='ocrx_word' id='word_1_775' title='bbox 1772 5823 1816 5851; x_wconf 80' lang='grc'><em>’³</em></span> <span class='ocrx_word' id='word_1_776' title='bbox 1845 5820 1872 5873; x_wconf 71' lang='grc' dir='ltr'><strong><em>ὃ</em></strong></span> <span class='ocrx_word' id='word_1_777' title='bbox 1913 5820 2139 5892; x_wconf 76' lang='grc' dir='ltr'>λέγομεν</span> <span class='ocrx_word' id='word_1_778' title='bbox 2173 5838 2223 5876; x_wconf 79' lang='grc' dir='ltr'>ο-</span> 
     </span>
    </p>
   </div>
  </div>
