4154 6440
776 478 882 539 339

1652 474 2228 535 TIIEOPHYLACTI
2263 476 2359 536 BU
2372 477 2567 539 LGAR
2582 482 2673 538 ΗΕ
2714 483 3075 543 ARCIIIEP.

3901 475 4013 538 310

774 596 919 649 tione
951 601 1002 645 et
1031 592 1350 645 munitione.
1396 590 1673 645 Fiduciam
1708 601 1888 645 autem
1914 592 2071 652 dixit,
2103 606 2167 644 eo
2189 591 2330 661 quod

2441 594 2807 665 άσφαλισμοῦ.
2844 596 3165 667 Παρῤησέαν
3193 594 3249 648 δὲ
3279 589 3423 656 εἷπε,
3456 594 3595 648 διότι
3624 594 3672 645 οί
3704 595 3770 646 τὰ
3794 595 4022 644 τοιαῦτα

770 680 860 749 qui
898 680 1022 733 talia
1056 690 1271 747 propter
1296 680 1459 734 Deum
1497 680 1765 749 patienter
1800 681 2043 745 tulerint,
2083 695 2334 751 magnam

771 772 969 825 habent
999 770 1403 824 conﬁdentiam.

842 862 972 925 Qum
1010 878 1257 932 magnam
1294 861 1447 914 liabet
1494 864 1990 917 remunerationem.
2032 860 2141 915 Vos
2191 862 2335 914 enim

768 953 901 1005 estis
938 962 1127 1014 testes,
1172 954 1265 1021 qui
1292 955 1589 1023 agnmistis
1641 957 2017 1025 prtestantiora
2049 970 2146 1008 vos
2197 954 2336 1006 bona

770 1044 967 1098 habere
1001 1044 1052 1097 in
1080 1046 1253 1099 caelis.

840 1132 1003 1188 Vsus.
1033 1134 1123 1189 56.
1167 1134 1439 1189 Patientia
1491 1137 1630 1189 enim
1678 1138 1818 1189 vobis
1879 1140 2180 1192 necessaria
2233 1150 2333 1193 est.

769 1222 931 1293 730
975 1224 1130 1279 Nulla
1188 1243 1244 1281 re
1292 1242 1453 1295 porro
1522 1228 1779 1297 indigetis
1807 1230 1935 1292 alia,
1972 1238 2332 1298 praeterquam

767 1317 881 1368 sola
911 1318 1204 1385 patientia:
1245 1329 1442 1374 caetera
1492 1319 1703 1375 habetis
1735 1321 1941 1385 omnia,
1977 1336 2154 1391 neque
2196 1337 2335 1391 Opus

765 1415 847 1460 est
885 1408 1178 1478 quidquam
1217 1411 1435 1467 addere.

839 1497 908 1551 Ut
941 1501 1262 1556 voluntatem
1297 1504 1392 1559 Dei
1420 1506 1693 1574 facientes,
1724 1508 2000 1575 reponetis
2023 1510 2336 1576 promissio-

766 1607 902 1645 nem.
942 1592 1203 1651 Voluntas
1259 1596 1348 1651 Dei
1395 1607 1502 1661 est,
1539 1608 1595 1651 ut
1626 1600 1691 1651 ad
1737 1599 1895 1653 linem
1933 1615 2109 1667 usque
2164 1602 2333 1653 susti-

764 1698 1012 1738 neamus.
1055 1686 1159 1751 Qui
1204 1687 1363 1749 enim,
1410 1688 1609 1756 inquit,
1649 1689 2053 1757 perseveraverit
2098 1690 2333 1761 adusque

762 1775 941 1841 linem,
968 1776 1051 1830 Itic
1082 1776 1258 1831 salvus
1278 1780 1378 1831 erit
1409 1779 1473 1832 “.
1506 1779 1611 1833 Ista
1638 1789 1819 1833 autem
1842 1781 2167 1836 adhortatur
2189 1786 2327 1851 Apo-

762 1868 954 1931 stolus,
1008 1869 1232 1938 perinde
1262 1886 1325 1924 ac
1362 1871 1408 1923 si
1444 1873 1567 1940 quis
1622 1887 1857 1927 cernens
1903 1874 2193 1937 athletam,
2236 1876 2327 1943 qui

2443 686 2564 754 μεθ’
2595 686 2870 756 ὑπομονῆς
2900 688 3215 756 ἐνεγκόντες
3245 686 3333 739 διὰ
3363 686 3519 750 Θεὸν,
3556 683 3798 755 μεγάλην
3828 684 4022 752 ἔχουσι

2440 778 2777 847 παρῤησίαν.

2514 870 2679 933 Ἤτις
2699 869 2823 937 ἔχει
2845 869 3335 937 μισθαποδοσίαν
3358 865 3652 936 μεγάλην.
3690 865 3881 933 ’Υμεῖς
3906 865 4022 930 γὰρ

2442 958 2733 1025 μάρτυρες,
2776 957 2825 1008 οἳ
2859 959 3133 1025 ἐπέγνωτε
3182 957 3469 1027 κρείττονα
3498 956 3643 1024 ἔχειν
3689 952 3924 1022 ὕπαρξιν
3962 957 4021 1003 ἐν

2438 1047 2707 1116 οὐρανοῖς.

2517 1138 2845 1207 ’Υπομονῆς
2875 1138 2983 1207 γὰρ
3026 1139 3195 1207 ἔχετε
3236 1138 3465 1206 χρείαν.
3514 1135 3709 1188 Ἀλλου
3761 1135 3907 1198 τινὲς
3955 1134 4020 1187 οὑ

2434 1231 2516 1283 δεῖ
2548 1231 2695 1298 ὑμῖν,
2722 1231 2836 1283 ἀλλ’
2869 1231 3152 1300 ὑπομονῆς
3192 1232 3391 1301 μόνης·
3428 1230 3607 1282 πάντα
3636 1227 3803 1281 τᾶλλα
3835 1227 4021 1297 ἔχετε,

2436 1322 2585 1377 οὐδὲν
2612 1323 2693 1375 δεῖ
2721 1324 3057 1395 προσθεῖναι.

2507 1508 2630 1561 Ἵνα
2656 1507 2721 1559 τὸ
2749 1506 2978 1573 θέλημα
3004 1505 3110 1559 τοῦ
3142 1503 3291 1557 Θεοῦ
3325 1503 3714 1569 ποιήσαντες,
3755 1502 4021 1570 κομίση-

2434 1600 2544 1650 σθε
2572 1598 2687 1663 τὴν
2718 1596 3101 1663 ἐπαγγελίαν.
3130 1594 3357 1662 Θέλημα
3386 1593 3548 1652 Θεοῦ,
3580 1593 3640 1644 τὸ
3671 1592 3799 1660 ἄχρι
3824 1593 4020 1653 τέλους

2435 1688 2743 1756 ὑπομεῖναι.
2787 1688 2850 1739 '0
2886 1687 3217 1753 ὑπομείνας
3258 1686 3390 1753 γὰρ,
3443 1684 3627 1751 φησὶν,
3673 1685 3760 1748 είς
3812 1683 4017 1747 τέλος,

2433 1774 2611 1843 οὗτος
2656 1776 3015 1842 σωθήσεται.
3072 1776 3337 1845 Παραινεῖ
3384 1774 3440 1827 δὲ
3505 1772 3679 1825 ταῦτα
3721 1773 3936 1835 τούτοις
3989 1774 4019 1825 ὁ

2448 1869 2791 1931 ’Δπὸστολος.
2821 1868 3012 1937 ὥσπερ
3050 1867 3118 1920 ἂν
3144 1867 3302 1929 εἴτις
3329 1866 3471 1936 ὀρῶν
3510 1864 3753 1933 ἀθλητὴν
3801 1864 4018 1925 πάντας

761 1976 954 2015 omnes
997 1961 1341 2017 adversarios
1375 1961 1750 2026 debellaverit,
1782 1978 1846 2017 ac
1895 1966 2159 2019 certando
2182 1966 2329 2020 vice-

2439 1961 2537 2029 μὲν
2582 1958 3100 2027 καταγωνισάμενον
3144 1958 3273 2020 τοὺς
3312 1955 3740 2023 ἀνταγωνιστὰς,
3776 1950 3898 2006 εἶτα
3938 1955 4015 2022 μὴ

761 2051 853 2113 rit,
888 2051 1084 2105 deinde
1120 2067 1285 2106 mora
1319 2053 1716 2123 impatientem,
1748 2070 1874 2108 cum
1904 2056 2086 2109 videat
2119 2072 2214 2111 eos
2237 2059 2326 2127 qui

759 2137 1001 2193 victoriae
1047 2154 1277 2195 coronas
1333 2140 1661 2212 largiuntur,
1721 2152 1936 2213 tempus
1987 2146 2325 2214 protrahere,

761 2230 1012 2286 meditari
1051 2231 1253 2302 fugam,
1291 2248 1357 2288 eo
1386 2234 1530 2303 quod
1586 2236 1795 2289 diutius
1839 2237 1987 2290 sitim
2034 2252 2097 2290 ac
2135 2246 2326 2290 a‘stum

760 2323 907 2377 ferre
964 2322 1117 2383 nolit,
1182 2339 1306 2379 eum
1359 2326 1443 2379 his
1508 2328 1694 2382 verbis
1736 2328 2088 2398 alloquatur:
2130 2327 2326 2382 Omnia

760 2414 1011 2477 gnaviter
1053 2416 1393 2485 trausegtsti,
1422 2425 1649 2486 expecta
1689 2418 1989 2487 paulisper,
2028 2434 2090 2471 ac
2122 2419 2327 2473 referes

760 2516 1012 2559 coronas.
1039 2504 1201 2561 Certa
1245 2506 1409 2561 etiam
1450 2508 1713 2561 adversus
1768 2508 1937 2575 ipsam
1996 2525 2325 2564 coronarum

762 2596 1099 2661 dilationem,
1127 2598 1265 2652 hanc
1294 2613 1510 2667 quoque
1534 2599 1793 2667 patientia
1824 2602 2001 2653 vince.

833 2686 997 2743 Vens.
1030 2690 1119 2743 37.
1151 2690 1337 2743 Adhuc
1368 2692 1506 2743 enim
1530 2691 1790 2743 modicum
1814 2691 2326 2761 aliquantulumque,

760 2791 810 2834 et
843 2782 932 2850 qui
959 2792 1203 2836 venturus
1237 2791 1315 2835 est
1348 2783 1535 2846 veniet,
1562 2792 1611 2835 et
1637 2798 1739 2835 non
1780 2783 2034 2836 tardabit.
2068 2784 2329 2837 Producit

760 2873 1081 2940 prophetam
1105 2874 1363 2927 Habacuc
1385 2874 1653 2928 dicentem
1673 2873 1817 2943 quod
1850 2889 2017 2942 prope
2045 2875 2115 2928 sit
2135 2875 2325 2941 judex,

758 2963 857 3031 qui
890 2963 1202 3018 redditurus
1222 2971 1305 3019 est
1328 2963 1656 3018 mercedem.
1679 2962 1889 3027 Quodsi
1924 2963 2177 3017 llulnaeue
2200 2973 2328 3017 tunc

761 3055 1006 3109 dicebat:
1030 3053 1303 3109 Modicum
1327 3055 1739 3124 aliquantulum,
1765 3065 1813 3108 et
1860 3055 1950 3122 qui
1976 3066 2225 3107 venturus
2250 3067 2328 3109 est

760 3148 965 3200 ueniet:
1013 3147 1365 3201 manifestum
1421 3155 1505 3201 est
1551 3147 1696 3215 quod
1746 3162 1893 3200 nunc
1936 3155 2021 3201 est
2069 3147 2324 3201 vicinior.

760 3236 918 3304 Quod
947 3252 1076 3291 vero
1099 3238 1175 3291 ait
1207 3238 1333 3290 ὅσον
1360 3238 1502 3301 ὅσον,
1534 3237 1691 3291 valde
1725 3252 1914 3306 parum
1943 3237 2235 3303 signiﬁcat.

836 3327 1000 3383 Vens.
1032 3328 1121 3382 58.
1148 3328 1337 3382 Justus
1366 3293 1632 3399 autem-ea:
1659 3293 1763 3396 ]ide
1780 3328 1929 3381 viret.
1966 3293 2117 3391 Qvuod
2135 3330 2182 3381 si
2204 3330 2329 3383 sub-
2354 3293 2398 3350 ϐ

762 3421 988 3474 traxerit
1027 3436 1174 3482 sese,
1214 3436 1318 3472 non
1368 3420 1661 3473 oblectatur
1709 3436 1889 3471 anima
1931 3436 2045 3471 mea
2098 3421 2150 3472 in
2192 3422 2323 3489 ipso.

761 3514 985 3580 Oportet
1018 3510 1184 3580 igitur
1220 3525 1323 3564 nos
1374 3510 1618 3572 credere,
1653 3508 1699 3563 si
1739 3507 1873 3574 justi
1922 3507 2085 3563 futuri
2130 3512 2326 3565 sinms.

762 3604 859 3658 Sin
890 3612 1071 3659 autem
1119 3602 1457 3657 subtraxerit
1485 3617 1543 3656 se
1574 3600 1783 3670 justus,
1818 3602 1870 3655 id
1903 3608 2007 3664 est,
2059 3603 2329 3671 ambigui-

760 3706 926 3750 tatem
949 3695 1238 3765 quamdam
1266 3696 1503 3765 patiatur
1526 3696 1608 3749 vel
1636 3695 2029 3748 lncsitationem
2056 3710 2070 3758 ;
2100 3696 2326 3749 velsub-

762 3791 1008 3852 traxerit,
1028 3788 1080 3843 id
1115 3798 1199 3843 est
1226 3775 2007 3848 tentatio'nibussuccubuerit,
2035 3801 2143 3841 non
2167 3788 2328 3842 habet

760 3881 1179 3935 oblectationem
1210 3880 1263 3933 in
1295 3893 1360 3933 eo
1392 3878 1571 3931 anima
1606 3892 1745 3932 mea.
1776 3875 1945 3945 Cujus
1974 3885 2150 3929 autem
2187 3878 2308 3930 ani-

758 3988 845 4025 ma
893 3972 1049 4025 mea?
1081 3970 1194 4034 Dei,
1240 3970 1393 4039 juxta
1434 3968 1652 4022 modum
1716 3967 1970 4036 loquendi
2030 3967 2327 4038 Scriptura:

759 4064 1019 4116 usitatum
1045 4081 1057 4114 :
1094 4070 1151 4114 ut
1184 4060 1236 4114 in
1270 4075 1357 4121 eo.
1378 4058 1567 4114 Ferias
1598 4066 1806 4113 vestras
1835 4059 1949 4113 odit
1975 4059 2153 4113 anima
2185 4073 2326 4116 mea.

762 4153 856 4206 Vel
886 4152 1105 4207 Christi.

832 4244 945 4297 Nos
977 4256 1151 4297 autem
1180 4261 1278 4297 non
1326 4260 1506 4297 sumus
1554 4242 1933 4297 subtractionis
1974 4244 2029 4295 in
2065 4243 2325 4309 perditio-

757 4352 895 4396 nem,
933 4335 1023 4387 sed
1077 4336 1203 4402 ﬁdei
1246 4336 1297 4387 in
1342 4334 1740 4403 acquisitionem
1772 4333 1981 4385 animle.
2027 4331 2166 4399 Quia
2203 4348 2324 4401 per-

759 4424 1111 4477 terrel'ceerat
1137 4439 1231 4478 eos
1261 4438 1383 4477 eum
1415 4424 1656 4477 diceret:
1682 4424 1871 4475 Anima
1896 4440 2008 4475 mea
2041 4440 2141 4478 non
2171 4423 2325 4477 habet

2439 2050 2666 2119 μένοντα
2736 2052 2863 2114 τοὺς
2929 2048 3380 2116 στεφανώσαντας
3443 2048 3831 2118 βραδύνοντας,
3875 2046 4018 2097 ἀλλὰ

2438 2142 2761 2211 βουλόμενον
2795 2141 3095 2210 ἀποδράναι
3127 2140 3216 2193 διὰ
3240 2142 3304 2192 τὸ
3335 2140 3533 2209 μηκέτι
3568 2139 3756 2208 φέρειν
3775 2138 3836 2188 τὸ
3857 2136 4017 2206 δίψος

2436 2233 2531 2285 καὶ
2566 2233 2655 2286 τὸν
2681 2233 2942 2301 φλογμὸν,
2977 2232 3121 2299 λέγει
3167 2233 3304 2302 πρὸς
3337 2230 3531 2284 αὑτόνο
3564 2232 3748 2282 Πάντα
3786 2229 4018 2298 κατώρα

2436 2324 2639 2388 θωσας,
2680 2324 2878 2393 μικρὸν
2903 2323 3196 2392 ἀνάμεινον
3243 2323 3341 2376 καὶ
3381 2321 3584 2392 κομίσῃ
3629 2322 3754 2383 τοὺς
3809 2321 4020 2387 στεφά-

2436 2432 2581 2475 νους.
2622 2413 3013 2483 ’Λνταγώνισαι
3037 2414 3134 2466 καὶ
3158 2414 3295 2484 πρὸς
3322 2413 3423 2482 τὴν
3462 2411 3728 2481 ἀναϐολὴν
3756 2412 3865 2463 τῶν
3892 2426 4019 2462 στε-

2439 2507 2647 2574 φάνων,
2679 2507 2904 2577 νίκησον
2934 2506 3027 2559 καὶ
3061 2506 3268 2575 ταύτην
3293 2507 3359 2575 τῇ
3388 2505 3655 2574 ὑπομονῇ.

2509 2692 2635 2745 Ἐτι
2680 2693 2789 2760 γὰρ
2816 2689 3034 2758 μικρὸν
3066 2688 3221 2741 ὅσον
3248 2687 3399 2740 ὅσον
3428 2689 3461 2740 δ
3494 2686 3819 2753 ἐρχόμενος
3851 2685 4016 2752 ἦξε-ι,

2436 2784 2534 2837 καὶ
2563 2785 2635 2837 οὺ
2680 2781 2925 2850 χρονιεῖ.
2972 2781 3220 2849 Παράγει
3265 2778 3358 2832 τὸν
3403 2780 3687 2848 προφήτην
3729 2777 4020 2846 ’Δϐακοὺμ

2435 2876 2681 2939 λέγοντα,
2721 2874 2801 2927 ὅτι
2830 2874 2995 2940 ἐγγὺς
3022 2873 3050 2924 ὁ
3076 2871 3268 2941 κριτὴς
3306 2871 3335 2923 ὁ
3369 2871 3579 2941 μέλλων
3600 2869 3918 2924 ἀποδοῦναι.
3949 2871 4019 2922 Εἰ

2434 2967 2490 3020 δὲ
2524 2966 2616 3019 καὶ
2648 2967 2677 3019 ὁ
2715 2965 2996 3034 Ἀὀακοὺμ
3021 2962 3142 3016 τότε
3171 2963 3345 3031 ἔλεγε,
3364 2962 3583 3030 μικρὸν
3605 2962 3756 3014 ὅσον
3783 2962 3942 3015 ὅσον
3982 2965 4019 3015 ὀ

2436 3059 2756 3127 ἐρχόμενος
2788 3056 2942 3123 ἣξει,
2977 3056 3136 3124 δῆλον
3171 3056 3253 3108 ὅτι
3298 3054 3393 3107 νῦν
3432 3053 3724 3124 ἐγγύτερός
3756 3056 3895 3107 ἐστι.
3938 3056 4019 3107 Τὸ

2435 3149 2489 3200 δὲ
2520 3150 2642 3201 ὅσον
2668 3150 2812 3202 ὅσον.
2839 3148 2900 3200 τὸ
2930 3147 3069 3201 πάνυ
3103 3148 3299 3218 μικρὸν
3324 3148 3495 3217 δηλοῖ.

2513 3332 2575 3383 '0
2614 3330 2681 3383 δὲ
2722 3330 2956 3397 δίκαιος
2996 3331 3066 3384 ἐκ
3108 3332 3367 3397 πίστεως
3417 3330 3688 3398 ζήσεταιο
3744 3331 3842 3384 καί
3900 3332 4021 3386 ἐὰν

2432 3425 2884 3488 ὑποστείληται,
2913 3426 3025 3477 οὐκ
3054 3425 3296 3478 εὐδοκεῖ
3317 3426 3354 3491 ἡ
3384 3424 3554 3492 ψυχή
3585 3442 3704 3493 μου
3730 3425 3799 3476 ἐν
3819 3425 4015 3487 αὐτῷ.

2432 3518 2522 3568 Δεῖ
2547 3512 2637 3569 οὖν
2662 3517 2959 3576 πιστεύειν.
2991 3517 3106 3585 είγε
3138 3518 3427 3587 μέλλοιμεν
3455 3517 3653 3569 δίκαιοι
3681 3513 3838 3569 εἶναι.
3881 3518 4018 3569 Ἐὰν

2430 3606 2485 3659 δὲ
2546 3605 2930 3674 ὑποστείληται
2972 3608 3001 3659 ὁ
3046 3606 3275 3671 δίκαιος,
3326 3606 3625 3672 τουτέστιν,
3672 3607 4018 3672 ἀμφιῦολίαν

2430 3694 2551 3747 τινὰ
2579 3694 2728 3763 πάθῃ
2760 3695 2854 3745 καὶ
2876 3693 3172 3763 δισταγμόν
3194 3709 3209 3722 ·
3232 3695 3265 3765 ἢ
3297 3695 3379 3757 τὸ,
3403 3698 3861 3761 ὑποστείληται,
3885 3696 4022 3749 ἀντὶ

2432 3784 2546 3849 τοῦ,
2603 3784 3017 3853 ὑποταπεινωθῇ
3056 3788 3170 3847 τοῖς
3214 3788 3568 3855 πειρασμοῖς,
3616 3787 3716 3837 οὑκ
3764 3786 4013 3853 εὐδοκεῖ,

2429 3874 2727 3940 τουτέστιν,
2755 3875 2853 3927 οὐκ
2879 3876 3167 3945 εὑαρεστεῖ
3190 3877 3223 3945 ἡ
3251 3876 3395 3946 ψυχή
3429 3895 3529 3946 μου
3564 3879 3622 3930 ὲν
3645 3877 3815 3945 αὑτῷ.
3844 3878 4016 3942 Τίνος

2428 3966 2486 4019 δὲ
2519 3966 2699 4036 ψυχή;
2735 3966 2829 4018 τοῦ
2862 3967 3020 4031 Θεοῦ,
3053 3968 3198 4021 κατὰ
3235 3970 3297 4020 τὸ
3345 3970 3542 4039 ἰδίωμα
3594 3970 3693 4037 τῆς
3740 3970 3967 4040 Γριιφῆς
3996 3988 4018 4004 .

2430 4057 2505 4118 ὡς
2531 4057 2589 4109 τὸ
2610 4098 2623 4121 ,
2656 4056 2766 4120 Τὰς
2802 4059 2992 4127 ἑορτάς
3027 4058 3181 4127 ὑμῶν
3211 4063 3363 4126 μισεῖ
3390 4061 3425 4130 ὴ
3457 4061 3602 4130 ψυχή
3639 4079 3764 4130 μου.
3799 4064 3865 4113 ἺΙ
3910 4064 4017 4115 τοῦ

2430 4149 2691 4219 Χριστοῦ.
3138 4197 3150 4205 .

2514 4238 2711 4305 Ἡμεῖς
2734 4238 2779 4269 ⁸³
2812 4237 2879 4289 δὲ
2909 4240 3020 4291 οὑκ
3049 4238 3239 4307 ἐσμὲν
3256 4239 3304 4278 ⁸⁸
3346 4240 3699 4307 ὑποστολῆς
3729 4242 3815 4305 είς
3838 4242 4018 4294 ἀπώ-

2428 4330 2621 4391 λειαν,
2674 4328 2836 4381 ἀλλὰ
2888 4328 3151 4395 πίστεως
3198 4332 3287 4394 είς
3336 4332 3721 4397 περιποίησιν
3766 4332 4015 4399 ψυχῆς.

2440 4418 2658 4487 Ἐπειδὴ
2691 4419 2959 4487 ἐφόϐησεν
2990 4421 3048 4471 έν
3074 4418 3152 4488 τῷ
3199 4422 3407 4471 εἰπεῖν·
3458 4421 3581 4472 Ὅτι
3616 4422 3726 4473 οὑκ
3764 4422 4030 4475 εὐδοκεῖ

758 4516 1159 4567 oblectationem
1184 4515 1237 4566 in
1255 4514 1621 4581 ipso:asserit
1650 4513 1760 4580 jam
1798 4528 1899 4567 nos
1934 4529 2042 4566 non
2088 4529 2213 4567 esse
2257 4529 2322 4569 ex

2434 4512 2466 4578 ἠ
2497 4510 2667 4579 ψυχή
2702 4528 2821 4579 μου
2843 4527 2857 4541 ·
2897 4512 3061 4580 φησὶν
3088 4512 3171 4562 ὅτι
3195 4512 3355 4579 ἡμεῖς
3381 4512 3481 4563 οὑκ
3510 4512 3674 4579 ἐσμὲν
3701 4512 3809 4563 τῶν
3834 4515 4022 4566 duo)-

758 4616 946 4653 eorum
975 4614 1207 4654 numero
1252 4599 1344 4668 qui
1384 4606 1608 4667 pereant
1646 4606 1867 4667 propter
1895 4599 2320 4654 subtractionem

2434 4604 2676 4671 λυμένων
2726 4604 2814 4656 διὰ
2840 4603 2902 4655 τὸ
2934 4602 3355 4655 ὑποστέλλεσθαι
3398 4605 3493 4655 καὶ
3520 4604 3945 4674 άπορῤᾳθυμεῑν
3978 4610 4017 4675 ἦ

758 4701 852 4745 aut
886 4700 1105 4760 propter
1134 4688 1377 4743 aeediam
1406 4688 1490 4742 vel
1542 4688 1952 4751 haesitationem,
1986 4690 2079 4744 sed
2131 4705 2320 4744 eorum

2434 4693 2720 4758 διστάζειν,
2777 4694 2915 4747 ἀλλὰ
2944 4694 3054 4747 τῶν
3107 4696 3165 4746 έν
3209 4697 3276 4764 τῇ
3326 4695 3506 4746 πίστει
3552 4694 3805 4764 βεδαίων,
3858 4695 4019 4750 ὥστε

755 4780 848 4850 qui
881 4781 935 4834 in
965 4780 1067 4835 lide
1088 4779 1311 4835 stabiles
1355 4778 1674 4848 persistunt,
1731 4787 1788 4832 ut
1839 4780 2125 4848 acquirant
2193 4795 2322 4835 suas

2434 4786 2779 4856 περιποιῆσαι
2834 4784 2933 4847 τὰς
2981 4784 3190 4836 ἑαυτῶν
3237 4784 3436 4853 ψυχάς,
3485 4784 3730 4835 τουτέστι
3796 4787 4020 4849 κτήσα-

756 4872 999 4939 ipsorum
1020 4871 1250 4931 animas,
1276 4869 1379 4923 hoc
1402 4878 1487 4923 est
1524 4870 1862 4939 possideant,
1908 4870 2237 4936 custodiant,
2270 4878 2325 4925 et

2434 4876 2575 4937 σθαι,
2635 4876 2909 4943 φυλάξαι,
2991 4877 3085 4928 καὶ
3143 4876 3335 4929 σῶσαι.
3400 4876 3753 4945 Περιποίησις
3800 4875 3915 4946 γάρ
3974 4882 4017 4948 ἡ

756 4972 994 5017 servent.
1032 4960 1336 5031 Acquisitio
1354 4961 1497 5014 enim
1532 4969 1615 5013 est
1647 4960 1941 5028 possessio,
1975 4960 2272 5029 peculium.

2434 4968 2784 5039 πρόσκτησις,
2816 4970 2844 5020 ὁ
2883 4967 3317 5037 προσπορισμός.

1352 5047 1583 5103 CAPUT
1630 5047 1720 5102 XI.

3009 5056 3258 5108 ΚΕΦΑΛ.
3297 5053 3403 5110 lA'.

832 5136 926 5190 Est
962 5148 1135 5190 autem
1177 5138 1305 5205 ﬁdes
1359 5140 1745 5207 rperandarum
1788 5141 2089 5193 substantia
2121 5156 2317 5194 rerum.

2493 5147 2669 5199 Ἔστι
2697 5144 2765 5197 δὲ
2793 5145 2999 5210 πίστις
3026 5143 3427 5211 ἐλπιζομένων
3458 5145 3819 5209 ὑπόστασις.
3868 5147 4016 5200 Am.-

757 5228 1027 5282 Describit
1082 5228 1239 5282 nobis
1301 5230 1530 5297 posthac
1574 5229 1756 5293 ﬁdem,
1812 5230 2094 5299 inquiens:
2160 5230 2320 5284 Fides

2434 5236 2521 5289 nov
2569 5237 2947 5307 ὑπογράφεται
2998 5238 3128 5305 ἡμῖν
3174 5234 3273 5305 τὴν
3319 5235 3524 5299 πίστιν,
3576 5239 3671 5287 καί
3705 5252 3873 5306 φησιν
3918 5239 4015 5292 ὅτι

758 5326 841 5371 est
869 5318 1106 5372 essentia
1138 5333 1326 5373 eorum
1361 5334 1483 5388 qua
1512 5320 1756 5376 nandum
1808 5331 1955 5385 sunt,
2014 5322 2320 5375 substantia

2434 5328 2673 5389 ιὺσίωσίς
2724 5331 2840 5379 ἐστι
2870 5327 2977 5379 τῶν
3026 5328 3195 5396 μήπω
3226 5327 3397 5380 ὅντων
3430 5328 3523 5379 καὶ
3555 5326 3856 5389 ὑπόστασις
3886 5329 4012 5381 τῶν

756 5424 943 5461 eorum
973 5424 1091 5477 qua:
1118 5426 1225 5463 non
1269 5410 1611 5464 subsistunt:
1639 5412 1871 5478 exempli
1899 5412 2097 5481 gratia,
2130 5427 2313 5466 resur-

2434 5414 2500 5482 μὴ
2531 5412 2852 5481 ὑφεστώτων
2872 5429 2888 5441 ·
2921 5408 3034 5466 οἷον
3078 5415 3111 5482 ή
3153 5414 3446 5477 ἀνάστασις
3474 5412 3629 5465 οὔπω
3658 5413 4012 5485 ὑφέστηκεν,

755 5501 924 5554 rectio
971 5501 1211 5554 nondum
1275 5502 1545 5565 subsistit,
1594 5503 1688 5556 sed
1741 5500 1874 5558 ﬁdes
1923 5505 2115 5558 statuit
2172 5518 2312 5568 eam,

2434 5505 2535 5557 DCA'
2585 5508 2615 5573 ἡ
2658 5505 2842 5567 πίστις
2904 5505 3103 5575 ὑφιστᾷ
3148 5506 3339 5575 αὑτὴν,
3392 5504 3485 5559 καὶ
3542 5505 3650 5575 πρὸ
3698 5504 4015 5578 ὀφθαλμῶν

756 5600 919 5660 atque
952 5593 1022 5645 ob
1045 5592 1237 5646 oculos
1263 5594 1418 5648 nobis
1442 5596 1612 5662 ponit.

2434 5595 2557 5664 ἡμῖν
2591 5596 2790 5666 τίθησι.

819 5703 866 5734 ⁸⁵
900 5704 1088 5757 Matth.
1118 5721 1171 5771 ι,
1201 5705 1293 5760 22.

2119 5780 2318 5840 Varia:
2344 5778 2670 5843 lectiones.

826 5877 869 5907 ⁸³
902 5881 1089 5949 ’1’μεῖ;
1124 5895 1174 5931 υ.
1254 5880 1298 5909 ³⁵
1326 5880 1447 5931 ἐστέ
1482 5896 1531 5933 0.
