4154 6440
165 430 259 494 341

926 435 1331 499 EXPOSITIO
1368 439 1450 498 ΙΝ
1483 440 1720 499 EPIST.
1756 440 1854 499 AD
1884 440 2271 500 llEBll/EUS-
2302 467 2369 476 -
2404 442 2560 503 CAP.
2593 444 2697 503 ΧΙ.

3338 444 3442 507 342

231 541 611 610 Πρυτμάτων
640 541 885 612 ἔλεγχοι,
922 545 997 597 οὐ
1020 545 1438 615 βλεπομένων.
1474 547 1755 616 Ἔλεγχος,

1938 550 2316 618 Argumentum
2380 567 2485 604 non
2560 552 2949 619 apparentiuur.
3018 552 3437 622 Argumentum,

162 632 453 695 τουτέστι,
507 631 709 698 δεῖξις,
779 634 1086 703 φανέρωσις
1139 636 1355 706 ἀδήλων
1387 637 1754 706 πραγμάτων.

168 724 319 775 Ποιεῖ
335 724 454 793 γὰρ
477 724 653 777 ταῦτα
684 724 979 793 βλέπεσθαι
1006 726 1083 797 τῷ
1109 725 1184 797 νῷ
1205 726 1363 797 ἡμῶν
1389 728 1465 790 ὡς
1487 745 1559 780 πα
1571 728 1751 797 ρόντα.

166 818 223 869 Εἰ
256 817 449 870 τοίνυν
497 820 724 872 τοιαῦτα
754 819 980 873 δύναται
1013 821 1046 890 ἡ
1094 820 1296 885 πίστις,
1349 822 1399 874 τί
1438 822 1595 889 ὑμεῖς
1631 821 1755 891 βούο

165 910 322 961 1530:
375 910 522 963 αὐτὰ
572 912 895 981 πρακτικῶς
919 912 965 944 ⁸⁸
1020 913 1172 978 ἰδεῖν,
1208 913 1297 967 ἵνα
1334 912 1606 983 ἐκπέσητε
1656 914 1757 983 τῆς

167 1003 444 1068 πίστεως
504 1003 677 1056 Τοῦτο
716 1005 775 1056 δὲ
828 1003 982 1058 οὐδὲν
1030 989 1160 1059 ἄλλο
1208 1005 1449 1075 animi)
1500 1006 1757 1059 ἐκπεσεῖν

166 1094 271 1145 ἀπὸ
325 1095 430 1148 τοῦ
477 1096 678 1149 δίκαιοι
726 1093 888 1152 εἶναι.
929 1097 990 1150 '0
1031 1097 1138 1169 γὰρ
1176 1098 1384 1160 δίκαιος
1425 1100 1489 1151 ἑκ
1520 1098 1758 1161 πίστεως

166 1184 425 1253 ζήσεται.

229 1278 331 1329 Ἐν
364 1277 531 1347 αὑτῇ
560 1280 672 1347 γὰρ
694 1280 1197 1349 ἐμαρτυρήθησαν
1235 1285 1289 1336 οἱ
1340 1283 1754 1350 πρεσϐύτεροι.

163 1368 487 1431 Τουτέστιν,
509 1371 567 1421 ὲν
594 1370 732 1439 αὐτῇ
761 1374 829 1440 τῇ
873 1371 1056 1423 πίστει
1105 1370 1574 1440 ἐμαρτυρήθησαν
1605 1370 1757 1437 παρὰ

163 1458 255 1512 τοῦ
298 1460 451 1513 Θεοῦ
521 1462 571 1513 οἱ
623 1461 847 1514 παλαιοὶ
893 1463 1128 1526 πάντες’
1159 1461 1622 1533 Ιὼμολογήθησαν
1675 1464 1757 1515 ὅτι

165 1550 551 1619 ἐθεράπευσαν
579 1553 766 1607 αὐτόν.

231 1646 455 1697 Πίστει
487 1645 751 1715 νοοῦμεν
800 1649 1191 1717 κατηρτίσθαι
1224 1649 1367 1714 τοὺς
1390 1648 1613 1714 αιῶνας
1632 1651 1758 1717 ρή-

161 1753 299 1803 [um
330 1737 516 1801 Θεοῦ,
545 1741 632 1803 εις
662 1741 730 1792 τὸ
757 1740 840 1807 μὴ
864 1741 932 1792 ἐκ
970 1740 1355 1809 φαινομένων
1410 1742 1483 1794 τὰ
1527 1741 1757 1804 ,βλεπό-

162 1846 314 1896 μενα
340 1831 686 1899 γεγονέναι.
723 1831 943 1902 Ἐπειδὴ
966 1834 999 1903 ή
1023 1834 1209 1894 πίστις
1233 1832 1580 1886 διαὸἁλλεται
1605 1833 1759 1902 παρὰ

1865 638 2021 708 731
2061 639 2163 694 hoc
2184 648 2285 704 est,
2314 639 2711 697 demonstratio
2753 650 2809 696 et
2848 643 3218 699 manifestatio
3253 660 3437 700 rerum

1864 745 1985 799 qua:
2016 745 2123 783 non
2143 740 2272 784 sunt
2306 732 2638 800 conspicuae.
2670 732 2823 787 Facit
2855 732 3001 786 enim
3028 740 3086 787 ut
3119 734 3224 788 ista
3256 746 3437 789 mente

1865 829 2056 875 nostra
2098 837 2410 887 cernamus,
2459 823 2605 877 haud
2645 839 2805 879 secus
2835 839 2900 879 ac
2932 824 2978 879 si
3014 826 3304 894 prmsentia
3352 842 3441 881 es-

1864 920 2007 966 sent.
2037 912 2092 965 Si
2126 912 2294 981 igitur
2323 914 2451 967 talia
2474 921 2655 984 potest
2687 913 2843 979 fides,
2871 916 3001 984 quid
3039 931 3134 969 vos
3166 930 3226 967 ea
3253 927 3439 971 actua-

1867 1004 1989 1059 liter
2018 1005 2203 1060 videre
2240 1006 2436 1071 velitis,
2469 1015 2529 1061 ut
2553 1006 2822 1062 excidatis
2870 1023 2901 1061 a
2940 1008 3085 1063 fide?
3114 1007 3270 1075 Quod
3310 1025 3443 1063 sane

1865 1098 2002 1151 nihil
2047 1106 2133 1153 est
2184 1097 2331 1152 aliud
2372 1113 2536 1167 quam
2595 1098 2851 1154 excidere
2896 1113 2928 1152 a
2962 1100 3199 1169 justitia.
3248 1098 3443 1155 Justus

1864 1190 2008 1244 enim
2040 1206 2105 1244 ex
2143 1191 2248 1246 fide
2282 1191 2446 1245 vivet.

1937 1281 2104 1337 Vsus.
2139 1283 2195 1336 2.
2233 1283 2297 1338 In
2326 1284 2445 1350 ipsa
2470 1285 2612 1336 enim
2636 1282 2995 1335 testimonium
3023 1282 3292 1334 consecuti
3316 1289 3440 1332 sunt

1865 1375 2122 1429 seniores.
2156 1374 2271 1430 Hoc
2290 1383 2395 1438 est,
2426 1375 2479 1429 in
2510 1375 2627 1445 ipsa
2662 1373 2769 1428 fide
2792 1374 3167 1428 testimonium
3200 1374 3441 1427 assecuti

1863 1472 1993 1521 sunt
2012 1480 2205 1521 omnes
2247 1474 2460 1519 veteres
2489 1481 2519 1519 a
2556 1465 2687 1531 Deo,
2724 1478 2792 1519 ac
2830 1462 3078 1519 confessi
3119 1473 3248 1517 sunt
3292 1463 3440 1532 quod

1865 1571 1990 1612 eum
2015 1555 2310 1610 coluerint.

1936 1646 2106 1702 Vens.
2121 1648 2174 1702 5.
2199 1647 2332 1703 Fide
2359 1649 2707 1719 intelligimus
2729 1658 2912 1717 aptata
2933 1665 3044 1701 esse
3065 1648 3261 1701 menta
3290 1645 3443 1699 verba

1865 1736 1985 1800 Dei,
2022 1747 2079 1790 ut
2125 1753 2192 1791 ea:
2238 1740 2595 1794 inuisibilibus
2625 1739 2856 1793 uisibilia
2886 1740 3095 1806 ﬁerent.
3123 1738 3265 1802 Quia
3311 1736 3443 1789 fides

1868 1828 2293 1897 reprelienditur
2324 1846 2390 1884 ac
2421 1830 2491 1885 iis
2518 1831 2612 1901 qui
2651 1832 2948 1900 potentiam
2985 1830 3104 1899 ejus
3133 1844 3245 1884 non
3285 1827 3445 1881 inlclo

166 1924 273 1982 τοῖς
317 1922 400 1990 μὴ
432 1921 618 1976 νοοῦσι
649 1924 747 1993 τὴν
781 1923 1011 1993 δύναμιν
1060 1925 1255 1994 αὐτῆς,
1302 1926 1537 1994 πρᾶγμα
1554 1925 1758 1979 ἀναπόο

1865 1918 2060 1989 ligunt,
2084 1922 2177 1989 qui
2210 1931 2530 2005 asseverant
2567 1936 2688 1977 eam
2738 1936 2863 1977 esse
2894 1936 3008 1975 rem
3039 1920 3444 1974 indemonstra-

162 2014 379 2085 δεικτον
418 2014 593 2083 αὐτὴν
616 2014 836 2082 λέγουσι
856 2056 870 2077 ,
897 2016 996 2067 καὶ
1031 2011 1250 2085 ἀπάτην
1284 2014 1593 2085 πρόδηλον“,
1653 2013 1760 2068 δεί-

168 2122 380 2171 κνυσιν,
412 2108 501 2160 ὅτι
529 2105 600 2157 τὰ
636 2106 880 2177 μέγισταξ
900 2106 989 2160 διὰ
1020 2107 1288 2172 πίστεως,
1327 2107 1420 2160 καὶ
1445 2105 1507 2159 οὐ
1535 2104 1625 2159 διὰ
1672 2104 1759 2158 λο-

167 2196 388 2266 γισμῶν
433 2196 821 2268 κατορθοῦται.
856 2198 965 2250 Καὶ
1010 2197 1120 2270 γὰρ
1152 2198 1234 2251 ὅτι
1277 2200 1306 2251 ὁ
1337 2197 1469 2259 Θεὸς
1497 2197 1641 2267 λόγῳ
1688 2196 1761 2249 τὰ.

166 2290 292 2341 bna
342 2290 417 2341 ὲκ
474 2290 553 2359 μὴ
595 2289 767 2342 ὄντων
822 2290 1069 2359 ἱποίησε,
1127 2290 1259 2343 ποία
1316 2290 1594 2355 ἀπόδειξις
1632 2289 1760 2357 ἡμῖν

165 2382 561 2449 παρέστησεν;
591 2381 841 2450 οὐδεμία,
866 2382 1002 2437 ἀλλὰ
1030 2383 1215 2446 πίστις
1248 2383 1408 2452 μόνη.
1446 2382 1635 2435 Πίστει
1665 2375 1761 2434 οὖν

167 2472 432 2540 νοοῦμεν
463 2474 855 2540 κατηρτίσθαι
888 2474 1029 2539 τοὺς
1052 2472 1294 2538 attint-ac,
1316 2472 1581 2537 τουτέστι,
1610 2472 1762 2540 γενέ-

170 2562 286 2615 σθαι
310 2566 532 2633 ῥήματι
555 2564 715 2619 Θεοῦ.
740 2565 839 2617 Διὰ
872 2566 925 2617 τί
952 2566 1143 2618 πίστει
1169 2580 1185 2628 ;
1219 2563 1357 2616 διότι
1388 2564 1452 2616 ὲκ
1507 2563 1582 2633 μὴ
1642 2580 1762 2629 φαι-

172 2656 418 2724 νομένων
446 2656 517 2709 τα
549 2655 860 2726 βλεπόμενα
889 2657 1115 2725 γέγονεν
1136 2672 1155 2691 ’
1185 2656 1215 2709 δ
1275 2657 1513 2719 πίστεως
1560 2656 1757 2709 δεῖται.

170 2744 234 2796 Ἦ
285 2746 388 2799 καὶ
472 2745 618 2799 οὕτω
652 2763 667 2778 θ
735 2747 967 2817 Ῥἡματι
1010 2745 1143 2801 Θεοῦ
1208 2748 1486 2817 γενομένῳ
1551 2746 1641 2800 διὰ
1699 2747 1760 2799 τὸ

172 2840 525 2908 προαχθῆναι
564 2839 632 2891 τὰ
684 2840 814 2893 ὄντα
837 2841 901 2893 ὲκ
926 2841 1001 2909 μὴ
1039 2841 1233 2895 ὄντων.
1262 2840 1478 2899 Αίῶνας
1500 2840 1558 2891 δὲ
1592 2839 1758 2893 ἀκού-

168 2947 258 2991 ων,
300 2932 397 2983 καὶ
414 2935 487 2983 τὰ
510 2934 954 3002 ἐμπεριεχόμενα
977 2932 1191 2996 τούτοις
1220 2932 1416 2985 αἰώνια
1436 2933 1481 2965 ⁸⁸
1512 2934 1643 2997 νόει,
1667 2932 1759 2985 ναὶ

174 3019 273 3088 μὴν
310 3022 408 3072 καὶ
440 3021 675 3088 χρόνους
708 3024 803 3075 καὶ
828 3024 1009 3077 πάντα
1052 3024 1122 3077 τὰ
1175 3024 1427 3095 ἐγχρονα,
1473 3042 1758 3097 καταχρη-

172 3110 508 3182 στικώτερον
544 3113 655 3164 τῶν
694 3114 910 3166 αἰώνων
935 3116 1030 3167 καὶ
1081 3115 1211 3178 τοὺς
1262 3116 1488 3185 χρόνους
1533 3117 1758 3187 δηλούν-

171 3219 269 3253 των
292 3220 307 3233 ·
337 3206 469 3255 ἐπεὶ
494 3205 525 3255 ὁ
558 3205 764 3274 κυρίως
790 3206 947 3273 αἰὼν,
977 3205 1108 3261 ἄλλο
1146 3224 1201 3260 τι
1232 3206 1387 3277 παρὰ
1407 3207 1501 3261 τὸν
1544 3210 1755 3278 χρόνον,

172 3297 260 3346 καὶ
284 3290 387 3361 εἷς,
418 3295 488 3347 οὐ
520 3294 733 3348 πολλοί.

234 3572 445 3626 Πίστει
480 3570 741 3623 πλείονα
768 3571 991 3625 θυσίαν
1017 3572 1200 3627 Ἅϐελ
1226 3570 1389 3639 παρὰ
1408 3571 1560 3627 Κὰϊν
1576 3587 1764 3640 προσ-

172 3660 384 3730 ήνεγκε
405 3660 498 3724 τῷ
539 3659 690 3725 Θεῷ.
724 3658 943 3731 Ἐπειδὴ
979 3660 1127 3731 μέγα
1168 3662 1202 3731 ἡ
1243 3661 1453 3723 πίστις,
1492 3662 1589 3714 καὶ
1648 3678 1765 3728 γεν-

174 3754 322 3816 ναίας
345 3749 757 3821 δεῖταιψυχῆς,
789 3753 840 3804 οἱ
893 3750 951 3805 δὲ
1007 3750 1258 3818 Ἐσραῑοι
1292 3749 1483 3806 πιστοὶ
1541 3751 1769 3821 lineol-

172 3860 359 3913 νησαν,
396 3843 505 3896 καὶ
530 3843 657 3895 κατ’
682 3842 858 3912 ἀρχὴν
888 3842 989 3912 μὲν
1008 3842 1197 3895 πίστιν
1222 3842 1581 3909 ἐνεδείξαντο,
1603 3841 1764 3896 ὓστε-

175 3950 259 4003 ρον
293 3935 349 3987 δὲ
380 3932 503 3986 ἀπὸ
545 3932 650 4000 τῆς
714 3932 998 4001 συνεχείας
1044 3931 1157 3985 τῶν
1205 3932 1442 4001 θλίψεων
1498 3932 1766 4001 ὠλιγοψύ-

174 4044 316 4095 low,
341 4024 712 4094 παρεκάλεσε
741 4022 842 4093 μὲν
875 4023 1075 4088 αὐτοὺς
1103 4023 1214 4077 ἀπὸ
1238 4024 1351 4078 τῶν
1390 4024 1767 4095 κατορθωθέν-

173 4136 274 4172 των
292 4120 513 4180 αὐτοῖς,
551 4116 646 4168 καὶ
674 4116 786 4169 ἀπὸ
809 4116 911 4185 τῆς
948 4115 1199 4186 Γραφῆς,
1227 4115 1400 4170 εἰπών
1422 4133 1436 4147 ’
1473 4118 1597 4170 Ὀτι
1628 4115 1657 4167 δ
1687 4115 1766 4169 δί-

174 4228 322 4275 καιος
349 4215 418 4264 ἐκ
454 4211 700 4271 πίστεως
718 4209 976 4277 ζήσεται*
1036 4210 1134 4263 καὶ
1182 4208 1293 4263 ἀπὸ
1347 4208 1644 4281 λογισμῶν,
1687 4210 1767 4261 ει-

177 4302 311 4353 τῶν*
328 4303 519 4354 Ἐστι
545 4298 616 4350 δὲ
639 4298 841 4363 πίστις
862 4297 1257 4367 ἐλπιζομένων
1284 4300 1641 4367 ὑπόστασις·
1671 4304 1767 4359 νῦν

176 4394 346 4449 esset
378 4394 498 4447 τῶν
528 4389 781 4461 μεγάλων
811 4391 902 4444 καὶ
926 4392 1175 4445 παλαιῶν
1198 4392 1425 4462 ἀνδρῶν.
1453 4394 1622 4451 Ὅταν
1659 4398 1768 4471 γὰρ

177 4486 305 4557 εὕρῃ
358 4487 390 4537 ὁ
422 4482 725 4552 ἄνθρωπος
753 4482 1041 4543 κοινωνοὺς
1064 4480 1275 4547 παθῶν,
1304 4483 1647 4540 ἀναπαύεται
1673 4490 1767 4541 καὶ

1865 2010 2033 2065 bilem
2063 2012 2312 2082 adeoque
2352 2011 2697 2070 manifestam
2741 2016 3155 2084 imposturam;
3199 2012 3446 2067 ostendit

1866 2101 2012 2169 quod
2040 2101 2274 2155 maxima
2322 2118 2551 2172 quaeque
2607 2118 2703 2173 per
2738 2104 2896 2159 fidem
2944 2105 3340 2173 transigantur,
3387 2112 3444 2158 et

1868 2205 1975 2244 non
2008 2205 2106 2259 per
2130 2191 2603 2248 ratiocinationes.
2637 2191 2774 2247 Nam
2805 2194 2950 2263 quod
2980 2194 3125 2249 Deus
3165 2195 3352 2261 verbo,
3378 2209 3446 2249 ea

1864 2298 1986 2353 qua:
2015 2291 2166 2350 sunt,
2193 2300 2258 2340 es
2298 2285 2368 2341 iis
2414 2301 2537 2355 qua:
2565 2300 2673 2341 non
2697 2296 2848 2352 sunt,
2893 2288 3126 2351 creavit,
3172 2304 3295 2356 qua:
3341 2290 3441 2343 de-

1867 2378 2194 2433 monstratio
2227 2379 2390 2435 nobis
2432 2379 2723 2434 exhibuit?
2759 2378 2919 2435 Nulla
2968 2396 3125 2442 sane.
3172 2381 3271 2437 sed
3325 2383 3441 2438 sola

1868 2466 2023 2521 fides.
2057 2464 2192 2521 Fide
2230 2467 2396 2537 igitur
2430 2468 2777 2537 intelligimus
2823 2478 3013 2537 aptata
3053 2484 3167 2523 esse
3218 2469 3441 2533 sweula,

1866 2556 1972 2612 hoc
2025 2568 2131 2624 est,
2168 2557 2314 2615 facta
2359 2575 2484 2615 esse
2533 2561 2702 2615 verbo
2750 2560 2867 2614 Dei.
2905 2558 3019 2615 Cur
3069 2560 3213 2615 fide?
3243 2561 3445 2630 quippe

1865 2649 2013 2718 quod
2042 2666 2111 2705 ex
2143 2651 2536 2717 invisibilibus,
2567 2658 2625 2707 et
2652 2666 2719 2708 es
2756 2653 2824 2707 iis
2874 2668 2998 2722 quae
3032 2668 3142 2707 non
3167 2652 3443 2712 videntur,

1867 2738 2012 2794 facta
2038 2741 2293 2811 sinuquz
2316 2743 2609 2799 videntur:
2644 2744 2792 2814 quod
2824 2744 2930 2799 title
2950 2760 3091 2814 opus
3126 2745 3311 2800 habet.
3345 2743 3444 2799 Vel

1864 2831 1980 2887 sic:
2016 2832 2197 2888 Verbo
2227 2832 2346 2899 Dei,
2386 2849 2497 2904 quo
2538 2834 2747 2891 factum
2781 2847 2868 2892 est
2911 2843 2973 2890 ut
3006 2836 3446 2907 producerentur

1865 2936 1933 2975 ex
1974 2922 2041 2975 iis
2088 2936 2212 2991 quae
2252 2938 2362 2978 non
2414 2930 2565 2986 sunt,
2593 2939 2659 2979 ea
2708 2940 2832 2994 quae
2878 2934 3025 2980 sunt.
3072 2924 3207 2979 Cum
3258 2933 3442 2980 autem

1867 3012 2045 3075 audis,
2073 3014 2295 3076 saecula,
2332 3028 2398 3068 ea
2436 3012 2605 3068 simul
2638 3014 2880 3085 intellige
2916 3024 3123 3071 eterna
3157 3032 3277 3087 qua:
3325 3016 3449 3072 istis

1864 3105 2239 3170 continentur,
2293 3107 2406 3161 imo
2450 3123 2583 3163 vero
2624 3115 2893 3177 tempora,
2928 3109 3186 3177 adeoque
3240 3117 3439 3164 cuncta

1866 3199 2218 3268 temporaria,
2285 3198 2634 3256 inusitatiore
2687 3200 2947 3270 loquendi
3004 3202 3173 3257 modo
3223 3204 3442 3259 saeculis

1786 3307 1829 3365 ο
1863 3290 2029 3344 etiam
2076 3300 2319 3360 tempora
2361 3292 2818 3361 significantibus.
2855 3291 2991 3346 Nam
3033 3294 3253 3364 proprie
3273 3310 3447 3351 saecu-

1866 3380 1977 3434 lum
2009 3379 2159 3435 aliud
2198 3380 2499 3451 quidquam
2542 3396 2710 3451 quam
2753 3389 2972 3451 tempus
3009 3390 3118 3448 est,
3163 3391 3220 3438 et
3247 3398 3445 3451 unum,

1864 3487 1973 3526 non
2004 3472 2201 3526 multa.

1938 3564 2109 3619 Vsus.
2148 3564 2204 3618 ι.
2256 3562 2391 3619 Fide
2424 3564 2777 3633 copiosiorem
2824 3566 3058 3621 hostium
3113 3566 3247 3621 Abel
3284 3582 3444 3636 quam

1865 3656 1999 3712 Cain
2031 3657 2225 3710 obtulit
2245 3656 2377 3714 Deo.
2397 3656 2538 3723 Quia
2562 3672 2651 3713 res
2663 3671 2875 3728 magna
2910 3668 2999 3715 est
3016 3659 3173 3726 fides,
3203 3668 3259 3715 et
3284 3675 3442 3730 gene-

1867 3762 1993 3801 rosa
2036 3747 2218 3801 anima
2268 3748 2495 3817 indiget,
2533 3748 2743 3804 Hebrmi
2769 3757 2950 3806 autem
3012 3751 3198 3807 fideles
3239 3752 3444 3806 infirmi

1866 3848 2041 3901 erant.
2082 3854 2149 3895 ac
2191 3842 2428 3909 primum
2480 3842 2702 3909 quidem
2755 3842 2915 3897 tidem
2968 3843 3443 3911 demonstrarunt,

1869 3931 2127 4000 deinceps
2156 3948 2288 3987 vero
2318 3933 2392 3988 ob
2417 3932 2778 3988 alnictionum
2824 3934 3189 4005 frequentiam
3216 3937 3445 4006 pusilla-

1868 4025 2044 4080 nimes
2071 4025 2460 4091 reddebantur,
2484 4025 2815 4082 adhortatus
2849 4036 2935 4083 est
2963 4044 3060 4083 eos
3087 4043 3117 4082 a
3156 4031 3322 4085 rebus
3344 4044 3445 4098 per

1867 4132 1962 4172 eos
2006 4117 2266 4185 praeclare
2315 4116 2507 4186 gestis,
2548 4125 2602 4173 et
2631 4133 2663 4173 a
2694 4119 3003 4189 Scriptura,
3046 4119 3261 4184 dicens,
3297 4123 3442 4190 quod

1864 4209 2049 4277 justus
2082 4225 2147 4265 ex
2175 4210 2280 4265 fide
2311 4211 2383 4266 sit
2430 4210 2713 4266 victurus:
2762 4218 2818 4266 et
2847 4227 2878 4267 a
2903 4212 3439 4279 ratiocinationibus,

1869 4302 2153 4370 inquiens:
2190 4299 2353 4358 Fides
2388 4312 2666 4357 esteorum
2692 4319 2811 4373 qute
2843 4314 3127 4373 sperantur
3149 4304 3445 4360 subsisten-

1871 4394 1981 4447 tia:
2016 4408 2164 4447 nunc
2194 4408 2322 4448 vero
2352 4406 2382 4445 a
2409 4396 2622 4464 magnis
2652 4402 2705 4447 et
2748 4396 2946 4464 priscis
2977 4396 3107 4450 viris
3131 4397 3301 4451 etiam
3351 4413 3443 4451 ar-

1868 4493 2128 4555 gumenta
2160 4485 2382 4554 profert.
2404 4486 2541 4540 Cum
2581 4486 2725 4541 enim
2756 4487 2920 4542 homo
2954 4487 3227 4541 invenerit
3276 4490 3446 4557 parti-

177 4577 423 4629 ἀναπνεῖ.
444 4573 703 4640 Παρὰγει
728 4568 822 4622 οὖν
848 4569 942 4622 τὸν
973 4570 1159 4635 Ἅϐελ,
1182 4572 1275 4624 καί
1302 4589 1469 4643 φησιν
1489 4575 1569 4627 ὃτι
1587 4576 1760 4630 πίστει

1871 4577 2020 4645 cipes
2048 4577 2464 4640 adversitatnm,
2495 4586 2775 4632 recreatur
2803 4592 2867 4633 ac
2895 4580 3155 4648 respirat.
3179 4578 3445 4633 Producit

177 4670 533 4739 πρῃσήτεγκε
563 4664 758 4717 θυσίαν
814 4663 1059 4727 πλείονα,
1100 4665 1373 4729 τουτέστι,
1429 4669 1765 4740 τιμιωτέραν

1872 4665 2033 4736 igitur
2050 4666 2302 4729 Abelum,
2326 4667 2611 4737 inquiens:
2646 4666 2691 4721 Ρ
2693 4669 2777 4723 ide
2805 4669 3003 4724 obtulit
3020 4670 3297 4724 victimam
3330 4686 3444 4723 ma-

175 4765 323 4832 παρὰ
344 4762 452 4831 τὴν
484 4758 584 4810 τοῦ
630 4757 879 4822 ἀδελφοῦ.
911 4757 1045 4810 Τίνα
1084 4757 1195 4827 γὰρ
1246 4754 1387 4811 εἶδεν
1443 4760 1601 4813 ἄλλον
1656 4764 1760 4834 πρὸ

1864 4760 2061 4829 jorcm,
2107 4758 2212 4813 hoc
2254 4767 2338 4814 est
2370 4760 2774 4828 pretiosiorem,
2820 4776 2984 4829 quam
3038 4760 3225 4815 frater.
3267 4762 3442 4825 Quem

178 4853 379 4917 cincti;
409 4852 510 4902 τὸν
557 4850 788 4916 πατέρα,
818 4849 850 4917 ἢ
890 4849 989 4920 τὴν
1030 4851 1245 4920 μητέρα
1270 4891 1287 4915 ,
1317 4852 1413 4903 καὶ
1448 4852 1557 4922 μὴν
1594 4869 1765 4924 προσ-

180 4948 453 5016 ἔκρουσαν
481 4942 562 5013 τῷ
587 4941 729 5011 eaq»
761 4942 898 4995 ἀλλὰ
928 4942 1021 4995 τὸν
1043 4942 1311 5010 ἀδελφόνς
1344 4944 1439 4996 καὶ
1468 4937 1625 5007 οὗτος
1648 4945 1764 5015 ἠτί-

181 5055 336 5108 μασε.
363 5037 565 5090 Πίστει
592 5032 686 5087 οὖν
719 5033 857 5103 μόνῃ
886 5032 1147 5104 ὡδηγήθη
1171 5036 1252 5097 είς
1279 5033 1342 5086 τὸ
1370 5037 1763 5107 προσενεγκεῖν

179 5124 392 5200 ῶνεῖχε
423 5128 497 5181 τὰ
555 5128 865 5198 κρείττονα,
929 5124 1253 5192 πιστεύσας,
1305 5126 1387 5180 ὅτι
1438 5126 1530 5179 τὸν
1577 5126 1769 5195 μισθὸν

177 5220 426 5291 λήψεται.

242 5317 323 5366 Δι’
356 5309 440 5381 ἧς
482 5310 869 5378 ἐμαρτυρήθη
912 5306 1065 5364 εἷναι
1084 5309 1337 5376 δίκαιος,
1385 5312 1765 5380 μαρτιφοῦνν

1863 4851 2010 4906 enim
2029 4850 2244 4906 videbat
2269 4852 2435 4905 alium
2457 4862 2586 4905 ante
2614 4864 2674 4904 se
2694 4850 2717 4904 ?
2739 4857 3023 4919 patremne
3052 4858 3147 4904 aut
3174 4851 3444 4904 matrem?

1866 4948 1923 4993 at
1957 4941 2031 4994 illi
2065 4941 2406 5010 impegerant
2432 4940 2703 4996 adversus
2730 4939 2924 4995 Deum.
2957 4941 3025 4994 At
3060 4942 3442 4995 fratrem?vc-

1867 5046 1989 5083 rum
2022 5038 2077 5083 et
2109 5030 2156 5083 is
2190 5030 2357 5084 Deum
2390 5044 2500 5083 non
2528 5030 2793 5084 coluerat.
2825 5030 2956 5085 Fide
2982 5048 3114 5102 ergo
3164 5032 3281 5085 sola
3316 5047 3439 5099 pcr-

1872 5121 2074 5177 ductus
2103 5128 2189 5174 est
2219 5130 2280 5175 ut
2315 5120 2538 5176 offerret
2566 5121 2679 5176 Deo
2717 5138 2784 5176 ex
2829 5124 3149 5178 melioribus
3187 5136 3309 5191 qua:
3342 5122 3444 5174 ba-

1870 5211 2054 5273 hebat,
2085 5210 2317 5265 credens
2342 5226 2401 5265 se
2432 5213 2735 5267 mercedem
2778 5222 3153 5281 accepturum.

1941 5303 2046 5358 Per
2075 5321 2235 5374 quam
2261 5304 2617 5359 testimonium
2652 5316 2963 5359 consecutus
2991 5315 3093 5369 est,
3132 5304 3273 5376 quod
3308 5313 3440 5357 esset

178 5421 273 5469 τος
308 5403 409 5454 ἐπὶ
443 5399 571 5465 τοῖς
602 5398 813 5465 δώροις
844 5399 1034 5453 αὐτοῦ
1062 5399 1170 5453 τοῦ
1193 5398 1363 5453 Θεοῦ.
1400 5399 1460 5452 '0
1496 5398 1605 5469 γὰρ
1628 5398 1760 5468 πρὸς

1864 5401 2059 5468 justus,
2087 5400 2447 5453 testiinonium
2475 5400 2774 5465 per/tiberne
2800 5398 2909 5451 Deo
2936 5414 3094 5465 super
3115 5400 3268 5451 donis
3298 5398 3437 5465 ejus.

179 5495 262 5547 τὸν
289 5497 436 5551 Κάῖν
466 5492 709 5563 εἰρηκὼς
736 5492 890 5557 Θεὸς,
926 5494 1040 5547 Οὐκ
1096 5492 1164 5546 ἂν
1208 5492 1383 5561 ὀρθῶς
1431 5493 1530 5564 μὲν
1583 5510 1757 5564 προσ-

180 5589 431 5657 ενέγκῃς,
459 5585 640 5656 ὀρθῶς
655 5584 710 5638 δὲ
736 5584 813 5657 μὴ
842 5584 1023 5657 διέλῃς
1043 5602 1057 5616 ’
1082 5584 1434 5657 ἐμαρτύρησε
1465 5587 1539 5657 τῷ
1565 5585 1753 5653 Ἀδελ,

1864 5492 2001 5547 Cum
2032 5492 2179 5545 enim
2218 5492 2285 5546 ad
2328 5490 2494 5561 732
2528 5490 2764 5545 Cainum
2814 5490 3043 5545 dixisset
3087 5487 3233 5545 Deus
3266 5505 3281 5542 :
3319 5487 3439 5541 Non

1866 5590 2014 5639 recte
2041 5582 2227 5650 ol‘crs,
2258 5598 2358 5639 nec
2385 5592 2533 5639 recte
2572 5582 2808 5639 dividis:
2839 5582 3218 5638 testimonium
3247 5580 3434 5652 perhi-

1543 5764 1745 5827 Varitc
1782 5763 2118 5826 lectiones.

252 5874 301 5903 ⁸³
326 5870 722 5943 πραγματικῶς
748 5891 800 5926 υ.
885 5872 928 5902 ⁵⁸
952 5870 1121 5923 πάντα
1152 5888 1205 5922 υ.
