4156 6440
717 399 820 464 347

715 614 968 680 ejusdem.
1004 610 1175 671 Isaac,
1237 609 1434 675 inquit,
1469 617 1522 661 et
1553 609 1721 661 Iacob
1758 610 1981 676 perinde
2047 610 2294 661 incolue-

719 715 844 758 runt
878 719 1017 762 eam,
1055 712 1112 755 ut
1158 704 1412 755 alienam.
1444 701 1702 754 Philista-i
1735 702 1920 755 lsaaco
1956 703 2292 762 invidebant,

716 807 766 850 et
817 797 1125 848 Abimelech
1181 806 1369 861 puteos
1395 795 1514 862 ejus
1573 795 1857 848 auferebat
1900 804 1953 848 et
2011 795 2296 863 conjugem

719 894 913 957 ipsam,
955 899 1007 942 et
1039 891 1271 942 subinde
1296 889 1361 941 ad
1401 889 1566 940 alinut
1601 900 1762 958 atque
1799 891 1966 941 alium
2028 891 2297 942 transibat

721 968 920 1034 locum.
957 983 1125 1035 λιιι-οι)
1173 991 1353 1034 autem
1392 998 1497 1033 non
1531 984 1704 1036 solum
1736 999 1764 1035 a
1797 985 1964 1036 fratre
1999 982 2137 1037 Esau
2173 999 2295 1051 per-

715 1078 1054 1129 secutionem
1097 1077 1306 1144 patiens
1352 1075 1454 1127 sibi
1485 1075 1776 1132 metnelut.
1809 1091 1994 1128 verum
2041 1077 2201 1128 etiam
2232 1092 2297 1128 ex

720 1166 1108 1235 Mesopotamia
1158 1182 1430 1230 reversus,
1485 1168 1614 1219 emit
1658 1167 1863 1227 locum,
1903 1169 1956 1219 in
2020 1184 2126 1236 quo
2186 1168 2298 1220 ﬁxit

718 1260 1155 1313 tabernaculum.
1197 1259 1387 1325 l'ltjam
1436 1259 1654 1326 quidem
1689 1261 1742 1312 in
1777 1260 1984 1325 Betltel,
2019 1265 2130 1330 jam
2172 1277 2299 1315 vero

718 1350 773 1403 in
810 1351 1050 1418 Eplirata
1081 1351 1368 1418 migrabat,
1402 1352 1550 1403 nullo
1577 1353 1697 1405 loco
1722 1364 1905 1407 certus
1934 1369 2181 1418 manens,
2216 1354 2300 1407 in-

717 1451 836 1498 star
879 1441 1121 1496 advenae.
1172 1443 1394 1495 Interim
1435 1451 1696 1496 tamenet
1747 1445 1847 1513 ipsi
1909 1447 2299 1514 promissionis

716 1535 959 1588 haeredes
985 1534 1228 1595 fuerunt,
1263 1544 1316 1584 ut
1354 1545 1524 1602 pater.
1562 1535 1681 1588 Tibi
1717 1539 1859 1590 enim
1897 1537 2061 1599 ‘lalio,
2099 1539 2296 1606 inquit,

716 1635 771 1678 ct
799 1625 992 1679 semini
1032 1636 1144 1677 tuo.
1187 1626 1440 1680 Attamen
1481 1627 1745 1679 increduli
1785 1644 1892 1680 non
1928 1627 2171 1681 fuerunt.

788 1821 955 1878 Vitas.
997 1824 1079 1876 10.
1111 1823 1458 1883 Exspectobat
1492 1827 1627 1877 enim
1649 1827 2000 1894 fundamenta
2023 1830 2295 1881 habentem
2330 1855 2374 1914 Β

718 1918 1001 1968 civitatem.
1035 1915 1166 1967 Eam
1224 1917 1294 1969 ob
1335 1933 1468 1978 rem,
1497 1917 1695 1985 inquit,
1724 1930 1883 1971 erant
1945 1921 2191 1981 advenae,
2245 1933 2300 1975 ct

726 2010 1211 2062 cmnmorabantur
1246 2010 1298 2062 in
1329 2010 1706 2063 tabernaculis
1737 2011 2154 2066 fundamentum
2192 2029 2298 2068 non

1609 397 1709 455 ΤΗ
1722 396 2185 456 ΕΟΡΗΥΙΛΟΤΙ
2233 395 2643 456 ΒΗΚΟᾹΗΙΑΞ
2689 398 3044 459 ARCHIEP.

791 516 924 571 Cum
982 515 1141 568 Isaac
1192 524 1239 566 et
1288 514 1452 566 Iacob
1510 514 1864 565 colueredibus
1929 515 2294 578 promissionis
2328 521 2368 574 Α

3865 399 3986 461 348

2471 516 2632 566 Μετὰ
2695 515 2903 568 Ἰσαὰκ
2940 516 3039 567 καί
3090 513 3291 568 Ἰακὼϐ
3317 513 3434 567 τῶν
3461 513 3998 583 συγκλιιρογοῖμωνδ

2403 607 2509 671 τῆς
2545 608 2908 674 ἐπαγγελίας
2938 607 3046 674 τῆς
3074 608 3288 672 αὐτῆς.
3348 609 3459 660 Καὶ
3491 611 3518 660 ὁ
3561 609 3767 673 Ίσαέικ,
3820 612 3989 674 φησῖ,

2400 700 2492 750 καὶ
2521 699 2759 751 ὀΊακὼϐ
2791 700 2932 752 οὕτω
2966 700 3171 768 ταύτην
3205 701 3536 770 κατῴκησαν
3559 702 3631 763 ὡς
3663 703 3989 770 ἀλλοτρίαν.

2413 791 2471 840 Ὀ
2507 791 2810 857 μὲνΊσαὰκ
2849 793 3212 862 φθονούμενος
3248 795 3351 844 ὑπὸ
3375 793 3482 844 τῶν
3506 795 3852 854 Φιλισταίων,
3887 795 3991 844 καὶ

2401 883 2804 952 ἀφαιρούμενος
2837 887 2903 935 τὰ.
2936 886 3146 953 φρέατα
3196 886 3300 937 ὑπὸ
3351 885 3462 937 τῶν
3492 888 3619 954 περὶ
3667 885 3988 952 Ἀϐιμέλεχ,

2401 975 2495 1025 καὶ
2526 976 2626 1041 τὴν
2658 978 2892 1040 γυναί.‹α
2924 977 3115 1044 αὐτὴν,
3155 977 3249 1028 καὶ
3302 976 3492 1030 ἄλλοτε
3521 979 3598 1037 εἰς
3633 977 3791 1028 ἄλλον
3816 978 3993 1027 τόπον

2404 1063 2769 1131 μεταϐαίνων.
2791 1064 2849 1115 Ὀ
2875 1065 2932 1116 δὲ
2971 1066 3190 1132 Ἰακὼϐ,
3232 1068 3293 1118 οὐ
3330 1068 3488 1131 μόνον
3515 1068 3589 1130 ὼς
3623 1068 3992 1134 ἐλαυνόμενος

2401 1155 2505 1205 ὑπὸ
2535 1155 2627 1206 τοῦ
2666 1154 2833 1224 φόϐου
2892 1156 2985 1208 τοῦ
3027 1157 3224 1218 Ἡσαῦ,
3282 1158 3398 1209 ἀλλ’
3453 1159 3536 1210 ὅτι
3597 1161 3692 1210 καὶ
3745 1160 3852 1210 ἀπὸ
3882 1158 3993 1225 τῆς

2402 1249 2836 1318 Μεσοποταμίας
2873 1248 3135 1309 ἀνελθὼν.
3174 1250 3488 1318 ἐξωνήσατο
3514 1251 3605 1303 τὸν
3631 1252 3818 1311 τόπον,
3854 1250 3993 1302 ἔνθα.

2405 1339 2601 1407 ἔστησε
2629 1340 2725 1408 τὴν
2759 1341 3002 1409 σκηνήνο
3038 1342 3132 1392 καὶ
3167 1338 3260 1392 νῦν
3289 1341 3387 1409 μὲν
3425 1352 3505 1402 είς
3531 1341 3758 1410 Βαιθὴλ,
3796 1339 3889 1391 νῦν
3924 1340 3992 1390 δὲ

2401 1433 2480 1491 εἰς
2549 1430 2796 1499 Ἐφραθὰ
2859 1431 3224 1501 μετέϐαινεν,
3281 1431 3530 1484 ἀπατῶν
3569 1431 3644 1492 ὡς
3697 1431 3988 1501 πάροικος.

2404 1522 2666 1589 Καίτοιγε
2722 1523 2818 1574 καὶ
2871 1523 3028 1576 αὐτοὶ
3066 1522 3396 1592 κληρονόμοι
3434 1518 3578 1592 ἦσαν
3611 1523 3710 1589 τῆς
3740 1525 3993 1589 ἐπαγγε-

2401 1615 2542 1679 λίας,
2580 1615 2654 1674 ὡς
2680 1618 2773 1668 καὶ
2809 1615 2836 1666 ὁ
2868 1618 3072 1685 πατήρ.
3103 1617 3194 1668 Σοὶ
3230 1615 3341 1684 γὰρ
3367 1615 3528 1668 δώσω
3554 1616 3752 1684 αὐτὴν,
3787 1614 3995 1683 καὶτῷ

2403 1709 2680 1777 σπέρματί
2713 1726 2830 1762 σου.
2879 1707 3020 1759 Ἀλλ’
3052 1709 3203 1776 ὅμως
3235 1709 3335 1760 οὐκ
3363 1707 3700 1777 ἠπίστησαν.

2489 1819 2834 1886 Ἐξεδέχετο
2886 1820 2996 1887 γὰρ
3027 1819 3143 1885 τὴν
3188 1820 3333 1885 τοὺς
3365 1822 3682 1889 θεμελίους
3713 1821 3996 1890 ἔχουσαν

2402 1909 2604 1960 πόλιν.
2641 1910 2740 1959 Διὰ
2763 1907 2943 1968 τοῦτο,
2976 1912 3133 1977 φησι.
3171 1910 3272 1977 τὴν
3295 1909 3402 1977 γῆν
3428 1909 3722 1977 παρῴκουν
3757 1912 3814 1962 ἐν
3847 1927 3993 1977 σκη-

2401 1999 2542 2058 ναῖς⁹
2574 1997 2629 2048 αἳ
2660 1997 2908 2064 θεμέλιον
2939 1998 3040 2050 οὐκ
3070 1997 3256 2065 ἔχουσι
3277 1998 3319 2029 ⁸⁸
3347 2037 3362 2061 ,
3385 1998 3521 2050 διότι
3556 1997 3861 2066 ἐξεδέχοντο
3888 1998 3993 2066 τὴν

719 2099 2302 2173 habentibus,quodexspectabantcmlestemurbem.qu:e
2399 2087 2653 2154 οὐράνιον
2684 2087 2861 2150 πάλιν,
2888 2087 3015 2156 ἥτις
3046 2087 3334 2157 ἀληθινοὺς
3373 2087 3488 2157 ἔχει
3533 2088 3842 2156 θεμελίους,
3900 2089 3989 2140 ἀιδ

715 2207 845 2246 vera
893 2191 1244 2245 fundamenta
1284 2192 1502 2254 habeat,
1535 2207 1657 2260 qua:
1697 2209 1914 2261 semper
1969 2197 2300 2261 consistant,

719 2299 903 2352 neque
936 2297 1174 2350 unquam
1228 2282 1468 2335 marcida
1519 2281 1841 2335 reddantur.
1917 2282 2207 2352 Propterea
2249 2295 2303 2340 et

717 2377 860 2430 Deus
893 2375 1332 2429 animadverteus
1371 2391 1468 2430 eos
1535 2379 1820 2445 aspernari
1856 2386 2102 2432 terrenas
2163 2394 2293 2446 pro-

717 2471 1029 2531 tnissioues.
1064 2469 1280 2523 distulit
1325 2484 1440 2532 eas,
1489 2469 1726 2535 majores
1761 2471 1897 2540 ipsis
1952 2487 2270 2540 prmparans

717 2572 907 2631 utpote
954 2563 1045 2631 qui
1071 2561 1180 2616 illis
1210 2560 1358 2629 digni
1391 2571 1582 2626 erant,
1647 2579 1767 2630 qua:
1795 2563 2004 2617 scilicet
2037 2564 2104 2616 de
2137 2564 2300 2618 rebus

716 2653 1076 2708 terrestribus
1112 2668 1222 2705 non
1278 2660 1454 2705 erant.
1485 2651 1690 2706 Deinde
1750 2654 1825 2707 illi
1878 2656 2300 2723 promissionem

715 2742 1059 2797 terrestrium
1086 2742 1434 2809 accipientes,
1467 2756 1585 2793 eam
1627 2745 2076 2806 contemnebant,
2104 2760 2167 2798 ac
2189 2759 2299 2798 cae-

719 2833 830 2884 lum
887 2831 1232 2902 expetebant.
1303 2831 1408 2885 Vos
1449 2841 1652 2895 autem,
1716 2849 1746 2888 ο
1797 2835 2003 2896 lideles,
2081 2837 2299 2890 ccelesti

719 2923 1080 2989 promissione
1176 2932 1420 2991 accepta,
1502 2933 1702 2978 terram
1782 2928 2083 2994 expetitis:
2141 2929 2301 2997 ecqui

717 3030 824 3068 nun
846 3014 982 3084 ejus
1010 3029 1106 3067 vos
1137 3005 1341 3082 pn'det?

786 3124 952 3192 Cujus
980 3125 1176 3192 artifex
1201 3134 1250 3178 et
1298 3124 1544 3178 conditor
1606 3123 1764 3177 Deus.
1815 3125 1992 3192 Papae.
2032 3137 2296 3194 quantum

2402 2179 2667 2240 ἑστῶτας,
2719 2179 2815 2232 καὶ
2879 2179 3152 2249 μηδέποτε
3207 2179 3635 2249 σαθρουμένους.
3671 2181 3761 2231 Διὸ
3798 2181 3894 2233 καὶ
3963 2183 3994 2232 ὁ

2401 2269 2536 2330 Θεὸς
2573 2269 2715 2338 ὁρῶν
2758 2270 2958 2332 αὐτοὺς
2991 2270 3474 2339 καταφρονοῦντας
3509 2270 3619 2323 τῶν
3646 2273 3856 2341 γηΐνων
3891 2273 3995 2324 ἐπ-

2409 2363 2699 2430 αγγελιῶν,
2755 2365 3050 2417 ἀνεϐάλετο
3098 2365 3321 2428 ταύτας,
3352 2366 3453 2427 τὰς
3487 2365 3708 2434 μείζους
3739 2367 3926 2428 αὐτοῖς
3946 2367 3994 2397 ⁸⁵

2405 2456 2734 2525 ἐτοιμὰξων,
2789 2457 2865 2519 ὼς
2909 2457 3136 2510 ἐκείνων
3198 2459 3391 2522 ἀξίοις,
3446 2459 3507 2510 οὐ
3579 2459 3688 2510 τῶν
3729 2460 3830 2528 τῆς
3857 2458 3991 2527 γῆς.

2404 2543 2538 2599 Εἶτα
2587 2550 2786 2600 ἐκεῖνοι
2843 2549 2947 2616 γῆς
3001 2549 3340 2617 ἐπαγγελίαν
3399 2551 3792 2620 λαμϐάνοντες,
3853 2571 3997 2604 κατ-

2402 2642 2684 2710 εφρόνουν,
2741 2642 2835 2694 καὶ
2869 2641 2966 2694 τοῦ
3009 2640 3249 2710 οὐρανοῦ
3317 2642 3554 2709 ἐφίεντο.
3590 2643 3777 2710 Ὑμεῖς
3829 2644 3911 2708 δὲ,
3949 2662 3998 2696 ω

2403 2734 2608 2798 πιστοὶ,
2662 2734 2918 2804 οὐράνιον
2959 2734 3302 2801 ἐπαγγελίαν
3335 2734 3612 2800 λαϐόντες,
3645 2737 3748 2805 γῆς
3801 2737 4001 2789 ἐπιθυο

2407 2829 2584 2896 μεῖτε,
2617 2828 2716 2881 καὶ
2745 2827 2862 2890 πῶς
2890 2826 2991 2880 οὐκ
3015 2826 3340 2896 αἰσχύνεσθε
3364 2844 3381 2893 ;

2471 3115 2582 3185 Ἦς
2625 3121 2907 3191 τεχνίτης
2965 3121 3064 3175 καί
3107 3121 3471 3190 δημιουργὸς
3516 3125 3549 3175 ὁ
3583 3123 3749 3189 Θεός.
3785 3124 3996 3188 Βαϐαὶ,

717 3223 803 3271 est
862 3215 1015 3269 urbis
1073 3214 1234 3268 istius
1274 3215 1626 3279 encomium,
1678 3215 2037 3269 architectum
2104 3216 2304 3271 habere

2407 3205 2518 3264 οἷον
2564 3212 2625 3264 τὸ
2655 3216 2752 3282 τῆς
2801 3214 3009 3276 πόλεως
3063 3215 3278 3284 ἐκείνης
3319 3213 3621 3284 ἐγκώμιον,
3669 3216 3729 3267 τὸ
3765 3216 3997 3285 ἀρχιτέ-

717 3307 888 3362 Deum
909 3307 922 3358 ί

792 3417 958 3474 νεεδ.
989 3417 1075 3471 Η.
1111 3414 1249 3470 Fide
1274 3425 1322 3469 et
1363 3417 1481 3484 ipsa
1514 3416 1742 3482 Sorr/ia,
1780 3419 1978 3471 sterilis
2004 3436 2120 3471 cum
2147 3430 2299 3474 esset.

717 3510 1054 3566 Pudelacere
1097 3509 1257 3572 valet,
1331 3508 1475 3575 quod
1507 3508 1612 3571 ait,
1649 3505 1715 3560 Et
1775 3509 1889 3576 ipsa
1928 3509 2155 3573 Sorr/ia,
2184 3527 2305 3578 per-

721 3607 848 3659 inde
904 3619 965 3656 ac
1000 3602 1045 3656 si
1080 3602 1226 3655 dicat
1269 3599 1531 3656 :Femina
1556 3599 1810 3664 credidit,
1842 3609 1896 3655 et
1924 3617 2019 3656 vos
2047 3617 2152 3654 non
2176 3618 2303 3656 eru-

719 3693 966 3756 bescitis,
991 3691 1036 3744 si
1066 3691 1294 3744 muliere
1333 3689 1386 3742 in
1437 3690 1604 3742 animi
1654 3691 2031 3759 magnitudine
2063 3692 2300 3746 inferio-

719 3799 809 3838 res
836 3780 1362 3851 deprehendamini?
1397 3779 1501 3844 Qui
1554 3796 1684 3834 vero
1722 3783 1958 3836 credidit
1990 3799 2112 3855 quae
2150 3785 2305 3838 risit?

719 3875 975 3931 Profecto
1006 3872 1258 3937 credidit,
1296 3872 1513 3926 etiamsi
1561 3875 1786 3929 riserit:
1811 3885 1999 3944 postea
2031 3878 2174 3930 enim
2212 3893 2298 3931 reo

720 3969 991 4037 prehensa
1037 3964 1419 4034 pcrterrefacta
1441 3972 1572 4019 est:
1645 3966 1792 4035 quod
1846 3968 1967 4022 ﬁdei
2023 3977 2139 4023 erat
2167 3971 2306 4022 indi-

717 4065 884 4116 cium.
918 4059 1144 4112 Planum
1194 4060 1337 4112 enim
1364 4067 1449 4112 est
1494 4057 1640 4126 quod
1703 4072 1957 4127 magnum
2016 4062 2304 4128 quemdam

717 4154 1109 4214 arbitraretur,
1133 4150 1379 4216 adeoque
1412 4165 1579 4219 supra
1638 4149 1876 4206 hominis
1951 4167 2076 4208 esse
2141 4163 2304 4209 natu-

719 4261 840 4301 ram
871 4261 1019 4311 eum,
1050 4247 1140 4316 qui
1173 4261 1357 4300 seciam
1388 4246 1720 4312 loqueretur.

804 4363 1057 4417 Virtutem
1100 4365 1169 4414 ad
1235 4364 1622 4430 conceptionem
1670 4362 1885 4414 seminis
1920 4362 2136 4429 accepit.
2194 4358 2306 4414 Hoc

723 4464 829 4514 est.
853 4456 1157 4509 confortata
1189 4465 1272 4509 est
1305 4463 1360 4507 ut
1383 4456 1651 4524 reciperet
1685 4468 1749 4506 ac
1771 4453 2083 4506 contineret
2119 4452 2304 4521 dejec-

2407 3320 2572 3354 κτονα
2603 3306 2753 3370 σχεῖν
2787 3303 2878 3355 τὸν
2911 3303 3044 3356 Θεόν
3071 3321 3086 3368 ;

2478 3419 2685 3472 Πίστει
2744 3418 2845 3471 καί
2909 3420 3064 3486 αὐτὴ
3123 3421 3322 3487 Σάρῤα
3378 3421 3586 3487 στεῖρα
3637 3419 3819 3478 οὖσα.
3875 3425 4002 3477 Ἐν-

2414 3509 2710 3576 τρεπτικόν
2758 3512 2894 3574 ἐστι,
2931 3512 3041 3563 Καί
3071 3513 3224 3581 αὑτὴ
3256 3513 3475 3581 Σὰρῤα,
3527 3515 3730 3568 ὠσανεὶ
3765 3516 3959 3585 ἔλεγεν
3981 3537 3997 3550 ο

2414 3600 2480 3654 Ἦ
2526 3603 2662 3672 γυνὴ
2719 3603 3032 3666 ἐπίστευσε,
3068 3606 3160 3656 καὶ
3193 3605 3351 3674 ὑμεῖς
3405 3607 3506 3660 οὐκ
3554 3609 3906 3679 αἰσχύνεσθε,
3949 3612 4003 3663 εἰ

2407 3693 2668 3760 γυναικὸς
2726 3695 3180 3766 μικροψυχότεροι
3209 3698 3531 3766 εὑρίσκεσθε
3574 3718 3588 3765 ;
3635 3702 3758 3764 Πῶς
3785 3704 3844 3754 δὲ
3868 3706 4003 3757 ἐπί-

2409 3800 2635 3834 στευσεν
2674 3786 2706 3852 ἡ
2739 3786 3062 3851 γελάσασα;
3111 3788 3221 3840 Ναὶ
3274 3791 3620 3852 ἐπίστευσεν,
3658 3795 3705 3843 εί
3740 3794 3835 3845 καὶ
3872 3796 4006 3863 ἐγέ-

2407 3874 2570 3926 λασεν
2591 3890 2604 3904 ο
2655 3877 2747 3927 καὶ
2782 3878 2889 3945 γὰρ
2921 3877 3148 3948 ὕστερον
3180 3881 3510 3950 ἐλεγχθεῖσα
3540 3884 3780 3955 ἐφοϐήθη
3805 3904 3820 3918 ο
3855 3889 4005 3958 ὅπερ

2410 3966 2647 4026 πίστεως
2703 3961 2791 4036 ἦν.
2827 3967 2998 4037 Δῆλον
3031 3971 3140 4040 γὰρ
3186 3972 3268 4024 ὅτι
3302 3974 3477 4044 μέγαν
3525 3979 3645 4030 τινὰ
3706 3983 3796 4032 καὶ
3853 3984 4003 4055 ὑπὲρ

2406 4055 2694 4126 ἄνθρωπον
2717 4058 3042 4114 ἐπίστευσεν
3069 4059 3208 4116 είναι
3239 4065 3330 4117 τὸν
3366 4070 3922 4139 προσδιαλεγόμενον.

2478 4354 2740 4422 Δύναμιν
2808 4356 2896 4421 εις
2960 4357 3309 4423 καταϐολὴν
3379 4360 3725 4429 σπέρματος
3789 4365 4002 4420 ἔλαϐε.

2408 4441 2718 4506 Τουτέστιν,
2780 4444 3159 4514 ἐνεδυναμώθη
3223 4449 3303 4505 είς
3358 4448 3418 4501 τὸ
3475 4450 3837 4514 ὑποδέξασθαι
3899 4458 4009 4510 καὶ

724 4559 841 4601 tum
878 4548 930 4600 in
967 4547 1137 4616 ipsam
1169 4561 1357 4600 semen
1390 4545 1712 4598 Abrahami.
1737 4544 1832 4598 Vel
1881 4545 2012 4613 quia
2068 4544 2300 4598 istarqu

2413 4532 2684 4601 κρατῆσαι
2735 4533 2799 4584 τὸ
2860 4535 3204 4604 καταϐληθὲν
3258 4541 3338 4600 εἰς
3387 4541 3561 4611 αὐτὴν
3617 4545 3840 4613 σπέρμα
3890 4548 4003 4601 τοῦ

726 4655 910 4692 rerum
969 4639 1204 4692 studiosi
1282 4637 1634 4705 indagatores
1701 4645 1977 4699 asserunt,
2019 4635 2302 4689 mulierem

724 4729 890 4799 735
921 4730 1086 4782 etiam
1138 4730 1302 4780 veluti
1356 4743 1541 4781 semen
1597 4726 1873 4794 quoddam
1908 4743 1936 4778 a
1992 4742 2110 4781 sese
2170 4743 2305 4781 con-

728 4823 893 4882 ferre,
927 4820 1112 4872 forsan
1147 4820 1225 4873 sic
1283 4819 1661 4886 aceipiendum
1701 4826 1804 4879 est,
1833 4817 1901 4869 ad
1924 4819 2307 4886 conceptionem

725 4913 964 4975 seminis,
998 4927 1095 4979 pro
1117 4927 1183 4966 eo
1209 4911 1354 4980 quod
1391 4919 1497 4973 est,
1533 4917 1590 4961 ut
1613 4918 1667 4963 et
1713 4910 1828 4977 ipsa
1863 4909 2309 4964 subministraret

727 5020 936 5060 semen.

798 5101 872 5151 Ac
901 5108 1092 5164 prwter
1119 5098 1293 5150 artatis
1326 5105 1523 5162 tempus
1558 5096 1776 5164 peperit.
1806 5094 1975 5148 Paulo
2015 5106 2139 5147 ante
2176 5109 2297 5148 eam

731 5190 970 5242 sterilem
1051 5189 1186 5240 dixit
1223 5206 1234 5240 :
1271 5203 1419 5240 nunc
1446 5188 1520 5239 ait
1554 5189 1696 5254 quod
1724 5195 1776 5240 et
1841 5194 2036 5255 praeter
2096 5195 2309 5253 tempus

728 5282 909 5334 natalis
939 5280 1170 5350 peperit.
1210 5279 1398 5348 Itaque
1419 5277 1693 5347 duplicem
1737 5279 1970 5331 habebat
2013 5277 2306 5342 defectum,

732 5384 901 5421 unum
936 5375 1163 5429 naturae,
1186 5368 1327 5435 quod
1353 5367 1556 5421 sterilis
1586 5377 1708 5420 erat
1741 5384 1753 5419 :
1784 5368 2020 5420 alterum
2049 5377 2308 5422 senectu-

731 5459 826 5510 tis.

805 5549 946 5615 Quia
987 5549 1192 5616 ﬁdelem
1221 5547 1444 5602 credidit
1481 5565 1598 5602 eum
1642 5550 2086 5618 quipromiserat.
2143 5549 2309 5604 Fide-

2427 4623 2702 4694 Ἀϐραάμ.
2727 4626 2798 4677 ’Ἡ
2828 4627 3012 4697 ἐπειδή
3047 4647 3207 4697 φασιν
3234 4632 3283 4683 οί
3313 4632 3485 4685 ταῦτα
3514 4635 4004 4705 ἁκριϐωσάμενοι,

2414 4716 2508 4768 καὶ
2537 4715 2636 4785 τὴν
2662 4719 2896 4784 γυναῖκα
2926 4713 3033 4770 οἷόν
3078 4738 3128 4772 τι
3167 4725 3390 4792 σπέρμα
3423 4727 3517 4792 ἀφ’
3545 4727 3746 4796 ἑαυτῆς
3775 4747 4004 4782 συνεισ-

2415 4809 2588 4873 άγειν,
2619 4811 2831 4879 μήποτε
2859 4810 3034 4874 οὕτως
3067 4813 3371 4882 ἐκληπτέον
3399 4816 3460 4868 τὸ
3482 4859 3497 4880 ,
3522 4821 3609 4883 εὶς
3649 4822 3904 4873 καταϐολ
3922 4823 4006 4886 ἡν

2417 4899 2776 4969 σπέρματος,
2815 4904 2937 4956 ἀντὶ
2991 4904 3106 4967 τοῦ,
3149 4906 3227 4967 είς
3274 4907 3335 4959 τὸ
3371 4909 3700 4962 καταϐαλεῖν
3727 4915 3818 4963 καί
3853 4914 4000 4986 αὑτὴ

2419 4993 2659 5063 σπέρμα.

2482 5087 2591 5138 Καί
2615 5087 2773 5154 παρὰ
2795 5088 3008 5155 καιρὸν
3030 5090 3269 5156 ἡλικίας
3293 5093 3520 5148 ἔτεκεν.
3549 5091 3719 5149 Εἶπεν
3749 5097 3884 5160 ἄνω,
3912 5100 4002 5153 ὅτι

2417 5181 2603 5247 στεῖρα
2641 5175 2710 5248 ἦν
2737 5197 2749 5209 °
2782 5181 2877 5233 νῦν
2913 5181 3088 5250 λέγει,
3116 5184 3200 5236 ὅτι
3240 5188 3333 5239 καὶ
3361 5187 3512 5256 παρὰ
3541 5190 3734 5259 καιρὸν
3769 5191 3995 5258 ἡλικίας

2415 5270 2620 5323 ἔτεκεν.
2651 5273 2814 5325 Ὥστε
2849 5274 3044 5344 διπλὴν
3075 5274 3189 5346 εἶχε
3222 5279 3471 5349 πήρωσιν
3494 5281 3564 5345 ⁸³,
3623 5283 3726 5346 τήν
3775 5301 3834 5335 τε
3889 5287 4004 5339 ἀπὸ

2414 5359 2650 5426 φύσεως,
2683 5361 2765 5414 ὅτι
2794 5365 2984 5432 στεῖρα
3014 5360 3102 5435 ἦν,
3131 5371 3223 5418 καὶ
3251 5369 3352 5438 τὴν
3382 5369 3492 5422 ἀπὸ
3513 5371 3608 5423 τοῦ
3639 5373 3852 5442 γήρως.

2501 5543 2665 5596 Ἐπεί
2736 5546 2955 5599 πιστὸν
3027 5549 3302 5618 ἡγήσατο
3379 5552 3487 5607 τὸν
3554 5553 3999 5627 ἐπαγτεειὰμε-

2108 5726 2314 5787 Varia;
2348 5724 2683 5792 lectiones.

823 5827 867 5859 "
901 5828 1027 5897 θεμ.
1069 5828 1170 5881 οὐκ
1207 5827 1458 5898 ἑχούσοις
1490 5843 1542 5885 o.
1619 5831 1664 5861 “
1696 5827 1924 5894 ἐκείνοις
1957 5850 2008 5886 υ.

2088 5833 2132 5863 ⁵³
2157 5830 2441 5898 στείρωσιν
2467 5847 2518 5885 o.
