4156 6440
725 405 830 467 355

1599 400 1798 459 ΤΠΕΟ
1811 399 2184 458 PIIYLACTI
2230 397 2641 456 BULGARl/E
2692 399 3051 459 ARCHIEP.

3863 401 3970 463 356

727 525 907 570 autem
941 513 1232 565 adoravit?
1291 511 1353 563 .nl
1388 512 1756 564 summitatem
1798 513 1962 580 virga:
1992 512 2132 580 ejus,
2189 511 2291 562 hoc

2423 510 2771 578 τροσκύνησιν
2805 510 2999 578 δηλῶν.
3043 511 3163 572 Πῶς
3207 511 3260 562 δὲ
3308 512 3749 581 προσεκόνησεν;
3790 514 3883 564 ἐπὶ
3921 512 3986 562 τὸ

727 617 833 670 est,
913 606 1133 658 innixus
1218 606 1380 672 virgze
1465 605 1536 656 ob
1601 613 1961 656 senectutem.
2039 599 2294 655 Nonnulli

728 717 856 753 vero
911 701 1186 766 inquittnt,
1219 698 1283 748 ad
1332 698 1688 749 summitatem
1748 697 1906 762 uirga’
1953 692 2302 760 Josephado-

2404 602 2572 667 ἄκρον
2613 603 2712 669 τῆς
2757 602 2956 670 ῥάϐδου
3002 602 3166 654 αὑτοῦ
3188 604 3256 663 “,
3297 605 3596 668 τουτέστιν,
3640 606 3987 673 ἑπερεισθεὶς

2402 695 2467 761 τῇ
2504 693 2682 760 ῥάϐδῳ
2711 693 2798 744 διὰ
2825 695 2885 744 τὸ
2917 694 3114 762 γῆρας.
3145 694 3300 756 Τινὲς
3329 695 3404 759 δὲ,
3437 696 3534 746 ἐπὶ
3567 696 3631 747 τὸ
3663 697 3848 762 ἀκρον
3874 696 3988 760 τῆς

730 795 904 853 ναυὶι,
958 793 1108 859 regni
1176 799 1453 857 Secptt‘uut
1524 805 1618 858 per
1689 789 1896 854 virgam
1961 785 2299 836 adorandum

2423 783 2624 836 ΙΒιὶϐδου
2653 783 2759 834 τοῦ
2789 782 3036 850 Ἰωσὴφ,
3071 786 3222 850 φασὶ,
3258 786 3660 854 προσεκύνησε,
3696 787 3986 854 σημαίνων

729 887 1068 954 signiﬁcans.

803 1057 966 1110 Vens.
996 1057 1085 1109 2'2.
1125 1057 1252 1108 Fide
1315 1053 1508 1122 Joseplt
1538 1054 1764 1108 moriens
1803 1058 1868 1104 de
1892 1053 2036 1103 exitu
2069 1051 2303 1118 ﬁliorum

734 1153 907 1204 Israel
943 1159 1260 1203 memoratus
1282 1157 1382 1211 est,
1424 1165 1485 1200 ac
1526 1151 1589 1199 de
1612 1146 1821 1198 ossibus
1854 1145 1964 1196 suis
2005 1145 2300 1196 mandatit.

733 1245 903 1305 Adeo,
954 1243 1152 1310 inquit,
1190 1240 1424 1294 credidit
1480 1237 1753 1292 Israelitas
1793 1252 1856 1289 ex
1905 1235 2296 1304 Egyptolihe-

736 1334 960 1395 t'andos,
998 1338 1136 1382 utet
1202 1330 1467 1398 adjurarit
1521 1328 1668 1397 ipsos
1720 1337 1780 1380 ut
1810 1342 1937 1380 ossa
1980 1341 2079 1379 sua
2114 1339 2303 1378 secum

736 1431 1105 1491 asportarent.
1139 1424 1253 1476 Hoc
1287 1432 1463 1475 autem
1494 1419 1643 1483 fecit,
1698 1435 1804 1472 non
1851 1419 1997 1487 quod
2059 1419 2296 1487 sepulcri

735 1531 869 1568 cura
895 1516 1206 1572 duceretur.
1239 1514 1330 1580 qui
1367 1514 1509 1565 enim
1543 1511 1678 1564 adeo
1730 1512 1946 1580 sapiens
2002 1511 2307 1578 ignorasset

738 1606 956 1657 Domini
991 1621 1112 1658 esse
1143 1613 1343 1656 terram
1376 1603 1399 1654 ?
1431 1619 1616 1656 verum
1654 1613 1710 1655 ut
1749 1602 2042 1668 perfectam
2077 1602 2306 1654 ccrtitu-

737 1696 920 1748 dinem
975 1697 1175 1764 popqu
1224 1696 1401 1758 daret,
1430 1695 1572 1763 quod
1607 1695 1898 1763 promissio
1937 1693 2030 1746 Dei
2086 1695 2307 1747 omnino

737 1787 976 1850 eveniet,
1008 1796 1170 1856 atque
1203 1787 1553 1855 egredientur
1595 1794 1684 1838 :et
1716 1784 1860 1854 quod
1890 1794 2173 1852 tantopere
2199 1783 2307 1838 Deo

737 1881 969 1946 placeat,
1002 1878 1145 1946 qmvd
1209 1879 1263 1930 in
1315 1877 1549 1947 Egypto
1607 1877 1708 1944 ipsi
1772 1893 1880 1931 non
1952 1887 2306 1946 permaneant
2340 1863 2380 1916 Β

739 1979 962 2036 propter
1014 1969 1118 2022 loci
1183 1969 1548 2038 impietatem,
1625 1979 1684 2022 ut
1761 1985 1828 2024 ne
1895 1968 1997 2038 ipsi
2088 1969 2307 2032 quidem

746 2060 1020 2127 placuerit
1068 2068 1126 2113 ut
1174 2061 1256 2114 vel
1311 2076 1438 2114 ossa
1498 2062 1618 2130 ejus
1665 2062 1719 2115 itt
1749 2060 1981 2131 Egypto
2043 2061 2309 2115 reconde-

741 2162 952 2203 rentur.

815 2240 978 2297 Vens.
1012 2241 1104 2295 25.
1142 2240 1276 2294 Fide
1321 2241 1494 2296 Moses
1533 2253 1713 2306 natus,
1745 2243 2037 2297 occultatus
2055 2253 2131 2297 est
2161 2260 2309 2296 men-

741 2333 886 2384 sibus
953 2335 1122 2384 tribus
1183 2350 1213 2385 a
1255 2334 1561 2399 parentibus
1593 2335 1726 2397 suis,
1767 2351 1826 2387 eo
1875 2337 2012 2402 quod
2061 2337 2310 2390 uidissent

741 2425 1026 2491 elegantem
1059 2423 1338 2492 infantem,
1382 2435 1432 2477 et
1455 2442 1556 2476 non
1581 2426 1864 2478 timuerunt
1887 2427 2022 2495 regis
2060 2428 2309 2482 edictum.

749 2515 1098 2568 Enumeratis
1151 2519 1360 2584 magnis
1393 2517 1527 2569 viris
1561 2517 1652 2584 qui
1693 2517 1797 2570 lidc
1830 2520 2201 2588 transegerint
2248 2534 2312 2572 ea

753 2618 878 2670 que
911 2603 1161 2666 fecerint,
1196 2603 1261 2656 de
1287 2604 1604 2670 parentibus
1629 2605 1795 2656 etiam
1843 2603 2011 2658 Hosis
2060 2607 2315 2661 obscuris

747 2695 1074 2761 quibusdam
1131 2697 1392 2762 loquitur,
1463 2695 1712 2748 ruborem
1799 2696 2024 2749 eliciens
2083 2697 2316 2752 inﬁrmis

748 2786 877 2848 illis,
921 2795 974 2839 et
1016 2787 1212 2854 pusillo
1248 2787 1430 2838 animo
1478 2787 2178 2857 imhutis,quandoquidem
2221 2790 2319 2842 hu-

744 2877 981 2946 jusmodi
1032 2880 1168 2930 viris
1211 2878 1498 2932 inferiores
1526 2880 1657 2933 sint.
1708 2879 1766 2932 In
1817 2895 2106 2949 progressu
2165 2896 2319 2936 scor-

754 2979 932 3023 torqu
973 2968 1137 3020 etiam
1187 2969 1517 3021 mentionem
1574 2968 1725 3032 l'acit,
1761 2977 1819 3020 ut
1861 2969 2122 3036 pudorem
2149 2972 2322 3039 majo-

751 3074 866 3113 rem
891 3058 1134 3111 indueat.
1172 3059 1487 3128 Aitigilur:
1525 3058 1699 3124 Quam
1744 3060 1814 3112 ob
1838 3074 2060 3112 causam
2098 3062 2320 3116 abdide-

755 3159 1028 3202 runteum
1062 3149 1126 3201 ad
1170 3149 1444 3202 trimestre
1505 3149 1769 3217 Spatium,
1831 3163 1955 3201 cum
2009 3151 2320 3204 mandatum

754 3244 900 3310 regis
931 3243 1267 3312 publicatum
1299 3251 1464 3308 esset,
1493 3243 1765 3296 masculos
1808 3241 2064 3297 Hebraeos
2094 3259 2123 3297 e
2145 3245 2321 3298 medio

2404 874 2465 924 τὸ
2496 876 2592 942 τῆς
2632 874 2906 942 βασιλείας
2943 877 3220 945 σκῆπτρον
3251 876 3338 928 διὰ
3370 877 3468 944 τῆς
3505 878 3700 946 ῥάϐδου
3739 895 3988 945 προσκυ-

2403 965 2738 1032 νηθήσεσθαι
2775 966 2989 1033 μέλλον.

2474 1059 2676 1110 Πίστει
2710 1058 2929 1126 Ἰωσὴφ
2965 1059 3258 1112 τελευτῶν
3289 1057 3421 1127 περὶ
3452 1056 3561 1124 τῆς
3619 1059 3835 1124 ἐξόδου
3865 1060 3993 1112 τῶν

2406 1147 2551 1201 vltor
2580 1148 2826 1214 Ἰσραὴλ
2855 1150 3288 1217 ἐμνημόνευσε,
3314 1150 3414 1201 καὶ
3439 1149 3572 1216 περὶ
3613 1148 3730 1200 τῶν
3759 1149 3992 1201 ὀστέων

2409 1239 2599 1293 αὐτοῦ
2627 1239 2984 1293 ἐνετείλατο.
3013 1238 3302 1303 Τοσοῦτον,
3336 1239 3522 1308 φησιν,
3552 1239 3873 1289 ἐπίστευσεν
3900 1239 3990 1290 ὁτι

2410 1331 2937 1401 ἐλευθερωθήσονται
2964 1333 3012 1383 οἱ
3044 1330 3373 1400 Ἰσραηλῖται
3398 1331 3492 1398 τῆς
3519 1330 3818 1396 Αἰγύπτου,
3845 1329 3995 1381 ὥστε

2409 1427 2502 1476 καὶ
2546 1424 2805 1491 ὥρκωσεν
2850 1424 3083 1485 αὐτοὺς,
3135 1425 3222 1476 ἵνα
3259 1424 3330 1476 τὰ
3399 1423 3533 1475 ὀστᾶ
3577 1421 3744 1474 αὑτοῦ
3789 1440 3992 1473 συναν-

2408 1513 2694 1579 ενέγκωσι.
2720 1513 2886 1565 Τοῦτο
2909 1514 2962 1565 δὲ
2983 1514 3259 1582 ἐποίησεν,
3283 1515 3381 1582 οὐχ
3397 1515 3479 1565 ὅτι
3505 1513 3783 1582 μνημείων
3800 1513 3996 1581 ἐφρόν-

2409 1603 2541 1667 τιζεο
2571 1604 2686 1665 πῶς
2713 1606 2821 1674 γὰρ
2847 1607 2874 1657 ό
2900 1605 3041 1656 οὓτω
3072 1606 3232 1673 σοφὸς
3261 1606 3358 1658 οὐκ
3388 1605 3501 1674 ᾔδει
3532 1605 3613 1656 ὅτι
3654 1604 3747 1656 τοῦ
3781 1604 3993 1673 Κυρίου

2410 1697 2444 1763 ἡ
2478 1697 2580 1763 γῆς
2613 1695 2727 1747 ἀλλ’
2754 1697 2839 1747 ἵνα
2870 1696 3080 1762 τελείαν
3115 1695 3488 1766 πληροφορίαν
3520 1694 3597 1764 τῷ
3631 1694 3744 1763 λαῷ
3778 1695 3872 1764 δῷ,
3907 1696 3994 1745 ὃτι

2413 1786 2630 1848 πάντως
2668 1787 2700 1855 ἡ
2741 1788 3044 1854 ἐπαγγελία
3075 1787 3169 1840 τοῦ
3232 1787 3368 1839 Θεοῦ
3413 1787 3729 1856 ἐκϐήσεται,
3767 1788 3859 1838 καὶ
3901 1787 3996 1850 ἐξ·

2411 1880 2737 1933 ελεύσονται.
2769 1879 2878 1931 Καὶ
2907 1882 2991 1933 ὃτι
3031 1879 3288 1932 τοσοῦτόν
3325 1873 3440 1932 ἐστι
3484 1881 3774 1950 θεάρεστον
3811 1878 3872 1931 τὸ
3916 1879 3995 1947 μὴ

2411 1971 2760 2038 ὲναπομείναι
2799 1970 2998 2032 αὐτοὺς
3034 1972 3100 2040 τῇ
3140 1971 3401 2040 Αἰγύπτῳ
3439 1970 3526 2023 διὰ
3559 1972 3661 2038 τὴν
3701 1971 3816 2022 ἐκεῖ
3854 1969 3993 2021 ἀσέ-

2411 2060 2584 2123 ϐειαν,
2629 2059 2770 2113 ὥστε
2815 2060 2934 2112 οὐδὲ
2975 2059 3125 2131 αὑτῷ
3166 2060 3372 2131 ἀρεστὴ
3415 2063 3448 2129 ἡ
3494 2061 3552 2112 ὲν
3589 2058 3851 2128 Αἰγύπτῳ
3880 2057 3996 2110 τῶν

2409 2151 2583 2204 ὀστῶν
2613 2153 2924 2213 κατάθεσις.

2484 2244 2687 2296 Πίστει
2738 2243 2958 2310 Μωσῆς
2989 2245 3296 2312 γεννηθεὶς
3323 2245 3539 2308 ἐκρύϐη
3564 2243 3850 2310 τρίμηνον
3871 2244 3994 2296 ὑπὸ

2413 2337 2528 2387 τῶν
2559 2338 2827 2403 πατέρων
2854 2335 3039 2387 αὑτοῦ
3057 2376 3070 2398 ,
3101 2335 3248 2387 διότι
3283 2333 3446 2387 εἶδον
3473 2333 3720 2387 ἀστεῖον
3746 2333 3812 2385 τὸ
3844 2349 3985 2385 παι-

2412 2427 2564 2486 δίον,
2593 2427 2690 2478 καὶ
2717 2430 2826 2479 οὐκ
2855 2428 3242 2494 ἐφοϐήθησαν
3266 2427 3332 2478 τὸ
3360 2426 3650 2494 διάταγμα
3677 2425 3781 2478 τοῦ
3802 2426 3987 2488 ,βασι-

2412 2519 2580 2581 λέως.
2622 2518 2936 2582 Καταλέξας
2967 2518 3168 2588 ἄνδρας
3204 2519 3488 2586 μεγάλους,
3526 2519 3705 2569 πίστει
3741 2519 3993 2585 ἐργασα-

2421 2612 2615 2679 μένους
2655 2609 2688 2662 ἃ.
2728 2611 3011 2677 ἐποίησαν,
3048 2610 3194 2676 λέγει
3235 2611 3326 2662 καὶ
3371 2611 3501 2678 περὶ
3531 2609 3640 2661 τῶν
3673 2610 3874 2676 γονέων
3904 2608 4000 2660 τοῦ

2416 2701 2712 2762 Μωῦσέως,
2758 2702 2986 2771 ἀσήμων
3028 2700 3211 2762 τινῶν,
3257 2701 3532 2769 ἐντρέπων
3577 2701 3701 2761 τοὺς
3743 2700 4003 2767 ὀλιγοψυ-

2416 2791 2642 2860 χοῦντας
2681 2792 2952 2854 ἐκείνους,
2988 2793 3103 2857 εἴγε
3138 2791 3395 2844 τοιούτων
3431 2792 3639 2861 ἀνδρῶν
3672 2791 3740 2842 τὰ
3769 2791 4005 2859 δεύτερα

2420 2881 2694 2948 φέρονται.
2733 2879 2943 2950 Προϊὼν
2978 2882 3067 2944 δὲ,
3107 2882 3202 2934 καὶ
3247 2882 3450 2950 πόρνας
3491 2883 3572 2943 είς
3621 2881 3783 2949 μέσον
3819 2881 4004 2948 παρά-

2419 2987 2503 3037 γει
2527 2973 2592 3033 ⁸³,
2638 2971 2723 3023 ἵνα
2766 2971 2928 3024 πλέον
2967 2973 3225 3042 ὲντρέψῃ.
3261 2972 3430 3040 Φησὶν
3471 2972 3586 3030 οὖν,
3632 2974 3774 3033 τίνος
3814 2973 4004 3024 ἕνεκεν

2421 3063 2662 3134 ἔκρυψαν
2685 3065 2968 3133 τρίμηνον,
2991 3067 3084 3117 καὶ
3105 3065 3298 3129 ταῦτα,
3320 3066 3736 3133 προστάγματος
3757 3064 3913 3128 δντος
3938 3066 4004 3116 τὰ

2423 3155 2628 3225 ἄρρενα
2657 3154 3007 3222 φονεύεσθαι;
3040 3155 3161 3216 Πῶς
3188 3157 3287 3206 οὐκ
3315 3155 3695 3224 ἐφοϐήθησανς
3716 3151 3791 3226 ᾝ
3821 3157 4005 3223 δῆλον,

2423 3245 2498 3308 ὡς
2530 3246 2860 3298 ἐπίστευσαν
2889 3247 2972 3297 ὅτι
3010 3245 3343 3315 σωθήσεται.
3379 3247 3548 3298 Πόθεν
3580 3247 3634 3298 δὲ
3671 3248 4009 3298 ἐπίστευσαν

759 3333 1071 3391 tollendos?
1100 3336 1280 3400 Quare
1329 3349 1436 3388 non
1511 3333 1870 3386 metuerunt?
1927 3331 2155 3386 Planum
2191 3350 2320 3389 sane

2423 3339 2502 3390 ὅτι
2537 3337 2870 3406 σωθήσεταις
2905 3338 2986 3389 ὅτι
3020 3334 3158 3389 εἶδον
3188 3337 3250 3388 τὸ
3282 3338 3495 3389 παιδίον
3553 3340 3798 3400 ἀστεῖον,
3835 3354 4004 3389 τουτο

767 3437 852 3482 est
901 3428 1200 3483 credidisse
1229 3441 1373 3481 eosa
1416 3425 1646 3480 Domino
1697 3440 1926 3494 puerum
1986 3439 2314 3480 conservan-

2423 3429 2568 3481 ἐστιν
2600 3427 2817 3497 ὡραῖον,
2853 3431 2917 3497 τῇ
2941 3429 3062 3496 ὄψει
3127 3429 3338 3498 χαρίεν,
3373 3431 3468 3480 καὶ
3497 3429 3823 3481 ἐπίστευσαν
3857 3429 3940 3479 ὅτι
3983 3432 4012 3481 ό

756 3519 907 3572 dum.
948 3519 1105 3572 Unde
1157 3532 1286 3571 vero
1308 3517 1654 3570 crediderunt
1673 3513 1818 3584 quod
1849 3515 2150 3570 servandus
2165 3516 2320 3570 erat!

2423 3518 2556 3580 Θεὸς
2600 3519 2933 3588 ἐχαρίτωσεν
2975 3519 3105 3570 αὐτὸ
3151 3519 3314 3580 εὐθὺς
3365 3521 3422 3571 ὲν
3467 3519 3822 3586 σπαργάνοις.
3867 3519 4014 3570 Φασὶ

756 3608 1026 3674 Quoniam
1079 3617 1487 3676 conspexerunt
1542 3620 1772 3674 puerum
1829 3607 2155 3674 elegantem,
2225 3610 2320 3660 hoc

2426 3610 2537 3677 γάρ
2567 3627 2670 3671 τοι,
2702 3612 2783 3661 ὅτι
2817 3611 2910 3662 καὶ
2942 3610 3166 3678 ἔμελλον
3203 3611 3350 3680 ῥίψαι
3383 3610 3536 3674 αὐτὸ,
3567 3610 3704 3661 ἀλλὰ
3739 3626 4015 3678 προσμει-

757 3699 921 3771 739
947 3709 1028 3753 est
1076 3699 1387 3768 pulchrum,
1418 3707 1640 3766 aspectu
1696 3697 2020 3764 gratiosum,
2079 3699 2326 3752 credide-

759 3797 996 3854 runtque
1049 3801 1170 3839 eum
1215 3785 1319 3838 ista
1342 3783 1676 3837 amabilitate
1711 3782 1780 3834 ab
1823 3781 1957 3850 ipsis
2007 3782 2192 3835 statim
2234 3783 2320 3837 in-

2424 3701 2618 3754 διάσαν
2648 3702 2786 3771 μετὰ
2815 3702 3037 3771 χάριτος
3068 3703 3310 3771 ἀφῆκαν·
3340 3701 3512 3766 οὕτως
3541 3698 3682 3770 ἦσαν
3708 3702 3856 3771 αὐτῷ
3887 3701 4018 3752 θεῖα.

2425 3809 2624 3845 παντα.

758 3880 1028 3936 cunabilis
1059 3877 1220 3931 aDeo
1249 3876 1528 3930 donatum-
1551 3872 1711 3936 Nam.
1745 3880 1806 3925 ιιι
1833 3873 2010 3936 ilum.
2047 3872 2311 3942 abiecturi
2351 3894 2474 3934 eum
2516 3890 2670 3936 erant
2705 3897 2720 3943 ;
2760 3890 3014 3934 caeterum
3074 3895 3198 3934 cum
3243 3881 3440 3936 blande
3485 3882 3782 3944 arrisissel,
3845 3880 4022 3937 dimi-

762 3980 950 4028 serunt
987 3991 996 4024 :
1036 3972 1170 4026 adeo
1199 3971 1382 4023 omnia
1405 3969 1507 4037 ipsi
1534 3969 1718 4022 divina
1749 3976 1926 4020 erant.

832 4063 1120 4118 \’£ns.25.
1165 4061 1300 4114 Fide
1356 4060 1528 4113 Moses
1579 4059 1798 4128 grandis
1857 4059 2054 4127 factus,
2113 4061 2318 4128 negavit

757 4173 811 4209 se
841 4171 951 4208 esse
993 4153 1162 4223 ﬁlium
1219 4153 1344 4218 ﬁliae
1381 4151 1705 4209 Pharaonis.
1739 4150 2110 4219 magiseligens
2155 4152 2330 4217 potius

762 4249 919 4316 aﬂligi
950 4264 1064 4299 cum
1109 4247 1298 4312 populo
1354 4243 1471 4304 Dei,
1504 4259 1663 4307 quant
1715 4246 2090 4310 temporariam
2130 4243 2330 4310 peccati

761 4340 952 4391 habere
991 4338 1400 4404 jucunditatem.
1437 4332 1695 4388 Pervenit
1731 4333 1798 4385 ad
1840 4335 2152 4401 exemplum
2200 4333 2335 4400 ip5ts

765 4429 1281 4488 familiarissimum,
1337 4425 1521 4478 Mosen
1559 4423 1842 4477 \idelicet:
1898 4434 2187 4492 propterea
2233 4424 2336 4475 int-

769 4536 1036 4585 tnoratur,
1077 4523 1254 4574 iusius
1287 4519 1418 4572 illud
1452 4526 1712 4570 tractans.
1755 4515 2109 4569 Constructio
2155 4524 2333 4567 autem

2504 4059 2711 4111 Πίστει
2769 4056 2993 4119 Μωσῆς
3067 4055 3255 4124 μέγας
3304 4058 3653 4125 γενόμενος,
3702 4060 4025 4126 ἠρνήσατο

2436 4149 2720 4217 λέγεσθαι
2766 4151 2893 4211 Υἱὸς
2929 4149 3218 4214 θυγατρὸς
3255 4148 3490 4214 Φαραὼ,
3524 4147 3766 4215 [sciler
3799 4149 4025 4218 ἑλόμε-

2439 4261 2546 4306 νος
2576 4238 3120 4308 συγκακουχεῑσθιιι
3152 4236 3230 4301 τῷ
3259 4236 3385 4300 λαῷ
3411 4238 3516 4291 τοῦ
3548 4236 3728 4300 Θεοῦ,
3757 4239 3794 4306 ἢ
3827 4243 4027 4306 πρόσ-

2441 4349 2654 4401 καιρον
2685 4333 2840 4398 ἐχειν
2883 4330 3172 4398 ἁμαρτίας
3205 4329 3571 4382 ἀπόλαυσιν.
3595 4324 3796 4381 Ἦλθεν
3831 4333 3927 4382 ἐπὶ
3963 4334 4028 4383 τὸ

2447 4427 2680 4495 μάλιστα
2722 4423 3053 4474 οἰκειότατον
3086 4422 3266 4481 αὐτοῖς
3310 4421 3618 4489 ὑπόδειγμα
3652 4422 3741 4473 τον
3774 4424 4024 4490 Μωσῆν,

2442 4515 2522 4566 διὸ
2546 4515 2640 4566 καὶ
2668 4512 2918 4579 ἐπιμένει
2949 4507 3231 4560 πλατύνων
3256 4508 3324 4560 τὰ
3346 4510 3562 4562 τούτου.
3590 4511 3653 4562 'H
3678 4511 3732 4563 δὲ
3762 4513 4028 4578 σύνταξις

765 4625 849 4671 est
874 4614 1225 4681 huiusmodi:
1264 4610 1395 4663 Fide
1435 4609 1615 4661 Moses
1652 4607 1832 4660 renuit
1878 4607 1985 4659 dici
2022 4606 2162 4658 ﬁlius
2211 4606 2320 4658 tilia

2438 4605 2600 4657 οὕτω·
2638 4605 2823 4655 Πίστει
2853 4600 3059 4668 Μωσῆς
3091 4601 3368 4669 ἠρνήσατο
3400 4601 3652 4669 λέγεσθαι
3687 4603 3808 4665 Υἱὸς
3841 4603 4028 4668 θυγα-

768 4709 1086 4762 Pharaonis.
1134 4700 1411 4767 Quando?
1448 4715 1679 4768 magnus
1697 4699 1895 4762 tactus,
1949 4697 2051 4750 hoc
2074 4706 2177 4761 est,
2209 4711 2332 4750 cum

771 4800 823 4848 in
858 4796 1030 4846 virum
1067 4793 1176 4859 jam
1207 4792 1486 4843 crevisset.
1525 4787 1878 4855 Perspicuum
1904 4787 2050 4840 enim
2081 4799 2168 4841 est
2210 4800 2334 4839 eum

770 4885 974 4952 majora
995 4894 1310 4950 expectasse
1338 4889 1687 4948 accepturum
1712 4893 1855 4931 sese.
1875 4873 2112 4930 Verbum
2131 4886 2334 4939 autem,

770 4977 1009 5044 negavit,
1071 4976 1346 5026 intensum
1410 4972 1591 5023 odium
1646 4969 1936 5039 signiﬁcat,
1991 4983 2055 5021 ac
2102 4983 2334 5036 propen-

774 5083 888 5120 sam
915 5066 1033 5133 ejus
1063 5080 1092 5117 a
1142 5065 1286 5133 regia
1331 5061 1636 5115 Pharaonis
1679 5061 2157 5113 abalienationem.
2203 5059 2336 5110 Ani-

773 5156 1048 5209 madverte
1077 5170 1226 5216 vero,
1260 5153 1535 5222 quomodo
1566 5162 1846 5220 peccatqu
1885 5151 2197 5211 nominarit,
2233 5163 2335 5199 non

772 5248 930 5316 aﬂligi
969 5263 1072 5298 una
1096 5262 1210 5297 cum
1239 5245 1521 5312 fratribus.
1550 5245 1662 5298 Hoc
1685 5257 1780 5311 per
1809 5242 2106 5310 prophetas
2149 5239 2340 5306 objicit

773 5339 961 5391 Deus:
1020 5335 1170 5388 Nihil
1220 5339 1557 5404 patiebantur
1596 5347 1750 5401 super
1810 5333 2125 5384 contritione
2176 5327 2333 5382 lose-

770 5431 856 5496 plii
881 5430 952 5490 '°,
972 5439 1024 5482 ct
1044 5443 1236 5480 rursus
1267 5445 1279 5479 :
1335 5427 1456 5480 Non
1518 5436 1595 5479 est
1626 5441 1833 5493 egressa
1865 5423 1933 5476 ad
1989 5421 2338 5491 plangendum

845 5604 890 5635 ⁵⁸
927 5606 1090 5658 Amos
1123 5620 1192 5665 γι,
1222 5602 1274 5656 6.

2441 4699 2567 4768 τρὸς
2610 4694 2830 4764 Φαραώ.
2880 4693 3046 4756 Πότε;
3097 4693 3288 4760 Μέγας
3351 4695 3676 4764 γενόμενος,
3725 4696 4018 4749 τουτέστιν

2441 4788 2733 4855 ἀνδρωθεὶς
2757 4786 2876 4854 ήδη.
2905 4785 3177 4852 Πρόδηλον
3207 4784 3316 4853 γὰρ
3346 4786 3427 4837 ὅτι
3449 4785 3672 4854 μείζονά
3689 4804 3808 4837 τινα
3841 4804 4028 4855 προσ-

2441 4880 2599 4930 εδόκα
2625 4875 2957 4928 ἀντιλαϐεῖν.
2982 4874 3056 4925 Tb
3097 4875 3174 4938 δὲ,
3198 4877 3496 4945 ἠρνήσατο,
3538 4877 3598 4928 τὸ
3623 4879 4030 4946 ἐπιτεταμένον

2445 4973 2597 5038 μῖσος
2641 4967 2808 5035 δηλοῖ,
2852 4967 2946 5017 καὶ
2991 4965 3090 5034 τὴν
3133 4965 3440 5018 ἐνδιάθετον
3483 4968 3620 5036 πρὸς
3658 4968 3728 5020 τὰ
3772 4967 4030 5035 βασίλεια

2442 5058 2813 5128 ἀλλοτρίωσιν.
2836 5057 2978 5124 Ὅρα
3004 5056 3059 5107 δὲ
3088 5057 3205 5118 πῶς
3236 5057 3510 5124 ἁμαρτίαν
3564 5056 3818 5126 ὀνομάζει
3845 5060 3909 5109 τὸ
3934 5080 3980 5126 μ
3994 5061 4028 5126 ἡ

2443 5146 2992 5216 συγκακουχεῐσθαι
3040 5145 3164 5210 τοῖς
3216 5145 3523 5214 ἀδελφοῖς.
3570 5147 3739 5198 Τοῦτο
3786 5147 3880 5198 καὶ
3932 5151 4029 5200 6-.‘1

2443 5241 2550 5292 τῶν
2583 5237 2878 5305 προφητῶν
2909 5236 3156 5299 ὀνειδίζει
3188 5239 3216 5289 ό
3249 5237 3380 5299 Θεός
3403 5254 3416 5267 ο
3456 5240 3576 5290 Οὐκ
3608 5238 3884 5306 ἔπασχον
3918 5243 4029 5292 οὺ-

2443 5327 2549 5380 δὲν
2574 5327 2672 5378 ἐπὶ
2698 5325 2769 5392 τῇ
2803 5323 3092 5392 συντριϐῇ
3119 5326 3225 5378 τοῦ
3258 5325 3490 5393 Ἰωσήφ.
3521 5327 3629 5379 Καὶ
3659 5328 3820 5379 πάλιν
3845 5341 3860 5354 ·
3897 5331 4030 5380 Οὐκ

2444 5417 2701 5486 ἐξῆλθεν
2725 5416 3146 5483 ἀνακόψασθαι
3173 5413 3338 5472 οἷκον
3359 5416 3651 5488 ἐχόμενον
3672 5415 3884 5486 αὐτῆς.
3915 5419 4032 5470 Καὶ

2911 5525 2936 5551 \

2114 5687 2316 5750 Varite
2351 5687 2679 5750 lectiones.

847 5797 887 5827 “
914 5792 1008 5847 τοῦ
1055 5793 1251 5862 Ἰωσήφ
1283 5806 1335 5846 o.
1411 5791 1453 5822 ⁶²
1478 5789 1708 5860 παράξει
1743 5804 1794 5840 o.
