4156 6440
171 417 257 479 365

894 408 1299 472 EXPOSITIO
1338 410 1421 469 IN
1462 408 1695 469 EPIST.
1736 410 1834 468 AD
1872 409 2259 469 HEBRA‘ZOS.
2297 436 2360 445 -
2395 411 2679 471 CAP.X[.

3305 412 3411 477 366

184 533 258 594 Ὠς
280 530 325 582 οῖ
360 531 492 601 περὶ
540 529 753 593 Ἠλίαν,
783 528 953 592 οὕτως
974 523 1116 598 ἦσαν
1142 529 1471 598 ἀκτήμονες.
1507 525 1725 594 Ἐπειδὴ

1853 524 2063 592 £iias,et
2085 526 2177 596 qui
2201 542 2325 581 cum
2354 542 2419 581 eo
2450 537 2606 583 erant
2632 543 2648 593 ;
2685 527 2820 582 adeo
2853 542 3035 582 rerum
3065 529 3411 597 possessione

172 624 263 693 γὰρ
294 622 447 676 οὔπω
502 623 778 693 τοσαῦτην
826 619 972 692 εἶχον
1001 621 1272 689 ὑπόληψιν
1303 619 1430 686 περὶ
1459 617 1565 671 τῶν
1581 617 1729 677 ,ἀπο-

176 717 371 779 στόλων,
411 717 552 784 μετὰ
584 716 645 769 τὸ
676 715 900 769 ἐκείνων
962 714 1294 784 μνησθῆναι,
1349 710 1445 764 ἐπὶ
1472 711 1563 764 τὸν
1592 726 1727 781 προ-

176 809 327 875 φήτην
378 804 473 857 τὸν
525 804 734 869 ἔνδοξον
793 805 888 857 καὶ
943 803 1325 873 ἀναληφθέντα
1354 803 1501 872 ἥκει.
1538 801 1611 853 Τὸ
1648 800 1727 862 δὲ,

175 896 510 964 Περιῆλθον,
538 897 596 949 τὴ
622 895 916 950 διώκεσθαι
983 896 1184 956 αὐτοὺς
1242 893 1397 965 δηλοῖ
1440 895 1536 945 καὶ
1559 893 1731 946 ἀστα-

175 991 288 1042 τείν.
318 989 562 1061 Μηλωτὴ
591 989 670 1056 δέ,
696 990 757 1044 τὸ
783 987 890 1042 τοῦ
914 986 1139 1057 μήλου,
1177 987 1298 1057 ἦτοι
1327 984 1423 1039 τοῦ
1457 985 1730 1055 προϐάτου

172 1099 347 1153 οερμα.

240 1268 722 1336 ’Υστερούιιεγοι.
760 1266 845 1329 Ὠς
878 1268 1040 1331 αὐτὸς
1075 1262 1435 1328 οὗτοςἹιλίας
1461 1263 1737 1317 καὶἘλισ-

172 1362 320 1421 σαίος.
354 1359 618 1421 Γυναῖκες
651 1359 762 1428 γὰρ
788 1359 986 1421 αὐτοὺς
1018 1359 1266 1426 ἔτρεφον.

232 1449 622 1518 Θλισόμενοι,
676 1450 1180 1517 κακουχούμενοι.
1243 1449 1318 1500 Οὐ
1388 1447 1561 1518 μικρὰ
1626 1448 1735 1517 γὰρ

173 1542 341 1593 Ἠλίαν
371 1542 608 1605 Ἰεζάϐελ
649 1542 828 1595 ἔθλιὸε
857 1542 1149 1596 διώκουσα.

232 1626 340 1685 Ὧν
379 1637 495 1687 οὐκ
524 1631 604 1701 ἦν
648 1634 819 1698 ἄξιος
848 1637 881 1687 ό
911 1636 1159 1702 κόσμος.
1193 1635 1308 1687 Οὐκ
1342 1633 1514 1703 ἔχετε,
1551 1632 1735 1701 φησὶν,

172 1726 330 1777 εἰπεῖν
394 1727 479 1778 ὅτι
543 1726 859 1795 ἁμαρτωλοὶ
930 1726 1103 1791 ὄντες,
1149 1727 1375 1779 τοιαῦτα
1398 1727 1441 1758 ⁸³
1473 1725 1734 1793 ἔπασχον,

174 1817 295 1868 me
341 1818 598 1883 τοιοῦτοι,
661 1812 765 1870 οἷοι
790 1819 884 1871 καὶ
913 1816 1010 1870 τοῦ
1031 1818 1241 1888 κόσμου
1272 1814 1441 1872 αὐτοῦ
1477 1813 1736 1885 τιμιώτε-

174 1926 247 1974 ροι
275 1904 434 1962 εἶναι.
466 1910 688 1979 Κόσμον
712 1909 791 1975 δὲ,
822 1910 918 1963 καὶ
949 1910 1007 1962 τὸ
1046 1909 1256 1979 πλῆθος
1287 1910 1385 1964 καὶ
1419 1908 1527 1979 τὴν
1561 1908 1738 1960 κτίσιν

172 2002 330 2071 αὑτήν
384 2020 552 2072 φησιν
584 2004 618 2073 ἡ
654 2003 869 2073 Γραφή.
930 2004 1225 2058 Κάνταῦθα
1281 1999 1376 2057 οὖν
1423 2001 1735 2073 ἀμφότερα.

182 2092 299 2144 Ἐὰν
331 2094 518 2147 πᾶσαν
538 2090 651 2157 οῦν,
681 2095 836 2163 φησὶ,
862 2093 963 2163 τὴν
998 2094 1176 2147 κτίσιν
1202 2094 1342 2165 μετὰ
1366 2094 1474 2148 τῶν
1507 2095 1567 2148 ἐν
1599 2094 1738 2163 αὐτῇ

171 2184 468 2254 ἀνθρώπων
499 2187 827 2257 ἀπιστήσῃς
856 2188 1093 2251 τούτοις,
1118 2187 1273 2241 οὐδὲν
1303 2186 1551 2254 ἀντάξιον
1575 2186 1743 2258 εὑρή-

175 2293 275 2339 σεις
297 2280 528 2333 τούτων,
594 2278 860 2332 Ἐνταῦθα
913 2278 970 2332 δὲ
1015 2279 1353 2349 διανίστησιν
1406 2280 1588 2334 αὐτῶν
1644 2278 1742 2341 τὰς

174 2369 413 2438 καρδίας,
449 2368 592 2421 ὥστε
637 2370 805 2439 μηδὲν
856 2368 1041 2441 ζητεῖν
1062 2372 1170 2424 τῶν
1199 2372 1257 2423 ἐν
1277 2369 1357 2440 τῷ
1383 2370 1597 2438 κόσμῳ,
1629 2368 1744 2436 εἴγε

172 2460 426 2529 ὀκὸσμος
481 2462 583 2513 οὐκ
652 2461 801 2514 ἐστιν
829 2462 979 2524 ἄξιος
1026 2461 1139 2515 τῶν
1191 2462 1391 2529 ἁγίων.
1415 2460 1617 2529 ’Υὸρις
1637 2461 1745 2528 γάρ

174 2570 258 2605 σου
292 2554 466 2617 ἐστὶν,
526 2554 621 2606 ἐὰν
672 2552 909 2608 ἐνταῦθα
951 2553 1122 2625 λάεῃς
1147 2553 1239 2607 τὸν
1279 2551 1493 2620 μισθόν·
1535 2552 1745 2617 ἔδειξας

177 2648 272 2719 γὰρ
299 2650 503 2702 σαυτὸν
547 2647 859 2718 οὐδαμινῶν
888 2647 1019 2701 ὄντα
1043 2647 1214 2712 ἄξιον.
1261 2647 1325 2700 Εἰ
1359 2650 1466 2710 πᾶς
1492 2647 1522 2700 ὁ
1542 2648 1745 2715 κόσμος

174 2742 264 2794 οὐκ
288 2742 442 2797 ἔστιν
466 2741 620 2806 ἄξιος
644 2741 765 2804 ἐνὸς
796 2740 980 2808 ἁγίου,
1012 2740 1068 2793 τί
1105 2741 1272 2811 μέρος
1302 2739 1521 2811 Curet;

244 3025 343 3077 Ἑν
379 3023 656 3092 ἐρημίαις
684 3022 1086 3091 πλανώμενοι,
1112 3021 1212 3075 καὶ
1257 3021 1446 3089 ὄρεσι,
1471 3018 1569 3073 και
1589 3032 1749 3085 σπη-

173 3118 384 3182 λαίοις,
428 3115 530 3168 καῖ
559 3113 690 3180 ταῖς
715 3113 892 3179 ὀπαῖς
918 3112 1031 3180 τῆς
1051 3112 1185 3182 τῆς.
1220 3113 1311 3177 Ὧς
1338 3112 1525 3174 Ἠλίας
1542 3154 1556 3178 ,
1579 3112 1675 3165 καὶ
1698 3112 1748 3165 οἱ

1836 618 2114 671 carebunt.
2140 617 2277 683 Quia
2311 618 2458 672 enim
2513 617 2754 672 nondum
2793 627 2999 672 tantam
3032 618 3101 673 de
3149 622 3410 690 apostolis

1830 711 2144 777 Opinionem
2190 720 2597 780 concepcrunt,
2655 719 2945 781 postquam
2994 712 3213 767 illorum
3259 729 3411 767 men-

1833 804 2033 857 tionem
2060 804 2303 868 l‘ceiSset,
2323 803 2391 857 ad
2426 805 2686 875 inclytum
2720 805 3038 875 prophetam
3080 809 3174 874 qui
3205 807 3258 861 in
3298 823 3412 862 coe-

1834 894 1944 947 lum
1976 897 2245 959 sublatus,
2268 896 2433 951 venit.
2462 897 2617 962 Quod
2647 906 2827 951 autem
2848 898 2926 951 ait
2951 916 2962 947 τ
2998 898 3408 964 Circumierunl,

1833 1000 1927 1039 eos
1970 988 2406 1055 persecutionem
2452 1003 2571 1043 esse
2630 1003 2831 1057 passos
2857 991 3086 1059 indicat,
3131 992 3269 1046 etin
3302 1009 3413 1047 uno

1835 1078 1954 1132 loco
1975 1093 2084 1131 non
2123 1083 2368 1149 potuisse
2401 1081 2607 1135 morari
2640 1099 2654 1134 :
2702 1078 2896 1134 Melcte
2936 1091 3140 1146 autem,
3179 1084 3299 1138 ovis
3331 1086 3414 1139 Vel

1836 1171 2059 1241 pecudis
2099 1184 2184 1226 est
2221 1175 2398 1242 pellis.

1904 1263 2151 1334 Egentes.
2193 1264 2261 1319 Ut
2299 1266 2385 1319 ille
2440 1266 2556 1336 ipse
2605 1267 2748 1322 Elius
2775 1274 2829 1321 et
2862 1266 3113 1324 Elisaeus.
3158 1268 3415 1327 Mulieres

1835 1356 1979 1408 enim
2010 1372 2105 1410 eos
2140 1356 2382 1411 alebant.

1908 1448 2234 1516 Angustiati,
2298 1449 2499 1520 amicti.
2555 1447 2709 1533 [laud
2782 1466 2976 1520 parum
3031 1454 3173 1507 enim
3240 1454 3411 1511 Eliatn

1838 1538 2055 1594 Jezabel
2090 1544 2468 1608 persecutione
2499 1558 2597 1597 sua
2624 1542 2835 1599 adlisit.

1915 1630 2079 1686 Vnus.
2114 1634 2203 1688 58.
2259 1634 2463 1699 Quibus
2507 1635 2696 1703 dignus
2726 1652 2827 1689 non
2867 1648 2981 1690 erat
3015 1640 3266 1695 mundus.
3295 1641 3415 1696 Non

1841 1724 2070 1794 potestis
2088 1725 2292 1784 dit-cie,
2316 1726 2511 1793 inquit,
2535 1726 2680 1793 quod
2710 1736 3024 1794 peccatores
3059 1746 3183 1785 cum
3211 1746 3417 1796 essent,

1847 1818 1960 1871 haec
2006 1816 2115 1869 sint
2161 1818 2305 1885 passi
2344 1834 2357 1869 :
2408 1832 2594 1872 verum
2650 1820 2786 1875 tales
2831 1820 3072 1887 fuerunt,
3107 1833 3164 1877 ut
3211 1835 3265 1879 et
3299 1826 3419 1895 ipso

1844 1910 2048 1963 mundo
2106 1909 2485 1965 honoratiores
2547 1919 2754 1966 essent.
2817 1910 3079 1967 Mundum
3132 1924 3313 1970 autem
3364 1929 3421 1972 et

1843 2002 2129 2056 hominum
2202 2001 2655 2069 multitudinem,
2717 2011 2771 2058 et
2832 2005 3023 2059 mundi
3082 2016 3419 2062 structuram

1843 2093 2129 2162 Scriptura
2162 2091 2417 2162 appellat.
2447 2092 2691 2164 Utraque
2715 2104 2898 2151 autem
2931 2097 3020 2152 hic
3050 2100 3419 2169 accipiuntur.

1847 2181 1906 2238 Si
1937 2184 2121 2253 itaque
2148 2182 2479 2249 universam,
2514 2184 2708 2253 inquit,
2728 2186 2914 2240 mundi
2943 2195 3270 2243 structuram
3295 2205 3420 2245 cum

1849 2274 2162 2330 hominibus
2190 2274 2285 2346 qui
2314 2275 2367 2329 in
2398 2290 2465 2329 eo
2493 2283 2771 2330 suntcum
2812 2276 2933 2332 istis
2971 2280 3244 2344 conferas,
3287 2283 3422 2336 nihil

1847 2368 2095 2423 invenies
2121 2368 2265 2438 quod
2292 2367 2400 2421 illis
2431 2366 2697 2436 dignitate
2726 2368 3077 2438 respondeat.
3114 2369 3213 2424 llic
3240 2382 3421 2426 autem

1845 2462 2045 2516 excitat
2097 2476 2287 2516 eorum
2339 2460 2507 2532 744
2560 2460 2750 2525 corda,
2806 2470 2865 2516 ut
2910 2464 3045 2517 nihil
3085 2465 3421 2520 mundanum

1848 2563 2097 2619 quaerant
2129 2570 2143 2606 :
2180 2552 2453 2622 siquidem
2486 2552 2722 2609 mundus
2752 2564 2837 2608 est
2886 2554 3145 2626 indignus
3191 2558 3423 2611 sanctis.

1849 2641 2054 2710 injuria
2080 2642 2228 2695 enim
2264 2651 2355 2695 tua
2397 2650 2504 2707 est,
2549 2641 2597 2696 si
2642 2641 2736 2697 hic
2777 2645 3055 2712 acceperis
3096 2646 3424 2704 mercedem.

1852 2730 2168 2789 Monstrasti
2220 2732 2367 2788 enim
2417 2734 2651 2803 teipsuin
2706 2735 2912 2791 nullius
2966 2751 3095 2792 esse
3155 2740 3339 2807 pretii.
3368 2738 3423 2793 Si

1854 2823 2145 2879 universus
2184 2823 2421 2878 mundus
2440 2839 2549 2878 non
2577 2834 2659 2878 est
2688 2825 2886 2895 dignus
2917 2841 3028 2881 uno
3056 2836 3270 2895 sancto,
3295 2830 3425 2898 quid

1853 2928 2059 2987 partem
2090 2902 2391 2986 qumritas?

1924 3009 1993 3063 In
2032 3007 2411 3064 solitudinibus
2444 3016 2700 3072 errantes,
2724 3018 2773 3063 et
2793 3011 3077 3078 montibus,
3102 3021 3149 3065 et
3168 3015 3430 3082 speluncis

1853 3111 1902 3155 et
1943 3100 2183 3154 cavernis
2212 3107 2385 3153 terras.
2413 3098 2485 3154 Ut
2517 3100 2691 3163 Elius,
2729 3109 2783 3154 et
2818 3104 3116 3171 prophetas.
3154 3106 3247 3174 qui
3279 3107 3432 3184 clun-

174 3211 447 3279 προφῆται
477 3208 537 3261 δὲ
576 3210 626 3260 oi
670 3207 777 3260 ὑπὸ
847 3207 1058 3260 Ἀὂδίου
1114 3206 1443 3276 τρεφόμενοι
1495 3204 1742 3274 κρύϐδην

1853 3194 2037 3248 culum
2063 3192 2134 3247 ab
2173 3192 2344 3247 Abdia
2365 3193 2418 3246 in
2453 3194 2714 3263 spelunca
2741 3194 3048 3250 alebantur.
3079 3195 3266 3267 Neque
3296 3201 3432 3254 soli-

174 3306 224 3354 ἐν
245 3302 324 3371 τῷ
356 3300 790 3370 σπηλαίῳ.οὑδέ
808 3300 910 3370 τὴν
939 3299 1199 3369 ἐρημίαν,
1215 3298 1373 3368 φησι,
1395 3297 1537 3366 μετὰ
1566 3296 1751 3360 ἀδείας

172 3397 333 3448 οἰκεῖν
381 3392 819 3463 συνεχωροῦντο,
882 3390 1021 3444 ἀλλὰ
1057 3388 1319 3444 κάκεῖθεν
1352 3389 1653 3459 ἠλαύνοντο
1676 3387 1755 3457 τῷ

174 3488 333 3556 φόϐῳ.
397 3488 499 3541 καὶ
560 3484 750 3539 ἄλλοτε
780 3482 1018 3552 ἀλλαχοῦ
1043 3480 1378 3535 ἐπλανῶντο.
1426 3480 1570 3534 Ἀλλ’
1603 3481 1754 3549 ὅμως

171 3576 455 3629 ἐπίστευον
483 3574 837 3645 παράκλησιν
866 3574 1089 3627 αἰώνιον
1108 3571 1377 3642 λήψεσθαι
1408 3572 1559 3643 παρὰ
1595 3570 1753 3637 Θεοῦ,

172 3671 254 3720 καὶ
294 3669 583 3737 ὑπέμενον
622 3666 812 3720 ταῦτα.

231 3763 339 3815 Καὶ
415 3758 594 3816 οὗτοι
669 3758 897 3825 πάντες
954 3759 1442 3827 μαρτυρηθέντες
1486 3757 1586 3811 διὰ
1642 3758 1753 3825 τῆς

173 3856 433 3919 πίστεως
490 3855 607 3907 οὐκ
648 3852 1011 3921 ἐκομίσαηο
1060 3851 1177 3919 τὴν
1226 3851 1611 3922 ἐπαγγελίαν.
1667 3851 1754 3915 Τί,

176 3949 318 4016 φησὶ,
375 3945 802 4016 μικροψυχεῖτε,
852 3944 1017 3997 ὅτιέν
1045 3945 1125 4014 τῷ
1183 3944 1359 4012 ἀγῶνι
1402 3944 1556 4008 ὄντες
1603 3943 1759 3997 οὔπω

172 4041 261 4101 τὰς
284 4038 536 4108 enatos;
572 4034 858 4101 ἐδέξασθε;
894 4036 958 4089 Ol
985 4036 1269 4105 εἰρημένοι
1330 4035 1532 4098 πάντες
1588 4036 1756 4103 ἅγιοι,

175 4132 343 4182 καίτοι
363 4131 476 4200 ἠδη
504 4128 950 4199 μαρτυρηθέντες
972 4126 1061 4181 διὰ
1080 4127 1179 4196 τῆς
1201 4126 1440 4191 πίστεως
1462 4128 1763 4198 εὑηρεστη-

174 4228 345 4292 κέναι,
410 4223 577 4278 οὔπω
628 4225 967 4293 τετυχήκασι
992 4221 1102 4275 τῶν
1139 4225 1201 4276 ἐν
1231 4222 1487 4294 οὐρανοῖς
1518 4224 1762 4292 ἐπαγγε-

172 4317 313 4373 λιῶν.
346 4319 484 4372 Τῶν
550 4317 662 4387 γὰρ
717 4318 869 4370 κάτω
912 4317 1058 4378 τινές
1087 4316 1357 4386 ἐπέτυχον
1379 4316 1759 4385 ἐπαγγελιῶν.

174 4409 241 4472 ὡς
271 4413 301 4464 ὁ
326 4409 531 4464 Δαὸῖδ.
581 4409 722 4461 Ἀλλ’
752 4408 815 4461 οὐ
849 4407 1007 4461 τοῦτο
1036 4407 1099 4461 τὸ
1130 4407 1495 4479 ζητούμενον·
1529 4410 1600 4461 τὰ
1626 4407 1684 4460 δέ
1708 4408 1764 4460 ἐν

174 4504 448 4573 οὐρανοῖς,
488 4499 669 4555 ταῦτά
694 4502 837 4555 εἰσιν
864 4499 1035 4564 ὅντως
1060 4499 1408 4570 ἐπαγγελίαι.

238 4776 352 4833 Τοῦ
388 4775 557 4831 Θεοῦ
609 4773 737 4840 περὶ
764 4772 937 4839 ἡμῶν
966 4770 1238 4839 κρεῖττόν
1264 4786 1320 4823 τι
1347 4770 1769 4838 προϐλεψαμέ-

170 4884 297 4930 νου,
330 4868 447 4921 Ira
471 4864 567 4934 μὴ
602 4861 783 4931 χωρὶς
835 4861 1007 4931 ἡμῶν
1045 4858 1460 4915 τελειωθῶσιν.
1507 4860 1771 4931 Κρεῖττὸν

173 4976 244 5023 τι,
271 4958 573 5020 τουτέστι,
600 4954 744 5026 πρὸς
775 4955 946 5023 τιμὴν
969 4953 1151 5022 ἡμῶν.
1181 4954 1299 5006 Ἵνα
1330 4952 1439 5023 γὰρ
1473 4951 1547 5022 μὴ
1570 4951 1771 5005 δοκῶσι

174 5050 535 5104 πλεονεκτεῖν
593 5046 754 5117 ἡμῶν
782 5044 862 5116 τῷ
896 5044 1149 5116 πρώτους
1202 5042 1629 5113 στεφανοῦσθαι,
1672 5044 1769 5096 ἕνα

177 5145 305 5197 πᾶσι
332 5141 551 5211 ιοιιρδν
616 5138 785 5209 ὥρισε
811 5136 920 5191 τῶν
955 5135 1258 5204 στεφάνων.
1296 5136 1409 5188 Καὶ
1455 5134 1556 5187 οὐκ
1592 5129 1769 5199 εἶπεν,

177 5236 303 5289 Ἵνα
319 5234 416 5305 μὴ
442 5228 949 5300 στεφανωθῶσιν,
965 5226 1235 5290 ἀλλ,’”1να
1252 5226 1337 5295 μὴ
1358 5223 1770 5280 τελειωθῶσιν.

175 5326 329 5379 Ὥστε
397 5324 510 5378 καὶ
570 5321 770 5375 τέλειοι
804 5324 925 5373 τότε
984 5318 1291 5388 φαίνονται.
1329 5316 1542 5379 Ἀλλως
1563 5334 1624 5369 τε
1674 5314 1771 5369 νῦν

175 5418 515 5487 άρρασῶνας
538 5414 727 5483 ἔχουσι
760 5412 859 5481 τῆς
899 5412 1089 5480 τιμῆς.
1132 5408 1304 5463 Πόθεν
1355 5409 1466 5479 γὰρ
1521 5409 1703 5471 αὐτοῖς
1738 5409 1771 5478 ή

176 5511 247 5571 εἰς
268 5510 328 5562 τὸ
356 5507 597 5579 βοηθεῖν
648 5506 763 5566 τοῖς
787 5501 1239 5571 ἐπικαλουμένοις
1263 5501 1460 5563 αὐτοὺς
1490 5499 1720 5567 δύναμις
1753 5516 1768 5563 ;

175 5600 332 5656 ⁴ώθεν
358 5602 426 5654 τὸ
455 5594 794 5667 παρρησίαν
836 5593 981 5664 ἔχειν
1019 5594 1101 5656 εἰς
1129 5591 1191 5645 τὸ
1223 5590 1548 5662 πρεσσεύειν
1576 5607 1592 5655 ;
1622 5590 1688 5642 τὸ
1713 5590 1770 5641 δέ

1862 3285 2131 3347 tudinem,
2170 3286 2369 3354 inquit,
2402 3286 2521 3339 sine
2554 3286 2750 3340 timore
2774 3287 3013 3341 incolere
3039 3290 3435 3357 permittebam

1858 3384 1968 3442 tur,
1996 3392 2185 3430 verum
2218 3377 2345 3431 inde
2373 3377 2533 3430 etiam
2572 3387 2718 3431 metu
2758 3377 3139 3447 abigebautur,
3193 3392 3248 3435 et
3289 3399 3435 3438 nunc

1856 3468 1966 3533 hic,
1995 3485 2141 3523 nunc
2186 3470 2297 3523 illic
2329 3468 2678 3523 oberrabant.
2710 3470 2960 3524 Attamen
2987 3472 3279 3527 credebant
3310 3492 3434 3530 sesc

1856 3563 2290 3619 consolationem
2324 3570 2585 3616 aeternam
2615 3569 2939 3631 accepturos
2969 3578 2998 3616 a
3033 3564 3161 3631 Deo,
3205 3566 3434 3637 ideoque

1771 3679 1819 3725 η
1860 3654 1976 3710 haec
2004 3656 2369 3722 patiebantur.

1932 3744 2100 3800 Vens.
2125 3746 2215 3801 '59.
2234 3744 2297 3798 Et
2320 3745 2374 3797 lii
2392 3761 2591 3810 omnes,
2620 3745 2913 3799 testimonio
2940 3747 3434 3815 ﬁrleiprobuti,non

1860 3850 2167 3909 acceperunt
2199 3838 2678 3907 repromissionem.
2712 3836 2871 3904 Quid,
2904 3842 3100 3911 inquit.
3150 3844 3436 3911 pusillaui~

1862 3947 1979 3985 mes
2006 3932 2157 3994 estis,
2199 3929 2345 4000 quod
2392 3945 2515 3982 cunt
2567 3931 2620 3984 in
2661 3932 2963 3987 certamine
3002 3934 3145 3997 silis,
3192 3936 3433 3992 nondum

1862 4022 2185 4092 acceperitis
2236 4022 2573 4091 praemium?
2626 4022 2871 4076 Pratdicti
2950 4039 3145 4080 oumes
3204 4030 3435 4086 sancti.

1863 4114 2080 4169 etiamsi
2110 4114 2482 4167 testimonium
2523 4112 2785 4167 haberent
2815 4117 2961 4181 quod
3004 4118 3112 4170 Deo
3151 4133 3246 4187 per
3279 4121 3438 4175 lidcnt

1864 4205 2169 4274 placebant,
2199 4202 2442 4257 nondum
2475 4210 2655 4257 tamen
2688 4206 2924 4259 assecuti
2969 4219 3097 4261 sunt
3136 4211 3439 4265 tmTcstiuni

1865 4298 2137 4353 bonorum
2190 4295 2610 4365 promissioues.
2672 4296 2879 4352 lnl‘eras
2928 4300 3145 4365 quidem
3195 4300 3440 4371 adeoque

1867 4398 2158 4445 terrestres
2208 4386 2602 4457 promissiones
2653 4389 2902 4442 nonnulli
2957 4391 3136 4460 adepti
3181 4404 3330 4460 sunt,
3384 4412 3442 4449 ut.

1870 4480 2060 4535 David.
2106 4478 2376 4533 Caeterum
2429 4478 2482 4532 id
2541 4492 2652 4531 non
2705 4487 2824 4533 erat
2867 4481 3009 4548 quod
3042 4484 3437 4550 quaerebatur:

1799 4563 1847 4620 Ι)
1872 4575 1968 4629 sed
2003 4590 2123 4645 qua:
2148 4574 2202 4629 in
2234 4572 2388 4628 cmlis
2419 4579 2569 4636 sunt,
2603 4571 2706 4625 ista
2729 4586 2916 4626 revera
2960 4583 3089 4629 sunt
3124 4578 3444 4644 promissio-

1865 4679 1982 4719 nes.

1941 4755 2110 4813 Vens.
2150 4757 2240 4811 40.
2270 4756 2378 4810 Deo
2407 4757 2472 4811 de
2495 4757 2643 4812 nobis
2673 4758 2861 4812 melius
2889 4758 3095 4827 aliquid
3118 4761 3440 4827 providente,

1872 4859 1928 4903 ut
1961 4866 2065 4903 non
2102 4851 2215 4903 sine
2244 4849 2396 4903 nobis
2429 4858 2940 4903 consummarentur.
2985 4848 3175 4904 Melius
3214 4852 3442 4920 aliquid,

1876 4942 1981 4996 hoc
2008 4951 2117 5004 est,
2144 4942 2210 4995 ad
2242 4942 2509 4995 honorem
2547 4949 2817 4995 nostrum.
2855 4940 2931 4995 Ne
2975 4942 3265 4997 videantur
3295 4945 3443 4997 enim

1875 5034 2036 5089 nobis
2073 5049 2196 5088 esse
2246 5034 2484 5103 potiores
2516 5034 2561 5087 si
2605 5033 2765 5102 primi
2795 5045 3227 5099 coronarentur,
3278 5051 3444 5089 unum

1871 5126 2129 5180 omnibus
2160 5140 2489 5178 coronarum
2534 5134 2751 5194 tempus
2781 5126 2989 5179 statuit.
3044 5126 3155 5181 Nec
3185 5126 3342 5189 dixit,
3379 5127 3449 5181 Ut

1875 5232 1983 5271 non
2016 5224 2433 5279 coronarentur,
2490 5215 2610 5279 sed,
2657 5217 2719 5272 Ut
2774 5234 2877 5271 non
2932 5230 3445 5275 consummarentur.

1928 5309 2165 5365 Proinde
2216 5319 2347 5364 tunc
2380 5308 2606 5383 perfecti
2640 5310 2987 5365 videbuntur.
3018 5309 3307 5377 Praeterea,
3334 5311 3446 5381 jam

1875 5417 2025 5457 nunc
2065 5401 2427 5454 arrhabonem
2462 5408 2516 5453 et
2549 5401 2743 5468 pignus
2776 5401 2999 5455 honoris
3035 5401 3252 5456 habent.
3295 5400 3447 5455 Unde

1878 5493 2026 5547 enim
2089 5490 2169 5545 eis
2233 5500 2478 5559 potestas
2545 5488 2844 5543 auxiliandi
2898 5490 3287 5546 invocantibus
3339 5494 3451 5548 se?

1883 5582 2039 5639 Unde
2068 5581 2200 5651 ipsis
2229 5581 2428 5636 ﬁducia
2456 5580 2829 5637 intercedendi
2869 5581 2893 5635 ἲ
2924 5580 3319 5639 Perfectionem
3351 5599 3451 5639 au—

1536 5765 1739 5827 Variaa
1762 5762 2089 5825 lectiones.

264 5882 313 5919 ”
329 5880 529 5937 ταῦτα
558 5895 615 5935 0.
