4156 6440
684 424 783 486 371

1602 434 2175 494 'l‘llEOPllYl.ACTl
2219 435 2280 490 Bl

1606 545 1803 586 mutum
1836 548 1979 586 anim
2020 549 2081 586 οιι
2120 566 2259 586 .nnr-

2388 434 2629 492 3ARIIE
2665 431 3014 490 ARCHIEI’.
3830 424 3945 483 379.

2394 546 2652 586 mﬂﬁnnrc,
2694 543 2829 586 ἄλλᾶ
2883 544 3009 586 lian
3066 538 3343 586 διωγμῶν-
3384 538 3546 586 ἄγοις
3572 536 3867 586 ἀοπαγῑε·
3916 534 3946 586 ὁ

675 556 798 594 rum
840 537 1160 596 alllietiones
1185 540 1358 594 nullas
1377 555 1521 599 esse.
1559 543 1804 599 Nondum
1836 548 1979 601 enim
2018 549 2083 603 ad
2119 566 2259 604 mor-

2394 546 2656 615 φθάσατε,
2694 543 2831 597 ἀλλὰ
2883 544 3009 614 ἄχρι
3066 538 3344 610 διωγμῶν,
3384 538 3546 609 ἄχρις
3572 536 3867 606 ἁρπαγῆς·

678 642 782 683 tum
824 648 1014 697 usque.
1040 632 1230 699 inquit,
1260 636 1603 700 pervenistis,
1632 636 1724 689 sed
1752 638 1819 691 ad
1847 641 2250 708 perseeutiones

678 734 869 786 usque,
900 730 951 772 et
992 735 1161 787 usque
1191 721 1257 774 ad
1290 725 1546 791 rapinas:
1590 725 1844 783 Christus
1870 740 2049 785 autem
2079 749 2252 802 usque

679 810 743 861 ad
778 820 1004 862 mortem
1040 812 1207 865 venit.
1244 811 1412 867 Porro
1444 831 1564 868 cum
1604 818 1701 881 ait,
1737 821 2031 887 restitistis,
2063 832 2252 877 osten-

678 901 756 954 dit
788 910 1064 968 peccatum
1096 904 1388 958 vehemens
1407 908 1661 974 quiddam
1681 913 1908 980 spirare,
1931 929 2159 983 esseque
2175 916 2253 970 eis

684 995 1020 1059 oppositum,
1052 994 1200 1062 ipsos
1228 1004 1411 1049 autem
1441 1008 1653 1055 stantes
1704 1012 1757 1056 et
1792 1007 2246 1072 coutranitentes,

682 1081 841 1150 747
873 1081 1115 1136 nondum
1145 1092 1325 1138 tamen
1360 1084 1413 1139 in
1451 1088 1765 1156 lethalibus,
1787 1109 1971 1148 verum
2006 1094 2059 1148 in
2085 1096 2249 1149 levio-

681 1174 851 1229 ribus.

750 1267 1012 1323 Adversus
1033 1284 1301 1338 peccatum
1326 1286 1693 1346 repugnantes.
1725 1276 1925 1331 Contra
1953 1278 2250 1340 diabolum,

684 1357 774 1421 qui
811 1368 894 1410 est
931 1370 1209 1424 peccatum
1256 1365 1454 1434 ipsum,
1507 1376 1693 1434 utpote
1754 1368 1964 1435 primus
2006 1368 2256 1422 iuventur

682 1447 801 1513 ejus
848 1459 901 1502 et
953 1464 1273 1523 prmeeptor.
1334 1456 1427 1511 Vel
1473 1468 1667 1513 contra
1731 1461 1906 1529 ipsum
1946 1476 2252 1529 peccatum,

684 1542 915 1610 ejusque
959 1544 1359 1615 ignominiosos
1416 1550 1662 1614 aﬂ'ectus,
1718 1552 1873 1606 nobis
1919 1551 2171 1609 inimicos
2204 1565 2257 1608 et

684 1633 1041 1697 perniciosos.

764 1721 919 1777 Vens.
963 1725 1015 1779 ιτ.
1058 1726 1126 1779 Et
1173 1730 1321 1783 obliti
1354 1735 1478 1786 estis
1519 1734 1929 1792 adhortationis.
1972 1739 2140 1805 Adeo,
2171 1743 2255 1796 in-

690 1809 831 1876 quit,
868 1814 1085 1869 remissi
1118 1820 1254 1872 estis
1288 1830 1340 1873 et
1373 1822 1425 1872 in
1465 1825 1748 1891 segnitiem
1786 1830 2033 1893 resoluti,
2070 1839 2128 1883 ut
2163 1832 2258 1885 ade

691 1900 1023 1957 hortantium
1071 1922 1166 1960 vos
1216 1909 1282 1962 ad
1340 1910 1711 1967 fortitudinem
1772 1934 2089 1975 sermonum
2146 1924 2268 1977 sitis

692 1989 868 2053 obliti,
925 1993 1027 2046 etsi
1075 1998 1315 2052 nondum
1369 2004 1549 2072 magni
1583 2007 1880 2075 quidquam
1933 2013 2079 2080 passi
2112 2014 2271 2067 estis.

694 2079 948 2148 lugentes
987 2088 1133 2140 enim
1159 2105 1221 2143 ac
1256 2090 1434 2160 digna:
1468 2098 1682 2151 ratione
1713 2099 1894 2167 aliqua
1927 2079 2272 2169 alliictiones,

695 2170 1025 2228 oblivionem
1060 2193 1437 2248 saepenumero
1472 2186 1747 2242 incutiunt
1794 2206 1975 2245 rerum
2012 2210 2273 2251 necessa-

693 2274 924 2317 rtarum.

773 2354 904 2418 Qum
947 2358 1087 2411 nobis
1127 2368 1373 2425 Ia‘nquant
1402 2366 1532 2432 [iliis
1572 2368 1848 2431 loquitur:
1892 2370 1999 2425 Fili
2028 2375 2121 2440 mi,
2164 2377 2274 2429 noli

700 2448 962 2513 negligere
989 2449 1325 2517 disciplinam
1364 2455 1575 2511 Domini
1601 2461 1667 2513 ⁸¹.
1700 2462 1815 2516 Non
1867 2466 2012 2518 enim
2044 2469 2278 2535 propriis

698 2538 825 2591 ﬁliis
860 2539 1181 2609 loquebatur
1209 2543 1487 2612 Salomon,
1534 2552 1625 2604 sed
1657 2555 1913 2609 omnibus
1942 2558 2033 2625 qui
2070 2558 2263 2611 audire

700 2638 976 2696 poterant,
1030 2642 1083 2687 et
1138 2637 1291 2693 vobis
1338 2643 1563 2698 omnino
1604 2664 1615 2697 :
1661 2657 1967 2715 propterea,
2002 2659 2273 2719 tanquam,

702 2726 1015 2792 apponitur.

777 2812 958 2882 Neque
987 2817 1293 2890 defatigeris
1325 2822 1449 2876 dum
1483 2825 1548 2878 ab
1569 2842 1628 2879 eo
1654 2831 1917 2897 argueris.
1952 2834 1987 2885 Α
2029 2833 2138 2889 Deo
2176 2836 2278 2904 igi—

705 2914 795 2956 tur
850 2909 1176 2981 teqtationes
1212 2913 1602 2970 adducuntur:
1655 2920 1799 2987 quod
1865 2922 1910 2975 si
1960 2940 1987 2977 a
2035 2924 2159 2990 Deo,
2211 2927 2277 2980 ad

706 2998 1148 3054 commoditatem
1183 3006 1407 3069 omnino
1435 3009 1591 3065 nobis
1632 3011 1845 3065 cedent.
1878 3014 1984 3067 Aut
2007 3017 2149 3070 enim
2178 3019 2276 3086 ipsi

710 3087 979 3155 imprimis
1016 3090 1191 3160 placet
1244 3104 1300 3149 ut
1342 3114 1442 3153 nos
1493 3109 1785 3170 tentemur,
1827 3121 1935 3173 quo
1977 3122 2004 3160 a
2043 3110 2280 3177 peccatis

2361 639 2415 691 δὲ
2446 639 2679 707 Χριστὸς
2706 638 2835 707 ἄχρι
2877 636 3108 689 θανάτου
3151 629 3334 703 ἦλθεν,
3394 628 3815 693 Ἀντικατέστη
3860 629 3941 685 δὲ,

2364 730 2556 794 εἰπὼν,
2597 731 2837 784 δείκνυσι
2876 729 2971 781 καὶ
3001 727 3100 796 τὴν
3150 722 3427 794 ἁμαρτίαν
3464 720 3695 788 σφοδρόν
3725 737 3776 771 τι
3805 720 3945 769 πνέ-

2363 840 2532 876 ουσαν
2558 866 2572 889 ,
2622 824 2715 875 καὶ
2755 821 3179 889 ἀντικειμένην,
3238 818 3333 869 καὶ
3372 814 3567 874 αὐτοὺς
3603 812 3659 864 δὲ
3697 809 3945 869 ἑστῶτας

2364 916 2457 968 καὶ
2495 912 2951 983 ἀγωνιζομένους,
2991 910 3143 963 οῦπω
3186 910 3369 979 μέντοι
3407 908 3465 958 ὲν
3502 906 3617 967 τοῖς
3645 901 3909 969 καιριωτέ
3936 933 3947 939 -

2370 1025 2502 1077 ροις,
2542 1005 2677 1059 ἀλλὰ
2707 1007 2817 1067 τοῖς
2850 1003 3220 1072 κουφοτέροις.

2438 1284 2591 1353 Πρὸς
2622 1282 2917 1352 ἁμαρτίαν
2938 1276 3484 1346 ἁνταγωνιᾷῗμενοι.
3528 1273 3673 1345 Πρὸς
3704 1271 3794 1325 τὸν
3828 1272 3947 1324 διά-

2368 1375 2523 1427 ϐολον
2554 1374 2645 1426 τὸν
2673 1371 2996 1441 αὐτόχρημα
3028 1368 3327 1439 ἁμαρτίαν,
3377 1367 3453 1428 ὡς
3499 1364 3728 1436 εὑρετὴν
3772 1365 3947 1431 αὐτῆς

2370 1466 2464 1519 καὶ
2502 1464 2821 1518 διδάσκαλον
2854 1479 2866 1492 ·
2916 1464 2949 1535 ἢ
2998 1462 3133 1531 πρὸς
3189 1460 3357 1529 αὐτὴν
3396 1459 3495 1528 τὴν
3539 1457 3811 1526 ἁμαρτίαν
3850 1455 3949 1507 καὶ

2369 1559 2440 1612 τὰ
2484 1557 2653 1626 αὐτῆς
2707 1555 2881 1625 ἄτιμα
2927 1552 3110 1623 πάθη,
3164 1554 3233 1605 τὰ
3264 1551 3499 1621 πολέμια
3544 1551 3677 1620 ἡμῖν
3706 1550 3799 1601 καὶ
3826 1548 3948 1599 ὀλέ-

2370 1651 2517 1705 θοια.

2406 1669 2551 1795 Plat
2609 1741 2947 1804 ἐκλέλησθε
2992 1734 3101 1802 τῆς
3152 1725 3616 1802 παρακλήσεως.
3676 1730 3949 1784 Τοσοῦτον

2375 1832 2676 1901 παρείθητε
2731 1830 2825 1883 καὶ
2875 1827 3187 1897 ὲξελύθητε,
3240 1825 3385 1878 ὥστε
3418 1824 3511 1877 καὶ
3546 1823 3655 1875 τῶν
3692 1839 3950 1890 παρακα-

2376 1925 2613 1977 λούντων
2653 1924 2732 1983 είς
2784 1921 3041 1992 ἀνδρείαν
3092 1919 3268 1985 λόγων
3325 1915 3656 1968 ἐπελάθεσθε
3690 1954 3706 1977 ,
3768 1914 3953 1966 καίτοι

2383 2016 2551 2084 μήπω
2611 2013 2876 2075 παθόντες
2935 2029 2986 2063 τι
3051 2009 3215 2079 μέγα.
3269 2007 3352 2059 Τά
3408 2006 3517 2076 γὰρ
3580 2005 3790 2075 μεγάλα
3855 2002 3955 2055 καὶ

2379 2105 2632 2172 ἀξιόλογα
2674 2104 2820 2173 πάθη
2850 2103 3019 2172 λήθην
3045 2097 3329 2169 ἐμποιοῦσι
3356 2096 3616 2159 πολλάκις
3637 2095 3744 2148 τῶν
3779 2097 3955 2161 ἀναγ-

2380 2196 2575 2250 καίων.

2453 2380 2623 2442 Ἦτις
2662 2375 2807 2445 ὑμῖν
2855 2375 2935 2439 ὡς
2980 2371 3132 2437 υἱοῖς
3164 2369 3499 2438 διαλέγεται
3520 2384 3533 2397 ·
3567 2367 3664 2421 Υιέ
3683 2383 3832 2435 μου,
3866 2364 3955 2434 μὴ

2380 2469 2649 2538 ὀλιγώρει
2686 2464 2959 2531 παιδείας
2986 2463 3225 2530 Κυρίου.
3270 2460 3343 2513 Ob
3386 2460 3494 2529 γὰρ
3536 2459 3687 2521 ἰδίοις
3730 2457 3867 2517 υἱοῖς
3914 2458 3944 2509 ό

2382 2560 2634 2630 Σολομῶν
2692 2558 2895 2619 ἐλάλει,
2958 2555 3093 2608 ἀλλὰ
3151 2553 3285 2605 πᾶσι
3339 2553 3454 2613 τοῖς
3497 2548 3720 2603 ἀκούειν
3782 2548 3949 2600 δυνα-

2385 2655 2568 2723 μένοις
2594 2696 2607 2719 ,
2653 2653 2748 2706 καὶ
2802 2652 2933 2720 ὑμῖν
2976 2648 3033 2702 δὲ
3078 2648 3302 2709 πάντως
3335 2660 3351 2677 ⁸
3404 2644 3494 2698 διὰ
3544 2642 3700 2697 τοῦτο
3730 2642 3811 2709 τδ,
3852 2642 3957 2706 ὡς,

2382 2746 2576 2798 κεῖται.

2453 2837 2550 2904 Μὴ
2574 2836 2799 2889 ἐκλύου
2836 2832 2934 2889 ὑπ’
2987 2832 3173 2887 αὑτοῦ
3211 2824 3632 2899 ἐλεγχόμενος.
3678 2829 3820 2896 Ἀρα
3863 2820 3958 2878 οῦν

2383 2928 2535 2998 παρὰ
2582 2928 2715 2981 Θεοῦ
2767 2927 2816 2978 οἱ
2876 2926 3166 2994 πειρασμοὶ
3222 2926 3513 2993 ἐπάγονται
3555 2939 3571 2954 ·
3619 2922 3667 2973 εί
3716 2920 3773 2974 δὲ
3808 2920 3960 2988 παρὰ

2385 3018 2542 3080 Θεοῦ,
2605 3018 2741 3087 πρὸς
2796 3016 3064 3082 ὠφέλειαν
3094 3013 3252 3083 ἡμῶν
3281 3014 3514 3073 πάντως.
3584 3008 3753 3070 Αὐτὸς
3774 3005 3886 3074 γάρ
3924 3004 3958 3074 ἢ

2384 3108 2811 3180 προηγουμένως
2898 3106 3109 3159 εὐδοκεῖ
3175 3104 3321 3173 ἡμᾶς
3401 3095 3757 3170 πειράζεσθαι
3824 3095 3962 3164 πρὸς

710 3177 1011 3235 liberemur
1043 3202 1054 3235 :
1086 3196 1181 3238 aut
1212 3202 1312 3241 nos
1343 3191 1540 3243 tentari
1585 3194 1872 3260 permittit,
1905 3196 1970 3250 ad
2009 3200 2280 3265 probatio-

2388 3177 2641 3253 ἀπόθεσιν
2668 3195 2976 3269 ἁμαρτιῶν,
3017 3195 3049 3266 ἦ
3090 3193 3412 3265 παραχωρεῖ
3463 3190 3598 3260 πρὸς
3632 3186 3964 3254 δοκιμασίαν

712 3286 859 3330 nun,
894 3281 1062 3342 utque
1104 3278 1288 3345 plures
1322 3294 1727 3349 consequamur
1748 3300 2003 3342 coronas.

788 3363 955 3419 Vens.
990 3365 1043 3425 6.
1097 3368 1268 3435 Quem
1311 3373 1449 3425 enim
1484 3372 1660 3443 diligit
1700 3376 1980 3441 Dominus,
2013 3382 2240 3450 castigat
2270 3401 2287 3435 :

713 3457 949 3524 ﬂagellat
981 3469 1153 3513 autem
1176 3478 1377 3516 onmem
1401 3466 1569 3529 ﬁlium
1594 3484 1741 3536 quem
1774 3472 1977 3539 recipit.
2009 3468 2149 3527 Fieri
2183 3489 2287 3526 non

719 3556 899 3616 potest
925 3558 982 3603 ut
1011 3551 1279 3620 quispiam
1304 3554 1617 3610 inveniatur
1645 3558 1877 3615 dilectus
1912 3560 2021 3615 Deo
2048 3564 2184 3615 citra
2207 3563 2290 3617 ai-

715 3641 1005 3696 ﬂictiones.
1042 3641 1232 3698 Nonne
1259 3646 1423 3714 igiiur
1454 3647 1688 3703 latrones
1714 3659 1767 3703 et
1798 3650 1945 3706 fures
1977 3652 2160 3724 ﬂagris
2190 3671 2291 3709 ca:-

718 3735 964 3788 duutur?
1008 3735 1178 3791 liliine
1202 3747 1257 3791 et
1286 3738 1362 3791 illi
1398 3741 1565 3793 sunt?
1614 3740 1837 3797 Minime
1880 3748 2141 3812 gentium.
2173 3746 2289 3800 Non

718 3824 861 3877 enim
919 3825 1075 3889 dixit,
1136 3828 1399 3897 Quisquis
1450 3829 1776 3900 ﬂagellatur,
1838 3842 1923 3886 est
1960 3836 2122 3900 (ilius,
2172 3837 2291 3899 sed,

719 3911 911 3969 Omnis
959 3915 1105 3970 ﬁlius
1138 3916 1455 3988 ﬂagellatur.
1506 3916 1772 3979 Latrones
1814 3925 1980 3994 igitur
2010 3942 2115 3981 non
2154 3928 2293 3981 lilio-

725 4021 843 4059 rum
877 4006 1052 4060 instar
1075 4008 1437 4079 ﬂagellantur,
1472 4029 1657 4067 verum
1693 4024 1750 4068 ut
1778 4018 2029 4071 scelerati
2054 4020 2293 4088 puniun-

722 4107 831 4151 tur.
862 4096 960 4152 llic
982 4108 1163 4154 autem
1199 4116 1322 4154 eum
1365 4105 1517 4171 prius
1541 4106 1792 4172 dixisset,
1824 4108 2067 4180 Castigat
2094 4152 2109 4177 ,
2148 4112 2295 4165 intu—

724 4188 787 4241 lit
814 4198 1024 4258 postea,
1069 4189 1333 4260 Flageltat
1363 4209 1382 4247 :
1414 4203 1473 4248 ut
1508 4211 1616 4251 non
1664 4199 1829 4254 veluti
1870 4203 2095 4257 sceleris
2128 4203 2297 4257 ultio-

724 4295 871 4346 nem,
919 4283 1014 4335 sed
1068 4284 1236 4338 veluti
1282 4287 1646 4343 eruditionem
1678 4290 1950 4360 intelligas
1982 4292 2298 4365 llagellatio-

727 4387 849 4426 nem
892 4372 1006 4427 lilii.
1047 4373 1213 4439 Quem
1260 4377 1466 4445 recipit,
1518 4379 1621 4434 hoc
1673 4390 1778 4448 est,
1827 4399 1988 4452 quem
2034 4387 2296 4451 admittit,

726 4478 886 4527 quem
930 4480 1039 4529 pra:
1062 4468 1275 4521 caeteris
1308 4469 1561 4537 assumit,
1603 4480 1658 4527 et
1698 4471 2021 4531 familiarem
2059 4477 2294 4532 amicum

727 4555 827 4608 sibi
869 4556 1145 4610 conciliat.

2245 4581 2250 4591 ·
2324 4558 2372 4618 0

803 4647 965 4701 Vsus.
1011 4650 1061 4701 7.
1106 4648 1170 4703 Si
1194 4652 1595 4719 castigationem
1632 4657 1926 4719 sustinetis,
1962 4668 2212 4727 tanquam
2236 4659 2304 4728 ﬁ-

2388 3292 2481 3345 καὶ
2513 3291 2811 3357 στεφάνους
2842 3290 2938 3341 πλε
2948 3290 3077 3348 ίους.

2464 3384 2573 3434 Ὃν
2602 3382 2712 3449 τὰρ
2744 3378 2945 3448 ἀγαπᾷ
2991 3378 3227 3444 Κύριος,
3275 3375 3564 3435 παιδεύει,
3590 3370 3877 3443 μαστιγοῖ
3896 3370 3969 3423 δὲ

2389 3473 2584 3527 πάντα
2606 3473 2741 3526 υίὸν
2772 3473 2845 3524 ὃν
2872 3471 3287 3540 παραδέχεται.
3336 3469 3620 3521 ’Δδῦνατον
3650 3467 3757 3534 γὰρ
3784 3465 3968 3534 εὑρεῖν

2389 3582 2510 3617 τινα
2543 3564 2653 3615 τῶν
2692 3563 3079 3632 ἀγαπωμένων
3134 3562 3212 3630 τῷ
3261 3560 3453 3629 Κυρίῳ
3498 3558 3668 3629 χωρὶς
3707 3556 3965 3621 θλίίμεων.

2390 3652 2537 3725 γΑρα
2574 3654 2665 3707 οὖν
2691 3654 2751 3705 οὐ
2797 3653 3190 3723 μαστιγοῦνται
3220 3652 3314 3705 καὶ
3337 3652 3533 3725 λῃσταὶ
3574 3650 3670 3703 καὶ
3698 3649 3967 3712 κλέπταις

2393 3749 2515 3801 Υίοὶ
2541 3743 2634 3800 οὖν
2664 3746 2758 3798 καὶ⁸
2785 3741 2927 3799 οὗτοι
2962 3762 2975 3809 ;
3012 3745 3167 3814 Οὐχί.
3206 3745 3280 3798 Οὐ
3316 3744 3427 3814 γὰρ
3455 3738 3631 3804 εἶπεν,
3677 3742 3759 3794 ὅτι
3801 3741 3911 3803 πᾶς
3942 3742 3970 3791 ὁ

2397 3836 2850 3907 μαστιγούμενος,
2883 3836 3018 3899 υἱὸς,
3080 3836 3217 3888 ἀλλὰ
3270 3837 3377 3899 πᾶς
3413 3835 3527 3896 υίὸς
3581 3832 3967 3903 μαστιγοῦται.

2392 3929 2599 3999 Annal
2643 3927 2743 3997 μὲν
2781 3927 2875 3979 οῦν
2908 3928 3006 3996 οὐχ
3037 3927 3114 3989 ὡς
3158 3927 3266 3979 υίοὶ
3306 3925 3722 3996 μαστιγοῦνται,
3750 3922 3865 3976 ἀλλ’
3890 3923 3971 3985 ὡς

2394 4020 2553 4073 κακοὶ
2587 4018 2928 4081 κολάζονται.
2994 4018 3259 4070 Ἐνταῦθα
3286 4018 3342 4070 δὲ
3372 4015 3673 4087 προειπὼν,
3704 4016 3788 4067 ὅτι
3832 4028 3974 4066 παι-

2394 4112 2575 4176 δεύει,
2607 4112 2730 4164 τότε
2773 4112 3022 4179 ἐπήγαγε
3059 4110 3140 4173 τὸ,
3173 4110 3471 4177 μαστιγοῖ,
3510 4109 3597 4160 ἵνα
3631 4107 3704 4176 μὴ
3743 4106 3818 4167 ὡς
3864 4122 3970 4156 κα-

2396 4203 2518 4265 κίας
2563 4202 2792 4264 ἔκτισιν,
2834 4203 2951 4255 ἀλλ’
2981 4202 3057 4263 ὼς
3089 4202 3373 4253 παίδευσιν
3397 4199 3599 4269 νοήσῃς
3628 4196 3728 4267 τὴν
3773 4194 3974 4265 μαστί-

2395 4311 2566 4361 γωσιν
2606 4293 2700 4346 τοῦ
2731 4292 2872 4346 υἱοῦ.
2930 4294 3039 4345 Ὃν
3077 4292 3133 4345 δὲ
3168 4288 3597 4358 παραδέχεται,
3659 4288 3969 4347 τουτέστιν,

2398 4384 2456 4437 δν
2485 4384 2828 4454 ἀποδέχεται,
2859 4382 2917 4435 δν
2948 4381 3436 4453 προσλαμϐάνεται
3461 4377 3623 4430 πλέον
3637 4376 3745 4429 τῶν
3768 4374 3974 4439 ἀλλων,

2399 4475 2459 4530 ὃν
2494 4476 2813 4529 οἰκειοῦται.

2469 4656 2536 4707 El
2570 4652 2848 4705 παιδείαν
2876 4650 3222 4719 ὑπομένετε,
3252 4649 3332 4714 ὠς
3356 4645 3513 4713 υἱοῖς
3546 4644 3689 4714 ὑμῖν
3713 4641 3983 4711 προσερέ-

730 4740 815 4791 liis
857 4740 1008 4807 offert
1038 4756 1091 4793 se
1120 4740 1263 4795 vobis
1308 4741 1471 4798 Deus.
1522 4745 1653 4811 Quis
1691 4749 1831 4801 enim
1869 4758 1946 4801 est
1978 4751 2123 4817 ﬁlius
2153 4767 2280 4819 quen

2392 4763 2561 4817 ρεται
2586 4750 2617 4800 ό
2648 4745 2814 4811 Θεός.
2852 4745 2948 4810 Ίίς
2982 4742 3092 4813 γάρ
3122 4744 3297 4795 ἐστιν
3332 4742 3467 4805 υίὸς
3503 4738 3576 4791 ὃν
3606 4740 3677 4790 οὐ
3700 4735 3983 4790 παιδεύει

730 4847 835 4883 non
868 4832 1095 4899 castigat
1117 4834 1311 4897 pater?
1345 4833 1497 4899 Quod
1521 4837 1569 4888 si
1607 4846 1758 4890 extra
1788 4836 2124 4905 disciplinam
2152 4844 2301 4905 estis,

2400 4838 2636 4905 smnio;
2674 4836 2739 4889 El
2780 4835 2847 4888 δὲ
2896 4837 3077 4904 χωρίς
3104 4835 3245 4887 ἐστε
3289 4831 3582 4893 παιδείας,
3622 4824 3697 4897 ἧς
3731 4826 3983 4895 μέτοχοι

730 4921 879 4988 cujus
913 4923 1196 4987 participes
1222 4925 1354 4993 facti
1378 4937 1497 4979 sunt
1525 4943 1724 4991 omnes,
1755 4945 1876 4998 ergo
1911 4932 2217 4993 adulterini,
2253 4949 2280 4985 e

2400 4932 2683 5002 γεγόνασι
2732 4927 2976 4993 πάντες,
3020 4927 3133 4995 ἄρα
3160 4928 3327 4979 νόθοι
3355 4924 3516 4985 ἐστὲ,
3563 4923 3661 4976 καί
3689 4924 3800 4988 οὐχ
3834 4922 3981 4975 υἱοί.

731 5029 834 5065 non
860 5014 964 5080 ﬁlii
992 5016 1140 5069 estis.
1176 5017 1251 5070 Ex
1303 5018 1504 5085 quibus
1552 5020 1627 5073 illi
1671 5022 1935 5084 putabant
1978 5037 2098 5077 sese
2129 5038 2156 5075 a
2189 5022 2297 5077 Deo

731 5103 1049 5167 derelictos,
1085 5120 1150 5158 ex
1192 5106 1259 5159 iis
1292 5107 1534 5162 ostendit
1562 5110 1643 5164 eis
1668 5111 1815 5179 quod
1859 5111 1967 5165 Deo
2007 5127 2150 5166 cura:
2180 5112 2297 5168 lue-

732 5194 863 5247 rint.
891 5194 948 5248 Si
984 5195 1156 5257 enim,
1190 5196 1388 5265 inquit,
1416 5198 1803 5255 aﬂlictionibus
1832 5202 2170 5267 caruissetis,
2205 5218 2302 5257 uo-

734 5285 808 5337 thi
846 5284 1104 5349 fuissetis,
1147 5288 1525 5358 illegitimique
1556 5290 1678 5352 ﬁlii,
1705 5302 1758 5345 et
1786 5308 1893 5347 non
1925 5294 2167 5363 genuini.
2199 5295 2300 5349 Cui

734 5377 877 5428 enim
911 5386 1194 5445 parentum
1229 5380 1516 5435 nothorum
1543 5383 1814 5438 institutio
1836 5400 1981 5439 cura:
2011 5393 2094 5439 est
2115 5386 2138 5438 ?
2162 5384 2299 5452 Quia

734 5483 863 5521 vero
910 5468 1227 5537 amisimini,
1276 5472 1472 5527 exhinc
1522 5484 1702 5528 autem
1748 5476 1970 5531 obvenit
2008 5478 2201 5535 vobis.
2239 5486 2298 5531 ut

739 5564 932 5610 ornate
984 5567 1150 5626 atque
1190 5559 1468 5615 moderate
1512 5563 1723 5630 vivatis,
1757 5566 1980 5633 perinde
2010 5582 2074 5621 ac
2115 5583 2308 5623 omnes

740 5650 1166 5718 praememorati,
1196 5651 1450 5709 videlicet
1474 5654 1632 5724 justi,
1667 5658 1759 5727 qui
1796 5669 1843 5712 el
1880 5658 1974 5712 lilii
2015 5658 2105 5715 Dei
2134 5660 2308 5715 vocati

810 5831 850 5861 "
895 5830 1050 5885 l’rov.
1090 5847 1169 5894 tu,
1208 5835 1262 5885 ll

2417 5020 2534 5089 Ἀφ’
2571 5013 2647 5073 ὧν
2695 5016 2947 5087 ἐνόμιζον
2979 5016 3133 5068 αὐτοὶ
3157 5011 3648 5082 ἐγκαταλελεῖφθαι
3680 5010 3784 5063 ὑπὸ
3812 5009 3982 5074 Θεοῦ,

2407 5112 2516 5165 ἀπὸ
2575 5108 2780 5163 τούτων
2838 5108 3111 5161 δείκνυσιν
3177 5107 3375 5168 αὐτοὺς
3431 5103 3844 5174 μεμελημένους
3899 5102 3987 5171 τῷ

2409 5202 2551 5271 Θεῷ.
2586 5203 2655 5255 El
2694 5200 2793 5272 μὲν
2843 5199 2955 5270 γὰρ
3017 5199 3175 5261 ἐκτὸς
3234 5196 3471 5266 θλίψεων
3505 5191 3636 5265 ἦτε,
3689 5194 3985 5262 ἐφαίνεσθε

2407 5293 2474 5345 ἂν
2512 5293 2595 5345 ὅτι
2625 5290 2771 5344 νόθοι
2808 5291 3076 5357 intimi.
3125 5290 3223 5360 οὐχ
3278 5289 3404 5341 υἱοί.
3472 5287 3569 5349 Τίς
3618 5288 3725 5356 γὰρ
3787 5286 3986 5356 πατὴρ

2410 5382 2682 5450 φροντίζει
2714 5381 3049 5443 παιδεύσεως
3074 5380 3245 5433 νόθων
3287 5380 3442 5443 υἱῶν,
3468 5379 3560 5431 καὶ
3583 5378 3985 5445 κοσμιότητοςς

2419 5472 2571 5524 Ἐπεὶ
2590 5472 2649 5524 δὲ
2682 5471 2951 5536 θλίϐεσθε,
2980 5472 3044 5523 ἐκ
3074 5470 3131 5523 δὲ
3165 5470 3356 5522 τούτου
3380 5468 3722 5533 περιγίνεται
3758 5466 3887 5534 ὑμῖν
3917 5467 3987 5517 τὸ

2411 5563 2654 5632 κοσμίως
2684 5565 2775 5616 καὶ
2814 5563 3265 5632 κατεσταλμένως
3294 5562 3415 5632 ζῇν,
3443 5559 3632 5629 ὥσπερ
3658 5559 3752 5611 καὶ
3783 5557 3990 5620 πάντες

2410 5656 2461 5707 οἱ
2496 5655 2919 5726 προρρηθέντες,
2956 5654 3159 5728 δηλαδὴ
3197 5652 3418 5721 δίκαιοι,
3460 5652 3511 5705 οἵ
3543 5653 3638 5706 καί⁸
3691 5649 3799 5703 υίοὶ
3843 5647 3988 5702 Θεοῦ
