4156 6440
730 386 832 446 3ῖὸ

1637 388 2209 447 TllEUl’llYLACl‘I
2252 386 2659 448 “ULGARLE
2696 383 3051 442 AliClllEP.

3882 361 3999 429 375

730 496 832 550 hoc
865 497 1061 551 saeculo
1095 498 1339 555 turbatos
1373 498 1483 553 illic
1509 499 1799 553 reiecillul.
1827 499 2069 555 Observa
2098 508 2304 564 autem,

2420 498 2563 560 θεὸς,
2600 498 2723 559 τοὺς
2756 498 2813 546 ἐν
2844 495 2922 564 τῷ
2966 494 3123 545 αἰῶνι
3169 490 3345 559 τούτῳ
3386 488 3725 558 λυπηθέντας
3764 485 3811 516 ⁷⁸
3868 484 4000 534 ἐκεῖ

727 587 871 653 quod
898 588 1341 643 exercitationem
1378 598 1532 644 vocet
1562 590 1927 658 disciplinam,
1956 592 2156 659 quippe
2186 606 2307 659 qum

730 681 999 734 conl'ortct
1049 681 1251 746 ﬁdeles,
1296 697 1357 735 ac
1403 684 1552 738 velut
1579 683 1846 752 quosdam
1880 685 2111 738 athletas
2134 693 2184 737 et
2214 699 2306 737 ro-

730 770 1008 826 bustiores
1046 762 1225 826 faciat.
1277 775 1414 840 Quid
1455 777 1621 843 igitur
1654 791 1773 830 eam
1818 776 2143 831 aversamini
2187 792 2307 845 qua:

731 866 943 918 :mimas
974 876 1184 921 vestras
1216 867 1542 921 continuat?

810 954 973 1008 Vnus.
1010 956 1093 1009 12.
1130 956 1418 1025 Propterea
1454 960 1703 1013 remissas
1736 977 1920 1013 manus
1953 977 2015 1012 ac
2046 961 2307 1014 dissoluta

740 1064 908 1116 genua
948 1050 1157 1119 erigite.
1196 1049 1374 1104 Veluti
1412 1052 1478 1106 ad
1512 1053 1721 1122 pugiles
1758 1053 2025 1122 quosdam
2055 1064 2107 1109 et
2130 1064 2306 1107 certa-

735 1148 885 1193 tores
925 1141 1170 1195 disserit.
1215 1142 1285 1195 Ex
1326 1141 1467 1197 Isaia
1504 1152 1684 1197 autem
1740 1145 1883 1198 hunc
1936 1145 2040 1198 sibi
2090 1144 2309 1197 desum-

732 1233 842 1298 psit
868 1233 1067 1295 locum,
1099 1234 1347 1289 indicans
1377 1251 1470 1302 per
1512 1236 1879 1305 metaphoram
1913 1237 2306 1305 praecipuarum

734 1324 994 1391 partium,
1038 1327 1181 1395 quod
1227 1328 1324 1382 toti
1359 1328 1469 1383 sint
1509 1328 1672 1382 soluti
1706 1330 1908 1382 animo.
1941 1329 2130 1383 Manus
2161 1330 2306 1382 enim

738 1419 1099 1482 operationis,
1127 1420 1293 1490 pedes
1322 1437 1448 1475 vero
1490 1423 1751 1476 motionis
1804 1430 1932 1477 sunt
1975 1422 2305 1491 symbolum.

735 1508 1013 1565 Mmreutis
1077 1513 1280 1582 igitur,
1333 1513 1605 1583 imprimis
1663 1515 1879 1577 animae,
1921 1516 2305 1581 instrumenta,

736 1602 933 1657 deinde
957 1612 1009 1656 et
1042 1607 1295 1675 corporis
1327 1621 1390 1661 ex
1425 1608 1783 1677 consequenti
1818 1617 1949 1661 sunt
1987 1609 2236 1663 remissa.

811 1783 975 1839 Vens.
1010 1788 1094 1839 l3.
1132 1786 1201 1838 Et
1222 1804 1431 1856 gressus
1475 1796 1641 1841 rectos
1669 1789 1826 1856 facite
1858 1790 2075 1857 pedibus
2105 1791 2307 1852 vestris,

2410 588 2699 641 ἀναπαύει.
2757 588 2901 655 Ὅρα
2932 586 2988 637 δὲ
3030 585 3112 637 ὅτι
3160 580 3470 652 γυμνασίαν
3524 579 3678 631 καλεῖ
3709 576 3807 644 τὴν
3859 591 4002 624 παι-

2407 680 2591 742 δείαν,
2644 678 2985 747 ρωννύουσαν
3032 677 3159 737 τοὺς
3208 674 3471 736 πιστοὺς,
3524 671 3619 723 καὶ
3677 666 3787 721 οἷόν
3831 682 3994 723 τινας

2408 771 2664 842 ἀθλητὰς,
2707 772 2799 823 καὶ
2831 769 3223 836 εὐτονωτέρους
3263 766 3543 818 ποιοῦσαν.
3609 760 3678 814 Τί
3720 759 3812 811 οὖν
3848 760 3999 810 ἀποε-

2338 920 2347 932 ,
2410 862 2638 930 φεύγετε
2668 861 2763 930 τὴν
2794 859 3148 930 ἐνισχύουσαν
3174 859 3270 919 τὰς
3298 856 3476 926 ψυχὰς
3503 854 3655 923 ὑμῶν
3681 868 3693 914 ;

2481 957 2575 1009 Διό
2610 956 2714 1020 τὰς
2760 953 3123 1022 παρειμένας
3157 951 3360 1019 χεῖρας
3399 948 3497 1001 καί
3529 949 3601 1001 τὰ
3650 944 4002 1011 παίαλελυο

2405 1049 2557 1116 μένιι
2600 1049 2823 1115 γόνατα
2869 1044 3270 1111 ἀνορθώσατε.
3304 1042 3393 1102 Ὠς
3418 1040 3555 1108 πρὸς
3593 1037 3801 1096 πύκτας
3834 1032 4001 1092 τινὰς

2413 1141 2504 1192 καὶ
2535 1137 2846 1205 ἀγωνιστὰς
2877 1136 3205 1204 διαλέγεται.
3255 1134 3389 1187 Ἀπὸ
3420 1133 3523 1199 τῆς
3555 1131 3777 1198 Γραφῆς
3808 1126 3860 1178 δὲ
3893 1123 4000 1175 τοῦ

2426 1230 2650 1283 Ἡσαΐου
2684 1229 2841 1282 τοῦτο
2884 1228 3067 1292 ἔλαϐε,
3109 1224 3509 1287 δεικνύωνγπάπὸ
3540 1219 3849 1292 μεταςορᾶς
3878 1215 4001 1266 τῶν

2413 1323 2763 1392 κυριωτέρων
2820 1322 3027 1391 μερῶν,
3078 1322 3162 1373 ὃτι
3220 1319 3331 1371 ὅλοι
3390 1315 3715 1384 παρειμένοι
3763 1311 3869 1362 εἰσὶ
3926 1309 3999 1376 τῇ

2410 1416 2575 1485 ψυχῇ.
2605 1415 2801 1485 Αί-μὲν
2847 1416 2955 1484 γὰρ
2992 1417 3194 1483 χεῖρες,
3232 1409 3510 1479 ὲνεργεὲας
3540 1423 3556 1438 ·
3588 1407 3638 1458 oi
3690 1405 3745 1456 δὲ
3805 1402 4001 1466 πόδες,

2412 1509 2678 1577 κινήσεως
2729 1507 3017 1577 σύμὸολον.
3048 1504 3156 1557 Τοῦ
3203 1501 3297 1556 οὖν
3347 1500 3708 1570 ἀθυμοῦντος,
3769 1496 3863 1547 καὶ
3926 1493 4004 1543 τα

2411 1602 2615 1672 ψυχικὰ
2676 1602 2773 1670 μὲν
2818 1601 3027 1669 ὄργανα
3079 1596 3534 1671 προηγουμένως,
3582 1591 3776 1645 καὶτὰ
3808 1604 4005 1655 σωμα-

2412 1696 2538 1747 τικὰ
2576 1692 2885 1752 ἀκολούθως
2936 1694 3220 1760 παρεῖναι.

2485 1785 2589 1837 Καί
2628 1781 2870 1851 τροχιὰς
2892 1783 3068 1849 ὀρθὰς
3104 1780 3400 1846 ποιήσατε
3430 1776 3555 1841 τοῖς
3588 1773 3771 1827 ποσὶν
3804 1768 4001 1837 ὑμῶν,

742 1885 881 1930 utne
916 1879 1054 1946 quod
1104 1879 1353 1932 claudum
1402 1889 1479 1933 est
1531 1881 1757 1943 aberret,
1809 1884 1974 1950 magis
2017 1892 2189 1934 autent
2218 1898 2307 1934 sa-

2420 1878 2512 1929 ἷνα
2547 1876 2631 1945 μὴ
2666 1876 2731 1927 τὸ
2757 1874 2957 1941 χωλὸν
2979 1870 3269 1939 ἐκτραπῇ,
3300 1868 3435 1936 ἰαθῇ
3467 1853 3537 1920 δὲ
3570 1864 3831 1934 μᾶλλον.
3878 1858 4010 1908 Ἐν-

738 1977 908 2020 natur.
964 1969 1063 2024 llic
1097 1971 1258 2024 veluti
1303 1971 1365 2023 ad
1398 1988 1654 2025 cursores
1694 1974 1934 2034 disserit,
1978 1973 2202 2041 perinde
2245 1988 2309 2027 ac

741 2060 794 2109 in
849 2061 1223 2127 superioribus
1277 2062 1482 2115 dictum
1525 2071 1650 2115 est:
1692 2064 1792 2115 I’er
1824 2065 2137 2129 patientiam
2190 2080 2311 2116 cur-

741 2166 943 2203 ramus.
979 2151 1065 2204 Ait
1088 2168 1239 2220 ergo,
1269 2150 1488 2206 Cressus
1511 2164 1679 2206 rectos
1712 2154 1891 2221 facile.
1926 2154 2130 2223 Τροχιὰ
2161 2168 2306 2217 vero,

741 2248 824 2290 est
867 2241 948 2293 vel
1004 2242 1293 2310 vestigium
1344 2256 1473 2297 τοῖσι
1504 2259 1722 2307 currus,
1759 2244 1902 2315 quod
1931 2254 2091 2297 teme
2126 2245 2311 2311 impri-

745 2329 931 2387 mitur.
995 2332 1075 2384 vel
1132 2332 1283 2387 locus
1330 2336 1665 2387 currentium
1719 2334 1949 2401 pedibus
2011 2333 2308 2401 subjectus.

742 2418 865 2471 Sint
910 2420 1096 2489 igitur,
1133 2422 1329 2490 inquit,
1378 2424 1591 2485 orbitat,
1640 2425 1719 2477 vel
1762 2426 1859 2478 via:
1895 2433 2089 2479 vestra:
2131 2425 2308 2489 latves,

741 2510 916 2579 plana:
939 2520 991 2565 et
1017 2515 1274 2581 aequales,
1305 2515 1406 2569 hoc
1429 2528 1532 2580 est,
1556 2516 1692 2569 nihil
1726 2531 2001 2585 asperum,
2025 2516 2108 2569 vel
2136 2516 2309 2579 triste,

742 2616 825 2655 Vn
856 2607 1123 2673 Inaequale
1154 2608 1224 2661 sit
1250 2608 1300 2660 in
1337 2609 1626 2663 animabus
1653 2610 1883 2663 vestris:
1912 2625 2097 2663 verum
2132 2624 2314 2677 aequa--

742 2694 868 2749 liter
898 2707 950 2749 et
986 2702 1145 2766 plane
1194 2710 1246 2751 et
1284 2700 1421 2752 citra
1482 2714 1772 2753 mmrorcm
1822 2702 2045 2763 currite,
2096 2710 2154 2753 ut
2207 2716 2312 2753 non

742 2786 1136 2851 claudicantes,
1172 2788 1273 2843 hoc
1300 2799 1404 2854 est,
1441 2799 1635 2843 natura
1671 2792 2064 2859 pusillanimes.
2098 2791 2316 2845 Judaao-

746 2893 866 2930 rum
900 2880 951 2931 in
991 2895 1194 2933 morem
1230 2900 1241 2934 :
1274 2883 1437 2950 hujus
1465 2907 1472 2933 -.
1499 2884 1585 2937 odi
1623 2874 1766 2936 enim
1793 2900 1925 2953 gens
1960 2893 2041 2938 est
2064 2884 2312 2949 llebra‘a,

742 2969 1045 3034 veletiam
1108 2974 1479 3030 claudicantes
1546 2977 1691 3029 circa
1766 2976 1921 3029 ﬁdem
1985 2976 2313 3041 futurorum,

744 3058 925 3115 adhuc
948 3061 1260 3128 oﬂ'endutis,
1291 3066 1654 3135 aberreutque
1689 3068 1851 3136 pedes
1873 3069 2063 3131 vestri,
2088 3069 2189 3121 hoc
2211 3078 2315 3131 est,

747 3154 976 3209 omnino
1008 3158 1246 3225 perversi
1286 3159 1435 3211 (iant.
1473 3158 1573 3224 Qui
1618 3161 1761 3213 enim
1800 3160 2057 3219 naturali,
2101 3175 2166 3214 ac
2198 3177 2317 3228 qum

752 3246 1020 3317 principio
1052 3248 1097 3301 ei
1127 3250 1348 3314 accidit,
1379 3250 1829 3318 pusillanimitate
1865 3252 2179 3319 impellitur,
2210 3266 2316 3304 non

747 3339 1012 3392 cohibens
1044 3341 1309 3410 seipsum,
1355 3341 1449 3395 sed
1498 3342 1701 3395 dedens
1733 3344 1933 3409 potius,
1964 3342 2096 3393 clam
2140 3343 2190 3393 in
2226 3341 2311 3394 de-

748 3430 1080 3498 sperationis
1115 3432 1475 3501 praecipitium
1530 3433 1755 3486 omnino
1813 3434 2024 3495 incidit,
2084 3434 2218 3487 adeo
2264 3442 2321 3487 ut

746 3520 878 3574 inde
901 3522 985 3574 vix
1014 3523 1259 3576 revocari
1285 3524 1477 3592 possit.
1511 3523 1640 3575 Date
1665 3532 1845 3577 autem
1874 3526 2052 3591 potius
2078 3539 2318 3592 operam,

750 3621 812 3666 ut
842 3613 985 3681 quod
1028 3612 1082 3666 in
1135 3613 1291 3668 vobis
1322 3614 1577 3668 claudum
1612 3627 1716 3679 est,
1747 3624 1970 3669 curetur
2003 3632 2018 3667 :
2056 3616 2159 3668 hoc
2215 3626 2319 3681 est,

750 3705 969 3759 etiamsi
1004 3706 1270 3759 hactenus
1302 3706 1712 3760 incredulitatis
1747 3708 1994 3760 nonnihil
2029 3706 2319 3770 habuistis,

753 3796 1014 3865 corrigite
1072 3797 1252 3865 potius
1288 3815 1302 3850 :
1356 3798 1574 3852 ubinam
1616 3798 1758 3853 enim
1794 3805 1940 3853 esset
1980 3798 2029 3851 in
2084 3799 2323 3864 patiente

752 3889 1109 3943 incredulitas
1137 3890 1160 3943 ?
1187 3890 1576 3952 Animadverte
1608 3900 1787 3945 autem
1834 3892 2107 3958 quomodo
2148 3891 2323 3943 mani-

754 3976 893 4030 feste
951 3979 1173 4032 inducat
1226 3981 1634 4049 pmnitentiam,
1694 3990 1858 4050 atque
1915 3982 2057 4037 istud
2094 3982 2323 4036 observa

751 4078 975 4137 propter
1027 4066 1380 4126 Novatiados.

824 4159 991 4213 Vens.
1022 4160 1108 4213 M.
1136 4161 1327 4216 Pacem
1344 4146 2136 4232 persequiminicuntomnibus.
2168 4165 2321 4230 Quod

752 4265 921 4318 supra
968 4250 1107 4304 dixit
1140 4269 1154 4305 :
1195 4251 1320 4305 Non
1351 4254 1643 4307 deserentes
1673 4254 2006 4307 collationem
2065 4264 2323 4318 nostram,

755 4342 808 4393 id
874 4357 1021 4395 nunc
1073 4342 1238 4396 etiam
1272 4344 1403 4413 agit,
1449 4344 1515 4397 ad
1547 4345 1893 4398 dilectionem
1948 4360 2323 4414 congregans:

753 4447 859 4486 nec
898 4434 1073 4486 solum
1104 4450 1235 4502 erga
1267 4436 1474 4489 amicos
1501 4450 1563 4489 ac
1588 4428 1912 4498 'iamiliares,
1948 4450 2131 4489 verum
2161 4439 2324 4489 etiam

2410 1967 2585 2020 ταύθα
2613 1968 2684 2029 ὡς
2714 1966 2850 2035 πρὸς
2878 1966 3103 2032 δρομεῖς
3144 1962 3475 2028 διαλέγεται,
3518 1954 3702 2015 καθὼς
3729 1954 3825 2003 καὶ
3854 1951 4008 2001 ἀνευ-

2412 2058 2553 2126 τέρω
2595 2056 2787 2126 εἴρηκε
2813 2070 2827 2085 ·
2879 2055 2958 2105 Δι’
2983 2051 3298 2119 ὑπομονῆς
3334 2048 3651 2117 τρέχωμεν.
3689 2043 3853 2110 Φησὶν
3880 2036 4005 2099 οὖν,

2414 2149 2709 2214 Ποιήσατε
2761 2144 3003 2215 τροχιὰς
3038 2143 3237 2213 ὀρθάς.
3284 2140 3491 2211 Τροχιά
3536 2138 3594 2190 δέ
3650 2138 3795 2186 ἐστιν
3849 2132 3882 2199 ἦ
3943 2130 4010 2180 τὸ

2416 2242 2559 2310 ἴχνος
2596 2240 2689 2293 τοῦ
2715 2237 3023 2309 ἁρματείου
3051 2234 3269 2306 τροχοῦ,
3300 2234 3329 2286 ὃ
3358 2233 3500 2285 κατὰ
3529 2231 3629 2297 τῆς
3658 2230 3760 2295 γῆς
3792 2224 4010 2293 χαράτ-

2414 2350 2587 2396 τεται,
2640 2332 2737 2399 ἧή
2791 2330 3131 2397 ὑποκειμένη
3182 2328 3335 2395 χώρα
3384 2326 3494 2385 τοῖς
3530 2322 3637 2373 τῶν
3692 2316 4009 2387 τρεχόντων

2415 2424 2591 2476 ποσίν.
2646 2422 2928 2472 Ἔστωσαν
2989 2414 3111 2481 οόν,
3171 2418 3367 2487 φησὶν.
3432 2416 3489 2467 αί
3544 2412 3760 2482 τροχιαὶ
3815 2406 4006 2476 ὑμῶν,

2416 2518 2581 2587 ἥγουν
2631 2515 2685 2566 αί
2731 2514 2841 2565 ὁδοὶ
2890 2512 3043 2580 ὑμῶν
3100 2512 3239 2562 λεῖαι
3299 2508 3395 2561 καὶ
3445 2505 3671 2574 ὀμαλαὶ,
3727 2501 4006 2561 τουτέστι,

2420 2611 2586 2679 μηδὲν
2631 2608 2803 2678 τραχὺ
2857 2608 2953 2658 καὶ
3003 2603 3248 2674 λυπηρὸν
3298 2603 3392 2654 καὶ
3431 2598 3717 2669 ἀνώμαλον
3765 2595 3821 2644 ὲν
3875 2592 4009 2652 ταῖς

2418 2700 2712 2771 ὑμετέραις
2761 2698 2963 2766 ψυχαῖς
3010 2696 3146 2766 ἤτω,
3201 2693 3318 2747 ἀλλ’
3371 2691 3588 2761 ὁμαλῶς
3636 2691 3731 2741 καὶ
3776 2684 4009 2743 ἀλύπως

2418 2792 2513 2845 καὶ
2559 2791 2719 2851 λείως
2768 2787 3018 2857 τρέχετε,
3059 2786 3147 2838 ἵνα
3190 2785 3263 2853 μὴ
3309 2782 3476 2853 χωλοὶ⁸
3506 2780 3658 2839 ὄντες
3686 2819 3701 2841 ,
3749 2775 4010 2827 τουτέστι

2419 2882 2579 2949 φύσει
2628 2877 3093 2949 μικροψυχότερον
3141 2874 3498 2941 διακείμενοι,
3555 2868 3651 2922 ἅτε
3709 2863 3955 2917 Ἰουδαῖοι
3988 2875 4008 2892 ⁸

2417 2973 2657 3025 τοιοῦτον
2708 2972 2819 3039 γὰρ
2869 2970 2930 3021 τὸ
2962 2968 3113 3030 ἔθνος
3145 2982 3161 2996 ⁸
3194 2966 3228 3035 ἢ
3259 2968 3352 3018 καὶ
3381 2962 3713 3033 χωλεύοντες
3762 2956 3891 3024 περὶ
3942 2954 4011 3005 τὸ

2420 3065 2694 3117 πιστεύειν
2747 3063 2860 3123 τοῖς
2920 3060 3229 3129 μέλλουσιν,
3273 3057 3353 3109 ἔτι
3390 3052 3771 3126 προσπλαγῆτε
3801 3050 3873 3112 ’⁵,
3903 3046 4010 3097 καὶ

2424 3156 2769 3226 ἑκτραπῶσιν
2821 3155 2870 3205 ot
2928 3152 3088 3214 πόδες
3167 3150 3362 3217 ὑμῶν,
3408 3147 3654 3200 τουτέστι
3721 3139 4013 3199 παντελῶς

2424 3248 2672 3319 στρεϐλοὶ
2713 3246 2999 3313 γένωνται.
3041 3243 3100 3295 Ὀ
3123 3244 3234 3310 γὰρ
3261 3244 3327 3311 τῇ
3363 3241 3590 3308 φυσικῇ,
3632 3236 3664 3305 ἦ
3707 3238 3771 3303 τῇ
3806 3234 3865 3299 ἐξ
3901 3234 4013 3301 ἁρ-

2422 3344 2522 3411 χῆς
2566 3338 2954 3409 προσπεσούσῃ
3012 3335 3350 3407 μικροψυχίᾳ
3404 3330 3865 3396 συνεπαγόμενος,
3910 3325 4015 3376 καὶ

2427 3433 2501 3503 μὴ
2545 3433 2754 3500 ἀνέχων
2791 3430 3003 3492 ἑαυτὸν,
3044 3427 3161 3481 ἀλλ’
3203 3425 3457 3487 ἐνδιδοὺς,
3495 3421 3746 3474 λανθάνει
3794 3417 4012 3469 παντάο

2424 3541 2589 3577 πασιν
2647 3522 2929 3576 ἐκπίπτων
2977 3523 3057 3583 είς
3124 3519 3218 3571 τὸν
3297 3517 3400 3585 τῆς
3453 3512 3817 3581 ἀπογνώσεως
3870 3527 4016 3578 κρη-

2427 3617 2555 3687 μνὸν
2581 3617 2741 3668 "xui.
2787 3614 3175 3673 δυσανάκλιτος
3218 3610 3426 3663 ἐκεῖθεν
3459 3607 3556 3662 ὥν.
3600 3607 3760 3659 Ἀλλὰ
3805 3603 4015 3671 μᾶλλον

2426 3708 2785 3769 σπουδάσατε,
2829 3707 2919 3757 ἵνα
2944 3704 3065 3773 ἰαθῇ
3099 3703 3161 3756 τὸ
3196 3704 3254 3754 ὲν
3286 3701 3414 3770 ὑμῖν
3467 3697 3725 3767 χωλεῦον,
3759 3694 4017 3747 τουτέστι

2426 3804 2525 3857 κᾶν
2564 3820 2685 3855 τινα
2724 3798 2986 3853 ἀπιστίαν
3022 3795 3183 3864 ἔχητε
3226 3794 3387 3862 μέχρι
3414 3790 3507 3842 τοῦ
3530 3788 3647 3852 νῦν,
3676 3784 4015 3855 διορθώθητε

2431 3895 2650 3964 μᾶλλον.
2699 3890 2814 3945 Ποῦ
2856 3890 2966 3958 γὰρ
2994 3889 3052 3939 ὲν
3076 3886 3153 3956 τῷ
3185 3884 3515 3953 ὑπομένοντι
3550 3880 3778 3933 ἀπιστία
3808 3896 3823 3942 ;
3864 3878 4015 3945 ὐρα

2426 3990 2481 4041 δὲ
2509 3986 2624 4048 πῶς
2652 3984 2865 4050 είσάγει
2891 3978 3140 4049 φανερῶς
3169 3977 3270 4047 τὴν
3300 3974 3609 4040 μετάνοιαν,
3642 3972 3737 4023 καὶ
3770 3968 4016 4037 σημείω-

2430 4094 2517 4129 σαι
2548 4075 2706 4127 τοῦτο
2725 4059 2813 4125 διὰ
2832 4072 2959 4132 τοὺς
2976 4065 3374 4125 Ναυατιανούς.

2495 4166 2758 4234 Εἰρήνην
2787 4162 3026 4215 διώκετε
3048 4156 3199 4227 μετὰ
3226 4157 3489 4210 πάντων.
3540 4153 3720 4219 Ὅπερ
3748 4149 4017 4215 ἀνωτέρω

2430 4256 2545 4310 εἷπε
2575 4276 2587 4288 ·
2651 4256 2744 4321 Μὴ
2800 4252 3339 4319 ἐγκαταλείποντες
3390 4246 3506 4313 τὴν
3545 4240 4017 4308 ἐπισυναγωγὴν

2432 4348 2679 4414 ἑαυτῶν,
2709 4345 2865 4399 τοῦτο
2892 4344 2989 4396 καὶ
3026 4342 3121 4394 νῦν
3154 4343 3319 4403 ποιεῖ,
3372 4341 3451 4400 είς
3480 4337 3702 4404 ἀγάπην
3735 4334 4009 4399 συνάγων.

2433 4444 2543 4496 Καὶ
2587 4441 2645 4492 οὐ
2698 4440 2858 4508 μόνον
2900 4438 3038 4506 πρὸς
3076 4434 3205 4495 τοὺς
3248 4430 3504 4491 οἰκείους,
3535 4427 3675 4480 ἀλλὰ
3722 4425 3817 4477 καὶ
3873 4422 4016 4491 πρὸς

757 4539 884 4592 erga
935 4524 1122 4578 hostes
1171 4541 1358 4593 pacem
1427 4524 1633 4581 habere
1680 4542 1743 4580 ac
1799 4528 1999 4581 sectari
2048 4527 2315 4579 admonet.

2432 4534 2555 4595 τοὺς
2604 4530 2831 4601 ἐχθροὺς
2878 4525 3182 4597 εἰρηνεύειν
3237 4522 3509 4591 παραινεῖ.
3565 4516 3723 4572 Μετὰ
3767 4514 4018 4568 πάντων

755 4614 888 4668 Cum
932 4616 1172 4670 omnibus
1225 4618 1392 4681 enim,
1433 4618 1629 4687 inquit,
1662 4628 1715 4672 et
1746 4618 1967 4683 Grcecis,
2001 4624 2053 4671 et
2103 4616 2326 4683 Julia-is,

755 4716 810 4760 et
860 4708 1130 4761 hostibus.
1185 4710 1454 4773 Quantum
1481 4710 1649 4775 enim,
1685 4710 1883 4778 inquit,
1941 4712 1995 4762 in
2036 4711 2179 4764 vobis
2228 4720 2323 4777 est,

756 4815 874 4851 cum
905 4799 1144 4852 omnibus
1170 4800 1466 4853 hominibus
1494 4818 1675 4869 pacem
1724 4802 1905 4854 habete
1935 4802 1999 4854 “.
2036 4800 2091 4854 Si
2136 4804 2327 4870 hujus-

755 4893 903 4945 modi
930 4892 1268 4960 propositum
1296 4892 1617 4955 habueritis,
1646 4908 1755 4945 non
1783 4894 1933 4946 eritis
1958 4894 2327 4962 pusillanimes

758 4983 814 5034 in
867 4981 1177 5037 aﬂlictionc.
1235 4981 1445 5048 Reputa
1503 4984 1667 5037 etiam
1728 4985 1870 5052 quod
1922 4984 2084 5053 750
2142 4986 2327 5037 dixit:

760 5072 1164 5143 Persequimini,
1195 5074 1293 5129 hoc
1328 5086 1428 5139 est,
1455 5090 1662 5145 pacem,
1681 5076 1843 5130 etiam
1868 5092 1989 5145 qua:
2012 5076 2197 5144 procul
2224 5086 2325 5141 est,

762 5164 979 5219 studete
1011 5167 1494 5234 comprehendere,
1546 5182 1664 5222 eam
1726 5168 1792 5221 ad
1831 5182 1924 5223 vos
1966 5169 2117 5237 ipsos
2157 5177 2328 5221 attra-

762 5256 977 5311 hentcs.

836 5348 902 5400 Et
935 5350 1364 5403 sanctimoniam.
1391 5350 1503 5404 lloc
1530 5357 1635 5413 est,
1667 5350 1957 5419 puritatem
1988 5368 2001 5404 :
2035 5349 2079 5403 si
2108 5349 2323 5417 quidem

762 5440 1025 5509 lnnuplus
1088 5440 1353 5508 quispiam
1416 5453 1518 5508 est,
1587 5443 1991 5511 virginitatem;
2046 5445 2087 5496 si
2145 5452 2324 5495 autem

834 5621 875 5648 ⁶¹
911 5619 1065 5676 Rom.
1102 5638 1197 5685 xu,
1232 5623 1283 5676 8.

2430 4624 2557 4691 γὰρ,
2614 4623 2768 4691 φησὶ,
2814 4620 2908 4673 καὶ
2960 4616 3250 4685 Ἑλλήνων,
3283 4616 3377 4665 καὶ
3424 4611 3715 4670 Ἰουδαίων,
3759 4607 3855 4659 καὶ
3902 4606 4016 4657 τῶν

2431 4713 2659 4781 ἐχθρῶν.
2686 4712 2877 4763 Ὅσον
2914 4706 3044 4777 γὰρ,
3087 4707 3240 4775 φησὶ,
3274 4705 3364 4771 ἐφ’
3404 4700 3566 4770 ὑμῖν,
3592 4698 3738 4766 μετὰ
3768 4695 4017 4748 πάντων

2429 4802 2753 4871 ἀνθρώπων
2786 4800 3142 4866 εἰρηνεύετε.
3189 4795 3315 4847 Ἐὰν
3344 4795 3400 4846 δὲ
3449 4790 3705 4858 τοιαύτην
3749 4787 4015 4856 πρόθεσιν

2430 4895 2613 4964 ἔχητε,
2662 4893 2813 4945 οὐδὲν
2874 4889 3317 4960 μικροψυχήσετε
3355 4881 3810 4951 ἐπηρεαζόμενοι.
3868 4876 4016 4941 Ὅρα

2433 4988 2489 5039 δὲ
2518 4989 2608 5039 καὶ
2645 4985 2723 5049 τὸ,
2755 4983 3020 5046 Διώκετε,
3046 4980 3290 5034 τουτέστι
3325 4978 3418 5030 καὶ
3457 4975 3645 5045 πόρρω
3696 4969 3862 5023 οὖσαν
3911 4967 4015 5034 τὴν

2436 5078 2661 5146 εἰρήνην
2688 5072 3021 5136 σπουδάζετε
3044 5069 3394 5134 καταλαϐεῖν,
3426 5065 3563 5137 πρὸς
3584 5061 3811 5123 ἑαυτοὺς
3847 5058 4012 5127 ὲφὲλ-

2436 5186 2644 5230 κοντες.

2466 5343 2469 5346 ’
2506 5353 2609 5405 Καὶ
2660 5353 2765 5402 τὸν
2802 5349 3120 5417 ἁγιασμόν.
3161 5343 3443 5405 Τουτέστι,
3479 5340 3577 5409 τὴν
3613 5337 3970 5407 καθαρότητα
3997 5354 4010 5367 ·

2437 5442 2484 5493 εἰ
2524 5440 2620 5509 μὲν
2651 5439 2864 5507 ἄγαμός
2896 5437 3011 5489 ἐστί
3053 5452 3156 5499 τις,
3206 5432 3489 5502 φυλάττων
3526 5429 3626 5500 τὴν
3664 5426 3967 5497 παρθενίαν
3993 5441 4009 5457 '

2096 5708 2290 5769 Varia}
2333 5707 2658 5767 lectiones.

832 5815 878 5846 “
906 5814 1223 5877 ἀνιαθέντας
1257 5819 1372 5871 ἐκεῖ
1398 5814 1693 5870 ἀναπαύων
1726 5828 1776 5866 o.

1856 5814 1896 5845 ⁷⁵
1936 5829 2073 5880 προσ
2085 5812 2321 5878 πλη-(ἦτε
2361 5825 2430 5861 ιη.

2509 5810 2553 5839 ⁷⁵
2595 5808 2753 5877 βυθὸν
2783 5826 2835 5863 ο.
