4156 6440
742 386 848 449 383

1657 391 2244 453 THEOPHYLACTI
2277 391 2687 453 BULGARIIE
2714 390 3067 452 ARCHIEP.

3883 380 4013 443 384

742 502 965 567 populo.
1004 500 1204 571 inquit,
1238 502 1505 559 habemus
1533 519 1631 558 nos
1664 505 1979 573 angelorum
2005 504 2306 575 myriadas.

2432 506 2543 560 ιαοῦ
2570 506 2763 576 ἔχομεν
2792 506 2952 571 ἡμεῖς
2998 500 3242 569 ἀγγέλων
3308 497 3588 568 μυριάδας,
3633 496 3751 549 ἀντὶ
3781 494 3872 546 τοῦ
3914 496 4023 558 gari-

743 591 988 659 adeoque.
1020 609 1120 661 pro
1152 609 1351 662 pavore
1381 596 1639 665 gaudium
1668 614 1683 652 :
1718 598 1819 651 hoc
1841 598 1984 652 enim
2017 613 2132 666 per,
2166 595 2311 651 Con-

745 694 972 748 tentum,
1000 686 1363 753 signiﬁcatur.
1401 688 1503 742 Ubi
1558 690 1704 743 enim
1738 692 2051 760 pancgyris,
2108 692 2180 745 ibi
2231 698 2315 745 est

747 772 947 826 lmtitia.
985 775 1280 849 Panegyris
1314 779 1479 848 igitur
1503 780 1609 834 ista
1642 781 1696 835 in
1722 783 2066 853 tnyriadibus
2092 783 2315 852 angelo-

745 879 863 917 rum
888 869 1162 922 consistit.

820 956 1099 1013 Vsus.25.
1147 959 1213 1013 Et
1246 962 1316 1014 ad
1363 961 1651 1019 Ecclesium
1698 967 2164 1035 primogenitorum
2222 969 2313 1037 qui

747 1050 1034 1115 conscripti
1066 1061 1185 1104 sunt
1216 1052 1271 1105 in
1293 1056 1457 1107 caelis.
1494 1054 1890 1125 Primogenitos
1922 1060 2155 1127 appel‘at
2183 1059 2317 1114 [ide-

748 1141 846 1202 les,
885 1153 1237 1196 consecratos
1270 1145 1378 1200 Deo
1429 1163 1491 1201 ac
1526 1150 1920 1209 sanctiﬁcatos,
1950 1166 2181 1218 quorum
2219 1168 2318 1205 no-

748 1232 893 1284 mina
934 1245 1056 1286 Sunt
1095 1236 1145 1287 in
1179 1236 1316 1289 libro
1338 1240 1479 1299 vine,
1509 1241 1734 1306 perinde
1764 1258 1825 1293 at:
1864 1242 2125 1298 Doiiiinus
2154 1243 2317 1297 eziam

747 1320 1033 1388 discipulis
1062 1324 1317 1380 dicebat:
1362 1326 1548 1382 Vestra
1599 1342 1774 1384 autem
1831 1333 2048 1386 nomina
2118 1334 2321 1402 scripta

748 1412 948 1463 suntin
989 1414 1135 1467 cretis
1166 1416 1232 1469 ".
1270 1416 1539 1482 Quoniam
1593 1436 1723 1473 vero
1768 1420 1909 1476 Deus
1952 1433 2036 1476 est
2079 1437 2325 1476 commu-

749 1502 835 1555 nis
866 1506 1108 1558 einnium
1143 1507 1326 1569 Pater,
1362 1524 1553 1562 omnes
1602 1510 1820 1579 quidem
1883 1513 2137 1568 homines
2196 1524 2325 1568 sunt

748 1592 840 1643 ﬁfii
871 1594 991 1657 eius
1016 1597 1383 1651 communiter
1410 1616 1425 1651 :
1452 1598 1644 1677 horum
1671 1617 1801 1655 vero
1828 1604 2172 1673 prinmgi-niti
2193 1617 2322 1658 sunt

750 1684 780 1732 li
805 1682 955 1746 lelcs,
987 1685 1231 1755 adeoque
1256 1687 1405 1756 digni
1451 1689 1749 1758 adoptione
1782 1692 2043 1760 ﬁliorum,
2086 1711 2207 1764 qua:
2239 1704 2323 1748 est

750 1775 1054 1829 secundum
1087 1781 1449 1845 propositum.
1497 1780 1599 1843 Vel,
1619 1783 1941 1852 simpliciter
1974 1801 2165 1839 omnes
2202 1785 2323 1853 qui-

2416 600 2512 652 6ου
2538 598 2731 670 χαρὰν,
2755 596 2913 649 τοῦτο
2953 595 3060 663 γὰρ
3091 591 3341 660 δηλοῦται
3364 590 3449 642 διὰ
3477 588 3590 649 τοῦ,
3642 588 4015 654 aurarii-pm-

2419 689 2587 743 Ἔνθα
2608 689 2713 756 γὰρ
2759 687 3086 755 πανήγυρις,
3130 684 3249 735 ἐκεῖ
3271 682 3433 751 χαρά.
3474 680 3535 731 Ἥ
3568 678 3873 749 πανήγυρις
3906 674 4012 728 οὖν

2416 778 2553 848 αὕτη
2598 780 2654 830 ὲν
2705 776 2962 846 μυριάσιν
3011 772 3259 840 ἀγγέλων
3307 769 3642 821 συνίσταται.

2490 954 2601 1009 Καὶ
2647 952 2973 1020 Ἐκκλησία
3022 950 3410 1020 πρωτοτόκων
3464 943 4020 1014 ἀπογεγραμμένων

2419 1046 2488 1099 ἐν
2510 1044 2808 1112 οὐρανοῖς.
2844 1043 3230 1112 Πρωτοτόκους
3262 1040 3415 1093 καλεῖ
3445 1040 3569 1100 τοὺς
3604 1037 3848 1097 πιστοὺς.
3878 1038 4017 1096 τοὺς

2420 1136 2833 1206 ἁςριερωμένους
2874 1134 3010 1205 Θεῷ,
3070 1135 3192 1195 τοὺς
3236 1132 3621 1202 ήγιασμένους,
3669 1123 3744 1182 ὧν
3787 1129 3854 1181 τὰ
3889 1128 4017 1179 ὀνό-

2424 1247 2568 1299 ματα
2608 1230 2665 1280 ὲν
2710 1228 2876 1297 βίϐλῳ
2899 1225 3062 1293 ζωῆς,
3094 1225 3237 1278 καθὰ
3266 1224 3357 1277 καὶ
3379 1226 3405 1277 ὁ
3448 1222 3652 1294 Κύριος
3684 1222 3795 1281 τοῖς
3830 1218 4021 1287 μαθη-

2420 1321 2539 1381 ταῖς
2567 1318 2754 1386 ἔλεγεν
2776 1337 2789 1350 ·
2840 1317 3036 1386 ’Υμῶν
3055 1317 3122 1369 δὲ
3153 1316 3224 1369 τὰ
3245 1316 3505 1384 ὀνόματα
3526 1311 3752 1382 ἐγράφη
3784 1311 3853 1362 ἐν
3876 1309 4017 1374 τοῖς

2421 1408 2721 1476 οὐρανοῖς.
2770 1407 2989 1477 Ἐπειδὴ
3018 1407 3075 1458 δὲ
3110 1406 3286 1468 κοινός
3314 1406 3430 1457 ἐστι
3472 1402 3661 1471 Πατὴρ
3711 1400 3931 1452 πάντων
3981 1400 4020 1450 6

2422 1499 2572 1563 Θεὸς,
2617 1500 2817 1561 πάντες
2868 1498 2963 1567 μὲν
3010 1495 3283 1565 ἄνθρωποι
3325 1494 3434 1549 υἱοί
3484 1494 3623 1545 εἰσιν
3668 1490 3834 1543 αὐτοῦ
3884 1507 4018 1541 κοι-

2423 1590 2565 1652 νῶς·
2600 1588 2935 1657 πρωτότοκοι
2989 1587 3046 1641 δὲ
3089 1584 3318 1645 τούτων,
3363 1586 3411 1636 οἱ
3460 1580 3870 1642 πιστεύσαντες.
3912 1580 4017 1630 καὶ

2425 1681 2567 1746 ἄξιοι
2604 1682 2701 1744 τῆς
2744 1679 2886 1732 κατὰ
2930 1677 3188 1747 πρόθεσιν
3215 1675 3258 1707 ⁸⁸
3291 1660 3584 1734 υἱοθεσίας.
3618 1671 3684 1725 ’⁸11
3734 1671 3827 1723 καὶ
3869 1671 4017 1722 πάν-

2425 1791 2516 1837 τες
2550 1773 2647 1843 μὲν
2675 1770 2861 1833 ἁπλῶς
2906 1772 2956 1823 οί
3000 1768 3366 1830 πιστεύοντες,
3397 1764 3503 1817 υἱοί
3532 1781 3544 1794 ·
3576 1763 3908 1833 πρωτότοκοι
3952 1760 4016 1813 δὲ

751 1870 871 1921 deut
900 1872 1207 1936 credentes,
1240 1872 1332 1927 lilii
1388 1886 1554 1942 sunt;
1603 1879 1951 1947 primogeniii
1980 1889 2183 1944 autem,
2220 1851 2321 1948 qui

2432 1866 2474 1917 οἱ
2502 1865 2803 1933 εὐάρεστοι,
2842 1863 2933 1915 καὶ
2966 1861 3073 1915 τῶν
3103 1857 3407 1927 πρεσϐειῶν
3431 1857 3493 1908 ὲν
3533 1854 3677 1923 λόγῳ
3715 1855 3809 1906 καὶ
3850 1851 4013 1903 πολι-

755 1959 863 2012 lien
899 1961 1035 2016 bene
1069 1964 1306 2031 placent,
1333 1975 1388 2020 et
1441 1969 1497 2021 in
1548 1970 1715 2023 verbo
1750 1973 1981 2039 vitaeque
2020 1987 2326 2026 cenversa-

752 2054 901 2107 tione
940 2054 1309 2123 legationibus
1339 2061 1481 2128 apud
1516 2060 1685 2114 Deum
1723 2063 1928 2132 dignati
1963 2074 2112 2118 sunt.

832 2146 1144 2216 Etjudicem
1185 2150 1352 2205 Deum
1377 2155 1633 2206 omnium.
1668 2154 1768 2208 llic
1795 2172 2010 2225 quoque
2047 2166 2324 2226 perterre-

756 2237 892 2290 farit
922 2254 1038 2293 eos.
1080 2240 1338 2295 Omnium
1379 2245 1550 2309 enim,
1583 2258 1688 2297 non
1726 2242 2036 2299 Judzornm
2090 2255 2323 2307 tantum,

753 2338 1013 2383 caeterum
1048 2341 1102 2385 et
1138 2332 1561 2402 ﬁdeliumjudex
1591 2343 1699 2389 est.
1723 2336 1878 2389 lllum
1928 2351 2059 2405 ergo
2107 2337 2317 2390 timete.

757 2420 1008 2475 Ostendit
1046 2430 1228 2476 autem
1254 2424 1529 2492 quomodo
1561 2426 1636 2479 illi
1679 2426 1954 2481 veteribus
1978 2427 2329 2480 excellentio-

759 2530 845 2567 νος
876 2524 1031 2582 sunt,
1066 2516 1337 2585 siquidem
1372 2520 1447 2573 illl
1473 2534 1542 2573 ne
1571 2520 1716 2573 nuda
1740 2521 1959 2589 quidem
1999 2519 2162 2573 verba
2197 2533 2327 2572 sus-

757 2606 1049 2671 tinebant,
1118 2625 1293 2676 neque
1352 2612 1522 2664 monti
1595 2612 1815 2681 quidem
1893 2613 2332 2681 apprOpinqnare

760 2699 1080 2754 audebant:
1121 2717 1217 2756 vos
1245 2713 1425 2756 autem
1469 2704 1646 2773 ipsum
1684 2704 1923 2771 iudicem
1982 2704 2219 2768 adiistis,
2278 2703 2331 2757 id

756 2803 860 2851 cst.
893 2791 1192 2849 Christum.
1226 2793 1387 2847 Pater
1413 2796 1559 2848 enim
1603 2813 1703 2849 non
1736 2794 1943 2859 iudicat
1992 2811 2329 2866 quemquam,

756 2883 1120 2949 sedjudicium
1154 2902 1304 2938 omne
1327 2886 1473 2939 dedit
1518 2888 1653 2941 Filio
1676 2888 1744 2943 ⁸⁸.

832 2974 897 3025 Et
921 2974 989 3026 ad
1020 2976 1237 3041 spiritus
1251 2976 1519 3042 justorum
1559 2978 1929 3046 perfectorum.
1964 2978 2076 3032 Hoc
2106 2987 2211 3041 est,
2247 2977 2312 3030 ad

762 3062 973 3116 animas
1004 3078 1191 3117 eorum
1240 3064 1333 3134 qui
1371 3065 1503 3119 clari
1534 3076 1590 3121 et
1617 3067 1842 3136 perfecti
1875 3068 1974 3121 visi
2022 3075 2150 3121 sunt
2190 3064 2329 3134 apud

761 3153 957 3253 puum,
1000 3171 1097 3225 per
1127 3155 1285 3209 ﬁdem
1324 3157 1601 3221 videlicet,
1633 3159 1709 3212 uti
1729 3160 2124 3213 demonstravit
2159 3175 2173 3211 :
2210 3158 2403 3253 qui-c

765 3244 868 3297 bus
897 3246 1060 3298 etiam
1090 3246 1427 3315 adjuugendi
1457 3248 1612 3313 estis,
1648 3249 1693 3304 si
1732 3250 1892 3304 modo
1939 3251 2063 3304 illos
2116 3248 2332 3304 fueritis

764 3334 985 3389 imitati.

837 3429 1001 3483 Vens.
1026 3429 1116 3483 2i.
1154 3430 1230 3483 Ae
1262 3432 1575 3485 Testamenti
1606 3430 1745 3486 Novi
1766 3434 2103 3487 mediatorem
2131 3432 2332 3487 Iesum.

763 3516 882 3572 Non
918 3534 1136 3574 servum
1169 3518 1355 3575 Mosen
1384 3520 1622 3587 adiistis,
1654 3523 1751 3577 sed
1806 3520 1989 3577 Iesum
2044 3522 2336 3577 Dominum

765 3622 1037 3667 nostrum.

841 3702 911 3755 Et
938 3704 1244 3773 sanguinem
1269 3704 1616 3772 aspersiont's.
1642 3701 1755 3757 Hoc
1784 3712 1893 3769 est,
1921 3704 2337 3773 puriﬁcationis.

772 3791 1007 3863 Sanguis
1039 3792 1186 3847 enim
1220 3792 1425 3848 Christi
1452 3808 1779 3863 conspersus
1799 3809 1962 3864 super
1994 3810 2115 3859 nos,
2145 3808 2343 3865 purga-

768 3886 849 3937 vit
876 3899 978 3939 nos
1005 3894 1061 3939 et
1090 3885 1473 3940 sanetiﬁcavit.

845 3990 1035 4043 Melius
1094 3989 1403 4059 loquentem,
1453 4008 1612 4061 quam
1671 3990 1820 4044 Abel.
1874 3989 2111 4059 Sanguis
2176 3990 2342 4061 igitur

771 4082 954 4137 Abelis
977 4082 1191 4138 locutus
1223 4084 1342 4138 est?
1371 4081 1624 4137 Omnino.
1662 4082 1772 4135 Vox
1796 4083 1963 4146 enim,
1988 4082 2188 4150 inquit,
2214 4098 2341 4135 san-

774 4176 948 4242 guinis
972 4175 1155 4241 fratris
1184 4176 1268 4227 sui
1311 4174 1508 4227 clamat
1542 4176 1610 4228 ad
1649 4191 1729 4228 me
1758 4174 1827 4227 ".
1865 4172 1959 4228 Vel
1990 4173 2136 4243 quod
2170 4187 2338 4242 supra

775 4265 983 4319 dictum
1009 4274 1117 4329 est,
1156 4266 1397 4334 loquitur
1427 4281 1595 4328 nunc,
1646 4282 1769 4319 cum
1802 4267 2112 4318 celebratur
2161 4272 2215 4318 et
2247 4266 2343 4319 de-

775 4366 1026 4408 cantalur
1053 4357 1193 4423 apud
1223 4372 1414 4411 omnes
1448 4358 1726 4410 mortales.
1790 4357 1857 4408 At
1888 4356 2095 4410 Christi
2115 4356 2342 4424 sanguis

774 4448 1199 4515 splendidiorem
1237 4462 1423 4501 vocem
1479 4450 1591 4501 edit
1642 4458 1696 4500 et
1732 4448 2233 4515 signiticantiorem,
2289 4454 2343 4500 et

2424 1955 2547 2026 τείᾳ
2573 1954 2868 2023 ἠξιωμένοι
2898 1951 3048 2021 παρὰ
3080 1950 3223 2018 Θεῷ.

2497 2131 2602 2184 Καὶ
2644 2127 2813 2197 κριτῇ
2847 2127 2967 2192 Θεῷ
3001 2126 3261 2179 πάντων.
3294 2121 3559 2176 Ἐνταῦθα
3595 2121 3689 2173 καὶ
3721 2118 3874 2188 φοσεί
3904 2117 4009 2169 αὖ·

2427 2222 2571 2285 τούς.
2617 2222 2840 2274 Πάντων
2871 2220 3002 2289 γὰρ,
3045 2219 3165 2288 ούχὶ
3218 2216 3484 2269 Ἰουδαίων
3515 2212 3695 2281 μόνον,
3740 2208 3875 2262 ἀλλὰ
3908 2208 4006 2259 καὶ

2429 2314 2634 2367 πιστῶν
2684 2316 2797 2365 ἐστι
2836 2312 3053 2380 κριτής.
3095 2308 3369 2379 Φοϐήθητε
3397 2302 3490 2359 οὖν
3516 2304 3723 2355 τοῦτον.
3754 2300 4007 2353 Δείκνυσι

2429 2402 2486 2456 δὲ
2517 2402 2633 2469 ἅμα
2668 2404 2759 2454 καὶ
2792 2401 2888 2471 τὴν
2911 2398 3182 2469 ὑπεροχὴν
3222 2396 3419 2459 αὐτῶν,
3450 2395 3548 2464 τὴν
3579 2392 3719 2463 πρὸς
3751 2390 3878 2452 τοὺς
3905 2389 4017 2441 πά-

2430 2492 2541 2556 λαι,
2575 2493 2691 2559 εἴγε
2725 2494 2921 2545 ἐκεῖνοι
2954 2492 3052 2558 μὲν
3083 2491 3200 2543 οὐδὲ
3229 2490 3486 2560 ῥημάτων
3509 2485 3680 2555 ψιλῶν
3706 2483 4014 2553 ἠνείχοντο,

2432 2585 2548 2639 οὐδὲ
2579 2584 2821 2652 ἐτόλμων
2853 2584 3070 2651 ἐγγίσαι
3105 2582 3225 2636 οὐδὲ
3251 2582 3327 2652 τῷ
3359 2581 3493 2650 ὄρει·
3528 2579 3682 2647 ὑμεῖς
3710 2574 3767 2628 δὲ
3798 2577 3889 2627 καὶ
3911 2574 4016 2625 αὖα

2431 2674 2509 2742 τῷ
2534 2674 2611 2741 τῷ
2654 2676 2810 2743 κριτῇ
2875 2670 3335 2744 προσεληλύθατε,
3366 2668 3612 2720 τουτέστι
3649 2663 3889 2735 Χριστῷ.
3937 2660 4017 2715 Οὐ

2431 2768 2541 2837 γὰρ
2571 2768 2774 2834 Πατὴρ
2808 2768 2996 2834 κρίνει
3026 2763 3264 2829 οὐδένα,
3302 2761 3461 2815 ἀλλὰ
3503 2759 3618 2827 τὴν
3650 2758 3854 2825 κρίσιν
3897 2753 4019 2810 mi-

2433 2871 2556 2910 σαν
2582 2856 2801 2910 δέδωκε
2834 2856 2914 2920 τῷ
2957 2853 3085 2918 mp.

2506 2948 2616 3002 Καὶ
2639 2949 2938 3015 πνεύμασι
2958 2944 3202 2998 δικαίων
3225 2938 3710 3007 τετελειωμένων.
3727 2936 4019 2995 Τουτέστι,

2433 3041 2552 3103 ταῖς
2577 3038 2777 3108 ψυχαῖς
2804 3035 2910 3090 τῶν
2939 3033 3415 3104 εὐδοκιμησάντων
3444 3031 3536 3083 καὶ
3568 3027 3789 3082 τελείων
3818 3024 4021 3107 φανέν-

2433 3151 2542 3187 των
2593 3132 2746 3202 παρὰ
2780 3129 2921 3200 Θεῷ,
2960 3127 3048 3180 διὰ
3071 3128 3170 3198 τῆς
3229 3126 3463 3184 πίστεως
3510 3119 3731 3191 δηλαδὴ,
3782 3117 3858 3178 ὡς
3910 3116 4023 3167 ἁπ-

2436 3225 2657 3291 έδειξενσ
2690 3217 2771 3286 οἷς
2833 3220 3053 3291 μέλλετε
3130 3216 3484 3286 συνταγῆναι,
3558 3212 3654 3264 ἐὰν
3734 3207 4023 3279 ζηλὼσητε

2434 3318 2678 3378 τούτους.

2505 3410 2615 3465 Καὶ
2653 3406 2948 3474 Διαθήκης
2988 3405 3143 3468 Νέας
3166 3402 3385 3471 μεσίτῃ
3434 3398 3658 3465 Ἰησοῦ.
3716 3395 3851 3468 Οὐχὶ
3891 3393 4028 3447 Μω-

2437 3506 2504 3576 σῇ
2534 3501 2612 3574 τῷ
2639 3500 2828 3571 δούλῳ,
2859 3497 2995 3554 ἀλλὰ
3044 3497 3218 3566 Ἰησοῦ
3243 3494 3322 3563 τῷ
3352 3492 3536 3561 Κυρίῳ
3559 3490 3741 3560 ἡμῶν.

2509 3678 2616 3733 Καὶ
2680 3677 2880 3747 αἵματι
2918 3672 3275 3742 ῥαντισμοῦ.
3333 3669 3591 3723 Τουτιστι
3652 3664 4025 3735 καθαρισμοῦ.

2439 3774 2513 3826 Τὸ
2540 3772 2649 3843 γὰρ
2680 3768 2820 3842 αἷμα
2845 3769 2939 3822 τοῦ
2970 3765 3205 3838 Χριστοῦ
3242 3762 3522 3835 ραντισθὲν
3553 3759 3638 3829 ἐφ’
3667 3759 3837 3828 ἡμᾶς,
3888 3758 4028 3810 ἐκά-

2440 3867 2507 3920 θα
2516 3884 2571 3937 ρε
2608 3866 2700 3919 καὶ
2737 3864 2928 3933 ἡγίασε
2940 3902 2953 3915 .

2512 3970 2791 4037 Κρεῒττον
2822 3963 3113 4020 λαλοῦντι
3144 3962 3303 4031 παρὰ
3336 3960 3403 4014 τὸ
3442 3961 3644 4014 Ἅϐελ.
3692 3958 3766 4011 Τὸ
3787 3956 3896 4025 γὰρ
3928 3953 4030 4006 τοῦ

2447 4061 2613 4117 Ἀὄελ
2661 4058 2920 4121 ὲλὰλησες
2969 4055 3098 4109 Ναί.
3157 4052 3329 4121 Φωνὴ
3383 4053 3514 4122 γὰρ,
3550 4050 3733 4119 φησὶν,
3776 4048 4033 4115 αἵματος

2442 4155 2550 4209 τοῦ
2580 4150 2846 4221 ἀδελφοῦ
2874 4163 2990 4203 σου
3016 4145 3139 4213 βοᾷ
3167 4145 3316 4213 πρός
3360 4161 3455 4213 με.
3490 4143 3562 4196 ’Π
3598 4142 3736 4209 ὅπερ
3766 4138 3861 4193 καὶ
3886 4141 4034 4191 ἀνω-

2442 4248 2589 4317 τέρω
2632 4245 2867 4315 εἴρηται,
2900 4243 2981 4295 ὅτι
3027 4238 3179 4292 λαλεῖ
3219 4238 3313 4290 καὶ
3359 4234 3455 4288 νῦν
3502 4232 3876 4303 φημιζὸμενον
3927 4228 4031 4281 καὶ

2445 4339 2704 4411 ᾀδόμενον
2751 4333 2903 4404 παρὰ
2930 4333 3120 4385 πᾶσιν.
3160 4328 3321 4382 Ἀλλὰ
3352 4329 3415 4381 τὺ
3441 4327 3536 4380 τοῦ
3590 4322 3827 4395 Χριστοῦ
3882 4323 4033 4392 λαμ-

2451 4428 2720 4499 προτέραν
2772 4424 2958 4494 φωνὴν
2999 4420 3194 4491 ἀφίησι
3233 4420 3329 4472 καὶ
3370 4418 3771 4487 εύσημοτέραν,
3802 4413 3891 4466 διὰ
3917 4413 4035 4465 τῶν

775 4541 1086 4604 ciariorem,
1138 4556 1235 4609 per
1274 4555 1363 4593 res
1425 4541 1572 4609 ipsas
1626 4540 1893 4604 clamans,
1942 4541 2084 4608 quod
2150 4554 2332 4593 omne:

2451 4518 2787 4588 πραγμάτων
2817 4514 2976 4585 βοῶν.
3023 4513 3105 4564 ὅτι
3135 4509 3342 4571 πάντας
3373 4507 3588 4577 ἡγίασε,
3620 4506 3725 4557 Καὶ
3752 4502 3930 4562 ἄλλως
3974 4501 4035 4554 δὲ

777 4630 1155 4683 εηιιοιίιίαινὶι.
1180 4629 1320 4694 Quin
1375 4639 1430 4683 et
1461 4631 1596 4684 alias
1628 4631 1867 4699 loquitur
1900 4649 1913 4683 :
1950 4631 2043 4683 ubi
2075 4629 2345 4682 invenerit

779 4730 1015 4774 tuentem
1047 4720 1344 4782 sinceram,
1373 4723 1574 4774 excitat
1598 4736 1739 4783 eam,
1763 4730 1819 4775 et
1844 4720 1976 4774 facit
1998 4719 2162 4791 ⁵154¹
2177 4721 2342 4790 loqui.

777 4813 1007 4878 Spiritus
1040 4813 1185 4867 enim
1212 4814 1445 4881 loquitur
1482 4813 1755 4883 gemitibus
1801 4812 2247 4866 inenarrabitibus
2271 4812 2342 4863 ⁷⁸.

775 4905 942 4960 Divus
988 4915 1169 4959 autem
1227 4904 1463 4974 Cyrillus
1529 4906 1610 4959 sic
1675 4904 1961 4967 intellexit,
2013 4904 2157 4973 quod
2215 4917 2345 4956 san-

778 4998 901 5068 guis
931 4997 1115 5050 Abelis
1178 4996 1490 5050 clamaverit
1523 4997 1785 5050 adversus
1810 4995 2110 5049 occisorem
2145 5010 2159 5046 :
2191 4992 2351 5047 Chri-

785 5091 853 5143 sti
891 5097 1073 5143 autem
1114 5089 1341 5159 sanguis
1392 5104 1491 5157 pro
1549 5089 1708 5143 nobis
1743 5088 1986 5158 loquitur
2025 5087 2089 5137 ad
2132 5084 2346 5137 Patrem

782 5193 965 5233 suum.

857 5269 1025 5323 Vsus.
1071 5268 1162 5323 25.
1230 5267 1411 5321 Videte
1467 5282 1530 5319 ne
1588 5267 1833 5319 recusatis
1900 5266 2215 5335 loquentem.
2267 5262 2347 5316 Eo

784 5359 926 5427 quod
970 5370 1077 5409 non
1113 5355 1334 5409 creditis
1363 5355 1481 5420 ejus
1518 5353 1994 5423 promissionibus,
2020 5351 2114 5407 sed
2149 5350 2345 5419 despe-

2442 4612 2593 4664 λαλεῖ
2636 4622 2650 4637 ⁸
2691 4607 2821 4660 ἔνθα
2866 4603 3003 4675 εὕρῃ
3043 4602 3281 4655 διάνοιαν
3336 4595 3643 4666 εἰλικρινῆ,
3692 4594 4038 4661 διανίστησιν

2443 4700 2633 4767 αὐτὴν,
2668 4696 2762 4748 καὶ
2796 4696 2940 4747 ποιεῖ
2968 4692 3171 4746 λαλεῖν.
3215 4689 3288 4744 Τὸ
3334 4689 3444 4758 γὰρ
3484 4686 3728 4754 Πνεῦμα
3753 4682 3935 4738 λαλεῖ
3963 4684 4039 4737 ὲν

2444 4787 2801 4859 στεναγμοῖς
2850 4784 3200 4849 ἀλαλήτοις.
3245 4782 3356 4836 Καὶ
3394 4784 3421 4833 ὁ
3468 4778 3622 4847 ἅγιος
3655 4776 3714 4829 δὲ
3763 4774 4039 4847 Κύριλλος

2444 4881 2585 4933 οὕτω
2616 4896 2729 4940 πως
2756 4876 2993 4942 ἐδέξατο,
3026 4874 3109 4926 ὅτι
3132 4872 3202 4927 τὸ
3229 4871 3327 4942 μὲν
3357 4864 3497 4938 αἷμα
3525 4868 3620 4921 τοῦ
3653 4864 3841 4929 Ἅϐελ,
3872 4863 4041 4916 κατέ-

2446 4989 2619 5043 κραγε
2666 4969 2761 5024 τοῦ
2807 4964 3067 5037 φονευτοῦ
3093 4964 3139 4997 ⁸¹
3167 4979 3183 4995 ·
3223 4962 3286 5017 τὸ
3331 4961 3391 5016 δὲ
3436 4959 3530 5014 τοῦ
3573 4954 3832 5031 Χριστοῦ,
3893 4953 4040 5024 ὑπὲρ

2444 5065 2603 5137 ἡμῶν
2643 5062 2791 5116 λαλεί
2834 5060 2970 5130 πρὸς
3003 5058 3093 5111 τὸν
3119 5053 3284 5109 αὐτοῦ
3326 5052 3568 5122 Πατέρα.

2517 5247 2777 5303 Βλέπετε
2814 5244 2897 5314 μὴ
2936 5239 3391 5311 παραιτήσησθε
3423 5234 3530 5289 τὸν
3561 5227 3893 5287 λαλοῦντα.
3935 5222 4037 5277 Διά

2453 5341 2545 5396 τοῦ
2580 5338 2876 5407 ἀπιστῆσαι
2927 5336 3047 5399 ταῖς
3093 5330 3256 5386 αὐτοῦ
3313 5324 3689 5395 ἐπαγγελίαις,
3750 5319 3847 5375 καὶ
3901 5318 4040 5371 ἀπο·

860 5535 902 5565 "
930 5532 1088 5587 Joan.
1121 5548 1172 5596 ν,
1207 5531 1299 5585 22.
1375 5531 1421 5562 “
1455 5528 1586 5584 Luc.
1622 5547 1674 5590 x,
1697 5530 1787 5586 22.
1865 5531 1909 5561 "
1940 5531 2073 5586 Gen.
2106 5544 2182 5595 Iv,
2218 5527 2302 5582 10.
2382 5525 2427 5556 ⁷ο
2469 5522 2627 5577 Rom.
2668 5535 2788 5585 vnt,
2816 5517 2909 5571 26.

2136 5669 2336 5733 Varia:
2374 5664 2703 5727 lectiones.

864 5796 905 5826 ⁶¹
938 5791 1257 5864 προαίρεσιν
1278 5807 1329 5846 ο.
1406 5791 1453 5824 ⁸⁸
1475 5789 1705 5861 ἀδελφοῦ
1734 5804 1785 5845 0.
