4156 6440
684 455 787 518 387

1595 427 2179 495 TlIEOPllYLACTl
2213 417 2628 484 BULGARL‘E
2662 413 3022 474 ARCHIEP.

3843 398 3962 460 388

680 582 803 621 tura
836 566 995 619 bona.
1022 561 1155 614 Cum
1194 556 1338 610 cnim
1369 560 1572 606 mutata
1615 546 1822 600 fuerint
1881 542 1997 594 lure
2061 552 2256 591 rorru-
2287 541 2308 593 t

2409 529 2627 582 ἐλλοντα
2671 525 2875 593 ἀγαθά.
2921 519 3171 575 Ἐπειδᾷν
3215 518 3322 588 γὰρ
3384 515 3593 584 ἀλλαγῇ
3655 512 3830 566 ταῦτα
3885 513 3963 564 τὰ

693 838 981 898 mutationi
1008 836 1264 889 obnoxia.

763 932 926 986 Vens.
949 931 1040 983 28.
1071 926 1257 994 Itaque
1321 933 1535 989 regnum
1573 911 1837 967 immobile
1896 907 2261 976 suscipientes,

693 1024 974 1077 habeamus
1008 1017 1262 1087 gratiam.
1301 1005 1778 1078 Quandoquidem,
1814 1001 2012 1070 inquit,
2063 997 2265 1050 talibus

694 1112 922 1169 ornandi
954 1111 1129 1163 simus
1166 1105 1347 1168 bouis,
1378 1095 1814 1154 immutabilibus
1867 1090 2074 1146 scilicet
2106 1097 2158 1141 et
2187 1088 2269 1140 in-

695 1203 1009 1265 concussis,
1051 1215 1114 1255 ac
1143 1199 1252 1251 tale
1281 1203 1606 1262 tantumque
1651 1201 1879 1256 regnum
1910 1183 2264 1251 accipiemus,

699 1300 826 1353 hinc
863 1297 974 1365 jam
1012 1294 1230 1344 arrham
1262 1285 1383 1356 ejus
1418 1291 1721 1339 suruentes,
1753 1275 2062 1345 spiritualia
2083 1272 2269 1327 chari-

701 1395 897 1449 smata,
938 1385 1222 1436 habeamus
1275 1379 1558 1449 gratiam:
1609 1373 1713 1426 hoc
1770 1378 1875 1435 est,
1920 1383 2026 1422 non
2082 1366 2272 1418 dolea—

704 1497 869 1542 mus,
951 1493 1129 1544 neque
1216 1472 1538 1526 decidamus
1619 1466 1838 1528 animo,
1918 1463 2012 1517 sed
2071 1460 2276 1527 gratias

704 1586 930 1643 agamus
985 1569 1035 1623 ei
1097 1568 1188 1636 qui
1242 1563 1372 1616 talia
1435 1575 1561 1614 cum
1622 1557 1803 1620 dedit,
1868 1562 1982 1608 tum
2045 1552 2276 1606 daturus

704 1673 809 1719 cst.

782 1751 885 1806 Per
911 1766 1069 1821 quam
1101 1749 1376 1810 servimus,
1409 1745 1672 1813 placentes
1711 1739 1849 1794 Deo.
1916 1738 2018 1792 Per
2067 1754 2226 1807 quam
2264 1779 2278 1801 ,

709 1845 1004 1913 statiarum
1040 1841 1309 1892 actionem
1348 1837 1579 1890 scilicet.
1613 1832 1670 1886 Si
1728 1830 1874 1884 enim
1912 1829 2051 1898 grati
2108 1828 2281 1879 fueri-

713 1951 855 1998 mus,
900 1945 1012 1987 tutn
1059 1931 1169 1985 Deo
1228 1931 1299 1982 ita
1351 1927 1707 1990 illSCl‘VilllUS,
1734 1931 1791 1976 ut
1831 1922 1969 1975 bene
1995 1919 2044 1972 ei
2077 1919 2283 1987 placea-

715 2043 858 2092 tnus,
909 2041 971 2079 ac
999 2024 1166 2078 veluti
1193 2023 1432 2077 scientes
1466 2020 1682 2089 qualem
1733 2014 2025 2067 Dominum
2080 2013 2284 2065 habea-

715 2132 863 2171 mus.
936 2115 1050 2168 Nisi
1111 2113 1258 2166 enirn
1330 2119 1384 2164 ct
1440 2123 1538 2178 pro
1602 2103 2002 2172 tranquillitate
2064 2114 2118 2155 et
2191 2116 2290 2170 pro

715 2209 1102 2263 afﬂictionibus
1126 2204 1263 2273 grati
1293 2217 1504 2262 sumus,
1544 2212 1721 2267 neque
1748 2213 1868 2249 eum
1918 2197 1996 2248 ita
2028 2195 2287 2256 colimus,

720 2312 778 2356 ut
805 2303 854 2355 ei
881 2310 1093 2369 gratum
1132 2298 1220 2351 sit.
1254 2294 1390 2359 Quis
1417 2293 1560 2347 enim
1609 2305 1823 2349 servus,
1857 2289 1948 2356 qui
1986 2294 2292 2340 murmuret

719 2395 986 2447 adversus
1022 2391 1301 2444 dominum
1347 2388 1676 2456 (murmurat
1709 2382 1880 2444 enim,
1929 2381 2022 2448 qui
2048 2381 2096 2434 ei
2127 2387 2288 2449 prout

718 2484 898 2546 decet,
936 2498 1043 2535 non
1074 2479 1262 2547 servit)
1300 2486 1514 2547 gratum
1578 2475 1712 2526 hero
1769 2472 1989 2525 exhibet
2049 2472 2295 2526 ministe-

721 2573 896 2627 rium?
935 2571 1229 2639 Propterea
1255 2578 1307 2621 et
1338 2568 1422 2619 hic
1454 2566 1568 2634 ipse
1598 2563 1705 2616 alio
1740 2564 1792 2614 iu
1831 2564 1948 2613 loco
1993 2562 2143 2620 dicit,
2177 2561 2294 2615 No-

723 2665 815 2715 lite
851 2675 1179 2714 murmurare
1206 2657 1254 2688 "‘
1284 2674 1298 2722 ;
1328 2665 1381 2708 ct
1431 2657 1627 2707 iterum
1659 2673 1672 2705 :
1719 2651 1914 2706 Oinuia
1981 2651 2141 2714 facite
2179 2654 2289 2707 sine

725 2765 874 2817 runt,
911 2763 968 2807 ut
1001 2756 1453 2805 murmuratores.

797 2847 930 2902 Cum
959 2843 1248 2898 reverentia
1279 2850 1327 2894 et
1363 2839 1637 2908 religione.
1668 2835 1782 2891 Hoc
1808 2846 1915 2900 est,
1944 2836 2077 2890 nihil
2121 2837 2300 2905 impu-

727 2939 866 2994 dens
926 2937 1242 3004 loquamur,
1296 2929 1428 2983 nihil
1467 2927 1926 2991 inverecundum,
1973 2925 2066 2980 sed
2092 2927 2176 2978 vi-l
2209 2927 2304 2978 ha-

733 3032 879 3093 bitus
907 3038 1168 3082 externus
1202 3020 1587 3078 verecundiam
1616 3018 1813 3073 habeat
1855 3032 1982 3087 erga
2031 3017 2301 3080 homines,

732 3132 786 3178 ct
819 3121 1139 3190 religionem
1166 3131 1295 3184 erga
1331 3115 1521 3167 Deum.

806 3211 968 3264 Vens.
999 3209 1091 3262 29.
1125 3205 1333 3258 Etenim
1356 3204 1491 3257 Deus
1527 3210 1705 3256 noster
1722 3203 1858 3271 ignis
1881 3216 2188 3255 consumens
2215 3208 2311 3253 est.

737 3303 1006 3369 Quoniam
1041 3297 1255 3352 Veteris
1286 3294 1626 3349 Testamenti
1682 3309 1768 3347 res
1805 3293 2081 3347 terribiles
2143 3291 2313 3345 fuisse

741 3391 1004 3454 estendit,
1040 3387 1195 3442 Novi
1233 3401 1362 3438 vero
1393 3385 1525 3437 nihil
1585 3384 1896 3451 hujusmodi
1954 3384 2189 3446 habere;
2250 3398 2315 3437 ne

743 3487 959 3540 illarum
1001 3479 1478 3534 mansuetudinem
1533 3476 1837 3546 despicatui
1871 3475 2130 3540 habeant,
2189 3475 2264 3527 ait
2298 3492 2311 3526 ι

744 3571 874 3628 Cum
919 3570 1210 3624 reverentia
1241 3576 1290 3620 et
1342 3567 1589 3635 religione
1649 3566 1849 3634 gratias
1903 3581 2124 3634 agamus
2185 3563 2314 3618 Deo.

748 3666 942 3718 Anima
975 3664 1122 3714 enim
1158 3674 1278 3730 quae
1314 3661 1364 3711 iu
1398 3658 1786 3712 afﬂictionibus
1816 3656 2091 3726 desperat,
2143 3656 2318 3725 pudo-

749 3772 863 3811 rem
899 3754 1107 3823 ahjicit.
1146 3736 1242 3806 vel
1268 3752 1396 3820 quia
1435 3751 1675 3804 servitus
1704 3759 1893 3803 nostra
1917 3764 2039 3803 cum
2067 3763 2321 3802 reveren-

753 3850 825 3902 tia
862 3856 917 3900 ιιι
940 3845 1202 3915 religione
1240 3844 1352 3896 fieri
1386 3842 1545 3896 solet.
1579 3840 1714 3896 Nam
1761 3843 1902 3896 Deus
1943 3851 2128 3896 uoster
2179 3841 2322 3908 ignis

755 3949 858 4002 est,
896 3951 958 3989 ac
992 3943 1207 4003 oportet
1235 3934 1523 4003 religiosos
1544 3947 1666 3988 esse
1697 3947 1819 3996 nos,
1860 3947 1927 3986 ne
1973 3933 2132 3985 veluti
2190 3948 2322 3985 cou-

758 4037 1054 4097 temptorcs
1110 4041 1175 4080 ac
1220 4026 1555 4094 negligentes
1615 4039 2026 4078 consumantur.
2075 4023 2326 4078 Reveren-

759 4128 831 4172 tes
866 4119 1034 4179 enirn,
1067 4117 1262 4186 inquit,
1295 4117 1450 4184 facite
1482 4116 1625 4183 ﬁlios
1692 4113 1886 4169 Israel.
1957 4113 2129 4168 Porro
2181 4116 2326 4170 istud

762 4212 1193 4265 consolationem
1223 4210 1304 4263 eis
1339 4210 1540 4284 pra'bct
1565 4248 1580 4272 ,
1624 4206 1896 4276 siquldent
1929 4207 2196 4275 ejusmodi
2230 4208 2329 4260 Ita-

764 4306 990 4356 beamus
1027 4301 1214 4364 Deum,
1254 4303 1346 4369 qui
1375 4303 1544 4369 possit
1580 4301 1924 4355 adversarios
1951 4310 2170 4356 nostros
2201 4317 2331 4355 cou-

763 4411 1001 4449 Silill‘fc.

1259 4485 1424 4555 756
1443 4482 1669 4539 CAPUT
1700 4483 1835 4538 xui.

2362 620 2597 692 φθαρτὰ,
2636 618 2811 670 πάντα
2847 614 2915 667 τὰ
2951 615 3070 665 τότε
3125 611 3236 671 τοῖς
3268 607 3498 668 δικαίοις
3531 606 3759 672 ὲσόμενα
3799 604 3962 654 ἔσται

2364 715 2615 781 ἄφθαρτα
2646 711 2744 763 καὶ
2777 708 3072 769 ἁσάλευτα,
3109 701 3383 773 μηδεμίαν
3418 697 3766 769 μετάθεσννῆ
3797 695 3960 745 eux-

2363 806 2536 874 λαγὴν
2570 803 2936 870 ὑφιστάμενα.

2433 899 2529 952 Διὸ
2584 896 2917 960 ,ϐασιλείαν
2960 889 3306 945 ἀσάλευτον
3359 878 3962 951 παραλαμϐάνοντες,

2367 993 2599 1060 ἔχωμεν
2629 988 2809 1056 χάριν
2831 985 2902 1038 ⁸⁸.
2950 983 3190 1050 Ἐπειδὴ,
3228 979 3381 1049 φησὶ,
3403 974 3659 1028 τοιούτων
3694 971 3968 1040 μέλλομεν

2369 1083 2653 1148 ἀξιοῦσθαι
2686 1078 2928 1147 ἀγαθῶν,
2971 1075 3327 1143 ἀμεταθέτων
3363 1070 3458 1122 καὶ
3487 1066 3823 1126 άσαλεύτων,
3867 1065 3970 1115 καὶ

2369 1177 2627 1244 τοιαύτην
2676 1171 2950 1244 βασιλείαν
3001 1164 3529 1236 παραλαμϐάνομεν,
3574 1156 3824 1212 ἐντεῦθεν
3859 1157 3967 1225 ἤδη

2376 1268 2707 1340 aegaeon;
2760 1264 2928 1333 αὐτῆς
2971 1260 3254 1328 δεχόμενοι
3302 1255 3372 1306 τά
3418 1249 3765 1319 πνευματικά
3806 1249 3975 1318 χαρί-

2377 1377 2578 1428 σματα,
2605 1357 2833 1423 ἔχωμεν
2863 1352 3038 1420 χάριν
3059 1366 3070 1377 ·
3099 1349 3366 1408 τουτέστι,
3404 1343 3480 1413 μὴ
3513 1341 3790 1407 ἀλγῶμεν,
3830 1336 3972 1406 μηδὲ

2379 1448 2867 1514 ἀποδυσπετώμεν,
2913 1443 3026 1495 ἀλλ’
3055 1437 3465 1510 εὐχαριστῶμεν
3499 1434 3573 1502 τῷ
3610 1430 3835 1484 τοιαῦτα
3870 1429 3974 1480 καὶ

2379 1543 2481 1611 ἥδη
2520 1542 2684 1603 δόντι,
2724 1537 2816 1590 καὶ
2845 1534 3094 1606 μέλλοντι
3134 1530 3352 1584 δώσειν.

2437 1728 2600 1801 Δι’ἧς
2621 1728 2986 1796 λατρεύωμεν
3001 1720 3335 1789 εὐαρέστως
3355 1715 3433 1780 τῷ
3454 1711 3592 1776 Θεῷ.
3609 1712 3686 1764 Δι’
3703 1705 3798 1777 ἧς,
3818 1711 3979 1777 six:-

2387 1825 2616 1894 ριστίας.
2653 1820 2778 1871 Ἐάν
2801 1819 2907 1885 γὰρ
2936 1810 3086 1882 ὦμεν
3119 1812 3453 1880 εὐχάριστοι,
3474 1806 3594 1856 τότε
3618 1805 3710 1854 καὶ
3723 1803 3984 1867 λατρεία-

2393 1934 2490 1986 μεν
2508 1913 2836 1982 εὐαρέστως,
2863 1910 2956 1961 καὶ
2972 1908 3046 1969 ὡς
3063 1905 3260 1965 εἰδότες
3286 1905 3435 1953 ποῖον
3462 1896 3738 1963 Δεσπότην
3757 1895 3978 1961 ἔχομεν.

2403 1982 2527 2061 Ἐὰν
2565 2006 2672 2075 γὰρ
2707 2004 2782 2073 μὴ
2830 1997 3258 2070 εὐχαριστοῦμεν
3299 1994 3391 2045 καὶ
3421 1990 3562 2058 ὑπὲρ
3596 1987 3844 2042 ἐνέσεων
3881 1982 3984 2034 καὶ

2396 2099 2537 2168 ὑπὲρ
2570 2097 2821 2164 esteem,
2855 2092 2976 2144 οὐδὲ
3007 2087 3342 2157 λατρεύομεν
3388 2081 3716 2149 εὐαρέστως.
3744 2077 3838 2136 Τίς
3868 2077 3986 2140 γὰρ

2395 2193 2581 2254 δοῦλος
2608 2186 2893 2257 γογγύζων
2920 2185 3060 2237 κατὰ
3087 2181 3180 2233 τοῦ
3207 2178 3472 2232 δεσπότου
3509 2169 3931 2244 (γογγύζείγὰρ
3959 2169 3988 2218 ὁ

2403 2286 2477 2356 μὴ
2507 2285 2580 2345 ὼς
2631 2283 2711 2333 δεῖ
2764 2278 2939 2345 τούτῳ
2989 2272 3298 2340 δουλεύων),
3343 2267 3586 2323 δουλεύει
3632 2263 3986 2333 εὐαρέστωςς

2403 2354 2495 2430 ltro
2523 2374 2618 2428 καὶ
2655 2371 2817 2432 αὐτὸς
2847 2364 3000 2430 οὗτος
3051 2363 3286 2434 ἀλλαχοῦ
3317 2379 3470 2432 φησι,
3503 2359 3598 2426 Μὴ
3635 2354 3945 2427 γογγύζετε
3973 2370 3986 2382 ·

2399 2470 2491 2523 καὶ
2539 2466 2694 2530 αὖθις
2717 2507 2730 2530 ,
2767 2463 2968 2517 Πάντα
3007 2459 3224 2512 ποιεῖτε
3259 2457 3435 2526 χωρίς
3472 2450 3845 2524 γογγυσμῶν.
3878 2450 3992 2502 Καὶ

2413 2561 2740 2630 Ἰσραηλῖται
2788 2555 2843 2607 δὲ
2887 2554 3080 2605 ἔπεσον
3105 2553 3161 2604 ἐν
3192 2552 3259 2619 τῇ
3283 2549 3521 2617 ’ὲρήμῳ,
3554 2547 3628 2607 ὡς
3661 2545 3989 2613 γογγυσταί,

2324 2646 2834 2706 tnurmut'ationibus
2873 2644 2940 2697 ⁷³.
2970 2642 3228 2697 lsraelitm
3261 2653 3388 2694 vero
3416 2640 3472 2692 in
3524 2637 3744 2691 deserto
3778 2633 3995 2688 cecide-

2480 2829 2637 2886 Μετὰ
2693 2825 2899 2892 αἰδοῦς
2933 2824 2976 2856 ⁸⁷
3010 2825 3107 2877 καὶ
3138 2823 3472 2886 εὐλαϐείας.
3503 2821 3759 2872 Τουτέοτι
3825 2818 3996 2886 μηδὲν

2413 2924 2602 2990 ἰταμὸν
2637 2915 3028 2988 φθεγγώμεθα,
3092 2913 3259 2983 μηδὲν
3315 2911 3694 2979 ἀναίσχυντον,
3730 2908 3865 2960 ἀλλά
3898 2910 4000 2958 καὶ

2409 3018 2470 3067 τὸ
2503 3014 2605 3077 ἔξω
2648 3013 2834 3081 σχῆμα
2897 3008 3033 3060 αἰδῶ
3091 3006 3261 3075 ὲχέτω
3309 3003 3447 3073 πρὸς
3507 3000 3852 3071 ἀνθρώπους,
3898 3000 4001 3052 καὶ

2408 3104 2697 3158 εὐλάϐειαν
2731 3101 2867 3168 πρὸς
2899 3098 3053 3151 Θεὸν.

2346 3207 2388 3264 c
2492 3198 2600 3251 Kal
2629 3197 2785 3265 γὰρό
2810 3193 2954 3255 Θεὸς
2980 3188 3151 3259 ήμῶν
3168 3187 3287 3255 πῦρ
3317 3185 3785 3241 καταναλίσκον.
3816 3184 4004 3236 Ἐπει-

2421 3292 2486 3361 δὴ
2539 3289 2605 3342 τά
2649 3290 2747 3359 μὲν
2792 3291 2893 3358 τῆς
2942 3289 3184 3350 Παλαιᾶς
3229 3285 3434 3356 φοϐερά
3463 3282 3748 3347 ἔδειξε,τά
3795 3283 3850 3356 δὲ
3897 3283 4004 3351 τῆς

2423 3383 2628 3450 Καινῆς
2655 3381 2807 3433 οὐδὲν
2848 3381 3040 3449 ἔχοντα
3089 3379 3324 3432 τοιοῦτον
3355 3393 3370 3408 ο
3415 3376 3498 3428 ἵνα
3534 3375 3608 3445 μὴ
3652 3374 4004 3444 καταφρονή-

2427 3490 2558 3526 σωσι
2590 3474 2686 3542 τῆς
2711 3472 3046 3542 πραότητος,
3076 3471 3227 3541 φησί’
3255 3469 3416 3522 Μετὰ
3453 3467 3658 3533 αἰδοῦς
3694 3467 3787 3519 καὶ
3816 3469 4007 3519 εὐλα-

2426 3567 2585 3630 ϐείας
2618 3563 3070 3634 εὐχαριστῶμεν
3109 3561 3191 3627 τῷ
3244 3562 3384 3626 Θεῷ.
3432 3561 3594 3631 Ψυχὴ
3645 3561 3755 3630 γὰρ
3795 3562 3852 3612 ὲν
3881 3561 4011 3622 ταῖς

2426 3654 2670 3723 Θλίψεσιν
2727 3655 3158 3722 άπαναισχυντεῖ
3207 3649 3684 3723 ἀπογινώσκουσα.
3737 3651 3808 3702 Ἦ
3852 3649 3936 3701 ὅτι
3975 3651 4011 3718 ἡ

2428 3747 2653 3817 λατρεία
2683 3745 2842 3816 ἡμῶν
2901 3745 3039 3815 μετὰ
3087 3744 3272 3808 αἰδοῦς
3321 3745 3416 3797 καὶ
3466 3742 3756 3803 εὐλαϐείας
3789 3741 4012 3808 πέφυκε

2430 3838 2696 3906 γίνεσθαι.
2731 3838 2840 3890 Καὶ
2874 3837 2983 3906 γὰρ
3022 3838 3050 3889 ὀ
3094 3836 3228 3899 Θεὸς
3268 3835 3424 3906 ἡμῶν
3481 3834 3591 3904 πῦρ
3635 3838 3772 3899 ἐστι,
3807 3834 3901 3886 καὶ
3929 3834 4017 3887 δεῖ

2433 3929 2685 3992 εὐλαϐεῖς
2723 3923 2862 3980 εἶναι
2915 3929 3086 3997 qui,
3145 3929 3232 3981 ἱνα
3279 3930 3353 3998 μὴ
3403 3927 3880 3997 καταναλωθιῖιμεν
3933 3927 4018 3989 ὡς

2435 4021 2847 4088 καταφρονηταὶ
2883 4021 2975 4072 καὶ
3030 4020 3333 4090 ἀδιάφοροι.
3368 4019 3662 4082 Εὐλαεεῖς
3690 4020 3819 4089 γὰρ,
3852 4021 4014 4087 φησὶ,

2435 4113 2727 4179 ποιήσατε
2758 4112 2898 4175 τοὺς
2929 4111 3097 4176 υίούς
3149 4112 3414 4179 Ἰσραήλ.
3457 4111 3627 4163 Τοῦτο
3669 4111 3724 4162 δὲ
3781 4111 3874 4161 καὶ
3906 4127 4020 4161 πα-

2440 4205 2704 4275 ράκλησιν
2733 4205 2910 4267 αὐτοῖς
2966 4207 3144 4273 φέρει,
3179 4206 3295 4270 εἴγε
3331 4203 3573 4256 τοιοῦτον
3619 4204 3815 4272 ἔχομεν
3853 4203 4017 4266 Θεὸν,

2438 4297 2740 4364 δυνάμενον
2794 4297 2919 4359 τοὺς
2991 4296 3350 4356 ὑπεναντίους
3411 4295 3566 4363 ἡμῶν
3611 4293 4018 4346 καταναλῶσαι.

3030 4482 3279 4533 ΚΕΦΑΛ.
3323 4478 3420 4532 ll".

840 4577 998 4628 Vens.
1041 4577 1086 4636 I,
1116 4574 1169 4626 Ξ.
1209 4573 1458 4627 Charitas
1491 4573 1846 4640 fraternitatis
1879 4582 2108 4626 maneat.
2141 4572 2308 4639 Hospi

2409 4568 2417 4607 ⁵
2525 4576 2584 4630 Ἠ
2605 4575 2967 4644 φιλαδελφία
2991 4575 3234 4643 μενέτω.
3269 4573 3381 4641 Τῆς
3407 4571 3757 4641 φιλοξενίας
3773 4571 3858 4641 μὴ
3889 4574 3994 4625 ἐπι
4017 4602 4028 4615 η

767 4667 996 4719 talitatis
1053 4682 1114 4717 ne
1147 4664 1553 4717 obliviscamini.
1613 4661 1731 4717 Non
1797 4663 1949 4723 dixit,
2009 4663 2338 4734 Comparate

771 4760 1001 4813 fratrum
1043 4758 1370 4812 cliaritatem
1437 4765 1492 4810 et
1551 4756 2021 4825 hospitalitatem:
2062 4758 2340 4814 trahebant

769 4852 913 4906 enim
946 4851 1065 4914 has,
1105 4857 1164 4902 ut
1213 4850 1427 4903 videtur
1462 4864 1480 4902 :
1518 4863 1734 4911 verum,
1775 4849 1903 4916 quia
1934 4848 2005 4901 ob
2031 4849 2340 4918 frequentes

773 4939 1092 4994 afllictiones
1123 4939 1424 5008 perieulum
1456 4947 1576 4992 erat
1626 4954 1693 4992 ne
1747 4939 1891 4992 circa
1953 4939 2051 4994 has
2111 4943 2341 4993 virtutes

773 5032 1181 5093 flaccescerent,
1219 5027 1497 5094 Charitas,
1559 5029 1758 5097 inquit,
1818 5027 2057 5096 fraterna
2110 5039 2342 5093 maneat,

777 5121 991 5175 stabilis
1022 5121 1308 5183 consistat,
1341 5135 1409 5173 ne
1461 5119 1657 5174 sinatis
1686 5135 1805 5172 eam
1849 5119 2086 5188 effugere
2119 5135 2234 5173 vos.
2271 5123 2348 5173 Ac

784 5212 1199 5282 hospitalitatis,
1258 5213 1456 5279 inquit,
1495 5227 1559 5263 ne
1616 5210 2020 5263 obliviscamini.
2068 5209 2349 5280 Tanquam

784 5309 930 5360 enim
983 5306 1200 5374 spoliati
1253 5311 1442 5359 essent
1500 5287 1857 5358 facultatibus
1917 5303 2054 5365 suis,
2121 5304 2352 5358 fortasse

787 5400 1006 5468 parcius
1057 5413 1116 5452 se
1165 5398 1447 5469 gerebant.
1514 5395 1605 5450 Vel
1658 5396 1710 5450 itt
1787 5396 2026 5451 futurum
2079 5412 2174 5452 eos
2235 5413 2356 5450 mu-

784 5490 884 5544 nit.

860 5605 902 5633 7‘
934 5603 947 5654 l
980 5601 1106 5658 Cor.
1140 5619 1193 5664 χ,
1233 5600 1316 5654 l0.
1391 5603 1437 5632 "
1467 5600 1703 5671 Philipp.
1742 5618 1801 5664 ιι,
1834 5602 1915 5652 Η.

2443 4662 2837 4716 λανθάνεσθε.
2909 4665 3021 4715 Οὐκ
3085 4659 3257 4727 εἶπεν,
3310 4665 3390 4714 ὅτι
3434 4662 3719 4731 Κτήσασθε
3774 4663 4030 4730 φιλαδελ-

2447 4755 2574 4824 φίαν
2611 4756 2705 4808 καὶ
2732 4755 3038 4824 φιλοξενίαν
3062 4771 3075 4785 ·
3110 4756 3254 4826 εἶχον
3297 4755 3406 4826 γάρ
3436 4755 3660 4818 ταύτας,
3699 4755 3773 4817 ὡς
3809 4756 4026 4807 ἔοικεν·

2447 4845 2562 4900 ἀλλ’
2589 4832 2777 4918 ἐπειδὴ
2820 4850 2884 4899 ὲκ
2935 4847 3043 4899 τῶν
3099 4846 3340 4914 συνεχῶν
3395 4845 3628 4914 Θλίψεων
3681 4846 4031 4900 ἐκινδύνευον

2451 4937 2576 5006 περὶ
2629 4936 2833 4998 ταύτας
2885 4937 2984 4998 τὰς
3043 4937 3247 5007 ἀρετὰς
3287 4935 3779 5006 ἀπορραθυμῆσαι,
3834 4939 4029 5007 φησὶν,

2447 5028 2534 5079 ὅτι
2569 5027 2803 5080 Μενέτω
2829 5029 2868 5095 ὴ
2897 5027 3283 5096 φιλαδελφία,
3310 5027 3499 5096 ὲδραία
3527 5027 3688 5092 ἔστω,
3723 5028 3797 5097 μὴ
3823 5030 4031 5097 ἐάσητε

2449 5118 2616 5189 αὐτὴν
2646 5121 2950 5188 ἀποφυγεῖν
2982 5122 3148 5190 ὑμᾶς.
3184 5123 3292 5174 Καὶ⁹
3338 5119 3449 5186 Τῆς
3474 5120 3843 5187 φιλοξενίας,
3874 5123 4033 5188 φησὶ,

2449 5210 2532 5278 μὴ
2563 5212 3039 5267 ἐπιλανθάνεσθε
3056 5213 3122 5266 ⁸⁸.
3142 5215 3228 5276 Ὠς
3254 5214 3361 5284 γὰρ
3380 5212 3774 5283 διηρπασμένοι
3789 5214 3856 5264 τά
3879 5215 4036 5279 οντα,

2458 5290 2588 5365 loco;
2637 5305 2968 5374 φειδομένως
3016 5306 3082 5358 ἂν
3115 5305 3396 5361 διέκειντο.
3425 5306 3494 5358 Ἣ
3520 5306 3614 5359 καὶ
3647 5307 3726 5369 εἰς
3751 5306 3810 5358 τδ
3839 5307 4037 5376 μέλλον

2459 5396 2834 5463 ἀσφαλίξεται.

2131 5721 2331 5780 Variis
2363 5719 2692 5784 lectiones.

1201 5868 1365 5960 ἡγὰρ
1397 5867 1663 5960 βασιλεία,
1710 5869 2023 5960 τοιΞτοίἔστιν
2058 5873 2090 5940 ή
2122 5871 2228 5923 τῶν
2254 5872 2477 5924 δικαίων
2535 5875 2830 5936 ἀπόλαυσις
2891 5875 3110 5937 αἰώνιος
3145 5876 3237 5928 καὶ
3279 5875 3584 5945 ἀπέραντος
3636 5891 3710 5928 m.
3749 5873 3989 5927 Gratiam
4027 5891 4045 5929 ε

799 5939 1027 6007 licgnum
1057 5939 1216 6002 enim,
1246 5942 1338 5991 hoc
1367 5949 1440 5992 est
1473 5940 1741 6006 justorum
1775 5940 2025 6009 felicitas,
2062 5939 2308 5996 u'ternum

2439 5961 2500 5997 ac
2534 5945 2820 6011 inﬁnitum.
2867 5947 2908 5976 ⁸⁷
2942 5947 3090 6008 δέους
3113 5963 3164 6001 ο.
3194 5947 3236 5976 ’⁸⁸
3257 5976 3322 5985 -
3350 5939 3603 6001 Οάνεσθαι
3637 5946 3960 6007 σπουδάζετε
3986 5964 4038 5998 o.
