4156 6440
85 5772 783 6330 ί

723 387 829 454 407
1409 368 1415 372 ’
1715 388 2094 450 eoumcu
2160 387 2470 450 FINETTI
2518 386 2912 450 PRAEFATIO
3859 389 3970 451 eos

726 502 960 573 tiones,
986 519 1126 563 eum
1168 503 1423 580 majoris
1458 501 1759 563 claritatis
1801 506 2025 580 gratia,
2070 513 2199 562 tum
2237 513 2300 564 ut
2330 507 2633 583 quisque,
2661 523 2803 583 qum
2832 507 2904 566 ad
2930 505 3184 585 singula
3241 516 3714 586 prmmonentur
3742 524 3966 586 opera,

730 605 1005 673 reperire
1048 620 1159 678 pro
1207 603 1386 664 libito
1426 604 1647 682 possit.

2148 726 2430 793 SECTIO
2494 732 2537 792 Ι.

1401 855 1486 914 De
1518 857 1976 919 Commentario
2006 857 2072 916 in
2109 857 2263 917 Acta
2306 858 2736 935 apostolorum
2768 844 2933 918 edito
2962 878 2999 917 a
3032 848 3277 939 Si'fdno.

810 1005 885 1064 lt.
922 1006 1202 1083 Operum
1233 1012 1551 1078 omnium.
1581 1030 1727 1090 qum
1758 1013 1873 1073 hoc
1911 1013 2239 1073 volumine
2262 1013 2695 1084 continentur,
2718 1030 2941 1091 agmen
2973 1014 3149 1074 ducit
3180 1015 3674 1077 Commentarius
3714 1016 3777 1074 in
3810 1002 3971 1074 Acta

727 1104 1187 1180 apostolorum,
1226 1110 1445 1170 Latine
1484 1128 1703 1171 versus
1734 1111 2077 1188 editusque
2118 1128 2149 1171 a
2189 1113 2523 1173 Laurentio
2557 1113 2773 1173 Sil‘ano
2809 1113 3249 1185 Prunsfeldio,
3277 1112 3332 1174 J.
3363 1114 3431 1174 U.
3456 1114 3743 1185 docturc,
3776 1115 3971 1175 Colo-

732 1202 855 1261 uire
884 1206 1051 1281 apud
1090 1207 1370 1267 lizeredes
1414 1209 1677 1269 Arnoldi
1724 1209 2125 1271 Birckmauni
2176 1226 2346 1271 anno
2396 1197 2566 1271 1557.
2604 1213 2760 1284 Qum
2805 1210 2899 1271 illi
2952 1212 3205 1272 occasio
3242 1211 3433 1289 hujus
3477 1210 3711 1270 edendi
3748 1212 3969 1287 Operis

732 1304 947 1377 fuerit,
986 1309 1242 1383 quodve
1272 1310 1643 1383 consilium,
1680 1328 1801 1391 qua
1838 1314 1899 1372 iu
1938 1328 2013 1373 eo
2050 1314 2266 1374 Latine
2302 1314 2605 1374 vertendo
2650 1322 2808 1374 osus
2844 1314 2925 1374 sit
2970 1313 3333 1392 diligentia.
3366 1311 3523 1390 quid
3577 1312 3836 1370 demum
3888 1312 3965 1368 ad

732 1401 871 1478 rjus
906 1403 1360 1478 perfectionem
1399 1409 1783 1485 praestiterit,
1818 1412 1953 1488 ipse
1985 1412 2263 1473 declarat
2295 1431 2439 1474 cum
2479 1414 2537 1473 in
2579 1415 3041 1489 nuncupatoria
3073 1414 3349 1490 Epistola
3387 1413 3457 1474 ad
3496 1412 3816 1488 Fuggeros
3846 1409 3971 1469 fra-

732 1516 881 1577 tres,
921 1514 1051 1568 tum
1086 1508 1148 1569 in
1184 1511 1376 1571 altera
1412 1514 1484 1571 ad
1518 1515 1828 1575 Joannem
1863 1517 2245 1578 Sambucum
2276 1539 2291 1587 ;
2324 1535 2481 1597 quas
2538 1518 2773 1579 idcirco
2805 1508 2918 1578 hac
2965 1519 3027 1579 in
3062 1518 3348 1579 editione
3393 1515 3967 1593 prietermitteudns

731 1622 855 1667 non
891 1608 1071 1670 duxi.
1107 1614 1333 1674 Versio
1364 1615 1517 1675 satis
1551 1628 1841 1680 accurata
1876 1636 1946 1681 ac
1978 1620 2173 1681 nitida
2209 1632 2326 1683 est.
2353 1624 2429 1682 At
2461 1622 2831 1694 dolendum,
2858 1626 3056 1701 quod,
3083 1624 3225 1681 cum
3256 1613 3570 1693 Graecum,
3627 1637 3755 1696 qun
3807 1636 3966 1677 usus

728 1714 847 1777 est,
885 1714 1128 1772 teTxtum
1169 1725 1541 1792 c0rruptum
1584 1720 1967 1782 mutilumve
2004 1722 2355 1782 identidem
2385 1724 2759 1794 detexisset,
2792 1732 2900 1783 aut
2944 1724 3163 1784 saltem
3220 1723 3601 1787 dubitasset,
3658 1720 3718 1780 id
3755 1718 3965 1777 solum

728 1806 804 1865 ad
840 1810 1516 1887 marginemadnotare
1548 1828 1917 1892 contentus,
1950 1824 2205 1899 fontem,
2238 1824 2408 1883 unde
2436 1822 2540 1883 illa
2576 1823 2852 1884 manavit
2886 1823 3241 1899 Expositio,
3266 1840 3494 1900 nempe
3522 1818 3735 1898 Magni
3769 1816 3971 1893 Chry-

730 1914 995 1972 SOstomi
1050 1915 1115 1978 in
1153 1922 1302 1979 Acta
1342 1924 1779 1997 apostolorum
1820 1926 2159 1995 llomilfas,
2204 1926 2550 1987 consulere
2599 1935 2660 1987 et
2701 1926 3070 2003 expendere
3113 1925 3205 1987 vel
3254 1924 3638 2003 neglexerit,
3675 1922 3772 1982 vel
3808 1923 3865 1981 ei
3905 1922 3966 1977 in

733 2010 1009 2074 mentem
1056 2033 1183 2077 non
1224 2021 1513 2092 venerit;
1552 2021 1715 2082 haud
1746 2022 1918 2084 enim
1950 2025 2196 2096 dubito,
2232 2028 2389 2103 quin
2429 2025 2543 2087 hac
2572 2022 2819 2087 ratione
2865 2026 3158 2103 plerique
3201 2033 3410 2086 textus
3434 2025 3533 2084 sui
3573 2024 3702 2085 loca
3734 2024 3969 2082 sarcire

730 2130 801 2179 ac
832 2122 1177 2184 emendare
1218 2125 1551 2201 potuisset.
1599 2128 1735 2187 Hec
1768 2142 1921 2189 sane
1957 2128 2233 2191 feliciter
2277 2148 2309 2191 a
2343 2148 2442 2191 me
2488 2131 2840 2207 praestitum
2876 2140 3044 2199 esse,
3078 2146 3155 2189 ex
3190 2127 3681 2195 Commentario,
3716 2126 3829 2203 qui
3862 2140 3969 2185 seL

732 2220 977 2297 quitur,
1018 2224 1215 2286 lector
1250 2228 1416 2288 clare
1480 2230 1821 2305 perspiciet
1885 2233 2080 2304 Qnin,
2116 2249 2258 2291 cum
2288 2231 2643 2307 periculum
2677 2231 2937 2293 fecerim
2970 2231 3048 2293 de
3080 2230 3411 2309 aliquibus
3448 2226 3628 2294 locis.
3660 2232 3967 2305 quaeeor-

734 2325 915 2408 rupta
956 2324 1049 2383 vel
1084 2325 1371 2386 mutilata
1414 2332 1642 2391 merito
1677 2332 2043 2407 suspicatus
2077 2342 2172 2391 est
2202 2332 2338 2405 ipse
2369 2333 2647 2403 Silanus,
2688 2331 2869 2392 iacile
2895 2331 3204 2408 comperi,
3243 2329 3616 2391 eorumdem
3651 2328 3971 2388 defectum

736 2407 1186 2499 hujuscemodi
1226 2428 1569 2491 collatione
1604 2433 1881 2510 reparari
1934 2432 2267 2492 commode
2313 2434 2628 2508 potu?sse.
2663 2431 2781 2491 Sed
2819 2448 2955 2497 cur;
3004 2429 3286 2507 inquies,
3320 2446 3439 2506 ego
3474 2426 3612 2502 ipse
3647 2442 3771 2485 non
3810 2443 3973 2502 pice-

737 2520 893 2596 stiti,
922 2526 1092 2602 quod
1127 2542 1158 2586 a
1188 2527 1407 2589 Sifano
1434 2532 1564 2592 fieri
1598 2532 1901 2594 debuisse
1936 2530 2228 2608 putabam
2261 2532 2288 2590 ?
2318 2532 2479 2605 Quia
2513 2531 2758 2593 scilicet
2794 2531 2854 2591 in
2886 2530 3168 2592 alienum
3212 2534 3374 2606 opus
3432 2540 3689 2589 manum
3729 2529 3973 2588 immit-

737 2632 869 2688 tere
904 2628 1108 2691 nolui.
1145 2632 1415 2693 Unicum
1457 2644 1602 2695 vero
1642 2635 1877 2708 locum,
1922 2654 2112 2713 quem
2153 2636 2327 2697 edito
2365 2638 2424 2695 iu
2460 2644 2635 2697 textu
2667 2630 2883 2696 (ἱνα)υο
2917 2650 3041 2695 non
3079 2634 3345 2704 codicis,
3388 2641 3458 2692 ut
3488 2649 3605 2709 ego
3637 2641 3815 2707 puto,
3853 2638 3973 2690 de-

736 2722 929 2798 fectu,
957 2745 1163 2801 neque
1190 2731 1385 2792 Sil‘aui
1414 2736 1750 2809 culpa,sed
1782 2752 1946 2795 mera
1988 2734 2657 2811 typograpbi’iucuria,
2688 2733 2853 2793 tinea
2892 2731 3133 2808 integra
3161 2733 3517 2791 mutilatum
3548 2728 3976 2805 deprehendi,

740 2842 815 2889 ex
853 2829 1297 2908 Chi'ysostouii
1335 2834 1508 2897 fonte
1549 2838 1778 2899 sarcivi
1821 2859 1834 2897 :
1878 2845 1941 2897 ut
1983 2837 2196 2896 videre
2231 2842 2408 2912 potes
2446 2854 2584 2913 prg.
2623 2838 2717 2895 11.
2760 2833 3302 2895 Commentarium
3354 2831 3549 2908 igitur
3585 2831 3798 2900 istum,
3844 2842 3905 2887 ut
3943 2847 3975 2887 a

744 2927 993 2989 laudato
1025 2929 1246 2992 Sifauo
1284 2933 1499 2995 editus
1535 2942 1650 3005 est,
1693 2938 1828 3013 ipse
1865 2936 2300 2995 recudendum
2338 2937 2552 2994 curavi
2596 2951 2608 2993 :
2646 2933 2771 2994 nisi
2799 2934 2969 3011 quod
3011 2950 3089 2992 ex
3125 2948 3245 2992 usu
3288 2930 3594 2992 lectorum
3628 2946 3770 2989 esse
3818 2948 3974 2988 ceu-

740 3027 868 3097 sui,
906 3030 1376 3094 versiculorum
1404 3035 1817 3114 capitumque
1858 3049 2187 3106 numeros,
2242 3051 2518 3113 quorum
2569 3036 2755 3095 alteri
2810 3033 2992 3094 nullo
3040 3033 3251 3105 modo,
3284 3034 3463 3093 alteri
3504 3034 3733 3101 rarius,
3786 3041 3849 3091 et
3899 3034 3974 3090 mi

742 3127 1089 3208 marginem
1117 3138 1357 3192 tantum
1392 3133 1670 3194 aduotati
1710 3142 1916 3204 erant,
1949 3141 2239 3195 accurate
2271 3134 2409 3193 suis
2444 3132 2507 3193 in
2544 3131 2700 3193 locis
2734 3132 3080 3191 ascribere;
3126 3130 3322 3190 Pauca
3356 3130 3545 3189 etiam
3576 3148 3655 3190 cx
3687 3128 3979 3203 margine

742 3229 1072 3304 expunxi,
1120 3247 1199 3291 ne
1245 3232 1403 3308 quid
1462 3234 1653 3306 esset,
1702 3234 1875 3307 quod
1914 3231 2009 3292 vel
2070 3230 2427 3292 teneriores
2482 3230 2909 3309 quorumdam
2961 3228 3212 3289 animos
3259 3228 3590 3289 oﬂ‘ciidere
3643 3236 3978 3305 utcunque

746 3334 981 3404 posset.

823 3429 939 3491 lli.
972 3434 1066 3491 An
1102 3430 1611 3495 Commentarius
1651 3444 1801 3497 vero
1836 3432 1955 3497 iste
1986 3434 2313 3514 genuinus
2346 3420 2805 3510 TheOphylat-li
2844 3427 3043 3490 nostri
3077 3430 3160 3487 sit
3192 3426 3403 3499 foetus,
3449 3444 3658 3505 neque
3690 3427 3976 3501 Sifanus,

748 3549 960 3610 neque
999 3534 1343 3613 quisquam
1379 3536 1573 3610 alius,
1609 3556 1802 3615 quem
1840 3538 2137 3610 viderim,
2174 3540 2233 3598 iu
2267 3536 2537 3599 dubium
2570 3536 2874 3596 hactenus
2910 3532 3252 3593 revocavit.
3291 3532 3534 3592 Omnes
3571 3531 3821 3591 scilicet
3871 3532 3980 3592 iu-

744 3634 1003 3697 dubiam
1036 3638 1237 3711 illius,
1266 3640 1437 3700 unde
1468 3643 1827 3720 exscriptus
1866 3652 1983 3712 est,
2017 3643 2255 3703 codicis
2290 3630 2661 3719 epigr‘aphe,
2695 3645 2821 3717 qna
2860 3635 3340 3715 TheOpbylacto
3385 3634 3749 3704 ascribitur,
3788 3635 3977 3696 (idem

747 3737 1121 3814 praestitere.
1148 3743 1438 3801 Attamen
1486 3742 1664 3814 mihi,
1702 3758 1768 3803 ut
1804 3744 2076 3819 primum
2106 3742 2326 3804 oculos
2361 3742 2424 3802 in
2471 3743 2682 3818 ipsum
2716 3739 2989 3818 conjeci,
3024 3739 3294 3799 dubium
3335 3735 3449 3797 hac
3493 3737 3570 3796 de
3606 3755 3672 3797 re
3709 3736 3976 3814 aliquod

747 3839 1079 3901 subortum
1132 3850 1263 3916 est,
1324 3845 1494 3923 quod
1536 3862 1569 3906 a
1608 3846 2067 3925 TheOphylacti
2119 3848 2312 3927 genio
2344 3847 2617 3923 ejusque
2662 3844 3133 3907 commentandi
3185 3841 3431 3903 ratione
3475 3840 3664 3915 pau'o
3719 3841 3979 3917 longius

748 3939 976 4004 abesse
1009 3940 1358 4004 videretur.
1395 3945 1550 4006 Cum
1588 3947 1761 4007 enim
1797 3948 1863 4009 iu
1894 3946 2063 4017 aliis,
2100 3963 2264 4025 quos
2292 3946 2521 4018 edidit;
2554 3940 3071 4014 Commentariis,
3110 3958 3339 4019 nempe
3389 3942 3456 3999 in
3511 3937 3875 4017 Evangelia,
3919 3942 3982 3998 et

747 4043 815 4101 in
846 4043 1168 4118 Epistolas
1203 4044 1334 4105 divi
1377 4046 1586 4118 Pauli,
1645 4050 2023 4126 magistrum
2061 4065 2252 4109 suum
2304 4049 2834 4126 Cbrysostomum
2879 4043 3265 4123 compendio
3306 4040 3590 4118 colligat.
3634 4048 3695 4100 et
3729 4040 3780 4098 si
3818 4040 3977 4115 qui]

745 4156 825 4205 Ex
854 4146 1001 4207 aliis
1034 4149 1661 4226 decerpatPatribus,
1689 4155 1774 4225 id,
1809 4172 2028 4214 eorum
2052 4156 2379 4232 SuppreSsi

2345 4153 2833 4229 aisﬁnmninibus,
2855 4133 3034 4213 brevi
3063 4150 3346 4211 oratione
3365 4150 3733 4215 subuectat;
3765 4154 3986 4206 auctor

750 4243 946 4324 huius
983 4247 1436 4311 00"”“9'lliil‘5i
1482 4253 1560 4312 ίιθ
1600 4244 1976 4333 Plerultique
2002 4255 2290 4332 prolixus
2326 4263 2443 4325 est,
2480 4262 2543 4315 ut
2582 4252 3107 4329 ChrySOstomum
3148 4251 3381 4325 ipsum,
3419 4248 3767 4309 moralibus
3803 4247 3985 4307 il'lius

750 4346 1087 4407 subductis
1150 4351 1607 4424 parmuesibus,
1656 4361 1940 4429 snperet,
1993 4355 2239 4415 tametsi
2298 4355 2363 4416 iu
2407 4338 2753 4429 epigraplie
2787 4351 3057 4411 brevitas
3103 4360 3162 4410 et
3208 4350 3483 4409 concisio
3532 4348 3735 4423 ipsius
3774 4348 3984 4425 jacte-

752 4451 853 4507 tur
877 4442 959 4525 (α)
996 4462 1010 4505 :
1048 4462 1117 4505 ac
1158 4458 1455 4522 prmterea
1487 4450 1561 4511 ad
1606 4454 1980 4529 marginem,
2016 4454 2299 4528 plurium
2345 4456 2598 4513 Patrum
2644 4452 3112 4527 scriptorumve
3164 4448 3444 4519 nomina,
3483 4457 3547 4508 ut
3594 4446 3657 4505 in
3686 4457 3764 4505 eo
3790 4448 3983 4504 Com-

756 4544 1209 4607 ineutariorum
1244 4565 1504 4624 genere,
1552 4550 1664 4627 qui
1702 4550 1947 4611 Catcnw
1982 4552 2171 4629 Vulgo
2211 4552 2636 4629 appellantur,
2671 4549 2807 4610 fieri
2859 4548 3044 4614 solet,
3081 4546 3376 4607 ascribat.
3414 4546 3719 4619 Quamvis
3767 4553 3984 4602 tamen

755 4644 879 4707 ista
911 4645 1068 4705 mihi
1102 4645 1384 4726 aliquem
1421 4648 1761 4728 iujicerent
1791 4653 2198 4732 scrupulum,
2234 4662 2442 4714 tamen
2472 4656 2505 4713 a
2530 4652 2858 4713 communi
2892 4647 3205 4725 Opinione
3250 4649 3513 4710 minime
3555 4648 3984 4717 abducebant,

754 4749 927 4827 quod
964 4749 1159 4825 probe
1194 4768 1475 4825 nossem,
1523 4764 1819 4817 auctores
1845 4760 1971 4818 'n'ou
2005 4767 2260 4835 semper
2289 4758 2512 4817 eodem
2542 4754 2865 4816 scribendi
2896 4766 3131 4831 genere
3164 4753 3281 4819 uti.
3318 4752 3510 4813 ctiam
3534 4752 3597 4812 in
3626 4753 3819 4813 rebus
3854 4754 3987 4811 noh

755 4849 1218 4923 dissimilibus;
1267 4860 1330 4913 et
1380 4852 1682 4931 majorem
1719 4855 1812 4915 vel
1865 4858 2180 4917 minorem
2233 4854 2662 4932 prolixitatem
2696 4854 2760 4913 in
2808 4855 3115 4928 majorem
3164 4851 3261 4911 vel
3318 4852 3628 4911 minorem
3664 4852 3985 4920 materiae,

756 4968 899 5030 (1³⁸³
938 4960 1144 5027 Parma
1174 4954 1282 5027 Sili
1316 4954 1565 5030 COpiam
1604 4955 1860 5018 refuudi
1891 4974 2076 5033 posse
2116 4979 2129 5016 :
2172 4958 2433 5019 nomina
2484 4973 2631 5017 vero
2663 4959 2939 5025 Patrum,
2989 4964 3133 5015 cum
3164 4952 3295 5012 fere.
3343 4952 3551 5011 solum
3596 4953 3661 5013 in
3696 4952 3986 5027 margine

756 5060 1120 5131 appareant,
1153 5055 1233 5116 ab
1258 5056 1386 5118 alio
1418 5055 1685 5118 fortasse
1716 5058 1974 5137 adjuugi
2016 5058 2327 5135 potuisse,
2360 5075 2564 5135 eaque
2598 5073 2725 5118 non
2758 5056 2912 5116 satis
2944 5071 3111 5126 esse,
3141 5062 3205 5114 ut
3236 5054 3467 5115 Catena
3500 5053 3708 5130 potius
3733 5052 3988 5113 dicatur

756 5170 946 5231 quam
983 5152 1511 5223 Coinmenlarius;
1550 5162 1897 5232 praesertim
1934 5174 2077 5218 cum
2111 5159 2299 5219 verba
2331 5160 2581 5219 Patrum
2620 5158 2698 5216 ita
2729 5155 3000 5215 invicem
3034 5165 3320 5213 connexa
3352 5153 3502 5220 sint,
3540 5164 3609 5210 ut
3638 5152 3985 5212 continen-

757 5261 882 5313 tem
918 5252 1386 5329 expositionem
1428 5254 1761 5315 c'oniieiant
1805 5271 1817 5314 :
1854 5255 2062 5316 solum
2116 5256 2355 5317 idcirco
2394 5274 2472 5315 ex
2520 5253 2622 5315 bis
2668 5251 2893 5314 inferri
2938 5268 3122 5327 posse
3166 5249 3622 5325 Tht‘Ojthj'laCli
3675 5250 3982 5309 lucubra-

758 5351 915 5412 tioni
953 5350 1166 5428 aliqua
1203 5352 1280 5411 ab
1313 5352 1457 5413 aliis
1490 5352 1702 5413 addita
1745 5372 1912 5414 esse.
1954 5358 2015 5415 ld
2050 5372 2197 5415 vero
2234 5372 2360 5415 non
2404 5354 2638 5415 mirum
2692 5354 2758 5412 in
2806 5351 2999 5429 hujus
3038 5349 3306 5411 rationis
3337 5366 3555 5424 Opere,
3588 5350 3785 5423 quod,
3836 5367 3985 5408 cum

758 5456 963 5510 totum
1015 5448 1211 5514 terme
1258 5468 1335 5511 ex
1368 5450 1603 5511 alienis
1634 5450 1822 5510 dictis
1875 5460 2243 5513 contextum
2293 5455 2399 5523 sit,
2435 5452 2726 5514 eruditus
2764 5451 3042 5529 quisque
3077 5448 3363 5509 arbitrari
3419 5457 3685 5525 poterat,
3738 5466 3811 5509 ea
3857 5450 3984 5509 sibi

760 5549 974 5611 omnia
1021 5549 1371 5627 adjuugere
1424 5549 1643 5623 licere,
1679 5567 1823 5628 quae
1877 5569 1954 5611 ex
1997 5568 2117 5613 usu
2152 5570 2294 5612 esse
2329 5558 2604 5631 putaret.
2659 5551 2773 5611 His
2821 5548 2961 5626 ipsc
3014 5547 3166 5605 mihi
3230 5545 3528 5607 obortum
3572 5547 3985 5623 scrupulum,

833 5716 909 5748 ¹·“
941 5713 1143 5789 Nempe
1173 5718 1225 5772 in
1262 5732 1321 5769 ea
1347 5718 1595 5789 habetur.
1662 5720 1803 5771 κατὶ
1847 5720 2140 5786 συντομίαν
2206 5720 2474 5787 συλλεγεῖα

2348 5720 2544 5787 εγεῖσαι
2605 5717 3049 5789 (supplendum,
3096 5728 3152 5772 ut
3208 5726 3373 5787 puto.
3443 5712 3767 5785 ἐξηγήσεις)
3840 5714 3989 5784 quod

976 5798 981 5803 ‘
1017 5788 1193 5853 "‘tflil,
1227 5789 1427 5841 concise
1465 5806 1525 5841 ac
1553 5788 1772 5841 brcrircr
1800 5790 2047 5843 collecta}.
