4156 6440
150 389 249 454 109
941 401 1022 462 ΙΝ
1077 403 1507 474 SEQUENTIA
1562 407 1791 467 ΤΙῘΕΟῘ

1750 408 2145 470 ΠἮΥΙΛΩΤῙ
2199 413 2540 475 SCRH‘TA.
3287 413 3391 477 410

153 504 241 560 δίη
276 503 544 564 omnino
565 507 822 577 sustuli,
859 509 1078 568 saltem
1109 521 1438 589 ttt"uttt|tte
1476 514 1713 588 sopivi.
1746 515 1914 586 Quid
1949 534 2095 577 eum
2131 519 2505 580 excitaverit
2537 519 2777 593 denuo,
2812 537 2887 580 ex
2921 536 3061 584 mox
3097 519 3389 582 dicendis

152 605 561 676 perSptt'tttttn
600 606 725 666 ﬁet.

1565 737 1842 798 SEt'I'i‘iO
1893 739 1966 798 ll.

421 881 510 942 De
544 883 1003 948 Commentario
1039 888 1104 948 in
1136 888 1284 949 Arta
1311 891 1740 966 apostolorum
1783 911 1998 952 recens
2032 902 2211 956 erttlo
2262 905 2342 955 tu:
2373 896 2745 958 bibliotheca
2790 898 3104 958 Vaticana.

226 1028 332 1089 IV.
380 1031 802 1096 Pteecedentis
846 1036 1296 1100 Commentarii
1353 1041 1703 1117 impressio
1748 1043 1822 1103 ad
1877 1043 2250 1106 umbilicum
2299 1043 2498 1107 ferme
2558 1052 2966 1124 pervenerat,
2999 1062 3144 1107 cum
3189 1045 3388 1105 Roma

152 1126 325 1190 allata
351 1141 507 1191 sunt
541 1134 659 1194 tria
689 1133 840 1198 folia
878 1137 1148 1198 alterius
1183 1140 1642 1200 Commentarii
1690 1144 1752 1202 in
1800 1143 2022 1203 eadem
2071 1145 2511 1220 apostolorum
2542 1139 2718 1217 Acta,
2748 1145 2860 1222 qui
2911 1144 2976 1205 in
3013 1143 3238 1204 codice
3287 1144 3385 1202 bi-

156 1225 490 1290 bliothecae
532 1231 854 1296 Vaticanaa
900 1229 1453 1315 'l‘hecphylactum
1503 1238 1756 1314 prml‘ert
1789 1251 2138 1304 auctorem.
2186 1245 2371 1306 Facta
2415 1243 2760 1305 collatione
2809 1241 3384 1319 deprehendimus,

155 1329 504 1394 Romanum
531 1350 563 1394 a
595 1335 920 1400 Sifaniano
951 1355 1096 1400 cum
1133 1339 1197 1400 in
1223 1338 1394 1413 aliis,
1430 1347 1564 1402 tum
1598 1344 1946 1419 praesertim
1982 1343 2286 1407 brevitate
2337 1346 2738 1425 discrepare.
2789 1346 2924 1405 Hoc
2961 1360 3111 1404 vero
3152 1345 3388 1405 nedum

155 1430 428 1506 priorem
468 1433 934 1499 dubitationem
964 1440 1129 1502 circa
1162 1441 1526 1520 genuinum
1563 1439 1748 1504 illius
1782 1445 2240 1506 Commentarii
2277 1455 2602 1508 auctorem
2653 1447 2866 1507 denuo
2915 1445 3238 1513 excitavit,
3272 1447 3385 1505 sed

157 1532 334 1592 etiam
385 1535 673 1598 animum
726 1555 805 1600 eo
849 1540 1210 1614 inclinavit,
1264 1551 1333 1605 ut
1370 1546 1723 1616 crederem,
1774 1547 1944 1607 hunc
1995 1548 2210 1625 potius
2269 1561 2491 1610 recons
2544 1549 2892 1616 detectum,
2945 1562 3136 1624 quam
3193 1545 3378 1604 illum

155 1631 632 1714 TheOphylacto
661 1641 900 1702 auctori
930 1643 1384 1705 ascribendum
1418 1657 1606 1705 esse:
1653 1647 2000 1722 prresertim
2056 1648 2226 1725 qtmd
2282 1648 2536 1710 brevior
2577 1647 2779 1708 multo
2827 1647 2934 1716 sit,
2983 1645 3276 1720 adeoque
3310 1645 3384 1704 ad

156 1733 728 1815 Tlteophylacteam
761 1742 1235 1804 commentandi
1281 1743 1592 1806 rationem
1628 1746 1892 1824 propius
1917 1750 2221 1809 accedere
2254 1749 2566 1809 videatur.
2599 1745 2921 1808 Nonnulla
2951 1744 3075 1805 alia
3109 1744 3388 1805 subinde

157 1834 336 1897 ltoma
370 1845 626 1916 accepta
655 1843 802 1905 folia
838 1862 962 1905 non
998 1845 1207 1906 solum
1253 1842 1412 1907 hanc
1439 1846 1595 1908 mihi
1629 1849 2069 1927 snspicionem
2097 1851 2449 1922 ﬁrmarunt,
2490 1847 2600 1910 sed
2633 1848 2823 1910 etiam
2857 1845 3166 1910 editionis
3195 1845 3388 1924 hujus

153 1941 556 2002 curatoribus
590 1945 936 2006 consilium
972 1945 1360 2024 iujecerunt,
1404 1947 1576 2008 hunc
1621 1965 1884 2029 quoque
1931 1953 2469 2013 Commentariuin
2523 1951 2584 2011 in
2637 1949 2844 2011 lucem
2895 1946 3276 2018 emittendi;
3321 1953 3390 2006 ut

155 2062 334 2121 quem
369 2045 669 2121 aqualis,
705 2050 899 2109 unius
937 2067 1166 2128 nempe
1200 2051 1470 2118 codicis.
1504 2054 1846 2115 auctoritas
1895 2055 2072 2115 velut
2108 2052 2569 2132 'l‘lteOphj'lacti
2611 2051 2832 2113 furtum
2881 2049 3386 2116 commendaret,

157 2148 206 2210 is
230 2149 419 2209 etiam
455 2151 685 2228 mtptali
725 2155 999 2229 publieae
1033 2153 1196 2216 lucis
1233 2155 1475 2216 honore
1506 2157 1852 2218 frueretur.
1894 2155 2184 2218 Ceusilic
2213 2152 2390 2222 huic.
2423 2166 2795 2234 quanquam
2833 2151 2969 2229 ipse
2999 2157 3219 2211 auctor
3242 2165 3387 2210 esse

158 2247 492 2317 nolui-rim,
525 2255 1018 2330 repugnandum
1059 2261 1270 2314 tamen
1314 2253 1469 2314 mihi
1527 2273 1668 2317 esse
1703 2273 1828 2318 non
1881 2245 2135 2328 censui,
2167 2255 2409 2331 Quippe
2457 2255 2568 2329 qui
2611 2258 3014 2331 perspectum
3063 2248 3386 2319 haberem,

158 2349 439 2408 eruditos
469 2347 764 2412 homines
800 2351 1038 2413 nedum
1089 2359 1287 2424 certa,
1327 2353 1436 2412 sed
1479 2362 1540 2413 et
1574 2355 1767 2416 dubia
1816 2371 2006 2431 Opera
2041 2357 2264 2416 eodem
2315 2340 2649 2415 volumine
2696 2353 2887 2412 edere
2937 2347 3382 2410 consuevisse.

159 2444 293 2508 Hinc
325 2448 598 2526 quidem
628 2467 819 2529 opera
845 2452 922 2514 ad
958 2453 1194 2515 calcem
1233 2455 1579 2517 voluminis
1619 2457 1994 2534 plerumque
2030 2457 2415 2532 rejiciuntur
2446 2475 2462 2515 :
2493 2462 2553 2515 at
2583 2452 2753 2531 quod
2789 2449 2907 2512 hoc
2947 2449 3144 2510 istum
3181 2449 3386 2510 locum

160 2551 417 2627 teneret,
448 2555 515 2616 in
547 2572 735 2617 causa
765 2555 892 2618 fuit
927 2557 1058 2637 jam
1090 2557 1386 2620 absoluta
1417 2559 1875 2622 Commentarii
1913 2563 2333 2639 praecedentis
2371 2557 2740 2638 impressio.
2769 2557 3178 2618 Censuerunt
3211 2551 3386 2612 enim

161 2655 457 2726 editores,
496 2659 1033 2732 Commentarios,
1066 2661 1178 2739 qui
1210 2660 1377 2724 circa
1413 2661 1701 2723 eamdem
1729 2672 2136 2726 versarentur
2172 2663 2529 2737 materiem,
2563 2664 2922 2738 eodemque
2950 2655 3150 2720 ferme
3191 2654 3390 2716 dubio

161 2756 534 2830 taborarent,
571 2761 708 2824 loco
733 2763 1171 2840 sejungendos
1203 2778 1332 2824 non
1367 2775 1538 2826 esse.
1569 2764 1756 2835 Hinc,
1789 2767 2037 2829 cmteris
2065 2767 2327 2830 interim
2360 2763 2830 2845 prmtermissis,
2852 2778 2996 2842 quaa
3025 2778 3151 2838 prae
3182 2758 3389 2818 mani-

161 2851 268 2917 hus
304 2859 644 2931 habebam,
694 2860 892 2940 hujus
941 2862 1167 2925 Latine
1216 2861 1510 2924 vertendi
1567 2861 1846 2926 laborem
1896 2881 2240 2944 aggressus
2280 2883 2447 2927 sum.
2497 2863 2684 2938 Quod
2739 2865 2892 2925 dum
2931 2878 3278 2939 exsequor,
3328 2871 3389 2922 et

162 2959 698 3023 Commentarium
732 2962 948 3040 ipsum
984 2965 1252 3042 propius
1277 2964 1721 3042 attentiusque
1751 2965 2104 3043 perspicio,
2142 2967 2207 3027 in
2242 2967 2562 3045 prioribus
2599 2965 2868 3046 quidem
2906 2981 3020 3025 sex
3071 2960 3390 3038 capitibus

161 3069 213 3120 οἱ
242 3080 324 3135 εοι
352 3063 495 3124 timi
529 3066 799 3128 dimidia
822 3067 1023 3130 ferme
1058 3078 1233 3148 parte
1271 3087 1590 3150 perpauca
1623 3079 1767 3134 esse
1799 3071 2238 3150 deprehendo,
2266 3089 2412 3151 qum
2438 3071 2499 3132 in
2541 3069 3014 3135 Commentario
3061 3065 3388 3129 Sifaniano

163 3180 272 3225 non
307 3166 628 3238 inessent,
673 3184 744 3229 ac
773 3167 975 3230 ferme
1008 3170 1218 3232 solum
1268 3172 1336 3233 in
1376 3189 1455 3234 eo
1499 3174 1892 3252 discrepare,
1926 3176 2100 3251 quod
2142 3171 2249 3234 ille
2292 3172 2499 3235 multo
2549 3172 2862 3250 prolixior
2893 3170 3002 3243 sit,
3031 3186 3150 3230 seu
3186 3170 3387 3231 multo

165 3263 323 3339 plura
361 3265 718 3326 contineat.
751 3267 1022 3345 Insuper
1051 3267 1186 3330 fere
1219 3273 1432 3332 omnia
1469 3289 1616 3346 quas
1646 3273 1908 3351 utrique
1940 3271 2307 3334 communia
2336 3278 2514 3347 sunt,
2543 3273 2704 3334 adeo
2737 3289 2880 3334 cum
2918 3271 3136 3334 verbis
3182 3270 3389 3349 Chry-

163 3365 408 3425 sustomi
445 3381 830 3444 congruere,
863 3373 931 3428 ut
958 3368 1214 3430 deliniri
1254 3371 1355 3431 vix
1389 3380 1497 3433 aut
1525 3375 1796 3434 omnino
1829 3390 1957 3435 non
1993 3381 2210 3451 queat,
2244 3382 2463 3436 utrum
2495 3392 2639 3451 quae
2668 3374 3011 3435 Vaticanus
3043 3373 3282 3435 Commi
3311 3390 3386 3433 n-

162 3464 343 3526 tarius
381 3466 446 3526 in
488 3466 810 3545 praedictis
841 3469 1160 3544 capitibus
1212 3472 1424 3545 habet,
1465 3489 1542 3534 ex
1589 3475 1943 3546 Sifaniano,
1984 3475 2082 3538 vel
2134 3475 2335 3537 simili
2368 3476 2593 3554 aliquo
2619 3473 2998 3552 exemplari,
3033 3492 3112 3536 an
3159 3475 3388 3535 imme-

164 3565 312 3626 diate
335 3585 413 3628 ex
449 3567 596 3640 ipso
637 3567 1088 3643 (Ihrysostomo
1110 3554 1453 3651 desumpta
1479 3573 1748 3636 fuerint.
1789 3575 1948 3638 Illud
1983 3585 2228 3638 certum
2253 3576 2532 3649 videtur,
2557 3593 2630 3638 ea
2663 3576 2729 3636 in
2771 3585 2941 3650 parte
2963 3575 3124 3636 adt-0
3157 3591 3387 3650 purum

166 3679 371 3743 putum
407 3671 713 3732 exhiberi
769 3673 1327 3752 Cbrysostomum,
1380 3685 1450 3739 ut
1490 3676 1593 3741 hic
1622 3679 1720 3740 illi
1761 3680 1992 3742 titulus
2039 3680 2270 3742 merito
2306 3681 2507 3759 aptari
2542 3685 2758 3757 posset
2788 3699 2804 3742 :
2833 3678 3086 3740 Scholia
3133 3679 3201 3740 in
3232 3677 3389 3737 Acta

165 3774 577 3850 apostolorum
601 3794 681 3834 ex
711 3774 1170 3853 Chrysostomo.
1207 3779 1346 3839 Alia
1379 3793 1718 3859 perpauca,
1747 3794 1890 3860 quae
1914 3783 1971 3844 ei
2008 3783 2230 3845 insunt
2271 3799 2351 3844 ex
2391 3782 2522 3844 alio
2552 3797 2722 3860 penu
2748 3781 3149 3858 deprompta,
3186 3781 3375 3840 Com-

169 3877 460 3937 tm-ntario
483 3876 617 3954 jam
646 3873 934 3937 confecto
961 3880 1313 3957 superaddi
1345 3881 1554 3944 aliena
1589 3899 1778 3944 manu
1809 3891 2097 3959 potuere.

237 3975 304 4034 γ.
338 3977 460 4038 Sed
517 3975 682 4038 illud
721 3975 838 4036 hoc
890 3977 1027 4039 loco
1058 3979 1699 4043 animadvertendum
1743 3990 1862 4053 est,
1905 3984 2106 4060 quod,
2145 3993 2293 4045 cum
2341 3974 2844 4059 Chrysostomus
2887 3979 2950 4040 in
2983 3977 3272 4057 qualibet
3312 3995 3386 4036 ex

166 4075 282 4137 illis
309 4078 602 4141 homiliis
647 4080 1051 4158 protiositum
1096 4082 1280 4142 Luem
1321 4090 1569 4145 textum
1606 4085 1702 4147 bis
1747 4093 2264 4163 percurrat;seu
2293 4090 2438 4162 post
2469 4082 2763 4160 primam,
2809 4096 3080 4158 eamque
3130 4078 3387 4138 brevem

168 4184 486 4244 verborum
525 4181 1072 4260 explanationem,
1099 4181 1289 4242 aliam
1315 4201 1498 4262 teque
1529 4185 1787 4248 brevem
1827 4193 1890 4248 et
1924 4185 2320 4266 quandoque
2352 4179 2746 4251 breviorem,
2783 4179 2883 4240 his
2910 4188 3019 4238 aut
3060 4174 3390 4236 similibus

170 4283 356 4343 verbis
391 4281 767 4361 prmmissis,
814 4281 1150 4341 subuectat
1199 4295 1215 4339 :
1258 4282 1396 4338 Ἀλλ’
1428 4284 1626 4352 ἴδωμεν
1655 4281 1811 4338 avom

1746 4281 1862 4338 υοιν
1893 4283 1963 4338 τὰ
1992 4278 2413 4356 εἰρημέναηυά
2450 4279 2743 4358 superius
2787 4276 2957 4342 dicta
3003 4283 3387 4353 repetamus-

168 4392 366 4445 auctor
398 4384 618 4455 istius,
659 4381 962 4461 quisquis
1010 4381 1268 4443 demum
1324 4378 1434 4442 ille
1483 4378 1704 4451 fuerit,
1745 4378 2202 4441 Commentarii
2239 4380 2431 4442 modo
2464 4397 2544 4442 ex
2591 4380 2816 4458 prima,
2863 4377 3054 4439 modo
3088 4393 3166 4437 ex
3197 4375 3390 4437 altera

173 4479 616 4560 Explanatione
671 4482 865 4543 verba
920 4483 1272 4561 depromit:
1327 4488 1389 4542 et
1429 4479 1693 4556 quidem
1745 4479 2128 4556 plerumque
2179 4487 2248 4540 ut
2299 4479 2368 4541 in
2423 4487 2600 4541 textu
2649 4476 3088 4556 Chrysostomi
3136 4474 3391 4552 jacent:

168 4583 358 4644 solum
405 4582 699 4655 mutatis,
748 4582 1010 4656 additis,
1051 4581 1150 4643 vel
1192 4581 1496 4659 demptis,
1546 4578 1806 4658 majoris
1853 4579 2161 4641 claritatis
2210 4582 2306 4642 vel
2359 4580 2692 4642 brevitatis
2725 4579 2950 4658 gratia,
3003 4576 3392 4657 quibusdam

171 4685 543 4764 quandoque
579 4684 817 4755 verbis,
853 4691 920 4744 ut
945 4683 1056 4762 qui
1094 4699 1221 4744 non
1255 4690 1377 4742 tam
1411 4683 1490 4742 de
1526 4680 1762 4748 verbis,
1803 4695 1992 4757 quam
2039 4679 2119 4740 de
2150 4696 2346 4742 sensu
2393 4680 2833 4759 Chrysostomi
2888 4677 3224 4740 laboraret.
3255 4677 3392 4748 Qua

171 4785 355 4842 tamen
392 4785 459 4842 in
501 4799 596 4855 re,
631 4781 713 4853 si,
746 4781 921 4860 quod
952 4781 1111 4842 mihi
1139 4780 1366 4842 videor
1394 4777 1812 4855 comperisse,
1846 4776 2121 4839 candide
2152 4778 2336 4840 fateri
2360 4778 2570 4852 liceat,
2606 4795 2733 4840 non
2774 4794 3029 4856 semper
3062 4776 3219 4838 satis
3253 4775 3392 4836 feli-

170 4880 306 4942 citer
327 4900 448 4945 suo
489 4883 605 4944 ille
640 4882 984 4945 defunctus
1018 4892 1113 4945 est
1147 4898 1418 4943 munere
1451 4903 1466 4942 :
1502 4879 1827 4942 interdum
1863 4879 2036 4940 enim
2067 4887 2178 4942 aut
2207 4880 2555 4960 supprimit
2587 4881 2801 4952 verba,
2833 4898 2980 4960 qum
3009 4880 3393 4956 perficiendo

177 4984 374 5045 s’ens’ui
405 4983 774 5046 necessaria
806 4993 986 5046 erant
1031 5006 1045 5045 :
1085 4990 1193 5046 aut
1231 4982 1586 5061 superﬂua,
1626 5000 1770 5061 qum
1799 4999 2063 5043 sensum
2111 4983 2543 5046 interturbent
2583 4985 2796 5062 potius
2819 4999 3011 5063 quam
3053 4982 3391 5044 clariorem

173 5082 437 5151 reddant,
471 5082 804 5160 adjungit;
838 5082 936 5143 vel
979 5081 1044 5144 in
1081 5080 1485 5142 scholiorum
1519 5079 1775 5140 delectu
1812 5080 2087 5156 prmterit
2117 5078 2406 5140 meliora.
2435 5081 2638 5153 Quam
2671 5080 2754 5140 ob
2804 5097 2938 5141 rem
2981 5080 3386 5141 Commenta-

173 5181 293 5242 rius
320 5183 440 5244 iste
479 5179 989 5258 TlteOphj-lacto,
1028 5180 1169 5240 viro
1193 5176 1484 5240 doctrina
1517 5185 1576 5238 et
1602 5177 1833 5255 judicii
1883 5175 2243 5238 maturitate
2277 5177 2626 5254 praestanti,
2676 5177 3147 5256 abjudicandus
3184 5179 3385 5240 videri

164 5279 288 5354 jure
324 5291 568 5360 posset,
609 5280 734 5341 nisi
767 5279 899 5341 haec
939 5282 1156 5341 omnia
1204 5280 1270 5341 in
1310 5278 1852 5355 subsequentium
1905 5276 2312 5338 librariorum
2348 5279 2774 5348 oscitantiam,
2826 5280 2922 5340 vel
2974 5279 3388 5358 imperitiam,

171 5400 228 5445 ac
249 5387 475 5463 sapius
511 5386 939 5447 temeritatem
976 5383 1319 5445 retundere
1356 5390 1699 5462 presteret.
1733 5380 1892 5443 lllud
1932 5381 2089 5442 mihi
2123 5381 2547 5458 exploratum,
2577 5383 2927 5457 exemplar,
2963 5383 3134 5460 quod
3175 5383 3388 5444 Latine

170 5486 522 5546 vertendum
559 5483 804 5559 accepi,
839 5482 1090 5542 mendis
1121 5481 1399 5560 aliisque
1430 5480 1789 5542 defectibus
1828 5497 1971 5541 esse
2005 5496 2371 5556 respersum
2407 5503 2422 5542 :
2456 5481 2642 5558 cujus
2673 5481 2762 5542 rei
2803 5483 2987 5560 culpa
3019 5499 3142 5542 non
3177 5484 3235 5542 ei
3274 5476 3384 5560 qui

171 5581 356 5654 ipsum
413 5584 726 5652 exaravit,
777 5583 885 5661 qui
935 5583 1088 5643 satis
1125 5583 1478 5661 diligentiae
1512 5600 1638 5660 prae
1666 5600 1734 5644 se
1760 5582 1903 5650 fert,
1954 5583 2063 5642 sed
2097 5581 2399 5642 Vaticano
2446 5583 2649 5644 codici
2710 5583 3046 5644 tribuenda
3101 5584 3383 5644 videtur.

174 5685 481 5762 Quidquid
520 5701 674 5746 vero
711 5684 825 5745 hac
855 5683 934 5744 de
963 5695 1033 5745 “re
1064 5683 1170 5755 sit,
1207 5701 1284 5746 eo
1315 5694 1484 5745 certe
1521 5685 1720 5761 major
1751 5682 1908 5743 mihi
1945 5682 2008 5742 in
2047 5681 2261 5742 Latina
2304 5682 2746 5745 concinttanda
2790 5683 3086 5745 versione
3128 5683 3385 5757 itttpeu-

175 5783 398 5843 (lendus
434 5785 554 5844 fuit
590 5783 787 5854 labor,
825 5799 955 5860 quo
987 5780 1395 5859 frequcutius
1423 5796 1684 5844 necesse
1722 5780 1913 5842 habui
1952 5799 2094 5843 cum
2136 5781 2576 5860 Chrysostomi
2633 5782 2811 5846 fonte
2856 5781 3020 5846 illud
3047 5777 3378 5848 conferre;
