4156 6440
733 393 826 456 Nl
1777 392 2156 452 BONIFACH
2205 396 2509 453 FlNETTI
2546 397 2936 456 PILEFA'FIO
3861 398 3973 459 ΗΞ

732 524 802 571 ut
837 520 895 572 ct
937 512 1073 590 ejus
1107 510 1337 571 menda
1363 508 1778 586 corrigercm,
1814 516 1898 580 et,
1936 511 2040 569 ubi
2074 511 2326 569 deesset
2355 512 2632 589 aliquid,
2664 514 3055 590 sapplerem.
3103 514 3168 574 ln
3220 515 3300 576 iis
3343 532 3509 584 vero,
3545 531 3687 592 qum
3731 532 3804 574 ex
3837 514 3967 574 alio

729 609 908 671 fonte
952 612 1168 672 hausta
1216 618 1395 683 sunt,
1427 627 1569 670 cum
1603 608 1931 670 Silaniano
1959 612 2455 684 Conmmenlario,
2488 621 2546 670 et
2572 614 2937 692 apographo
2968 615 3366 687 Florentino,
3391 619 3469 674 de
3503 633 3633 692 quo
3662 613 3963 680 inferius,

730 717 1029 778 eumdem
1063 716 1130 776 in
1171 715 1360 776 finem
1387 715 1632 775 contuli
1673 737 1686 771 :
1735 715 1915 792 plura
1949 715 2122 774 enim
2157 715 2436 794 singulis
2473 716 2648 777 hisce
2681 718 3157 778 commentariis
3187 717 3553 778 communia
3599 725 3771 787 sunt,
3802 717 3967 776 adeo

732 831 799 879 ut
825 819 993 880 alius
1031 837 1107 880 ex
1140 821 1265 881 alio
1298 820 1622 880 emendari
1656 822 2046 899 quandoque
2083 823 2307 898 possit,
2341 828 2533 899 atque
2566 823 2880 907 suppleri.
2914 823 3236 895 Quantum
3273 820 3638 899 hujusmodi
3675 819 3969 880 collatio-

734 919 927 979 nibus
960 921 1443 992 Commentarii,
1478 938 1610 1000 quo
1645 923 1725 982 de
1775 921 2029 999 loquor,
2088 929 2334 982 textum
2373 938 2493 999 ego
2545 921 2946 999 perfecerim,
2980 931 3400 1001 compertum,
3432 920 3968 997 erploratumque

739 1022 936 1081 lector
991 1022 1276 1095 habebit,
1312 1024 1366 1082 si
1407 1024 1719 1097 advertat,
1755 1024 1946 1084 verba
1983 1041 2017 1084 a
2052 1042 2152 1084 me
2185 1042 2263 1085 ex
2300 1024 2490 1086 dictis
2534 1024 2822 1086 fontibus
2858 1026 3069 1086 addita
3104 1026 3278 1086 hisce
3317 1023 3523 1102 signis
3562 1026 3580 1098 [
3664 1025 3680 1095 ]
3718 1020 3967 1081 inclusa

731 1137 899 1180 esse.
949 1123 1041 1182 Ad
1074 1124 1425 1199 marginem
1468 1141 1619 1184 vero
1649 1123 1974 1186 lateralem
2005 1127 2314 1202 ascriptas
2345 1127 2624 1203 reperiet
2655 1129 2975 1188 variantes
3029 1127 3390 1198 lectiones,‘
3414 1139 3541 1185 non
3572 1131 3780 1183 tamen
3825 1137 3971 1180 om-

731 1240 887 1289 nes:
921 1241 1066 1284 cum
1099 1225 1506 1302 superﬂuum
1536 1233 1597 1287 et
1625 1227 1856 1287 inutile
1881 1226 2092 1287 visum
2127 1227 2285 1288 mihi
2335 1227 2553 1302 fuerit,
2601 1228 2861 1307 quoties
2891 1228 3298 1290 manifestum
3340 1226 3603 1304 aliquod
3652 1223 3960 1284 mendum

733 1324 1242 1402 expungendum
1285 1326 1428 1398 fuit,
1461 1328 1648 1388 toties
1682 1335 1825 1388 nota
1863 1329 2081 1408 aliqua
2117 1330 2445 1408 marginali
2489 1332 2813 1391 Lectorem
2847 1347 3129 1402 mouere,
3166 1339 3232 1390 ut
3263 1328 3417 1388 alias
3452 1327 3595 1387 fecit
3642 1323 3899 1385 Sifanus
3939 1342 3954 1380 :

728 1427 809 1484 ob
847 1444 1037 1504 quam
1075 1447 1205 1488 rem
1241 1439 1449 1490 tamen
1482 1446 1628 1488 eum
1664 1429 2270 1505 reprehendendum
2302 1447 2429 1492 non
2461 1441 2638 1508 puto,
2675 1450 2817 1492 cum
2851 1448 2976 1492 non
3003 1434 3076 1493 ad
3106 1431 3506 1507 diligentiam
3535 1428 3632 1488 vel
3668 1425 3964 1503 peritiam

728 1541 909 1585 suam
962 1530 1430 1602 ostentandam,
1481 1530 1591 1590 sed
1639 1531 1715 1590 ad
1753 1547 2010 1591 omnem
2064 1531 2458 1592 infidelitatis
2510 1533 2924 1594 amovendum
2961 1530 3397 1608 suspicionem
3442 1529 3502 1589 id
3537 1528 3747 1605 egisse
3781 1523 3874 1583 fac
3909 1521 3968 1580 le

728 1628 1001 1690 credam.

812 1757 920 1816 \‘l.
953 1758 1141 1816 Hunc
1173 1757 1546 1818 conferendi
1589 1759 1896 1833 laborem,
1936 1761 2328 1838 exemplaris
2362 1762 2751 1822 emendandi
2785 1761 3218 1839 suppl'endive
3248 1776 3459 1829 causa,
3494 1773 3618 1817 nou
3656 1753 3866 1813 solum
3900 1750 3968 1808 in

731 1858 1085 1934 prioribus,
1130 1869 1192 1920 ut
1221 1859 1351 1937 jam
1389 1862 1602 1933 innui,
1646 1863 1992 1938 capitibus,
2024 1867 2134 1924 sed
2165 1865 2226 1924 in
2262 1865 2548 1945 qualibet
2582 1867 2786 1943 ipsius
2837 1875 3008 1944 parte
3043 1865 3283 1926 subivi.
3337 1862 3832 1938 Chrysostomus
3872 1864 3970 1913 ta-

735 1976 876 2016 men
915 1974 1040 2018 non
1069 1958 1154 2018 ita
1186 1960 1559 2035 frequenter
1589 1960 1764 2020 adire
1799 1977 1964 2038 opus
1999 1963 2156 2024 mihi
2189 1964 2336 2038 fuit,
2371 1983 2514 2026 cum
2541 1983 2573 2026 a
2607 1968 2820 2026 medio
2856 1967 3110 2026 circiter
3143 1964 3417 2041 septimo
3448 1961 3653 2037 capite
3692 1976 3722 2017 a
3766 1958 3976 2032 Chry-

731 2064 1016 2116 sostomo
1051 2057 1249 2134 magis
1291 2058 1654 2130 discedere,
1687 2067 1748 2120 et
1786 2060 2260 2124 Commentario
2316 2066 2378 2125 in
2414 2069 2562 2126 Acta
2598 2067 3036 2143 apostolorum
3085 2064 3206 2124 sub
3255 2063 3514 2124 nomine
3583 2055 3972 2120 0Ecumenii

723 2172 855 2251 jam
889 2157 1132 2218 dudum
1171 2161 1427 2236 vulgato
1460 2161 1537 2220 ad
1570 2163 1881 2223 amussim
1919 2164 2052 2223 fere
2085 2167 2431 2226 convenire
2456 2166 3018 2244 deprehenderim.
3069 2161 3160 2225 Eo
3187 2175 3394 2225 tamen
3438 2160 3640 2221 multo
3675 2165 3770 2218 est
3820 2158 3971 2217 bre-

731 2254 894 2331 vior,
929 2257 1078 2334 quia
1131 2258 1346 2334 plures
1382 2258 1841 2336 longioresque
1874 2261 1939 2322 in
1976 2261 2083 2321 illo
2122 2270 2452 2324 contentas
2489 2264 2955 2342 expositiones,
2998 2280 3142 2341 quae
3188 2259 3456 2319 fortasse
3505 2273 3672 2317 mera
3717 2254 3972 2314 addita-

729 2365 941 2416 menta
974 2364 1146 2429 sunt,
1187 2359 1631 2436 praetermittit.
1668 2361 1788 2421 Sed
1825 2378 1923 2421 me
1953 2362 2224 2422 fortasse
2257 2362 2358 2423 hic
2389 2363 2734 2440 quisquam
2773 2361 3207 2437 iutcrpellabit
3241 2375 3469 2436 rogans
3505 2379 3518 2414 :
3553 2359 3734 2416 Tune
3776 2354 3976 2431 igitur

725 2455 1105 2515 0Ecumenii
1166 2453 1712 2517 Commentarium
1762 2458 1827 2517 in
1869 2457 2334 2537 'l‘heOphylaeti
2385 2459 2675 2522 editione
2727 2459 2913 2519 nobis
2961 2459 3280 2519 exhibes?
3319 2455 3584 2516 Minime
3632 2470 3802 2514 veto.
3847 2454 3971 2512 Sed

727 2555 1272 2616 Commentarium
1306 2555 1790 2634 'l'heOphylacto
1816 2568 2132 2635 ereptum,
2172 2560 2474 2620 Vaticano
2500 2560 2720 2620 codice
2751 2561 3135 2620 sententiam
3168 2573 3279 2636 pro
3317 2556 3428 2616 illo
3460 2555 3727 2635 ferente,
3757 2555 3975 2614 eidem

729 2655 1211 2732 'fheOphylacto
1243 2655 1548 2718 restituo:
1581 2657 1753 2733 quod
1808 2655 1874 2715 in
1907 2657 2036 2718 alio
2068 2658 2358 2736 ejusdem
2389 2658 2853 2718 commentario
2900 2656 3168 2733 contigit
3207 2653 3313 2730 (α).
3364 2657 3584 2728 Neque
3624 2653 3975 2730 quisquam

732 2755 837 2817 hic
865 2755 1021 2816 mihi
1056 2758 1484 2818 ducentorum
1516 2758 1770 2817 circiter
1796 2776 2111 2819 annorum
2147 2760 2622 2836 possessionem
2656 2777 2770 2838 pro
2801 2758 3204 2820 0Ecumenio
3233 2759 3546 2818 obtrudat.
3579 2761 3730 2819 Nam
3761 2773 3978 2831 prom-

731 2865 907 2934 ptum
943 2865 1039 2919 est
1074 2876 1398 2938 regerere,
1434 2875 1574 2919 eam
1607 2861 1872 2936 quidem
1911 2861 1986 2921 ad
2015 2862 2160 2920 lites
2189 2863 2268 2920 de
2304 2860 2684 2936 praediorum
2719 2859 3150 2937 possessione,
3186 2877 3312 2919 non
3345 2875 3493 2919 vero
3518 2859 3595 2920 de
3639 2867 3975 2917 auctorum

728 2956 1148 3032 germanitate
1180 2957 1581 3019 dirimendas
1613 2957 1850 3018 valere.
1887 2958 1950 3017 Si
2010 2958 2182 3018 enim
2235 2956 2565 3035 legitimus
2607 2959 2886 3036 alicujus
2916 2959 3131 3037 eperis
3182 2964 3404 3019 auctor
3445 2958 3679 3018 vetusti
3727 2956 3978 3017 codicis

727 3055 1106 3116 auctoritate
1136 3055 1495 3132 delegatur,
1533 3055 1627 3115 illi
1668 3055 1954 3133 profecto
1985 3055 2458 3116 restituendum
2490 3055 2664 3134 quod
2700 3057 3030 3134 proprium
3083 3055 3293 3134 ipsius
3341 3073 3482 3115 esse
3532 3054 3975 3133 cognoscitur,

729 3155 903 3217 nulla
939 3155 1151 3216 habita
1193 3164 1440 3215 ratione
1471 3155 1778 3232 temporis
1812 3154 1910 3214 vel
1954 3153 2428 3231 possessionis;
2470 3153 2821 3230 praesertim
2853 3155 2906 3213 si
2949 3153 3081 3214 hac.
3110 3151 3251 3212 sine
3287 3151 3490 3229 justo,
3529 3160 3595 3212 ut
3627 3152 3751 3211 dici
3781 3151 3978 3225 solet,

729 3254 920 3315 titulo
966 3253 1288 3331 acquisita
1339 3254 1450 3323 sit,
1490 3264 1561 3314 ut
1618 3254 1683 3313 in
1729 3253 2065 3329 prmscntia
2105 3251 2378 3311 arbitror
2434 3249 2808 3328 contigisse.
2860 3252 3014 3311 Nam
3057 3252 3340 3309 Donatus
3379 3248 3804 3318 Veronensis,
3859 3247 3982 3325 qui

729 3350 1275 3412 Commentarium
1319 3351 1504 3411 illum
1544 3351 1949 3411 OEcumenio
1997 3349 2406 3426 inscriptum,
2460 3352 3003 3420 Graece'tantum,
3048 3348 3333 3428 vulgavit
3363 3349 3649 3409 omnium
3700 3348 3980 3424 primus,

730 3448 1013 3519 nullum,
1064 3466 1180 3509 cur
1227 3450 1286 3509 ei
1333 3448 1718 3508 tribuendus
1765 3448 1869 3520 sit,
1914 3446 2410 3509 fundamentum
2462 3454 2571 3508 aut
2621 3446 2881 3508 titulum
2935 3450 3153 3516 affert;
3204 3449 3570 3509 Heuteuius
3623 3465 3796 3518 vero,
3858 3449 3980 3527 qui

729 3551 1031 3613 eumdem
1074 3551 1294 3612 Latine
1332 3551 1402 3611 in
1436 3549 1649 3612 lucem
1699 3551 1940 3624 emisit,
1974 3551 2042 3612 in
2075 3550 2462 3611 0Ecumenii
2501 3548 2783 3610 favorem
2816 3544 3014 3610 s'olam
3045 3550 3228 3610 all‘ert
3275 3549 3424 3627 styli
3470 3548 3976 3609 similitudinem

726 3670 874 3714 eum
904 3653 1036 3714 alio
1068 3653 1549 3715 Commentario
1579 3672 1774 3732 quem
1806 3653 2197 3715 0Ecumenii
2231 3670 2375 3713 esse
2400 3652 2550 3730 jure
2574 3651 2856 3712 dubitari
2889 3667 3018 3712 non
3046 3659 3278 3728 potest.
3312 3652 3431 3712 Sed
3466 3650 3584 3710 hoc
3629 3666 3983 3726 argumen-

727 3758 891 3824 tum,
930 3768 1075 3814 eum
1113 3753 1496 3832 plerumque
1528 3753 1955 3827 imbecillum,
1999 3753 2228 3813 tumin
2263 3751 2384 3812 hoc
2426 3770 2695 3830 operum
2746 3771 2983 3831 genere
3023 3754 3270 3815 nullius
3319 3754 3503 3830 plane
3538 3754 3790 3814 roboris
3821 3767 3923 3814 e:-t
3961 3777 3977 3814 :

733 3851 865 3912 haec
891 3853 1092 3925 enim,
1123 3871 1268 3916 cum
1294 3855 1530 3916 alienis
1576 3855 1962 3933 plerumque
1994 3861 2290 3914 contexta
2325 3854 2456 3914 sint
2507 3854 2740 3925 verbis,
2785 3871 2988 3915 unum
3021 3855 3456 3932 eumdemque
3489 3855 3727 3932 stylum
3758 3858 3974 3914 conti-

733 3963 963 4017 nenter
996 3975 1121 4035 prie
1142 3976 1211 4018 se
1235 3958 1401 4020 ferre
1423 3975 1551 4019 non
1586 3967 1881 4036 possunt.
1905 3959 1980 4017 Et
2009 3973 2164 4017 sane
2189 3958 2254 4017 in
2287 3957 2407 4018 hoc
2433 3959 2902 4019 Commentario
2942 3959 3244 4036 pleraque
3273 3975 3348 4030 ex
3383 3958 3864 4034 Chrysostomo,
3907 3960 3982 4016 ἰν-

733 4054 862 4116 lius
899 4074 1161 4135 quoque
1198 4061 1410 4118 verbis
1446 4059 1828 4136 plerumque
1869 4057 2158 4129 retentis,
2217 4065 2500 4119 mutuata
2537 4066 2720 4125 sunt;
2750 4057 2873 4116 alia
2921 4074 2996 4116 ex
3029 4057 3176 4118 aliis
3213 4058 3503 4117 Patribus
3549 4105 3564 4118 .
3602 4059 3776 4135 quod
3817 4061 3973 4136 qui—

730 4158 876 4219 dem
914 4169 1156 4220 constat
1187 4178 1264 4219 ex
1297 4176 1375 4221 eo
1405 4161 1579 4239 quod
1621 4162 1804 4238 plura
1837 4160 1902 4221 in
1945 4160 2314 4220 Grmcorum
2349 4159 2624 4230 Catenis,
2667 4166 2732 4218 ut
2761 4160 2962 4231 aiunt,
3004 4160 3244 4220 eisdem
3280 4159 3491 4219 verbis
3533 4176 3835 4234 expressa
3887 4159 3981 4218 le-

731 4265 984 4334 gantur.
1013 4259 1279 4320 Ubinam
1311 4277 1466 4338 ergo
1495 4260 1879 4321 0Ecumenii
1908 4261 2161 4336 stylus?
2197 4262 2352 4320 Cum
2381 4260 2484 4320 hic
2516 4275 2642 4319 non
2677 4260 2754 4320 de
2787 4266 3066 4326 auctore.
3101 4260 3212 4319 sed
3248 4261 3326 4319 de
3357 4259 3695 4319 collectore
3725 4265 3976 4333 agatur,

731 4360 808 4417 ad
838 4358 985 4431 alia,
1024 4358 1077 4418 si
1125 4376 1270 4436 quaa
1316 4360 1470 4432 sint,
1509 4369 1884 4437 argumenta
1923 4359 2275 4438 confugere
2306 4367 2581 4438 oportet.
2632 4363 2710 4420 At
2753 4358 2930 4420 nulla
2983 4368 3333 4435 suppetunt
3378 4376 3488 4436 pro
3532 4359 3976 4420 Οιέευιιιειιίυ.

731 4461 1017 4523 Donatus
1044 4465 1306 4540 quidem
1347 4466 1746 4525 Veronensis
1786 4482 1982 4541 supra
2033 4464 2332 4526 laudatus
2368 4463 2435 4524 in
2482 4465 2698 4524 Graeca
2732 4464 2810 4524 ad
2849 4463 3150 4524 lectorem
3202 4463 3485 4539 Epistola
3533 4463 3801 4523 editioni
3834 4481 3982 4522 sua:

732 4565 987 4641 praefixa
1025 4565 1224 4624 multa
1275 4566 1338 4625 in
1392 4565 1451 4625 id
1484 4576 1874 4642 argumenta,
1912 4575 2084 4626 πολλὰ
2113 4577 2388 4645 τεκμήρια
2419 4566 2484 4626 in
2524 4574 2820 4644 promptu
2861 4582 2930 4625 se
2968 4564 3198 4626 habere
3235 4564 3500 4624 aﬂirmat
3533 4582 3548 4624 :
3579 4585 3710 4644 quae
3743 4577 3978 4635 tamcn,

734 4664 984 4738 subdit,
1017 4684 1145 4725 non
1165 4665 1388 4745 a/fero,
1420 4685 1496 4726 ne
1517 4667 1586 4726 in
1607 4668 1808 4743 specie
1835 4667 2162 4744 Epistula,
2198 4667 2344 4746 plus
2360 4686 2544 4747 quam
2562 4666 2830 4730 deceret.
2861 4665 3159 4742 prolixus
3185 4682 3398 4736 essem,
3430 4673 3514 4725 ἵνα
3546 4674 3623 4743 μὴ
3651 4676 3709 4725 ἐν
3732 4677 3980 4742 σχήματι

741 4777 1062 4846 Ἐπιστολῆς
1093 4778 1267 4846 πέραν
1281 4777 1376 4830 τοῦ
1399 4778 1611 4840 δέοντος
1630 4778 2047 4848 μακρολογήσω.
2091 4773 2170 4829 At
2205 4787 2326 4848 ego
2361 4788 2382 4829 ί

2361 4769 2622 4847 quidem
2657 4767 2953 4826 lubenter
3000 4765 3179 4825 illius
3213 4765 3642 4843 prolixitatem
3680 4768 3982 4839 epistola!

731 4870 1054 4941 tulissem,
1101 4878 1166 4930 ut
1196 4870 1567 4947 hujusmodi
1601 4878 1996 4944 argumenta,
2044 4886 2162 4929 seu
2212 4870 2616 4946 conjecturas
2659 4869 2725 4926 in
2767 4873 2988 4942 aperto
3037 4875 3353 4941 poneret:
3397 4866 3555 4941 quin
3589 4877 3649 4927 et
3681 4870 3972 4946 simplici

732 4973 875 5048 ejus
913 4970 1283 5032 testimonio
1316 4971 1502 5031 ﬁdem
1528 4987 1655 5031 non
1682 4971 2121 5042 detrectarem,
2163 4969 2288 5030 nisi
2325 4968 2613 5029 Vaticani
2645 4967 2888 5028 codicis
2917 4967 3262 5028 auctoritas
3291 4967 3370 5026 ab
3396 4967 3536 5043 ejus
3569 4985 3667 5027 me
3700 4979 3982 5032 senten—

734 5074 820 5134 tia
849 5079 1160 5133 avocaret.
1193 5071 1600 5150 Quanquam,
1631 5087 1713 5131 ne
1741 5070 1899 5148 quid
1930 5070 2369 5139 dissimulem,
2393 5067 2789 5128 diminutum
2816 5066 3109 5128 nonnihil
3144 5066 3226 5126 sit
3262 5066 3546 5128 Vaticani
3581 5069 3822 5128 codicis
3858 5070 3982 5131 hac

733 5181 813 5238 de
846 5195 910 5237 re
936 5175 1405 5236 testimonium.
1441 5177 1581 5237 Non
1609 5176 1783 5237 enim
1816 5175 2200 5252 simpliciter
2232 5173 2352 5233 hoc
2378 5189 2569 5251 Opus,
2599 5179 2666 5233 ut
2695 5170 2816 5232 fert
2847 5170 3276 5243 consuetudo,
3301 5170 3727 5231 inscribitur:
3757 5183 3981 5250 Θεοφυ-

733 5283 1267 5355 λάκτουἘρμηνεεα,
1305 5278 1356 5335 Τ
1354 5274 1752 5353 heophylacti
1781 5276 2304 5345 Commentarius,
2354 5293 2374 5334 ι

2354 5274 2452 5334 vel
2481 5274 2971 5353 Interpretatio:
2999 5277 3109 5334 sed
3147 5295 3162 5332 :
3203 5282 3502 5350 Ἐρμηνεεα
3526 5281 3634 5334 ἀπὸ
3661 5282 3754 5350 τῆς
3786 5285 3983 5354 φωνῆς

739 5381 1141 5452 Θεοφυλάκτου.
1163 5400 1218 5442 κ,
1243 5401 1294 5435 τ.
1326 5382 1400 5446 λ.,
1435 5375 1939 5436 Commentarius
1972 5376 2068 5434 vel
2105 5376 2380 5454 Interprt

2341 5377 2562 5435 relatio
2590 5394 2673 5435 ea:
2699 5393 2846 5434 voce
2901 5373 3373 5450 Theophylacti,
3425 5381 3546 5433 etc.
3590 5375 3666 5431 At
3700 5375 3854 5450 quid
3897 5395 3982 5438 ex

751 5468 1121 5548 hujusmodi
1163 5471 1612 5551 inscriptionis
1643 5472 2017 5534 diversitate
2044 5472 2262 5551 colligi
2294 5481 2512 5552 queat,
2547 5474 2713 5535 haud
2745 5471 3066 5550 intelligo,
3102 5473 3253 5544 nisi,
3292 5470 3392 5563 vel
3423 5472 3589 5533 hunc
3628 5472 3980 5538 Commen-

813 5686 889 5766 (ᾳ)
944 5686 1381 5741 Commentarius
1466 5689 1857 5761 'l'ltcophylaeti
1921 5691 1974 5744 in
2029 5690 2300 5759 Epistolas
2340 5690 2489 5744 Pauli
2523 5692 2696 5760 primo
2726 5691 2906 5745 editus
2927 5699 3010 5745 est
3043 5689 3333 5743 al‘orsena
3363 5686 3466 5740 sub
3529 5686 3746 5740 nomine
3814 5685 3959 5739 .ltlm

739 5768 898 5807 nam.
