4156 6440
169 385 264 454 U3
969 389 1054 448 IN
1097 388 1536 461 SEQUENTIA
1565 387 2150 452 THEOPHYLACTI
2185 396 2525 458 SCRIPTA.
3289 397 3397 460 414

174 499 388 560 larium
422 516 501 560 ex
534 514 646 559 ore
682 496 888 573 ipsius
921 497 1410 576 TheOphylacti,
1444 500 1596 560 dum
1625 502 1774 563 Acta
1806 500 2242 581 apostolorum
2289 513 2525 586 pepnlo
2558 526 2676 570 suo
2707 512 3096 588 explanaret,
3131 527 3160 572 δ
3193 511 3402 589 tachy-

178 599 403 677 grapho
433 601 656 678 aliquo
690 610 1026 678 exceptum
1060 616 1237 674 esse;
1280 600 1376 661 vel
1411 617 1487 661 ex
1519 602 1646 664 alio
1673 603 1914 667 fusiore
1947 607 2238 686 ejusdem
2279 610 2749 673 Conmmenlario
2773 613 3245 691 depromptum.
3279 615 3398 672 Sed

182 696 469 762 neutrum
512 717 588 760 ex
635 698 740 760 his
777 700 1154 778 contigisse,
1196 715 1563 779 quanquam
1623 703 2002 765 alterutrum
2057 705 2131 766 ad
2173 721 2322 766 eum
2362 707 2842 788 Theophylacto
2897 711 3398 790 adjudicandum

173 799 500 871 sufficeret,
547 806 932 878 argumento
969 809 1066 860 est
1116 799 1350 860 similis
1396 801 1731 876 inscriptio
1786 804 2046 880 praeﬁxa
2131 807 2446 869 Prommio
2491 810 2941 872 Commentarii
2991 811 3282 891 ejusdem
3333 812 3398 873 in

176 907 442 974 quatuor
473 898 859 976 Evangelia,
881 899 1054 976 quod
1089 908 1294 961 exstat
1329 901 1391 962 in
1425 901 1813 964 bibliotheca
1850 903 2660 970 Ctesareo-Vindobonensi
2689 909 2908 974 codice
2936 913 3078 986 271,
3110 931 3253 993 quae
3285 913 3400 975 hoc

177 1002 350 1060 modo
404 1018 475 1062 se
545 1000 736 1062 habet
797 1019 812 1061 :
887 1011 1187 1080 Ἐρμηνεία
1245 1011 1354 1064 τῶν
1411 1015 1692 1084 τεσσάρων
1730 1015 2078 1081 Εὑαγγε).ιῶν
2138 1019 2245 1071 ἀπὸ
2307 1023 2490 1091 φωνῆς
2534 1018 2917 1088 Θεοφυλάκτου
2970 1026 3401 1096 ἀρχιεπισκὸπου

175 1108 518 1178 Βωὶγαρξας,
552 1099 1005 1178 Interpretatio
1028 1114 1301 1179 quatuor
1321 1102 1806 1181 Ecangeliorum
1827 1115 1906 1166 ex
1933 1125 2077 1167 voce
2106 1109 2549 1188 Theophylacti
2564 1117 3029 1195 archiepiscopi
3045 1119 3401 1196 Bulgariaa:

177 1210 228 1260 et
255 1209 462 1260 tamen
496 1200 671 1278 quod
713 1200 953 1261 ibidem
989 1201 1289 1278 sequitur
1319 1202 1696 1265 Praemium
1727 1207 1793 1265 in
1822 1217 2097 1284 quatuor
2125 1208 2470 1288 Erangelia
2502 1221 2597 1274 est
2631 1214 2793 1276 illud
2820 1217 2987 1278 idem
3009 1219 3180 1297 quod
3220 1218 3399 1278 codi-

176 1313 267 1359 Des
300 1299 340 1357 ii
396 1296 773 1375 prtel‘erunl,
809 1299 920 1378 qui
953 1310 1268 1364 consueta
1302 1312 1735 1380 praenotantur
1765 1323 1817 1382 el

1765 1306 2132 1385 epigraphe,
2170 1311 2473 1372 nimirum
2513 1321 2934 1390 εθεοφυλάκτου
2975 1325 3268 1393 Ἑρμηνεξα
3326 1327 3405 1386 εἰς

171 1411 398 1481 τέσσαρα
423 1409 752 1478 Εὑαγγὲλια,
795 1401 1246 1481 Theophylttcti
1279 1404 1732 1481 lnterprclatio
1757 1407 1812 1466 ξπ

1766 1407 1825 1466 in
1856 1419 2129 1485 quatuor
2159 1412 2540 1490 Evangelia;
2574 1415 2870 1494 quamvis
2909 1415 3047 1493 ipse
3073 1417 3407 1479 Commen-

173 1503 356 1564 larius
389 1503 456 1564 in
481 1503 673 1565 citato
704 1503 956 1579 codice,
995 1508 1215 1568 nescio
1248 1521 1373 1585 qua
1428 1513 1505 1568 de
1538 1525 1752 1583 causa,
1800 1525 1926 1570 non
1964 1523 2161 1574 exstet
2193 1536 2207 1574 :
2247 1522 2341 1576 est
2371 1517 2615 1597 quippe
2663 1520 3046 1582 Prommium
3086 1521 3164 1581 ab
3198 1519 3405 1596 ipsius

173 1603 615 1664 Commentarii
645 1620 911 1684 corpore
942 1605 1264 1666 avulsum.
1301 1609 1594 1668 Fortasse
1631 1607 1734 1680 iis,
1773 1609 1882 1688 qui
1920 1611 2001 1670 ita
2055 1613 2464 1692 inscripsere,
2501 1627 2676 1696 φωνὴ,
2707 1630 2858 1692 catt,
2896 1621 3162 1698 perinde
3202 1629 3295 1679 est
3337 1637 3408 1681 ac

171 1701 554 1780 Expositio;
601 1721 733 1784 quo
765 1707 955 1766 etiam
992 1705 1055 1766 in
1093 1723 1288 1767 sensu
1318 1715 1559 1782 γλῶσσα,
1595 1707 1813 1786 lingua
1860 1710 2180 1773 interdum
2235 1723 2612 1792 usurpatur.
2643 1719 2788 1779 Haec
2826 1717 3157 1798 aliquanto
3196 1721 3406 1784 fusius

172 1811 533 1878 persecutus
561 1821 731 1875 sum,
775 1822 899 1870 non
941 1813 1002 1868 ut
1039 1806 1208 1868 lmnc
1240 1806 1780 1870 Commentarium
1815 1818 1990 1873 certo
2029 1812 2348 1877 vindicem
2392 1814 2896 1897 Theopliylacto,
2930 1820 3100 1898 quod
3131 1838 3244 1882 nec
3273 1821 3402 1882 fieri

177 1917 352 1978 posse
382 1919 733 1982 cognosco,
766 1923 909 1967 cum
942 1907 1114 1984 alius
1143 1909 1342 1968 codex
1375 1921 1584 1986 aeque,
1613 1909 1714 1969 sin
1754 1911 1981 1988 magis,
2018 1922 2307 1975 Vetustas
2349 1913 2546 1977 alium
2579 1917 3037 1998 diversumque
3065 1921 3406 1982 Commen-

174 2003 389 2066 larium
428 2007 496 2066 in
531 2007 754 2069 eadem
791 2008 1230 2087 apostolorum
1269 2011 1417 2070 Acta
1463 2010 1950 2090 Theophylacto
1995 2014 2238 2076 diserte
2269 2016 2533 2092 tribuat,
2583 2019 2636 2078 is
2691 2037 2944 2096 nempe,
2979 2021 3084 2099 qui
3120 2038 3150 2080 a
3193 2019 3408 2082 Silano

171 2110 255 2163 est
285 2103 544 2179 editus;
610 2108 722 2169 sed
753 2116 821 2171 ut
849 2125 1074 2171 eorum
1107 2111 1492 2171 sententiam
1531 2111 1796 2172 minime
1836 2112 2321 2191 intprobandam
2353 2118 2789 2190 ostenderem,
2826 2119 2934 2196 qui
2977 2135 3124 2179 eum
3177 2118 3238 2178 in
3276 2128 3407 2179 ter-

176 2206 256 2266 tio
285 2205 480 2285 hujus
513 2208 823 2272 editionis
861 2210 1192 2272 volumine
1219 2211 1428 2272 locum
1466 2210 1699 2274 habere
1733 2212 2106 2286 voluerunt,
2144 2217 2388 2277 tametsi
2416 2217 2686 2278 maxima
2721 2233 2797 2280 ex
2826 2229 2997 2296 parte
3025 2219 3407 2298 jampridem

173 2307 281 2367 sub
326 2310 714 2371 UEcUmenii
760 2313 1020 2372 nomine
1079 2312 1451 2389 prodiisset.
1505 2312 1624 2374 Sed
1673 2321 1736 2374 et
1773 2330 1849 2375 eo
1888 2315 2089 2393 magis
2138 2315 2295 2376 mihi
2338 2315 2469 2380 haec
2507 2317 2886 2379 disserenda
2943 2320 3184 2396 putavi,
3233 2322 3405 2393 quod

173 2409 567 2471 OEcumenio
599 2410 794 2472 etiam
822 2411 1339 2474 Commentarius
1388 2413 1744 2492 insequens
1782 2415 2115 2492 eripiatur.
2145 2416 2287 2488 Quo
2309 2415 2457 2494 jure
2507 2416 2696 2492 paulo
2733 2426 2873 2496 post
2932 2419 3408 2489 demonstrabo,

175 2507 270 2568 ubi
309 2508 587 2586 primum
620 2511 958 2575 absolvero
987 2530 1060 2575 ea
1091 2531 1236 2591 qum
1266 2515 1345 2575 de
1381 2515 1575 2575 hocce
1611 2516 2087 2578 Commentario
2123 2516 2279 2578 mihi
2313 2517 2520 2579 adhuc
2551 2519 2819 2580 dicenda
2861 2530 3240 2598 supersunt.

240 2613 373 2674 γη.
415 2613 536 2674 Ubi
569 2614 1118 2679 Commentarium
1162 2617 1332 2678 hunc
1366 2633 1512 2679 cum
1548 2617 2066 2693 OEcumeniano,
2101 2619 2184 2681 ita
2207 2636 2357 2682 eum
2385 2620 2663 2696 appello,
2703 2620 2816 2700 qui
2848 2621 2993 2700 ejus
3022 2619 3411 2682 nominein-

175 2713 434 2790 scriptus
462 2715 724 2791 prodiit,
757 2718 946 2778 modo
970 2735 1166 2796 supra
1208 2718 1380 2779 dicto
1408 2734 1766 2796 congruere
1820 2720 2270 2794 animadverti,
2305 2719 2563 2799 quoties
2595 2734 2810 2782 meum
2873 2720 3201 2797 exemplar
3244 2727 3418 2779 men-

175 2812 386 2875 dosum
435 2825 550 2878 aut
583 2817 878 2880 mutilum
934 2838 1100 2896 esse,
1131 2823 1303 2901 quod
1366 2821 1742 2900 frequenter
1775 2824 2069 2902 conligit,
2147 2823 2548 2900 suspicabar,
2598 2825 2808 2902 ipsum
2840 2825 2996 2898 adii,
3025 2833 3097 2886 ut
3145 2823 3413 2884 detectis.

175 2912 541 2976 medicinam
601 2917 979 2981 Vulneribus
1023 2919 1411 2997 reperirem;
1458 2922 1632 3000 quod
1691 2920 2076 3000 plerumque
2108 2920 2388 2985 feliciter
2444 2923 2870 2985 succedebat:
2909 2923 3232 3003 siquidem
3308 2916 3416 2984 ille

175 3025 239 3072 ex
277 3013 586 3076 nitidiore
652 3017 984 3096 magisque
1045 3018 1297 3096 integro
1352 3019 1572 3080 codice
1608 3018 1991 3094 desumptus
2033 3035 2177 3080 esse
2235 3017 2514 3081 videtur.
2556 3020 2885 3080 Interdum
2933 3029 3141 3080 tamen
3195 3027 3414 3079 textus

177 3121 428 3191 uterque
463 3126 804 3194 corruptus
827 3119 985 3180 mihi
1024 3121 1201 3182 visus
1233 3130 1351 3193 est,
1385 3123 1555 3201 quod
1595 3130 1822 3183 neuter
1851 3138 2210 3199 congruum
2243 3138 2506 3183 sensum
2533 3121 2689 3183 mihi
2714 3120 3032 3184 funderet.
3071 3124 3231 3184 Tum
3270 3139 3419 3182 vero

178 3215 258 3277 vei
293 3218 367 3278 ad
401 3217 806 3281 Sifanianum
863 3222 1432 3296 Commentarium,
1469 3222 1564 3283 vel
1628 3225 1704 3284 ad
1747 3220 2187 3302 apographum
2234 3222 2710 3297 Florentinum,
2753 3222 2849 3284 vel
2907 3223 2984 3285 ad
3026 3224 3418 3302 prmcipuum

175 3321 443 3382 omnium
485 3318 726 3382 fontem
766 3322 1313 3404 Chrysostomum,
1351 3332 1409 3385 et
1442 3325 1829 3404 quandoque
1859 3325 1936 3386 ad
1991 3339 2219 3386 omnes
2244 3323 2392 3385 illos
2429 3320 2901 3402 confugiebam.
2938 3323 3258 3385 Nonnulla
3297 3324 3420 3384 hu-

178 3412 262 3487 ius
294 3420 380 3481 rei
433 3420 822 3499 eXemplain
857 3422 1167 3487 inferiore
1216 3427 1500 3504 margine
1557 3425 1924 3506 paginarum
1971 3427 2272 3486 adnotata
2311 3424 2508 3486 lector
2565 3426 2910 3487 observare
2949 3425 3202 3502 poterit.
3264 3426 3419 3487 Cum

177 3539 308 3586 vero
341 3529 516 3586 recte
547 3543 618 3587 se
643 3523 910 3589 habebat
939 3545 1199 3601 sensus,
1229 3530 1349 3592 etsi
1384 3529 1664 3591 viderem
1688 3529 2238 3608 Chrysostomum,
2273 3534 2382 3590 aut
2413 3527 2698 3606 aliquem
2735 3545 2810 3590 ex
2847 3529 3212 3591 memoratis
3244 3531 3423 3589 (lout.

176 3629 495 3692 mentariis
532 3632 629 3692 vel
660 3631 896 3704 verbis,
945 3631 1046 3694 vel
1078 3632 1304 3694 ordine
1346 3633 1738 3711 discrepare,
1773 3633 1936 3694 nihil
1967 3633 2034 3694 in
2071 3631 2423 3711 exemplari
2464 3646 2610 3694 meo
2644 3630 3115 3692 immutandum
3145 3633 3366 3693 censui
3407 3654 3420 3691 :

178 3747 286 3794 non
326 3734 505 3794 enim
555 3733 720 3795 alios
757 3751 1186 3815 quoscunque
1245 3735 1794 3807 Commentarios,
1849 3733 2266 3815 quantumvis
2332 3733 2658 3794 interdum
2710 3733 2808 3794 vel
2851 3732 3059 3812 c0pia,
3124 3731 3219 3794 vel
3264 3751 3419 3794 con-

177 3831 466 3897 cinnitate
503 3833 960 3913 preferendos,
989 3836 1103 3898 sed
1150 3835 1320 3897 hunc
1351 3836 1656 3897 duntaxat
1694 3837 2076 3897 Vaticanum
2104 3834 2295 3896 edere
2349 3832 2505 3894 mihi
2540 3833 2964 3895 constitutum
3001 3841 3134 3894 erat
3158 3845 3174 3887 τ
3201 3851 3423 3912 quam-

178 3930 376 3994 obrem
442 3935 526 3995 de
587 3935 702 3996 illo
741 3935 1182 3998 tantummodo
1218 3936 1604 4015 corrigendo
1636 3944 1697 3998 et
1737 3953 1769 3996 a
1834 3936 2250 3998 librariorum
2300 3933 2564 4014 injuriis
2597 3933 2986 3996 vindicando
3041 3934 3196 3994 mihi
3249 3935 3422 3994 labo-

179 4040 431 4103 randum
469 4039 864 4104 existimavi.
895 4041 1064 4102 Hinc
1094 4041 1285 4103 etiam
1320 4043 1400 4103 ita
1441 4042 1626 4104 illum
1663 4042 2118 4105 excudendum
2166 4041 2412 4114 curavi,
2446 4049 2514 4102 ut
2543 4055 2674 4119 quo
2714 4038 2980 4116 propius
3016 4039 3147 4100 ﬁeri
3184 4049 3423 4118 posset,

182 4130 543 4204 Vaticanum
581 4143 795 4221 ipsum
829 4144 1116 4206 codicem
1151 4152 1659 4221 reprmsentaret.
1709 4146 1912 4219 Quam
1945 4145 2027 4205 ob
2055 4161 2337 4220 causam,
2370 4158 2515 4209 cum
2551 4143 2615 4203 in
2651 4141 2959 4203 Vaticano
2983 4140 3204 4202 codice
3239 4157 3428 4200 sacrm

177 4241 504 4320 Scriptura
546 4251 760 4306 textus
793 4243 855 4305 in
884 4245 1111 4318 varias,
1162 4262 1308 4326 qua:
1337 4261 1368 4306 a
1407 4244 1643 4306 Grmcis
1674 4244 1738 4306 in
1767 4262 1939 4307 sacra
1977 4245 2261 4324 liturgia,
2308 4245 2590 4306 Paschali
2626 4249 2936 4322 tempore,
2984 4243 3424 4319 perleguntur,

180 4344 473 4410 lectiones
505 4347 888 4425 dispertitus
915 4347 1121 4424 primo
1161 4347 1564 4414 exhibeatur,
1600 4354 1660 4410 et
1703 4364 1833 4425 quo
1867 4364 2140 4426 quasque
2177 4347 2281 4407 die
2330 4347 2409 4407 ab
2444 4345 2691 4406 eisdem
2718 4342 3043 4405 recitanda
3076 4340 3184 4414 sit,
3237 4343 3427 4401 adno.

180 4453 330 4508 tetur
360 4471 377 4520 ;
407 4465 484 4510 ac
520 4455 822 4525 praeterea
855 4447 1104 4526 integer
1135 4448 1409 4510 Acluum
1445 4448 1878 4526 apostolorum
1915 4447 2074 4508 liber
2121 4462 2247 4508 non
2283 4447 2346 4508 in
2392 4455 2534 4508 octo
2568 4462 2762 4525 supra
2812 4441 3069 4521 viginti,
3131 4449 3200 4502 ut
3258 4443 3424 4516 apud

181 4557 282 4610 hos
314 4545 710 4629 Graecosque
767 4550 1220 4622 communiter,
1265 4551 1380 4612 sed
1424 4550 1488 4610 in
1533 4550 1951 4628 quadraginta
1987 4551 2193 4630 capita
2249 4551 2618 4623 dividatur;
2670 4549 2790 4610 hoc
2823 4554 3026 4608 totum
3075 4544 3212 4619 ipse
3279 4540 3427 4602 reli-

181 4653 446 4715 nendum
483 4649 732 4730 putavi.
774 4651 1062 4713 Attamen
1097 4659 1165 4713 ut
1195 4650 1634 4713 studiosorum
1668 4654 2006 4714 commodo
2051 4657 2112 4714 et
2146 4651 2410 4714 utilitati
2440 4648 2876 4722 consulerem,
2913 4661 3058 4708 cum
3083 4643 3160 4705 ad
3206 4641 3422 4710 ltili?”

184 4755 292 4816 lem
323 4758 711 4836 marginem,
749 4762 880 4817 tum
911 4756 975 4816 in
1007 4753 1216 4816 fronte
1268 4753 1644 4832 paginarum
1702 4755 2078 4816 eorumtlem
2110 4755 2390 4834 capitum
2424 4766 2764 4816 numerum
2789 4749 2977 4828 juxta
3015 4745 3204 4807 nobis
3254 4744 3428 4852 Cttn-

182 4857 387 4936 cisque
418 4865 797 4920 consuetam
835 4855 1242 4934 partitionem
1271 4855 1561 4934 adjunxi.
1595 4851 1761 4926 Quia
1795 4872 1945 4916 vero
1976 4856 2288 4933 prmdicttn
2319 4854 2628 4916 lectiones
2662 4867 2788 4912 non
2847 4864 2990 4909 sese
3023 4848 3165 4906 sine
3221 4842 3433 4904 medio

184 4959 528 5038 excipiunt,
562 4956 677 5018 sed
708 4954 898 5017 modo
936 4954 1140 5034 plura,
1179 4956 1367 5017 modo
1407 4954 1729 5034 pauciora,
1777 4971 1919 5033 qum
1961 4955 2024 5016 in
2083 4972 2260 5016 sacra
2295 4953 2555 5032 liturgia
2597 4948 2842 5030 perlegi
2876 4961 3277 5026 nequaquam
3328 4959 3428 5002 so-

185 5062 322 5136 lent,
358 5062 706 5140 interjecta
736 5059 1091 5122 identidem
1123 5067 1302 5133 sunt,
1351 5059 1497 5121 ideo
1527 5057 1641 5138 qui
1679 5058 2058 5120 Vaticanum
2088 5059 2378 5121 codicem
2424 5055 2737 5126 exaravit,
2789 5051 2862 5114 ad
2899 5047 3267 5112 earumdem
3309 5044 3398 5104 iui

187 5167 328 5229 tium
355 5167 848 5244 terminumque
877 5163 1328 5238 indicandum,
1355 5165 1420 5224 in
1476 5161 1786 5241 margine,
1824 5161 1923 5224 vel
1949 5163 2140 5224 etiam
2197 5162 2366 5223 intra
2399 5159 2649 5239 paginas
2675 5170 2912 5234 corpus
2953 5149 3255 5229 apposuit
3322 5145 3426 5206 has

189 5288 356 5335 voces
391 5295 405 5333 :
448 5268 628 5344 ἁρχὴ,
656 5244 930 5340 initium,
964 5269 1136 5340 τέλος,
1169 5268 1338 5346 ﬁnis.
1383 5269 1459 5328 Et
1487 5266 1638 5346 quia
1667 5282 1890 5330 omnes
1924 5267 2062 5328 istm
2112 5266 2451 5340 lectiones,
2483 5258 3027 5342 quemadmodum
3079 5255 3142 5316 in
3191 5260 3428 5316 nostra.

189 5374 263 5448 ile
297 5375 362 5436 in
389 5377 772 5436 Grecorum
799 5371 1059 5451 liturgia
1093 5371 1420 5450 incipiunt
1480 5372 1581 5432 his
1616 5371 1830 5433 verbis

1790 5373 1832 5432 is
1875 5395 1889 5432 :
1942 5378 2030 5430 ‘Ev
2058 5376 2296 5436 ἐκείναις
2332 5373 2592 5442 ἡμέραις,
2665 5367 2741 5426 1η
2777 5362 2991 5425 diebus
3053 5360 3223 5426 illis;
3267 5374 3431 5433 smpe

190 5478 356 5538 etiam
382 5475 610 5556 aliqua
643 5473 830 5535 verba
859 5475 935 5536 ad
961 5473 1293 5536 clariorem
1351 5491 1583 5536 sensus
1621 5474 2099 5535 inchoationem
2142 5471 2468 5531 adduntur
2521 5468 2612 5530 vel
2639 5473 3055 5544 repetuntur:
3106 5462 3237 5521 huic
3267 5466 3433 5538 Quo-

190 5597 298 5658 que
328 5578 642 5641 librarius
690 5596 725 5640 e
778 5578 1042 5655 regione
1083 5559 1384 5657 ascripsit
1441 5579 1504 5639 in
1549 5579 1859 5656 margine.
1907 5579 2145 5658 Verum
2195 5591 2340 5634 cum
2393 5573 2523 5632 haec
2556 5571 2772 5631 minus
2814 5563 3172 5629 necessaria
3203 5564 3435 5636 forent,

190 5683 303 5746 imo
331 5684 624 5765 aliquam
651 5697 870 5759 parere
903 5682 1348 5745 confusionem
1412 5683 1759 5744 lectoribus
1801 5687 2081 5760 possent,
2110 5696 2188 5740 ex
2215 5676 2340 5739 alia
2373 5691 2522 5736 vero
2559 5685 2729 5752 parte
2776 5689 2904 5734 non
2927 5671 3084 5732 satis
3147 5675 3435 5780 accurate

190 5787 463 5848 adnotata
525 5785 945 5863 reperissem,
998 5787 1199 5850 satius
1241 5789 1393 5851 duxi
1437 5806 1508 5850 ea
1565 5805 1825 5863 prorsus
1861 5786 2200 5850 omittere:
2268 5782 2642 5860 prmsertim,
2677 5796 2822 5841 cum
2855 5795 2934 5840 ex
2997 5773 3436 5838 ecclesiastico
