4156 6440
64 5661 713 6221 κ

688 377 801 440 ηδ
1742 384 2128 446 ΒΟΝΙΡΜῘΙΙ
2186 390 2329 449 FlNl

2323 389 2487 449 ETTI
2529 392 2922 454 ΡΠΕΡΑἹῚΟ
3855 403 3964 466 416

688 489 1052 548 Grmcorurn
1095 483 1282 558 libro,
1317 489 1428 565 qui
1465 490 1805 568 Apostolus
1844 497 2035 574 vulgo
2073 499 2334 573 dicitur,
2368 504 2654 581 quisque
2696 503 2886 565 facile
2933 507 3171 567 rescire
3201 509 3427 583 possit,
3460 510 3616 587 quid
3653 528 3685 570 a
3723 516 3964 573 tirmi'is

688 599 762 650 ex
800 591 1061 650 Actibus
1083 591 1454 666 apostolicis
1490 595 1728 672 perlegi
1769 596 1833 658 in
1867 615 2042 661 sacra
2067 600 2327 680 liturgia
2365 604 2592 671 soleat.
2628 623 2700 666 ac
2723 624 2854 685 quo
2878 610 3083 684 capite
3114 625 3320 685 quove
3351 610 3578 686 capitis
3613 630 3796 672 versu
3825 617 3966 673 sin-

681 695 854 774 gulre
892 694 1016 754 illa:
1051 693 1358 757 lectiones
1391 703 1500 758 aut
1529 697 1837 776 incipiant
1867 712 1977 765 aut
2008 703 2327 767 desinant.
2363 709 2484 769 Sed
2520 709 2622 769 hic
2641 719 2984 788 antequam
3025 711 3186 772 ultra
3220 716 3628 789 progredior,
3661 717 3961 778 animad-

688 805 935 855 vertere
985 805 1236 873 praestat
1281 814 1420 876 pag.
1471 800 1593 861 216
1625 803 1928 865 mendum
1963 804 2308 884 irrepsisse
2364 811 2432 870 in
2464 810 2862 887 designanda
2919 812 3275 883 Dominica,
3307 815 3381 875 ad
3435 832 3626 891 quam
3679 819 3963 890 pertinet

692 892 902 961 lectio,
937 911 1082 969 qum
1109 893 1190 953 ibi
1231 896 1576 974 sequitur:
1617 917 1760 961 nam
1803 920 1918 979 pro
1965 903 2293 967 Dominica
2332 909 2605 968 secunda
2633 920 2777 987 post
2814 912 3080 982 Pascha,
3120 912 3461 990 legendum
3487 923 3607 986 est,
3637 917 3966 974 Dominim

687 991 957 1050 secunda
987 991 1242 1054 Pasclnz
1274 995 1386 1076 (a).
1419 998 1763 1073 Caeterum,
1795 1003 2026 1078 posito,
2072 1013 2140 1065 ut
2174 1005 2486 1076 diximus,
2529 1009 2874 1086 Scriptum
2913 1021 3124 1082 textu,
3155 1013 3452 1089 sequitur
3488 1011 3553 1072 iu
3578 1014 3800 1073 codice
3837 1030 3965 1072 no—

689 1107 818 1154 stro
849 1097 1388 1171 Commentarios,
1421 1101 1612 1178 isque
1647 1107 1743 1165 vel
1786 1111 2055 1169 omnino
2084 1109 2290 1182 solus,
2326 1111 2444 1172 hoc
2467 1122 2587 1184 est,
2655 1132 2920 1191 prorsus
2965 1117 3231 1176 omissis
3273 1125 3484 1177 textus
3545 1117 3789 1186 verbis,
3860 1117 3961 1176 vel

692 1191 770 1251 iis
805 1199 1246 1258 tantummodo
1277 1203 1706 1278 compellatis,
1739 1225 1885 1284 qum
1915 1211 2412 1286 respondentem
2455 1212 2754 1274 inchoant
2803 1231 3080 1274 versum.
3122 1216 3257 1275 Hoc
3301 1232 3446 1275 cum
3481 1216 3960 1275 incornmolum

692 1291 914 1353 lectori
948 1295 1239 1358 futurqu
1278 1302 1886 1381 animadverterem,
1911 1313 2084 1388 quod
2117 1309 2264 1370 hinc
2291 1312 2745 1374 Commentarii
2778 1332 3011 1377 sensus
3055 1316 3393 1378 obscurior
3433 1317 3758 1377 interdum
3801 1318 3958 1376 red-

689 1399 972 1470 (Ιοτοιυτ,
1009 1418 1129 1479 ego
1156 1405 1255 1465 Sin
1297 1423 1574 1484 semper,
1613 1409 1986 1489 frequenter
2015 1423 2251 1486 tamen,
2288 1415 2521 1477 intacto
2591 1420 2852 1496 quidem
2905 1422 3121 1482 Graeco
3167 1430 3367 1488 textu,
3401 1422 3462 1481 in
3502 1422 3798 1481 versione
3849 1423 3963 1480 La-

692 1499 823 1559 tina
857 1503 1180 1577 paucailla
1206 1505 1555 1582 Scriptura:
1585 1509 1773 1570 verba
1821 1512 2070 1584 addidi,
2118 1530 2265 1591 quin
2327 1518 2401 1574 ad
2430 1515 2783 1578 faciliorem
2823 1519 3276 1580 Commentarii
3312 1520 3802 1595 intelligentia-in
3840 1539 3954 1578 ne—

691 1606 968 1665 cessaria
1002 1606 1406 1670 videbantur.
1445 1611 1925 1692 Nonnunquam
1967 1615 2160 1676 etiam
2195 1633 2386 1677 uuam
2415 1618 2511 1678 vel
2545 1618 3246 1698 alteramparticulam,
3285 1622 3380 1681 vel
3425 1621 3736 1690 voculam,
3764 1639 3961 1698 quam

699 1717 908 1770 textus
941 1711 1200 1772 Gracus
1240 1729 1368 1773 non
1416 1715 1698 1784 haberet.
1752 1717 2028 1793 inserui,
2084 1737 2216 1798 quo
2259 1721 2656 1782 commodior
2691 1725 2770 1783 de
2817 1741 2942 1784 una
2980 1724 3055 1784 ad
3082 1723 3342 1785 alteram
3390 1724 3964 1784 commentationis

696 1821 937 1892 partem
977 1816 1282 1878 transitus
1312 1819 1509 1879 tieret.
1550 1823 1621 1880 Et
1665 1821 1798 1883 hmc
1828 1823 2094 1902 quidem
2126 1823 2204 1883 de
2241 1823 2434 1884 hocce
2508 1826 3014 1893 Commentario.
3078 1845 3352 1905 meoque
3392 1828 3456 1886 in
3507 1826 3691 1886 illum
3719 1826 3966 1885 labore.

774 1920 946 1982 Vill.
987 1923 1308 2000 Perpauca
1340 1940 1513 1985 nunc
1563 1926 1640 1986 de
1695 1927 2007 1987 Vaticano
2033 1929 2280 1997 codice,
2317 1929 2382 1987 in
2421 1944 2552 1998 quo
2620 1929 2726 1988 ille
2771 1931 3164 2002 continetur,
3193 1930 3462 1991 dicenda
3516 1935 3797 1987 manent.
3850 1926 3970 1984 Co-

696 2020 820 2079 dex
859 2020 992 2093 ille,
1050 2031 1118 2084 ut
1147 2025 1342 2102 tipse,
1385 2027 1496 2105 qui
1527 2027 2076 2088 Commentarium
2127 2030 2492 2107 descripsit.
2530 2032 2867 2091 certiorem
2902 2008 3203 2102 me.fecit,
3239 2033 3406 2090 inter
3467 2030 3805 2087 Vaticanos
3869 2030 3973 2082 est

695 2123 924 2185 ordine
963 2129 1483 2190 sexcentesimus
1515 2131 2104 2209 quinquagesimus
2141 2134 2498 2202 secundus,
2538 2132 2603 2193 in
2629 2134 2786 2195 folio
2819 2137 3092 2207 minore,
3140 2135 3499 2197 initialibus
3537 2131 3766 2192 litteris
3799 2127 3975 2205 opti-

696 2242 801 2286 me
839 2225 1126 2304 ﬁguratis
1163 2234 1224 2286 et
1267 2227 1454 2302 pictis
1488 2236 1777 2288 ornatus.
1829 2232 1984 2289 Nota
2045 2232 2373 2307 temporis,
2407 2249 2538 2310 quo
2577 2233 2854 2311 scriptus
2878 2232 3022 2303 fuit,
3049 2247 3264 2302 caret;
3297 2234 3406 2293 sed
3439 2233 3690 2293 decimo
3736 2238 3970 2306 quarto

694 2327 950 2387 circiter
1012 2327 1250 2389 saeculo
1287 2337 1585 2390 exaratos
1633 2347 1712 2390 ex
1776 2329 2160 2391 characteris
2217 2330 2464 2391 ratione
2514 2333 2881 2409 conjicitur.
2933 2336 3165 2394 Praeter
3219 2331 3379 2403 alia,‘
3403 2331 3690 2394 continet
3758 2328 3972 2404 primo

695 2430 1270 2503 Commentarium,
1313 2448 1508 2510 quem
1535 2432 1820 2502 edimus,
1846 2433 1912 2493 in
1954 2438 2098 2494 Acta
2127 2435 2567 2512 apostolorum
2605 2458 2619 2496 :
2655 2437 2760 2497 cui
2792 2438 3198 2514 prmmittitur
3231 2437 3428 2496 Iudex
3466 2435 3742 2509 capitum
3780 2432 3973 2491 istius

699 2531 871 2604 libri,
897 2533 1172 2612 ejusque
1208 2536 1702 2610 Argumentum,
1737 2536 2102 2613 cujusmodi
2156 2547 2428 2610 exstant,
2489 2539 2597 2600 ille
2632 2539 2898 2617 quidem
2949 2548 3096 2598 ante
3168 2536 3593 2605 Sifcnianum,
3658 2534 3776 2592 hoc
3823 2542 3973 2593 ante

697 2633 1262 2694 OEcumenianum
1299 2635 1871 2696 Commentarium.
1935 2635 2207 2696 Exhibet
2243 2646 2544 2714 praeterea
2579 2639 3127 2715 Peregrinationes
3165 2637 3373 2705 Pauli,
3417 2643 3605 2710 prout
3639 2633 3699 2692 in
3735 2633 3977 2692 Miltia-

700 2749 778 2794 na
811 2733 967 2794 Novi
1019 2734 1408 2794 Testamenti
1447 2735 1759 2804 editione.
1797 2737 2054 2809 etapnd
2090 2738 2566 2797 Olicrimenium
2613 2738 2968 2805 habentur;
3034 2735 3152 2795 hoc
3201 2742 3294 2795 est
3331 2736 3520 2811 paulo
3550 2733 3737 2793 aliter
3790 2748 3861 2790 ac
3904 2731 3972 2790 in

699 2835 896 2896 Silani
939 2834 1228 2894 editione
1269 2833 1597 2912 leguntur,
1642 2844 1703 2896 et
1750 2853 1784 2895 a
1824 2837 2009 2897 nobis
2059 2837 2158 2897 hic
2202 2848 2340 2912 post
2399 2838 2600 2915 ipsius
2644 2838 2838 2896 Sifaui
2897 2839 3216 2912 Epistolas
3273 2846 3331 2896 et
3382 2833 3770 2912 hypothesin
3821 2832 3972 2891 libri

704 2930 981 2992 Actuum
1014 2931 1430 3010 proferuntur
1460 2932 1564 3012 (l2).

2110 3085 2394 3144 SECTIO
2428 3085 2539 3144 Ill.

1618 3230 1702 3288 De
1734 3227 2192 3289 Commentario
2228 3229 2293 3288 in
2333 3229 2654 3305 Epistolas
2683 3228 3062 3291 Catholicas.

789 3373 905 3437 IX.
945 3376 1063 3437 Diu
1098 3375 1503 3454 multumque
1534 3376 1612 3436 ab
1660 3377 1853 3457 bnjus
1898 3377 2205 3438 editionis
2241 3378 2644 3438 curatoribus
2695 3377 3044 3438 laboratum
3095 3385 3222 3447 est,
3259 3375 3636 3452 priusquam
3666 3373 3746 3429 de
3780 3369 3920 3426 1ιο‹τ‹
3945 3384 3982 3428 e

715 3478 1184 3548 Commentario
1216 3478 1565 3540 emittendo
1600 3481 1666 3541 iu
1707 3482 1910 3542 lucem
1958 3483 2406 3555 decernerent,
2459 3491 2572 3543 aut
2602 3483 2950 3543 decernere
2983 3500 3051 3541 se
3089 3482 3238 3558 jure
3273 3497 3458 3557 posse
3483 3479 3976 3538 arbitrarentur.

717 3578 991 3639 Polliciti
1051 3581 1315 3657 quidem
1363 3582 1459 3642 illi
1527 3592 1728 3658 erant,
1773 3602 1918 3647 sese
1965 3587 2130 3646 inter
2160 3595 2386 3647 ctetera
2445 3585 2639 3647 etiam
2690 3586 3006 3646 ineditum
3061 3583 3596 3662 Thcophglactiin
3645 3579 3979 3660 Epistolas

717 3685 1073 3746 Catholicas
1107 3687 1646 3749 Commentarium
1707 3708 1852 3751 esse
1894 3691 2158 3751 daturos
2205 3712 2220 3750 :
2278 3692 2478 3770 idque
2511 3690 2662 3768 jure
2690 3690 2936 3766 Optimo
2973 3689 3266 3767 polliceri
3317 3697 3627 3766 poterant.
3663 3705 3807 3747 cum
3834 3686 3971 3764 jam

721 3787 1122 3863 possiderent
1156 3791 1443 3850 Grmcum
1477 3793 2017 3852 Commentarium
2051 3811 2128 3853 ex
2163 3793 2383 3854 codice
2426 3791 2864 3853 celeberrima)
2893 3791 3295 3852 bibliotheca)
3329 3787 3986 3850 CtBsareO-Vindobo-

713 3887 946 3947 'uensis
981 3887 1397 3966 descriptum,
1428 3908 1622 3968 quem
1661 3892 1754 3954 Cl.
1792 3893 2168 3954 Lambecius
2199 3891 2263 3952 in
2300 3890 2787 3954 Commentariis
2811 3891 3103 3968 ejusdem
3139 3889 3651 3951 bibliothecmd
3684 3888 3977 3948 codicem

715 3989 862 4058 220,
901 3990 1441 4064 quemadmodum
1494 3993 1683 4053 etiam
1721 3993 2051 4054 Nesselius
2088 3993 2380 4071 ejusdem
2433 3992 2837 4052 abbreviator
2890 3991 2974 4051 ita
3027 3991 3505 4068 Theophylacto
3545 3989 3860 4061 tribuunt,
3909 4002 3980 4050 ut

724 4091 968 4153 nullam
1009 4093 1089 4155 de
1133 4097 1419 4173 genuino
1461 4097 1603 4175 ejus
1650 4104 1907 4158 auctore
1943 4096 2236 4174 ingerunt
2266 4095 2730 4174 suspicionem,
2776 4094 3146 4172 nullamque
3190 4094 3456 4154 cuilibet
3483 4094 3818 4155 dubitandi
3853 4113 3978 4156 an-

718 4210 856 4256 sam
889 4196 1324 4273 suppeditent.
1365 4199 1628 4267 Verum,
1663 4215 1808 4258 cum
1837 4198 1996 4258 illud
2022 4197 2462 4275 apographum
2494 4195 2831 4257 Latinitate
2861 4196 3227 4255 donandum
3255 4195 3408 4255 mihi
3442 4195 3743 4254 traditum
3777 4207 3980 4264 esset,

728 4297 1026 4357 versione
1064 4299 1169 4358 vix
1201 4298 1516 4370 inchoata,
1548 4299 1627 4360 de
1663 4299 1865 4376 ipsius
1883 4305 2143 4358 auctore
2183 4298 2348 4357 haud
2377 4296 2613 4375 exigua
2652 4295 2806 4355 mihi
2846 4302 2940 4355 est
2967 4295 3191 4355 oborta
3216 4295 3504 4372 suspicio
3539 4316 3554 4354 :
3597 4304 3982 4373 tantumque

727 4417 800 4462 ea
837 4417 1177 4478 prOgressu
1233 4401 1556 4461 versionis
1587 4399 1892 4473 excrevit,
1932 4410 1998 4459 ut
2041 4401 2260 4478 paucis
2299 4400 2476 4460 foliis
2509 4399 2728 4461 Latine
2760 4396 3047 4469 redditis,
3083 4397 3147 4457 in
3185 4415 3321 4457 eam
3355 4399 3740 4459 sententiam
3773 4402 3978 4462 deve-

723 4502 959 4575 nerim,
1016 4504 1555 4564 Commentarium
1608 4502 1786 4562 illum
1846 4504 1950 4562 vix
1989 4520 2058 4562 ac
2113 4520 2190 4561 ne
2240 4501 2344 4561 vix
2400 4500 2665 4579 quidem
2708 4517 2854 4560 esse
2900 4498 3378 4576 Theophylacto
3431 4500 3979 4577 adjudicandum;

732 4608 892 4662 adeo
921 4602 1000 4662 ab
1043 4601 1186 4680 ejus
1218 4601 1410 4680 genio
1441 4610 1632 4678 atque
1667 4619 1699 4662 a
1736 4619 1877 4662 vera
1916 4609 2355 4678 consuetaque
2403 4599 2874 4660 commentandi
2917 4601 3163 4659 ratione
3201 4597 3361 4659 mihi
3398 4600 3576 4660 visus
3612 4609 3707 4662 est
3750 4603 3985 4663 abhor-

736 4703 1385 4764 rere.'Verumtamen
1417 4722 1495 4764 ue
1540 4703 1796 4780 penitus
1830 4701 2122 4780 Opinioni
2162 4700 2310 4760 huic
2341 4699 2756 4770 adhmrerem,
2789 4701 2855 4759 in
2887 4716 3075 4759 causa
3110 4707 3245 4760 erat
3277 4700 3610 4761 inandisse
3648 4719 3768 4774 me,
3800 4707 3987 4764 codi-

733 4820 893 4871 cem,
947 4819 1025 4862 ex
1079 4818 1211 4880 quo
1266 4802 1717 4881 depromptum
1772 4800 1977 4861 fuerat
2030 4798 2491 4876 apograplium,
2537 4807 2853 4859 vetustate
2889 4816 3146 4876 usuque
3182 4799 3344 4860 adeo
3373 4801 3662 4861 attritum
3709 4820 3875 4874 esse,
3912 4825 3988 4865 at:

735 4905 1092 4983 perdifﬁcili
1143 4905 1335 4967 etiam
1393 4904 1752 4966 charactere
1783 4913 2135 4974 exaratum,
2187 4913 2253 4963 ut
2301 4919 2335 4962 a
2387 4903 2783 4979 peritissimo
2815 4919 3078 4980 quoque
3132 4901 3236 4962 vix
3272 4902 3410 4980 legi.
3450 4903 3698 4981 integre
3738 4918 3986 4980 posset.

735 5005 1161 5077 Quamobrem
1181 5003 1498 5083 quidquid
1533 5005 1593 5064 in
1625 5020 1703 5065 eo
1727 5003 2065 5064 dissonum
2101 5001 2448 5079 minusque
2479 5011 2980 5062 consentaneum
3013 5010 3396 5075 occurreret,
3424 5002 3484 5063 id
3520 5005 3584 5064 iu
3621 5021 3942 5065 amanuen
3967 5041 3985 5049 -

738 5103 827 5163 sis
860 5102 1244 5177 imperitiam
1276 5104 1373 5164 vel
1405 5103 1842 5164 infidelitatem
1884 5101 2138 5163 refuudi
2174 5117 2360 5179 posse
2389 5100 2762 5162 arbitrabar.
2799 5101 2872 5159 Ut
2911 5099 3084 5160 hunc
3117 5101 3276 5161 mihi
3319 5103 3700 5178 scrupulum
3732 5104 3989 5164 exime-

746 5218 906 5272 rem,
934 5202 1012 5261 ab
1042 5203 1152 5274 iis,
1177 5220 1451 5282 quorum
1481 5205 1810 5276 intererat,
1843 5204 2197 5278 impetravi,
2236 5211 2303 5264 ut
2325 5202 2546 5262 saltem
2577 5219 2769 5279 pauca
2800 5200 2948 5260 folia
2981 5202 3296 5280 abaliquo
3323 5204 3712 5279 peritissimo
3733 5206 3867 5263 viro
3902 5224 3985 5264 ex

743 5299 970 5360 eodem
998 5303 1216 5363 codice
1248 5303 1465 5364 denuo
1485 5303 1906 5365 exscribenda
1941 5312 2260 5364 curarent.
2299 5303 2484 5375 Quod
2541 5319 2654 5378 pro
2691 5304 2932 5364 eximio
2980 5320 3100 5363 suo
3132 5303 3194 5364 in
3243 5320 3454 5364 sacras
3489 5303 3728 5364 litteras
3763 5305 3992 5365 studio

743 5411 1038 5490 praestare
1071 5404 1273 5465 voluit
1303 5407 1403 5466 vir
1433 5405 1830 5467 clarissimus
1860 5416 1923 5466 et
1959 5406 2326 5483 linguarum
2372 5404 2781 5465 orientalium
2811 5404 3244 5479 peritissimus
3285 5406 3566 5466 Adamus
3601 5404 3992 5468 Franciseus

1091 5590 1239 5645 "‘cct
1291 5609 1410 5658 qua:
1459 5608 1488 5644 a
1545 5591 1706 5646 nobis
1763 5591 2034 5644 Dominica
2067 5594 2120 5643 in
2157 5593 2300 5645 Albis
2412 5594 2745 5648 hebdomada
2784 5594 3028 5646 l’asi-liali
3067 5594 3356 5652 mediante,
3398 5591 3742 5654 respondeat.

1170 5669 1275 5714 Tui
1299 5680 1417 5715 eam
1455 5671 1644 5713 vorant
1690 5662 1971 5727 Κυριακὴν
1995 5663 2084 5713 τοῦ
2125 5665 2301 5713 ’Ᾱπτι-
2483 5668 2558 5730 (ἐν)
2592 5662 2722 5715 Vidi:
2760 5667 2808 5714 in

2483 5668 2558 5730 (tv)
2592 5662 2722 5715 Vidi:
2760 5665 2895 5716 intra
2935 5682 3085 5717 num.
3132 5662 3288 5723 XLV,
3330 5665 3416 5715 ubi
3461 5665 3528 5715 de
3576 5665 3993 5717 tiorumcntario

1178 5736 1306 5783 icum
1348 5733 1678 5798 Antipasrhw
1734 5748 1826 5783 seu
1869 5733 2301 5798 Comi-opawha;
2415 5736 2464 5784 in
2523 5738 2641 5785 \rtn
2704 5738 3075 5796 :Ipuslulm'um
3114 5750 3175 5786 cx
3213 5735 3542 5787 bibliollicCa
3583 5730 3996 5788 MediccooFlo-

1181 5821 1232 5863 υ,
1299 5817 1486 5858 saneto
1544 5803 1646 5854 dici
1705 5802 1920 5855 I’ns'clm:
1979 5823 2006 5856 ρ
2062 5805 2296 5865 regione,
2411 5816 2616 5855 mrum
2652 5817 2828 5859 muto,
