4156 6440
113 394 200 455 in
932 392 1016 453 1N
1049 390 1483 463 SEQUENTIA
1511 389 2092 456 Timornvmcri
2138 396 2480 457 SCRIPTA.
3249 399 3353 460 αις

115 533 184 592 de
213 529 455 603 Kollar,
506 530 774 591 laudate
821 528 1222 590 bibliothecae
1250 537 1466 590 custos
1499 529 1975 591 meritissimus.
2015 531 2188 592 ldem
2238 547 2387 592 vero
2431 531 2492 593 ei
2526 530 2945 604 describenti,
2985 533 3160 611 quod
3195 533 3351 592 mihi

117 629 578 706 iuterpretauti,
617 628 1154 690 inciditdubium.
1189 630 1308 689 Sed
1355 628 1488 700 ille,
1535 629 1709 704 quod
1748 628 1906 691 mihi
1942 646 2351 707 summOpere
2393 629 2682 708 cupienti
2709 629 2915 692 facere
2939 645 3068 692 non
3104 629 3355 704 licebat,

119 730 509 792 exsecutioni
559 730 902 790 mandavit.
963 727 1310 790 Consuluit
1365 727 1613 789 scilicet
1664 729 1952 789 codicem
2001 729 2142 799 222,
2209 730 2275 793 ἱιι
2316 747 2446 807 quo
2492 731 2727 808 pariter
2777 729 3241 810 TheoPhylacti
3283 729 3348 789 in

123 830 431 906 Epistolas
480 830 838 890 Catholicas
889 829 1434 890 Commentarium
1483 828 1800 890 contineri
1868 830 2244 894 Lambecius
2289 839 2349 891 et
2383 832 2715 892 Nesselius
2755 828 3085 900 aﬂirmant,
3138 829 3357 892 uthac

122 936 453 1009 utriusque
483 933 731 996 codicis
778 931 1194 996 contentione
1228 934 1579 1010 detegeret,
1612 949 1689 994 an
1724 933 1892 994 idem
1929 934 2024 996 vel
2060 934 2361 997 diversus
2411 935 2477 997 in
2539 944 2813 1014 utroque
2845 934 3356 997 Commentarius

123 1043 294 1094 esset.
330 1036 596 1113 'Reperit
631 1043 843 1096 autem
873 1020 1006 1095 'non
1039 1035 1181 1096 sine
1213 1033 1639 1096 admiratione
1667 1034 2050 1108 .diversum;
2084 1045 2144 1098 et
2181 1045 2485 1114 prieterea
2519 1038 2733 1113 talem,
2782 1037 2892 1116 qui
2931 1044 3110 1098 tanto
3153 1037 3356 1112 magis

123 1132 565 1210 'l‘heOphylacti
603 1131 893 1209 genium,
947 1131 1254 1200 indolem,
1305 1131 1627 1202 ordinem,
1675 1131 1942 1211 stylum,
1975 1135 2393 1214 suojudicio,
2431 1153 2557 1213 ιιι-ω
2580 1154 2648 1196 se
2675 1136 2890 1209 ferret,
2925 1147 3166 1215 quanto
3196 1135 3358 1195 alter

122 1235 314 1293 abhis
356 1232 664 1294 omnibus
699 1231 1031 1291 videbatur
1063 1232 1186 1290 sibi
1247 1229 1448 1308 magis
1498 1231 1774 1294 alienus.
1818 1234 2040 1310 Neque
2096 1251 2245 1296 vero
2291 1235 2392 1296 hic
2436 1234 2722 1297 substitit
2769 1236 2868 1296 vir
2915 1235 3153 1312 publici
3198 1235 3353 1303 boui

124 1335 628 1394 amantissimus:
661 1333 770 1392 sed
818 1332 933 1392 tria
967 1333 1344 1410 posterioris
1381 1332 1574 1411 hujus
1611 1334 2064 1396 Commentarii
2103 1333 2280 1406 folia,
2326 1352 2469 1415 quin
2523 1336 2901 1415 specimiuis
2936 1336 3076 1398 loco
3107 1351 3352 1407 essent,

123 1435 514 1498 esseribendi
556 1434 834 1495 laborem
859 1434 1028 1495 ultro
1060 1433 1383 1510 suscepit;
1414 1434 1787 1513 eisdemque
1817 1434 1996 1496 foliis
2019 1451 2163 1496 cum
2195 1433 2342 1499 aliis
2373 1435 2626 1496 duobus
2662 1454 2738 1502 ex
2775 1438 2985 1514 priore
3013 1437 3355 1498 Commen-

127 1541 268 1598 tario
295 1538 369 1598 ad
408 1537 692 1596 editores
739 1534 1154 1604 transmissis,
1190 1533 1269 1594 de
1313 1551 1429 1595 sua
1458 1534 1863 1597 dubitatione
1895 1536 2204 1598 certiores
2246 1551 2360 1598 eos
2398 1535 2574 1610 fecit,
2623 1551 3016 1616 cperamque
3056 1552 3238 1597 suam
3283 1535 3348 1597 in

127 1661 244 1704 rem
277 1641 602 1720 publicam
639 1641 1105 1703 humanissime
1136 1641 1394 1704 obtulit.
1430 1639 1556 1712 Illi,
1593 1657 1661 1700 re
1700 1639 2051 1717 diligenter
2092 1625 2425 1717 perpensa,
2481 1640 2761 1719 priorem
2807 1639 3348 1703 Commentarium

126 1743 192 1802 ab
219 1742 328 1804 hac
360 1743 652 1804 editione
699 1741 1127 1822 rejicieudum
1174 1757 1344 1811 esse,
1424 1737 1759 1800 confestim
1793 1739 2222 1799 decreverunt
2256 1757 2271 1795 :
2310 1737 2655 1815 prmscrtim
2692 1755 2836 1803 cum
2877 1738 3121 1799 interea
3178 1739 3356 1799 detev

125 1856 334 1905 Mutua
370 1863 471 1904 me
499 1853 692 1914 esset,
718 1861 866 1904 eum
904 1842 1064 1904 nihil
1087 1842 1258 1902 aliud
1297 1857 1462 1911 esse,
1500 1857 1692 1918 quam
1725 1856 1964 1900 meram
1989 1840 2354 1900 Grmcorum
2388 1841 2812 1915 quorumdam
2847 1823 3197 1903 l’atrum‘iu
3246 1859 3353 1900 eas

133 1946 432 2021 lipistolas
472 1945 787 2015 Catenam,
831 1945 1014 2020 plane
1046 1942 1322 2002 similem
1355 1940 1446 2000 illi
1483 1955 1626 2017 qum
1671 1947 1872 1999 exstat
1923 1938 2159 2001 Oxonii
2191 1935 2274 1998 ‘in
2313 1939 2701 2002 bibliotheca
2737 1939 3006 2018 (Iollegii
3042 1942 3196 2001 Novi
3242 1960 3350 1998 ru-

129 2049 252 2106 dice
280 2047 381 2116 58,
422 2064 499 2106 ex
553 2063 677 2126 qua
733 2043 1042 2106 nonnulla
1101 2042 1331 2122 selegit
1369 2050 1430 2102 et
1463 2040 1728 2119 protulit
1771 2039 2176 2104 Christianus
2211 2041 2488 2103 Wollius
2528 2052 2676 2102 tom.
2747 2042 2834 2103 Ill
2891 2041 3359 2102 Anecdotorum

129 2149 472 2223 (Ira-carum
511 2166 546 2210 a
582 2165 720 2226 pag.
753 2148 857 2209 92.
899 2153 960 2209 et
995 2154 1150 2207 tom.
1180 2145 1286 2216 IV,
1315 2159 1346 2204 a
1384 2160 1523 2223 pag.
1562 2148 1618 2203 1.
1665 2144 1846 2204 Facta
1883 2159 2156 2220 namque
2185 2143 2556 2217 collatione,
2588 2161 2657 2205 ea
2690 2145 2905 2208 omnia
2950 2146 3014 2206 in
3055 2145 3358 2222 prmdicto

130 2251 480 2326 apograpbo
515 2249 902 2310 verbotenus
958 2255 1205 2308 exstare
1245 2262 1705 2321 couipereram,
1741 2261 1819 2332 eo
1850 2245 1991 2306 solo
2016 2244 2420 2320 discrimine,
2453 2249 2622 2325 quod
2653 2247 2715 2306 in
2746 2227 3102 2308 Oxoniensi
3135 2247 3357 2310 codice

133 2349 370 2409 nemina
437 2351 719 2420 Patrum,
771 2344 1046 2424 quorum
1110 2345 1300 2405 verba
1352 2343 1747 2415 referuntur,
1800 2352 2090 2404 accurate
2127 2351 2346 2406 essent
2381 2349 2719 2419 adnotata;
2769 2347 2830 2408 in
2865 2345 3354 2410 Vindobonensi

133 2468 286 2523 vero,
335 2466 470 2510 uno
513 2456 780 2518 tantum,
823 2445 921 2509 vel
956 2445 1158 2507 altero
1189 2451 1481 2521 excepto,
1526 2443 1655 2506 sint
1694 2443 1956 2521 penitus
2006 2445 2428 2522 praetermissa
2463 2462 2477 2506 :
2509 2463 2654 2526 qum
2694 2464 2793 2508 res
2826 2446 3358 2525 interpretantent

137 2569 218 2612 me
238 2551 416 2613 valde
449 2549 818 2626 torquebat;
843 2547 994 2626 quia
1015 2545 1285 2606 sublatis
1309 2544 1684 2609 nominibus
1709 2545 1863 2612 illis.
1898 2562 2110 2624 neque
2138 2547 2270 2608 ullo
2293 2548 2459 2609 inter
2490 2567 2561 2608 ru
2595 2566 2742 2627 quae
2771 2549 3144 2609 dicerentur
3173 2565 3340 2608 nexu

135 2659 482 2728 apparente,
517 2665 643 2710 non
677 2645 1191 2710 Commentarius
1220 2643 1480 2723 aliquis,
1507 2644 1619 2706 sed
1649 2661 1858 2719 scopae
1881 2643 2165 2716 dissuta),
2200 2657 2260 2707 et
2297 2664 2487 2708 arena
2513 2649 2655 2711 sine
2679 2648 2871 2719 calce,
2901 2655 2969 2710 ut
3012 2648 3140 2709 dici
3168 2646 3356 2721 solet,

137 2751 514 2816 viderentur.
555 2751 818 2821 Verum,
851 2747 906 2808 si
962 2747 1045 2807 ita
1092 2757 1210 2816 est,
1246 2745 1528 2824 inquies,
1561 2747 1890 2822 quomodo
1924 2747 2001 2808 cl.
2028 2747 2410 2810 Lambecius
2452 2749 2996 2812 Commentarium
3032 2749 3358 2828 ejusmodi

138 2849 598 2930 'l'heOphylacto
630 2846 1072 2909 indubitanter
1104 2839 1440 2920 ascripsit?
1497 2844 1728 2905 Eadem
1776 2862 2006 2922 nempe
2035 2848 2331 2920 _rationc,
2370 2847 2753 2922 respondeo,
2803 2865 2928 2929 qua
2979 2858 3040 2910 et
3081 2851 3246 2910 duos
3290 2851 3357 2917 in

139 2953 368 3012 easdem
407 2947 730 3027 Epistolas
762 2944 1293 3014 Commentarios,
1343 2941 1591 3004 tametsi
1635 2942 1953 3015 diversos,
1990 2943 2103 3005 uni
2136 2945 2478 3026 eidemque
2517 2949 2742 3009 tribuit
2790 2949 3058 3011 auctori.
3103 2950 3361 3016 Scilicet

137 3069 234 3113 eos
269 3046 777 3110 Commentarios
817 3046 956 3125 ipse
987 3062 1115 3109 non
1151 3047 1326 3126 legit,
1363 3065 1575 3125 neque
1605 3048 1682 3109 de
1716 3065 1941 3110 eorum
1969 3051 2331 3112 statuendis
2378 3054 2749 3112 auctoribus
2783 3053 3210 3128 adlaboravit;
3243 3057 3356 3117 sed

138 3154 282 3213 notis
304 3153 366 3212 in
400 3151 616 3212 fronte
647 3147 934 3212 codicum
959 3143 1252 3227 repertis,
1274 3150 1458 3214 fidem
1490 3149 1631 3208 sine
1653 3149 1790 3214 ullo
1817 3147 2115 3211 examine
2146 3149 2457 3226 prmstitit.
2496 3153 2652 3212 Cum
2682 3151 2881 3229 igitur
2909 3150 3002 3213 illi
3027 3154 3363 3215 Commenq

144 3258 275 3315 Iario
327 3271 524 3316 manu
573 3250 1018 3330 Tegnagnelii,
1069 3251 1169 3312 sui
1222 3251 1288 3311 in
1349 3249 1638 3311 custodia
1679 3248 1980 3308 Caesarem
2015 3247 2421 3312 biblimhecm
2454 3251 2882 3326 prmeessoris,
2939 3259 3357 3329 praenotalum

144 3353 375 3429 legisset
408 3368 425 3405 :
465 3347 965 3410 Commentarius
1001 3345 1474 3426 Tlteophylacti,
1519 3352 1584 3404 ut
1630 3353 1690 3406 et
1725 3345 1859 3422 ipse
1890 3362 2036 3406 cum
2085 3361 2158 3406 ea
2198 3347 2260 3407 in
2298 3347 2452 3408 urbe
2497 3359 2807 3422 versarer,
2841 3350 2993 3422 vidi,
3051 3349 3168 3412 hoc
3206 3353 3360 3412 satis

142 3471 261 3514 esse
289 3452 504 3525 duxit,
540 3458 606 3515 ut
637 3465 786 3510 eum
832 3447 1001 3512 inter
1047 3443 1511 3524 'l'beOphylacti
1561 3445 1771 3521 Opera
1821 3453 2252 3521 percenseret.
2298 3449 2372 3506 Et
2418 3457 2624 3509 tamen
2661 3447 2910 3528 liquido
2941 3458 3208 3520 constat,
3241 3453 3363 3511 Τυ-

143 3553 532 3633 gnaguelium
568 3566 694 3610 non
733 3547 853 3610 alia
904 3546 1174 3618 ratione,
1217 3561 1288 3606 ea
1322 3561 1474 3607 sane
1505 3544 1964 3617 inﬁrmissima,
2017 3546 2564 3612 Commentarium
2605 3545 2978 3628 hujusmodi
3015 3551 3359 3626 Theoidiy-

145 3657 278 3716 iacto
307 3652 742 3733 adjudicasse.
779 3666 968 3726 quam
1013 3650 1184 3727 quod
1237 3648 1461 3722 eodeni
1489 3647 1553 3707 in
1587 3646 1804 3707 codice
1837 3647 2024 3707 certis
2089 3648 2473 3725 quibusdam
2520 3649 2982 3729 'l‘heOphj‘lacti
3026 3653 3362 3713 Commen-

145 3761 294 3824 tariis
324 3765 496 3820 esset
534 3756 909 3833 adjunctus,
936 3755 1294 3830 eademque
1333 3767 1525 3815 manu
1555 3764 1856 3813 exaratus
1887 3751 2239 3812 videretur.

209 3867 280 3926 Χ.
317 3861 629 3922 Praedicta
663 3858 876 3936 itaque
907 3856 1382 3918 Commentario
1409 3873 1439 3916 a
1473 3853 1796 3934 germanis
1829 3854 2290 3934 'l‘heoiihylacti
2317 3855 2636 3931 Oper-ibus
2670 3857 2933 3918 omnino
2964 3857 3219 3936 rejecto,
3253 3872 3360 3913 cu-

145 3976 354 4026 ratores
391 3964 590 4042 hujus
623 3959 936 4022 editionis
969 3967 1403 4036 Opportunum
1435 3975 1577 4019 esse
1614 3960 1962 4024 duxerunt.
1995 3958 2222 4027 alium,
2271 3959 2413 4038 qui,
2447 3957 2527 4021 cl.
2554 3957 3110 4042 Kellariojudiee,
3153 3956 3362 4014 Theo-

148 4067 391 4148 phylacti
416 4064 686 4143 genium
707 4077 778 4120 ac
799 4058 1036 4137 slylum
1071 4075 1196 4136 prie
1220 4077 1288 4118 se
1315 4055 1456 4128 fert,
1492 4058 1556 4118 in
1584 4058 1762 4121 illius
1796 4059 2004 4120 locum
2034 4062 2420 4136 subrOgare;
2447 4060 2512 4121 in
2546 4076 2824 4136 eumque
2845 4059 3028 4117 ﬁnem
3051 4054 3202 4115 mihi
3243 4056 3361 4112 I.a-

146 4173 252 4231 line
283 4166 687 4229 reddendum
729 4159 1070 4221 tradidere.
1108 4164 1469 4238 Antequam
1509 4178 1658 4222 vero
1707 4161 1842 4238 ipse
1891 4159 2263 4238 huiusmodi
2300 4162 2579 4224 versioni
2635 4178 2893 4222 manum
2925 4162 3357 4224 δάιιιονυτυιη,

147 4285 311 4344 pauca
341 4268 445 4327 illa
480 4264 661 4333 feria,
713 4266 862 4341 quie'
900 4259 1277 4338 Speciminis
1319 4259 1517 4338 gratia
1562 4257 1688 4320 huc
1721 4259 2096 4321 \-'indobona
2151 4261 2521 4322 transmissa
2562 4262 2722 4334 dixi,
2769 4278 2915 4322 cum
2973 4257 3356 4323 0Ecumen.i

147 4365 595 4428 Commentario
649 4360 941 4422 conferre
993 4357 1149 4420 mihi
1192 4357 1452 4437 placuit,
1519 4358 1894 4435 pimsertim,
1939 4376 2084 4420 cum
2139 4361 2415 4438 primum
2461 4360 2800 4438 perlegens
2849 4359 3103 4424 folium.
3142 4354 3358 4416 simile

146 4464 601 4545 quidpiamjam
639 4461 701 4522 in
735 4460 864 4520 alio
894 4466 1180 4531 auctore,
1219 4457 1328 4536 qui
1367 4467 1500 4518 tum
1526 4457 1590 4519 in
1619 4465 1894 4517 mentem
1921 4476 2049 4519 non
2084 4460 2423 4534 incidebat,
2451 4460 2681 4538 legisse
2717 4460 2869 4521 mihi
2909 4462 3178 4521 viderer.
3215 4457 3360 4517 Col-

151 4567 267 4627 latis
299 4569 510 4644 itaque
552 4563 636 4623 iis
667 4559 870 4631 foliis,
897 4556 1183 4634 comperi
1215 4557 1487 4621 alterum
1522 4559 2061 4618 Commentariun)
2105 4561 2185 4619 ita
2210 4578 2351 4626 cum
2388 4560 2585 4621 altero
2607 4562 2979 4634 convenire,
3019 4568 3084 4621 ut
3121 4558 3363 4618 Vindo-

150 4671 468 4732 bonensem
505 4674 568 4728 et
603 4660 1165 4725 OEcumenianum
1210 4675 1409 4722 unum
1461 4662 1895 4737 eumdemque
1939 4676 2082 4719 esse
2143 4661 2638 4737 perspicerem:
2678 4681 2803 4722 non
2847 4663 3134 4742 quidem,
3179 4669 3356 4744 quod

153 4770 307 4846 plane
329 4778 385 4830 et
419 4768 858 4844 undequaque
893 4767 1358 4836 congruerent;
1385 4758 1496 4816 sed
1524 4756 1674 4834 quia
1697 4757 2168 4836 qualiscunque
2193 4758 2433 4819 inesset
2462 4759 2828 4833 diversitas,
2855 4780 2923 4821 ea
2948 4759 3131 4823 facile
3150 4775 3364 4842 posset

153 4873 202 4930 in
231 4875 514 4933 οοὼιειιω
550 4869 918 4930 varietatem
963 4861 1242 4923 reiundi.
1281 4861 1415 4924 Hoc
1447 4879 1592 4920 cum
1635 4861 2316 4924 rescissenteditionis
2361 4873 2712 4936 curatores,
2759 4867 2972 4926 omnia
3014 4867 3218 4944 primo
3252 4885 3360 4929 cc-

154 4979 328 5039 nanda
356 4976 479 5052 sibi
514 4973 1014 5037 constituerunt,
1053 4977 1118 5028 ut
1141 4969 1538 5044 {germanum
1569 4963 1846 5044 aliquem
1880 4974 1940 5024 et
1967 4967 2043 5026 ab
2073 4967 2560 5029 OEcumeuiano
2590 4968 2918 5028 diversum
2951 4969 3016 5029 in
3051 4969 3364 5045 Epistolas

155 5079 473 5140 Catholicas
503 5069 1048 5137 Commentarium
1091 5067 1511 5143 detegerem;
1568 5065 1668 5125 sin
1717 5082 1864 5127 vero
1905 5066 1967 5125 id
2017 5066 2239 5126 minus
2274 5083 2351 5126 ex
2400 5076 2546 5126 volo
2586 5069 2983 5141 succederet,
3030 5069 3361 5147 inquiren-

158 5183 308 5258 dum,
340 5199 492 5244 num
527 5177 686 5240 satis
722 5175 929 5236 valida
959 5181 1332 5252 argumenta
1385 5181 1610 5248 prresto
1649 5180 1890 5246 essent,
1939 5170 2177 5248 quibus
2213 5169 2742 5232 Olicumenianus
2782 5171 2922 5249 ipse
2958 5174 3363 5232 Commenta-

161 5282 270 5344 rius
315 5284 375 5344 in
407 5283 572 5344 hanc
617 5277 968 5339 editionem
1001 5291 1189 5354 aequo
1221 5273 1368 5352 jure
1400 5274 1848 5343 ascisceretur,
1883 5291 1952 5334 ac
1999 5272 2460 5350 The0phylacti
2499 5273 2762 5334 nomine
2811 5272 3160 5349 inscriptus
3210 5276 3366 5332 ede-

163 5393 306 5445 ι-ειιιι-
334 5387 395 5446 ίη
424 5385 657 5446 lucem,
699 5384 822 5457 spe
855 5377 1053 5456 prima
1096 5375 1287 5455 paulo
1323 5382 1462 5451 post
1501 5373 1736 5452 dejecti
1773 5393 1848 5434 ex
1901 5374 2521 5452 iuexSpectatissima
2555 5368 2755 5433 morte
2786 5374 3017 5450 Ignatii
3056 5374 3210 5435 lnici
3246 5374 3363 5435 Ca-

164 5468 405 5565 ,accioli,
433 5488 745 5568 pontiﬁcii
771 5486 846 5546 ad
877 5482 1329 5562 Hispaniarum
1361 5496 1574 5556 regem
1609 5480 1821 5558 legati,
1858 5480 2042 5556 cujus
2074 5495 2194 5556 Ope
2219 5480 2523 5539 duntaxat
2553 5494 2622 5538 se
2654 5479 2965 5556 consequi
2992 5493 3178 5553 posse
3215 5494 3365 5550 spe--

163 5592 345 5650 rahant
403 5588 844 5668 apographum
895 5584 1075 5647 illius
1132 5580 1584 5642 Commentarii
1627 5578 2109 5658 TheoltllylilClO
2168 5576 2460 5656 inscripti
2508 5576 2572 5638 in
2620 5577 2938 5653 Epistolas
2983 5574 3365 5644 Catholicas,

165 5691 328 5763 quiin
365 5689 781 5752 celeberrima
823 5680 1242 5748 Escorialensi
1292 5679 1676 5742 bibliotheca
1714 5679 2027 5740 asservari
2063 5678 2327 5750 dicitur,
2366 5682 2613 5757 quique
2652 5695 2823 5740 unus
2854 5685 3186 5754 supererat
3216 5693 3369 5736 con-

166 5791 465 5863 sulendus,
512 5793 588 5855 ad
643 5790 903 5852 alteram
940 5787 1222 5849 animum
1261 5792 1651 5862 operamque
1685 5801 1863 5844 suam
1915 5792 2369 5846 converterunt
2412 5803 2424 5839 :
2477 5782 2661 5857 cujus
2697 5790 3028 5858 compotes
3081 5778 3362 5840 evasisse
