4156 6440
711 425 816 498 4’13
1723 416 2110 479 BONlFAClI
2176 411 2482 474 FINETTI
2539 409 2930 472 PREFATIO
3853 401 3963 464 420

710 551 880 605 sese,
909 533 1057 611 jure
1099 530 1458 607 meritoque
1494 527 1778 588 arbitrati
1815 533 1990 587 sunt.
2044 524 2201 586 Cum
2240 507 2414 583 enim
2469 519 2652 605 juxta
2704 519 2966 580 effatum
3031 517 3473 595 evangelicum
3513 538 3527 576 :
3561 515 3638 576 In
3670 530 3776 573 ore
3805 513 3960 574 duo-

712 651 890 704 rum,
927 630 1024 692 rei
1063 631 1256 690 trium
1292 639 1409 689 stet
1437 646 1607 687 omne
1639 626 1915 698 verbum,
1956 641 2068 686 seu
2109 621 2391 693 duobus,
2428 619 2523 680 vel
2565 618 2770 679 tribus
2799 618 3073 679 testibus
3106 619 3260 678 satis
3293 618 3526 678 veritas
3561 632 3835 695 quaeque
3864 616 3966 676 tir-

717 740 949 800 inetur,
985 745 1099 788 nos
1131 730 1205 788 ad
1259 725 1577 805 ejusmodi
1613 721 2162 792 Commentarium
2194 716 2672 797 TheOphylacto
2713 716 3170 778 vindicandum
3205 717 3466 787 totidem
3526 715 3692 776 nacti
3734 732 3966 776 sumus

718 829 1144 890 tes:imonia:
1201 831 1408 905 primo
1479 825 1725 884 scilicet
1788 821 2113 883 laudatum
2149 818 2448 879 codicem
2510 814 3414 879 Cmsar-eo-Vindobonensem
3479 817 3966 896 'l‘heOphylactn

718 931 1258 991 thuunentarium
1324 927 1509 988 illum
1579 925 1819 986 diserte
1875 921 2344 989 ascribentem:
2413 919 2610 981 alium
2697 926 2999 994 praeterea
3062 917 3347 979 codicem
3395 918 3684 998 ejusdem
3728 919 3967 981 biblio-

715 1033 909 1090 ίξωοω
972 1030 1296 1106 signatum
1371 1044 1436 1086 n.
1512 1025 1653 1096 2-2.3,
1737 1021 1851 1104 qui
1891 1022 2105 1080 solum
2165 1018 2436 1097 quidem
2517 1017 2805 1079 continet
2888 1018 3398 1081 Commentarios
3475 1020 3962 1100 Theophylacto

714 1134 1060 1210 inscriptos
1118 1132 1181 1192 in
1243 1141 1522 1211 quatuor
1571 1139 1925 1208 postremas
1985 1123 2304 1201 Epistolas
2351 1122 2739 1197 Catholicas;
2796 1125 2907 1185 sed
2967 1140 3113 1186 cum
3154 1124 3252 1184 illi
3314 1124 3500 1202 plane
3559 1126 3968 1188 consentiant

715 1259 857 1298 cum
886 1235 1378 1297 Commentariis
1412 1235 1474 1295 iu
1512 1234 1768 1294 easdem
1799 1230 2115 1310 Epistolas
2149 1227 2476 1296 memorati
2508 1227 3328 1306 codicis,quemadmodum
3362 1228 3502 1306 ipse
3532 1229 3968 1300 cumviennm

723 1346 1056 1418 degerem,
1127 1341 1283 1400 inita
1341 1321 1681 1400 collatione
1713 1348 1887 1397 certo
1936 1332 2358 1413 deprehendi,
2408 1331 2568 1391 illud
2622 1350 2772 1396 sane
2811 1331 3282 1403 testimonium,
3318 1331 3507 1392 etiam
3544 1347 3657 1409 pro
3692 1330 3966 1411 reliquis

716 1446 1232 1517 Coztimenlariis,
1293 1463 1523 1522 nempe
1578 1446 1645 1504 in
1693 1425 2020 1513 Iacobum,
2061 1448 2116 1498 et
2166 1438 2442 1510 Petrum,
2498 1435 2978 1515 'l'l'ieophylacto
3010 1437 3456 1515 adjudicandis
3488 1436 3786 1506 inservit;
3818 1453 3964 1496 cum

721 1569 830 1628 par
866 1552 1129 1611 υιιιιιὶιιο
1167 1524 1325 1609 ratio
1355 1549 1434 1606 sit
1480 1545 1773 1607 omnium
1807 1552 1868 1603 et
1903 1540 2341 1618 singulorum.
2379 1537 2676 1616 Denique
2704 1537 2856 1600 huic
2887 1539 3074 1616 plane
3107 1537 3318 1600 simile
3352 1546 3471 1608 est,
3498 1539 3672 1616 quod
3713 1554 3793 1606 ex
3851 1554 3964 1598 co-

715 1657 857 1716 dice
891 1655 1197 1715 Vaticano
1224 1668 1401 1713 num.
1435 1652 1553 1710 227
1577 1645 2001 1725 depromitur.
2037 1647 2194 1708 Nam
2223 1643 2422 1710 etiste
2455 1644 2741 1707 continet
2767 1644 3275 1705 Commentarios
3321 1643 3386 1705 in
3412 1651 3688 1721 quatuor
3722 1657 3968 1721 postre-

723 1771 853 1812 mas
888 1753 1243 1814 Catholicas
1282 1747 1620 1826 Epistolas,
1657 1747 1770 1806 hac
1799 1743 2121 1821 praemissa
2155 1741 2364 1819 epigra

2324 1741 2538 1818 *aphe:
2563 1744 2943 1813 Θειφῳὶάκτου
2975 1743 3234 1815 ἐξήγησις
3268 1742 3498 1814 ἀκριϐὴς
3511 1743 3619 1795 τῶν
3637 1743 3965 1808 Ἐπιπολῶν

717 1855 810 1906 τοῦ
837 1854 1198 1923 ἠγαπημένον
1243 1852 1491 1905 Ἰωάννου
1522 1849 1611 1902 τοῦ
1634 1848 1916 1914 Θεολὸγου,
1951 1845 2119 1900 Ἰούδα
2147 1844 2241 1897 τοῦ
2266 1844 2590 1905 ἀποστόλου,
2625 1843 2719 1894 καὶ
2748 1841 2840 1893 τοῦ
2871 1841 3160 1894 θεσπεσίου
3190 1841 3285 1895 καὶ
3315 1843 3699 1912 οὐρανοφοίτου
3724 1843 3966 1908 lla-310:,

721 1943 1172 2022 Theophylacti
1213 1941 1556 2021 Expositio
1597 1946 1897 1998 accurata
1935 1935 2372 2014 Epistolarum
2411 1932 2631 1994 dilecti
2670 1934 2938 1997 Joannis
2977 1933 3275 2012 theologi,
3320 1933 3502 1993 Judce
3541 1935 3840 2012 apostoli,
3903 1946 3963 2008 et

717 2043 920 2105 divini
955 2042 1287 2122 artiumque
1313 2043 1581 2122 petentis
1615 2038 1836 2112 Pauli;
1867 2040 1977 2098 sed
2010 2037 2107 2097 hae
2136 2045 2471 2115 postremm
2500 2053 2578 2099 eo
2609 2035 2675 2108 in
2705 2035 2926 2096 codice
2964 2035 3200 2096 desunt
3229 2059 3250 2103 _:
3295 2045 3354 2097 at
3391 2055 3542 2098 vero
3573 2039 3820 2114 priores
3843 2039 3968 2100 ali-.-

719 2154 876 2222 quot
911 2147 1100 2207 linem
1129 2162 1206 2206 ex
1235 2144 1515 2223 singulis
1549 2143 1681 2203 illis
1718 2138 2210 2204 Commentariis
2249 2141 2470 2208 Roma,
2519 2156 2618 2199 me
2647 2144 2921 2215 petente,
2957 2137 3372 2212 transmissae,
3405 2139 3557 2198 satis
3589 2139 3965 2210 ostendunt,

718 2261 829 2304 cos
852 2254 886 2304 a
922 2245 1157 2306 nostris
1193 2245 1462 2306 minime
1495 2245 1882 2319 discrepare.
1920 2244 2114 2306 Porro
2147 2239 2262 2301 tria
2297 2239 2427 2302 hinc
2461 2241 2825 2301 testimonia
2859 2240 2943 2325 (α)
2965 2240 3117 2317 satis
3152 2239 3336 2304 nobis
3365 2238 3766 2301 fundamenti
3800 2257 3963 2318 prte-

722 2345 870 2405 bere
905 2346 1448 2422 existimavimus,
1483 2362 1614 2424 quo
1642 2346 1891 2421 integer
1938 2342 2060 2403 iste
2094 2343 2159 2403 in
2202 2351 2448 2419 septem
2477 2339 2799 2418 Epistolas
2859 2339 3211 2406 Catholicas
3243 2338 3753 2403 Commentarios
3782 2349 3970 2401 uete-

721 2449 807 2506 ris
843 2464 1064 2509 rrcens
1096 2447 1360 2508 detectis
1398 2445 1856 2527 TheOphylacti
1887 2442 2196 2527 operibus
2231 2443 2497 2534 adiungi
2536 2443 2763 2510 merito
2805 2451 3040 2521 posset.
3086 2447 3159 2508 Et
3202 2459 3322 2522 ego
3351 2443 3614 2523 quidem
3644 2444 3970 2511 neminem

717 2543 1007 2606 futurum
1073 2545 1368 2622 arbitror,
1437 2545 1683 2606 libratis
1736 2544 2087 2623 praesertim
2124 2544 2204 2604 iis
2253 2558 2398 2622 qum
2419 2542 2756 2626 superiore
2798 2559 3067 2604 numero
3099 2543 3263 2604 dicta
3285 2559 3324 2613 .a
3367 2561 3465 2614 me
3499 2553 3673 2617 sunt,
3703 2544 3815 2622 qui
3850 2543 3974 2604 hoc

719 2649 1066 2720 consilium
1103 2649 1529 2724 reprehendat
1569 2647 1653 2708 ob
1684 2664 1823 2709 eam
1867 2647 2207 2719 rationem,
2241 2647 2414 2724 quod
2448 2645 2832 2725 ltujusmodi
2874 2647 3384 2713 Commentarius
3432 2636 3815 2724 jamdudum
3847 2648 3975 2709 sub

719 2749 1104 2818 Olicumcnii
1141 2749 1400 2810 nomine
1437 2746 1689 2826 publica
1739 2747 1879 2807 luce
1923 2745 2194 2818 fruatur,
2239 2763 2582 2825 quousque
2613 2746 2836 2807 saltem
2895 2747 2994 2806 vol
3053 2746 3282 2807 unicus
3319 2747 3519 2809 codex
3555 2747 3635 2822 .in
3682 2745 3973 2816 medium

725 2850 996 2927 proferri
1069 2850 1292 2927 possit,
1325 2850 1439 2928 qui
1489 2848 1557 2909 in
1595 2847 1807 2908 fronte
1847 2847 2042 2928 hujus
2103 2845 2553 2906 Commentarii
2620 2861 2852 2908 nomen
2908 2843 3289 2908 OEcumenii
3349 2858 3648 2928 tanquam
3689 2847 3974 2908 auctoris

714 2955 1055 3031 praeﬁxum
1091 2961 1288 3031 gerat.
1343 2951 1718 3036 cujusmodi
1762 2951 2012 3011 nullum
2053 2966 2221 3021 esse,
2254 2947 2438 3009 facile
2471 2949 2752 3027 quisque
2784 2949 2904 3008 sibi
2942 2951 3358 3027 persuaserit,
3399 2968 3544 3012 cum
3591 2968 3803 3027 neque
3841 2953 3974 3012 Do-

725 3052 910 3117 natus
969 3053 1390 3126 Veronensis,
1433 3053 1545 3131 qui
1585 3071 1733 3113 eum
1776 3054 1983 3130 primo
2013 3053 2228 3112 Greece
2248 3051 2477 3122 edidi-t,
2516 3069 2728 3132 neque
2783 3051 3176 3125 Hentenius,
3211 3055 3323 3131 qui
3372 3056 3586 3117 Latine
3619 3057 3973 3132 transtulit,

726 3175 937 3234 "inpie
996 3155 1395 3219 Parisienses
1456 3152 1767 3221 editores,
1817 3151 1929 3230 qui
1987 3152 2201 3209 Grtecc
2240 3149 2594 3234 Latineque
2631 3151 3070 3218 recedendum
3105 3161 3432 3227 curarunt,
3467 3153 3670 3216 ullum
3701 3159 3977 3229 omnino

727 3255 1128 3333 protulerint,
1162 3262 1271 3314 aut
1314 3252 1551 3314 alicubi
1583 3259 1832 3312 exstare
1860 3249 2224 3314 iudicarint.

806 3403 918 3469 XI.
962 3402 1344 3478 Quanquam
1382 3413 1532 3459 vero
1568 3395 2084 3459 Commentarios
2134 3395 2376 3456 codicis
2419 3395 2948 3457 Yindobonensis
2977 3398 3060 3458 ita
3107 3416 3250 3459 cum
3293 3401 3784 3466 OEcumt-nlano
3819 3425 3979 3470 con.-

734 3499 969 3570 reniat,
1006 3507 1072 3560 ut
1111 3500 1280 3558 idem
1328 3492 1992 3574 quoad'substantiam
2028 3494 2242 3556 haberi
2297 3495 2498 3573 possit
2529 3511 2601 3555 ac
2647 3495 2910 3569 debeat;
2937 3499 3088 3575 quia
3121 3507 3330 3560 tamen
3365 3509 3431 3560 et
3465 3501 3718 3566 brevior
3757 3517 3878 3580 est,
3914 3520 3979 3570 et

735 3606 795 3662 in
835 3602 1126 3678 pluribus
1158 3600 1401 3671 dill‘ert,
1433 3608 1625 3678 atque
1657 3599 1848 3659 etiam
1887 3613 2012 3658 non
2048 3613 2269 3674 pauca,
2310 3597 2550 3675 quibus
2598 3607 2772 3659 caret
2807 3598 2940 3672 ille,
2967 3599 3437 3677 complectitur,
3466 3603 3616 3667 ideo
3641 3617 3978 3671 curatores

727 3704 919 3763 istius
951 3702 1262 3762 editionis
1296 3717 1421 3761 non
1457 3709 1524 3760 ut
1555 3707 1759 3760 exstat
1794 3699 1858 3759 in
1888 3698 2274 3760 OEcumenii
2328 3699 2637 3772 editione,
2675 3701 2849 3780 quod
2899 3701 3099 3762 multo
3132 3699 3388 3764 facilius
3437 3705 3571 3766 fieri
3633 3711 3978 3787 potuisset,

728 3806 839 3866 sed
889 3803 1156 3863 omnino
1186 3809 1254 3862 ut
1307 3808 1403 3861 est
1448 3799 1512 3860 in
1546 3800 1768 3860 codice
1820 3798 2308 3861 Vindobonensi
2369 3802 2691 3860 edendum
2747 3803 3198 3865 existimarunt
3235 3828 3249 3866 :
3285 3810 3455 3885 quod
3497 3809 3616 3872 iste
3668 3814 3982 3877 duntaxat

728 3903 1189 3982 'l'lieOpliylacti
1231 3901 1516 3980 pra‘ferat
1553 3917 1822 3973 nomen;
1851 3916 1926 3961 ac
1960 3899 2228 3976 proinde
2260 3917 2405 3976 quae
2428 3900 2493 3959 in
2520 3902 3002 3964 GEcnmeniano
3037 3906 3417 3982 redundant,
3443 3920 3553 3973 aut
3583 3913 3979 4012 discrepant.

730 4009 938 4069 aliena
975 4024 1163 4072 manu
1203 4007 1442 4068 inserta
1482 4003 1685 4071 fuisse
1720 4003 1970 4066 censeri
2007 4002 2280 4082 possint.
2326 4004 2754 4077 Quamobrem
2791 4024 2890 4100 me
2930 4008 3374 4072 Viudobonam
3415 4031 3530 4093 per
3566 4015 3626 4075 id
3662 4002 3982 4096 temporis

730 4109 1220 4171 contendentem
1280 4115 1607 4182 rogarunt,
1665 4112 1735 4165 ut
1786 4108 2087 4168 eumdem
2147 4105 2694 4165 Commentariqu
2744 4123 2778 4166 a
2837 4110 3041 4185 perito
3082 4111 3305 4191 aliquo
3353 4120 3730 4179 amanuensi
3778 4140 3978 4200 quam

731 4210 1211 4274 accm-atissime
1275 4209 1556 4272 exscribi
1613 4226 1929 4282 curarem,
1986 4225 2130 4269 cum
2191 4207 2330 4284 ipse
2386 4206 2610 4268 in'me
2648 4217 2892 4270 tantum
2943 4212 3178 4275 laboris
3230 4219 3560 4295 suscipere
3605 4224 3980 4288 nullatenus

735 4335 1012 4395 pussem.
1049 4320 1137 4378 Eo
1169 4316 1384 4392 itaque
1416 4312 1731 4391 appulsus
1764 4311 1923 4373 nihil
1964 4310 2300 4388 antiquius
2347 4309 2568 4381 habui,
2603 4328 2791 4388 quam
2845 4319 2912 4375 ut
2958 4317 3286 4389 negotium
3336 4321 3502 4380 istud
3546 4322 3978 4390 absolverem,

740 4423 968 4479 verum
1005 4426 1146 4496 post
1184 4419 1392 4480 varius
1442 4416 1962 4494 multiplicesque
1997 4423 2265 4474 conatus
2300 4415 2583 4491 reperire
2642 4427 2923 4493 poteram
2971 4420 3317 4493 neminem,
3366 4425 3477 4502 qui
3511 4435 3568 4485 et
3600 4437 3769 4489 esset
3798 4433 3873 4490 ad
3916 4435 3979 4493 id

733 4523 1036 4592 idoneus,
1069 4530 1128 4580 et
1161 4521 1272 4600 qui
1304 4536 1488 4597 requa
1519 4519 1791 4594 pecunia
1824 4517 2182 4578 conductus
2224 4516 2343 4578 hoc
2366 4535 2534 4579 onus
2566 4517 2631 4577 in
2661 4537 2728 4580 se
2760 4537 3090 4584 assumere
3126 4525 3338 4586 vellet.
3371 4528 3528 4589 Cum
3558 4548 3704 4592 vero
3735 4533 3850 4596 hac
3894 4539 3979 4598 de

732 4638 920 4680 rausa
973 4621 1141 4680 haud
1197 4639 1420 4698 parum
1452 4620 1686 4680 anxius
1743 4619 2082 4691 haererem,
2133 4629 2194 4678 et
2241 4620 2442 4681 ferme
2475 4622 2878 4683 conciderem
2940 4625 3179 4699 animo,
3247 4632 3552 4692 dominus
3609 4636 3686 4696 de
3731 4637 3980 4711 Kollar,

732 4738 923 4797 quem
957 4720 1223 4782 honoris
1260 4737 1448 4781 causa
1487 4719 1776 4791 nomino,
1815 4718 1891 4778 ad
1923 4716 2257 4780 litterariae
2295 4719 2688 4796 reipublicte,
2726 4722 2877 4796 imo,
2917 4727 3090 4803 quod
3127 4740 3186 4787 et
3243 4731 3380 4806 ipse
3408 4733 3640 4808 aiebat,
3676 4737 3984 4801 Ecclesim

737 4825 1143 4892 beneficium,
1187 4825 1466 4886 laborem
1499 4825 1722 4897 istum,
1755 4823 1993 4884 studiis
2024 4824 2170 4883 aliis
2196 4824 2618 4902 gravissimis,
2644 4826 2883 4904 quibus
2915 4830 3346 4909 detinebatur,
3378 4837 3790 4912 intermissis,
3824 4845 3986 4903 sub-

735 4924 827 4984 ire
865 4935 1092 5001 Sponte
1129 4925 1349 4986 voluit.
1412 4927 1616 4998 Quam
1659 4925 1744 4986 ob
1776 4941 2031 4985 causam
2065 4942 2210 4986 cum
2244 4925 2459 4985 cmteri
2493 4940 2717 4986 omnes
2748 4944 3069 4990 sacrarum
3105 4931 3459 4996 litterarum
3503 4939 3780 5002 cultores
3831 4944 3984 5018 plu-

738 5026 967 5086 rimum
1003 5027 1096 5087 illi
1129 5025 1389 5096 debent,
1420 5033 1553 5086 tum
1588 5041 1738 5087 vero
1774 5027 1913 5103 ipse
1945 5044 2044 5088 me
2080 5025 2175 5086 illi
2208 5044 2464 5090 summe
2495 5029 2873 5091 obstrictum
2908 5034 3229 5110 proﬁteor,
3263 5054 3407 5099 cum
3450 5039 3514 5101 in
3562 5045 3682 5103 mei
3709 5061 3982 5124 quoque

736 5131 1002 5204 gratiam
1039 5137 1164 5190 tam
1192 5142 1447 5203 gravem
1476 5127 1835 5189 molestiam
1870 5127 1996 5188 sibi
2049 5129 2309 5189 duxerit
2356 5128 2824 5207 perferendam.
2857 5135 3163 5197 Venetias
3196 5139 3400 5217 igitur
3430 5158 3573 5202 cum
3605 5148 3980 5222 apOgrapho

736 5233 961 5305 redux,
995 5247 1140 5293 cum
1163 5231 1293 5311 jam
1326 5239 1580 5309 tempus
1617 5230 1881 5292 instaret
1905 5229 2088 5290 illius
2118 5231 2788 5310 imprimendi,primo
2819 5235 3082 5310 quidem
3110 5240 3575 5304 Hentenianam
3611 5247 3979 5308 versionem

811 5433 886 5499 (al
923 5431 1190 5506 Quartum
1217 5432 1304 5485 his
1336 5430 1516 5506 simile
1548 5428 1918 5506 testimonium
1954 5443 2039 5482 me
2093 5428 2306 5506 habitu-
2415 5447 2588 5506 pium,
2637 5441 2706 5506 n_t_
2748 5433 3035 5506 certiorem
3079 5434 3257 5490 facere
3315 5451 3400 5490 me
3455 5437 3633 5501 vellet,
3681 5453 3982 5506 quemnam

742 5498 859 5555 rum
904 5501 1190 5574 sperabam
1223 5517 1286 5554 ex
1317 5498 1812 5574 pulilicalmgduui
1841 5498 2162 5574 ltatavuruui
2223 5499 2305 5574 bi-
2415 5500 2708 5574 illiusmodi
2744 5501 3153 5574 Commentarii
3202 5509 3516 5574 praeferrent
3567 5498 3868 5563 auctorem.
3917 5513 3988 5566 At

745 5569 1189 5649 lluitlu-iia-thnrn
1224 5574 1368 5625 enim
1404 5570 1458 5623 in
1501 5569 1623 5649 ejus
1653 5570 1909 5649 tiatalogo
1937 5569 2210 5646 legissem,
2249 5571 2302 5621 in
2416 5571 2506 5649 ille
2535 5571 2927 5649 qunanissimc
2953 5589 3014 5628 ac
3057 5569 3458 5649 promptissime
3483 5580 3782 5649 respondit.
3818 5585 3985 5649 equi-

744 5643 931 5716 iodiee
967 5638 1929 5716 t‘z‘ﬂ,Commentariostdc‘quibus
1957 5639 2171 5716 agiums
2207 5654 2296 5691 re-
2409 5640 2532 5716 dem
2567 5643 2616 5692 in
2645 5643 2817 5716 prima
2853 5643 2999 5698 illius
3031 5638 3235 5699 indicis
3257 5647 3452 5716 pagina
3477 5638 3677 5715 ,ἱρεῖατὶ
3706 5638 3986 5716 ejusniodi

743 5712 936 5777 periri;
971 5713 1149 5790 φετιγὶ
1203 5709 1554 5790 per-"litteras
1585 5709 1654 5760 cl.
1689 5709 2053 5790 Alunt-mnum
2086 5706 2297 5790 Crpno-
2404 5706 2874 5778 Commentarios;
2914 5730 2970 5769 rc
3007 5731 3182 5770 tamen
3220 5706 3354 5788 ipsa.
3373 5719 3424 5772 in
3448 5706 3513 5774 ce
3543 5706 3985 5790 codicc'nrqua-

739 5797 908 5844 \‘lum,
962 5779 1217 5850 rjusdcui
1270 5780 1607 5834 bibliOtlicca:
1667 5779 1946 5832 custodem
1999 5779 2290 5832 nicritissi—
2397 5796 2557 5848 quam
2584 5793 2817 5836 exstare.
