4156 6440
90 442 179 504 ἀει
966 433 1041 492 ΙΝ
1090 431 1526 502 SEQUENTIA
1561 431 1970 492 Tlllitll‘liiL
1992 431 2142 487 ΧΠΙί
2187 431 2526 487 SCIill’l‘A.
3260 432 3364 490 422

93 555 431 628 inquibus
477 566 623 611 cum
663 545 1157 610 OEcumeniano
1197 542 1704 604 Cmnmcntarius
1747 539 2201 600 isteconsontit
2241 538 2814 618 (consentilautem
2845 548 2911 600 ut
2947 540 3350 618 plurimum),

95 657 244 720 inibi
281 655 691 716 retinendam
727 649 1194 712 existimabam.
1237 648 1356 705 Sed
1398 646 1562 706 fat-to
1609 645 1700 705 rei
1763 646 2071 720 periculo,
2133 663 2274 704 rum
2341 645 2422 703 ob
2471 642 2875 720 frequentem
2935 663 3156 706 rerum
3191 647 3366 706 ordi-

95 761 325 834 nisque
363 757 768 821 varietatem,
808 760 998 827 atque
1027 749 1215 808 etiam
1251 749 1334 808 ob
1365 766 1434 805 ea
1467 765 1610 824 «iure
1647 747 1711 806 in
1745 747 2054 807 alterutro
2094 748 2184 804 vv]
2222 746 2650 823 praetermissa
2679 755 2918 820 essent,
2971 747 3070 807 vel
3123 745 3361 815 addita,

95 861 448 936 plurimum
485 856 638 918 mihi
680 851 916 916 laboris
959 869 1030 913 ac
1057 851 1230 913 teadii
1271 850 1690 910 subeundum
1729 849 2038 917 viderem,
2092 864 2161 906 ac
2196 859 2491 922 prieterea
2528 847 2738 906 versio
2777 847 2908 922 ipsa
2962 849 3364 908 llenteniana

96 978 212 1018 non
277 959 439 1018 mihi
501 956 748 1034 ubique
786 953 1198 1031 probaretur.
1247 957 1486 1010 mutato
1534 948 1836 1019 consilio,
1891 966 2117 1008 novam
2172 947 2617 1024 integramque
2669 946 2865 1024 hujus
2909 947 3366 1008 Commentarii

99 1062 466 1119 versionem
533 1057 846 1117 adornare
889 1051 1224 1120 constitui,
1263 1059 1330 1112 ut
1379 1051 1600 1110 saltem
1655 1057 1826 1108 esset
1878 1048 1993 1107 illa
2031 1049 2272 1125 ubique
2309 1046 2429 1106 sibi
2490 1046 2931 1114 consentiens,
2968 1061 3039 1106 ac
3089 1062 3214 1106 non
3255 1062 3366 1123 pro

101 1165 408 1223 varietate
474 1161 751 1239 partium
816 1159 986 1217 varia
1048 1165 1109 1216 et
1175 1155 1362 1234 quasi
1437 1151 1791 1213 versicolor
1863 1162 2218 1227 appareret.
2284 1150 2662 1211 Versionem
2735 1166 3080 1226 aggressus
3157 1149 3367 1210 statim

103 1265 559 1334 animadverti,
629 1261 784 1322 mihi
859 1279 1006 1322 cum
1059 1261 1280 1321 codice
1341 1259 1656 1319 mendoso
1709 1273 1779 1317 ac
1817 1255 2192 1332 frequenter
2250 1255 2474 1316 mutilo
2528 1253 2904 1315 luctandum
2965 1272 3106 1314 esse
3144 1277 3158 1314 :
3191 1257 3364 1332 quod

100 1381 307 1428 tamen
334 1384 577 1428 novum
611 1365 879 1426 minime
896 1366 1150 1437 accidit,
1183 1365 1424 1442 quippe
1459 1363 1569 1440 qui
1599 1362 1728 1442 jam
1756 1363 2011 1426 scirem.
2035 1361 2333 1420 eumdem
2362 1361 2644 1420 codicem
2670 1376 2836 1431 esse,
2861 1376 2933 1418 ex
2959 1373 3089 1437 quo
3115 1357 3369 1417 Sil‘ant's

97 1486 289 1528 suum
329 1469 391 1526 in
437 1473 584 1528 Acta
632 1467 1074 1544 apostolorum
1113 1465 1650 1528 Ccmmentarium
1682 1463 2121 1543 deprompsit;
2156 1471 2501 1541 utrumque
2533 1463 2796 1538 proinde
2828 1461 3073 1522 eisdem
3101 1461 3371 1521 subcs~c

97 1567 460 1629 defectibus
489 1577 812 1644 Oportere.
842 1565 1026 1627 Illius
1057 1564 1563 1642 corruptionem,
1603 1568 1858 1634 menda,
1895 1563 2184 1625 defectus
2218 1562 2506 1642 agnovit,
2559 1561 3019 1639 adnotavitque
3068 1560 3131 1620 in
3201 1574 3369 1618 mar-

98 1672 243 1746 gine
281 1670 431 1745 ipse
468 1669 754 1731 Sifanus.
791 1671 910 1731 Sed
955 1670 1116 1733 illud
1153 1672 1306 1734 mihi
1346 1690 1474 1750 prae
1505 1669 1724 1732 Sifano
1756 1670 2189 1743 commodius,
2226 1665 2567 1747 magisque
2617 1673 3066 1743 Opportunum
3109 1661 3308 1738 obtigi
3350 1699 3366 1725 .

96 1771 266 1847 quod
301 1768 826 1831 Commentarius
860 1772 981 1830 iste
1007 1771 1131 1830 sub
1162 1771 1356 1842 alius,
1411 1787 1642 1848 nempe
1698 1766 2110 1839 OEeumenii,
2168 1767 2450 1834 nomine,
2481 1765 2756 1827 maxima
2805 1763 3028 1824 saltem
3065 1779 3141 1822 ex
3196 1770 3371 1838 parte

96 1873 316 1931 editus
376 1881 553 1934 esset
581 1890 660 1934 ex
693 1873 914 1934 codice
949 1873 1151 1952 magis
1185 1872 1441 1951 integro
1473 1879 1534 1934 et
1560 1873 1940 1942 emendato;
1976 1887 2055 1930 ex
2102 1885 2234 1947 quo
2277 1867 2546 1946 proinde
2590 1867 2974 1948 quamplura
3025 1864 3262 1926 sarcire
3312 1872 3373 1919 ct

99 1976 431 2052 (arrigere
466 1976 621 2036 mihi
662 1975 870 2050 licuit,
901 1977 1148 2055 ingenti
1182 1987 1391 2040 tamen
1429 1988 1489 2038 et
1515 1978 1806 2058 apprime
1853 1975 2126 2038 molesto
2167 1973 2384 2036 labore
2422 1996 2435 2034 :
2473 1989 2616 2034 nam
2659 1988 2795 2032 eam
2830 1970 2912 2032 ob
2954 1986 3209 2030 causam
3239 1967 3374 2029 fre-

98 2080 542 2165 quentissime
571 2097 644 2142 ac
674 2080 876 2144 ferme
903 2090 1220 2161 perpetuo
1251 2081 1524 2143 alterum
1559 2099 1704 2146 cum
1737 2084 1940 2142 altero
1985 2073 2279 2140 conferre
2319 2093 2580 2137 necesse
2607 2074 2751 2136 fuit.
2786 2075 3168 2152 Quanquam
3217 2088 3373 2134 vero

98 2187 299 2245 multa
345 2185 408 2244 in
451 2186 945 2248 OEcumeniano
998 2187 1156 2260 sint,
1188 2204 1334 2265 qua)
1365 2185 1431 2247 in
1468 2185 1956 2247 Vindobonensi
1993 2181 2466 2246 Commentario
2497 2181 2970 2250 desiderantur,
3001 2194 3119 2256 ego
3165 2185 3374 2238 tamen

99 2286 366 2346 nonnisi
403 2303 476 2347 ea
526 2303 673 2364 quae
745 2288 1138 2365 perﬁciendo
1169 2288 1290 2348 mei
1327 2287 1678 2366 apographi
1713 2285 1937 2348 sensui
1974 2285 2103 2344 visa
2134 2291 2284 2344 sunt
2317 2281 2703 2353 necessaria,
2742 2279 2930 2341 verba
2986 2278 3371 2357 plerumque

101 2386 481 2462 desumpsi;
520 2401 747 2464 eaque,
784 2394 852 2447 ut
891 2386 956 2446 in
993 2386 1470 2448 Commentario
1504 2386 1929 2463 prrecedente,
1974 2383 2205 2462 signis,
2252 2383 2442 2462 queis
2485 2381 3076 2461 distinguerentur,
3113 2380 3370 2441 inclusi.

99 2486 558 2547 Correctiunes
614 2485 880 2564 majoris
915 2487 1248 2558 momenti,
1284 2503 1355 2548 ac
1394 2486 1714 2548 variantes
1751 2486 2058 2546 lectiones
2089 2500 2270 2562 mque
2303 2483 2367 2543 in
2412 2481 2554 2556 hoc,
2588 2489 2781 2562 atque
2821 2481 2886 2543 in
2925 2481 3038 2543 illo
3071 2482 3146 2542 ad
3202 2497 3369 2542 nar-

100 2585 320 2660 ginem
388 2584 714 2644 adnotavi.
779 2585 893 2645 Ubi
940 2602 1091 2648 vero
1149 2588 1564 2665 prmpositnm
1608 2586 1850 2647 videris
1897 2586 2017 2647 hoc
2073 2585 2536 2662 compendium
2589 2592 2688 2657 ῖσ.,
2725 2601 2844 2648 seu
2883 2593 3034 2659 ἴσως,
3083 2589 3376 2664 fortasse,

102 2686 271 2746 scias
311 2685 532 2755 velim,
591 2702 664 2747 ea
698 2703 798 2748 me
828 2704 906 2747 ex
957 2687 1093 2750 sola
1127 2688 1487 2766 conjectura
1535 2687 1944 2767 apposuisse.
1986 2685 2216 2746 Menda
2261 2685 2510 2746 notiora
2547 2693 2607 2745 et
2647 2685 2847 2764 magis
2877 2685 3066 2748 obvia
3117 2684 3379 2756 sustuli,

103 2787 287 2847 nulla
322 2788 541 2848 addita
596 2787 1070 2850 admonitione.
1126 2791 1316 2850 Notas
1366 2789 1644 2869 aliquas,
1686 2791 1764 2850 de
1791 2787 2033 2866 quibus
2087 2786 2208 2847 sub
2241 2786 2432 2847 linem
2477 2786 2670 2864 hujus
2715 2785 3118 2848 Prwfationis
3184 2803 3382 2866 pauca

105 2890 342 2955 diram.
377 2891 455 2949 ad
490 2889 725 2952 calcem
761 2890 1136 2969 paginarum
1171 2891 1465 2971 adiunxi.
1520 2892 1733 2952 Codex
1773 2888 2646 2960 Cresareo-Viudobonensis,
2691 2889 2802 2967 qui
2859 2887 3030 2952 hunc
3097 2888 3382 2949 continet

106 2993 687 3067 Commentarium,
740 2995 1112 3058 chartaceus
1163 3006 1257 3059 est
1315 2997 1383 3057 in
1439 2993 1600 3056 folio
1645 2995 1923 3068 minore,
1961 3001 2022 3054 et
2056 2991 2337 3071 eleganti
2369 2992 2659 3071 quidem,
2688 2994 2796 3053 sed
2842 2993 3191 3054 minutiore
3238 2991 3386 3052 cha-

111 3109 356 3160 ractere
394 3109 717 3162 exaratus.
754 3103 803 3161 Α
844 3101 1185 3162 Lambecio
1214 3088 1699 3162 vetustissimus
1735 3115 1805 3160 ac
1846 3099 2419 3176 prwstantissimus
2473 3098 2711 3158 dicitur
2745 3118 2760 3157 :
2794 3097 2907 3159 sed
2944 3097 3100 3160 mihi
3134 3098 3196 3160 in
3233 3116 3384 3161 eum

109 3203 351 3256 attente
385 3195 662 3257 intuenti
697 3214 815 3258 nec
850 3207 1287 3275 pervetustus,
1331 3214 1544 3276 neque
1589 3197 1750 3258 adeo
1805 3205 2107 3273 praestans
2159 3214 2304 3259 esse
2344 3196 2604 3259 videtur
2633 3197 2715 3257 ob
2745 3195 3036 3259 defectus
3081 3200 3387 3278 superius

111 3299 452 3358 iudicatos.
502 3299 575 3360 Et
624 3317 803 3373 sane,
837 3303 1114 3376 tametsi,
1157 3312 1302 3363 nota
1358 3302 1663 3378 temporis
1716 3302 2077 3373 deficiente,
2122 3313 2294 3363 certo
2343 3303 2609 3364 deﬁnire
2653 3319 2778 3363 non
2815 3301 3000 3363 liceat
3043 3321 3169 3383 qua
3205 3311 3388 3367 (etate

109 3398 313 3460 tuerit
349 3410 674 3475 exaratus,
712 3401 1142 3468 nihilominus
1175 3410 1319 3465 ante
1358 3403 1670 3464 sreculum
1704 3421 1816 3463 xiv
1852 3403 1954 3464 vix
1996 3403 2378 3465 crediderim
2405 3421 2552 3464 eum
2581 3401 2785 3464 fuisse
2812 3404 3273 3480 conscriptum.
3316 3406 3388 3466 Μ

118 3509 329 3560 tamen
378 3503 536 3561 satis
598 3501 758 3563 mihi
823 3504 1080 3566 videtur
1124 3505 1201 3567 ad
1256 3504 1721 3567 conciliandam
1766 3504 2141 3566 testimonio
2181 3505 2371 3565 istius
2408 3504 2650 3565 codicis
2701 3502 3142 3566 auctoritatem
3201 3505 3268 3566 in
3309 3521 3390 3566 eo

116 3599 292 3674 quod
327 3597 850 3678 Thaephylactus
894 3601 1268 3665 istiusmodi
1324 3601 1781 3666 Commentarii
1823 3612 2051 3666 auctor
2084 3604 2354 3666 dicatur.
2412 3604 2534 3666 Sed
2561 3620 2692 3682 iam
2742 3604 2820 3666 de
2860 3604 3002 3682 ipso
3042 3605 3391 3668 Commen-

118 3697 274 3758 tario
308 3698 626 3759 nonnulla
658 3700 896 3762 addere
929 3709 1201 3780 praestat.

195 3803 344 3864 XII.
410 3804 495 3876 ls,
540 3821 678 3866 mea
731 3805 998 3885 quidem
1050 3808 1393 3878 sententia,
1458 3808 1615 3870 satis
1679 3809 2022 3888 prmclarus
2078 3817 2198 3869 est.
2256 3808 2623 3874 Litteralem
2680 3810 3063 3890 plerumque
3123 3827 3388 3872 sensum

117 3905 364 3981 optime
405 3902 710 3979 explicat,
745 3911 805 3966 et
836 3905 1174 3968 occasione
1202 3906 1369 3979 data,
1394 3906 1448 3966 si
1473 3923 1598 3986 qua
1617 3906 1897 3968 occurrit
1927 3903 2267 3978 dubitatio,
2296 3915 2660 3984 Opportune
2683 3906 2950 3969 discutit
2980 3909 3392 3985 breviterque

123 4008 416 4068 resolvit.
485 4007 808 4070 Nonnulla
872 4017 1082 4073 tamen
1140 4011 1339 4071 veluti
1391 4019 1721 4080 extranea,
1775 4019 1884 4073 aut
1946 4027 2072 4072 non
2129 4011 2402 4072 omnino
2461 4029 2744 4074 consona
2795 4015 3070 4087 veritati,
3118 4031 3394 4093 qumque

120 4110 462 4171 eruditum
504 4116 1066 4171 commentatorem
1118 4108 1456 4180 dedecent,
1517 4111 1961 4185 reperiuntur.
2016 4111 2135 4172 Sed
2186 4111 2316 4172 haec
2359 4110 2542 4172 scioli
2591 4111 2868 4190 alicujus
2917 4114 3159 4192 adjecta
3203 4131 3396 4175 manu

122 4210 358 4281 fuisse,
406 4208 515 4268 vix
562 4208 812 4270 dubito.
859 4209 1336 4270 Commentario
1390 4207 1514 4269 sub
1561 4210 1943 4270 OEcumenii
2000 4210 2264 4271 nomine
2298 4210 2476 4270 edito
2531 4209 2787 4270 brevior
2837 4210 3220 4289 plerumque
3269 4227 3393 4280 esi,

123 4332 251 4396 quo
284 4314 366 4375 ad
402 4312 866 4392 'l‘beOphylacti
901 4312 1185 4373 indolem
1221 4312 1482 4390 propius
1513 4314 1778 4386 accedit,
1813 4313 2053 4393 quippe
2117 4315 2230 4392 qui
2283 4313 2596 4374 nonnulla
2644 4329 2906 4388 prorsus
2949 4313 3219 4382 omittit;
3271 4309 3396 4373 alia

126 4437 277 4479 vero
342 4415 548 4494 magis
607 4413 924 4476 contrahit
979 4423 1170 4491 atque
1229 4412 1586 4492 restringit.
1631 4415 1836 4487 Quam
1895 4432 2044 4476 vero
2102 4419 2186 4475 ob
2233 4431 2490 4475 causam
2532 4414 2718 4474 verba
2760 4413 2981 4474 sensui
3035 4412 3397 4474 neceSSaria

126 4529 580 4594 saepenumero
612 4514 1010 4585 omittantur,
1049 4513 1300 4590 ignoro.
1344 4512 1512 4574 Illud
1544 4523 1788 4574 certum
1825 4514 2096 4586 videtur,
2145 4533 2270 4576 non
2307 4517 2495 4592 primi
2528 4516 2829 4582 auctoris.
2870 4517 2980 4576 sed
3034 4515 3394 4594 cujuspiam

130 4618 383 4684 librarii
419 4616 609 4692 culpa
642 4615 702 4677 id
732 4615 1044 4675 accidisse
1076 4631 1088 4673 :
1123 4614 1666 4692 quemadmodum
1705 4615 1992 4693 longiora
2025 4619 2318 4694 quasdam
2359 4635 2429 4678 ac
2461 4617 2652 4696 genio
2687 4617 3147 4697 'l‘lu-Ophylacti
3183 4620 3396 4680 minus

130 4731 593 4788 consentanea,
625 4718 704 4776 ab
736 4715 955 4791 aliquo
991 4714 1290 4776 videntur
1324 4716 1592 4775 intrusa.
1629 4718 1897 4778 Nomina
1927 4726 2284 4788 auctorum,
2337 4719 2390 4778 si
2427 4719 2954 4796 Chrysostomum
2987 4730 3046 4780 et
3087 4722 3400 4800 Cyrillum

134 4823 450 4900 excipias,
516 4818 689 4880 nulla
746 4819 1104 4878 all'cruntur
1140 4837 1154 4880 :
1188 4826 1463 4878 attamen
1517 4817 1702 4877 dictis
1754 4835 2040 4879 veterum
2082 4823 2333 4879 Patrum
2397 4818 2776 4897 plerumque
2827 4821 2889 4882 in
2945 4823 3398 4900 compendium

139 4925 413 4988 redactis
456 4923 554 4982 sin
587 4921 820 4991 omnia,
855 4919 1126 4997 plurima
1161 4919 1384 4978 saltem
1415 4918 1476 4977 in
1512 4936 1588 4979 eo
1624 4920 1901 4992 contexi,
1935 4930 2386 4998 argumentum
2425 4930 2541 4993 est,
2576 4923 2744 4999 quod
2783 4922 2940 4982 mihi
2972 4940 3137 4998 saepe
3178 4925 3397 4984 eadem

141 5044 408 5106 prorsus
442 5023 867 5093 OCCUl‘l‘Ct'lttl,
901 5038 1042 5099 qua:
1080 5019 1144 5084 in
1172 5021 1402 5079 Catena
1424 5019 1933 5090 Vindobonensi,
1958 5023 2036 5080 de
2071 5040 2194 5098 qua
2225 5039 2439 5097 supra,
2476 5025 2906 5100 perlegeram;
2939 5023 3228 5100 adeoque
3264 5023 3402 5101 ejus

140 5148 254 5204 ope
285 5123 752 5191 Commentarii
803 5124 994 5201 hujus
1024 5131 1264 5183 textum
1306 5124 1645 5183 emendare
1679 5139 2141 5200 nonnunquam
2182 5125 2353 5200 potui
2403 5145 2418 5183 :
2458 5141 2654 5202 quare
2695 5141 2820 5184 non
2855 5125 3116 5186 omnino
3149 5125 3404 5187 inutilis

143 5250 207 5290 ca
249 5231 489 5287 Catena
529 5222 710 5284 nobis
745 5221 883 5282 fuit.
925 5222 1043 5281 llic
1099 5237 1270 5290 vero,
1321 5232 1665 5300 antequam
1701 5224 1778 5281 de
1816 5222 1932 5281 hoc
1985 5224 2455 5284 Con-nnentario
2514 5223 2759 5302 praefari
2809 5225 3059 5296 desino,
3111 5229 3404 5291 animad-

149 5338 391 5391 vertere
449 5332 725 5404 pra'stat,
787 5325 990 5401 primo
1054 5331 1291 5384 textum
1359 5341 1551 5385 sacrm
1607 5324 1947 5400 Scriptura)
1999 5325 2059 5382 in
2105 5324 2220 5383 hoc
2263 5326 2484 5386 codice
2534 5342 2660 5386 non
2715 5343 2969 5404 semper
3010 5330 3091 5389 ita
3125 5330 3406 5392 divisum

150 5429 611 5504 digestumque
646 5439 811 5491 esse,
851 5430 914 5479 ut
946 5423 1290 5500 Scripturze
1324 5421 1510 5482 verba
1547 5422 1908 5484 immediate
1943 5420 2206 5497 cthipEaI
2246 5423 2564 5499 expositio
2599 5423 3055 5502 'l'beopbylarti
3083 5443 3099 5499 ;
3131 5430 3240 5489 sed
3277 5428 3409 5489 haec

151 5527 504 5606 aliquando
545 5521 863 5600 priecedit,
893 5521 1242 5600 aliquando
1267 5521 1458 5582 simul
1498 5521 1793 5600 prmcedit
1829 5522 2404 5598 subsequiturque.
2437 5523 2863 5595 Quamobrem
2889 5524 3000 5602 qui
3047 5526 3406 5604 t'UjUSlilam

156 5640 356 5691 textus
393 5623 920 5702 exlilanationem
965 5623 1272 5702 exquirit,
1309 5625 1544 5687 nedum
1595 5623 2084 5701 subsequentia,
2132 5625 2244 5682 sed
2289 5633 2348 5681 et
2400 5624 2684 5696 proxime
2727 5625 3169 5685 antecedentia
3218 5625 3406 5704 legat,

157 5748 414 5793 necesse
449 5737 571 5789 est.
606 5726 768 5799 Quia
795 5743 941 5786 vero
972 5727 1032 5786 in
1072 5726 1439 5805 apographo
1483 5742 1626 5786 meo
1653 5728 2043 5804 quandoque
2081 5727 2287 5803 reperi
2325 5727 2798 5802 expositionem
2833 5728 2909 5786 ab
2942 5729 3078 5803 ipso
3113 5735 3286 5787 textu
3327 5729 3408 5788 ita

158 5837 528 5904 cistantem,
565 5840 629 5888 ut
673 5828 772 5888 vix
810 5828 1097 5906 dignosci
1140 5839 1355 5908 posset
1411 5829 1799 5907 quibusnam
1837 5829 2042 5888 verbis
2079 5848 2202 5906 res;
2230 5833 2520 5900 ondeiet,
2560 5830 2706 5890 ideo
2737 5831 2814 5892 ad
2863 5829 3298 5892 ditlicultatem
3333 5833 3409 5892 dc
