4156 6440
749 402 853 462 423
1757 397 2136 455 lt‘leF‘iCII
2191 396 2390 455 FINET

2372 397 2499 455 ’ΠῚ
2560 394 2954 456 PRIBFATIO
3904 395 4013 459 424

751 529 964 569 metm
1001 509 1195 566 tulit-ii
1249 525 1344 563 nu.
1370 510 1641 563 alterum
1669 525 1743 563 cx
1792 513 1887 562 ius
1925 527 1935 580 ι
1967 506 2182 564 raestiti
2222 528 2237 563 :
2282 506 2377 564 vel
2419 506 2634 582 aliqua
2668 505 3013 577 Scripturze
3052 502 3262 575 verba,
3292 501 3508 562 Graeco
3534 511 3708 562 textu
3749 519 4014 578 prorsus

751 624 1010 678 linat-to.
1059 615 1119 671 in
1167 629 1461 668 \'.'I~II)IIL‘
1510 621 1732 668 iterato
1767 612 1988 684 posui;
2029 610 2153 675 vel,
2190 610 2242 666 si
2288 608 2348 665 id
2394 607 2760 668 confusioni
2817 607 3120 665 tollendae
3149 606 3362 664 minus
3410 603 3755 668 sume-cret.
3797 607 4012 684 ipsum

749 728 856 773 sei-
891 725 1089 791 plura:
1122 725 1362 771 textum
1402 711 1529 770 alio
1579 712 1900 776 transtuli,
1946 721 2006 768 et
2055 707 2508 772 Commentarii
2561 711 2782 768 sedem
2837 706 3028 784 paulo
3063 706 3322 768 inverti.
3358 705 3701 766 Confusam
3753 708 3912 767 lianc
3948 719 4012 768 et

750 819 967 874 minus
1016 826 1222 890 aptam
1287 830 1444 871 sa.ri
1500 820 1710 870 textus
1762 812 2250 870 collocationem
2308 810 2534 870 nonin
2591 810 2709 868 line
2760 811 2995 877 solum,
3038 808 3148 866 sed
3203 807 3392 864 etiam
3445 807 3506 864 iii
3550 806 3696 865 aliis
3733 807 4012 866 aliorum

748 929 1154 993 S=‘rlj'li)rUII!.
1191 919 1319 978 inn
1380 926 1437 973 et
1472 914 1930 993 'I'licoplijlacti
1988 915 2483 978 Ctlllllucnlﬂrlls
2531 913 2883 971 identidem
2928 912 3372 971 animadverti.
3423 912 3582 982 Quae
3628 922 4014 988 [ll'i‘PllOSII'I‘a

748 1021 1094 1095 tit>|IOSill0
1143 1037 1217 1078 ex
1251 1035 1329 1077 eo
1391 1027 1524 1077 orta
1578 1016 2054 1092 iidetur,quod
2110 1029 2236 1074 non
2299 1030 2423 1071 suo
2478 1029 2758 1091 quaeque
2818 1013 3019 1072 textui
3079 1011 3368 1088 subjecta
3437 1012 3759 1088 principio
3814 1009 4014 1070 fuerit

748 1123 1104 1195 expositio;
1163 1122 1275 1179 sed
1347 1121 1408 1178 in
1472 1120 1758 1196 margine
1821 1117 2062 1184 latcrali
2119 1115 2199 1174 ab
2257 1116 2631 1175 auctoribus
2689 1117 2789 1175 vel
2849 1115 3311 1176 collectoribus
3366 1115 3572 1190 posita
3612 1114 3938 1173 interdum
3978 1134 4012 1172 e

754 1224 1034 1296 ςιιεςίυιιθ,
1075 1224 1396 1282 interdum
1431 1225 1617 1282 etiam
1663 1220 1966 1288 inferius,
2037 1221 2227 1297 cizjus
2279 1221 2368 1280 rei
2427 1220 2624 1288 multa
2673 1228 3028 1298 supersunt
3092 1226 3426 1294 exempla;
3473 1218 3711 1278 deinde
3765 1233 3915 1278 vero
3981 1237 4011 1276 ει

754 1328 1032 1384 Hii-ariis
1076 1327 1278 1386 textui
1308 1342 1484 1385 sacro
1518 1326 1592 1383 ad
1634 1324 1883 1382 libitum
1920 1323 2014 1383 vel
2053 1341 2128 1383 ex
2163 1321 2482 1399 imperitia
2527 1321 2809 1382 dissecto
2843 1323 3176 1398 supposita
3233 1321 3448 1381 fuerit.
3495 1322 3752 1382 Certum
3786 1322 4014 1382 saltem

751 1429 1032 1495 Videtur,
1081 1445 1244 1495 eam,
1277 1445 1423 1502 quin
1467 1427 1530 1486 in
1565 1426 1842 1486 diversis
1902 1426 2240 1485 codicibus
2280 1425 2474 1496 inest,
2515 1424 2911 1495 varietatem,
2949 1424 3043 1483 vel
3085 1425 3149 1482 in
3203 1439 3332 1483 uno
3379 1425 3742 1502 eodemque
3790 1427 4013 1484 colico

751 1532 1225 1594 confusionem.
1266 1535 1555 1604 potuisse
1588 1544 1665 1587 ex
1702 1527 1819 1585 hoc
1853 1526 2055 1600 capite
2102 1523 2300 1591 oriri;
2339 1533 2407 1582 ut
2462 1522 2680 1583 mirari
2731 1523 3005 1600 proinde
3059 1538 3250 1584 nemo
3280 1520 3533 1592 debeat,
3589 1524 3645 1582 si
3688 1522 3880 1582 aliter
3909 1523 4013 1582 liic

753 1649 941 1711 atque
1001 1636 1063 1693 in
1115 1635 1602 1694 Olicuiucniauo
1652 1631 2130 1691 Commentario
2173 1628 2536 1706 dispositus
2584 1629 2930 1704 Scriptum
2979 1635 3193 1688 textus
3236 1626 3624 1704 divisusque
3660 1635 4014 1687 cernatur:

755 1739 1050 1817 quamvis
1084 1740 1272 1795 etiam
1305 1734 1668 1795 chtenius
1701 1733 1982 1811 aliquam
2020 1735 2105 1793 ibi
2145 1735 2568 1793 mutationem
2605 1733 2950 1805 invexerit,
3000 1741 3067 1792 ut
3100 1731 3392 1808 ipsemet,
3417 1734 3602 1792 allata
3640 1732 4017 1792 mutationis

755 1849 864 1898 rati
900 1855 1021 1907 ine,
1054 1838 1302 1900 fatetur.
1341 1838 1656 1905 Alterum,
1690 1837 1769 1895 de
1802 1852 1934 1912 quo
1967 1836 2293 1894 Lectorem
2327 1835 2772 1906 praemunitum
2804 1833 3022 1900 velim.
3054 1843 3176 1902 est,
3199 1834 3260 1892 in
3286 1833 3506 1892 codice
3526 1833 4016 1894 VindobOnensi

754 1941 969 2015 siiigiil
1005 1956 1034 1996 s
1076 1938 1340 2014 quidem
1403 1936 1707 2011 Epistolis
1746 1935 2272 2011 uniuscujusque
2318 1942 2772 2010 argumentum
2809 1934 3144 2009 praemitti;
3192 1935 3304 1993 sed
3367 1933 3684 2009 Epistolas
3730 1935 3895 2007 ipsas
3953 1945 4016 1995 et

755 2036 1260 2096 Commentarios
1297 2036 1546 2093 illarum
1575 2051 1701 2092 non
1737 2035 2099 2110 interrupto
2158 2033 2268 2093 ﬁlo
2307 2033 2564 2111 absque
2598 2033 3067 2101 versiculorum
3110 2043 3220 2094 aut
3265 2035 3550 2112 capitum
3595 2033 4018 2104 distinctione

755 2152 895 2193 esse
925 2138 1192 2211 digesta.
1254 2134 1394 2193 Haec
1449 2133 1740 2194 addenda
1796 2134 2020 2194 censui
2079 2133 2345 2211 majoris
2396 2137 2717 2202 commodi
2773 2133 2974 2211 gratia
3021 2135 3204 2212 juxta
3236 2143 3610 2194 consuetam
3646 2135 4019 2194 Latinorum

752 2235 1248 2312 tiam-eruntque
1289 2233 1672 2292 numerandi
1709 2232 2047 2292 rationem.
2077 2236 2472 2308 Argumenta
2504 2247 2656 2291 vero
2687 2231 3114 2305 Epistolarum
3139 2230 3368 2292 eodem
3402 2233 3592 2290 modo
3623 2231 3857 2308 reliqui
3883 2246 4022 2310 quo

755 2339 822 2396 in
856 2355 1075 2397 conce
1128 2347 1301 2405 sunt,
1354 2353 1432 2395 ne
1491 2352 1588 2394 me
1615 2334 1852 2413 aliquis
1891 2343 2113 2408 arguat
2149 2335 2574 2406 infidelitatis,
2622 2352 2880 2413 unaque
2925 2334 3127 2396 lector
3159 2343 3484 2411 agnoscat,
3523 2344 3679 2413 quot
3711 2335 3773 2395 in
3813 2339 4023 2410 capita

753 2449 974 2505 auctor
1004 2439 1483 2509 Commentarii,
1514 2438 1610 2499 vel
1647 2438 1816 2497 alius
1848 2439 2226 2516 quicunque
2257 2437 2480 2513 fuerit,
2517 2439 2834 2516 Epistolas
2882 2439 3177 2517 singulas
3236 2440 3441 2499 secari
3494 2439 3776 2500 voluerit
3815 2457 3829 2497 :
3875 2457 4022 2507 nam

760 2543 934 2612 plura
969 2545 1028 2602 in
1064 2558 1448 2619 unaquaque
1483 2548 1815 2600 enumerat
1871 2541 2101 2615 capita,
2133 2557 2327 2618 quam
2383 2540 2748 2603 enumerari
2802 2541 3240 2601 communiter
3299 2539 3565 2600 soleant.
3602 2543 3684 2602 Ea
3735 2542 4024 2620 capitum

756 2643 1182 2713 enumeratio,
1226 2659 1372 2718 qum
1409 2643 1470 2702 in
1499 2641 1784 2700 editione
1815 2641 2325 2713 OEeunieniana,
2359 2644 2704 2704 exhibetur
2739 2644 2932 2703 etiam
2978 2643 3042 2703 in
3074 2643 3594 2704 Commentariis.
3637 2643 3917 2718 Insuper
3943 2644 4024 2704 ad

754 2746 987 2803 calcent
1023 2745 1372 2820 cujus|ibet
1410 2724 1846 2802 commentarii
1885 2751 2138 2802 notatur
2172 2762 2481 2810 numerus
2509 2745 3000 2814 versiculorum,
3028 2760 3194 2820 quos
3236 2745 3518 2820 Epistola
3544 2744 3702 2803 ineo
3729 2747 4026 2821 exposita

756 2844 1222 2903 commentario
1253 2843 1752 2919 complectitur:
1793 2845 1902 2920 qui
1965 2861 2274 2904 numerus
2315 2846 2518 2905 multo
2571 2847 2772 2922 major
2820 2853 2941 2916 est,
2993 2847 3342 2919 praesertim
3407 2844 3472 2903 in
3521 2845 4022 2919 posterioribus:

757 2958 1028 3001 numero
1061 2950 1394 3004 consueto.
1429 2943 1682 3012 Menda,
1723 2961 1867 3020 quae
1903 2944 1966 3003 in
2001 2943 2323 3018 ejusmodi
2359 2962 2664 3006 numeros
2689 2946 2960 3008 fortasse
2991 2947 3420 3022 irrepserunt,
3443 2946 3766 3021 corrigere
3806 2948 4019 3005 nolui.

757 3054 933 3110 ratus
968 3046 1101 3105 ﬁeri
1140 3047 1446 3121 potuisse,
1482 3056 1547 3104 ut
1585 3056 1829 3119 auctor,
1864 3047 2057 3108 sicuti
2095 3048 2278 3122 plura
2311 3050 2543 3126 capita,
2579 3051 2657 3111 ita
2699 3060 2761 3109 et
2788 3053 3006 3128 plures
3028 3048 3420 3110 enumerarit
3459 3046 3840 3122 versiculos,
3879 3049 4019 3110 lice'

758 3148 848 3208 rei
887 3148 1161 3226 hujusce
1193 3164 1448 3210 causam
1483 3164 1744 3209 urorsus
1780 3150 2092 3227 ignorem.
2132 3150 2252 3214 Sed
2285 3153 2364 3210 de
2403 3150 2524 3211 hoc
2555 3167 2750 3230 Opere
2784 3153 2962 3212 satis.

2173 3313 2460 3374 SECTIO
2523 3316 2631 3375 ιν.

1703 3453 1786 3512 De
1829 3455 2112 3513 oratione
2152 3455 2218 3514 in
2261 3454 2709 3523 Aderatiancm
2741 3458 2806 3518 S.
2849 3463 3084 3524 crucis.

843 3577 1013 3636 XIII.
1048 3572 1541 3650 Exegeticorum
1575 3569 2038 3648 TlieOplij-laeti
2073 3587 2348 3648 cperum
2389 3573 2454 3632 in
2492 3575 2646 3633 Novi
2701 3577 3095 3638 'I'estamenti
3137 3579 3553 3658 Scripturam,
3596 3579 3807 3658 quoad
3863 3581 4023 3640 milii

761 3689 1028 3747 constat,
1069 3691 1408 3735 numerum
1453 3672 1693 3731 claudit
1729 3672 2244 3731 Couinientiirius
2296 3674 2362 3733 iu
2411 3675 2733 3750 Epistolas
2781 3678 3160 3744 Calliolicas.
3214 3680 3284 3742 In
3334 3681 3633 3758 sequenti
3694 3680 4027 3744 volumine

762 3788 990 3854 quaito
1022 3776 1184 3834 alios
1215 3775 1502 3851 ejusdem
1536 3774 2039 3834 Commentarios
2084 3774 2144 3831 in
2185 3774 2384 3833 \‘etus
2433 3777 2912 3836 Testamentum
2964 3780 3282 3842 invenies.
3343 3783 3411 3841 In
3462 3783 3579 3841 hoc
3643 3798 3795 3848 vero
3851 3784 4029 3852 varia

764 3874 1224 3950 'Ilieopliylacti
1254 3871 1567 3949 opuscula
1606 3871 2069 3946 subjiciuntur,
2106 3875 2298 3948 queis
2340 3890 2562 3950 magna
2599 3892 2676 3938 ex
2726 3885 2896 3951 parte
2930 3886 3142 3937 tomus
3191 3880 3312 3939 iste
3361 3879 3693 3940 conﬂatur.
3743 3882 4029 3950 Primum

764 3986 854 4034 est
889 3972 1110 4032 Oratio
1145 3976 1210 4030 in
1254 3972 1685 4030 adorationem
1720 3971 1786 4030 S.
1842 3973 2089 4042 crucis;
2119 3990 2266 4050 qute
2293 3974 2558 4050 quidem
2605 3978 2811 4037 oratio
2849 3978 3064 4038 Grece
3119 3981 3471 4059 Latineque
3499 3983 3680 4044 .edita
3726 3981 3846 4042 fuit
3885 3983 4022 4060 jam

766 4079 1014 4152 I-ridem
1047 4093 1077 4132 τι
1114 4073 1488 4132 doctissimo
1518 4071 1853 4132 Societatis
1890 4073 2041 4132 Iesu
2079 4074 2382 4152 tlieologo
2410 4076 2646 4136 Iacobo
2679 4079 3005 4150 Gretseru,
3044 4090 3216 4141 tonio
3239 4087 3530 4143 secundo
3571 4085 3654 4154 De
3690 4087 3754 4144 S.
3808 4104 4022 4145 crure-

765 4179 891 4236 Nos
921 4187 1130 4236 tamen
1164 4182 1407 4234 textum
1442 4174 1732 4232 Graecum
1767 4189 1894 4233 non
1929 4190 2004 4232 ex
2040 4176 2268 4234 eodem
2306 4177 2631 4250 Gretsero,
2677 4179 2790 4237 sed
2827 4198 2907 4238 ex
2942 4180 3160 4240 codice
3202 4182 4025 4245 Casareo-Yindobonensi

765 4279 1152 4351 descriptum
1190 4273 1597 4332 exhibemus.
1634 4273 1833 4336 Suum
1875 4272 1982 4331 iile
2028 4274 2425 4349 deprompsit
2454 4291 2538 4339 ex
2567 4277 2787 4336 codice
2815 4279 3616 4346 Bavarico—Monachieusi.
3655 4286 3773 4344 Sed
3808 4289 4028 4361 quoad

768 4375 1076 4448 colligere
1116 4374 1299 4431 licuit
1336 4389 1411 4429 ex
1445 4381 1737 4430 accurata
1768 4373 2105 4449 utriusque
2139 4383 2351 4433 textus
2387 4375 2756 4444 collatione,
2788 4377 3186 4455 deprehendi
3240 4381 3336 4441 vel
3375 4387 3647 4443 alterum
3696 4403 3770 4444 ex
3822 4387 4031 4446 alteio

768 4477 866 4540 vel
905 4488 1252 4551 utrumque
1287 4489 1530 4549 exuno
1561 4474 1920 4551 eodemque
1954 4477 2173 4534 codice
2203 4474 2409 4536 fuisse
2441 4479 2859 4553 descriptum.
2897 4483 2984 4541 Ita
3018 4482 3192 4543 enim
3228 4487 3621 4545 conveniunt
3656 4486 3818 4546 inter
3849 4506 4026 4560 sese,

768 4595 835 4639 ut
877 4597 952 4638 ne
990 4581 1302 4636 variantes
1339 4578 1602 4653 quidem
1642 4577 1976 4648 lectiones,
2010 4579 2066 4638 si
2103 4596 2317 4650 unam,
2350 4578 2446 4638 vel
2481 4580 2742 4640 alteram
2775 4584 3084 4659 excipias,
3139 4589 3560 4662 suppeditarit
3595 4589 3709 4647 ista
3742 4588 4025 4652 collatio.

768 4687 1083 4758 Quodque
1125 4683 1330 4756 majus
1367 4690 1484 4746 est,
1517 4679 1850 4739 lacunulas
1891 4683 2078 4748 duas,
2121 4699 2398 4759 quarum
2442 4684 2702 4744 alteram
2738 4704 2813 4744 ex
2856 4688 3221 4766 conjectura
3255 4690 3388 4766 ipse
3422 4691 3741 4766 suppleri,
3794 4694 4028 4750 eodem

771 4804 833 4841 III
887 4787 1022 4842 loio
1073 4783 1430 4858 eodemque
1478 4784 1670 4842 modo
1725 4783 1912 4842 habet
1975 4794 2272 4861 uterque.
2337 4787 2716 4847 \‘crsionem
2787 4791 3096 4856 Latinam.
3153 4809 3343 4871 quam
3400 4795 3737 4855 Gretserus
3792 4794 4033 4856 Graecae

773 4891 1006 4962 linguie
1042 4886 1476 4959 peritissimus
1516 4886 1878 4949 adornavit.
1913 4890 2217 4964 subjicio.
2257 4890 2568 4951 Pauculas
2603 4893 2668 4950 in
2722 4895 2844 4953 tine
2887 4895 3201 4955 orationis
3236 4905 3414 4955 notas
3473 4899 3703 4973 adjecit
3754 4897 3894 4966 il3e;
3946 4919 4032 4959 ex

770 4996 1010 5068 quibus
1042 4993 1229 5060 duas,
1265 5005 1407 5065 quae
1433 4988 1710 5066 alicujus
1757 4993 2062 5050 momenti
2101 4992 2253 5052 visae
2293 5005 2469 5064 sunt,
2514 4996 2892 5072 selegimus,
2943 5016 3193 5075 suoque
3239 5000 3302 5059 in
3357 4999 3495 5060 loco
3541 5003 4029 5072 COHOCGViIIIII“,

773 5111 999 5162 nempe
1049 5092 1272 5164 pagina
1305 5089 1440 5151 558.
1480 5091 1604 5148 Nos
1646 5107 1860 5159 unam,
1919 5091 2010 5151 vel
2068 5094 2355 5167 alteram,
2403 5097 2506 5156 cui
2549 5099 2762 5175 aliqua
2815 5119 2864 5158 ci
2894 5102 3108 5159 dicnni
3164 5104 3428 5162 varietas
3472 5120 3687 5163 ansam
3731 5109 4029 5180 piaeliiiit,

769 5197 1162 5254 addidimus.
1198 5194 1508 5252 Creterum
1545 5196 1800 5270 egregia
1835 5206 1931 5255 est
1979 5198 2198 5257 istlitec
2249 5200 2477 5268 oratio,
2534 5211 2597 5260 et
2645 5204 2842 5277 Tlienl
2873 5203 3121 5281 li_rlacto
3163 5209 3436 5266 maxime
3489 5209 3700 5284 digna,
3753 5211 4033 5286 ejusque

772 5299 1030 5375 genium
1059 5312 1128 5355 ac
1159 5297 1428 5372 stylum,
1464 5313 1607 5355 meo
1637 5301 1900 5374 quidem
1932 5301 2206 5374 judicio,
2246 5318 2375 5376 prae
2401 5320 2469 5361 se
2503 5301 2656 5362 fert:
2695 5308 3110 5381 quaint-breui
3145 5309 3315 5368 nulla
3351 5325 3491 5368 esse
3522 5311 3709 5368 debet
3740 5309 3818 5368 de
3850 5311 4034 5371 illius

770 5412 1028 5458 auctore
1058 5399 1373 5475 suspicio.
1410 5398 1622 5456 Medio
1652 5400 2058 5477 Jejiiniorum
2095 5413 2402 5480 tempore,
2466 5415 2532 5465 ut
2584 5424 2663 5468 ex
2694 5410 2834 5485 ejus
2897 5410 3084 5468 titulo
3139 5422 3409 5478 constat.
3473 5412 3680 5472 habita
3733 5423 3850 5481 est,
3925 5417 4035 5475 die

771 5499 1018 5554 salici-t
1047 5496 1266 5572 aliquo
1302 5494 1712 5556 liebdowadae
1743 5512 1988 5573 quartae
2018 5502 2566 5579 Quadiagesiium,
2597 5523 2742 5582 qure
2775 5523 2808 5565 a
2844 5508 3082 5567 Griecis
3118 5516 3534 5581 μεςονὴστιμος,
3571 5509 3758 5572 medii
3788 5514 4036 5592 λελυπἱὶ

776 5610 1060 5665 i-Jcatur,
1092 5597 1242 5673 quia
1274 5614 1504 5672 nempe
1533 5614 1609 5657 ex
1639 5608 1881 5672 septem
1917 5600 2364 5674 hebdomadis,
2403 5606 2904 5680 quasjcjuuium
2940 5608 3505 5684 Quadragesimale
3555 5611 3724 5688 apud
3774 5611 3936 5670 Grzei
3961 5629 4036 5672 iis

774 5702 1214 5777 complectitur
1261 5702 1566 5778 integras,
1605 5712 1826 5779 quarta
1879 5706 2162 5764 medium
2217 5708 2338 5764 sibi
2399 5710 2673 5767 vindicat
2735 5713 2968 5768 locum.
3021 5713 3207 5793 Tota.
3245 5711 3356 5771 hac
3401 5711 3804 5772 -hebdnmada
3869 5730 4028 5772 crux

780 5805 1014 5881 papulo
1034 5805 1349 5868 adoranda
1379 5820 1412 5864 a
1443 5806 1764 5866 sacerdote
1789 5810 2166 5868 solemniter
2194 5810 2558 5871 exhibetur.
2592 5813 2903 5884 Quocirca
2939 5813 3262 5873 Demiuit‘a
3294 5814 3494 5882 tertia,
3523 5831 3642 5891 qua
3672 5813 3968 5890 inseque.
