4156 6440
161 391 264 453 425
1025 389 1103 448 ιΝ
1153 390 1586 461 SEQUENTIA
1628 390 1802 451 ΤΗΕ(

1805 390 2204 453 )PHYLACTI
2240 393 2575 456 SCRIPTA.
3339 391 3446 460 426

164 502 515 564 inchoatur
557 500 978 577 hebdomade,
1022 509 1275 580 Κυριικὴ
1317 508 1805 578 σταυροπροσκυνή

1801 523 1977 579 ισεως,
2023 506 2350 568 Dominica
2392 507 2788 570 adorationis
2846 508 3058 570 cruci:
3117 525 3150 569 a
3209 509 3442 570 Gracis

163 606 430 668 dicitur.
466 606 702 666 Prater
730 606 894 666 hanc
933 604 1394 684 TheOpbylacti
1445 602 1779 665 bomiliam
1814 618 2064 670 exstant
2105 611 2251 672 alia
2292 612 2508 689 plures
2540 619 2620 674 ab
2660 612 3144 692 antiquioribus
3188 613 3448 676 Gracia

163 706 461 768 Patrébus
493 705 728 767 habita
760 708 820 767 in
857 705 972 768 hac
1001 707 1136 784 ipsa
1176 705 1612 780 solemnitate,
1640 723 1802 785 quas
1827 709 2630 798 pralaudatusGretserus
2668 716 3152 778 accuratissime
3189 714 3449 795 collegit

163 810 506 890 ediditque
542 811 607 871 in
640 809 943 887 pradicto
974 827 1171 889 opere
1193 811 1282 871 De
1310 827 1521 873 cruce.
1551 812 1640 870 Ex
1672 809 1914 890 quibus
1943 812 2107 875 illud
2142 817 2367 877 saltem
2397 815 2692 892 cﬂicitur,
2728 820 3013 880 {iracam
3038 834 3185 880 cum
3228 817 3450 880 Latina

163 913 519 975 Ecclesiam
551 913 618 974 in
656 911 777 975 hoc
807 913 1102 991 dogmate
1137 913 1216 974 de
1251 913 1464 974 crucis
1504 912 1882 976 adoratione
1916 933 2031 977 seu
2069 919 2484 981 veneratione
2523 920 2900 998 planissime
2944 923 3344 996 consentire;
3386 931 3452 986 et

163 1014 281 1078 boc
315 1015 735 1094 potissimum
768 1026 891 1091 est,
926 1016 1099 1095 quod
1134 1014 1374 1077 exinde
1411 1015 1673 1093 petitur,
1709 1018 2249 1082 emolumentum.

1598 1191 1884 1253 SECTIO
1931 1196 2002 1255 V.

715 1342 800 1401 De
831 1340 1118 1401 oratione
1151 1339 1216 1400 in
1244 1338 1801 1400 Prascntationcm
1835 1339 1907 1402 Β,
1941 1341 2164 1403 Maria
2223 1341 2499 1421 Virginis
2541 1345 2608 1405 in
2646 1348 2900 1426 templo.

232 1495 409 1557 XIV.
498 1494 862 1555 Orationem
947 1491 1112 1554 hanc
1196 1493 1420 1554 Latine
1495 1492 1776 1555 reddidit
1849 1492 2185 1572 ediditque
2261 1495 2643 1558 Franciscus
2711 1497 3134 1560 Combeﬁsius
3196 1500 3448 1562 ordinis

158 1596 684 1668 Pradicatorum,
722 1610 914 1672 quam
948 1592 1228 1654 inseruit
1257 1592 1663 1657 Bibliothrcw
1690 1610 1824 1656 sua
1856 1595 2347 1658 concionatort'a
2373 1603 2527 1660 tom.
2561 1598 2732 1661 Vill.
2769 1600 2926 1662 Cum
2975 1601 3233 1664 Gracus
3265 1604 3444 1683 ejus-

156 1701 303 1760 dem
336 1707 556 1762 textus
586 1717 667 1762 ex
700 1697 922 1761 codice
956 1697 1368 1759 bibliotheca
1393 1697 1611 1776 Regia
1642 1698 2028 1760 Parisiensis
2058 1699 2425 1778 exscriptus
2469 1701 2538 1762 in
2575 1717 2805 1764 manus
2860 1718 3032 1764 meas
3084 1701 3446 1777 incidisset,

156 1817 301 1862 cum
333 1802 556 1864 Latina
599 1799 963 1864 Combeﬁsii
1001 1798 1300 1862 versione
1352 1798 1650 1861 contuli:
1692 1817 1837 1878 qua
1886 1801 2034 1862 licet
2093 1800 2251 1862 satis
2310 1811 2628 1877 accurata,
2686 1802 2842 1865 mihi
2905 1804 3098 1883 paulo
3156 1805 3292 1866 visa
3352 1813 3450 1867 est

156 1904 540 1981 obscurior;
581 1907 876 1986 adeoque
907 1905 1249 1968 clariorem
1275 1907 1466 1968 aliam
1499 1922 1571 1968 ac
1603 1905 1981 1969 nitidiorem
2019 1906 2270 1970 eﬂicere
2300 1915 2569 1969 conatus
2615 1925 2784 1971 sum.
2817 1909 3005 1985 Quod
3057 1916 3271 1972 utrum
3318 1908 3441 1971 sim

155 2018 525 2085 assecutus,
559 2012 821 2074 illorum
849 2009 1175 2090 judicium
1215 2018 1380 2086 esto,
1413 2014 1524 2093 qui
1548 2011 1840 2076 conferre
1874 2023 2214 2094 utramque
2245 2015 2876 2077 voluerint.lnterim
2899 2033 3043 2079 cum
3078 2016 3160 2078 cl.
3198 2016 3448 2078 Ρνωυίω

157 2115 648 2178 Dissertationi:
684 2123 906 2178 auctor
944 2118 1302 2179 orationem
1347 2117 1510 2181 hanc
1541 2135 1688 2181 cum
1724 2135 1888 2180 nova
1939 2120 2148 2197 ipsius
2180 2120 2481 2183 versione
2535 2121 2972 2183 enuntiaverit
3026 2121 3442 2201 prodituram,

156 2233 323 2289 eam,
361 2218 575 2296 qualis
609 2219 871 2281 demum
900 2236 1158 2299 cunque
1193 2220 1301 2291 sit,
1332 2221 1396 2280 in
1441 2218 1652 2282 lucem
1685 2219 1936 2284 emitto.
1969 2220 2030 2281 Si
2072 2220 2221 2299 quis
2253 2222 2514 2283 alteram
2569 2221 2768 2295 malit,
2824 2223 3190 2300 pratlictam
3259 2223 3447 2284 adeat

157 2317 637 2382 Bibliothecam.
677 2323 994 2383 Versione
1036 2320 1151 2384 bac
1188 2339 1220 2382 a
1253 2339 1355 2383 me
1385 2322 1633 2402 jamdiu
1665 2323 1979 2396 absoluta,
2033 2321 2208 2384 aliud
2267 2324 2558 2403 ejusdem
2613 2323 2939 2386 orationis
2985 2323 3314 2402 exemplar
3364 2341 3443 2385 ex

156 2422 384 2486 codice
419 2424 493 2485 15
525 2424 918 2486 Seldeniano
950 2424 1391 2488 celeberrima
1422 2425 1830 2488 bibliotheca
1863 2426 2231 2488 Bodleiana
2254 2427 2678 2504 descriptum,
2700 2426 2857 2487 mihi
2891 2425 3156 2488 allatum
3191 2427 3444 2488 Oxonio

155 2531 279 2586 est.
324 2524 675 2604 Utramque
712 2524 1054 2588 conferens
1097 2543 1214 2587 sua
1250 2527 1315 2605 in
1350 2536 1627 2605 utroque
1663 2526 1892 2589 menda
1924 2527 2167 2600 detexi,
2207 2535 2399 2606 atque
2441 2534 2715 2589 alterum
2749 2527 2932 2589 alteri
2987 2542 3103 2605 pro
3156 2526 3442 2589 locorum

156 2625 535 2688 diversitate
561 2635 882 2705 prastare.
902 2628 1216 2702 Quamvis
1239 2644 1395 2691 vero
1416 2628 1780 2690 Oxoniensi
1807 2628 2175 2693 Parisiense
2201 2629 2497 2693 nonnihil
2519 2628 2870 2693 concedere
2896 2627 3250 2705 videretur,
3273 2629 3445 2690 nihi-

159 2726 450 2788 lominus
484 2728 560 2788 ad
598 2729 962 2789 Parisieuse
1003 2727 1334 2806 exemplar
1377 2727 1540 2790 hanc
1590 2729 1945 2792 editionem
2005 2731 2266 2809 exigere
2325 2731 2549 2805 malui,
2584 2737 2718 2792 tum
2772 2730 2942 2809 quod
3003 2729 3211 2808 primo
3276 2729 3444 2792 illud

158 2828 387 2891 Latine
411 2828 789 2892 translatum
814 2846 847 2891 a
872 2831 1260 2893 Combetisio
1283 2832 1530 2893 editum
1556 2839 1751 2905 esset,
1777 2840 1912 2893 tum
1936 2833 2110 2912 quod
2143 2851 2222 2894 ex
2249 2832 2389 2908 ipso
2426 2832 2660 2911 pariter
2691 2849 2895 2894 meam
2929 2848 3050 2911 ego
3082 2814 3442 2894 versionem

155 2929 563 2992 elicuissem.
603 2932 1066 2994 Verumtamen
1105 2932 1427 2994 variantes
1459 2932 1704 2994 codicis
1750 2934 2118 2995 Barocciani
2169 2933 2485 2996 lectiones
2518 2933 2820 3014 {quarum
2861 2932 3097 3013 aliqua
3147 2922 3443 2996 dicenda

158 3031 378 3110 potius
403 3038 556 3093 sunt
593 3034 1050 3113 correctiones)
1082 3035 1158 3095 ad
1194 3034 1572 3096 inferiorem
1601 3034 1956 3113 marginem
1988 3020 2494 3114 diligentissime
2528 3025 2863 3108 adnatavi;
2891 3051 3039 3114 qua
3067 3032 3210 3096 loco
3231 3031 3441 3111 ips-ius

155 3134 408 3197 codicis
455 3134 678 3198 haberi
718 3137 948 3198 merito
997 3145 1290 3214 possunt.
1347 3135 1568 3210 Quoad
1607 3137 1810 3214 ipsam
1846 3135 2074 3198 attinet
2123 3138 2508 3211 orationem,
2567 3135 2731 3198 adeo
2795 3145 3097 3213 prastaus
3153 3133 3287 3194 visa
3344 3149 3442 3200 est

156 3233 571 3307 Combeﬁsio,
612 3243 680 3296 ut
713 3252 1004 3300 asserere
1034 3255 1162 3299 non
1203 3237 1536 3310 dubitarit,
1591 3238 2146 3319 Theophylactum
2179 3246 2242 3301 et
2298 3240 2363 3300 in
2402 3238 2517 3299 hac
2565 3237 2854 3299 oratione
2909 3235 3442 3315 sapientissimum

157 3333 445 3395 ostendi:
486 3351 605 3396 nec
636 3335 962 3397 immerito
999 3337 1292 3414 quidem,
1329 3351 1474 3398 cum
1511 3338 1854 3420 multiplex
1891 3337 2306 3414 eloquentia,
2348 3336 2744 3402 eruditionis
2774 3343 2842 3398 et
2874 3335 3216 3398 vividioris
3258 3335 3440 3414 inge~

157 3436 247 3496 nii
283 3438 351 3496 in
384 3451 459 3497 ea
501 3435 722 3497 lumen
765 3436 1091 3515 ell'ulgeat.
1133 3436 1505 3500 Severiores
1553 3447 1763 3502 tamen
1809 3439 2016 3502 critici
2075 3439 2348 3501 fortasse
2397 3453 2524 3500 non
2584 3437 2943 3516 probabunt
2996 3437 3062 3498 in
3109 3452 3212 3510 eo,
3261 3439 3436 3515 quod

154 3544 378 3606 Maria
405 3541 695 3623 Virginis
723 3541 1188 3606 dra-ductionem
1213 3543 1279 3604 in
1317 3543 1654 3622 templum,
1686 3543 1942 3623 aliaque
1973 3544 2079 3606 his
2107 3543 2319 3605 omnia
2348 3542 2648 3604 minutim
2681 3541 2845 3604 adeo
2875 3539 3215 3612 describat,
3246 3556 3320 3602 ac
3377 3542 3433 3601 si

156 3647 435 3710 suismet
463 3645 676 3708 oculis
719 3646 1053 3707 lustr-asset
1081 3645 1324 3708 omnia.
1369 3643 1492 3707 Sed
1526 3644 1713 3707 facile
1751 3644 2048 3722 scriptori
2080 3646 2310 3706 Graco-
2340 3644 2546 3706 danda
2609 3642 2796 3705 venia
2853 3652 2980 3716 est,
3012 3650 3233 3721 utpote
3292 3647 3432 3723 qui,

153 3750 574 3814 traditionem
607 3747 748 3808 suis
782 3747 844 3808 in
891 3747 1268 3824 regionibus
1295 3746 1424 3826 jam
1465 3756 1780 3825 receptam
1825 3755 2114 3822 secutus,
2179 3765 2251 3809 ea
2315 3746 2437 3807 sibi
2499 3746 2715 3809 omnia
2774 3747 3014 3808 nedum
3073 3744 3432 3821 referenda,

154 3852 266 3914 sed
305 3850 500 3911 etiam
534 3847 816 3910 oratorio
854 3847 1030 3924 stylo
1061 3848 1426 3909 exornanda
1480 3851 1747 3927 putavit.
1808 3849 1972 3911 Illud
2003 3858 2173 3911 certe
2245 3849 2311 3910 in
2369 3845 2847 3926 Thoophylacto
2915 3845 3430 3935 suscipiendum,

152 3955 326 4035 quod
374 3969 520 4016 cum
557 3953 751 4028 probe
782 3960 1220 4030 cognosceret,
1275 3952 1427 4030 quid
1489 3953 1898 4028 potissimum
1956 3955 2402 4015 adversaretur
2461 3958 2723 4015 suamet
2779 3949 3122 4013 narrationi
3180 3949 3431 4030 (estqui-

156 4058 319 4121 illud
359 4057 558 4128 idem,
591 4055 768 4135 quod
800 4054 1054 4134 aliquos
1087 4056 1440 4118 recentium
1471 4057 1844 4119 criticorum
1875 4058 1942 4120 in
1980 4060 2360 4120 contrariam
2405 4057 2789 4120 sententiam
2837 4056 3145 4136 impulit),
3172 4063 3432 4118 strenue

155 4159 538 4220 allaboravit
568 4157 633 4219 in
669 4173 747 4218 eo
786 4158 866 4219 de
915 4157 1129 4218 medio
1172 4157 1484 4231 tollendo,
1546 4159 1772 4237 reique
1833 4161 2153 4222 universa
2210 4161 2612 4223 concilianda
2673 4160 3121 4239 probabilitate
3168 4177 3292 4220 :ne
3351 4160 3433 4217 de

154 4260 517 4324 moralibus
555 4259 993 4329 documentis,
1034 4276 1179 4337 qua
1214 4260 1448 4320 exinde
1483 4260 1809 4338 sapienter
1841 4261 2040 4332 elicit,
2080 4262 2266 4324 verba
2304 4261 2551 4324 faciam.

1583 4428 1866 4489 SECTIO
1917 4431 2018 4490 VI.

443 4581 533 4639 Dc
581 4591 888 4659 martyrio
921 4579 1276 4660 quindecim
1305 4590 1654 4658 martyrum
1692 4579 2105 4659 Tiberiopoli,
2141 4580 2490 4659 imperante
2521 4579 2782 4640 Juliano
2820 4580 3149 4658 Apostata.

231 4729 377 4788 XV.
415 4727 565 4786 Hac
602 4724 1067 4803 Theophylacti
1103 4724 1327 4787 Oratio
1370 4725 1488 4804 (sic
1518 4727 1692 4788 enim
1748 4724 1886 4805 ipse
1923 4725 2432 4788 lucubrationem
2470 4725 2652 4786 istam
2699 4725 3002 4805 appellat)
3051 4741 3180 4787 non
3238 4726 3428 4788 modo

154 4831 332 4910 typis
362 4842 603 4888 excusa
642 4825 981 4904 hucusque
1037 4841 1369 4904 nunquam
1415 4825 1562 4899 fuit,
1623 4827 1735 4887 sed
1787 4826 1871 4888 ita
1930 4827 2122 4888 etiam
2168 4823 2332 4902 fugit
2386 4823 2788 4885 eruditorum
2851 4823 3167 4896 notitiam,
3233 4832 3303 4886 ut
3348 4843 3429 4886 ex

152 4934 471 4997 omnibus
502 4931 586 4992 iis
617 4930 729 5008 qui
766 4929 864 4990 vel
905 4931 1048 4991 data
1085 4946 1278 5006 opera
1317 4930 1397 4990 de
1432 4928 1914 5006 TheOphylacto
1949 4930 2220 5008 ejusque
2255 4926 2562 5004 operibus
2608 4926 2947 5003 scripsere,
2998 4925 3190 5005 hujus
3246 4944 3428 4989 men-

152 5041 406 5101 tionem
436 5032 662 5097 fecerit
695 5031 964 5095 omnino
996 5031 1239 5092 nullus.
1283 5032 1365 5091 Ea
1410 5031 1648 5091 Oxonii
1688 5031 1748 5090 in
1784 5029 2200 5091 celeberrima
2239 5026 2624 5088 bibliotheca
2667 5025 3008 5088 Bodleiana
3063 5028 3230 5090 inter
3271 5047 3424 5092 mss.

153 5138 581 5204 Baroccianos
618 5137 849 5196 latebat
880 5134 945 5195 in
979 5134 1202 5195 codice
1234 5133 1346 5212 qui
1381 5133 1548 5195 varia
1584 5133 1707 5195 alia
1749 5141 2080 5194 auctorum
2125 5131 2436 5205 Opuscula
2475 5128 2946 5207 complectitur.
2998 5129 3222 5208 Neque
3278 5148 3424 5189 ναι-ι.

153 5241 340 5303 illius
370 5235 540 5299 forte
572 5233 798 5296 notitia
827 5233 905 5292 ad
938 5247 1054 5294 nos
1097 5233 1498 5312 pervenisset
1535 5249 1842 5310 unquam,
1876 5231 2004 5292 nisi
2044 5230 2390 5292 vehemens
2436 5230 2834 5291 desiderium
2883 5230 3077 5309 hujus
3120 5230 3426 5291 editionis

154 5345 532 5404 curatorum
572 5331 735 5396 nihil
765 5336 1029 5394 omnino
1056 5332 1579 5410 pratermittendi
1628 5333 1800 5410 quod
1834 5331 2381 5410 'l‘chphylactum
2410 5331 2672 5392 haberet
2701 5339 3048 5403 auctorem,
3087 5331 3270 5393 nobis
3306 5333 3424 5394 sti-

156 5443 375 5507 mulos
413 5438 798 5510 addidisset,
832 5443 900 5497 ut
935 5436 1105 5498 inter
1134 5435 1292 5496 alios
1316 5437 1505 5497 etiam
1540 5436 1911 5513 Catatogum
1937 5434 2244 5495 librorum
2271 5453 2417 5496 mss.
2452 5434 2692 5512 Anglia:
2724 5443 2780 5492 et
2811 5434 3155 5510 Hiberniae,
3188 5437 3427 5497 Oxonii

152 5548 408 5610 editum
447 5557 553 5601 an.
588 5537 743 5600 1697
784 5539 850 5599 in
878 5537 1053 5599 hunc
1077 5538 1274 5599 tinem
1319 5537 1793 5600 evolveremus.
1832 5539 1898 5598 In
1935 5539 2053 5600 hoc
2088 5537 2303 5614 itaque
2360 5537 2806 5598 incumbentes
2866 5536 3217 5598 incidimus
3280 5555 3420 5616 pag.

146 5651 246 5720 ‘28,
281 5657 445 5707 tom.
481 5644 530 5716 1,
568 5658 747 5702 num.
785 5641 920 5711 197,
955 5639 1019 5700 in
1068 5639 1439 5720 hujusmodi
1478 5639 1770 5700 titulum:
1818 5639 2202 5716 Martyrium
2233 5638 2340 5697 XV
2381 5644 2731 5713 martyrum
2767 5634 2878 5695 sub
2911 5633 3171 5697 Juliano
3227 5641 3426 5717 impe-

148 5762 389 5823 ratore,
425 5755 687 5808 auctore
727 5743 1208 5824 Thcophylacto.
1246 5746 1375 5805 Hac
1410 5744 1490 5806 de
1524 5761 1589 5805 re
1623 5744 1853 5805 certior
1887 5744 2088 5803 factus
2127 5741 2320 5818 hujus
2367 5738 2675 5800 editionis
2719 5736 2932 5801 fautor
2979 5757 3269 5801 summus
3325 5739 3426 5820 (de.

152 5875 280 5938 quo
315 5850 642 5918 nonnulla
701 5850 898 5910 babes
939 5851 1002 5909 in
1053 5849 1291 5909 Pravia
1334 5851 1690 5921 Dissertat.,
1746 5867 1921 5910 num.
1971 5848 2102 5914 104)
2159 5861 2269 5922 pro
2330 5844 2571 5905 eximio
2610 5859 2728 5903 suo
2791 5843 2853 5903 in
2914 5859 3120 5902 sacras
3185 5844 3424 5907 litteras

491 5955 763 6014 ΡΑΤιωι..
813 5951 931 6011 (in.
975 5951 1210 6012 CXXV.

2996 5944 3064 6002 li
