4156 6440
726 397 834 460 427
1792 398 2175 458 BONIFACII
2221 397 2527 458 FINETTI
2571 397 2967 457 PREFATIO
3898 398 4005 461 428

730 513 973 587 studio,
1012 515 1170 577 nihil
1206 516 1635 577 cunctandum
1671 526 1765 577 est
1797 524 1994 586 ratus,
2032 514 2193 593 quin
2228 531 2338 591 per
2372 515 2689 575 Venetum
2721 516 3087 592 ablegatum
3129 514 3203 574 ad
3263 530 3478 592 regem
3531 516 3782 593 Anglia:
3836 516 3998 580 illud

729 616 1228 677 exscribendum
1262 627 1535 679 curaret.
1573 617 2052 677 'l'ransmissum
2093 616 2349 675 Oxonio
2387 617 2825 693 apographum
2866 615 3025 675 mihi
3078 615 3383 676 traditum
3442 622 3537 675 est
3585 617 3807 678 Latine
3864 636 4007 679 ver-

729 718 1234 793 tendum;quod
1270 719 1531 799 quidem
1590 717 1885 796 pluribus
1915 718 1994 778 de
2049 716 2264 776 causis
2329 725 2578 793 gratum
2650 714 2995 795 fuit:quia
3052 716 3301 777 scrlicet
3358 724 3418 777 et
3475 718 4005 795 praastantissino

726 821 1005 882 senatori
1039 839 1171 883 rem
1199 830 1434 901 gratam
1470 838 1571 882 me
1599 838 1744 883 esse
1781 819 2099 881 iacturum
2138 816 2605 896 intelligerent;
2636 825 2696 879 et
2742 816 3159 899 benemeritis
3212 818 3523 880 editionis
3577 818 3769 897 hujus
3820 837 4008 881 cura-

726 922 975 984 toribus
1008 921 1289 983 ofﬁcium
1316 922 1434 983 hoc
1458 920 1867 993 exhiberem;
1896 936 1965 980 ac
1996 918 2283 999 denique
2312 918 2859 998 qualemcumque
2895 917 3175 980 laborem
3197 934 3590 997 Operamque
3624 935 3824 981 meam
3858 928 4001 981 stu-

725 1024 928 1084 diusis
958 1039 1277 1084 sacrarum
1312 1022 1665 1085 litterarum
1695 1020 2267 1083 accommodarem.
2292 1020 2367 1079 Ut
2390 1034 2544 1081 vero
2576 1019 2859 1097 primum
2892 1018 3115 1080 oculos
3140 1020 3206 1081 in
3241 1021 3681 1098 apographum
3716 1024 4000 1101 conjeci,

722 1128 844 1187 fuit
876 1128 1182 1205 equidem
1216 1128 1389 1207 quod
1430 1126 1653 1205 majori
1694 1142 1796 1187 me
1836 1122 2112 1185 afﬁceret
2151 1121 2502 1203 vo!uptate,
2551 1123 2859 1183 nimirum
2908 1121 3102 1201 hujus
3151 1122 3451 1200 Opusculi
3517 1124 3764 1184 utilitas
3806 1131 4003 1203 atque

722 1236 1117 1312 praestantia;
1152 1237 1262 1296 sed
1300 1235 1424 1297 fuit
1465 1234 1683 1307 etiam,
1716 1236 1890 1313 quod
1924 1232 2083 1295 mihi
2120 1232 2474 1311 plurimum
2510 1234 2905 1313 diSpliceret,
2946 1252 3178 1314 nempe
3224 1252 3474 1297 summa
3522 1231 3869 1314 apographi
3931 1248 4004 1292 ac

723 1352 885 1411 pene
915 1336 1313 1419 incredibilis
1342 1335 1678 1398 vitiositas.
1714 1336 1836 1397 Sed
1869 1335 1948 1398 de
1996 1335 2109 1397 hac
2142 1337 2499 1413 posteriore
2538 1336 2733 1408 alias;
2768 1354 2940 1398 nunc
2976 1339 3076 1414 [de
3127 1338 3360 1415 priore.
3411 1338 3739 1400 Orationis
3802 1335 4001 1415 hujus

722 1442 1148 1517 praestantiam
1184 1440 1655 1517 utilitatemque
1691 1456 1904 1513 nemo,
1945 1448 2015 1503 ut
2058 1440 2356 1515 arbitror,
2396 1440 2811 1513 inﬁciabitur,
2865 1443 2976 1520 qui
3017 1452 3427 1521 perspectum
3460 1442 4000 1521 exploratumque

722 1544 947 1605 habeat
978 1542 1158 1604 illius
1197 1552 1649 1621 argumentum
1682 1555 1744 1603 et
1780 1559 1910 1604 rem
1953 1542 2018 1602 in
2052 1544 2193 1619 ipso
2232 1550 2619 1605 contentam.
2654 1534 2894 1621 Nempe
2927 1542 3215 1604 continet
3242 1543 3576 1604 historiam
3610 1541 3765 1602 satis
3810 1538 3997 1616 igno-

722 1658 845 1709 tam
879 1647 1167 1727 martyrii
1199 1648 1572 1727 quindecim
1610 1654 1984 1726 martyrum,
2017 1648 2128 1724 qui
2170 1647 2289 1707 sub
2326 1647 2587 1709 Juliano
2627 1647 3018 1725 imperatore
3055 1655 3340 1726 apostata
3388 1646 3791 1724 TiberiOpoli
3842 1664 3995 1709 san-

722 1750 984 1829 guinem
1015 1749 1321 1811 fuderunt
1363 1764 1475 1827 pro
1508 1748 1792 1809 Christo:
1828 1754 1963 1807 tum
1998 1746 2260 1809 illorum
2302 1763 2647 1826 corporum
2685 1747 3387 1830 translationemjussu
3420 1750 3778 1818 Michaelis,
3809 1747 3998 1826 prin.i

719 1850 1140 1929 Bulgarorum
1178 1848 1350 1928 regis
1385 1847 1759 1921 Christiani,
1797 1856 2146 1925 peractam;
2180 1848 2418 1910 deinde
2457 1849 2631 1911 varia
2664 1866 2733 1912 ac
2770 1867 3031 1928 prorsus
3084 1852 3362 1931 insignia
3418 1870 3563 1915 cum
3616 1863 3787 1926 ante,
3861 1864 3997 1915 tum

720 1964 861 2031 post
894 1952 1379 2015 translationem
1410 1951 1583 2013 illam
1618 1968 1650 2012 a
1684 1954 1817 2013 Deo
1852 1959 2089 2029 patrata
2121 1954 2499 2015 eorumdem
2531 1962 2885 2033 martyrum
2920 1956 3418 2030 intercessione,
3460 1959 3793 2021 miracula.
3828 1959 3998 2020 Huic

722 2075 873 2121 vero
903 2058 1255 2120 narrationi
1291 2056 1771 2136 prmmittuntur
1799 2056 2017 2135 aliqua
2052 2057 2131 2117 de.
2166 2058 2546 2120 Christianae
2578 2057 2723 2119 ﬁdei
2769 2059 3099 2137 triumpho
3148 2060 3271 2121 sub
3308 2062 3731 2123 Constantino
3784 2063 3869 2124 Μ.
3936 2071 3998 2123 et

720 2161 867 2223 filiis
906 2160 1085 2221 illius
1119 2160 1359 2222 tribus:
1396 2160 1508 2221 sed
1538 2157 1739 2219 multo
1765 2158 1949 2237 plura
1985 2169 2323 2221 narrantur
2359 2160 2437 2221 de
2475 2160 2557 2220 iis
2607 2179 2751 2240 qum
2783 2160 3043 2222 Juliano
3087 2164 3389 2239 Apostata
3440 2165 3793 2241 imperante
3856 2183 4000 2243 per-

724 2262 895 2339 pessi
924 2271 1075 2325 sunt
1107 2263 1343 2325 Christi
1374 2260 1618 2324 ﬁdeles.
1657 2262 1813 2335 Qum
1846 2262 2111 2340 quidem
2144 2262 2359 2323 omnia
2418 2279 2496 2323 ex
2548 2263 2833 2325 historias
2888 2263 3340 2327 ecclesiasticae.
3398 2283 3568 2345 penu
3620 2267 3997 2345 deprompta

720 2366 889 2428 haud
921 2369 1329 2442 inconcinne,
1362 2368 1696 2448 cujusdam
1734 2369 2023 2447 prommii
2066 2368 2228 2440 loco,
2269 2366 2375 2429 hic
2404 2368 2819 2442 exhibentur,
2856 2377 2917 2430 et
2949 2369 3491 2447 quemadmodum
3534 2372 3673 2447 ipse
3708 2370 3998 2450 loquitur

720 2467 1265 2546 'l‘heOphylactus,
1300 2474 1370 2528 ut
1408 2466 1541 2528 haec
1574 2465 1797 2527 Oratio
1838 2474 2026 2546 caput
2059 2465 2335 2539 haberet,
2378 2475 2435 2526 et
2465 2476 2619 2526 esset
2651 2466 2940 2527 membris
2989 2468 3273 2528 omnibus
3326 2471 3631 2546 per/ecta.
3687 2472 3996 2533 Praeterea

720 2572 963 2631 texitur
996 2571 1180 2649 longa
1218 2570 1489 2631 narratio
1520 2568 1597 2629 de
1626 2568 2001 2629 Cinamonis
2049 2566 2388 2647 cujusdam
2435 2564 2988 2643 AdrianOpolitani
3030 2583 3063 2627 a
3097 2566 3389 2644 Bulgaris
3442 2569 3509 2629 in
3562 2571 3997 2648 captivitatem

717 2672 975 2734 abducti
1008 2672 1244 2733 invicta
1278 2672 1343 2731 in
1383 2670 1502 2730 (ide
1535 2668 1931 2740 constantia;
1965 2667 2177 2745 deque
2219 2666 2561 2739 Enrabota,
2598 2665 2913 2744 Bulgarici
2972 2666 3143 2744 regis
3199 2664 3418 2741 fratre,
3467 2686 3659 2745 Opera
3702 2670 3999 2749 ejusdem

718 2774 1088 2837 Cinamonis
1120 2772 1194 2836 ad
1238 2772 1427 2834 ﬁdem
1464 2786 1801 2843 converso,
1836 2769 2146 2848 obitoque
2183 2786 2299 2847 pro
2331 2770 2554 2831 eadem
2591 2769 2712 2831 ﬁde
2764 2769 3099 2848 martyrio.
3157 2773 3222 2831 ln
3278 2771 3395 2833 hac
3450 2774 3649 2851 igitur
3704 2777 3999 2837 oratione

717 2881 1132 2943 continentur
1168 2894 1364 2956 pauca
1397 2874 1686 2955 quidem,
1730 2872 1841 2934 sed
1889 2873 2154 2951 plurimi
2210 2872 2502 2935 facienda
2556 2873 3004 2935 ecclesiasticae
3057 2871 3347 2936 historias
3413 2882 3855 2953 monumenta,
3918 2880 3994 2941 ad

718 3000 907 3063 quam
945 2981 1211 3043 maxime
1249 2981 1545 3057 peitinet,
1580 2988 1711 3042 acta
1736 2983 1841 3043 SS.
1877 2990 2250 3059 martyrum,
2284 2977 2539 3057 aliaque
2573 2996 2716 3041 cum
2754 2976 2837 3038 iis
2869 2997 3186 3056 connexa,
3222 2986 3628 3057 posterorum
3664 2984 4001 3045 memoria:

716 3086 1188 3149 commendare.
1234 3086 1405 3159 Quid
1443 3101 1617 3158 vero,
1655 3084 1707 3145 si
1765 3085 2046 3163 profanae
2095 3085 2287 3146 etiam
2345 3083 2637 3145 historiaa
2690 3086 3023 3165 quidpiam
3083 3085 3193 3147 illa
3251 3084 3470 3147 afferat
3529 3085 4000 3148 emolumenti?

716 3194 907 3271 Atqui
948 3189 1258 3253 nonnulla
1300 3189 1588 3266 reperies
1621 3187 1687 3248 in
1720 3203 1792 3248 ea
1823 3187 1901 3247 de
1932 3186 2249 3265 Bulgariaa
2279 3185 2570 3265 regibus,
2605 3203 2749 3265 quae
2783 3186 2936 3247 alibi
2969 3186 3205 3249 frustra
3236 3188 3600 3267 perquiras.
3639 3188 3777 3250 Alia
3813 3207 3997 3255 vero.

714 3296 902 3372 queis
935 3291 1292 3354 conﬁrmari
1326 3288 1735 3351 emendarive
1772 3296 2045 3367 possunt
2078 3288 2171 3367 (ut
2203 3304 2281 3349 ex
2326 3286 2635 3365 subjectis
2669 3288 2839 3349 notis
2895 3289 3237 3368 constabit)
3298 3306 3443 3367 qua;
3496 3288 3574 3349 ab
3622 3290 3768 3350 aliis
3810 3290 3995 3352 dicta

713 3404 931 3461 fuere:
969 3397 1404 3474 proiudejure
1431 3411 1503 3456 ac
1536 3394 1764 3456 merito
1797 3394 2040 3454 dictum
2072 3409 2107 3452 a
2145 3391 2465 3471 principio
2496 3393 2604 3464 sit,
2641 3391 3014 3471 hujusmodi
3055 3392 3446 3470 opusculum
3493 3392 3649 3453 satis
3708 3393 3865 3455 utile
3926 3410 3999 3455 ac

716 3509 1021 3577 priestans
1050 3514 1220 3567 esse,
1252 3496 1658 3575 dignumque
1696 3502 1763 3556 ut
1797 3494 2053 3556 tandem
2099 3492 2451 3571 aliquando
2484 3492 2815 3553 emittatur
2856 3492 2925 3552 in
2961 3494 3193 3553 lucem.

797 3605 967 3664 XVI.
1006 3600 1583 3663 Verumenimvero
1630 3598 1797 3659 haud
1851 3597 2267 3659 mediocriter
2310 3595 2491 3657 illius
2554 3596 2961 3655 decresceret
3005 3593 3307 3671 pretium,
3342 3596 3396 3654 si
3431 3594 3529 3655 vel
3564 3594 3643 3656 de
3698 3600 3996 3674 genuino

714 3710 1005 3786 ejusdem
1040 3711 1322 3776 auctore,
1356 3702 1451 3763 vel
1486 3702 1564 3762 de
1613 3701 1899 3763 historiae
1930 3717 2123 3781 quam
2156 3700 2444 3763 continet
2498 3700 2761 3762 veritate
2786 3699 2933 3777 jure
2960 3697 3193 3774 ambigi
3232 3706 3471 3775 posset.
3510 3700 3587 3758 At
3654 3711 3995 3776 neutrum,

719 3815 783 3867 ut
826 3806 979 3867 mihi
1012 3804 1273 3885 quidem
1336 3802 1617 3876 videtur,
1683 3802 1748 3862 in
1798 3801 2071 3863 dubium
2128 3800 2277 3878 quis
2310 3800 2731 3862 revocaverit.
2768 3800 2907 3859 Non
2961 3799 3282 3876 primum;
3320 3798 3473 3876 quia
3510 3799 3737 3870 codex,
3795 3821 3996 3881 quem

715 3925 903 3985 supra
934 3907 1361 3975 laudavimus,
1386 3902 1889 3982 'l'heophylacto,
1925 3903 2239 3983 Bulgariaa
2270 3901 2781 3980 archiepisc0p0,
2809 3902 3051 3961 diserte
3074 3898 3235 3960 illud
3272 3900 3531 3960 ascribit
3566 3922 3580 3960 :
3618 3918 3827 3980 neque
3860 3904 3997 3965 haec

715 4012 1064 4091 epigraphe
1104 4011 1248 4072 aliis
1284 4008 1619 4070 codicibus
1664 4006 2115 4083 redarguitur;
2176 4008 2306 4069 imo
2340 4006 2559 4069 nullus
2616 4006 2886 4069 omnino
2921 4012 3016 4067 est
3046 4006 3243 4084 (quod
3294 4006 3481 4066 nobis
3516 4006 3837 4085 innotuit)
3873 4011 3995 4087 qui

717 4118 1008 4181 eamdem
1059 4114 1413 4177 orationem
1480 4111 1802 4172 exhibeat.
1857 4114 2081 4190 Neque
2114 4126 2267 4173 vero
2318 4108 2491 4188 quod
2527 4108 2591 4168 in
2652 4108 2846 4169 unico
2878 4117 3126 4169 exstare
3160 4108 3377 4169 codice
3441 4112 3993 4188 deprehendatur,

722 4218 1009 4297 prudens
1054 4215 1132 4274 de
1196 4212 1374 4272 illius
1406 4218 1667 4271 auctore
1705 4208 1975 4271 dubium
2030 4208 2329 4287 ingerere
2360 4206 2664 4285 cuiquam
2698 4205 2924 4279 debet;
2967 4223 3113 4267 cum
3158 4206 3345 4283 plane
3398 4218 3669 4285 constet,
3698 4211 3993 4289 plurium

712 4328 1047 4383 auctorum
1079 4332 1272 4395 Opera
1312 4332 1440 4375 uno
1471 4314 1689 4375 codice
1728 4310 1935 4374 fuisse
1967 4319 2250 4380 servata;
2278 4311 2438 4390 quin
2488 4319 2696 4371 tamen
2731 4310 2794 4369 in
2831 4309 3103 4369 dubium
3137 4316 3438 4371 revocent
3477 4312 3719 4373 eruditi
3751 4332 3827 4375 an
3863 4332 3994 4375 au-

712 4421 909 4484 ctoris
937 4420 1112 4479 illius
1139 4419 1222 4479 sit
1246 4435 1435 4495 quem
1463 4417 1661 4477 codex
1691 4419 1827 4491 ipse
1850 4432 1978 4493 pra}
1994 4431 2062 4474 se
2085 4412 2321 4475 fert.Et
2344 4429 2425 4473 ne
2444 4411 2742 4488 abipsius
2762 4410 3223 4490 'l‘heOphyIacti
3256 4412 3565 4488 operibus
3584 4417 3993 4477 recedamus.

716 4522 977 4584 unicum
1040 4516 1213 4596 quod
1276 4515 1494 4587 sciam,
1565 4514 1626 4574 in
1666 4511 2055 4573 bibliotheca
2117 4508 2904 4589 Bavarico-Monachiensi
2959 4510 3529 4589 exstatexemplar
3588 4514 3885 4576 ,Encomii
3922 4520 3995 4579 in

711 4627 1006 4687 Alexium
1058 4622 1435 4682 Comnenum
1493 4620 1942 4691 imperatorem
1981 4641 1993 4678 :
2042 4618 2442 4695 unicumque
2486 4614 2757 4678 fortasse
2791 4616 2852 4678 in
2890 4614 3277 4678 bibliotheca
3308 4618 3993 4685 Cmsareo-Vindoho-

716 4728 901 4791 nensi
936 4728 1106 4807 (nam
1148 4723 1319 4802 quod
1369 4721 1545 4783 aliud
1578 4721 1642 4781 in
1677 4720 2068 4783 Scorialensi
2096 4719 2556 4797 Hispaniarum
2586 4719 2755 4798 regis
2780 4718 3169 4780 bibliotheca
3202 4728 3495 4781 servetur
3525 4727 3880 4799 exemplar,
3924 4740 3993 4787 ut

717 4830 919 4908 aliqui
955 4830 1191 4898 ferunt,
1218 4822 1404 4884 nobis
1454 4820 1795 4900 incertum)
1832 4821 2126 4899 ejusdem
2164 4820 2228 4879 in
2275 4817 2599 4896 Epistolas
2634 4816 2994 4879 Catholicas
3035 4820 3520 4881 Commentarii.
3556 4823 3638 4881 Ex
3672 4824 3791 4883 alia
3830 4845 3994 4889 vero

717 4942 892 5012 parte
928 4932 1086 4995 nihil
1146 4937 1266 4993 hoc
1300 4930 1362 4991 in
1404 4944 1707 4990 sermone
1743 4927 2004 5003 legitur,
2060 4924 2232 5005 quod
2293 4928 2536 4985 auctori
2574 4923 3057 5001 'l‘heOphylacto
3094 4942 3219 4986 non
3275 4935 3604 5006 congruat.
3645 4932 3988 5010 Quidquid

714 5042 881 5101 ineo
911 5046 1223 5110 narratur,
1261 5034 1583 5115 praecessit
1618 5050 1769 5093 sane
1810 5038 2057 5092 aetatem
2088 5029 2321 5107 ipsius.
2358 5028 2607 5106 Stylum
2643 5028 2876 5106 pariter
2915 5045 2946 5089 a
2974 5030 3434 5110 'l‘heOphylacti
3495 5036 3687 5111 genio
3728 5054 3989 5115 nequa-

716 5157 907 5219 quam
945 5137 1280 5209 abludere,
1316 5149 1529 5204 nemo,
1567 5144 1633 5193 ut
1666 5130 1961 5198 arbitror,
1997 5127 2244 5189 inficias
2274 5125 2487 5201 iverit,
2519 5128 2632 5203 qui
2690 5126 2755 5185 in
2792 5125 3083 5204 legendis
3123 5129 3401 5189 auctoris
3435 5129 3634 5209 hujus
3666 5136 3988 5211 operibus

718 5246 1029 5323 tantisper
1082 5247 1372 5303 versatus
1427 5240 1530 5301 sit.
1598 5236 1846 5315 Duplex
1898 5236 2072 5297 enim
2122 5232 2356 5315 (quoad
2418 5232 2813 5309 comperisse
2873 5232 3025 5292 mihi
3090 5233 3338 5312 videor)
3372 5235 3433 5295 in
3469 5220 3545 5297 eo
3586 5238 3733 5315 styli
3769 5257 3989 5318 genus

716 5344 1068 5407 occurrit:
1141 5341 1459 5413 alterum,
1543 5354 1671 5416 quo
1761 5350 1918 5398 usus
1994 5341 2089 5396 est
2182 5335 2248 5393 in
2330 5333 2801 5410 Scripturarum
2880 5333 3370 5395 Commentariis
3449 5338 3990 5417 conscribendis;

717 5447 1014 5520 alterum,
1106 5460 1236 5523 quo
1324 5439 1673 5519 epistolas,
1765 5447 1826 5499 et
1909 5435 2256 5515 peculiaria
2312 5435 2619 5514 quzedam
2686 5437 3050 5511 upuscula,
3109 5436 3247 5499 sive
3314 5455 3646 5501 sermones
3738 5447 3994 5509 oratio-

717 5563 963 5625 nesque
1054 5542 1346 5623 digessit.
1450 5542 1519 5601 In
1604 5540 1684 5601 iis
1766 5539 2095 5617 prioribus
2189 5538 2601 5615 perﬁciendis
2685 5537 3009 5616 pellucido
3086 5539 3594 5621 planissimoque
3657 5562 3815 5606 usus
3884 5560 3992 5611 est

714 5649 919 5730 slylo;
1004 5663 1119 5707 seu
1184 5643 1359 5723 quod
1442 5643 1508 5704 in
1582 5659 1659 5703 eo
1726 5641 2049 5702 scribendi
2126 5657 2360 5718 genere
2444 5638 2615 5700 hunc
2681 5640 2927 5699 cmteris
2988 5641 3481 5703 anteferendum
3546 5644 3989 5726 existimaret;

714 5768 830 5813 seu
892 5748 1064 5827 quod
1142 5746 1443 5819 aliorum,
1492 5759 1767 5823 querum
1833 5744 2337 5803 Commentarios
2412 5742 2475 5802 in
2527 5741 2982 5819 compendium
3044 5743 3404 5821 redigeret,
3498 5762 3567 5806 ac
3624 5753 3991 5824 praesertim

712 5852 1212 5933 .Chrysostomi,
1292 5846 1673 5927 plerumque
1785 5845 1973 5906 verba
2070 5846 2416 5922 usurparit.
2501 5844 2810 5915 Quocirca
2885 5860 2965 5905 ex
3048 5844 3410 5907 istiusmodi
3489 5849 3986 5917 Commentariis
