4156 6440
157 399 246 463 429
1026 397 1104 456 IN
1135 393 1566 463 SEQUENTIA
1604 394 2183 455 THEOPI]YL.\C'I‘1
2228 397 2565 457 SCRIPTA.
3293 394 3397 455 430

162 511 469 590 preprium
531 510 993 590 Tthphylacti
1043 514 1283 590 stylum
1340 510 1737 589 deprehendi
1791 528 1914 573 non
1971 529 2185 591 posse,
2239 529 2403 574 reor.
2466 514 2540 571 At
2600 512 2662 572 in
2716 512 2861 573 aliis
2924 514 3248 593 epetibus,
3285 518 3392 578 ubi

164 627 228 671 ex
248 627 365 671 suo
398 612 597 672 veluti
633 628 803 687 penu
834 618 899 671 et
928 626 1118 671 sensa
1157 618 1217 671 et
1247 610 1436 670 verba
1456 610 1797 687 depromit,
1830 609 2039 671 altiori
2089 610 2572 688 diﬂiciliorique
2605 620 2665 672 et
2699 612 2915 673 minus
2936 615 3161 691 pervio
3193 619 3393 677 utitur

160 710 351 790 style;
389 712 501 790 qui
564 710 774 790 stylus
824 725 1130 788 perquam
1165 707 1541 769 simillimus
1580 707 1674 767 i-lli
1710 715 1806 769 est
1849 724 1980 787 quo
2035 708 2329 789 plerique
2361 712 2708 790 scriptores
2764 712 2964 774 Graeci
2998 712 3172 775 illius
3215 716 3331 777 (ενὶ
3360 734 3393 779 a

162 796 892 897 majorumsimplicitate
925 820 987 874 et
1028 813 1306 890 puritate
1347 811 1606 874 dicendi
1648 813 2045 887 recedentes,
2083 816 2176 875 uti
2224 815 2541 878 solebant.
2572 819 2640 877 lu
2678 815 2777 876 his
2802 817 3017 897 itaque
3053 817 3395 899 Theophy-

161 919 341 981 lactus
366 935 536 996 saepe
569 918 803 995 saepius
831 916 1245 994 metaphoris,
1282 915 1613 993 allegoriis
1670 913 1948 992 aliisque
1978 914 2402 978 vividioribus
2433 917 2633 994 trepis
2665 918 2804 978 sive
2835 919 3161 998 figuris,et
3195 917 3394 998 proli-

160 1024 315 1083 xiore
343 1021 636 1099 periodo,
668 1035 739 1079 ac
769 1018 1025 1079 demum
1060 1016 1400 1092 solutiore,
1433 1033 1547 1078 seu
1583 1014 1787 1096 magis
1820 1014 2140 1095 implicata
2177 1018 2377 1079 utitur
2413 1017 2650 1096 phrasi.
2687 1019 2933 1080 Passim
2964 1021 3152 1082 etiam
3185 1020 3394 1083 inter-

159 1127 294 1189 serit
349 1125 696 1204 Scriptura‘:
747 1123 935 1183 verba
993 1138 1120 1182 non
1154 1137 1226 1183 ea
1258 1128 1508 1182 tantum
1537 1120 1614 1180 de
1662 1136 1875 1193 causa,
1911 1129 1978 1181 ut
2008 1120 2189 1181 illius
2221 1122 2595 1182 auctoritate
2630 1138 2746 1184 sua
2782 1138 2971 1184 sensa
3022 1123 3392 1198 conﬁrmet;

160 1231 253 1290 sed
278 1226 469 1288 etiam
511 1234 578 1288 ut
602 1241 675 1287 ea
700 1224 911 1285 verbis
945 1223 1257 1303 exprimat
1284 1222 1774 1301 Scripturarum.
1810 1223 1945 1285 Hoc
1978 1222 2234 1285 dicendi
2270 1240 2506 1303 genere
2536 1230 2779 1285 constat
2828 1240 3104 1304 prmsens
3142 1226 3390 1289 oratio:

161 1330 255 1393 sed
286 1328 439 1409 quia
475 1329 859 1407 plerumque
901 1334 1187 1387 versatur
1214 1326 1278 1387 in
1320 1325 1511 1388 rebus
1544 1324 1895 1396 historicis,
1926 1324 2078 1387 ideo
2113 1323 2299 1402 paulo
2326 1324 2516 1386 etiam
2548 1324 2779 1387 clarior
2807 1326 3186 1407 pleniorque
3219 1328 3389 1390 vide-

160 1446 246 1495 tur
276 1451 417 1493 esse
453 1433 553 1496 hic
578 1449 771 1512 quam
805 1430 985 1493 alibi.
1022 1432 1335 1494 Cazterum
1391 1429 1725 1493 nonnulla)
1760 1428 2018 1491 dicendi
2057 1429 2317 1505 phrases
2350 1427 2830 1507 Theophylacto
2872 1431 2966 1509 (ut
2996 1431 3151 1492 alias
3178 1430 3392 1493 obser-

162 1537 458 1613 vavimus)
488 1533 834 1595 familiares
857 1533 1211 1595 identidem
1248 1534 1346 1595 hic
1382 1550 1641 1613 quoque
1675 1533 2294 1595 recurrunt.Prteter
2314 1532 2465 1609 styli
2498 1534 2809 1595 rationem
2846 1534 3176 1597 nonnullae
3201 1538 3391 1600 etiam

159 1640 616 1718 TheOphylacto
649 1638 863 1700 favent
896 1639 1256 1711 sententiae,
1321 1655 1438 1699 seu
1470 1638 1659 1711 dicta,
1685 1654 1830 1716 quae
1858 1646 2185 1699 auctorem
2240 1637 2305 1698 in
2339 1636 2629 1716 Bulgaria
2661 1637 3048 1700 scribentem
3100 1641 3393 1715 prassefe-

158 1751 285 1803 runt
345 1758 362 1798 :
425 1750 493 1801 ut
548 1758 694 1802 cum
748 1738 1119 1818 quindecim
1189 1747 1504 1818 martyres
1563 1739 1795 1817 Bulgar

1751 1739 1877 1801 irim
1957 1738 2445 1816 thaumaturgos
2504 1737 2784 1816 appellat
2840 1741 3032 1809 ἁγίους
3083 1745 3208 1807 τοὺς
3272 1744 3392 1798 καθ’

159 1851 307 1919 ἡμᾶς,
337 1852 589 1905 sanctos
615 1853 890 1916 nostros,
922 1844 1018 1904 vel
1052 1846 1162 1922 qui
1191 1842 1363 1924 apud
1388 1861 1503 1903 nos
1526 1850 1697 1905 sunt.
1740 1842 2086 1921 Bulgarum
2136 1856 2422 1920 quoque,
2456 1857 2570 1901 seu
2604 1840 2919 1921 Bulgaria;
2980 1842 3277 1915 incolam,
3326 1846 3389 1903 ni

159 1943 346 2023 fallor,
377 1963 451 2008 se
483 1962 627 2007 esse
659 1945 1046 2020 subindicat,
1081 1946 1235 2008 dum
1282 1944 1592 2024 singulari
1632 1944 1908 2023 quadam
1951 1939 2453 2016 incredibilique
2488 1939 2704 2002 laetitia
2739 1941 2821 2002 ob
2857 1939 3279 2019 Bulgarorum
3313 1945 3390 2005 ad

156 2045 324 2106 ﬁdem
364 2045 742 2108 catholicam
796 2047 1291 2108 conversionem
1361 2045 1663 2118 exsultat,
1721 2049 2117 2121 eosdemque
2173 2043 2304 2123 jam
2362 2040 2660 2104 ﬁdelibus
2713 2049 3085 2122 aggregatos
3118 2048 3390 2105 summis

158 2149 438 2214 laudibus
492 2150 673 2213 effert
708 2173 725 2226 ;
760 2160 950 2231 atque
980 2152 1171 2214 etiam
1226 2151 1378 2212 dum
1414 2149 1774 2228 peculiares
1816 2146 2237 2226 Bulgarorum
2297 2146 2811 2208 consuetudines
2858 2145 2983 2207 sibi
3031 2156 3389 2225 perspectas

156 2267 280 2311 esse
311 2254 608 2330 patefacit
640 2276 657 2327 ;
718 2262 786 2317 ut
816 2272 962 2316 cum
997 2272 1101 2317 ex.
1131 2273 1189 2335 g.
1228 2252 1443 2327 refert,
1475 2253 1785 2332 Bulgaros
1819 2251 2029 2314 facere
2061 2266 2415 2313 consuesse
2438 2258 2620 2312 tantae
2659 2250 3126 2329 magnitudinis
3163 2267 3387 2331 panes,

158 2356 215 2411 ut
244 2369 465 2415 eorum
496 2354 775 2435 quilibet
806 2356 1025 2418 decem
1061 2355 1430 2418 saturandis
1469 2354 1845 2417 hominibus
1876 2355 2029 2417 satis
2065 2361 2256 2416 esset.
2287 2354 2669 2433 Quanquam
2717 2354 2889 2416 enim
2938 2353 3071 2415 haec
3113 2352 3219 2414 alii
3254 2357 3391 2417 cui-

157 2455 351 2529 quein
382 2457 682 2535 Bulgaria
718 2459 1026 2523 scribenti
1062 2476 1190 2522 non
1223 2459 1571 2522 convenire
1596 2476 1722 2521 non
1776 2459 2023 2537 possint
2053 2480 2069 2533 ;
2100 2459 2248 2539 quia
2280 2466 2491 2521 tamen
2526 2476 2714 2520 nemo
2744 2458 2910 2520 alius
2948 2458 3137 2520 istius
3168 2467 3390 2521 auctor

156 2560 439 2631 opusculi
464 2561 751 2636 etfertur,
789 2564 939 2626 ideo
964 2563 1512 2643 Theophylactum
1544 2563 1723 2625 illius
1756 2581 1897 2625 esse
1931 2572 2283 2643 parentem,
2328 2564 2497 2625 haud
2537 2565 2783 2637 leviter,
2822 2581 2965 2627 meo
3000 2565 3388 2646 quidemju-

159 2660 330 2735 dicio,
362 2662 765 2725 confirmant.

223 2764 415 2825 XVII.
458 2765 593 2825 Jam
635 2780 787 2825 vero
835 2765 888 2823 si
945 2762 1460 2844 TheOphylaetus
1493 2763 1685 2844 hujus
1733 2766 2051 2826 sermonis
2111 2772 2333 2827 auctor
2366 2766 2699 2839 habeatur,
2739 2775 2805 2827 ut
2845 2765 3211 2829 habendum
3246 2784 3389 2830 esse

156 2880 404 2939 censeo,
463 2866 744 2943 prudens
792 2882 945 2928 sane
976 2866 1250 2929 dubium
1285 2866 1525 2943 nemini
1574 2868 1841 2930 subesse
1893 2870 2146 2945 poterit,
2182 2869 2341 2949 quin
2387 2868 2693 2932 historica
2725 2869 2899 2932 illius
2932 2873 3209 2934 narratio
3241 2888 3389 2934 cum

159 2963 397 3025 veritate
421 2963 617 3044 plane
658 2964 1019 3025 consentiat
1054 2982 1069 3021 :
1124 2981 1341 3045 neque
1386 2965 1559 3028 enim
1583 2966 1800 3029 simile
1833 2984 1983 3029 vero
2018 2974 2139 3043 est,
2173 2985 2430 3047 gravem
2467 2969 2653 3032 illum
2682 2970 3139 3049 eruditumque
3183 2972 3388 3032 virum

160 3065 423 3141 putidam
485 3065 822 3145 adeptasse
881 3063 1201 3139 fabellam,
1247 3081 1518 3147 eamque
1577 3066 1901 3129 venditare
1959 3067 2105 3130 aliis
2138 3067 2451 3131 voluisse.
2491 3069 2615 3131 Sed
2675 3070 2995 3151 quidquid
3026 3071 3089 3132 in
3125 3071 3242 3135 hac
3271 3089 3390 3136 sua

160 3167 427 3230 oratione
466 3176 701 3240 narrat,
736 3167 899 3231 illud
932 3166 1120 3231 facile
1160 3176 1407 3249 poterat
1441 3168 1537 3229 vel
1567 3186 1650 3231 ex
1676 3169 1898 3250 aliquo
1940 3180 2362 3233 monumento
2397 3170 2464 3232 in
2500 3170 2813 3251 Bulgaria,
2841 3171 3179 3235 tabulariis
3219 3174 3391 3236 exsi-

157 3274 363 3340 stente,
399 3271 503 3331 vel
543 3286 621 3332 ex
680 3278 849 3333 certa
880 3273 1286 3353 perennique
1320 3274 1673 3335 incolarum
1709 3274 2051 3337 traditione
2094 3281 2495 3353 perspectum
2530 3276 2784 3338 habere.
2823 3277 2898 3337 Et
2929 3293 3109 3348 sane,
3137 3282 3387 3338 tametsi

158 3365 360 3431 borum
450 3380 802 3453 martyrum
888 3375 1102 3453 passio
1160 3375 1362 3438 multo
1418 3384 1564 3438 ante
1615 3378 1993 3456 contigerit,
2046 3378 2163 3439 hoc
2219 3386 2314 3439 est
2370 3386 2598 3458 quarto
2672 3376 3034 3440 declinante
3086 3376 3389 3439 Ecclesia:

156 3470 390 3545 saeculo,
424 3472 690 3536 Juliano
729 3477 1029 3552 Apostata
1056 3478 1438 3557 imperante,
1476 3479 1806 3541 translatio
1868 3489 2074 3542 tamen
2108 3481 2369 3542 illorum
2402 3496 2743 3558 corporum
2791 3496 2914 3541 non
2949 3480 3107 3541 adeo
3143 3490 3386 3541 remota

154 3568 342 3633 fuerat
370 3588 407 3634 a
436 3571 900 3652 TheOphylacti
928 3583 1130 3651 aetate,
1158 3584 1225 3638 ut
1260 3585 1430 3638 certa
1458 3577 1515 3638 ei
1550 3586 1889 3655 suppetere
1924 3586 2339 3640 monumenta
2366 3594 2490 3639 non
2528 3590 2790 3656 possent
2826 3594 2841 3639 :
2873 3576 3083 3638 solum
3136 3578 3382 3657 quippe

158 3672 463 3747 praecessit
507 3673 762 3736 duobus
788 3675 1041 3739 circiter
1071 3677 1325 3740 saaculis
1359 3680 1451 3757 (ut
1478 3694 1555 3738 ex
1594 3677 1889 3739 dicendis
1919 3677 2083 3741 infra
2114 3677 2449 3754 constabit)
2484 3676 2665 3738 illius
2700 3677 2761 3739 in
2798 3676 3093 3755 Bulgaria
3132 3682 3386 3759 episco-

158 3780 375 3848 patum.
428 3774 522 3834 Ex
580 3791 713 3853 quo
768 3793 957 3838 nemo
987 3794 1111 3839 non
1172 3776 1366 3851 videt,
1403 3794 1593 3858 quam
1644 3776 1833 3840 facile
1867 3778 1985 3840 hoc
2031 3779 2338 3856 temporis
2396 3776 2731 3839 intervallo
2766 3777 3007 3838 servari
3049 3782 3279 3858 possit,
3313 3801 3384 3846 ac

156 3875 334 3937 soleat
366 3875 460 3937 rei
487 3876 792 3956 alicujus,
833 3895 976 3959 quaa
1009 3879 1214 3958 magni
1248 3880 1551 3942 momenti
1584 3879 1692 3952 sit,
1719 3879 2104 3949 recordatio,
2140 3879 2385 3939 tametsi
2425 3877 2674 3939 nullum
2712 3878 2971 3940 visibile
2999 3896 3385 3945 monumen-

155 3980 269 4035 tum
298 3978 609 4053 supersit.
628 3980 816 4053 Quod
838 3996 987 4040 vero
1027 3980 1099 4040 ad
1124 3979 1461 4057 praedictos
1485 3979 1713 4041 attinet
1744 3988 2076 4059 martyres,
2113 3979 2319 4041 adhuc
2350 3976 2813 4058 'l‘heophylacti
2864 3986 3148 4059 tempore
3183 3982 3383 4045 stabat

154 4074 234 4154 (ut
261 4095 335 4139 ex
361 4095 667 4141 sermone
699 4078 837 4155 ipso
866 4079 1083 4158 colligi
1124 4096 1312 4154 posse
1346 4079 1623 4159 videtur)
1654 4078 1968 4157 templum
2004 4080 2067 4141 in
2112 4078 2487 4142 eorumdem
2523 4086 2872 4157 martyrum
2914 4077 3225 4142 honorem
3269 4101 3385 4143 ex-

153 4184 480 4255 structum;
510 4180 848 4242 exstabant
869 4189 931 4241 et
958 4197 1117 4243 arca!
1138 4179 1378 4258 quibus
1402 4181 1645 4242 occlusi
1677 4180 1925 4241 cineres
1956 4187 2250 4251 erant,ac
2279 4179 2539 4241 demum
2576 4195 2946 4241 marmorea)
2976 4178 3211 4242 tabulae
3241 4198 3384 4260 quas

153 4271 390 4340 illorum
423 4296 627 4342 urnas
689 4279 1008 4357 principio
1053 4286 1492 4342 contexerant.
1528 4281 1621 4341 Ex
1657 4277 1754 4339 his
1787 4296 1963 4353 vero,
2034 4290 2253 4359 utpote
2322 4280 2558 4360 quibus
2587 4281 2998 4361 singulorum
3029 4291 3382 4363 martyrum

153 4377 389 4440 nomina
419 4378 734 4455 inscripta
762 4386 964 4451 erant,
992 4387 1051 4440 et
1086 4381 1230 4441 vita;
1257 4397 1486 4459 genus,
1520 4389 1581 4441 et
1614 4378 1913 4457 dignitas,
1941 4378 2322 4454 etoﬂicium,
2365 4389 2433 4442 ut
2467 4381 2985 4460 TheOphylactus
3021 4381 3159 4460 ipse
3192 4391 3384 4446 testa-

152 4482 259 4553 tur,
294 4478 559 4541 haurire
591 4479 777 4542 facile
810 4481 1044 4558 potuit,
1078 4498 1224 4560 quia
1252 4480 1455 4543 multo
1476 4487 1645 4550 ante,
1673 4480 1979 4541 nimirum
2016 4481 2139 4541 sub
2172 4482 2431 4540 Juliano
2455 4481 3099 4561 contigerant,eaque
3134 4500 3380 4547 memo-

151 4580 244 4642 rias
279 4583 625 4644 hominum
663 4584 1072 4659 sempiternas
1108 4598 1405 4642 sermone
1442 4580 1561 4643 hoc
1592 4582 2064 4641 commendare.
2089 4580 2401 4653 Quocirca
2434 4596 2559 4640 non
2606 4580 2797 4640 video
2844 4597 2959 4641 cur
3003 4583 3153 4645 huic
3185 4584 3381 4647 histo-

150 4682 244 4745 rite
264 4684 535 4765 (tametsi
568 4683 646 4745 ab
677 4681 802 4744 alio
833 4682 1136 4761 quopiam
1156 4683 1424 4744 minoris
1445 4681 1925 4761 TheOphylacto
1948 4680 2343 4742 auctoritatis
2374 4679 2733 4756 conscripta
2750 4679 2941 4759 esset)
2963 4680 3376 4763 ﬁdesintegra

150 4787 413 4851 habenda
448 4804 585 4850 non
634 4785 750 4858 sit;
787 4785 911 4847 nisi
943 4784 1103 4847 forte
1156 4785 1444 4846 videatur
1469 4786 1700 4847 obesse
1742 4784 1945 4846 altum
1970 4784 2047 4845 de
2101 4802 2167 4844 re
2200 4784 2315 4844 hac
2345 4791 2715 4845 cmterorum
2756 4784 3135 4861 scriptorum
3169 4789 3372 4850 silen-

150 4890 323 4962 tium;
355 4906 429 4951 ac
463 4888 646 4968 quod
680 4903 895 4967 neque
924 4886 990 4948 in
1014 4889 1382 4949 Graacorum
1413 4887 1703 4960 Menaeis,
1737 4904 1952 4965 neque
1984 4886 2047 4948 in
2098 4886 2540 4949 Ruthenorum
2574 4894 2679 4947 aut
2704 4887 3113 4949 Moschorum
3155 4892 3377 4953 Meno-

145 4987 314 5066 logiis
334 4989 622 5069 prmdicti
648 4997 958 5066 martyres
991 4991 1846 5066 commemorentur.\"eruni
1886 4990 2094 5066 quoad
2135 4987 2601 5067 primum,quis
2625 4997 2800 5049 certo
2831 5006 3122 5051 asserere
3156 4999 3373 5070 queat,

148 5091 316 5163 hunc,
350 5094 429 5156 de
460 5105 600 5170 quo
629 5089 905 5168 agimus,
974 5087 1280 5149 duntaxat
1315 5097 1639 5170 auctorem
1702 5091 2117 5170 consignasse
2144 5088 2370 5149 litteris
2429 5086 2654 5149 horum
2688 5090 2805 5150 XV
2838 5096 3189 5169 martyrum
3228 5107 3373 5152 cum

148 5196 471 5272 passionis,
506 5204 643 5256 tum
680 5209 904 5255 eorum
939 5193 1373 5256 translationis
1408 5165 1763 5257 historiam.
1821 5212 1965 5254 eum
2028 5200 2247 5253 notum
2307 5189 2864 5269 exploratumque.
2893 5190 2997 5261 sit,
3062 5190 3374 5269 permulta

149 5305 407 5359 veterum
440 5295 833 5373 scriptorum
869 5311 1063 5374 Opera
1098 5295 1830 5373 penitusintercidisse?
1880 5295 2128 5356 Deinde
2161 5302 2317 5372 quot
2342 5291 2657 5353 habentur
2688 5298 2756 5352 ut
2794 5298 2965 5352 certa
2996 5295 3129 5350 tum
3162 5289 3227 5350 in
3270 5310 3374 5353 ec-

144 5395 503 5469 clesiastica,
553 5405 687 5456 tum
721 5395 914 5457 etiam
950 5396 1014 5457 in
1058 5394 1317 5473 profana
1382 5395 1672 5467 historia,
1726 5413 1871 5474 qua)
1923 5394 2119 5455 unius
2179 5398 2423 5453 tantum
2472 5388 2807 5467 scriptoris
2869 5390 3243 5454 auctoritate
3302 5411 3375 5456 ac

146 5500 485 5560 testimozsio
540 5492 885 5558 nituntur?
933 5495 1289 5558 Praesertim
1329 5496 1474 5557 vitae
1513 5513 1584 5557 ac
1615 5504 1787 5574 gesta
1820 5503 2183 5556 sanctorum
2222 5491 2568 5571 aliquando
2594 5488 2789 5550 unius
2841 5489 3032 5552 etiam
3065 5508 3375 5573 anonymi

148 5601 482 5661 narratione
518 5599 958 5661 innotescunt.
1022 5602 1098 5659 At
1133 5595 1477 5681 peculiaris
1531 5600 1597 5658 in
1633 5613 1784 5657 casu
1819 5606 2033 5657 nostro
2065 5594 2269 5674 potuit
2302 5593 2567 5655 subesse
2597 5592 2779 5665 ratio,
2814 5609 2927 5653 cur
2956 5609 3082 5655 non
3120 5595 3200 5656 ab
3220 5596 3373 5659 aliis

146 5718 441 5763 memoriae
469 5699 797 5778 proditum
832 5700 916 5760 sit
949 5699 1327 5761 eorumdem
1369 5697 1772 5778 martyrium.
1810 5699 1869 5759 Si
1906 5698 2078 5759 enim
2118 5707 2177 5757 et
2214 5695 2360 5767 loci,
2386 5701 2447 5756 et
2486 5694 2822 5772 temporis,
2859 5712 2989 5774 quo
3021 5695 3084 5756 id
3116 5699 3370 5765 accidit.

148 5803 275 5863 ratio
325 5805 662 5872 habeatur,
700 5803 981 5883 quisque
1040 5804 1253 5866 statim
1320 5804 1662 5882 intelliget,
1701 5823 1829 5865 rem
1887 5804 2043 5865 hanc
2070 5800 2372 5864 facillime
2409 5800 2586 5861 illius
2622 5799 2738 5861 aevi
2768 5801 3114 5878 scriptores
3144 5800 3368 5883 fugere
