4156 6440
705 404 806 472 ιει
1757 413 2134 477 BONIFACII
2173 417 2346 479 FlNE

2323 417 2473 478 ΞΤΤΙ
2509 417 2899 481 ΡΒᾹΞΕΑΤΙΟ
3856 422 3964 488 432

709 523 1020 600 potuisse.
1061 522 1308 584 Etenim
1346 539 1420 584 eo
1457 533 1736 604 tempore
1761 526 2046 606 martyrii
2087 526 2354 604 palmam
2387 536 2534 590 sunt
2567 528 2804 607 adepti,
2837 527 3603 608 qquulianusApostata
3641 528 3961 595 labentem

709 626 1088 688 idololatria:
1117 629 1360 688 cultum
1386 630 1632 708 erigere
1660 640 1850 710 atque
1885 632 1948 692 in
1983 632 2330 710 pristinum
2363 632 2671 693 honorem
2707 633 3049 695 restituere
3079 633 3824 714 adnitebatur;adeoque
3857 655 3962 700 res

706 726 1218 788 Christianorum
1252 727 1668 808 iniquissimo
1706 732 1843 793 loco
1895 740 2072 792 erant
2109 750 2123 788 :
2159 740 2218 792 et
2251 731 2548 811 plerique
2590 732 2849 794 illorum
2888 732 2984 794 vel
3020 735 3317 794 miseram
3381 731 3450 794 in
3499 734 3734 796 exsilio
3766 737 3960 796 vitam

706 829 1062 908 degebant,
1122 829 1216 890 vel
1261 848 1375 906 per
1435 830 1824 893 solitudines
1868 840 2250 911 montesque
2298 841 2528 910 Sponte
2559 849 2676 893 sua
2709 833 3027 895 errabant.
3073 836 3279 894 Locus
3317 851 3469 895 vero
3495 835 3602 895 ubi
3648 847 3960 914 martyres

707 929 1103 1003 occubuere,
1141 931 1339 1009 magis
1375 930 1724 1006 impervius
1781 934 2165 1011 abditusque
2203 950 2347 994 esse
2384 934 2486 995 vix
2545 942 2813 1011 poterat,
2846 937 3156 998 nimirum
3200 936 3354 997 urbs
3403 938 3781 1016 perexigua,
3815 941 3959 1001 sive

706 1028 1084 1105 Oppidulum
1124 1029 1442 1108 quoddam
1469 1029 1534 1091 in
1572 1031 1886 1094 altissimo
1914 1035 2148 1096 montis
2181 1035 2377 1095 Haemi
2430 1035 2763 1096 cacumine
2797 1036 3081 1115 positum
3117 1057 3130 1095 :
3163 1037 3304 1099 talis
3338 1039 3511 1099 enim
3544 1056 3622 1100 eo
3665 1051 3957 1120 tempore

706 1132 1136 1208 Tiberiopolis
1169 1139 1322 1206 erat,
1357 1141 1421 1194 ut
1449 1133 1609 1195 infra
1644 1136 2082 1200 ostendemus.
2109 1140 2274 1211 Quid
2325 1138 2544 1218 itaque
2585 1139 2844 1212 mirum,
2880 1139 3125 1200 si-int-ra
3174 1141 3356 1202 illius
3394 1142 3631 1203 limites
3673 1145 3784 1202 diu
3823 1163 3962 1220 per-

698 1235 861 1293 stitit
915 1235 1423 1313 praastantissimi
1492 1240 1679 1315 hujus
1719 1239 2026 1319 triumphi
2088 1242 2351 1303 notitia?
2377 1243 2562 1317 Quod
2606 1244 2661 1305 si
2705 1261 2807 1305 res
2844 1244 2926 1304 ita
2959 1261 3028 1305 se
3080 1243 3326 1317 habuit,
3366 1263 3443 1306 ne
3493 1246 3652 1306 illud
3685 1248 3952 1324 quidem

707 1337 934 1396 mirum
972 1337 1318 1408 videbitur,
1359 1342 1527 1418 quod
1568 1341 1631 1401 in
1662 1341 2025 1404 Graecorum
2092 1345 2354 1405 Menteis
2395 1346 2771 1406 eorumdem
2827 1345 3068 1407 mentio
3102 1346 3534 1420 desideretur,
3566 1355 3756 1425 atque
3791 1350 3956 1408 adeo

703 1442 764 1499 in
804 1438 1189 1516 Menologiis
1246 1443 1692 1503 llutlienorum
1723 1447 2362 1523 atqueMoschorum,
2413 1456 2632 1526 utpote
2659 1464 2804 1526 qua)
2864 1466 2940 1508 ex
2979 1448 3214 1509 Graecis
3245 1448 3578 1524 desumpta
3615 1451 3956 1510 translata-

695 1563 826 1623 que
885 1557 1056 1608 sunt.
1084 1548 1268 1621 Quod
1313 1548 1364 1605 si
1425 1546 1487 1605 in
1550 1547 1646 1606 his
1691 1549 2161 1626 posterioribus
2203 1554 2628 1627 quorumdam
2680 1551 2783 1610 fiat
2831 1549 3360 1611 commemoratio
3423 1564 3812 1624 sanctorum,
3872 1558 3952 1613 de

698 1649 937 1726 quibus
970 1649 1143 1710 nulla
1176 1647 1342 1725 apud
1386 1648 1642 1710 Graecos
1677 1659 1771 1711 est
1803 1653 2068 1724 mentio,
2100 1669 2176 1711 ex
2208 1652 2290 1712 iis
2339 1652 2431 1711 illi
2488 1660 2638 1712 sunt
2673 1668 2950 1730 quorum
2985 1652 3290 1713 memoria
3322 1654 3681 1716 celebratur
3713 1657 3775 1716 in
3808 1656 3954 1715 uni-

697 1770 877 1812 versa
929 1753 1372 1815 Rutlienorum
1437 1755 1748 1826 Ecclesia,
1787 1770 1912 1814 non
1975 1770 2051 1813 ex
2085 1768 2308 1813 eorum
2349 1771 2665 1829 numero,
2715 1771 2992 1834 quorum
3018 1751 3334 1816 festivitas
3368 1755 3645 1835 alicujus
3693 1757 3814 1817 loci
3851 1756 3948 1817 vel

697 1857 979 1936 regionis
1012 1858 1090 1918 sit
1128 1859 1420 1935 [erllri8;
1459 1854 1824 1934 cujusmodi
1859 1854 2116 1914 videtur
2148 1870 2290 1915 esse
2326 1854 2557 1915 horum
2586 1856 2702 1917 XV
2725 1855 3201 1934 martyrum,de
3237 1857 3475 1935 quibus
3514 1859 3578 1919 in
3608 1861 3948 1936 prtesentia

695 1969 790 2020 est
825 1975 1060 2020 sermo.
1099 1959 1307 2036 Hujus
1364 1958 1537 2019 enim
1572 1955 1826 2034 generis
1863 1963 2225 2016 sanctorum
2263 1955 2568 2017 memoria
2621 1972 2749 2018 non
2810 1956 2876 2018 in
2919 1957 3372 2018 communibus
3410 1960 3696 2031 Menaeis,
3732 1963 3840 2021 sed
3879 1961 3947 2020 in

695 2061 1128 2140 peculiaribus
1165 2062 1310 2132 loci,
1339 2061 1444 2121 ubi
1494 2060 1705 2121 cultus
1737 2076 1961 2120 eorum
1984 2059 2175 2136 viget,
2212 2057 2450 2119 tabulis
2474 2059 2850 2137 consignata
2883 2077 3026 2122 esse
3065 2051 3226 2122 solet
3252 2061 3540 2139 :qualem
3567 2064 3944 2124 memoriam

686 2183 772 2226 ne
805 2162 976 2224 hisce
1013 2164 1278 2244 quidem
1317 2162 1703 2240 martyribus
1743 2162 1996 2232 deesse,
2030 2159 2307 2221 inferius
2340 2161 2778 2222 ostendemus.
2814 2162 3052 2223 Verum
3093 2161 3215 2222 etsi
3272 2161 3447 2222 nulla
3480 2162 3748 2223 omnino
3789 2155 3947 2223 alilli

693 2267 936 2327 men-tio
992 2267 1069 2326 de
1122 2265 1367 2326 eisdem
1430 2272 1821 2336 occurreret,
1857 2261 2021 2323 nihil
2087 2261 2237 2322 inde
2288 2261 2684 2322 auctoritatis
2736 2271 2797 2323 et
2836 2263 3024 2340 pretii
3073 2262 3225 2324 huic
3273 2263 3548 2324 orationi
3590 2265 3946 2325 detractum

689 2377 860 2430 esset
902 2368 1070 2428 :imo
1109 2366 1507 2443 praistantius
1536 2367 1630 2425 vel
1669 2383 1747 2425 ex
1777 2363 1893 2424 boc
1927 2363 2519 2442 ipsojudicandum
2571 2363 2919 2435 videretur,
2960 2363 3666 2443 nobisqueimpensius
3719 2374 3947 2444 gratu-

690 2467 977 2540 landum,
1024 2465 1192 2545 quod
1236 2465 1487 2526 tandem
1538 2464 1887 2543 aliquando
1926 2464 2189 2542 prodeat
2243 2464 2306 2524 in
2349 2464 2598 2538 lucem;
2633 2472 2692 2524 et
2743 2463 3027 2541 plurium
3085 2471 3434 2542 martyrum
3466 2463 3952 2544 thaumaturgr:-

688 2591 964 2652 rumque
1001 2571 1308 2632 memoria
1346 2571 1423 2631 ab
1450 2569 1819 2631 omnimoda
1846 2568 2178 2630 oblivione
2218 2575 2280 2628 et
2313 2567 2599 2630 tenebris
2631 2567 3017 2628 vindicetur.

767 2679 998 2737 XVIII.
1039 2676 1208 2736 'I‘alis
1241 2691 1310 2736 ac
1344 2682 1509 2736 tanta
1542 2674 1850 2735 orationis
1886 2672 2080 2752 hujus
2115 2672 2360 2734 utilitas
2405 2681 2598 2751 atque
2634 2674 2998 2749 praestantia
3034 2670 3237 2734 levem
3281 2672 3435 2734 mihi
3468 2673 3594 2732 imo
3614 2679 3676 2731 et
3701 2671 3948 2748 jucun-

687 2778 840 2837 dum
879 2778 1336 2852 interpretandi
1386 2775 1777 2838 reddidisset
1809 2775 2117 2846 laborem,
2174 2773 2296 2835 nisi
2344 2773 2690 2853 apographi
2749 2791 3019 2846 summa,
3049 2781 3118 2834 ut
3150 2775 3358 2836 initio
3394 2774 3554 2846 dixi,
3624 2772 3950 2834 vitiositas

688 2879 850 2940 haud
888 2880 1215 2958 exiguam,
1244 2879 1375 2940 imo
1410 2877 1592 2939 valde
1626 2893 1916 2956 magnam
1952 2875 2106 2936 mihi
2149 2876 2509 2936 molestiam
2565 2883 2864 2936 creasset.
2892 2875 3040 2936 Erat
3075 2875 3316 2954 quippe
3353 2875 3497 2934 talis
3527 2891 3597 2934 ac
3647 2882 3839 2944 tanta,
3881 2881 3951 2933 ut

688 2980 1060 3041 mendosius
1119 2980 1472 3058 quidquam
1514 2979 1707 3039 scribi
1760 2978 2049 3056 potuisse
2103 2977 2207 3036 vix
2246 2984 2486 3054 putem.
2532 2979 2682 3036 Nam
2746 2975 2980 3051 passim
3027 2983 3091 3037 et
3146 2976 3501 3036 litterarum
3554 2973 3848 3047 variatio,
3885 2978 3952 3032 et

689 3081 970 3157 plurium
1004 3080 1326 3157 copulatio
1376 3079 1754 3146 dictionum,
1784 3084 1845 3138 et
1885 3097 1917 3139 e
1951 3076 2271 3139 contrario
2321 3077 2517 3137 unius
2574 3076 2998 3155 ejusdemque
3058 3076 3304 3137 divisio
3347 3078 3408 3137 in
3470 3092 3546 3138 eo
3584 3076 3949 3137 identidem

683 3180 1081 3243 occurrebat.
1131 3181 1484 3239 Praesertim
1552 3193 1697 3238 vero
1761 3178 1825 3236 in
1883 3175 2204 3237 vocalibus
2233 3183 2559 3253 peccatum
2596 3175 2871 3236 maxime
2907 3183 3002 3237 est
3055 3193 3068 3235 :
3111 3193 3252 3237 nam
3300 3176 3552 3238 vocales
3594 3185 3786 3256 atque
3827 3179 3939 3237 di-

688 3285 1044 3362 phthongi,
1106 3297 1249 3358 quae
1287 3281 1510 3340 eodem
1565 3296 1732 3340 nunc
1790 3293 1949 3339 sono
2023 3278 2323 3355 pronunti

2310 3278 2519 3337 iantur
2582 3293 2614 3337 a
2684 3275 2965 3349 Gracis,
3042 3294 3271 3356 nempe
3330 3279 3400 3355 ἧ,
3439 3305 3815 3352 ι,υ.ει,οι,
3878 3305 3944 3352 ε,

681 3405 779 3454 αι,
821 3407 870 3455 ο,
900 3405 962 3456 ω,
997 3381 1556 3444 indiscriminatim
1592 3380 1818 3458 positae
1839 3381 2117 3440 sunt.Ex
2137 3394 2265 3455 quo
2292 3376 2478 3438 facile
2507 3376 3730 3457 colligas,amanuensem,quicodicem
3767 3383 3946 3442 unde

682 3484 1092 3558 «lt-sumptum
1124 3480 1559 3561 apographum
1611 3488 1727 3548 est,
1767 3479 2049 3540 exaravit
2082 3480 2169 3549 (in
2204 3478 2585 3555 scriptorem
2630 3479 2827 3539 nostri
2893 3477 3242 3556 apographi
3302 3479 3464 3540 hanc
3507 3479 3759 3558 culpam
3809 3497 3942 3543 non

682 3581 907 3640 cadere
943 3581 1208 3643 aliunde
1243 3580 1429 3660 scio),
1486 3582 1818 3659 ignorasse
1858 3579 2118 3656 penitus
2155 3582 2388 3641 Graiam
2443 3581 2868 3657 grammaticae
2905 3582 3112 3662 leges;
3158 3591 3597 3662 [irmtereaque
3667 3600 3795 3644 non
3861 3602 3945 3644 ex

684 3688 825 3761 ipso
860 3685 1207 3764 exemplari
1261 3686 1467 3747 oculis
1508 3684 1848 3762 supposito
1887 3684 2004 3762 (sic
2034 3686 2206 3745 enim
2259 3687 2528 3757 litteras,
2584 3703 2728 3763 quae
2750 3695 2927 3746 erant
2960 3687 3486 3759 transcribendaa,
3534 3687 3945 3764 perspiciens

684 3786 890 3845 rarius
925 3786 1335 3863 aberrasset),
1373 3787 1484 3845 sed
1531 3785 1811 3845 dictante
1843 3785 2089 3863 aliquo,
2124 3791 2185 3844 et
2209 3784 2391 3862 juxta
2424 3783 2812 3845 hodiernum
2844 3787 3205 3846 Graecorum
3242 3801 3480 3845 mOrem
3511 3785 3750 3844 litteras
3786 3802 3946 3862 pro-

676 3887 1048 3960 nuntiante,
1084 3901 1315 3948 sonum
1350 3886 1617 3947 auribus
1653 3894 2021 3964 perceptum
2061 3886 2299 3947 Graecis
2334 3892 2666 3962 utcunque
2701 3885 2932 3945 litteris
2956 3886 3398 3964 consignasse.
3427 3888 3516 3947 Ex
3541 3902 3670 3965 quo
3700 3883 3942 3947 factum

679 3991 804 4058 est,
855 3996 920 4047 ut
954 3986 1019 4047 in
1053 3987 1338 4048 dictione
1373 3987 1751 4066 dissyllaba,
1779 3986 1876 4047 vel
1913 3985 2282 4063 trissyllaba
2315 3992 2592 4062 quatuor
2627 3985 2722 4046 vel
2757 3986 3051 4065 quinque
3109 3987 3333 4048 menda
3381 3988 3752 4066 (praesertim
3787 3987 3838 4047 si
3879 3993 3944 4047 tt

681 4089 1029 4166 spirituum
1067 4096 1124 4150 et
1155 4098 1531 4153 accentuum
1567 4088 1872 4150 habeatur
1909 4088 2092 4169 ratio)
2130 4104 2255 4148 non
2301 4085 2749 4166 infrequenter
2782 4097 3219 4149 occurrerent.
3255 4088 3570 4161 Quantam
3623 4105 3773 4147 vero
3806 4087 3944 4148 haec

683 4191 831 4252 vitia
869 4191 1114 4268 pariant
1146 4193 1712 4269 perturbationem,
1737 4201 2171 4272 quantamque
2205 4191 2648 4270 interpretanti
2688 4191 3072 4265 molestiam,
3105 4209 3251 4252 cum
3298 4207 3523 4252 omnes
3569 4191 3939 4268 intelligere

683 4291 956 4368 possint,
1010 4299 1141 4350 tum
1199 4291 1242 4352 ii
1281 4297 1626 4367 prmsertim
1665 4293 1778 4372 qui
1838 4292 2040 4354 Grieci
2084 4292 2412 4353 idiomatis
2443 4293 2585 4368 {non
2619 4300 2769 4353 sunt
2811 4293 3038 4370 ignari.
3075 4292 3258 4352 Prius
3301 4291 3503 4370 igitur
3537 4309 3728 4371 quam
3762 4295 3938 4353 Lati-

682 4414 824 4456 nam
889 4397 1249 4458 versionem
1306 4397 1715 4474 aggrederer,
1773 4403 1834 4456 et
1866 4397 2090 4457 menda
2139 4398 2217 4456 de
2291 4396 2503 4456 medio
2538 4395 2802 4468 tollere,
2841 4404 2903 4456 et
2957 4402 3205 4456 textum
3267 4411 3401 4455 suae
3451 4412 3617 4456 verte
3667 4395 3938 4460 lectioni

679 4501 1027 4560 restituere
1063 4516 1226 4575 opus
1253 4497 1396 4558 I'uit.
1435 4497 1613 4557 l'tatio
1655 4505 1896 4566 autem,
1931 4514 2124 4575 quam
2154 4497 2216 4556 in
2261 4496 2380 4558 hoc
2417 4513 2685 4557 munere
2719 4496 3020 4556 obeundo
3047 4495 3328 4568 institui,
3376 4494 3507 4556 hinc
3552 4503 3695 4557 est:
3732 4506 3943 4562 errata

587 4590 594 4593 ⁷
677 4616 824 4676 quia
854 4607 1026 4659 certo
1071 4607 1129 4657 et
1174 4597 1414 4674 absque
1446 4598 1574 4658 ulla
1613 4597 2014 4658 dubitatione
2048 4598 2292 4670 detexi,
2324 4597 2393 4656 in
2423 4597 2570 4674 ipso
2607 4603 2784 4656 textu
2823 4596 3189 4668 emendavi,
3241 4594 3414 4656 nulla
3451 4597 3528 4656 ad
3561 4599 3937 4675 gmarginem

678 4703 1089 4763 adnotatione
1126 4700 1361 4779 posita;
1394 4700 1684 4779 alioquin
1726 4708 1929 4761 totum
1962 4700 2095 4760 fere
2134 4701 2486 4779 marginem
2518 4700 2601 4760 iis
2636 4699 2886 4778 oppleri
2912 4698 3138 4761 fuisset
3164 4715 3351 4776 opus.
3395 4702 3472 4760 At
3505 4701 3611 4761 ubi
3647 4702 3936 4765 incertus

678 4825 874 4878 erant,
908 4822 983 4865 an
1021 4804 1237 4881 aliqua
1273 4819 1390 4864 vox
1440 4804 1505 4863 in
1539 4805 1777 4865 mendo
1806 4803 2102 4877 cubaret;
2140 4802 2232 4863 vel
2270 4803 2518 4864 etiamsi
2554 4803 2617 4864 id
2655 4810 2828 4863 certo
2866 4801 3447 4880 deprehenderent,
3498 4801 3935 4867 nihilominus

683 4923 924 4978 vocem,
958 4922 1101 4983 quae
1132 4903 1582 4964 substituenda
1613 4911 1809 4977 esset,
1856 4912 2021 4965 certa
2047 4905 2267 4984 aliqua
2315 4905 2676 4983 conjectura
2712 4903 2970 4981 assequi
3006 4917 3133 4963 non
3157 4910 3475 4979 poteram;
3509 4920 3648 4963 eam
3705 4905 3936 4981 cujus-

679 5006 851 5068 iuodi
894 5005 956 5065 in
1018 5003 1384 5083 apograpbo
1417 5013 1576 5078 erat,
1631 5005 1696 5065 in
1733 5013 1907 5066 textu
1963 5006 2224 5085 reliqui,
2263 5021 2615 5085 vocemque
2649 5021 2794 5082 quas
2829 5003 3209 5082 conjectanti
3252 5003 3410 5064 mihi
3445 5003 3710 5081 legenda
3759 5006 3944 5067 vide-

673 5106 884 5179 batur,
920 5105 985 5166 in
1023 5105 1312 5166 inferiori
1347 5105 1632 5182 margine
1668 5107 1964 5182 apposui,
2003 5108 2335 5185 praemisso
2369 5115 2436 5170 ῐσ.
2466 5124 2582 5168 seu
2615 5116 2766 5178 ῐσως,
2795 5107 3099 5186 fortasse;
3125 5113 3192 5166 ut
3216 5103 3620 5168 felicioribus
3649 5107 3935 5169 aliorum

676 5204 1061 5284 ronjecwris
1097 5204 1304 5266 locum
1350 5223 1699 5284 ansamque
1745 5206 2114 5282 praeberem.
2151 5207 2474 5267 Nonnulla
2529 5213 2737 5268 tamen
2770 5207 3018 5268 eisdem
3048 5207 3280 5286 adjeci,
3316 5207 3396 5269 de
3452 5223 3729 5286 quorum
3780 5227 3939 5273 vera

674 5323 1106 5385 germanaque
1140 5307 1536 5368 correctione
1565 5307 1967 5368 levissimum
2014 5308 2109 5368 vel
2149 5307 2334 5385 plane
2357 5309 2610 5369 nullum
2650 5308 2808 5368 mihi
2841 5308 3047 5370 inerat
3077 5308 3375 5380 dubium,
3406 5317 3476 5368 ut
3508 5325 3581 5369 ex
3607 5308 3688 5368 iis
3713 5314 3937 5386 speci-

676 5411 866 5470 minis
907 5411 1044 5470 looo
1084 5411 1324 5486 peritus
1361 5412 1558 5470 lector
1607 5413 1858 5489 colligat
1895 5412 2180 5489 ingentia
2218 5421 2422 5474 errata
2481 5413 2720 5489 quibus
2755 5412 2966 5490 ipsum
2999 5413 3328 5491 exemplar
3383 5412 3448 5473 in
3482 5411 3766 5490 qualibet
3795 5412 3938 5477 fere

676 5525 850 5594 parte
877 5516 1177 5577 scatebat.
1216 5517 1367 5576 Cum
1396 5535 1543 5578 vero
1577 5518 1735 5578 adeo
1773 5517 2186 5595 indiligenter
2211 5519 2574 5595 exscriptus
2602 5518 2803 5578 codex
2834 5516 2944 5577 ille
2976 5517 3080 5589 sit,
3115 5517 3514 5588 utdiximus,
3542 5516 3700 5578 illud
3735 5518 3937 5580 etiam

671 5616 990 5692 suspicari
1036 5618 1202 5690 licet,
1225 5617 1502 5694 integras
1561 5618 1952 5696 quandoque
1986 5619 2298 5679 dictiones
2327 5637 2451 5696 pra)
2481 5619 2816 5679 oscitantia
2844 5618 3298 5696 prmtermissas
3324 5616 3526 5677 fuisse
3561 5634 3574 5676 :
3609 5633 3754 5695 quae
3783 5621 3938 5696 qui-

671 5720 817 5778 dem
870 5717 1155 5793 suspicio
1224 5718 1665 5794 interpretanti
1711 5719 1862 5779 mihi
1900 5720 2069 5780 haud
2132 5719 2329 5781 semel
2366 5721 2588 5782 oborta
2620 5729 2739 5781 est.
2805 5722 2987 5793 Loca,
3044 5720 3152 5779 ubi
3198 5717 3631 5796 apographum
3685 5722 3935 5781 nedum

677 5819 1082 5892 mendosum,
1113 5825 1221 5882 sed
1249 5831 1308 5884 et
1343 5823 1642 5883 mutilum
1694 5823 1900 5883 visum
1951 5823 2105 5883 mihi
2155 5832 2273 5900 est,
2313 5825 2374 5886 in
2414 5827 2579 5886 notis
2613 5824 2826 5902 aliqua
2869 5821 3198 5895 indicabo;
3231 5821 3353 5883 alia
3387 5840 3498 5900 per
3545 5840 3690 5888 sese
3727 5829 3934 5885 lector
