4156 6440
172 397 258 455 Hii
1003 403 1079 460 lN
1130 402 1558 473 SEQUEVTJA
1596 407 2172 469 ‘l‘ltlLOPllYLACTI
2212 411 2547 472 SCRIPTA.
3304 416 3409 478 434

172 501 423 563 fortasse
458 498 921 578 deprehendet.
966 505 1201 565 Verum
1256 509 1334 568 de
1391 512 1740 589 apograplii
1805 514 2113 592 qualitate
2139 517 2268 596 jam
2312 520 2493 581 satis.
2528 521 2708 583 Nunc
2740 522 2816 584 de
2848 524 2988 586 loco
3018 542 3087 587 ac
3124 534 3410 606 tempore

171 619 282 679 quo
309 612 371 661 et
402 603 569 679 passi
619 612 926 681 martyres
958 615 1134 683 sunt,
1160 620 1221 670 et
1255 626 1477 673 eorum
1515 614 1815 677 translata
1866 634 2160 695 corpora,
2194 619 2547 702 adjungere
2573 639 2770 703 pauca
2798 624 2995 702 lubet,
3031 645 3179 707 quae
3210 647 3311 693 res
3345 632 3411 693 in

173 702 267 763 hac
297 704 591 766 oratione
616 712 894 768 narratas
930 708 1151 788 aliquo
1176 712 1364 773 modo
1397 712 1817 777 illustrabunt
1840 718 2467 800 contirmabuntque.

235 832 410 893 XIX.
444 834 536 894 De
571 833 714 896 loco
753 835 1032 914 primum
1065 845 1125 898 et
1150 846 1438 916 tempore
1478 858 1609 919 quo
1645 843 1751 902 SS.
1793 851 2103 920 martyres
2158 847 2485 923 pertulere
2537 851 2938 928 martyrium,
2971 853 3073 913 vix
3108 854 3236 916 ulla
3266 874 3411 918 esse

173 938 356 1009 potest
394 930 760 1006 difficultas,
791 953 936 997 cum
999 946 1347 1018 utrumque
1401 942 1555 1002 satis
1598 943 1839 1005 diserte
1871 948 2433 1025 exprimatauctor
2460 949 2793 1027 inquiens,
2820 954 3285 1033 Tiberiopolim
3321 962 3416 1021 lo-

170 1049 319 1105 cum,
347 1041 604 1112 tempus
630 1052 783 1098 vero
812 1036 974 1097 illud
999 1036 1203 1100 fuisse
1236 1057 1366 1118 quo
1397 1040 1639 1118 impius
1672 1044 1965 1106 Julianus
1999 1063 2318 1108 summam
2354 1048 2610 1126 imperii
2642 1052 2921 1114 tenebat.
2953 1054 3177 1131 Neque
3197 1054 3411 1118 solum

171 1136 443 1211 urbis,in
473 1155 600 1219 qua
634 1140 798 1217 passi
840 1149 1015 1215 sunt,
1062 1159 1292 1204 nomen
1324 1143 1650 1223 patefacit;
1689 1148 1803 1210 sed
1827 1147 2026 1210 situm
2059 1148 2249 1211 etiam
2283 1150 2577 1229 designat
2600 1151 2936 1229 inquiens,
2973 1171 3111 1217 eam
3143 1158 3417 1249 positam

170 1255 280 1295 esse
316 1237 402 1298 ad
434 1240 992 1319 septentrionalem
1025 1241 1277 1323 plagam
1337 1245 1803 1309 Thessalonices

1775 1267 1827 1321 ε,
1884 1258 2204 1330 κατ’ἀρχὰς
2242 1263 2341 1332 τῆς
2393 1262 2580 1333 χώρας
2621 1262 2928 1333 Ἰλλυρίδος,
2988 1259 3056 1317 in
3092 1237 3415 1339 principio

172 1342 424 1419 Illyrici.
476 1344 546 1406 In
579 1346 892 1421 orationis
950 1349 1301 1428 epigraphe
1351 1351 1749 1430 adjungitur.
1795 1355 2009 1416 vocari
2065 1373 2203 1417 eam
2259 1357 2596 1437 Bulgarice
2643 1358 3053 1419 Strumitzam
3085 1379 3104 1417 :
3134 1362 3245 1421 sed
3290 1362 3419 1423 haec

172 1456 469 1522 postrema
518 1450 711 1513 verba
761 1454 840 1513 ab
893 1453 1117 1532 aliquo
1145 1454 1380 1518 deinde
1414 1455 1677 1517 librario
1735 1458 1976 1537 adjecta
2009 1458 2239 1532 fuisse,
2276 1478 2389 1539 pro
2441 1468 2615 1523 certo
2668 1460 2873 1523 habeo
2911 1471 3086 1524 :tum
3112 1462 3285 1542 quod
3350 1463 3417 1525 in

168 1548 440 1610 oratione
471 1556 597 1611 tota
629 1550 853 1613 civitas
903 1553 1009 1615 illa
1038 1566 1348 1635 perpetuo
1385 1556 1832 1636 Tiberiopolis,
1868 1577 2197 1639 nunquam
2220 1563 2563 1623 Strumitza
2600 1574 3049 1638 nuncupetur;
3084 1572 3218 1625 tum
3239 1566 3418 1643 quod

168 1667 226 1711 ea
248 1652 436 1713 verba
458 1651 677 1715 alieno
707 1653 829 1716 sita
859 1654 1001 1718 loco
1039 1666 1387 1721 cernantur
1421 1682 1435 1720 :
1468 1677 1681 1738 neque
1719 1660 1889 1721 enim
1912 1670 2163 1725 vetusto
2190 1662 2610 1742 Tiberiopolis
2644 1664 2918 1738 nomini,
2956 1676 3022 1727 ut
3054 1682 3416 1746 congruum

168 1762 303 1827 erat,
346 1755 833 1831 adhaerescunt;
867 1760 978 1821 sed
1015 1769 1158 1838 post
1189 1779 1263 1825 ea
1302 1764 1514 1839 verba,
1566 1766 1745 1845 passi
1771 1775 1945 1841 sunt,
1968 1768 2184 1829 minus
2213 1776 2355 1845 apte
2392 1768 2689 1830 translata
2724 1777 2898 1830 sunt.
2924 1768 3419 1835 Acceditfuisse

170 1860 222 1919 in
273 1860 494 1922 codice
555 1861 846 1924 vitiosam
898 1869 1448 1931 constructionem
1510 1870 1731 1950 (quam
1785 1888 1905 1947 ego
1962 1871 2030 1933 in
2112 1872 2287 1933 edito
2336 1872 2740 1948 emendavi);
2806 1890 2951 1934 cum
3030 1873 3205 1934 enim
3259 1876 3421 1931 Τιϐε-

169 1967 429 2036 picum?“
482 1967 546 2028 in
590 1984 739 2030 casu
776 1977 973 2047 esset,
1001 1980 1071 2033 ut
1128 1972 1466 2054 inquiunt,
1519 1977 1810 2053 dativo,s

1786 1977 2206 2056 sequebatur,
2236 1974 2566 2054 interjecta
2619 1992 2769 2037 voce
2806 1985 3297 2058 μαρτυρησάντων,
3347 1974 3416 2033 in

167 2063 439 2135 genitivo
480 2067 971 2145 ἐπονομαζομένης
996 2074 1398 2146 Στρουμίτξης.
1428 2077 1749 2158 Quisquis

1810 2087 2018 2142 tamen
2066 2096 2137 2140 ea
2169 2079 2495 2140 addiderit
2559 2079 2771 2152 verba,
2808 2095 2886 2141 eo
2923 2078 3109 2141 illum
3141 2077 3418 2142 consilio

168 2162 474 2231 addidisse
506 2169 895 2247 arbitror,ut
921 2177 1143 2238 Lector
1167 2177 1229 2237 in
1259 2178 1400 2254 ipso
1426 2179 1637 2240 statim
1663 2180 1932 2242 exordio
1965 2178 2438 2257 Tiberiopolim,
2494 2179 2558 2241 in
2586 2196 2711 2259 qua
2746 2179 2841 2240 illi
2881 2179 3143 2242 subiere
3181 2185 3421 2256 marty-

169 2266 342 2343 rium,
378 2288 417 2334 a
476 2276 723 2337 creteris
754 2278 1047 2358 ejusdem
1085 2281 1370 2345 nominis
1404 2282 1775 2345 civitatibus
1828 2284 2357 2363 distinguendam
2394 2300 2538 2346 esse
2578 2283 2994 2363 intelligeret.
3024 2285 3179 2346 Nam
3211 2282 3420 2345 etalia

169 2373 586 2455 Tiberiopolis
618 2380 739 2443 fuit
770 2384 836 2445 in
862 2401 936 2446 ea
965 2384 1262 2465 Phrygias
1286 2387 1545 2467 majoris
1571 2395 1767 2467 parte,
1795 2407 1939 2468 quae
1972 2390 2207 2452 dicitur
2248 2388 2616 2463 Pacatiana;
2652 2387 2775 2449 alia
2816 2387 2880 2448 in
2930 2384 3143 2446 insula
3176 2384 3413 2463 Cypro,

166 2477 272 2537 alia
303 2479 589 2561 denique
620 2484 687 2547 in
740 2488 989 2564 Europa
1014 2486 1089 2549 ad
1122 2489 1393 2551 Pontum
1423 2488 1782 2562 Euxinum;
1817 2490 1872 2551 si
1906 2490 2172 2567 quidem
2206 2506 2280 2552 ea
2312 2505 2458 2569 quas
2486 2506 2657 2553 nunc
2682 2487 2898 2549 Barna
2932 2484 3025 2545 vel
3070 2485 3275 2546 l’arna
3309 2498 3419 2543 vo-

167 2588 326 2641 catur
360 2582 616 2661 (estque
661 2585 830 2647 haud
860 2587 1170 2666 ignobilis
1232 2589 1407 2663 urbs,
1473 2599 1693 2669 utpote
1724 2591 2458 2672 archiepiscOpaliaucta
2510 2592 2874 2671 dignitate),
2897 2587 3096 2650 fuerit
3129 2587 3314 2662 olim,
3348 2593 3418 2649 ut

172 2684 334 2744 multi
363 2688 682 2759 sentiunt,
727 2690 1156 2771 Tiberiopolis
1188 2693 1532 2772 appellata.
1594 2696 1723 2757 Alii
1750 2704 1958 2758 tamen
2005 2697 2071 2757 in
2106 2713 2176 2757 ea
2212 2703 2365 2757 sunt
2406 2695 2744 2772 opinione,
2787 2690 2964 2773 quod
3007 2690 3211 2752 l'arna
3239 2690 3411 2751 idem

168 2796 230 2839 sc
260 2783 465 2860 prisca
495 2786 971 2867 Dionysiopolis
1030 2791 1145 2862 sit;
1193 2790 1303 2852 alii
1368 2808 1517 2855 vero
1547 2790 1853 2872 Odyssus,
1897 2794 1995 2855 vel
2046 2792 2331 2855 Odessus.
2380 2795 2476 2855 Ab
2531 2792 2836 2856 omnibus
2883 2791 2986 2853 his
3023 2807 3095 2853 ea
3146 2789 3417 2852 fortasse

172 2883 409 2947 diversa
455 2896 577 2962 est,
624 2889 971 2969 solumque
1019 2890 1102 2952 ob
1153 2890 1275 2954 loci
1308 2893 1860 2973 propinquitatem
1895 2895 2085 2958 modo
2121 2912 2234 2975 pro
2274 2911 2423 2969 una,
2483 2895 2673 2957 modo
2707 2909 2824 2974 pro
2864 2891 2989 2956 alia
3020 2897 3421 2954 vetustarum

171 2988 411 3052 urbium
436 3000 714 3070 sumpta.
743 2994 1184 3058 Certumillud
1218 2997 1497 3070 videtur,
1530 2998 1799 3061 omnino
1825 2998 2035 3078 decipi
2078 3015 2190 3061 eos
2242 2998 2359 3079 qui
2386 2996 2879 3077 'l‘iberiOpolim.
2922 3011 3094 3059 nunc
3119 2993 3419 3056 Strumit-

172 3108 288 3153 2am
320 3094 423 3173 (de
448 3112 573 3172 qua
617 3093 721 3156 hic
750 3094 1139 3174 loquimur),
1173 3114 1321 3159 cum
1365 3099 1568 3161 Varna
1599 3116 1713 3162 seu
1747 3101 1946 3162 Barna
1974 3098 2417 3162 contundunt:
2451 3116 2594 3162 nam
2638 3104 2949 3178 quantum
2986 3097 3419 3176 Tiberiopolis

171 3192 603 3256 Strumitziana
668 3195 743 3271 (si
780 3194 1085 3258 claritatis
1116 3196 1325 3274 gratia
1363 3198 1451 3260 ita
1518 3197 1701 3278 loqui
1730 3197 1903 3277 licet)
1936 3216 1969 3261 a
2021 3202 2223 3261 Ponto
2243 3200 2437 3262 distet
2486 3200 2764 3275 Euxino,
2796 3205 3045 3262 constat
3083 3216 3165 3261 ex
3196 3199 3415 3261 dictis-

168 3292 313 3365 Quis
350 3296 553 3368 enim,
589 3296 719 3358 nisi
750 3300 1161 3378 geographia;
1195 3315 1460 3377 prorsus
1495 3300 1786 3380 ignarus,
1824 3302 2084 3375 dixerit,
2119 3302 2387 3363 Varnam
2423 3317 2555 3362 esse
2575 3303 2658 3363 ad
2676 3301 3237 3381 septentrionalem
3263 3301 3415 3379 pla.-

167 3411 290 3469 gam
322 3397 794 3461 Thessalonices
815 3401 884 3462 in
909 3403 1236 3481 principio
1262 3402 1578 3481 Illyridis,
1600 3404 2146 3482 quemadmodum
2175 3402 2699 3485 Theophylactus
2726 3402 3003 3466 asseruit
3027 3402 3108 3464 de
3125 3400 3420 3463 Tiberio-

170 3497 325 3571 poli?
361 3502 457 3561 Ex
488 3500 603 3562 hac
629 3518 822 3580 porro
851 3504 1288 3585 descriptione
1322 3504 1736 3567 manifestum
1765 3504 2047 3580 videtur,
2069 3506 2713 3585 hujusTiberiopolis
2746 3504 2959 3568 locum
2993 3502 3416 3568 intralimites

168 3599 550 3664 Macedoniae
576 3602 783 3665 fuisse
827 3621 898 3667 ea
950 3606 1016 3667 in
1055 3614 1230 3685 parte
1258 3624 1407 3687 quae
1431 3607 1723 3685 proxime
1751 3616 1994 3685 spectat
2018 3608 2301 3669 Mmsiam
2333 3608 2739 3687 superiorem
2762 3610 2959 3684 (nunc
3001 3606 3279 3669 Servium
3310 3621 3422 3666 vo-

166 3703 339 3784 cant),
362 3721 516 3784 quas
544 3706 941 3769 Macedonia;
974 3725 1117 3787 pars
1148 3709 1531 3790 aliquandiu
1562 3709 1774 3785 paruit
1805 3710 2228 3788 Bulgarorum
2253 3710 2530 3790 imperio
2564 3729 2580 3768 :
2616 3710 2857 3790 quippe
2889 3708 3418 3789 quod,regnante

170 3804 385 3877 Crubo,
411 3804 937 3870 Thessalonicam
965 3825 1175 3888 usque
1216 3809 1744 3887 protendebatur,
1795 3818 1866 3873 ut
1895 3809 2417 3890 TheOpliylactus
2464 3811 2528 3871 in
2568 3808 2681 3871 hac
2712 3810 2848 3885 ipsa
2880 3808 3170 3870 oratione
3228 3811 3419 3865 testa-

168 3910 277 3965 tur.
316 3907 495 3969 Situs
536 3924 691 3970 vero
748 3908 870 3971 iste
932 3908 1428 3988 Tiber-iupoleos
1462 3911 1705 3989 Optime
1742 3910 2044 3989 congruit
2080 3927 2224 3971 cum
2278 3909 2639 3973 Strumitzaa
2670 3909 2824 3980 situ,
2854 3915 2921 3969 ut
2950 3906 3276 3984 colligitur
3337 3919 3416 3962 ex

169 4006 516 4087 Nicephoro
546 4011 851 4088 Gregora,
876 4009 991 4090 qui
1015 4028 1153 4073 eam
1186 4012 1521 4090 ingressus
1554 4020 1675 4085 est,
1716 4011 1871 4073 dum
1929 4012 2237 4090 Byzantio
2267 4028 2394 4073 una
2447 4028 2592 4074 cum
2626 4010 2851 4091 legat-is
2880 4010 2954 4072 ad
2990 4008 3266 4081 Cralem,
3297 4023 3415 4066 seu

171 4129 369 4189 regem
437 4113 683 4177 Serviat).
724 4113 872 4176 illac
930 4116 1255 4177 transiens
1294 4115 1568 4190 Scupios
1617 4115 2158 4192 proﬁcisceretur.
2229 4115 2556 4177 Nonnulla
2587 4113 2804 4189 verba,
2841 4113 3086 4193 quibus
3150 4112 3271 4172 iter
3302 4108 3416 4172 ille

168 4232 347 4277 suum
374 4216 715 4291 describit,
745 4193 928 4297 juvat
961 4219 1066 4280 hic
1096 4219 1163 4280 in
1200 4218 1486 4280 medium
1523 4216 1850 4297 proferre;
1902 4218 2147 4297 quippe
2172 4234 2318 4295 qua)
2349 4225 2830 4297 peropportuna
2855 4214 3158 4276 videntur
3180 4210 3416 4273 conﬁr-

169 4322 403 4383 mandis
434 4322 521 4384 iis
550 4339 697 4400 qum
724 4326 804 4385 de
837 4322 1268 4400 Tiberiopolis
1299 4340 1413 4385 seu
1440 4323 1807 4385 Strumitzm
1854 4323 1982 4384 situ
2019 4323 2508 4402 exiguitateque
2540 4320 3060 4401 supradiximus.
3088 4320 3420 4381 Posterum

168 4423 389 4500 (inquit
420 4424 537 4485 ille
569 4424 820 4485 Hister.
857 4425 1097 4503 Byzant
1151 4425 1259 4488 lib.
1301 4443 1437 4493 ms,
1468 4443 1606 4503 cap.
1663 4425 1758 4498 15,
1798 4443 1977 4489 num.
2008 4427 2069 4503 6)
2114 4442 2149 4487 a
2183 4427 2454 4489 transitu
2512 4425 2871 4503 Strymonis
2905 4422 3084 4482 ﬂuvii
3140 4421 3306 4482 diem
3349 4423 3417 4482 in

167 4519 372 4582 itinere
434 4531 636 4583 totam
687 4525 1201 4602 consumpsimus,
1262 4535 1318 4585 et
1348 4524 1432 4584 ad
1479 4523 1852 4603 oppidulum
1882 4525 2204 4603 (πολίχνιον,
2255 4523 2587 4604 parvulam
2640 4522 2973 4601 civitatem)
3029 4520 3411 4582 devenimus,

164 4620 313 4696 quod
334 4641 497 4701 pene
532 4641 735 4702 supra
755 4624 949 4684 nubes
972 4626 1195 4686 eminet
1221 4626 1591 4703 (Strumitza
1617 4625 1693 4687 ab
1717 4626 1945 4687 incolis
1966 4627 2277 4707 vocatur),
2313 4625 2465 4686 adeo
2488 4636 2822 4704 prwrupto
2853 4632 2910 4683 et
2942 4622 3187 4683 excelso
3214 4619 3415 4680 monti

166 4722 539 4799 impositum,
580 4733 652 4786 ut
709 4724 983 4786 homines
1028 4726 1096 4786 in
1120 4726 1625 4805 propugnaculis
1655 4726 1933 4788 sedentes
1971 4746 1999 4786 e
2026 4727 2188 4789 valle
2236 4726 2726 4807 suspicientibus
2755 4723 3148 4785 avicularum
3180 4719 3413 4783 similes

164 4822 624 4908 “demutat...
676 4827 889 4887 Tertio
943 4825 1086 4887 inde
1134 4826 1234 4889 die
1297 4826 1378 4888 ad
1415 4827 1810 4908 oppidulum,
1843 4828 2154 4902 πολίχνιον,
2205 4829 2579 4908 Scopiorum
2634 4827 3027 4897 divertimus,
3063 4827 3235 4903 ipsos
3276 4825 3415 4902 jam

161 4905 585 4999 'Triballorum
609 4924 761 5002 ﬁnes
796 4926 1088 5003 ingressi,
1111 4945 1185 4989 ae
1210 4905 1754 5007 praterlabentem
1772 4926 2043 4989 vidimus
2065 4926 2300 4989 Axium
2324 4905 2611 5008 ﬂuvium,
2647 4933 2764 4988 etc.
2805 4925 3058 4998 Quibus
3090 4942 3167 4987 ex
3198 4923 3411 4984 verbis

167 5027 571 5107 perspicuum
610 5026 911 5088 eﬂicitur:
953 5025 1006 5091 1.
1044 5030 1448 5093 Strumitzam
1491 5031 1659 5093 inter
1687 5031 1918 5092 ﬂuvios
1951 5033 2355 5111 Strymonem
2391 5038 2451 5092 et
2480 5030 2714 5092 Axium
2753 5029 2958 5091 fuisse
2994 5028 3409 5107 intcrjectam,

166 5133 219 5196 et
262 5142 294 5188 a
350 5126 573 5206 priore
601 5128 802 5190 unius
858 5128 1111 5193 circiter
1144 5132 1276 5193 diei
1309 5131 1545 5195 itinere
1578 5131 1899 5204 dissitam,
1953 5132 2032 5194 ab
2080 5130 2207 5193 alio
2249 5148 2419 5205 vero,
2464 5129 2571 5191 ubi
2629 5131 2898 5208 Scupios
2946 5128 3415 5206 praeterlabitur

168 5230 456 5310 (proinde
489 5232 651 5313 etab
676 5233 834 5312 ipsis
855 5236 1157 5315 Scupiis),
1194 5235 1387 5298 trium
1409 5236 1661 5297 dierum
1694 5233 2752 5307 intervalledistantem.2.Eam,si
2786 5232 2864 5294 ad
2902 5231 3413 5294 Thessalonicam

170 5333 486 5407 referatur,
515 5335 1087 5412 septentrionalem
1122 5336 1354 5411 fuisse,
1398 5338 1765 5416 cujusmodi
1796 5345 1859 5399 et
1917 5333 2355 5413 TiberiOpolis
2412 5343 2546 5396 erat
2589 5332 3068 5411 ’[heoiihylacto
3116 5339 3299 5393 teste.
3350 5334 3409 5393 3.

167 5434 487 5499 Civitatem
522 5436 727 5497 fuisse
764 5438 1113 5513 parvulam,
1141 5438 1277 5499 sive
1310 5438 1499 5500 etiam
1533 5438 1916 5515 Oppidulum
1951 5438 2065 5500 uni
2116 5455 2195 5497 ex
2249 5435 2522 5513 praealtis
2554 5436 2756 5495 Hmmi
2791 5435 3029 5496 montis
3064 5433 3416 5496 verticibus

170 5539 484 5615 insidens;
550 5542 797 5619 quippe
852 5557 1037 5602 mons
1072 5541 1194 5602 isto
1252 5541 1698 5603 Macedoniam
1746 5542 1978 5601 dividit
2010 5540 2088 5601 ab
2121 5549 2389 5617 utraque
2426 5538 2638 5599 Maesia
2674 5538 2781 5617 (ιι).
2834 5539 2980 5599 Htec
3016 5538 3232 5600 omnia
3267 5554 3414 5613 per-

228 5798 296 5865 (a)
334 5798 474 5852 Cum
504 5797 598 5851 liis
634 5795 890 5884 omnibus
914 5795 1200 5884 consentitl
1229 5795 1527 5876 descriptio
1570 5793 1729 5884 liuius
1840 5792 2043 5845 Iliensis
2086 5791 2138 5842 in
2173 5805 2277 5884 sual
2309 5788 2643 5884 ﬁt’vf-[t2ﬂlllltzltt

173 5860 325 5936 milis,
358 5885 529 5943 quam
569 5866 789 5923 exhibet
815 5865 1059 5921 Metellus
1090 5860 1534 5935 archiepiscopus
1567 5860 1733 5920 Atlic-
1845 5881 1997 5927 uouu,
2044 5878 2161 5931 qua:
2215 5860 2358 5914 cd;t:t
2419 5870 2496 5913 est
2544 5862 2626 5913 hic
2672 5860 2910 5912 Venetus
2962 5860 3150 5909 Urmre
3204 5866 3417 5911 tantum
