4156 6440
726 426 830 486 435
1383 493 1386 497 ,
1782 430 2167 490 ΒΟΝΙΙΡᾹΟΙῚ
2205 429 2367 488 FINE

2353 430 2508 490 ETTI
2558 432 2948 491 PREFATIO
3760 482 3773 505 ι
3888 422 3994 490 436

725 536 945 613 spicea
972 544 1143 609 sunt,
1200 538 1319 599 nisi
1361 557 1495 602 mea
1528 557 1627 603 me
1686 540 1846 601 fallit
1878 541 2126 619 Opinio.
2172 542 2413 602 Verum
2455 540 2611 602 illud
2650 542 3023 615 obscurius,
3054 557 3178 627 qua
3213 556 3444 618 nempe
3485 537 3731 601 ratione
3784 537 3999 599 Theo-

729 638 1061 714 plty‘lactus
1096 639 1258 701 hanc
1290 641 1734 720 'l‘iberioiiolis
1768 642 2019 715 urbem,
2060 659 2176 704 seu
2212 643 2642 715 Strumitzam,
2677 642 2986 703 afﬁrmare
3021 642 3298 720 potuerit
3330 658 3472 702 esse
3504 651 3621 702 κατ’
3660 648 3836 721 ἀρχὰς
3888 648 3992 715 τῆς

726 750 908 819 χώρας
948 748 1261 820 Ἰλλυρίδος,
1303 743 1594 820 proxime
1625 746 1690 805 in
1716 724 2043 823 principio
2078 744 2357 821 regionis
2388 743 2676 822 Illyridis
2707 763 2813 805 seu
2849 744 3117 822 Illyrici,
3153 762 3297 806 cum
3327 744 3693 823 ablllyride
3732 744 3995 822 proprie

728 854 1004 921 sumpta,
1068 862 1258 922 quam
1306 844 1544 905 Drinus
1602 846 1840 907 ﬂuvius
1872 863 1905 907 a
1946 844 2319 906 Macedonia
2366 844 2798 919 disterminat,
2842 847 3061 924 procul
3096 855 3265 908 esset
3312 846 3735 927 quorumdam
3784 848 3995 908 inter-

732 946 895 1005 vallo
926 946 1179 1009 dierum
1211 956 1302 1008 :et
1326 947 1563 1027 Illyrici
1601 946 1792 1008 latius
1825 945 2067 1023 accepti
2102 944 2387 1007 medium
2417 943 2550 1007 fere
2584 954 2858 1021 teneret,
2894 947 3081 1026 cujus
3116 964 3255 1025 pars
3305 946 3811 1020 orientalis,seu
3842 947 3998 1027 Illy-

730 1051 961 1121 ricum,
1003 1059 1069 1110 ut
1106 1052 1431 1123 vocabant,
1491 1048 1847 1129 Orientale,
1886 1050 2331 1112 Macedoniam
2381 1066 2512 1111 una
2536 1067 2675 1111 cum
2736 1050 2949 1111 Daciis
2993 1067 3063 1111 ac
3095 1049 3341 1111 Mmsiis
3394 1065 3514 1111 suo
3546 1049 3785 1112 ambitu
3822 1067 4000 1111 com-

733 1152 1143 1231 plectebatur.
1243 1156 1479 1216 Verum
1553 1152 1895 1216 difﬁcultas
1976 1154 2301 1215 evanescit
2361 1156 2621 1229 omnis,
2706 1154 2757 1215 si
2844 1154 2929 1215 ita
2993 1154 3441 1235 intelligantur
3527 1154 3995 1234 TheOphylacti

733 1258 976 1329 verba,
1042 1258 1589 1333 quemadmodum
1649 1256 2066 1336 intelligenda
2117 1274 2259 1319 esse
2310 1258 2879 1336 persuasissimum
2942 1256 3100 1319 mihi
3161 1264 3280 1332 est,
3339 1254 3641 1318 videlicet
3706 1261 4001 1328 Ίλλύριδος

727 1362 933 1434 χώρας,
983 1361 1274 1441 Illyridis
1306 1362 1564 1424 nomine
1600 1362 1702 1425 hic
1728 1361 2074 1441 significari
2102 1370 2368 1424 tractum
2393 1378 2649 1423 omnem
2687 1370 3024 1435 terrarum,
3052 1379 3245 1439 quem
3281 1357 3536 1439 Bulgari
3562 1358 3839 1437 Illyrica,
3876 1371 3999 1415 seu

731 1463 1214 1543 Slavicalingua
1257 1468 1628 1546 utentes(ut
1657 1475 1717 1528 et
1751 1467 1942 1529 modo
1970 1464 2265 1546 utuntur)
2292 1467 2709 1546 occupabant,
2736 1474 2930 1547 atque
2964 1467 3029 1528 in
3067 1482 3247 1529 suam
3290 1466 3666 1545 redegerant
3712 1468 3995 1539 potesta-

731 1574 892 1637 tem;
953 1574 1013 1628 et
1049 1585 1241 1644 quem
1298 1576 1429 1629 turu
1464 1568 1654 1629 etiam
1715 1568 2104 1641 incolebant,
2163 1568 2705 1647 cumimperatori
2768 1562 3644 1647 Constantinoiiolitanoﬁut
3702 1576 3999 1640 tempore

732 1666 1221 1745 'l‘heOphylacti)
1256 1669 1576 1744 parebant.
1613 1671 1749 1729 Jam
1783 1685 1934 1729 vero
1974 1669 2260 1747 lllyridis
2288 1669 2382 1730 sic
2403 1675 2677 1748 acceptae
2720 1668 2917 1747 prima
2971 1686 3110 1747 quae
3139 1669 3417 1730 occurrit
3460 1668 3685 1729 civitas
3709 1683 3786 1726 ex
3817 1664 3997 1760 Grai:

731 1769 851 1839 cia,
888 1787 956 1830 ac
993 1770 1400 1849 potissimum
1439 1772 1923 1845 Thessalonica,
1962 1772 2374 1834 venientibus
2402 1772 2535 1835 haec
2568 1780 2689 1849 est,
2728 1774 2806 1835 de
2832 1788 2958 1853 qua
2996 1770 3350 1851 loquimur,
3384 1770 3761 1842 Strumitza;
3797 1768 3999 1845 idque

733 1884 984 1937 constat
1019 1894 1092 1937 ex
1132 1894 1233 1949 eo,
1271 1876 1442 1954 quod
1474 1872 1555 1937 'et
1593 1875 1743 1937 alihi
1778 1874 2383 1951 animadvertimus,
2438 1877 2748 1937 nimirum
2800 1875 3112 1955 Bulgaros
3150 1891 3361 1952 usque
3397 1875 3475 1935 ad
3524 1870 4005 1934 Thessalonicae

731 1980 891 2039 lines
932 1995 1118 2040 suum
1158 1979 1509 2055 protulisse
1547 1979 1935 2058 imperium;
1967 1987 2158 2059 atque
2185 1980 2377 2041 etiam
2416 1997 2492 2041 ex
2532 1997 2609 2041 eo
2634 1981 2803 2059 quod
2828 1976 3620 2057 subindicatNicephorus
3655 1977 4001 2051 Gregoras,

732 2098 905 2142 sacra
954 2081 1291 2159 paschalia,
1320 2082 1561 2161 quibus
1597 2083 1708 2145 ille
1746 2084 2061 2158 interfuit,
2096 2084 2427 2162 Bulgarica
2486 2102 2603 2146 seu
2648 2084 2981 2147 Slavonica
3016 2082 3235 2160 lingua
3268 2080 3474 2143 fuisse
3508 2079 3869 2143 Strumitzaa
3898 2095 4006 2139 ce-

734 2186 995 2248 lebrata.
1033 2191 1121 2248 Ex
1154 2205 1285 2267 quo
1333 2188 1515 2267 plane.
1542 2206 1950 2269 consequens
1984 2198 2104 2265 est,
2136 2197 2270 2251 tum
2313 2206 2451 2252 eam
2486 2190 2807 2251 habitasse
2846 2187 3178 2267 Bulgaros,
3215 2204 3329 2248 seu
3357 2192 3613 2265 gentem
3646 2183 3999 2262 Illyricam.

733 2289 852 2348 Sed
891 2290 1102 2365 ipsum
1139 2292 1378 2353 referre
1416 2294 1764 2370 Gregoram
1800 2300 2073 2371 praestat,
2109 2294 2219 2371 qui
2255 2292 2408 2354 satis
2462 2291 2679 2372 lepide
2727 2291 3034 2353 describit
3064 2298 3317 2354 cantum
3353 2304 3483 2368 quo
3535 2284 3791 2365 Bulgari
3827 2285 4007 2345 Stru-

734 2390 1013 2453 mitziani
1043 2395 1403 2473 paschalem
1454 2395 1925 2457 solemnitatem
1960 2396 2389 2458 celebrabant.
2452 2396 2549 2457 lbi
2579 2396 2820 2457 Pascha
2852 2395 2961 2471 (ait
2995 2394 3134 2457 loco
3167 2409 3356 2470 supra
3407 2388 3624 2469 citato)
3657 2388 3910 2449 moleste
3944 2394 4006 2448 (ε

730 2501 970 2565 [irtrter
1010 2504 1272 2554 veterem
1316 2506 1599 2556 nostram
1650 2497 2183 2571 consuetudinem,
2219 2496 2325 2556 sed
2383 2507 2586 2558 tamen
2624 2497 3095 2559 celebravimus.
3130 2494 3230 2556 Ibi
3261 2496 3419 2555 enim
3451 2494 3649 2553 omnis
3680 2490 4003 2562 doctrina,

732 2591 1009 2667 rhythmi
1040 2600 1097 2651 et
1119 2610 1314 2652 sacrae
1342 2595 1688 2672 hymnodiw
1718 2598 1958 2656 musica
1986 2613 2104 2674 pro
2125 2596 2320 2673 nugis
2355 2595 2707 2657 habentur:
2740 2598 2971 2674 quippe
2989 2595 3294 2674 oppidani
3326 2593 3599 2655 barbara
3628 2593 3758 2669 fere
3781 2591 4007 2668 lingua

733 2703 1022 2767 utantur,
1058 2706 1113 2757 et
1146 2696 1225 2757 iis
1256 2698 1384 2757 sint
1407 2698 1684 2758 moribus
1707 2700 1812 2775 qui
1832 2708 2119 2759 aratrum
2142 2710 2197 2758 et
2232 2698 2498 2777 ligonem
2528 2700 2593 2759 in
2620 2700 2849 2777 primis
2884 2697 3158 2758 deceant.
3188 2697 3396 2774 Neque
3421 2695 3579 2755 enim
3616 2711 3750 2751 eum
3782 2710 4010 2752 sonum

734 2794 1016 2868 edebant,
1040 2797 1172 2874 qui,
1202 2798 1319 2858 etsi
1346 2797 1834 2872 semibarbarus,
1864 2808 2067 2860 tamen
2096 2799 2451 2860 modulatus
2480 2803 2669 2875 foret,
2700 2800 3000 2878 etaliquis
3028 2800 3161 2877 ipse
3191 2814 3432 2875 quoque
3456 2813 3583 2853 esse
3611 2803 4007 2866 censeretur,

734 2902 797 2949 ut
828 2890 1216 2970 semilydius,
1252 2904 1310 2954 et
1362 2899 1419 2956 si
1450 2899 1548 2974 [as
1580 2896 1811 2971 dicere,
1841 2900 2339 2977 semiphrygius:
2382 2898 2491 2959 sed
2532 2898 3092 2977 belluinum’plane
3138 2907 3192 2958 et
3220 2906 3585 2956 montanum
3632 2892 3946 2953 sonabant
3986 2908 4008 2946 :

731 3005 849 3062 quo
889 2990 1023 3049 ritu
1059 2990 1353 3051 nomades
1404 2994 1531 3072 ipsi
1564 3005 1856 3056 canerent
1880 2995 2174 3073 gregibus
2207 2998 2338 3057 suis
2361 3006 2710 3075 prteeuntes
2767 2997 2851 3058 ad
2878 3000 3040 3077 juga
3090 3006 3147 3057 et
3177 2994 3384 3075 sylvas
3408 3012 3549 3055 vere
3610 3011 3794 3065 novo,
3863 3012 4011 3053 cum

734 3088 972 3163 rymbia
1002 3091 1161 3152 lacte
1200 3094 1549 3155 exundant.
1593 3098 1738 3159 llaec
1771 3096 2185 3177 hyperbolica
2212 3099 2533 3162 scribendi
2569 3101 2729 3161 ratio
2761 3102 2977 3162 Greece
3028 3099 3276 3161 homini
3308 3146 3321 3171 ,
3360 3096 3802 3175 principisque
3841 3093 4011 3155 civi-

736 3190 881 3251 tatis
907 3192 1113 3255 cultui
1150 3206 1410 3258 assueto
1447 3198 1797 3260 condonari
1836 3208 2065 3277 potest.
2110 3200 2376 3261 Interim
2405 3218 2553 3263 vero
2587 3219 2665 3263 ex
2721 3201 2833 3263 illa
2865 3201 3079 3279 colligi
3124 3201 3404 3272 videtur,
3461 3198 3699 3260 incolas
3731 3198 4011 3259 Strumi-

737 3290 983 3356 tuanos
1017 3313 1225 3376 neque
1254 3298 1511 3360 natione
1544 3302 1819 3373 Graacos,
1849 3319 2058 3380 neque
2096 3303 2306 3363 Graeca
2334 3302 2399 3363 in
2432 3302 2627 3364 sacris
2657 3303 2885 3382 lingua
2924 3320 3077 3366 usos
3131 3302 3333 3364 fuisse
3362 3324 3377 3375 ;
3404 3303 3694 3380 adeoque
3722 3299 3818 3359 vel
3858 3296 4011 3358 Bal-

735 3417 948 3478 garos,
1000 3400 1096 3462 vel
1127 3402 1410 3475 Servios,
1441 3404 1535 3464 vel
1593 3412 1765 3465 certe
1798 3405 2083 3484 aliquem
2114 3423 2190 3467 ex
2225 3406 2486 3485 Illyrico
2523 3406 2858 3485 pepulum.
2897 3410 3120 3486 Neque
3152 3407 3324 3468 enim
3363 3404 3603 3484 lingua,
3648 3420 3770 3481 qua
3824 3403 4011 3463 Stru-

739 3503 1025 3565 mitziani
1061 3522 1235 3567 sacra
1273 3508 1824 3585 peragebant,a|ia
1849 3508 2053 3571 fuisse
2080 3512 2331 3571 videtur
2366 3518 2595 3591 praeter
2631 3511 3108 3573 Schlavonicam
3138 3510 3246 3587 (al.
3272 3509 3440 3584 Quid
3478 3507 3651 3587 quod
3685 3508 4008 3582 Gregoras

735 3608 877 3678 ipse
919 3608 1300 3683 praecedenti
1366 3626 1543 3671 num.
1595 3619 1833 3685 monet,
1872 3610 1995 3672 loci
2042 3612 2219 3674 illius
2265 3615 2417 3689 (tum
2452 3631 2603 3676 vero
2627 3614 2830 3677 adhuc
2859 3614 3073 3675 aberat
3111 3613 3453 3674 Strumitza
3493 3610 3625 3671 fere
3671 3609 4008 3685 integrum

736 3707 992 3768 itineris
1019 3706 1217 3787 diem)
1250 3707 1488 3770 incolas
1518 3711 1853 3789 plerosque
1888 3712 2214 3789 Mysorum
2261 3712 2413 3791 (seu
2451 3712 2823 3789 Moesorum)
2874 3711 3130 3770 colonos
3169 3711 3387 3789 fuisse.
3429 3710 3813 3769 Persuasum
3848 3722 4009 3767 vero

739 3809 964 3881 habeo,
1002 3810 1349 3888 Mysorum,
1378 3827 1493 3871 seu
1529 3812 1870 3873 Mensorum
1920 3812 2181 3873 nomine
2216 3812 2321 3873 hic
2362 3812 2669 3891 Bulgaros
2700 3810 3078 3890 signiﬁcari,
3114 3808 3210 3871 vel
3247 3808 3502 3871 Servios
3568 3806 3869 3884 (uterque
3907 3810 4009 3865 est

738 3913 1199 3975 Schlavonicus
1261 3915 1573 3994 pepulus)
1625 3916 1739 3994 qui
1796 3923 2135 3995 utramque
2197 3916 2476 3979 Mmsiam
2522 3914 3205 3995 jamdiu-incolebant.
3246 3914 3342 3973 Ex
3378 3910 3642 3990 quibus,
3679 3908 3743 3968 ni
3784 3905 4006 3980 fallor,

738 4019 893 4080 satis
926 4026 1023 4080 est
1062 4019 1492 4097 espluratum,
1550 4036 1677 4080 non
1714 4020 2037 4082 immerito
2091 4021 2644 4099 TheOphylactum
2705 4036 2993 4081 asserere
3039 4014 3358 4097 potuisse,
3396 4012 3829 4091 Strumitzam,
3881 4027 4008 4071 seu

739 4122 1204 4201 'l‘iberioiiolim
1235 4120 1440 4184 fuisse
1472 4123 1769 4201 proxime
1804 4124 1871 4185 in
1905 4123 2230 4202 principio
2248 4123 2527 4199 regionis
2560 4121 2861 4199 Illyrica.

820 4224 964 4285 ΧΧ.
1018 4223 1139 4285 Sed
1173 4222 1368 4284 alicui
1402 4222 1671 4285 fortasse
1705 4222 2083 4299 scrupulum
2125 4221 2397 4301 ingeret,
2433 4220 2607 4300 quod
2650 4235 2837 4280 nemo
2864 4224 3153 4279 veterum
3186 4216 3570 4292 scriptorum
3599 4228 4007 4274 memorave-

740 4330 819 4389 rit
883 4326 1077 4388 ullam
1144 4326 1562 4405 Tiberiopolis
1609 4327 1831 4388 urbem
1865 4340 1941 4385 eo
1983 4325 2125 4398 loci,
2180 4325 2290 4385 ubi
2323 4321 2729 4399 postmodum
2778 4320 3116 4381 Strumitza
3150 4318 3289 4391 fuit,
3340 4317 3775 4379 exsistentem.
3835 4314 4007 4373 Sane

741 4426 1077 4496 Cellarius,
1111 4425 1819 4505 antiqutegeographiee
1848 4426 2319 4487 solertissimus
2360 4425 2802 4502 investigator,
2834 4417 3324 4498 {Tiberiopolim
3358 4418 3449 4479 ibi
3490 4416 3732 4478 nullam
3792 4428 4003 4488 agno-

738 4532 878 4592 scit.
911 4534 1131 4611 Neque
1161 4531 1350 4591 etiam
1384 4533 1448 4593 in
1473 4550 1589 4593 sex
1613 4534 1877 4595 Notitiis
1908 4532 2145 4595 Graecis
2183 4529 2741 4590 Patriarchatuum
2783 4534 2839 4586 et
2875 4524 3114 4585 sedium
3146 4520 3617 4600 episcOpalium,
3653 4531 3799 4595 qum
3838 4512 4015 4574 refe-

742 4641 969 4699 runtur
1018 4634 1092 4695 ad
1154 4635 1388 4696 calcem
1441 4635 1672 4696 Codini
1724 4636 1811 4695 De
1864 4636 2089 4715 ofﬁciis
2138 4635 2203 4695 in
2239 4635 2517 4710 Corpore
2558 4630 2844 4693 historias
2893 4628 3282 4709 Byzantium,
3345 4624 3473 4688 ulla
3517 4624 3580 4685 ﬁt
3624 4620 3864 4683 mentio
3921 4619 4008 4680 de

738 4737 1105 4814 episcopatu
1142 4737 1693 4815 TiberiOpolitano
1724 4739 1819 4801 vel
1882 4738 2356 4800 Strumitziano.
2388 4738 2459 4798 ln
2499 4736 2920 4814 Expositione
2953 4733 3215 4813 quidem
3250 4728 3599 4792 Andronici
3655 4722 4005 4799 Palmologi

739 4835 1018 4896 senioris
1064 4836 1531 4914 meti-epolibus
1582 4846 2045 4899 annumeratur
2078 4838 2213 4916 ipsa
2275 4838 2465 4899 etiam
2543 4835 2960 4914 Tiberiopolis
3000 4832 3175 4905 urbs,
3225 4832 3597 4909 diciturque
3636 4846 3715 4888 ex
3794 4823 4006 4886 LXIII

736 4940 895 4999 facta
927 4939 1178 5000 LXXV.
1208 4939 1327 5000 Sed
1363 4938 1735 5017 hujusmodi
1768 4939 2231 5018 Tiberiopolim
2270 4938 2491 5000 urbem
2543 4936 2709 4999 haud
2753 4953 2893 4998 esse
2928 4936 3335 4997 Strumitzam
3376 4934 3439 4993 iu
3478 4928 3798 5010 principio
3834 4926 4002 5006 Illy-

739 5212 826 5249 nn.
874 5189 1008 5245 1728
1068 5188 1199 5257 Ejus
1234 5187 1396 5239 verba
1428 5197 1592 5243 sunt:
1628 5186 1974 5256 Στρούμιτζα
2020 5188 2174 5251 πόλις
2209 5189 2318 5241 τῶν

2421 5186 2567 5257 passi
2600 5189 2726 5239 sunt
2754 5180 2847 5235 XV
2866 5188 3230 5257 _ma_r_tyres,et
3260 5196 3381 5251 qua:
3400 5197 3524 5257 vere
3552 5181 3605 5234 in
3632 5188 3816 5257 monte
3847 5193 3996 5248 erat,

739 5212 826 5249 nn.
874 5203 1008 5245 1725
1070 5203 1199 5257 mus
1234 5203 1396 5239 verna
1428 5203 1592 5243 sunt:
1628 5203 1974 5256 λιτρουμιτςα
2020 5203 2174 5251 non;
2209 5206 2318 5241 των

739 5260 1056 5325 Τριϐαλλῶν
1112 5261 1189 5321 εἰς
1230 5258 1299 5310 τὰ
1338 5258 1547 5324 πέρατα
1593 5258 1690 5323 τῆς
1736 5256 2069 5319 Μακεδονίας
2113 5259 2316 5325 μεταξὺ

2459 5203 2567 5241 3551
2600 5203 2726 5239 sum
2760 5203 2839 5235 ΛΥ
2873 5203 3230 5249 manyrcs,cu.
3260 5203 3381 5251 qua:
3401 5203 3524 5235 vere
3552 5203 3605 5234 Ill
3632 5203 3816 5235 monte
3847 5203 3997 5248 erat,

2421 5203 2735 5325 Eiquuntur.
2768 5261 2834 5307 At
2866 5253 3208 5325 hodiernam.
3245 5268 3364 5325 qua:
3391 5263 3442 5306 et
3468 5250 3619 5325 Nora
3652 5251 3757 5305 dici
3791 5263 4001 5320 potest,

737 5318 830 5385 tot)
865 5318 1181 5410 Στρύμρνρξ
1208 5330 1320 5410 καὶ.
1341 5318 1434 5410 to?)
1468 5318 1925 5410 ςΛξίουέξοταμῷν
1949 5318 2312 5410 ξὺρὶσὶερμένη

2420 5318 2773 5407 ὃιῇυηιίιῑεηι
2811 5324 2875 5378 ad
2919 5322 3107 5410 pedjem
3137 5318 3382 5403 ejusdem
3410 5318 3870 5410 montisesstarel3
3899 5318 3999 5405 ve;

776 5408 819 5465 Ξς
868 5392 1187 5469 κρῇμξνῶόες
1238 5400 1332 5451 καὶ
1374 5399 1649 5464 ἀπότομον
1688 5392 1832 5469 ὕροέ,
1858 5392 2059 5465 ἀπέχόν
2085 5392 2191 5469 and
2221 5392 2312 5452 τϐῧ

2418 5398 2659 5469 terisque
2684 5392 3069 5469 tantumnme
3102 5394 3285 5469 ruinas
3334 5408 3645 5463 superesse,
3684 5392 3935 5448 inaudivi
3970 5410 4006 5451 ε

740 5463 1151 5538 smel—.tkpgav
1184 5470 1363 5539 ἡμερντ
1378 5486 1405 5519 ν
1434 5463 1703 5537 δρόμον...
1725 5463 1881 5539 Άῦτη
1906 5470 1938 5537 ή
1969 5463 2312 5537 Στρούμιτζα

1725 5463 1938 5539 ⁷Αὖτηή
1969 5463 2312 5537 Στρούμιτζα
2414 5470 2530 5521 vim
2562 5463 2801 5539 locorum
2836 5464 3050 5517 illorum
3091 5463 3284 5539 perito.

741 5544 987 5596 emisi-:0
1018 5534 1077 5593 ἐὺ
1108 5534 1326 5610 πρῶτον
1367 5534 1800 5608 Tmeptobnohg.
1840 5534 2157 5610 Strumitza
2186 5543 2308 5591 urbs

2422 5609 2428 5610 γ
2486 5541 2561 5605 (a)
2592 5536 2810 5610 Βρεμι
2860 5547 3063 5587 meram
3102 5534 3475 5610 conjecturam
3525 5548 3820 5610 propono;
3844 5534 4003 5591 Alias

744 5612 1100 5666 Triballorum
1154 5603 1291 5664 inter
1339 5603 1525 5677 ﬂuvius
1576 5610 1892 5677 Strymouen
1922 5619 1970 5661 et
1999 5609 2186 5661 Axium
2241 5612 2308 5662 ad
2420 5603 2680 5669 inaudivi,
2723 5607 2833 5659 illic
2867 5618 3011 5677 hunc
3074 5618 3227 5677 serra
3275 5605 3535 5677 celebrari
3569 5604 3752 5673 lingua
3783 5603 4003 5677 Grmcn.

740 5687 866 5752 fines
904 5681 1230 5735 Macedonia:
1258 5671 1534 5745 reperitur,
1583 5680 1633 5752 in
1671 5671 1946 5752 'prtvripiti
1985 5689 2034 5731 et
2083 5680 2307 5740 abrupto
2420 5677 2674 5731 Fortasse
2704 5679 2885 5752 etiam"
2902 5675 3078 5727 solum
3121 5671 3323 5727 Grmcm
3363 5675 3557 5752 lingua!
3584 5671 4004 5752 corruptionem

739 5744 1245 5820 ἓηυηιεῖοιιὶδιαιφιε
1278 5744 1480 5815 Srupiis
1525 5750 1683 5820 trium
1727 5744 1927 5803 dierum
1954 5752 2153 5802 itinere.
2180 5755 2305 5803 Il-l‘C
2418 5758 2608 5802 notare
2640 5748 2809 5799 voluit
2848 5746 3141 5817 Cri-geras,
3175 5760 3297 5799 cum
3338 5746 3432 5810 ait,
3471 5746 3592 5799 illos
3626 5744 3859 5799 barbara
3890 5744 4007 5814 fere

739 5826 861 5875 urbs
895 5825 1119 5888 primum
1162 5814 1442 5875 rorubntur
1471 5814 1829 5886 "l'iberibpolis.
1862 5822 2126 5872 Caeterum
2182 5838 2304 5873 cum
2418 5820 2596 5889 lingua
2624 5832 2753 5873 usos
2783 5832 2922 5871 cssv.

737 5896 1025 5965 Ct‘cg'n‘as,
1071 5902 1181 5949 tum
1219 5892 1467 5949 Melctiuz:
1497 5893 1560 5946 de
1586 5893 1751 5947 vctcri
1779 5890 2092 5956 Strumilta,
2128 5892 2177 5945 in
2204 5909 2306 5959 qua
