4156 6440
180 411 260 471 U'l
982 409 1061 468 IN
1114 409 1548 483 SEQUENTIA
1586 410 2177 473 THEOPIIYLACTI
2220 411 2565 474 SCRIPTA.
3320 413 3423 475 438

181 515 275 579 tici
306 520 523 595 sitam,
577 522 691 582 sed
751 521 964 598 potius
1010 522 1286 582 Varnam
1313 523 1390 584 ad
1438 525 1707 585 Pontum
1742 524 2094 596 Euxinum,
2133 539 2211 585 eo
2254 524 2373 584 loci
2406 523 2645 584 diserte
2674 523 3044 586 affirmatur.
3078 524 3197 584 Sed
3264 522 3418 589 hac.

181 621 453 695 quamvis
491 637 659 693 vera,
695 638 950 682 movere
979 629 1185 682 tamen
1217 622 1545 683 neminem
1568 622 1825 685 debent.
1865 625 2090 702 Neque
2119 622 2293 684 enim
2318 622 2537 683 omnia
2566 624 2836 683 omnino
2872 623 3002 684 loca
3031 621 3129 684 vel
3167 621 3423 700 cegnita

179 720 547 790 ueteribus
577 720 965 800 geographis
1017 729 1191 793 sunt,
1228 722 1328 784 vel
1387 726 1715 786 memoria
1747 725 1978 787 tradita
2030 723 2485 803 posterorum;
2531 723 2642 786 sed
2687 723 2783 787 vel
2828 723 3043 804 aliqua
3105 725 3420 803 ignorata.

182 821 260 881 vel
310 837 442 898 pra
491 837 607 882 sua
639 821 988 900 exiguitate
1024 822 1480 902 pratermissa.
1518 826 1873 903 Scriptores
1932 840 2083 887 vero
2117 824 2355 903 reliqui
2394 826 2654 886 nonnisi
2713 825 3197 905 opportunitate
3255 826 3421 888 data.

182 923 553 984 mentionem
583 922 792 985 facere
833 935 1317 987 consueverunt
1374 924 1707 988 civitatum
1747 925 2159 1006 aliorumque
2192 926 2508 989 locorum.
2569 927 3006 999 Quamobrem
3072 926 3422 1001 Cellarius,

182 1023 409 1083 tametsi
447 1022 1016 1103 diligentissimus,
1078 1024 1252 1087 locos
1283 1025 1538 1104 aliquos
1583 1029 2035 1106 pratermisit;
2099 1029 2452 1104 prasertim
2511 1043 2663 1090 vero
2716 1026 2916 1108 (quod
2974 1027 3125 1090 facit
3155 1026 3224 1089 in
3286 1042 3422 1089 rem

183 1130 465 1207 nostram)
493 1128 729 1191 nullam
768 1129 847 1191 ad
878 1132 1147 1191 Pontum
1182 1131 1510 1194 Euxinum
1541 1130 2008 1210 Tiberioriolim
2042 1138 2375 1202 memorat,
2408 1149 2599 1213 quam
2626 1139 2837 1195 tamen
2868 1132 3201 1195 exstitisse
3224 1132 3423 1195 dubi-

181 1231 280 1291 tari
310 1232 411 1291 vix
458 1238 690 1310 potest.
727 1234 799 1295 In
832 1234 1069 1296 Gracis
1094 1252 1359 1316 quoque
1390 1236 1650 1299 Notitiis
1681 1252 1826 1315 qua
1852 1236 2061 1299 adhuc
2103 1243 2478 1317 supersunt,
2521 1238 2931 1316 episcopatus
2962 1236 3143 1299 fuere
3177 1237 3424 1318 aliquot

181 1334 595 1411 pratermissi,
623 1344 693 1403 ut
720 1340 955 1401 eruditi
985 1339 1379 1419 jampridem
1431 1343 1845 1407 adnotavere.
1871 1345 2182 1408 Caterum
2210 1360 2290 1406 ex
2323 1358 2401 1406 eo
2430 1344 2620 1405 etiam
2652 1342 2808 1405 oriri
2847 1342 3055 1419 potuit
3090 1341 3424 1404 silentium

178 1436 564 1515 episcOpatus
611 1439 1171 1520 TiberiOpolitani,
1218 1442 1397 1523 quod
1455 1442 1591 1505 hac
1620 1442 1866 1518 civitas,
1895 1443 2187 1525 quandiu
2234 1459 2469 1505 nomen
2522 1441 2693 1504 istud
2730 1440 3025 1516 retinuit,
3056 1458 3261 1504 unum
3293 1440 3424 1502 for.

176 1547 343 1614 tasse,
378 1542 484 1605 vel
515 1542 793 1607 alterum
815 1544 1114 1608 habuerit
1144 1549 1573 1629 episcOpum;
1604 1566 1751 1612 cum
1784 1548 1955 1612 baud
1985 1548 2188 1611 multo
2222 1556 2362 1625 post
2405 1544 2785 1626 martyrium
2844 1544 3198 1615 Theodori,
3231 1539 3421 1621 primi

177 1642 445 1754 ejujsdem
477 1647 757 1711 civitatis
788 1650 1104 1728 episcopi,
1136 1658 1375 1715 vastata
1405 1652 1604 1715 fuerit
1638 1653 1851 1733 primo
1890 1652 2157 1733 quidem
2191 1651 2270 1713 ab
2313 1650 2598 1724 Ombris,
2631 1647 2930 1711 deindea
2969 1644 3291 1754 Bulgaris,
3344 1651 3419 1705 ut

174 1743 306 1803 satis
328 1743 571 1808 indicat
588 1747 684 1810 vel
706 1747 900 1810 istius
921 1755 1147 1811 auctor
1169 1751 1490 1826 opusculi.
1508 1754 1693 1828 Quod
1717 1769 1867 1816 vero
1882 1768 2093 1832 neque
2108 1751 2239 1814 alio
2266 1749 2391 1813 sub
2404 1748 2686 1820 nomine,
2716 1747 3029 1809 nimirum
3042 1746 3423 1809 Strumitzw.

174 1857 572 1912 annumerata
596 1851 863 1915 sedibus
903 1854 1388 1933 episcopalibus
1433 1857 1824 1928 inveniatur,
1880 1856 2042 1918 illud
2078 1855 2335 1918 videtur
2358 1854 2426 1915 in
2471 1868 2669 1915 causa
2715 1849 2925 1913 fuisse
2972 1849 3146 1929 quod
3208 1847 3423 1909 archi-

179 1950 464 2030 episcOpo
488 1959 869 2029 αὐτοκεφάλῳ,
898 1957 1003 2017 sui
1016 1958 1222 2038 juris,
1264 1974 1384 2020 seu
1417 1959 1668 2021 nullius
1698 1957 1825 2020 sub
1846 1957 2218 2038 patriarcha
2237 1955 2485 2019 ditione
2516 1952 2890 2023 constituto,
2924 1951 3225 2011 subesset
3253 1947 3425 2028 (nam

173 2047 230 2107 in
278 2050 596 2127 pradictis
650 2053 910 2117 Notitiis
946 2056 1362 2121 solummodo
1412 2067 1833 2123 recensentur
1889 2059 2082 2122 sedes
2112 2055 2515 2137 episcopales
2559 2072 2708 2135 qua
2754 2052 3049 2133 quinque
3117 2049 3426 2111 suberant

176 2148 578 2229 mtriarchis)
625 2174 641 2214 :
678 2152 810 2215 nisi
856 2154 1072 2219 dicere
1104 2156 1317 2235 malis,
1351 2158 1579 2221 urbem
1608 2158 1773 2221 hanc
1808 2173 1935 2220 non
1964 2157 2325 2219 Strumin
2355 2153 2616 2216 nomine
2662 2151 2931 2231 (quippe
2965 2148 3141 2229 quod
3200 2145 3426 2225 Bulga‘

176 2245 354 2308 ricum
380 2249 507 2329 est)
538 2251 650 2313 sed
683 2254 901 2318 Graco
920 2257 1049 2320 alio
1077 2258 1393 2323 vocabulo
1419 2259 1488 2321 in
1520 2258 1765 2322 eisdem
1793 2256 2048 2322 Notitiis
2102 2254 2430 2335 designari
2460 2269 2474 2314 :
2504 2258 2613 2315 aut
2641 2251 2903 2313 demum
2935 2249 3085 2311 ideo
3150 2248 3426 2309 Strumi-

173 2358 315 2417 tzam
370 2372 503 2419 non
566 2364 919 2437 recenseri,
972 2366 1127 2445 quia
1161 2365 1337 2429 sedis
1374 2367 1765 2447 episcOpalis
1792 2366 2105 2429 honorem
2141 2372 2247 2428 aut
2292 2363 2487 2428 nimis
2524 2379 2670 2427 sero
2716 2361 3081 2439 sitadepta,
3133 2367 3246 2421 aut
3298 2357 3425 2419 cito

178 2456 353 2519 nimis
382 2459 702 2538 amiserit,
734 2474 844 2528 aut
874 2468 1086 2531 solum
1125 2472 1317 2533 certis
1348 2478 1707 2549 temporum
1738 2469 2103 2533 intervallis
2148 2484 2221 2530 ea
2252 2466 2567 2545 dignitate
2598 2463 2796 2527 fuerit
2828 2462 3135 2541 insignita
3168 2459 3423 2541 (quem-

176 2561 502 2627 admodum
554 2574 616 2628 et
644 2566 795 2628 aliis
859 2570 1129 2650 contigit
1180 2570 1465 2647 parvulis
1508 2568 1931 2649 civitatibus),
1965 2570 2261 2647 adeoque
2294 2573 2429 2629 tum
2467 2565 2675 2644 potuit
2708 2563 2823 2626 hac
2858 2560 3295 2647 praerogativa.
3322 2572 3428 2620 ca-

178 2678 322 2738 rere,
351 2681 502 2726 cum
558 2666 1026 2745 episcOpalium
1085 2670 1342 2733 sedium
1385 2670 1651 2751 catalogi
1693 2671 1808 2751 qui
1837 2671 1913 2733 ad
1944 2686 2063 2732 nos
2098 2686 2304 2748 usque
2344 2673 2780 2747 pervenerunt
2836 2663 3425 2726 conscriberentur.

176 2761 475 2828 Caterum
506 2767 671 2831 illud
707 2770 932 2833 saltem
961 2772 1218 2835 videtur
1248 2774 1315 2836 in
1354 2774 1627 2837 dubium
1660 2777 1937 2839 revocari
1974 2790 2099 2837 non
2136 2788 2350 2853 posse,
2385 2772 2763 2849 episcOpum
2797 2767 3000 2830 fuisse
3025 2763 3424 2834 Strumitza,

176 2864 312 2928 dum
341 2868 409 2929 in
449 2868 617 2933 vivis
646 2879 865 2949 ageret
894 2871 1463 2951 TheOphylactus:
1502 2875 1749 2955 quippe
1774 2878 1887 2957 qui
1922 2875 2197 2956 epistola
2232 2874 2508 2953 32juxta
2534 2870 2805 2935 Meursii
2838 2869 3194 2930 editionem
3226 2870 3429 2927 testa-

178 2970 288 3040 tur,
316 2984 384 3031 se
413 2967 761 3047 Pelagonia
803 2973 943 3050 (seu
998 2972 1381 3055 Pelagonia)
1414 2978 1509 3032 καὶ
1538 2977 1674 3051 πρὸς
1699 2978 1791 3031 τὸν
1821 2978 2222 3049 armasti:ch
2256 2983 2313 3035 et
2335 2973 2750 3045 Strombitza,
2787 2981 2842 3033 et
2906 2966 3239 3032 Malesoba:
3292 2966 3426 3046 epi-

176 3069 366 3146 scopis
406 3072 766 3150 scripsisse.
817 3072 1263 3135 Strombilzam
1326 3074 1499 3137 enim
1557 3072 1728 3133 idem
1781 3088 1853 3135 ac
1899 3073 2306 3137 Strumitzam
2339 3092 2504 3150 esse,
2537 3077 2673 3154 ipsa
2717 3073 3002 3137 nominis
3060 3069 3426 3134 similitudo

174 3168 563 3255 alﬁnitasque
594 3175 891 3239 dubitare
924 3192 1051 3241 non
1085 3178 1241 3241 sinit
1274 3202 1291 3243 :
1329 3180 1679 3258 prasertim
1730 3194 1875 3241 cum
1909 3196 2102 3259 supra
2160 3181 2845 3253 demonstraverimus,
2870 3178 3276 3242 Strumitzam
3321 3174 3428 3255 (de

176 3288 287 3350 qua
341 3274 449 3338 hic
482 3280 721 3355 sermo)
779 3296 1005 3359 parum
1057 3297 1094 3345 a
1124 3283 1463 3364 Pelagonia
1494 3284 1807 3358 distasse;
1848 3291 2039 3365 atque
2073 3285 2292 3360 etiam,
2324 3295 2396 3349 ut
2423 3287 2559 3365 ipse
2620 3284 2923 3358 arbitror,
2978 3298 3013 3345 a
3053 3279 3375 3343 Malesoba
3408 3296 3426 3340 :

176 3377 685 3463 TbeOphylactus
713 3404 867 3450 vero
894 3389 976 3454 ad
1014 3390 1356 3469 episcOpos
1397 3390 1541 3453 illos
1586 3398 1738 3461 tres,
1770 3396 1991 3468 utpote
2023 3390 2353 3465 ﬁnitimos,
2388 3407 2540 3453 suas
2592 3389 2850 3452 misisse
2882 3387 3188 3467 epistolas
3214 3385 3428 3447 videa-

174 3487 285 3546 tur.
319 3486 546 3567 Neque
590 3504 741 3551 vero
770 3490 1286 3570 TbeOphylactus
1321 3493 1629 3555 duntaxat
1687 3493 1899 3572 ipsum
1941 3492 2301 3555 Strumitza
2331 3509 2565 3555 nomen
2621 3491 2957 3569 paululum
3008 3486 3423 3560 immutavit;

173 3589 271 3649 sed
300 3600 360 3654 et
388 3593 729 3658 Cedrenus
791 3613 928 3659 eam
958 3598 1343 3672 Στρούμπιζαν
1374 3606 1433 3659 et
1486 3606 1814 3679 Στρούπιτζα

1783 3610 1892 3670 ζαν,
1932 3598 2369 3677 Strumpitzan
2402 3606 2463 3660 et
2492 3598 2868 3677 Slrupilzan
2931 3595 3087 3681 (nisi
3123 3593 3424 3657 in'alter-

172 3701 372 3756 utrum
425 3695 645 3759 locum
691 3698 1022 3777 irrepserit
1073 3699 1379 3760 mendum
1415 3699 1971 3780 typographicum)
2012 3706 2215 3761 vocat.
2252 3702 2323 3761 Et
2356 3700 2620 3779 quidem
2662 3714 2742 3762 eo
2783 3698 2901 3761 loci
2928 3697 3287 3759 Cedrenum
3345 3695 3426 3755 de
3492 3762 3497 3769 I

174 3792 527 3871 Strumitza,
566 3796 649 3859 de
684 3814 812 3878 qua
854 3815 976 3862 nos
1038 3800 1393 3880 loquimur,
1438 3817 1803 3864 sermonem
1841 3799 2105 3874 habere,
2164 3808 2563 3880 compertum
2590 3818 2666 3863 ex
2698 3818 2776 3861 eo
2814 3807 2908 3862 est
2965 3800 3141 3880 quod
3198 3795 3427 3859 Basilii

175 3897 567 3976 imperatoris
602 3901 728 3965 iter
754 3901 965 3965 Serris
993 3905 1227 3983 Scopia
1270 3906 1409 3967 sive
1439 3906 1681 3984 Scupoa
1713 3906 2118 3981 describens,
2151 3904 2453 3966 eumdem
2489 3902 2718 3965 referat
2755 3902 3161 3981 Strumpitza
3189 3917 3427 3980 appro-

174 3999 517 4083 pinquasse
544 4024 562 4064 :
592 4021 723 4082 quo
759 4004 944 4067 illum
976 4008 1379 4085 Strumpitza
1406 4009 1600 4070 situm
1638 4008 1956 4086 designat,
1995 4024 2193 4087 quem
2218 4022 2338 4069 nos
2366 4006 2723 4069 Strumitza
2753 4003 3218 4069 constituimus
3248 4005 3427 4067 Nice-

176 4104 339 4179 pbori
396 4107 705 4186 Gregora
741 4108 952 4168 verbis
988 4108 1225 4171 innixi.
1274 4110 1398 4171 Alii
1436 4110 1684 4173 minore
1713 4110 1922 4173 adhuc
1960 4110 2332 4172 diversitate
2360 4110 2648 4171 eamdem
2678 4108 3130 4169 Strumm‘tzam
3165 4122 3426 4168 nuncu-

175 4213 329 4282 pant,
390 4214 466 4270 ut
519 4208 799 4270 Ananias
867 4210 1159 4287 ejusdem
1219 4210 1599 4289 episcopus,
1623 4211 1737 4288 qui
1784 4226 1954 4272 anno
1994 4210 2149 4272 1565
2186 4210 2439 4289 synodo
2473 4208 3031 4286 ConstantinOpoli
3090 4207 3427 4270 celebrata

174 4308 308 4385 (qua
336 4310 602 4389 synodo
639 4310 928 4389 dejectus
960 4312 1045 4372 ob
1071 4310 1369 4373 simonia
1397 4312 1640 4373 crimen
1674 4328 1708 4372 e
1748 4312 1982 4373 throno
2032 4309 2456 4390 patriarchico
2490 4316 2587 4372 est
2616 4309 2977 4387 Joasaphus
3029 4307 3212 4370 illius
3248 4308 3426 4371 urbis

172 4405 715 4490 archiepiscopus)
746 4412 1131 4491 subscripsit
1177 4412 1279 4474 his
1314 4414 1528 4474 verbis
1561 4430 1573 4474 :
1614 4413 1750 4492 Ego
1789 4412 2049 4477 humili:
2075 4414 2411 4491 episcopus
2436 4410 2844 4473 Strumnitzce
2876 4410 3158 4472 Ammius
3215 4410 3426 4472 volens

169 4523 284 4568 meo
324 4510 604 4590 consilio
631 4494 1009 4591 subscripsi,
1050 4520 1118 4576 ut
1149 4513 1578 4576 ecclesiastica
1604 4530 1723 4577 seu
1746 4512 2161 4591 patriarchica
2191 4510 2384 4575 refert
2406 4511 2673 4575 historia
2703 4513 3140 4575 Emmanuelis
3164 4511 3422 4583 Malaxi,

174 4608 664 4687 Peloponnesii;
698 4629 890 4691 quam
922 4614 1239 4675 Martinus
1291 4613 1584 4689 Crusius,
1617 4615 1980 4676 Academia
2010 4614 2447 4695 Tubingensis
2480 4613 2825 4695 professor,
2861 4614 3082 4675 Latine
3117 4612 3422 4686 reddidit,

170 4711 494 4792 ediditque
556 4713 669 4775 lib.
724 4732 769 4773 ιι
816 4713 1341 4776 Tarae-Gracia.
1403 4715 1495 4777 Ex
1527 4729 1662 4795 quo
1717 4714 2166 4793 consequitur,
2233 4716 2642 4777 Strumttzam
2694 4715 2936 4774 nedum
2968 4713 3228 4787 saculo,
3290 4728 3423 4793 quo

171 4810 404 4873 vivebat
435 4812 951 4891 TbOphylactus,
989 4814 1354 4887 undecimo,
1388 4815 1500 4875 sed
1530 4814 1722 4876 etiam
1755 4814 2012 4877 decimo
2040 4823 2224 4878 sexto
2255 4814 2606 4894 episcopali
2634 4814 2787 4877 sede
2847 4824 3133 4877 ornatam
3188 4818 3418 4879 fuisse.

169 4915 377 4977 Sedem
411 4915 583 4976 hanc
612 4913 1009 4976 etiamnunc
1053 4916 1363 4994 temporis
1393 4932 1763 4995 superesse;
1790 4917 1923 4979 imo
1945 4925 2007 4979 et
2048 4916 2513 4995 metmpolitica
2544 4915 2855 4995 dignitate
2901 4915 3108 4980 fuisse
3146 4929 3420 4988 auctam,

171 5026 421 5084 testatus
486 5018 658 5083 mihi
708 5030 803 5082 est
831 5021 1104 5082 Jacobus
1153 5021 1990 5096 Nicolai,hieromonachus
2025 5020 2409 5101 Olympiam,
2469 5038 2585 5082 seu
2624 5037 2700 5081 ex
2736 5022 3128 5084 monasterio
3185 5024 3424 5085 montis

170 5124 442 5205 Olympi,
484 5140 693 5205 quem
739 5122 958 5202 paucis
989 5130 1137 5186 ante
1165 5125 1421 5200 diebus,
1459 5142 1651 5204 quam
1685 5127 1819 5190 hac
1869 5127 2041 5207 typis
2092 5125 2571 5198 mandarentur,
2607 5124 2685 5186 ad
2718 5124 2880 5187 banc
2912 5127 3131 5189 urbem
3184 5133 3420 5209 appul-
3510 5156 3518 5163 ·

171 5214 323 5299 sum,
352 5235 425 5289 ut
456 5223 710 5287 deinde
743 5224 811 5286 in
840 5224 1371 5304 Transylvaniam
1438 5234 1754 5305 pergeret,
1782 5227 2133 5289 sacerdotis
2190 5242 2457 5287 munere
2495 5226 2666 5304 apud
2697 5242 2833 5287 sua
2860 5228 3070 5305 gentis
3123 5228 3423 5292 homines

171 5325 394 5389 ibidem
421 5325 807 5400 iuncturus,
838 5328 1037 5387 semel
1069 5332 1131 5388 et
1164 5326 1398 5388 iterum
1429 5328 1756 5389 allocutus
1803 5340 1973 5390 sum.
2036 5326 2156 5388 Hic
2189 5343 2289 5388 me
2322 5328 2389 5388 in
2443 5325 2669 5405 primis
2698 5326 3039 5387 certiorem
3071 5326 3247 5402 fecit,
3286 5328 3418 5390 fere

173 5426 479 5507 integrum
529 5442 825 5488 mensem
874 5442 943 5489 se
966 5429 1325 5490 Strumitza
1354 5436 1665 5491 moratum
1692 5447 1859 5493 esse.
1893 5432 2055 5491 Tum
2083 5428 2236 5491 mihi
2272 5429 2351 5491 de
2388 5428 2759 5509 quindecim
2801 5429 2975 5490 hisce
3032 5431 3420 5509 martyribus

175 5525 513 5591 sciscitanti
549 5528 914 5606 respondit,
953 5544 1077 5590 non
1106 5530 1295 5591 modo
1328 5529 1591 5592 illorum
1649 5532 2021 5594 memoriam
2052 5548 2125 5593 ea
2162 5531 2228 5592 in
2262 5533 2421 5593 urbe
2456 5531 2672 5608 vigere
2707 5529 2864 5601 ;sed
2904 5529 3093 5591 etiam
3138 5548 3170 5593 a
3213 5548 3423 5592 sacer-

174 5628 411 5690 dotibus
442 5644 529 5691 eo
566 5627 695 5690 loci
739 5627 1214 5691 celebrantibus
1247 5630 1924 5692 commemorationem
1955 5631 2249 5710 quotidie
2275 5630 2409 5692 ﬁeri
2447 5651 2463 5690 :
2491 5628 2838 5709 quotannis
2870 5644 3026 5690 vero
3062 5630 3420 5693 solemnem

174 5729 461 5793 celebrari
496 5728 884 5793 eorumdem
939 5737 1287 5809 martyrum
1348 5730 1759 5792 festivitatem
1810 5754 1824 5792 :
1871 5733 2028 5811 quin
2075 5740 2138 5793 et
2190 5732 2514 5809 peculiare
2546 5731 2823 5793 oliicium
2870 5740 2931 5793 et
2974 5732 3282 5793 lectiones
3339 5735 3418 5794 de

179 5826 443 5906 ipsorum
484 5833 803 5912 martyrio
848 5832 1063 5895 haberi
1101 5858 1113 5893 :
1157 5851 1358 5913 caque
1384 5835 1595 5897 omnia
1630 5835 1944 5898 contineri
1982 5834 2287 5914 peculiari
2324 5838 2600 5915 quodam
2644 5835 2861 5896 libello
2922 5833 3237 5914 impresso
3295 5838 3420 5897 Bo-
