4156 6440
718 405 825 466 439
1760 397 2149 457 BONIFACII
2182 396 2359 455 FINE

2338 396 2491 455 ΞΤΤΙ
2538 394 2931 455 ΡΒιΕΕΑἹΙΟ
3867 388 3979 449 440

721 512 989 589 δρομοιὶ,
1028 510 1147 584 vel,
1170 518 1236 569 ut
1266 508 1694 571 communiter
1730 508 2143 585 pronuntiant
2170 504 2783 583 Graeci,Voscopoli,
2811 504 2874 563 in
2900 500 3293 573 Maccdouia,
3315 504 3375 558 ἰν
3411 515 3534 578 qua
3565 496 3722 561 urbe
3748 497 3974 574 paucis

720 614 951 676 abhinc
977 614 1162 676 annis
1201 613 1487 675 instituta
1510 608 2062 689 esttypographia.
2095 606 2329 670 Notitia
2358 606 2511 681 tunc,
2544 622 2733 685 quam
2761 604 2919 665 mihi
2949 603 3063 664 diu
3094 598 3973 678 multumqueinquirentiex

725 718 843 777 hoc
870 735 997 777 uno
1030 732 1212 777 sacro
1240 713 1546 776 monacho
1576 712 1835 773 haurire
1869 711 2075 782 licuit,
2108 708 2367 788 egregie
2401 707 2729 769 conﬁrmat
2754 704 3061 774 historias,
3095 720 3241 781 quas
3268 702 3329 762 in
3363 700 3478 761 hac
3509 697 3975 776 TheOphylacti

721 819 1010 884 oratione
1056 817 1470 889 describitur,
1531 815 1860 876 veritatem
1899 835 1914 875 :
1980 812 2328 889 praasertim
2374 824 2518 872 cum
2553 807 2793 878 omnia,
2841 822 2987 886 quae
3027 805 3164 881 ipse
3196 802 3498 865 referrem
3535 817 3613 862 ex
3674 799 3975 876 praedicta

724 919 1039 987 oratione,
1068 918 1178 980 ille
1207 935 1275 979 se
1314 917 1553 997 legisse
1577 916 1902 979 afﬁrmarit
1937 917 2003 977 in
2042 919 2391 976 memorato
2440 910 2682 973 libello.
2725 909 2945 971 Solum
2973 907 3092 968 hoc
3126 922 3252 968 non
3279 905 3437 966 satis
3481 901 3789 962 memoria
3862 900 3975 961 ille

727 1020 1000 1093 tenebat,
1029 1036 1107 1081 an
1137 1027 1446 1099 martyres
1484 1019 1579 1081 illi
1628 1018 1752 1081 sub
1777 1018 2039 1079 Juliano
2089 1017 2386 1092 Apostata
2435 1010 2809 1089 martyrium
2843 1008 3124 1070 subiisse
3158 1021 3236 1069 eo
3272 1006 3340 1067 in
3376 1003 3597 1065 libello
3651 1002 3976 1065 dicantur.

726 1126 799 1185 Et
847 1124 976 1185 haec
1006 1125 1085 1185 de
1118 1123 1279 1198 loco,
1321 1123 1430 1186 ubi
1470 1123 1638 1199 passi
1685 1129 1835 1185 sunt
1868 1129 2203 1199 martyres,
2236 1120 2509 1197 ejusque
2539 1115 2877 1177 occasione
2908 1114 3038 1174 sint
3074 1113 3241 1173 dicta

806 1225 981 1285 XXI.
1043 1225 1325 1302 Tempus
1386 1238 1536 1283 vero
1588 1239 1717 1302 quo
1748 1223 1809 1284 id
1862 1221 2128 1299 contigit
2160 1219 2414 1281 deﬁniri
2452 1216 2637 1280 facile
2670 1221 2901 1295 potest.
2951 1216 3105 1275 Nam
3165 1229 3241 1273 ex
3290 1207 3640 1288 epigraphe
3707 1208 3980 1286 ipsaque

726 1325 1017 1386 oratione
1053 1325 1413 1397 innotescit,
1453 1341 1565 1386 eos
1600 1326 1949 1403 imperante
1980 1323 2241 1385 Iuliano
2288 1324 2589 1400 Apostata
2642 1318 3025 1395 sanguinein
3086 1330 3199 1393 pro
3232 1312 3482 1374 Christo
3513 1309 3784 1371 fudisse.
3822 1308 3983 1367 Cum

727 1432 943 1485 autem
970 1424 1258 1502 perbrevi
1286 1433 1575 1503 tempore
1628 1426 1993 1486 moderatus
2029 1424 2139 1485 ille
2169 1422 2514 1503 imperium
2566 1420 2651 1481 sit
2681 1418 3013 1499 (nimirum
3071 1431 3106 1476 a
3150 1430 3372 1476 mense
3420 1408 3765 1473 Novembri
3825 1407 3985 1467 anni

725 1530 836 1588 361
880 1528 953 1589 ad
986 1530 1157 1591 diem
1208 1546 1417 1608 usque
1448 1531 1525 1592 26
1558 1530 1734 1591 Junii
1769 1531 1919 1591 anni
1953 1529 2120 1606 363),
2185 1525 2601 1605 perspicuum
2632 1530 2753 1599 est,
2798 1537 2916 1584 nos
2957 1520 3022 1582 in
3059 1518 3428 1581 deﬁniendo
3481 1511 3769 1592 martyrii
3817 1518 3985 1571 tem-

734 1646 883 1707 pore
924 1631 1025 1691 vix
1059 1647 1249 1708 posse
1287 1647 1455 1693 anno
1498 1631 1750 1707 integro
1790 1649 1821 1692 a
1855 1646 2004 1690 vero
2044 1630 2363 1689 aberrare.
2394 1628 2487 1687 Ex
2517 1626 2786 1688 historia
2832 1622 3160 1702 siquidem
3209 1615 3644 1682 ecclesiastica
3703 1620 3983 1675 constat,

730 1748 878 1791 eum
911 1732 1239 1810 aliquanto
1271 1742 1408 1808 post
1443 1732 1674 1793 initum
1710 1731 2055 1811 imperium
2088 1727 2605 1809 persecutionem
2647 1726 2986 1788 inchoasse
3026 1728 3245 1785 contra
3287 1716 3684 1778 Christianos
3718 1735 3734 1786 ;
3794 1720 3992 1789 atque

730 1834 793 1893 in
829 1832 947 1893 hoc
978 1834 1121 1910 ipso
1154 1836 1468 1911 Opuseulo
1496 1836 1794 1915 legimus,
1826 1842 2155 1914 martyres,
2221 1833 2299 1895 de
2339 1832 2579 1911 quibus
2626 1830 2727 1892 hic
2770 1843 3007 1901 sermo,
3082 1831 3221 1904 post
3250 1821 3466 1901 fugam
3504 1818 3777 1897 primum
3837 1815 3991 1894 qui—

730 1934 873 1993 dem
933 1952 1011 1995 ex
1059 1936 1213 1997 urbe
1270 1938 1501 2011 Nicaea,
1536 1939 1769 1999 deinde
1826 1956 1899 1998 ex
1951 1932 2433 2007 Thessalonica,
2466 1931 2849 2012 aliquandiu
2889 1934 3316 1993 commoratos
3353 1939 3495 1987 esse
3558 1915 3991 1993 Tibericipoli,

731 2032 1003 2113 ejusque
1032 2036 1223 2107 cives,
1262 2045 1321 2096 et
1351 2037 1763 2098 ﬁnitimorum
1818 2036 2104 2098 locorum
2157 2033 2403 2096 incolas
2435 2050 2560 2112 qua
2598 2032 3071 2110 praedicatione,
3097 2044 3224 2108 qua
3252 2023 3582 2087 miraculis
3622 2021 3698 2082 ad
3747 2018 3988 2081 Christi

732 2132 919 2194 tidem
974 2134 1355 2210 perduxisse
1398 2153 1410 2195 :
1475 2136 1540 2197 in
1581 2152 1712 2215 quo
1763 2135 2069 2215 temporis
2118 2134 2401 2212 spatium
2435 2132 2697 2212 aliquod
2735 2129 3029 2209 illudque
3056 2144 3184 2190 non
3209 2127 3370 2189 adeo
3403 2124 3714 2201 exiguum
3746 2120 3999 2180 insum-

734 2240 911 2310 ptum
944 2251 1087 2296 esse
1116 2243 1389 2313 oportet.
1426 2237 1590 2297 Hinc
1629 2253 1779 2299 vero
1832 2254 2057 2316 magna
2092 2234 2538 2314 probabilitate
2586 2234 2952 2305 deducitur,
3006 2231 3228 2310 paucis
3274 2235 3419 2290 ante
3450 2224 3693 2288 Juliani
3736 2222 3993 2283 obitum

736 2334 1090 2407 mensibus,
1125 2335 1415 2415 adeoque
1448 2336 1613 2398 circa
1645 2337 1793 2398 anni
1822 2338 1939 2398 363
1994 2336 2279 2409 initium,
2325 2343 2435 2397 aut
2465 2342 2635 2399 certe
2676 2334 2799 2395 sub
2842 2334 3031 2395 ﬁnem
3064 2330 3219 2393 anni
3278 2329 3415 2403 362,
3444 2343 3557 2389 eos
3611 2322 3995 2401 martyrium

733 2440 1040 2503 subiisse.
1082 2443 1302 2520 Neque
1333 2441 1446 2503 hac
1494 2442 1572 2504 de
1606 2461 1673 2505 re
1712 2443 1897 2523 plura
1945 2465 1960 2504 :
2020 2442 2463 2505 tantummodo
2513 2438 3151 2504 animadvertendum
3195 2433 3484 2514 martyrii
3518 2432 3687 2493 diem
3742 2430 3809 2489 in
3876 2425 4002 2486 hoc

737 2543 877 2618 ipso
909 2542 1225 2620 Opusculo
1259 2544 1406 2622 poni
1441 2545 1564 2607 sub
1596 2544 1700 2607 die
1734 2545 1814 2607 28
1842 2547 2247 2609 Novembris.

816 2647 1023 2707 XXII.
1063 2646 1454 2725 Diligentius
1494 2648 1954 2728 inquirendum
2009 2651 2262 2713 videtur
2296 2657 2546 2729 tempus
2581 2657 2639 2710 et
2663 2647 2844 2709 locus
2876 2661 3007 2724 quo
3044 2643 3274 2704 horum
3308 2645 3660 2717 martyrum
3727 2649 4001 2712 corpora

735 2747 1007 2808 solemni
1044 2763 1274 2827 pompa
1299 2748 1593 2810 translata
1627 2748 1833 2812 fuere.
1864 2752 1941 2810 At
1972 2767 2163 2812 nemo
2203 2758 2412 2814 tamen
2453 2748 2557 2810 hic
2587 2764 2829 2809 annum
2864 2745 3059 2824 hujus
3108 2736 3543 2802 translationis
3576 2735 3911 2812 proprium
3970 2748 4004 2792 a

739 2847 925 2909 nobis
963 2848 1241 2926 postulet
1286 2848 1654 2927 designari:
1693 2850 1753 2911 id
1791 2851 1965 2912 enim
1996 2850 2127 2911 ﬁeri
2179 2851 2550 2913 nullatenus
2576 2856 2805 2926 potest,
2843 2865 2987 2910 cum
3022 2842 3253 2906 nullibi
3300 2840 3642 2900 adnotatus
3674 2841 4000 2895 occurrat.

737 2950 947 3021 Quare
974 2954 1259 3025 tempora
1289 2948 1679 3025 proximiora
1725 2956 2052 3026 utcunque
2086 2949 2369 3010 indicare
2403 2945 2699 3010 sufﬁciet.
2724 2947 2787 3005 Id
2824 2960 2976 3007 vero
3004 2941 3237 3021 pendet
3269 2953 3303 2998 a
3343 2944 3631 3013 tempore
3687 2948 3818 3011 quo
3850 2930 4005 2991 Bul-

741 3046 948 3123 garica
981 3062 1140 3124 gens
1204 3045 1492 3122 amplexa
1554 3052 1647 3106 est
1707 3046 1939 3107 Christi
1976 3046 2230 3107 Domini
2290 3046 2474 3108 fidem
2512 3068 2526 3106 :
2564 3060 2705 3107 nam
2737 3042 2860 3105 sub
2911 3042 3119 3121 primo
3172 3036 3593 3115 Bulgarorum
3635 3050 3784 3111 rege
3820 3030 4010 3093 Chri-

742 3150 954 3209 stiano
990 3147 1471 3210 translationem
1504 3148 1679 3211 illam
1702 3148 1907 3214 fuisse
1943 3157 2283 3231 peractam,
2317 3150 2556 3213 diserte
2600 3147 2912 3211 asseritur
2967 3145 3035 3207 in
3079 3143 3198 3204 hoc
3266 3155 3587 3201 sermone.
3636 3137 3775 3212 Qua
3816 3137 3897 3200 de
3932 3156 4008 3201 re

748 3248 1061 3311 iit-nnulla
1092 3248 1379 3312 diximus
1418 3250 1481 3312 in
1516 3251 1723 3325 Notis,
1759 3270 1921 3331 quas
1952 3254 2017 3314 in
2052 3252 2357 3315 inferiore
2400 3252 2595 3331 hujus
2628 3248 2941 3313 orationis
2992 3245 3300 3325 margine,
3343 3258 3414 3303 ac
3467 3239 3813 3318 praesertim
3858 3257 4005 3319 pag.

743 3352 1332 3433 501apposuimus.
1382 3356 1604 3433 Neque
1648 3373 1813 3434 opus
1853 3372 1998 3417 esse
2035 3355 2331 3430 arbitror,
2364 3371 2501 3416 eam
2552 3370 2684 3416 rem
2741 3351 2953 3414 fusius
2990 3349 3093 3409 hic
3153 3346 3453 3425 persequi
3484 3348 3595 3406 aut
3641 3344 4010 3405 accuratius

749 3452 1137 3530 investigare
1173 3471 1189 3522 ;
1222 3468 1365 3512 cum
1408 3454 1753 3530 scriptores
1779 3468 2005 3515 omnes
2035 3452 2150 3531 qui
2184 3451 2344 3514 hanc
2396 3452 2682 3514 historia)
2722 3448 3181 3512 ecclesiastica:
3222 3458 3461 3524 partem
3498 3443 3790 3522 attigere,
3848 3460 4010 3503 con—

751 3554 1115 3616 versionem
1153 3552 1579 3630 Bulgarorum
1638 3570 1809 3616 nono
1852 3553 2089 3616 saeculo
2124 3553 2438 3615 accidisse
2482 3552 2890 3616 consentiant
2932 3571 2949 3623 ;
3007 3549 3351 3627 solumque
3387 3545 3619 3623 viginti
3682 3561 4010 3605 annorum

751 3659 959 3737 spatio
983 3659 1177 3722 citius
1204 3658 1341 3733 alii,
1376 3660 1486 3721 alii
1522 3660 1733 3721 serius
1771 3668 2108 3722 autumant
2138 3660 2466 3723 evenisse.
2499 3659 2653 3720 Nam
2686 3658 3031 3736 scriptores
3060 3652 3262 3716 Graeci
3290 3667 3430 3713 eam
3469 3648 3602 3711 fere
3654 3648 3731 3709 ad
3763 3664 4011 3708 annum

752 3759 1360 3837 octingentesimum
1395 3758 1959 3838 quadragesimum
1990 3768 2243 3821 sextum
2280 3773 2579 3821 revocare
2612 3757 2936 3819 videntur.
2970 3751 3349 3815 Anastasius
3381 3766 3533 3812 vero
3588 3746 4017 3809 Bibliotheca-

759 3863 893 3924 rius
939 3862 1005 3925 in
1064 3865 1206 3925 Vita
1265 3864 1502 3927 Nicolai
1558 3865 1583 3925 Ι
1662 3881 1733 3926 ea
1770 3864 1979 3939 tradit,
2034 3883 2110 3926 ex
2135 3864 2377 3945 quibus
2424 3863 2728 3943 colligere
2762 3877 3043 3940 pronum
3072 3865 3194 3933 est,
3227 3856 3553 3920 nationem
3606 3851 4013 3931 Bulgaricam

755 3966 1134 4029 Christiana;
1164 3967 1459 4048 religioni
1489 3985 1723 4031 nomen
1756 3985 1885 4029 non
1925 3968 2178 4030 dedisse
2209 3976 2355 4030 ante
2384 3984 2627 4029 annum
2657 3965 2949 4045 ejusdem
2975 3960 3191 4025 smculi
3220 3957 3694 4037 sexagesimum
3728 3961 4014 4014 sextum.

757 4067 826 4127 ln
862 4083 939 4128 eo
976 4068 1167 4131 etiam
1206 4085 1429 4131 omnes
1461 4068 1593 4129 fere
1630 4067 2069 4140 consentiunt,
2134 4066 2309 4146 quod
2366 4083 2475 4128 rex
2528 4064 2947 4143 Bulgarorum
2986 4062 3231 4139 primus
3262 4054 3640 4121 Christianae
3710 4048 4015 4127 religioni

760 4171 1054 4235 addictus
1083 4180 1227 4235 ante
1252 4172 1643 4253 baptismum
1706 4171 1974 4251 Bogoris
2026 4169 2574 4252 (Theophylactus
2635 4170 2702 4229 in
2760 4166 2876 4228 hac
2905 4163 3194 4226 oratione
3216 4160 3498 4222 Borisim
3541 4153 3789 4224 scribit,
3857 4165 4018 4211 voce

765 4275 1098 4349 paululum
1150 4251 1533 4353 immutata),
1568 4274 1975 4354 postmodum
2021 4251 2173 4335 vero
2229 4271 2501 4336 Michael
2548 4268 2748 4332 fuerit
2804 4264 3186 4347 appellatus.
3233 4262 3354 4325 Sed
3418 4275 3675 4321 rursum
3736 4255 3779 4315 ii
3832 4251 4019 4312 valde

761 4375 1124 4453 discrepant
1157 4376 1220 4437 in
1260 4375 1648 4455 assignanda
1677 4391 1894 4447 causa,
1927 4392 2052 4453 qua
2102 4376 2409 4437 inductus
2450 4371 2558 4434 ille
2602 4368 2798 4431 fuerit
2826 4368 2900 4430 ad
2930 4365 3351 4429 Christianam
3378 4361 3563 4423 ﬁdem
3622 4353 3985 4433 amplecten
4010 4382 4024 4395 -

762 4471 928 4533 dam.
964 4451 1094 4533 Alii
1138 4472 1307 4534 enim
1364 4451 1605 4534 sororis
1655 4490 1791 4535 sum
1838 4451 2414 4545 adhortationibus,
2453 4487 2598 4549 qum
2625 4469 2778 4530 dum
2818 4460 3376 4541 ConstantinOpoli
3404 4464 3784 4527 moraretur,
3834 4451 4023 4513 Chri-

766 4574 992 4636 stianis
1025 4584 1159 4637 erat
1189 4574 1433 4636 imbuta
1466 4576 1816 4655 mysteriis,
1854 4583 2211 4652 permotum
2252 4575 2459 4636 fuisse
2496 4575 2753 4635 tradunt
2785 4587 2802 4645 ;
2835 4570 2943 4630 alii
2975 4568 3291 4629 bellorum
3322 4563 3641 4640 famisque
3686 4555 4017 4621 calamita-

765 4681 938 4745 tibus
978 4680 1331 4758 impulsum
1369 4702 1382 4740 :
1432 4680 1542 4742 alii
1584 4680 1798 4743 vivida
1853 4678 2219 4741 futurorum
2272 4676 2673 4739 cruciatuum
2717 4669 3022 4749 imagine,
3061 4683 3253 4748 quam
3292 4665 3589 4726 hauserat
3634 4676 3712 4722 ex
3772 4654 4024 4733 insigni

769 4787 1038 4862 pictura,
1094 4782 1463 4862 perculsum
1538 4780 1854 4843 divinitus
1884 4778 2116 4840 infusae
2174 4776 2302 4839 luci
2345 4775 2569 4838 oculos
2600 4771 2961 4851 aperuisse,
2996 4774 3274 4830 narrant.
3310 4764 3433 4827 Sed
3475 4763 3609 4824 haec
3670 4758 4018 4822 enucleare

770 4893 982 4948 nostra
1044 4901 1168 4946 non
1212 4885 1500 4946 interest.
1561 4882 1723 4944 Satis
1765 4880 1922 4942 mihi
1956 4887 2075 4951 est,
2113 4877 2435 4957 Bogorim,
2476 4877 2612 4937 sive
2644 4872 2920 4934 Borisim
2961 4880 3415 4947 quamcunque
3440 4862 3699 4923 demum
3737 4858 3820 4918 ob
3869 4874 4026 4917 cau-

768 5005 927 5060 sam,
975 4994 1035 5047 et
1082 4987 1218 5049 sive
1260 5002 1408 5058 una,
1469 4986 1605 5045 sive
1661 4982 1997 5059 multiplex
2046 4979 2265 5053 fuerit,
2308 4978 2565 5041 nonnisi
2602 4976 2767 5038 circa
2804 4971 3150 5034 dimidium
3205 4963 3427 5028 sreculi
3460 4960 3617 5023 noni
3670 4957 4019 5035 religionis

768 5088 1151 5149 Christiana
1182 5083 1505 5162 mysteriis
1531 5081 1736 5144 fuisse
1776 5080 2141 5142 initiatum:
2188 5078 2339 5139 inde
2363 5078 2536 5139 enim
2576 5079 2978 5151 compertum
3005 5068 3281 5131 efﬁcitur
3331 5063 3866 5142 exploratumque
3911 5059 4025 5118 SS.

772 5204 1147 5269 martyrum,
1185 5188 1264 5250 de
1302 5187 1539 5267 quibus
1572 5203 1743 5248 nunc
1770 5202 1981 5248 sermo
2020 5192 2139 5256 est,
2184 5181 2666 5245 translationem
2714 5177 2942 5239 eodem
2989 5172 3339 5234 inclinante
3367 5167 3494 5247 jam
3542 5162 3777 5226 saeculo
3810 5161 4024 5221 conii-

773 5311 944 5374 gisse
1006 5308 1021 5365 ;
1075 5290 1365 5370 adeoque
1415 5286 1879 5366 TheOphylacti
1936 5293 2183 5347 atatem
2232 5284 2489 5346 duobus
2537 5280 2789 5343 circiter
2835 5274 3090 5339 smeulis
3122 5268 3555 5352 praecessisse,
3591 5272 3660 5328 ut
3715 5262 4025 5341 superius

777 5399 1136 5462 innuimus.

858 5500 1088 5563 XXIII.
1136 5499 1373 5557 Verum
1404 5511 1533 5575 quo
1565 5493 1800 5555 clarius
1840 5489 2183 5553 innotescit
2210 5497 2463 5566 tempus
2500 5488 2721 5547 saltem
2749 5481 3112 5561 proximum
3145 5472 3512 5538 istiusmodi
3550 5465 4026 5575 translationis.

780 5621 853 5664 eo
889 5601 1071 5665 nobis
1103 5596 1439 5659 obscurior
1470 5603 1565 5655 est
1597 5593 1777 5655 locus
1809 5591 1885 5652 ad
1927 5606 2120 5670 quem
2152 5565 2359 5649 delata
2389 5602 2563 5647 sacra
2606 5584 2869 5662 pignora
2913 5586 3084 5640 sunt.
3136 5578 3372 5636 Auctor
3403 5570 3667 5650 quidem
3708 5565 4025 5629 orationis

780 5706 949 5765 hunc
1016 5716 1461 5777 saepenumero
1527 5706 1702 5760 vocat
1749 5691 2421 5768 Βραγαληνίτζαν,ΒΓα9‹

2382 5689 2724 5768 galinilzan
2775 5684 2896 5764 (vel
2942 5682 2993 5741 si
3060 5680 3089 5750 β
3146 5676 3601 5756 pronuntietur
3662 5667 4023 5731 recentium

783 5820 955 5865 more
990 5805 1375 5875 Graecorum,
1408 5796 1903 5878 l'ragalinitzan)
1975 5810 2245 5873 eamque
2280 5799 2337 5854 et
2371 5794 2545 5865 πόλιν,
2602 5786 2834 5858 urbem,
2869 5794 2923 5843 et
2968 5785 3257 5853 ἐπαρχὲαν,
3290 5775 3708 5857 provinciam,
3750 5788 3870 5833 seu
3899 5786 4023 5828 me-
