4156 6440
213 405 296 470 441
1063 398 1142 458 ΙΝ
1177 395 1609 469 SEQUENTIA
1642 395 1846 456 ΤΗΕο

1811 395 2218 454 DPIIYLACTI
2254 395 2596 456 SCRIPTA.
3347 394 3452 458 442

210 516 499 593 ινυροίίιιι
534 527 883 589 nuncupat.
916 510 1038 572 Sed
1072 527 1366 588 quamam
1399 523 1461 571 et
1485 527 1615 588 quo
1645 527 1782 571 lOCO
1810 509 2009 587 posita
2041 510 2148 580 sil,
2192 510 2288 570 vel
2321 510 2475 571 olim
2503 508 2942 570 fueritcivitas
2979 509 3133 582 haec,
3164 510 3449 572 nondum

211 617 359 678 mihi
405 612 758 693 inquirenti
797 611 949 672 satis
976 612 1278 687 detegere
1311 610 1516 684 licuit,
1551 627 1695 672 cum
1738 627 1950 686 neque
1984 610 2048 670 in
2073 609 2516 687 geographicis
2545 610 2793 687 mappis
2826 608 3212 678 adnotatam,
3241 626 3453 687 neque

208 719 276 779 ab
303 716 437 778 alio
485 717 705 794 aliquo
734 721 992 777 auctore
1027 723 1435 776 memoratam
1462 713 1840 792 repererim.
1875 715 2029 775 Cum
2059 728 2206 773 vero
2236 731 2309 772 ex
2351 713 2570 774 indele
2607 713 2844 791 linguae
2875 712 3246 785 Slavonicaa,
3284 710 3450 772 haud

211 821 355 881 mihi
397 837 658 898 prorsus
693 821 943 898 ignotae,
964 825 1156 896 atque
1185 836 1262 881 ex
1282 817 1612 879 similibus
1631 834 1778 898 quae
1810 818 2042 894 passim
2067 822 2438 886 occurrunt,
2463 817 2650 876 etiam
2673 817 2840 894 apud
2878 815 3450 894 'l‘heOphylactum,

211 921 521 999 exemplis
565 926 962 1000 compertum
997 920 1321 995 haberem,
1353 919 1472 983 hoc
1510 919 1890 982 vocabulum
1942 919 2299 997 Bulgarica,
2325 935 2471 997 quae
2502 917 2720 996 lingua
2761 917 3022 979 Slavicaa
3057 933 3174 978 seu
3225 918 3450 978 Slavo-

212 1019 364 1081 nicas
397 1021 709 1082 dialectus
744 1027 863 1091 est,
910 1021 1366 1083 terminatione
1396 1020 1722 1094 desinere,
1756 1020 1914 1081 illud
1954 1021 2166 1082 statim
2221 1019 2594 1098 perquirere
2631 1020 2813 1096 cmpi,
2883 1028 3118 1092 utrum,
3177 1018 3451 1079 detracta

209 1125 428 1186 saltem
469 1126 924 1188 terminatione
955 1127 1106 1199 itza,
1139 1125 1239 1189 vel
1272 1126 1468 1206 nitze,
1503 1124 1696 1204 hujus
1726 1125 2044 1186 similisve
2076 1124 2356 1187 nominis
2401 1127 2550 1186 urbs
2584 1123 2646 1183 in
2693 1123 2984 1200 Bulgaria
3015 1131 3210 1198 esset,
3247 1122 3342 1185 vel
3389 1124 3450 1186 in

209 1229 325 1289 alia
374 1228 665 1306 regione,
699 1228 883 1307 cujus
929 1229 1152 1291 incolae
1186 1228 1406 1308 lingua
1456 1236 1792 1292 uterentur
1825 1229 2183 1308 Bulgarica,
2230 1227 2592 1306 cujusmodi
2623 1225 2746 1288 fuit
2776 1227 3238 1305 Bragalinilza,
3273 1234 3342 1289 ut
3374 1244 3451 1288 ex

211 1331 344 1406 ipsa
388 1329 681 1390 oratione
711 1337 978 1392 constat.
1029 1333 1260 1392 Verum
1310 1348 1436 1393 non
1469 1330 1660 1392 aliam
1693 1329 1914 1391 urbem
1962 1329 2227 1402 oﬂ‘endi,
2259 1346 2402 1406 quas
2434 1329 2648 1407 aliqua
2690 1329 2938 1390 ratione
2972 1345 3114 1388 cum
3161 1329 3269 1389 illa
3310 1345 3430 1389 con

210 1445 436 1506 gruere
497 1428 847 1502 videretur,
900 1447 1095 1509 quam
1146 1429 1423 1509 Bargate
1455 1429 1784 1508 pertinens
1824 1429 1900 1491 ad
1950 1428 2387 1490 Macedoniam
2427 1431 2775 1491 secundam
2827 1427 3158 1491 orientalis
3211 1427 3454 1508 Illyrici

213 1538 446 1606 partem
483 1548 497 1591 :
556 1548 700 1593 nam
761 1532 1051 1612 Bargalw
1106 1550 1368 1609 nomen,
1419 1533 1594 1613 quod
1628 1533 1884 1613 dempta
1916 1533 2370 1594 terminatione
2408 1535 2764 1612 Bulgarica,
2795 1541 3102 1606 remanet,
3138 1549 3283 1594 cum
3349 1534 3455 1596 illa

209 1633 336 1696 fere
369 1640 742 1711 consensit;
804 1655 1018 1718 neque
1050 1656 1083 1702 a
1113 1639 1510 1719 Tiberiopoli
1555 1640 1829 1701 multum
1862 1640 2092 1700 abesse
2123 1638 2402 1701 videtur.
2441 1638 2756 1712 Quocirca
2782 1637 3092 1701 credibile
3135 1645 3256 1712 est,
3288 1639 3453 1699 intra

214 1738 522 1816 Bulgarici
549 1739 708 1802 ﬁnes
745 1743 998 1817 imperii
1038 1759 1176 1805 eam
1218 1751 1353 1804 tum
1401 1743 1756 1818 exstitisse,
1790 1744 2085 1822 adeoque
2117 1751 2178 1804 et
2222 1742 2570 1820 Bulgaricm
2608 1742 2941 1822 lingusein
2979 1758 3050 1803 ea
3087 1758 3275 1803 usum
3305 1750 3458 1805 tunc

211 1841 512 1917 temporis
550 1843 862 1921 viguisse.

283 1941 518 2002 XXIV.
568 1943 708 2005 Huc
741 1962 946 2024 usque
977 1945 1386 2024 scripseram,
1423 1963 1569 2009 cum
1611 1964 1803 2024 supra
1842 1947 2139 2009 laudatus
2171 1946 2524 2008 monachus
2555 1946 2925 2026 Olympiota
2957 1945 3298 2006 certiorem
3358 1964 3456 2008 me

205 2043 375 2119 fecit,
435 2054 687 2110 exstare
741 2051 1092 2114 etiamnum
1129 2053 1194 2114 in
1233 2055 1516 2114 secunda
1572 2054 1945 2115 Macedonia
1987 2052 2206 2113 urbem
2257 2049 2778 2128 Bragulinitzam,
2814 2069 2956 2123 seu,
3000 2059 3067 2113 ut
3123 2052 3264 2128 ipse
3306 2051 3454 2111 eil‘e-

209 2146 402 2221 rebat,
442 2147 951 2228 Bragarinitzam
1000 2174 1019 2220 ;
1085 2153 1198 2214 sed
1239 2171 1276 2216 e
1320 2170 1542 2233 magna
1575 2153 1732 2215 urbe
1789 2155 1864 2215 ad
1899 2153 2036 2232 pagi
2073 2151 2512 2214 conditionem
2572 2152 2910 2225 redactam,
2975 2150 3378 2229 habitariqne
3423 2164 3454 2208 a

209 2251 455 2326 Turcis,
491 2255 713 2331 paucis
769 2255 1070 2319 immistis
1105 2257 1482 2320 Christianis
1515 2281 1530 2319 :
1587 2257 1828 2320 distare
1893 2273 2042 2319 vero
2084 2271 2118 2316 a
2151 2256 2490 2316 Strumitza
2523 2255 2814 2334 quinque
2845 2255 3098 2316 circiter
3154 2254 3454 2315 horarum

210 2345 436 2412 itinere
471 2372 487 2411 :
520 2367 590 2413 ac
617 2351 683 2412 in
725 2369 798 2413 ea
840 2368 966 2414 non
999 2353 1210 2415 solum
1245 2356 1324 2416 de
1358 2366 1608 2433 peracta
1637 2357 1712 2417 ad
1748 2355 1949 2433 ipsam
1983 2360 2346 2414 sanctorum
2382 2363 2732 2430 martyrum
2773 2353 3184 2414 translatione
3211 2369 3453 2414 meme.

209 2452 358 2510 riam
405 2451 672 2530 vigere;
704 2453 816 2513 sed
855 2453 1044 2514 etiam
1084 2471 1178 2528 se,
1213 2472 1357 2517 eum
1390 2455 1537 2518 illac
1571 2453 1886 2525 transiret,
1925 2453 2202 2530 prepriis
2245 2453 2484 2513 vidisse
2530 2453 2736 2513 oculis
2784 2450 3197 2515 fundamenta
3239 2451 3455 2531 templi

209 2558 373 2635 quod
413 2558 478 2618 in
506 2574 733 2620 eorum
763 2557 1072 2621 honorem
1113 2561 1266 2622 olim
1295 2565 1696 2621 exstructum
1747 2556 2104 2617 dicebatur.
2146 2555 2328 2617 Plura
2366 2557 2444 2617 de
2485 2554 2656 2618 hisce
2689 2557 2931 2617 sanctis
2996 2557 3148 2616 mihi
3185 2558 3455 2624 dicenda

211 2679 328 2723 non
393 2668 776 2740 suppetunt.
835 2663 1144 2724 Caeterum
1184 2662 1526 2724 clarissimi
1568 2669 1627 2722 et
1675 2661 1754 2722 de
1812 2660 2168 2722 Christiana
2220 2660 2549 2736 republica
2606 2659 2846 2737 Optime
2901 2659 3110 2721 meriti
3167 2658 3455 2724 Bollandi

208 2765 687 2826 continuatores
736 2781 856 2826 suo
916 2776 1202 2844 tempore
1247 2774 1438 2827 totam
1480 2765 1637 2826 hanc
1667 2765 1999 2826 historiam
2055 2762 2562 2837 accuratissime,
2593 2779 2996 2843 summaque,
3038 2772 3107 2825 ut
3149 2765 3454 2834 assolent,

210 2867 594 2927 eruditionis
634 2866 697 2928 vi
726 2866 1100 2942 discutient,
1135 2869 1578 2940 illustrabunt,
1637 2867 2015 2946 expedient.
2049 2865 2314 2927 Interim
2364 2865 2531 2928 haud
2559 2865 2772 2928 infima
2831 2867 2967 2928 laus
3004 2863 3201 2945 hujus
3233 2865 3458 2927 editio-

211 2964 303 3022 nis
333 2963 481 3033 erit,
518 2978 735 3023 ansam
779 2961 1130 3039 praebuisse
1170 2965 1677 3044 prteclarissimis
1736 2963 1899 3026 viris
1933 2963 2267 3040 negotium
2295 2963 2413 3025 hoc
2441 2965 2819 3042 perficiendi
2866 2983 2890 3021 ι
2928 2971 2997 3026 ut
3049 2966 3256 3042 reipsa
3299 2983 3456 3044 prm-

209 3065 414 3127 bitura
452 3064 708 3126 videtur
753 3081 771 3138 ;
823 3064 1349 3144 quandoquidem
1383 3082 1461 3127 ex
1517 3065 1652 3126 illis
1693 3083 1887 3138 unus,
1923 3067 2022 3126 vir
2053 3068 2399 3146 omnigena
2453 3069 2825 3130 eruditione
2889 3069 3122 3140 clarus,
3173 3071 3454 3132 Joannes

209 3170 593 3248 Stiltingius,
617 3187 808 3248 quem
844 3169 957 3232 hac
987 3170 1066 3231 de
1088 3187 1154 3230 re
1191 3187 1304 3249 per
1327 3169 1572 3232 litteras
1593 3168 1729 3248 ipse
1760 3168 2090 3244 consului,
2123 3171 2308 3231 solita
2337 3171 2727 3232 humanitate
2759 3172 3111 3248 respondit,
3146 3189 3209 3231 se
3233 3169 3455 3232 horum

209 3281 556 3351 martyrum
585 3284 727 3333 acta
764 3290 890 3332 non
910 3271 1167 3335 vidisse.

1587 3421 1866 3482 SECTIO
1917 3422 2052 3484 νυ.

640 3552 725 3612 De
764 3550 1156 3612 Allocutionc
1187 3546 1268 3610 ad
1301 3545 1702 3610 Familiarem
1742 3549 1912 3610 circa
1956 3567 2023 3608 ea
2063 3564 2328 3628 quorum
2369 3548 2744 3610 incusuntur
2775 3549 3015 3613 Latini.

281 3678 484 3739 XXV.
549 3677 871 3738 Allocutio
903 3677 1056 3750 hinc,
1088 3693 1279 3756 quam
1313 3676 1423 3738 alii
1480 3674 1838 3755 Epistolam
1868 3677 1952 3738 ad
1979 3677 2310 3740 Nicolaum
2341 3676 2670 3740 diaconum
2704 3689 2760 3740 et
2793 3678 3198 3741 cahstrisium
3231 3689 3454 3743 vocant

207 3777 284 3856 (α)
329 3787 484 3841 tnnc
515 3779 708 3840 etiam
743 3777 1017 3840 celebris
1050 3787 1208 3853 erat,
1238 3795 1382 3840 cum
1417 3777 1622 3842 adhuc
1671 3779 1739 3841 in
1774 3781 2162 3859 quibusdam
2202 3768 2676 3861 insignioribns
2745 3782 3154 3854 bibliothecis
3209 3785 3453 3848 inedita

210 3883 502 3948 latitaret.
540 3887 681 3948 Non
715 3884 911 3945 modo
935 3883 1108 3945 enim
1141 3883 1222 3944 de
1249 3899 1320 3944 ea
1353 3884 1744 3945 mentionem
1772 3883 2055 3946 fecerant
2081 3885 2119 3944 ii
2153 3901 2381 3947 omnes
2403 3887 2516 3964 qui
2550 3887 2628 3948 de
2650 3886 3107 3965 TheOphylacti
3146 3889 3453 3966 cperibus

205 3983 573 4046 disseruere
607 4005 623 4054 ;
662 3983 777 4045 sed
809 3983 1025 4062 aliqua
1059 3983 1249 4044 etiam
1283 3983 1577 4062 ejusdem
1616 3984 1964 4062 fragmenta
1995 3991 2128 4046 tum
2153 3985 2218 4047 in
2251 3987 2409 4047 Iure
2441 3986 2998 4062 Graeco-Romano,
3030 3991 3201 4067 quod
3239 3992 3456 4052 [.eun-

206 4089 445 4150 clavius
482 4087 789 4166 vulgavit,
821 4086 1087 4159 inserta,
1127 4095 1262 4149 tum
1295 4089 1362 4149 in
1394 4088 1638 4149 Graecia
1667 4087 2042 4151 Orthodoxa
2071 4090 2151 4152 ab
2181 4091 2414 4152 Allatio
2438 4092 2631 4164 edita,
2664 4093 2852 4154 obvia
2884 4094 3185 4154 omnibus
3219 4103 3457 4171 persta-

207 4185 370 4248 bant.
404 4187 556 4248 Hmc
588 4201 741 4248 vero
776 4186 859 4248 ita
898 4194 1203 4248 acuerent
1231 4184 1632 4249 eruditorum
1669 4187 1941 4260 animos,
1967 4196 2034 4249 ut
2079 4205 2493 4266 summopere
2526 4199 2925 4268 exoptarent,
2966 4210 3042 4253 ex
3078 4193 3217 4268 ipso
3270 4192 3448 4256 fonte

207 4291 528 4370 detegere,
589 4305 886 4368 quamam
935 4289 1181 4351 auctori
1236 4288 1393 4350 satis
1447 4295 1724 4361 vetusto,
1759 4290 2266 4370 doctissimoque
2303 4299 2365 4353 et
2414 4293 2648 4355 celebri
2707 4294 3192 4374 archiepiscOpo
3264 4314 3445 4359 mens

209 4393 554 4456 insedisset
613 4391 824 4469 quoad
873 4405 1126 4467 eaquaa
1179 4392 1457 4452 Graacam
1516 4407 1550 4450 a
1591 4389 1808 4452 Latina
1841 4391 2188 4452 Ecclesiam
2234 4391 2502 4454 infando
2531 4393 2873 4456 schismate
2901 4396 3276 4473 diremptam
3321 4397 3452 4476 jam

204 4495 441 4559 dudum
476 4503 720 4556 tenent.
759 4493 1009 4555 Primus
1045 4493 1260 4572 (quem
1293 4493 1598 4574 equidem
1633 4494 1947 4569 noverim)
1981 4495 2092 4574 qui
2121 4494 2501 4572 justissimis
2537 4493 2636 4558 his
2661 4495 3079 4558 litteratorum
3119 4500 3449 4561 hominum

205 4601 360 4660 votis
418 4595 768 4675 explendis
801 4594 969 4658 serio
993 4595 1295 4673 adjecerit
1327 4595 1644 4669 animum,
1672 4594 1792 4657 fuit
1846 4595 2158 4658 editionis
2205 4599 2398 4676 hujus
2426 4597 2638 4659 fautor
2667 4598 3130 4674 amplissimus,
3183 4599 3261 4660 de
3319 4616 3451 4679 quo

205 4701 320 4778 jam
350 4700 649 4762 diximus
673 4714 891 4776 supra,
916 4697 1164 4775 quique
1215 4696 1346 4774 jam
1377 4696 1456 4758 ab
1487 4712 1657 4759 anno
1693 4697 1846 4759 1753
1871 4695 2048 4759 dedit
2070 4711 2358 4774 operam,
2400 4705 2468 4759 ut
2501 4713 2578 4758 ex
2629 4697 2845 4758 codice
2877 4698 3449 4760 Caesareo-Vindo-

207 4798 473 4863 bonensi
510 4797 1010 4870 exscriberetur,
1045 4804 1115 4858 ut
1157 4795 1308 4856 huic
1337 4796 1529 4857 tertio
1557 4795 1870 4858 volumini
1905 4797 2189 4875 Operum
2241 4796 2730 4876 Theophylacti,
2764 4797 2939 4858 velut
2972 4815 3096 4858 non
3124 4798 3450 4863 mediocre

207 4903 402 4981 ipsius
434 4907 918 4971 ornamentum,
953 4901 1370 4962 insereretur.
1404 4900 1779 4978 Insequenti
1811 4916 1980 4962 anno
2014 4918 2150 4962 eam
2188 4902 2325 4980 ipse
2373 4901 2712 4963 Latinitate
2755 4902 2988 4963 donavi
3023 4921 3040 4960 :
3077 4919 3159 4964 ex
3205 4920 3330 4981 qua
3367 4903 3445 4965 cl.

208 5008 448 5084 prteviaa
512 5003 998 5066 Dissertationis
1050 5011 1272 5064 auctor
1334 5003 1676 5081 particulas
1704 5003 1955 5083 aliquas
2001 5003 2068 5065 in
2115 5021 2248 5066 rem
2280 5021 2464 5066 suam
2497 5005 2841 5082 excerpsit.
2873 5004 3063 5079 Quod
3089 5021 3162 5066 ea
3200 5004 3266 5067 in
3333 5005 3448 5066 hac

204 5109 487 5170 editione
515 5104 758 5183 publici
786 5105 954 5184 juris
986 5102 1282 5166 facienda
1309 5113 1502 5176 esset,
1537 5105 1846 5179 admoniti
1885 5119 2036 5169 sunt
2068 5107 2304 5169 eruditi
2333 5124 2477 5169 cum
2519 5105 2584 5167 in
2620 5107 3087 5171 Dissertatione
3121 5108 3446 5187 praadicta,

207 5218 331 5274 tum
364 5215 562 5275 etiam
600 5211 664 5272 in
720 5209 1155 5270 Declaratione
1183 5211 1676 5283 Graiae-Latina,
1709 5229 1855 5291 quas
1882 5211 2074 5273 simul
2109 5229 2251 5274 cum
2285 5227 2457 5273 tomo
2490 5211 2695 5290 primo
2735 5212 2962 5273 emissa
2993 5211 3058 5273 in
3094 5213 3300 5273 lucem
3354 5220 3449 5272 est

206 5332 364 5377 anno
431 5312 612 5375 1751s.
673 5311 795 5372 Sed
853 5326 1000 5372 cum
1034 5310 1382 5371 voluminis
1414 5311 1609 5391 hujus
1646 5314 1983 5390 impressio
2017 5313 2097 5374 ob
2153 5329 2315 5379 eam.
2370 5329 2561 5391 quam
2615 5313 3132 5384 memoravimus,
3192 5328 3448 5372 causam

211 5418 457 5495 longius
493 5411 982 5492 produceretur,
1035 5411 1129 5471 vir
1155 5411 1567 5472 doctissimus
1595 5413 1876 5473 Joannes
1908 5413 2213 5491 Aloysius
2241 5410 2707 5490 Mingarellius,
2750 5411 3098 5471 canonicus
3134 5411 3449 5487 regularis

210 5521 264 5582 S.
296 5515 653 5600 Augustini
689 5513 1204 5593 congregationis
1236 5513 1558 5576 llhcnanaa
1585 5563 1600 5590 ,
1637 5518 1903 5579 fortasse
1938 5524 2003 5580 ut
2034 5516 2365 5597 aliquanto
2423 5515 2734 5577 maturius
2764 5515 3167 5577 eruditorum
3225 5516 3448 5593 exple-

276 5805 344 5872 tu)
382 5803 517 5860 Vide
577 5801 1028 5860 Dissertationcm
1071 5809 1219 5858 temo
1255 5800 1271 5856 l
1302 5801 1597 5875 prasitum,
1631 5821 1782 5862 num.
1827 5805 1961 5862 LIV.
