4156 6440
720 369 825 430 443
1746 378 2136 439 BONIFACII
2189 381 2498 440 FINETTI
2559 381 2956 441 PREFATIO
3872 380 3980 443 4“

717 494 812 546 ret
863 493 1027 561 vota,
1085 504 1206 550 suo
1275 488 1738 554 Anecdotorum
1773 496 2125 566 Fasciculo,
2185 512 2378 573 quem
2436 496 2637 556 edidit
2674 513 2777 556 an.
2845 497 3020 567 1756,
3091 494 3498 556 inserendam
3556 495 3975 558 existimavit.

712 587 897 660 Quod
942 587 1205 666 quidem
1256 592 1503 653 tametsi
1554 592 1864 656 editionis
1919 596 2112 674 hujus
2175 596 2539 657 fautoribus
2591 599 2780 675 paulo
2813 597 3241 675 iniucundius
3297 596 3626 668 acciderit,
3661 611 3738 658 eo
3795 597 3976 676 quod

714 686 949 747 exinde
997 698 1377 769 praereptum
1422 695 1476 753 ei
1527 694 1777 773 aliquid
1829 696 2037 757 laudis
2091 696 2605 774 suSpicarentur,
2672 696 2830 758 mihi
2884 706 3094 757 tamen
3150 695 3675 774 percommodum
3724 695 3975 756 cessit:

710 787 803 846 sic
835 789 1006 848 enim
1041 789 1475 864 collationem,
1506 811 1698 873 quam
1731 811 1876 855 cum
1906 797 2302 857 Bononiensi
2345 804 2522 858 textu
2559 796 2771 859 facere
2810 797 3187 870 meditabar,
3232 813 3308 858 eo
3334 796 3462 873 jam
3509 795 3708 865 edito,
3770 793 3974 855 multo

709 885 963 950 facilius
997 895 1264 970 exsequi
1323 897 1532 972 potui.
1565 898 1874 958 Craterum
1913 898 2362 976 Mingarellius
2406 901 2623 958 Graeco
2670 898 2872 960 textui
2912 899 3197 960 Latinam
3253 897 3619 959 versionem
3678 895 3975 975 adjunxit

707 1008 862 1053 sane
893 1003 1246 1056 accuratam
1281 1005 1342 1058 et
1369 999 1634 1063 nitidam
1681 1024 1695 1062 :
1731 1018 1923 1081 quam
1952 1011 2311 1079 propterea,
2360 1011 2428 1064 ut
2458 1004 2526 1064 in
2558 1004 2719 1065 hanc
2753 1004 3110 1066 editionem
3141 1004 3550 1073 asciscerem,
3581 1003 3796 1065 animo
3854 1003 3973 1067 diu

708 1097 1116 1177 multumque
1178 1105 1520 1180 prepondi.
1577 1106 1695 1166 Sed
1734 1108 1986 1167 tandem
2025 1106 2112 1166 nil
2150 1124 2291 1168 esse
2316 1116 2516 1181 ratus,
2555 1124 2668 1168 cur
2716 1107 3079 1170 versionem
3115 1123 3317 1168 meam
3343 1105 3594 1183 eojure
3622 1105 3971 1182 privarem:

705 1202 880 1278 quod
913 1203 1161 1263 ratione
1197 1207 1505 1282 temporis
1540 1208 1956 1286 acquisierat,
1993 1217 2051 1269 et
2085 1216 2425 1287 postquam
2465 1210 2632 1270 haud
2661 1208 2971 1272 mediocri
3017 1209 3164 1269 nisu
3195 1211 3466 1269 eluctata
3507 1222 3586 1266 ex
3616 1199 3974 1284 exemplari

705 1308 875 1360 esset
917 1304 1227 1380 pluribus.
1253 1306 1331 1365 de
1369 1308 1582 1368 causis
1650 1309 1990 1384 perarduo,
2051 1326 2186 1369 eam
2234 1310 2576 1371 innoxiam
2612 1310 2900 1372 tenebris
2945 1313 3310 1370 damnarem
3347 1305 3704 1384 perpetuis,
3764 1306 3973 1381 ipsam

707 1399 804 1460 hic
830 1405 1274 1480 apponendam
1312 1410 1564 1469 censui.
1606 1411 1914 1471 Caeterum
1954 1428 2097 1471 cum
2135 1410 2568 1473 Bononiensis
2607 1410 2812 1471 codex
2842 1410 3066 1471 codice
3128 1406 3967 1476 Ctesareo-Vindobonensi,

702 1507 812 1582 qui
843 1507 1008 1568 haud
1037 1508 1121 1569 ita
1159 1527 1447 1588 magnam
1510 1511 1755 1572 redolet
1806 1513 2280 1592 antiquitatem,
2311 1513 2468 1574 mihi
2500 1513 2852 1591 aliquando
2881 1513 3151 1574 nitidior
3192 1513 3368 1573 visus
3397 1511 3504 1585 sit,
3530 1510 3968 1571 emendatior-

702 1624 854 1682 (μιθν
922 1608 1099 1670 illius
1133 1626 1254 1685 ope
1287 1612 1599 1673 nonnulla
1661 1614 1783 1674 mei
1838 1613 2220 1692 exemplaris
2266 1616 2590 1693 corrigere
2640 1617 2866 1675 menda
2893 1615 3102 1693 (prius
3132 1615 3403 1694 quidem
3434 1612 3569 1674 sola
3600 1611 3969 1690 conjectura

706 1709 883 1782 plura
918 1709 1359 1786 sustuleram),
1400 1711 1679 1790 indeque
1703 1719 1763 1772 et
1792 1713 2157 1773 versionem
2191 1730 2397 1774 meam
2419 1715 2898 1793 aliquantulum
2937 1714 3236 1792 perficere
3274 1714 3430 1775 mihi
3460 1713 3689 1774 licuit:
3725 1718 3791 1773 ut
3818 1728 3970 1788 pro-

702 1809 852 1867 inde
889 1826 1012 1868 nou
1044 1813 1310 1870 omnino
1349 1828 1468 1869 suo
1508 1813 1816 1872 exciderit
1853 1821 1996 1874 voto
2042 1814 2609 1890 praestantissimus
2669 1815 3144 1892 Mingarellius,
3188 1813 3304 1893 qui
3331 1831 3404 1875 ea
3437 1831 3563 1890 prae
3596 1811 3846 1874 caeteris
3885 1812 3966 1870 ad

699 1912 1123 1986 evulgandam
1163 1911 1640 1974 Allocutionem
1705 1916 1866 1976 hanc
1907 1917 2154 1978 ratione
2220 1935 2287 1978 se
2322 1918 2660 1979 inductum
2701 1917 2906 1978 fuisse
2940 1926 3184 1993 monet,
3212 1928 3283 1979 ut
3312 1918 3757 1997 Thebphylacti
3804 1919 3970 1994 0pc-

697 2030 838 2071 rum
877 2011 1068 2071 editio
1095 2016 1290 2089 magis
1329 2017 1647 2092 magisque
1687 2015 1917 2092 perﬁci
1941 2017 2170 2092 possit.
2217 2019 2295 2077 At
2322 2025 2382 2078 et
2411 2017 2699 2078 codicem
2751 2017 3258 2088 Bononiensem,
3299 2017 3548 2078 tametsi
3579 2017 3966 2094 plerumque

705 2115 1188 2177 \‘indobonensi
1247 2119 1640 2193 nitidiorem,
1683 2119 1969 2181 vicissim
2016 2137 2226 2197 posse,
2290 2123 2422 2182 imo
2454 2131 2516 2183 et
2547 2124 2784 2185 debere
2813 2125 2874 2184 in
2901 2123 3228 2202 aliquibus
3257 2123 3496 2202 corrigi
3545 2131 3606 2186 et
3656 2123 3796 2199 ipse
3860 2139 3968 2181 co-

695 2214 836 2275 dice
876 2216 1383 2289 \‘iinlobonensi,
1420 2220 1763 2296 perspiciet
1823 2218 2009 2280 facile
2048 2219 2246 2280 lector
2288 2239 2362 2281 ex
2406 2221 2806 2282 variantibus
2839 2222 3253 2291 lectionibus,
3279 2238 3438 2301 quas
3468 2223 3544 2283 ad
3582 2220 3961 2298 paginarum

694 2317 931 2376 calcem
971 2319 1258 2381 adtexui.
1298 2321 1372 2380 Et
1408 2337 1561 2380 sane
1585 2319 1925 2381 lectionem
1952 2321 2530 2382 Vindobonensem
2564 2323 2626 2382 in
2655 2322 3049 2400 quibusdam
3081 2320 3560 2384 anteferendam
3589 2339 3732 2382 esse
3757 2323 3968 2382 Bono-

696 2418 937 2493 niensi,
978 2438 1189 2493 nemo,
1222 2429 1287 2482 ut
1315 2434 1492 2498 puto,
1545 2421 1968 2494 inﬁciabitur,
2025 2424 2134 2501 qui
2173 2423 2683 2504 pauculas,quas
2714 2425 3096 2504 adjecimus,
3156 2436 3338 2486 notas
3377 2427 3746 2502 expendere
3778 2422 3958 2484 velit.

697 2524 1025 2585 Variantes
1074 2543 1339 2604 quoque
1401 2526 1733 2599 lectiones,
1761 2545 1906 2605 quae
1937 2529 1997 2589 in
2033 2529 2405 2590 Chomateni
2457 2531 2775 2608 excerptis
2807 2537 3174 2602 occurrunt,
3199 2529 3590 2601 addidimus,
3633 2543 3758 2588 non
3805 2528 3965 2606 qui-

695 2629 840 2684 dem
904 2641 1155 2696 omnes,
1189 2629 1300 2688 sed
1357 2646 1463 2690 eas
1497 2636 1740 2689 tantum
1779 2647 1919 2709 quae
1955 2629 2222 2707 alicujus
2257 2647 2399 2690 esse
2454 2631 2762 2691 momenti
2807 2631 2956 2692 visa:
2978 2639 3144 2691 sunt.
3181 2631 3303 2690 Sed
3351 2629 3482 2708 jam
3530 2631 3608 2689 de
3684 2629 3968 2707 ipsamet

696 2723 1106 2788 Allocutione
1143 2728 1456 2790 nonnulla
1497 2730 1811 2790 dicamus.

777 2850 1009 2910 XXVI.
1062 2852 1261 2912 Erunt
1321 2853 1586 2913 fortasse
1635 2855 1746 2932 qui
1800 2853 1961 2913 hanc
2028 2852 2487 2930 TheOphylacti
2538 2853 2814 2932 opellam
2875 2853 3136 2914 nonnisi
3187 2850 3396 2913 Photii
3436 2850 3860 2912 sectatoribus
3897 2852 3966 2912 in

691 2968 818 3009 suo
858 2950 1200 3012 schismate
1235 2953 1648 3013 obﬁrmandis
1687 2953 1836 3014 usui
1888 2971 2029 3013 esse
2071 2969 2259 3031 posse
2291 2953 2698 3024 arbitrantes,
2742 2969 2879 3013 eam
2935 2969 2968 3012 a
3001 2952 3189 3012 nobis
3243 2950 3308 3012 in
3370 2949 3685 3028 publicam
3746 2949 3965 3011 efferri

695 3051 924 3126 lucem,
963 3071 1128 3132 aegre
1163 3053 1392 3127 ferant,
1441 3063 1549 3114 aut
1581 3056 1803 3115 saltem
1860 3056 2284 3115 demirentur.
2337 3056 2455 3114 Sed
2507 3071 2624 3114 nos
2677 3056 2755 3116 ab
2802 3069 3026 3115 eorum
3059 3053 3171 3130 qui
3205 3053 3290 3113 ita
3325 3051 3616 3112 sentiunt
3645 3049 3961 3125 opinione

688 3155 850 3213 adeo
883 3155 1100 3228 procul
1133 3155 1466 3230 absumus,
1513 3166 1576 3215 ut
1613 3174 1738 3216 non
1777 3157 1965 3217 modo
2007 3157 2256 3216 nullum
2285 3153 2350 3215 in
2394 3172 2465 3216 ea
2500 3157 2745 3216 edenda
2807 3155 3166 3232 periculum
3203 3153 3471 3215 subesse
3521 3151 3956 3228 suspicemur,

688 3258 799 3315 sed
857 3253 1131 3316 fructum
1198 3257 1387 3316 etiam
1458 3255 1880 3333 multiplicem
1949 3257 2184 3316 exinde
2245 3255 2431 3314 nobis
2491 3254 2922 3316 obventnrnm
2973 3253 3364 3314 conﬁdamus
3412 3269 3428 3314 :
3483 3254 3509 3312 1
3555 3252 3832 3324 scilicet,
3890 3260 3961 3314 ut

693 3357 1103 3433 integerrima
1143 3357 1207 3417 in
1260 3359 1644 3436 evulgandis
1697 3357 2160 3436 Theophylacti
2209 3358 2534 3436 Operibus
2584 3357 2736 3416 fides
2787 3362 3001 3416 nostra
3051 3356 3354 3416 omnibus
3404 3353 3725 3432 explorata
3793 3354 3894 3413 tiat
3939 3376 3956 3416 :

688 3455 929 3515 deinde
968 3467 1037 3518 ut
1075 3458 1272 3518 Latini
1310 3460 1592 3520 nominis
1625 3460 1842 3520 hostes
1898 3457 2311 3536 perspiciam,
2349 3459 2434 3518 ita
2465 3474 2582 3518 nos
2619 3456 2903 3535 aequitati
2954 3472 3163 3517 causai
3209 3463 3442 3515 nostra
3493 3454 3830 3526 confidere,
3887 3462 3964 3515 ut

687 3577 833 3636 quia
883 3569 1100 3622 contra
1159 3561 1519 3624 afferuntur
1570 3575 1943 3641 argumenta
2002 3563 2064 3622 in
2132 3563 2416 3623 medium
2478 3561 2830 3637 producere
2890 3575 3018 3620 non
3071 3573 3409 3619 vereamur
3465 3573 3480 3616 :
3548 3555 3830 3632 denique
3888 3565 3963 3618 ut

689 3658 986 3720 Photiani
1017 3661 1126 3740 (ita
1158 3677 1269 3721 eos
1309 3661 1634 3739 appellare
1668 3661 1871 3733 lubet,
1919 3660 2034 3738 qui
2063 3680 2145 3721 ex
2176 3663 2410 3722 Grmcis
2441 3660 2771 3722 schismati
2811 3659 3164 3730 adhaerent,
3208 3667 3278 3719 ut
3330 3656 3410 3718 ab
3446 3657 3680 3734 inclyta
3732 3671 3957 3718 eorum

689 3761 969 3833 natione,
1007 3778 1196 3838 quam
1225 3776 1606 3839 magnopere
1643 3743 1867 3839 diligo,
1894 3767 1979 3832 et,
2014 3768 2083 3820 ut
2112 3761 2314 3830 decet,
2348 3759 2512 3829 colo,
2542 3758 2896 3838 secernam)
2929 3757 3279 3836 aliquando
3311 3756 3557 3815 discant
3585 3755 3837 3832 aquius
3875 3760 3959 3818 de

692 3861 907 3921 Latina
978 3860 1262 3921 Ecclesia
1317 3862 1580 3932 sentire,
1619 3861 2004 3939 animosque
2063 3860 2313 3936 capiant
2365 3859 2844 3920 moderatiores.
2875 3859 3062 3933 Quod
3122 3858 3206 3918 ita
3256 3855 3518 3935 quidem
3569 3865 3958 3918 eventurum

686 3964 963 4036 conﬁdo,
1005 3964 1056 4023 si
1094 3964 1314 4023 sedato
1365 3964 1736 4038 passionum
1791 3970 1979 4036 testu,
2041 3979 2113 4023 ac
2166 3959 2559 4038 praeiudiciis
2612 3958 2938 4038 paulisper
2987 3959 3316 4036 sepositis,
3361 3959 3440 4019 ad
3494 3957 3959 4036 TheOphylacti

690 4066 915 4140 placi'a
973 4073 1188 4143 (quem
1245 4066 1405 4125 alias
1461 4066 1695 4142 magni,
1751 4082 1866 4124 nec
1919 4063 2269 4134 immerito,
2317 4060 2584 4139 faciunt)
2636 4062 2928 4122 animum
2992 4070 3406 4141 mentemque
3463 4078 3643 4121 suam
3694 4065 3960 4138 exigere

685 4168 911 4228 velint.
939 4168 1074 4227 Hoc
1111 4166 1164 4225 si
1213 4166 1647 4243 praestiterint,
1682 4165 2057 4227 tatebuntur
2086 4181 2265 4236 sane,
2294 4181 2488 4241 neque
2520 4163 2600 4242 (α)
2635 4162 2864 4222 multos
2905 4181 3030 4221 esse
3057 4162 3429 4223 Latinarum
3453 4181 3720 4234 errores,
3751 4180 3949 4240 neque

687 4271 866 4338 tales,
911 4270 1021 4346 qui
1050 4268 1133 4327 ad
1176 4267 1615 4328 discindendas
1648 4266 1971 4326 Ecclesias
2009 4267 2138 4327 sint
2168 4265 2404 4336 idonei,
2440 4281 2772 4342 eorumque
2814 4262 3060 4323 nullum
3083 4264 3164 4323 ad
3197 4263 3343 4340 ﬁdei
3385 4275 3572 4342 caput
3595 4265 3949 4342 pertinere,

688 4372 1082 4432 l’atebnntur
1113 4371 1453 4447 ejusmodi,
1479 4378 1543 4429 ut
1573 4369 1696 4446 ipsi
1725 4377 1971 4443 putant,
1997 4383 2248 4428 errores
2275 4365 2439 4426 ultra
2473 4366 2786 4427 rationem
2804 4382 3062 4425 omnem
3084 4371 3142 4424 et
3171 4365 3429 4424 modum
3455 4364 3957 4442 a/ervidioribus

684 4473 1074 4550 quibusdam
1107 4469 1601 4547 (ωονίὴοάοίτίαε
1630 4468 2012 4530 uiatoribus
2040 4469 2449 4546 ampliﬁcari;
2499 4468 2906 4546 aliquosque.
2928 4465 3192 4538 nullius,
3227 4467 3390 4526 alios
3447 4484 3594 4527 vero
3620 4466 3956 4528 mediocris

685 4573 1133 4633 emendationis
1196 4571 1506 4648 indigere,
1553 4572 1634 4630 ita
1668 4580 1738 4632 ut
1786 4589 1913 4630 non
1959 4573 2167 4648 magni
2214 4571 2467 4630 intersit
2516 4569 2832 4640 Ecclesiae,
2884 4570 2939 4628 si
2991 4588 3058 4627 ea
3098 4570 3508 4648 perﬁciatur.
3555 4569 3957 4632 Fatebuntur

684 4695 940 4737 omnem
978 4675 1176 4735 ferme
1206 4674 1642 4734 dissensionis
1674 4677 1927 4735 Grmcos
1962 4675 2130 4735 inter
2158 4691 2230 4734 ac
2263 4675 2518 4734 Latinos
2551 4691 2804 4735 causam
2842 4673 3258 4734 revocandam
3289 4691 3434 4734 esse
3465 4674 3538 4734 ad
3573 4675 3954 4750 particulam

685 4781 970 4858 Pilioque
1028 4780 1332 4859 Symbolo
1376 4780 1682 4858 adjectam
1730 4779 1833 4857 (ε),
1885 4780 2176 4857 adeoque
2226 4797 2339 4838 nec
2381 4789 2646 4856 propter
2698 4796 2938 4854 azyma,
2991 4795 3187 4861 neque
3222 4782 3508 4856 'propter
3548 4779 3796 4857 jejunia
3837 4779 3953 4854 (dt,

683 4889 879 4946 metito
913 4904 1060 4945 vero
1097 4887 1301 4944 minus
1336 4894 1606 4963 propter
1636 4885 1904 4963 reliqua,
1944 4902 2161 4962 pacem
2194 4902 2332 4946 esse
2353 4883 2762 4946 cumLatina
2791 4884 3071 4946 Ecclesia
3099 4883 3498 4944 turbandam.
3553 4883 3958 4944 Fatebuntnr

684 4990 910 5061 multa,
946 5006 1092 5068 quae
1130 4991 1288 5065 ipsis
1322 5007 1567 5048 errores
1600 4999 1768 5061 sunt,
1810 5008 2013 5049 meras
2085 4990 2566 5052 consuetudines
2598 4991 2674 5070 (ε)
2722 5007 2895 5063 esse,
2945 4987 3244 5067 quasdam
3289 4985 3536 5065 quidem
3581 5005 3660 5046 ea:
3688 4987 3953 5063 pietate,

685 5096 842 5153 alias
875 5114 954 5155 ex
983 5093 1252 5174 provida
1275 5093 1690 5171 dispositione
1728 5095 2146 5157 introductas.
2193 5098 2590 5158 Fatebnntur
2638 5097 2948 5170 denique,
3001 5111 3080 5154 ex
3126 5092 3266 5153 solo
3296 5092 3626 5153 charitatis
3673 5089 3954 5169 defectu,

684 5195 1024 5257 ambitione
1046 5213 1117 5257 ac
1161 5195 1458 5274 superbia
1489 5196 1590 5274 (Γ),
1614 5213 1690 5256 ex
1726 5198 1855 5256 zelo
1886 5217 2012 5257 non
2045 5199 2380 5258 secundum
2411 5199 2759 5271 scientiam,
2793 5216 2870 5257 ea:
2901 5214 3054 5255 casco
3093 5197 3194 5255 sui
3219 5211 3426 5254 amore
3450 5193 3636 5271 (g)tot
3690 5198 3956 5270 congeri

757 5466 839 5540 (ᾳ)
869 5464 1471 5540 jerba‘Theopbylacli
1503 5464 1674 5520 Alloc.
1717 5481 1866 5520 num.
1902 5468 1941 5532 I,
1971 5483 2095 5540 pag.
2126 5468 2250 5523 515.
2357 5467 2494 5520 enim
2551 5464 2816 5540 [ra_t_erne_
2845 5463 3198 5540 suscipimus,
3239 5468 3418 5540 ctr._;_r
3449 5466 3562 5510 tum
3605 5471 3734 5540 quze
3783 5455 3954 5511 habet

757 5527 832 5601 (ιν)
869 5537 1032 5589 Num.
1065 5535 1127 5587 ll.
1237 5527 1253 5534 ’
1311 5527 1327 5535 ⁷
1930 5527 1939 5532 ⁷
1972 5527 1986 5537 ’
2041 5527 2071 5540 “’
2366 5552 2519 5590 num.
2551 5527 2694 5593 XVI.
2727 5535 2818 5587 ubi
2853 5527 3110 5602 graphice
3161 5531 3426 5584 describit
3463 5527 3826 5602 quorumdam
3878 5541 3948 5580 ex

757 5599 828 5677 (ι’)
865 5607 943 5677 Ib.
978 5616 1029 5657 et
1053 5620 1204 5677 num.
1230 5605 1316 5659 Ill.
2363 5623 2398 5661 SI

2363 5609 2478 5661 suis
2505 5599 3121 5675 popularibus’bbs'ptxbv
3161 5602 3324 5670 δτκην
3349 5638 3364 5665 ,
3391 5599 3732 5670 hydropicum
3770 5605 3958 5653 tumo—

757 5673 837 5746 (ιι)
871 5676 1034 5730 Num.
1070 5673 1182 5728 XV.
2368 5695 2500 5731 rem.

765 5744 835 5818 (ι’)
866 5747 1010 5818 [ML
1402 5817 1408 5818 γ
2444 5748 2516 5817 lg‘
2555 5747 2717 5806 Num.
2746 5745 2818 5800 XI
2851 5744 2905 5799 in
2935 5745 3058 5799 line.

761 5815 833 5880 in
865 5815 979 5872 “'JC
1017 5825 1269 5873 spectant
1304 5817 1465 5872 verba
1504 5835 1623 5875 nux
1660 5820 1820 5875 habet
1853 5837 2004 5874 num.
2039 5819 2056 5874 ι
2091 5839 2101 5874 :
2148 5819 2266 5872 Non
