4156 6440
717 405 817 460 447
1765 397 2143 457 BONIFACII
2187 398 2496 456 FINETTI
2540 394 2929 455 PR/EFATIO
3861 388 3963 450 448

724 512 1195 572 verebaturille
1231 515 1609 572 eventurum
1644 510 1793 575 sibi.
1837 526 2063 587 nempe
2100 509 2272 586 quod
2309 505 2600 567 nonnulli
2653 523 2728 565 ex
2778 499 3226 577 fervidioribus
3273 500 3625 565 Plautia-nis.
3679 498 3963 576 legentes

719 629 909 688 quam
961 612 1190 672 acriter
1235 613 1295 670 in
1353 627 1465 669 sua
1528 609 1642 668 hac
1697 608 1904 681 apella
1962 607 2344 684 perstringat
2406 605 2776 666 eorumdem
2842 600 3382 662 immoderantiam
3441 596 3581 668 zeli,
3633 595 3965 656 charitatis

717 713 1043 791 defectum,
1089 710 1478 770 ambitionem
1504 719 1686 786 atque
1731 709 2146 786 hydropicum
2179 718 2506 777 tumorem,
2538 703 2964 765 aestimatione
3004 703 3068 762 in
3102 706 3538 774 contemptum
3572 715 3777 769 versa,
3813 713 3964 757 eun

718 816 1141 874 condemnant
1174 812 1441 870 inscitia:
1474 810 1930 886 crassiorisque
1959 811 2024 869 in
2057 808 2244 868 rebus
2294 808 2493 866 sacris
2531 806 2789 887 judicii,
2819 805 2916 864 vel
2955 805 3240 875 incuriae,
3283 805 3403 862 imo
3449 810 3507 860 et
3566 802 3968 861 orientalium

719 915 1067 992 dogmatum
1099 913 1503 992 proditionis.
1540 913 1663 973 Alii
1703 921 1936 984 tamen,
1968 928 2222 989 sperare
2246 911 2449 989 juvat,
2485 908 2846 988 gravissimi
2882 907 3073 986 hujus
3125 905 3243 965 viri
3290 904 3664 965 auctoritate
3691 904 3964 978 permoti

721 1016 842 1076 sibi
884 1015 1067 1075 facile
1098 1014 1592 1090 persuadebunt,
1623 1030 1732 1070 nec
1774 1013 2000 1070 multos
2028 1029 2152 1070 esse
2179 1010 2546 1070 Latinorum
2579 1025 2846 1079 errores,
2878 1024 3076 1085 neque
3095 1007 3251 1065 tales
3281 1005 3391 1083 qui
3412 1003 3494 1063 ad
3522 1001 3966 1064 discindenda‘

719 1115 1035 1174 Ecclesias
1062 1113 1192 1171 sint
1223 1111 1468 1176 idonei;
1499 1129 1612 1170 nec
1659 1109 1856 1169 ullum
1903 1111 2011 1187 qui
2057 1109 2138 1166 ad
2167 1108 2313 1186 ﬁdei
2363 1118 2553 1186 caput
2604 1109 2945 1186 pertineat.
2998 1109 3074 1166 At
3104 1105 3149 1165 ii
3205 1105 3325 1181 ipsi
3365 1103 3632 1163 fortasse
3670 1103 3965 1180 ejusdem

719 1214 1097 1276 auctoritate
1136 1212 1274 1271 freti
1317 1211 1726 1282 contendent,
1761 1226 1828 1268 se
1860 1210 2008 1286 jure
2041 1227 2071 1269 a
2104 1209 2472 1269 Latinorum
2504 1207 2962 1268 communione
2985 1203 3355 1275 abhorrere,
3387 1201 3628 1278 quippe
3660 1202 3771 1276 qui
3806 1199 3965 1258 illud

720 1315 1022 1393 Symbolo
1085 1314 1477 1383 addiderint,
1518 1329 1648 1390 quo
1689 1312 1998 1389 Spiritum
2045 1320 2334 1372 sanctum
2370 1318 2430 1372 et
2461 1327 2493 1371 a
2541 1311 2708 1370 Filio
2772 1309 3117 1386 procedere
3167 1306 3563 1368 enuntiatur.
3595 1305 3727 1363 Hos
3767 1303 3970 1380 igitur

719 1417 922 1476 amice
958 1425 1015 1475 et
1048 1415 1349 1482 fraterne,
1390 1422 1587 1491 utque
1627 1413 1836 1474 verbis
1866 1424 2002 1474 utar
2042 1411 2531 1488 TlteOphylacli,
2569 1409 2945 1488 simpliciter
2984 1415 3042 1467 et
3090 1403 3374 1477 candide,
3407 1414 3590 1480 atque
3633 1411 3703 1461 ut
3745 1403 3966 1479 pisca-

722 1528 925 1576 torum
952 1514 1335 1592 discipulum
1365 1515 1614 1573 omnino
1649 1513 1842 1587 decet,
1877 1529 2050 1573 nunc
2085 1512 2305 1589 paucis
2337 1511 2583 1590 alloqui
2621 1510 2817 1571 lubet.

799 1619 1065 1679 XXVII.
1115 1623 1201 1678 Ac
1230 1619 1430 1695 primo
1462 1617 1724 1698 quidem
1759 1634 1895 1691 eos,
1927 1617 2137 1696 quoad
2177 1633 2456 1693 praesens
2487 1615 2738 1686 attinet,
2777 1609 3189 1689 praemonitos
3235 1609 3452 1681 velim,
3500 1606 3714 1683 potius
3764 1601 3969 1664 animi

723 1720 1210 1795 dispositionem
1244 1735 1432 1795 quam
1481 1719 1670 1780 verba
1710 1737 1851 1779 esse
1877 1719 1945 1779 in
1976 1717 2458 1796 TheOphylacto
2489 1717 2833 1795 Spectanda
2861 1737 2877 1787 ;
2908 1713 3146 1774 deinde
3182 1727 3585 1790 qumcunque
3615 1708 3756 1786 ejus
3788 1720 3973 1766 mens

721 1818 938 1889 fuerit,
994 1834 1118 1876 non
1173 1816 1382 1893 magni
1434 1833 1575 1878 esse
1621 1815 1971 1876 faciendam
2008 1815 2187 1876 illius
2220 1817 2335 1877 hac
2387 1819 2453 1877 in
2505 1833 2571 1875 re
2613 1814 3083 1874 auctoritatem.
3135 1809 3359 1883 Quoad
3394 1809 3670 1886 primum
3715 1809 3975 1868 attinet:

723 1933 838 1994 pro
869 1927 1040 1978 certo
1075 1917 1301 1988 habeo,
1344 1917 1425 1978 ita
1469 1934 1616 1978 eum
1674 1915 1876 1978 fuisse
1906 1916 2121 1978 animo
2169 1925 2629 1994 comparatum,
2656 1923 2725 1975 ut
2750 1916 2804 1974 si
2840 1929 2971 1993 quo
3007 1922 3292 1990 tempore
3332 1911 3513 1983 vixit,
3553 1927 3666 1987 per
3702 1909 3975 1986 aliquod

723 2018 1068 2080 concilium
1106 2038 1185 2080 ex
1227 2019 1463 2080 Graecis
1514 2017 1893 2096 Latinisque
1923 2029 2211 2080 coactum
2263 2021 2338 2080 ad
2373 2035 2638 2079 examen
2686 2029 2897 2076 vocata
2937 2032 3008 2076 ac
3055 2015 3317 2075 deﬁnita
3361 2012 3594 2073 fuisset
3643 2009 3975 2088 processio

727 2120 1007 2195 Spiritus
1077 2121 1277 2179 sancti
1333 2123 1520 2179 etiam
1582 2136 1615 2179 a
1674 2120 1865 2192 Filio,
1917 2120 2136 2196 procul
2197 2121 2396 2180 dubio
2454 2119 2715 2179 concilii
2787 2119 3043 2196 judicio
3087 2133 3159 2177 ac
3209 2114 3551 2176 sententiae
3621 2113 3906 2172 stetisset
3954 2134 3971 2173 :

723 2221 1265 2295 quemadmodum
1333 2219 1592 2295 plurimi
1661 2221 1991 2281 sanctitate
2053 2238 2121 2281 ac
2198 2221 2487 2281 doctrina
2551 2219 3060 2296 prmstantissimi
3121 2220 3338 2277 Patres
3399 2222 3633 2277 stetere
3689 2214 3972 2292 synodo,

722 2318 1134 2390 Florentium,
1189 2319 1381 2396 eique
1434 2328 1744 2394 perpetuo
1803 2325 1864 2378 et
1917 2318 2436 2379 constantissime
2489 2318 2919 2377 adhteserunt.
2975 2316 3107 2374 Hac
3145 2312 3350 2374 fuisse
3420 2310 3975 2389 Theophylactum

723 2421 922 2480 animi
959 2421 1384 2496 dispositione
1431 2420 1750 2492 affectum,
1806 2422 1943 2497 ipse
1996 2420 2231 2494 colligo
2267 2437 2341 2479 ex
2399 2419 2640 2479 eximio
2681 2419 2823 2494 ejus
2877 2416 3047 2495 pacis
3109 2415 3506 2492 unionisque
3551 2428 3792 2482 amore,
3857 2408 3974 2489 qui

724 2541 867 2584 cum
901 2523 963 2582 in
997 2522 1141 2581 aliis
1178 2523 1510 2596 operibus,
1538 2527 1673 2580 tum
1706 2521 2109 2597 potissimum
2146 2519 2208 2578 in
2235 2518 2347 2578 hac
2378 2519 2517 2594 ipsa
2552 2516 2947 2577 Allocutione
2983 2514 3343 2576 luculenter
3365 2526 3436 2574 se
3465 2516 3697 2589 prodit.
3731 2513 3976 2571 Verum

725 2639 869 2684 cum
907 2631 1050 2681 ante
1098 2622 1388 2681 ﬂoruerit
1433 2637 1622 2699 quam
1669 2618 2106 2680 controversia
2165 2619 2295 2678 haec
2354 2618 2612 2677 deﬁnita
2662 2624 2833 2676 esset
2881 2617 2947 2675 in
3013 2614 3230 2692 aliqua
3275 2614 3666 2675 (ecumenica
3722 2613 3978 2691 synodo

729 2724 966 2812 (mimo
1000 2723 1172 2784 enim
1209 2726 1468 2786 deﬁnita
1510 2733 1605 2784 est
1654 2725 1716 2784 in
1750 2724 2023 2784 concilio
2076 2721 2354 2800 generali
2404 2721 2817 2796 Lugdunensi
2869 2739 2938 2785 ιι,
2991 2737 3095 2780 an.
3128 2719 3331 2798 1271;),
3384 2735 3662 2795 cumque
3732 2733 3842 2792 per
3907 2714 3977 2774 id

732 2831 984 2896 tempus
1032 2821 1288 2880 dissidii
1331 2829 1390 2881 et
1436 2820 1796 2881 schismatis
1827 2829 2019 2880 mslus
2049 2821 2321 2897 primum
2355 2819 2667 2879 excitatus
2713 2836 2746 2877 a
2777 2818 3028 2890 Pliotio,
3069 2827 3201 2879 tum
3240 2836 3271 2878 a
3308 2817 3614 2878 Michaele
3642 2815 3980 2877 Cerulario

731 2935 854 2978 non
893 2920 975 2979 ita
1030 2921 1276 2995 pridem
1315 2934 1679 2991 renovatus,
1736 2918 2012 2979 ferveret
2074 2935 2264 2996 quam
2303 2917 2894 2988 vehementissime,
2946 2918 3109 2977 haud
3147 2917 3326 2977 valde
3383 2915 3744 2976 mirandum
3798 2915 3851 2974 si
3914 2924 3982 2975 et

730 3021 1251 3101 TlieOphylactus
1285 3041 1353 3083 se
1385 3039 1646 3101 quoque
1679 3023 1881 3098 abripi
1923 3038 2148 3097 passus
2181 3031 2507 3098 utcunque
2547 3020 2650 3081 sit.
2689 3021 2763 3078 At
2801 3021 2953 3098 quia
2985 3030 3194 3081 tamen
3221 3020 3304 3080 ob
3336 3037 3498 3093 eam,
3543 3037 3734 3099 quam
3780 3037 3980 3094 supra

731 3122 1246 3191 memoravimus,
1283 3137 1537 3182 causam
1578 3121 1866 3197 ignotum
1905 3119 2086 3179 nobis
2119 3127 2237 3192 est,
2273 3135 2348 3177 an
2383 3116 2557 3177 illius
2593 3119 2803 3179 fervor
2834 3120 2910 3179 ad
2938 3118 3295 3179 htereticam
3323 3137 3530 3197 usque
3563 3121 3981 3196 pertinaciam

730 3220 1110 3292 excreverit,
1165 3221 1309 3279 ideo
1360 3237 1570 3298 neque
1620 3218 1803 3278 illum
1863 3219 2204 3291 haereseos,
2257 3235 2466 3295 neque
2519 3218 2828 3295 formulis,
2875 3226 2942 3278 ut
2991 3219 3197 3289 aiunt,
3240 3217 3601 3276 schismatis
3668 3218 3982 3277 condent-

732 3339 956 3383 namus
1002 3322 1083 3401 (α)
1117 3323 1272 3401 quin
1309 3339 1423 3383 nec
1465 3323 1667 3382 sancti
1712 3321 1828 3382 viri
1858 3321 2378 3399 appellationem,
2421 3337 2546 3397 qua
2606 3321 2794 3398 vulgo
2824 3320 2903 3380 ab
2935 3321 3376 3382 Orientalibus
3423 3321 3796 3400 insignitur,
3859 3338 3982 3380 nos

733 3426 1056 3485 ullatenus
1090 3427 1212 3502 ips-i
1250 3426 1642 3486 invidemus.

821 3546 1122 3608 XXVIII.
1155 3546 1386 3605 Verum
1407 3546 1524 3605 hee
1546 3545 1756 3621 ipsum
1786 3544 1955 3622 quod
1982 3543 2274 3622 TheOphj
2298 3546 2457 3605 laeto
2476 3544 2552 3604 ab
2572 3545 2670 3604 liis
2689 3545 3063 3606 criminibus
3088 3547 3437 3624 purgando,
3464 3547 3986 3610 siveexcusando

735 3644 1042 3717 deservit,
1079 3644 1154 3703 ad
1199 3644 1614 3703 minuendam
1649 3659 1909 3721 quoque
1944 3643 2056 3703 hac
2092 3644 2155 3702 in
2183 3652 2354 3719 parte
2395 3644 2574 3703 illius
2606 3647 3045 3705 auctoritatem
3079 3664 3268 3724 quain
3313 3647 3585 3708 maxime
3622 3646 3770 3708 facit
3822 3650 3986 3710 Cum

735 3745 910 3807 enim
962 3743 1390 3806 controversia
1435 3744 1562 3804 hinc
1623 3744 1684 3805 iu
1746 3743 2020 3804 concilio
2083 3761 2159 3802 ex
2215 3743 2448 3802 Graecis
2506 3744 2876 3820 Latinisque
2943 3755 3158 3806 coacto
3237 3750 3524 3808 nondum
3581 3750 3721 3808 data
3788 3767 3991 3827 opera

736 3845 1193 3921 communique
1239 3859 1556 3902 consensu
1594 3843 1875 3921 subjecta
1907 3850 2076 3902 esset
2103 3843 2408 3917 examini,
2440 3846 2608 3920 quod
2650 3845 2853 3920 primo
2884 3845 3116 3907 factum
3135 3855 3230 3907 est
3265 3849 3327 3908 in
3365 3849 3666 3927 praedicta
3699 3851 3988 3927 generali

737 3946 1010 4024 synodo,
1071 3946 1365 4022 ignOrare
1396 3943 1450 4002 is
1486 3942 1671 4003 facile
1708 3942 1912 4019 potuit
1961 3941 2200 4019 quibus
2246 3943 2560 4004 niteretur
2607 3943 3042 4006 fundamentis
3077 3948 3449 4009 Latinorum
3496 3952 3834 4024 sententia,
3881 3953 3988 4015 vel

738 4050 961 4128 quoin
1000 4065 1195 4109 sensu
1235 4055 1594 4107 asserereut
1625 4046 1687 4106 lii
1713 4091 1725 4114 ,
1753 4045 2061 4124 Spiritum
2097 4053 2382 4106 sanctum
2417 4047 2608 4106 etiam
2647 4063 2678 4107 a
2728 4049 2894 4107 Filio
2942 4051 3317 4125 procedere,
3364 4059 3424 4111 et
3469 4069 3658 4130 quam
3705 4053 3991 4130 legitima

742 4153 903 4214 ratio
939 4168 1054 4211 seu
1087 4167 1278 4210 causa
1312 4151 1405 4208 eis
1440 4149 1660 4220 fuerit,
1698 4156 1768 4208 ut
1807 4149 2178 4225 particulam
2220 4148 2510 4228 Filioque
2537 4150 2600 4209 in
2640 4159 2904 4210 suamet
2934 4167 3120 4212 usum
3154 4152 3460 4214 Ecclesiae
3487 4155 3791 4230 Symbolo
3837 4157 3987 4218 ﬁdei

739 4252 1163 4328 adjiciendum
1201 4251 1503 4325 putarint.
1555 4251 1697 4310 Haac
1729 4251 1937 4326 reipsa
1971 4250 2048 4309 ab
2078 4249 2564 4328 Tlieophylacto
2600 4251 2886 4328 ignorata
2920 4251 3149 4326 fuisse,
3181 4254 3463 4315 dubitari
3513 4257 3616 4315 vix
3659 4265 3893 4332 potest,
3935 4261 3988 4317 si

742 4360 1111 4428 argumenta
1143 4350 1331 4428 queis
1361 4366 1539 4409 suam
1575 4351 1712 4425 ipse
1740 4366 1992 4410 causam
2031 4362 2413 4427 propugnat,
2461 4351 2651 4426 paulo
2694 4352 3004 4412 attentius
3053 4355 3524 4430 expenduntur.
3572 4359 3754 4418 Anne
3808 4360 3988 4419 enim

747 4470 905 4511 usus
939 4468 1220 4528 unquam
1279 4450 1491 4512 verbis
1525 4451 1656 4510 illis
1695 4452 2084 4528 evangelicis
2141 4451 2368 4512 fuisset
2409 4453 2715 4512 ~0stende
2759 4453 2938 4514 nobis
2989 4455 3236 4514 Patrem
3289 4456 3425 4536 (qui
3491 4477 3719 4536 nempe
3764 4463 3993 4522 doceat

723 4554 1046 4630 'Spiritum
1072 4561 1357 4613 sanctum
1383 4571 1417 4613 a
1451 4553 1613 4614 Filio
1641 4555 2034 4630 procedere),
2058 4564 2116 4615 et
2142 4554 2374 4633 sufﬁcit
2408 4555 2587 4614 nobis
2621 4555 2728 4635 (b),
2769 4557 2824 4616 si
2865 4559 3294 4634 c0gnovisset,
3330 4569 3416 4620 tot
3455 4579 3600 4622 esse
3650 4563 3886 4637 Patres,
3925 4578 3993 4629 et

740 4654 1224 4734 probatissimos
1254 4655 1540 4732 quidem,
1567 4663 1629 4715 et
1659 4671 1784 4716 non
1817 4657 2004 4715 modo
2047 4657 2324 4726 Latinos,
2359 4655 2471 4731 qui
2495 4655 2768 4716 ﬂoruere
2790 4668 2936 4718 ante
2961 4659 3391 4720 dissensionis
3424 4661 3684 4722 initium
3719 4662 3993 4740 (quibus

749 4761 1015 4839 proinde
1044 4759 1451 4836 probatorum
1479 4761 1736 4819 Patrum
1768 4771 1828 4820 et
1857 4776 2088 4820 nomen
2121 4769 2183 4821 et
2217 4760 2480 4837 gradum
2519 4777 2706 4821 nemo
2745 4777 2921 4834 sane,
2946 4763 3055 4839 qui
3085 4773 3250 4824 recte
3284 4765 3537 4837 sentiat,
3563 4767 3996 4849 abjudicarit),

746 4864 856 4921 sed
891 4862 1079 4921 etiam
1111 4863 1385 4928 Graecos,
1415 4861 1528 4937 qui
1556 4867 1834 4920 nostram
1868 4860 2191 4920 tradidere
2223 4861 2652 4921 sententiam?
2674 4862 2794 4924 Hic
2821 4880 2996 4934 vero,
3023 4874 3364 4943 antequam
3393 4867 3556 4926 ultra
3589 4869 3997 4946 progredior,

749 4960 1046 5020 cohibere
1088 4977 1184 5019 me
1221 4974 1348 5018 non
1390 4975 1676 5035 possum,
1713 4959 1875 5037 quin
1913 4960 2322 5020 vehementer
2346 4978 2579 5039 querar
2609 4953 3266 5042 expostulemque'de
3297 4967 3702 5041 apertissima
3753 4969 4003 5047 injuria

749 5077 941 5138 quam
990 5059 1188 5120 Graeci
1241 5069 1472 5121 nostra;
1530 5057 1722 5135 hujus
1777 5062 1972 5121 tetatis
2003 5077 2132 5122 non
2169 5063 2406 5123 Latinas
2452 5072 2721 5136 tantum,
2766 5065 2883 5124 sed
2936 5072 2998 5124 et
3040 5067 3361 5127 universa;
3413 5068 3718 5128 Ecclesia:
3750 5069 4002 5131 inferre

756 5161 920 5220 haud
981 5161 1418 5234 reformidant,
1479 5164 1632 5222 dum
1695 5164 2194 5223 controversiam
2253 5163 2414 5223 lianc
2461 5163 2609 5225 ﬁdei
2676 5164 2752 5224 ad
2809 5166 3061 5226 GI‘EBCOS
3116 5173 3358 5226 tantum
3404 5167 3790 5243 exigendam
3850 5185 4004 5230 esse

756 5263 996 5336 Patres,
1046 5281 1125 5325 ex
1183 5281 1536 5341 eorumque
1596 5265 1845 5341 placitis
1899 5265 2329 5325 deliniendam
2388 5283 2526 5326 esse
2583 5267 3007 5327 contendunt.
3064 5265 3231 5339 Quid
3275 5266 3490 5327 enim?
3533 5270 3628 5328 An
3686 5267 4006 5330 catholica

830 5538 905 5602 (ιι)
946 5535 1057 5591 llnc
1096 5536 1308 5591 ratione
1351 5552 1472 5590 eum
1532 5544 1870 5590 excusarunt
1921 5546 2171 5589 auctores
2205 5535 2320 5587 edi-
2426 5538 2640 5590 locutus
2683 5538 2842 5591 fuerit
2875 5535 3208 5604 deSpiritns
3230 5535 3403 5588 sancti
3435 5535 3840 5603 processione).
3869 5537 4008 5604 quia

754 5610 964 5658 littlltlm
1001 5622 1127 5659 ann.
1173 5609 1333 5666 I53I,
1367 5608 1502 5660 1542
1529 5616 1580 5659 et
1611 5607 1766 5669 I554,
1810 5621 1948 5672 quas
1974 5605 2152 5658 videre
2189 5607 2319 5658 milii
2427 5610 2640 5660 minime
2667 5619 2788 5660 tunc
2825 5610 2888 5658 ab
2935 5603 3172 5657 Ecclesia
3212 5606 3499 5660 universali
3549 5606 3824 5676 deﬁnitum
3856 5603 4009 5675 erat,

755 5676 929 5745 Iit-nit.
964 5676 1383 5730 Enzn'rationnm
1440 5678 1612 5745 ipsius
1654 5678 1705 5728 in
1744 5686 1975 5741 quatuor
2012 5676 2317 5738 Evangelia.
2428 5695 2541 5731 cum
2578 5679 2641 5728 ab
2674 5690 2894 5743 utroque
2927 5678 3225 5741 procedere.

761 5743 933 5798 Verba
960 5748 1175 5798 illorum
1204 5743 1484 5818 ψευδιεοηί
1506 5745 2005 5818 Joa_ri_iiisli:ec'suiit
2031 5765 2041 5818 ς
2074 5745 2322 5818 Propter-
2502 5749 2575 5818 (ὁ)
2608 5748 2744 5802 Num
2805 5749 2892 5801 Ill.

763 5833 820 5869 Cu
853 5816 1297 5873 rrurehcndcndus
1332 5833 1431 5869 non
1462 5827 1536 5868 est
1581 5815 1993 5880 TlieOpquluctus
2027 5817 2192 5881 {quod
2253 5819 2322 5870 ita
