4156 6440
190 422 272 487 ιω
1006 418 1089 482 ΙΝ
1133 420 1565 493 SEQUENTIA
1604 421 2180 485 THEOPHYLACTI
2212 422 2554 489 SCRIPTA.
3303 429 3410 496 450

190 532 443 597 Ecclesia
492 533 653 595 intra
704 531 1215 606 soliusGrmcim
1254 544 1349 595 vel
1398 531 1683 595 Orientis
1726 530 1884 593 ﬁnes
1931 532 2121 593 etiam
2170 533 2393 610 primis
2454 533 2758 597 Ecclesiae
2810 537 3064 604 saeculis
3106 538 3408 603 conclusa

186 638 335 697 erat?
387 639 507 695 Aut
565 633 782 694 dicina
826 633 1113 705 traditio,
1166 634 1354 713 cujus
1414 633 1669 711 propria
1723 631 1840 691 dos
1892 641 2010 705 est,
2054 648 2294 709 semper
2323 640 2384 693 et
2426 634 2657 714 ubique
2702 640 2945 715 vigere,
2976 657 3055 702 ex
3089 637 3409 700 Orientali

190 744 405 797 tantum
440 735 722 796 Ecclesia
762 734 1111 796 haurienda
1152 737 1608 811 pensandaque
1640 733 1777 794 est?
1814 732 2050 811 Ecquis
2078 730 2193 792 hac
2243 735 2655 813 praerogativa
2706 738 3066 801 Orientales
3106 737 3411 801 donavit?

190 842 265 899 An
301 837 613 910 Christus,
661 838 771 914 qui
813 837 1238 915 Evangelium
1286 836 1353 898 in
1399 836 1706 897 universo
1744 834 1987 896 mundo
2038 834 2509 913 prmdicandum
2551 839 2795 901 edixit?
2831 842 2927 902 An
2959 842 3258 919 apostoli,
3290 838 3404 919 qui

192 943 323 1003 illud
353 943 820 1003 annuntiarunt
854 941 1092 1020 ubique
1124 949 1475 1011 terrarum;
1521 954 1879 1016 eorumque
1924 937 2300 1016 cory'phmus
2342 940 2567 1015 Petrus
2612 942 2874 1003 Romam
2909 960 3052 1004 cum
3104 942 3411 1002 doctrinm

188 1050 476 1113 suae,tum
526 1045 715 1106 etiam
774 1045 1107 1123 potestatis
1159 1044 1377 1105 sedem
1434 1041 1812 1103 constituit?
1861 1040 1970 1101 ubi
2022 1041 2212 1103 etiam
2258 1041 2495 1105 Paulus
2536 1042 2816 1105 doctoris
2845 1063 3110 1108 munere
3147 1046 3405 1108 functus

188 1145 423 1205 biennio
459 1150 555 1204 est
591 1164 606 1203 :
644 1152 712 1205 ut
742 1145 820 1205 de
852 1144 1094 1205 caeteris
1118 1144 1337 1204 sileam
1371 1142 1702 1222 apostolis,
1739 1158 2013 1220 quorum
2047 1142 2247 1219 aliqui
2281 1159 2392 1220 per
2430 1143 2707 1222 seipsos,
2741 1144 2848 1205 alii
2892 1164 3001 1223 per
3051 1147 3407 1227 discipulus

189 1250 250 1309 ab
274 1267 333 1310 se
365 1248 700 1310 institutos
733 1248 798 1309 in
832 1249 1035 1309 varias
1069 1248 1441 1309 Occidentis
1478 1246 1841 1323 provincias
1885 1264 1955 1307 ac
1989 1262 2177 1324 regna
2220 1237 2571 1325 doctrinam
2620 1248 3053 1327 evangelicam
3098 1251 3404 1313 dissemi-

196 1359 421 1411 narunt.
477 1349 787 1424 Quamvis
818 1350 1017 1430 igitur
1074 1350 1323 1412 nullum
1365 1368 1439 1411 ex
1482 1350 1713 1411 Grmcis
1768 1349 2059 1411 Patribus
2116 1348 2327 1410 afferri
2393 1359 2605 1426 posset
2656 1366 2768 1427 pro
2833 1352 3056 1413 Latino
3114 1352 3405 1432 dogmate

190 1452 624 1527 testimonium,
685 1462 897 1514 nonne
953 1453 1108 1513 satis
1166 1460 1336 1514 esset
1386 1453 1713 1514 unanimis
1780 1453 2150 1513 Latinorum
2198 1455 2455 1514 Patrum
2517 1451 2859 1525 sententia,
2922 1461 2986 1515 ut
3042 1454 3280 1516 nedum
3329 1458 3409 1516 ab

191 1552 371 1614 omnis
394 1552 769 1629 suspicione
798 1554 1033 1614 erroris
1065 1552 1527 1625 absolveretur,
1566 1554 1675 1614 sed
1711 1552 1899 1613 etiam
1935 1559 2000 1612 ut
2032 1552 2338 1631 apostolis
2365 1553 2523 1631 ipsis
2558 1549 2903 1614 referretur
2934 1557 3307 1632 acceptum?
3336 1559 3407 1616 lit

187 1667 315 1712 sane
348 1652 396 1711 si
435 1650 983 1729 TheOpliylactum
1013 1670 1137 1713 non
1176 1652 1360 1713 latuit
1392 1652 1613 1714 isthmc
1644 1652 2013 1713 Latinorum
2049 1654 2390 1715 consensio
2421 1654 2705 1727 Patrum,
2748 1672 2870 1733 qua
2909 1655 3154 1716 ratione
3203 1672 3405 1718 ausus

193 1757 272 1812 est
322 1750 654 1825 afﬁrmare,
704 1771 741 1810 a
803 1751 978 1812 nullo
1035 1772 1113 1813 ex
1150 1753 1434 1831 probatis
1493 1753 1793 1815 Patribus
1845 1753 1912 1815 id
1964 1756 2228 1827 edoceri,
2279 1770 2750 1835 provocareque
2836 1756 2954 1818 nos
3012 1758 3406 1837 evangelicis

189 1854 415 1915 verbis:
448 1854 715 1915 Ostende
744 1856 923 1917 nobis
949 1857 1245 1917 Patrem?
1279 1860 1374 1941 An
1418 1874 1542 1919 non
1575 1858 1835 1938 probati
1883 1863 2097 1921 Patres
2145 1860 2504 1940 Cyprianus
2546 1871 2625 1924 et‘
2659 1861 3068 1937 Ambrosius,
3125 1880 3404 1941 quorum

187 1956 363 2015 utitur
400 1956 793 2017 testimoniis
828 1958 1019 2018 tertia.
1046 1940 1339 2035 synodus
1371 1959 1961 2051 mcumenicaksive
1995 1960 2362 2040 Ephesina?
2407 1963 2632 2023 Nonne
2674 1961 3166 2040 probatissimus
3228 1965 3408 2024 Pater

188 2057 295 2115 Leo
330 2059 620 2134 Magnus,
663 2058 860 2137 'cujus
902 2060 1133 2139 scripta
1168 2070 1391 2138 quarta
1437 2063 1727 2140 synodus
1768 2089 1829 2126 στ

1768 2072 1970 2144 στήλην
2005 2072 2334 2144 ὀρθοδοξεας,
2376 2066 2725 2127 columnam
2760 2064 3154 2129 orthodoxia:
3179 2066 3405 2146 appel-

188 2160 338 2221 lavit.
391 2163 615 2223 Nonne
679 2162 981 2239 probatus
1038 2166 1221 2225 Pater
1267 2165 1964 2247 Augustinus,'quem
2027 2175 2203 2230 sexta
2250 2168 2541 2248 synodus
2607 2168 2879 2230 summis
2925 2177 3258 2245 prosecuta
3312 2178 3408 2231 est

186 2264 452 2327 laudibus
480 2282 667 2343 aeque
697 2281 768 2327 ac
802 2265 1016 2344 ipsum
1040 2269 1454 2331 Ambrosium
1486 2276 1678 2350 atque
1709 2272 2033 2334 Leonem?
2058 2272 2123 2333 Si
2160 2288 2310 2334 vero
2342 2271 2461 2333 hoc
2486 2270 2597 2333 ille
2626 2271 2973 2350 ignoravit,
2998 2288 3409 2350 consequens

187 2376 283 2440 est,
322 2368 514 2430 multo
560 2368 920 2430 breviorem
971 2371 1429 2434 ecclesiastica)
1465 2374 1856 2436 eruditionis
1907 2375 2378 2455 supellectilem
2417 2376 2513 2435 illi
2553 2373 2781 2448 fuisse,
2832 2394 3022 2454 quam
3079 2376 3406 2438 decuisset

185 2472 313 2530 tanti
350 2470 630 2531 neminis
660 2470 1215 2551 archiepiscOpum
1254 2495 1270 2536 :
1304 2478 1597 2557 adeoque
1635 2476 1817 2539 illius
1839 2479 2306 2552 auctoritatem,
2334 2479 2409 2539 ad
2446 2478 2569 2539 hoc
2600 2478 2771 2557 quod
2797 2472 3054 2550 attinet,
3102 2495 3227 2539 non
3263 2497 3405 2539 esse

185 2591 535 2655 magnopere
594 2577 974 2644 faciendam.
1027 2582 1211 2656 Quod
1277 2596 1431 2645 vero
1496 2580 1695 2659 magis
1758 2580 2079 2659 displicet,
2146 2588 2243 2642 est
2329 2580 2490 2642 illud
2546 2581 2720 2658 quod
2770 2580 2988 2642 subdit
3061 2581 3195 2642 :Si
3246 2581 3407 2639 enim

184 2674 453 2749 probatus
521 2687 636 2753 est,
694 2698 821 2739 non
868 2678 1073 2747 dixit;
1123 2688 1181 2739 et
1235 2681 1292 2740 si
1344 2678 1540 2752 dixit,
1590 2679 1896 2757 probatus
1936 2698 2065 2740 non
2111 2689 2223 2743 est.
2251 2680 2408 2755 Qum
2456 2681 2647 2742 verba
2696 2680 3066 2741 limreticum
3100 2681 3401 2758 spiritum

186 2780 445 2840 redolere
484 2782 790 2843 videntur
826 2803 842 2842 :
884 2781 1165 2844 haeretici
1207 2782 1381 2844 enim
1414 2799 1493 2843 ex
1532 2775 1841 2859 Opinione
1878 2781 2132 2861 propria
2167 2784 2420 2844 Patrum
2454 2782 2893 2845 auctoritatem
2924 2782 3131 2842 metiri
3167 2782 3401 2857 solent,

183 2877 245 2937 de
272 2896 463 2957 eaque
490 2882 817 2959 judicium
848 2882 1013 2943 ferre
1051 2904 1067 2942 :
1099 2883 1387 2962 dumque
1417 2883 1496 2943 ab
1532 2882 1779 2943 eisdem
1813 2883 2232 2957 dissentiunt,
2268 2899 2379 2945 eos
2411 2882 2592 2945 ﬂocci
2633 2900 2705 2946 ac
2736 2883 2925 2946 nihili
2975 2880 3242 2947 faciunt.
3278 2881 3400 2944 Sed

182 2979 371 3041 mitius
403 2983 649 3044 sentire
687 2991 935 3062 praestat
975 2985 1054 3048 de
1087 2985 1590 3065 TheOphylacto,
1622 2996 1813 3065 atque
1848 3005 1917 3049 ea
1954 2987 2143 3049 verba
2175 2987 2455 3067 benigne
2485 2987 2926 3065 latet-putari,
2960 2985 3137 3050 velut
3167 3000 3295 3050 non
3324 2971 3402 3044 eo

182 3083 381 3157 spiritu
416 3102 749 3165 sensuque
796 3090 1071 3165 prolata;
1103 3090 1213 3152 sed
1250 3089 1403 3169 quia
1434 3089 1556 3150 sibi
1599 3090 1871 3152 nimium
1905 3090 2328 3163 blandiretur,
2363 3099 2554 3168 atque
2606 3088 2981 3162 confideret,
3042 3103 3119 3151 ex
3162 3084 3401 3150 Graecis

184 3180 617 3248 illustrioribus
681 3191 923 3249 Patrem
982 3189 1249 3267 reperiri
1319 3189 1641 3251 neminem
1704 3206 1918 3264 nosse,
1989 3207 2133 3251 nam
2184 3191 2262 3252 de
2312 3190 2552 3250 Latinis
2604 3189 2759 3251 nihil
2824 3190 3142 3252 sollicitus
3196 3188 3403 3250 fuisse

184 3285 430 3360 videtur,
472 3287 584 3366 qui
620 3288 926 3365 Spiritum
959 3295 1246 3349 sanctum
1280 3287 1465 3350 etiam
1519 3306 1550 3349 a
1611 3289 1779 3349 Filio
1822 3290 2164 3367 procedere
2202 3289 2555 3352 docuisset.
2608 3290 2891 3349 Pretium
2945 3289 3143 3366 igitur
3191 3302 3405 3362 Operm

183 3392 279 3457 est,
304 3387 661 3448 accuratius
718 3388 1135 3467 investigare,
1196 3388 1434 3467 quibus
1483 3387 1595 3450 ille
1653 3396 1714 3449 et
1765 3406 1956 3468 quam
1999 3388 2228 3450 validis
2274 3387 2711 3451 fundamentis
2750 3390 3016 3452 innixus
3068 3395 3400 3464 tantopere

179 3487 275 3548 sibi
316 3491 437 3569 ipsi
489 3494 873 3572 prmﬁderet.
948 3496 1067 3557 Sed
1109 3495 1301 3574 paulo
1356 3504 1497 3574 post
1554 3496 1808 3557 videtur
1841 3502 1901 3556 et
1958 3494 2097 3573 ipse
2144 3495 2266 3557 sibi
2315 3512 2439 3557 non
2470 3496 2624 3557 satis
2670 3502 2873 3567 tutus,
2926 3510 3070 3555 cum
3108 3493 3337 3553 subdat
3378 3510 3399 3552 ι

180 3590 379 3655 Deinde
422 3597 543 3656 etsi
593 3597 709 3657 hoc
747 3594 1057 3668 daremus,
1118 3615 1248 3658 non
1282 3598 1498 3677 utique
1538 3598 1704 3677 quod
1754 3597 1972 3657 rarius
2031 3606 2145 3670 est,
2199 3599 2267 3657 in
2312 3606 2745 3680 argumentum
2795 3595 3185 3656 trahendum.
3226 3592 3398 3666 Quid

182 3712 325 3771 vero,
355 3700 405 3758 si
444 3716 574 3760 non
611 3700 797 3777 pauci
826 3702 1081 3781 rarique
1112 3703 1263 3775 sint,
1295 3702 1532 3763 nedum
1574 3702 1800 3775 Latini,
1838 3704 1950 3763 sed
1984 3702 2183 3764 Grmci
2208 3704 2397 3764 etiam
2429 3705 2662 3775 Patres,
2700 3702 2811 3780 qui
2849 3701 3078 3779 dogma
3112 3706 3401 3759 nostrum

180 3801 530 3863 tradiderint
564 3803 659 3863 vei
694 3803 956 3864 disertis
990 3805 1089 3868 vel
1120 3804 1660 3886 mquivalentibus
1704 3806 1957 3866 verbis?

240 3905 461 3966 XXIX.
495 3906 618 3967 Sed
655 3912 996 3983 antequam
1031 3907 1096 3968 id
1130 3907 1526 3981 demonstro,
1559 3908 1705 3987 jure
1743 3911 1915 3970 omni
1950 3910 2059 3969 abs
2090 3908 2565 3990 't‘beOpliylacto
2610 3919 2669 3971 et
2707 3905 2997 3970 Photiani
3027 3905 3392 3967 scliismatis

178 4005 731 4082 prepugnatoribus
777 4005 1055 4082 postulo,
1090 4016 1156 4068 ut
1196 4023 1269 4067 ex
1303 4024 1525 4070 eorum
1561 4006 1851 4085 probatis
1894 4008 2188 4069 Patribus
2231 4009 2325 4070 vel
2397 4025 2595 4069 unum
2653 4006 2832 4066 nobis
2871 4003 3224 4076 ostendant,
3283 4006 3398 4083 qui

177 4107 294 4160 ante
319 4102 621 4164 Pbotiaua
656 4114 934 4185 tempora
966 4104 1283 4166 inﬁciatus
1314 4105 1532 4177 fuerit,
1577 4106 1883 4180 Spiritum
1928 4116 2213 4168 sanctum
2248 4125 2279 4168 a
2319 4107 2485 4167 Filio
2527 4106 2890 4182 procedere.
2949 4105 3067 4165 Sed
3122 4105 3400 4182 quamvis

177 4196 265 4259 diu
289 4204 666 4285 multumque
703 4207 1084 4287 fatigentur,
1117 4204 1401 4267 indicare
1438 4224 1516 4267 ne
1555 4206 1819 4267 unicum
1857 4207 2117 4285 quidem
2155 4216 2422 4284 possunt
2453 4208 2944 4286 (Damasceuum
2976 4205 3177 4278 enim,
3204 4221 3397 4284 quem

176 4305 353 4367 solum
393 4310 616 4385 Specie
647 4309 861 4388 aliqua
923 4306 1055 4369 veri
1106 4325 1432 4388 opponere
1472 4309 1705 4384 valent,
1739 4327 1772 4369 a
1824 4310 2010 4371 nobis
2063 4311 2328 4372 minime
2377 4311 2704 4372 dissidere
2738 4318 2955 4388 postea
2996 4309 3401 4372 demonstra-

176 4404 401 4481 bimus).
436 4409 617 4469 Alias
653 4425 803 4470 vero
836 4409 1113 4487 dogmati
1144 4416 1361 4469 nostro
1389 4408 1693 4470 censendi
1723 4408 1984 4468 minime
2010 4418 2157 4469 sunt
2187 4410 2537 4483 adversari,
2573 4408 2687 4487 qui
2724 4407 2823 4469 vel
2855 4408 2971 4470 hac
3007 4409 3084 4469 de
3115 4426 3182 4469 re
3217 4409 3400 4487 peni-

181 4511 261 4565 tus
295 4508 503 4583 silent,
544 4511 645 4570 vel
681 4509 890 4570 solum
930 4509 1137 4581 aiunt,
1178 4509 1485 4585 Spiritum
1532 4528 1569 4567 a
1630 4508 1817 4569 Patre
1864 4507 2220 4587 procedere.
2272 4509 2433 4581 Quis
2493 4508 2667 4569 enim
2728 4507 3005 4584 ignorat,
3056 4525 3187 4568 rem
3252 4524 3399 4570 esse

180 4610 332 4683 plane
360 4613 684 4672 diversam
716 4625 841 4668 non
873 4623 1184 4681 asserere,
1217 4607 1525 4684 Spiritum
1558 4614 1845 4668 sanctum
1882 4607 2224 4685 procedere
2263 4623 2294 4666 a
2334 4605 2523 4677 Filio,
2556 4614 2747 4685 atque
2781 4606 2841 4666 id
2888 4608 3164 4684 negare?
3219 4608 3397 4668 aliud

178 4711 377 4784 pariter
405 4711 747 4786 afﬁrmare,
782 4730 926 4773 eum
959 4732 997 4773 a
1038 4713 1228 4774 Patre
1258 4714 1629 4791 procedere,
1677 4713 1851 4773 aliud
1889 4733 1925 4770 a
1954 4711 2087 4772 solo
2121 4711 2357 4771 Patre?
2391 4712 2602 4783 Quare
2634 4709 3001 4769 nullatenus
3037 4707 3397 4787 intelligere

180 4810 346 4884 valeo,
374 4813 708 4892 quomodo
756 4812 1270 4892 TheOphylactus
1301 4829 1657 4892 omnesque
1696 4811 1986 4873 Photiani
2023 4828 2138 4872 nos
2182 4810 2380 4873 veluti
2430 4809 2683 4870 Christo
2723 4809 3140 4886 Patribusque
3171 4810 3398 4871 adver-

177 4921 352 4973 sautcs
378 4915 738 4985 traducant,
771 4929 847 4975 eo
876 4914 1043 4992 quod
1068 4912 1443 4991 simpliciter
1480 4912 1525 4973 ii
1576 4919 1882 4983 asserant,
1910 4912 2213 4989 Spiritum
2241 4918 2527 4970 sanctum
2550 4928 2587 4967 a
2617 4909 2802 4968 Patre
2828 4905 3185 4984 procedere,
3207 4916 3397 4986 atque

176 5027 201 5071 a
227 5013 390 5076 nobis
427 5017 565 5078 ﬁeri
600 5017 976 5086 καινοτομίαν,
1007 5030 1125 5074 seu
1145 5013 1608 5073 innovationem
1635 5013 1701 5072 in
1731 5009 1846 5088 ﬁde
1872 5012 2278 5082 contendant,
2308 5011 2460 5070 dum
2492 5011 2785 5071 eumdem
2825 5008 3173 5069 asserimus
3206 5009 3394 5069 etiam

178 5131 202 5173 a
232 5117 372 5180 Filio
409 5120 793 5196 procedere;
831 5132 900 5178 ea
939 5115 1149 5177 solum
1190 5117 1436 5177 ratione
1470 5115 1641 5193 quod
1677 5115 1967 5177 Christus
2001 5113 2443 5173 tantummodo
2475 5112 2662 5180 dixit,
2698 5130 2734 5169 a
2778 5111 2993 5170 Patre.
3047 5111 3288 5171 Verum
3342 5114 3397 5172 si

179 5215 303 5290 quid
332 5218 560 5279 addere
595 5225 693 5277 est
726 5216 1056 5289 innovare,
1098 5232 1210 5276 cur
1239 5220 1299 5276 et
1344 5214 1469 5291 ipsi
1520 5214 1853 5293 quidpiam
1905 5214 2146 5273 addunt
2198 5212 2517 5285 dicentes,
2568 5228 2603 5268 a
2655 5208 2786 5269 solo
2836 5210 3073 5270 Patre?
3127 5210 3393 5271 Ubinam

180 5312 451 5391 Christus,
487 5315 601 5377 ubi
641 5317 853 5375 Patres
902 5314 960 5374 id
1003 5311 1250 5394 (saltem
1299 5322 1445 5375 ante
1498 5312 1705 5373 Pbotii
1758 5311 2063 5391 tempore)
2118 5313 2493 5372 asseruere?
2549 5310 2715 5384 Quid
2777 5309 2993 5370 enim?
3050 5312 3145 5369 Au
3206 5308 3395 5370 nobis

181 5415 502 5488 exprimere
539 5414 843 5486 vetitum,
874 5412 1045 5490 quod
1086 5410 1377 5473 Christus
1418 5411 1730 5472 Dominus
1778 5428 1903 5471 non
1947 5410 2296 5485 expressit;
2348 5408 2480 5469 illis
2532 5410 2807 5469 limitare
2870 5409 3076 5479 liceat,
3138 5406 3393 5484 quod'a

180 5508 393 5575 Christo
426 5514 775 5576 limitatum
820 5529 947 5573 non
980 5513 1115 5572 est?
1151 5513 1211 5572 Si
1248 5511 1357 5572 ille
1391 5528 1518 5572 non
1554 5511 1743 5585 dixit,
1776 5512 2083 5589 Spiritum
2118 5516 2406 5571 sanctum
2452 5527 2485 5571 a
2539 5510 2725 5582 Filio,
2771 5507 2889 5568 lioc
2942 5515 3038 5569 est
3083 5523 3119 5568 a
3176 5508 3393 5586 seipso

184 5612 509 5688 procedere,
557 5629 775 5691 neque
804 5611 866 5672 id
899 5612 1088 5674 etiam
1122 5612 1399 5689 negavit.
1431 5614 1559 5671 Cur
1592 5611 1807 5689 itaque
1837 5609 2126 5671 Photiaui
2167 5611 2440 5685 negant?
2470 5612 2543 5671 Et
2572 5608 2624 5670 si
2650 5607 2916 5687 quidem
2950 5608 3393 5668 tantummodo

181 5724 280 5770 non
307 5723 691 5788 assererent,
722 5713 1059 5775 ferendum
1105 5730 1328 5775 eorum
1360 5712 1692 5774 silentium
1739 5719 1951 5783 esset;
2004 5726 2225 5770 verum
2266 5717 2327 5771 et
2369 5719 2622 5789 negant,
2681 5719 2741 5769 ct
2774 5724 2883 5768 eos
2938 5706 3050 5785 qui
3096 5718 3391 5770 asserunt

182 5813 566 5877 condemnant
601 5812 895 5892 dirisque
940 5812 1241 5875 omnibus
1289 5814 1639 5886 devovent;
1674 5811 1894 5874 tritum
1946 5810 2107 5872 illud
2171 5810 2261 5891 (in
2303 5811 2475 5889 quod
2528 5810 2719 5872 etiam
2772 5805 3288 5884 Theophylactus
3310 5807 3393 5869 ab
