4156 6440
108 6081 347 6327 ί

683 375 788 439 451
1746 367 2136 427 BONIFACU
2168 367 2346 426 FINE
2368 367 2475 424 ἴΤὶ
2516 366 2911 426 ΞἪᾸΞΕΛΤΙΟ
3855 368 3969 428 1,52

685 485 1031 564 iniquitate
1063 499 1272 544 causm
1301 498 1436 542 sum
1475 495 1752 557 princeps
1791 486 1888 538 est
1920 479 2149 558 actus),
2184 495 2255 538 ac
2294 475 2541 550 puerile
2588 484 3040 555 argumentum
3097 486 3526 556 usurpantes:
3578 481 3643 540 Si
3682 481 3974 558 Spiritus

679 597 936 648 sanctus
969 586 1154 645 etiam
1187 604 1262 645 ca:
1285 581 1452 643 Filio
1487 581 1774 659 procedit
1811 582 1918 658 (a),
1957 581 2108 659 quid
2133 581 2464 658 prohibuit
2502 599 2577 640 ne
2613 583 2701 640 ita
2741 583 3034 642 Christus
3072 581 3466 659 loqueretur:
3504 585 3626 657 Qui
3673 604 3751 643 ex
3777 585 3974 643 Patre

684 702 737 750 et
773 708 962 750 exme
990 685 1329 765 procedit?
1357 683 1478 745 Sed
1529 682 1682 743 mihi
1724 681 2002 742 subdere
2036 679 2257 741 liceat:
2295 680 2368 740 Si
2403 699 2441 738 a
2471 681 2603 740 solo
2649 681 2839 741 Patre
2885 683 3196 758 procedit,
3246 682 3406 761 quid
3473 683 3826 760 prohibuit,
3888 701 3974 746 ne

683 791 745 853 id
784 787 1076 851 Christus
1126 787 1549 863 exprimeret;
1602 783 1954 861 praesertim
1989 799 2134 844 cum
2181 781 2321 860 ipse
2374 783 2506 860 jam
2562 784 2981 858 prtenovisset
3039 790 3195 861 quot
3249 792 3309 843 et
3349 792 3582 861 quanta
3648 802 3721 845 ex
3787 785 3977 845 illius

685 899 925 956 voculas
960 892 1394 970 prmteritione
1428 890 1674 953 oritura
1704 889 2056 967 aliquando
2088 887 2647 950 essentdissidia?
2687 889 2852 959 Quid
2889 889 2962 948 ad
3003 887 3132 948 haec
3167 887 3458 948 Photiani
3508 889 3974 966 respondeant,

686 979 845 1060 nihil
879 996 1144 1064 habent;
1177 1002 1237 1054 at
1279 986 1567 1056 nobisin
1625 1001 1924 1070 promptu
1974 998 2094 1064 est,
2147 991 2305 1070 quid
2346 999 2566 1051 contra
2619 1008 2734 1051 eos
2793 1008 3163 1070 regeramus
3202 1012 3216 1050 :
3259 991 3587 1065 videlicet,
3641 991 3975 1053 Christum

686 1103 785 1162 siu
821 1117 920 1171 eo,
955 1099 1180 1159 saltem
1213 1098 1360 1159 aliis
1402 1098 1466 1157 in
1501 1098 1714 1174 Ilocis;
1748 1098 1849 1158 sin
1901 1097 2254 1175 expressis,
2309 1095 2531 1157 saltem
2591 1097 3136 1176 eequivalentibus
3197 1097 3435 1169 verbis,
3485 1097 3784 1159 docuisse
3830 1101 3978 1176 Spi-

688 1208 877 1264 ritum
914 1205 1103 1266 etiam
1136 1221 1170 1264 a
1201 1203 1418 1280 seipso
1447 1202 1828 1279 procedere:
1866 1201 2038 1279 quod
2072 1198 2338 1278 quidem
2373 1201 2570 1260 nostri
2608 1199 2904 1260 homines
2937 1200 3172 1261 millies
3197 1199 3745 1273 demonstrarunt,
3780 1208 3841 1259 et
3888 1218 3972 1260 ex

689 1327 766 1370 eo
804 1311 976 1387 quod
1012 1306 1302 1368 Christus
1337 1306 1649 1365 Dominus
1681 1304 1767 1364 ait
1803 1305 1987 1364 Joan.
2023 1320 2086 1373 x,
2157 1301 2254 1370 30,
2304 1300 2442 1378 Ego
2485 1313 2540 1362 et
2595 1301 2780 1362 Pater
2830 1321 3025 1362 unum
3080 1322 3328 1372 sumus;
3371 1320 3450 1363 ex
3498 1320 3628 1382 quo
3681 1301 3970 1365 inferunt

687 1430 881 1469 intum
913 1412 1104 1471 etiam
1135 1424 1277 1468 esse
1327 1405 1562 1467 Filium
1597 1422 1742 1466 cum
1789 1407 1969 1466 Patre
2016 1403 2227 1482 quoad
2283 1401 2596 1464 rationem
2644 1404 2942 1481 principii
2997 1403 3277 1481 Spiritus
3322 1404 3551 1464 sancti.
3610 1405 3680 1464 Et
3727 1421 3812 1463 ex
3880 1419 3965 1462 eo

690 1515 903 1590 (Joan.
953 1530 1088 1584 xvr,
1130 1511 1252 1585 15),
1295 1508 1518 1571 Omnia
1560 1525 1934 1588 quaecunque
1964 1505 2145 1567 habet
2171 1506 2386 1577 Pater,
2420 1525 2552 1564 mea
2589 1516 2785 1565 sunt:
2819 1505 3326 1584 ergo,inquiunt
3371 1513 3432 1566 et
3479 1507 3680 1566 virtus
3723 1507 3980 1584 produ~

689 1614 877 1674 cendi
920 1612 1229 1686 Spiritum
1282 1617 1574 1670 sanctum
1630 1617 1720 1668 cst
1754 1607 1932 1672 Filii.
1990 1626 2105 1669 seu
2167 1607 2473 1669 convenit
2535 1607 2725 1668 Filio.
2798 1609 2875 1670 Et
2927 1625 3005 1666 ex
3067 1606 3182 1666 illo
3243 1605 3493 1688 (ibidem
3533 1607 3627 1686 1Ιι)
3662 1609 3821 1669 :llle
3878 1629 3978 1668 me

690 1716 1088 1793 clariﬁcabit,
1121 1715 1268 1793 quia
1292 1711 1363 1771 de
1395 1730 1525 1771 meo
1551 1713 1842 1790 accipiet.
1877 1712 2044 1784 Quid
2072 1714 2272 1783 enim,
2302 1713 2506 1784 aiunt,
2551 1714 2830 1788 Spiritus
2855 1722 3116 1775 sanctus
3157 1715 3447 1792 accipere
3478 1731 3512 1774 a
3537 1713 3708 1775 Filio
3737 1722 3974 1790 potest,

692 1817 816 1875 nisi
867 1816 1079 1893 ipsum
1114 1814 1305 1874 esse?
1334 1813 1407 1872 Et
1441 1829 1517 1872 ex
1551 1829 1628 1871 eo
1662 1813 1920 1872 demum
1954 1813 2130 1889 quod
2162 1813 2346 1872 Joan.
2376 1831 2486 1882 xv,
2520 1814 2621 1884 26,
2667 1815 2754 1873 ait
2795 1831 2864 1874 se
2890 1816 3233 1876 missurum
3262 1814 3574 1891 Spiritum
3621 1824 3916 1876 sanctum
3958 1840 3973 1876 :

690 1933 835 1977 cum
902 1916 1118 1975 missio
1157 1915 1218 1974 in
1269 1913 1517 1974 divinis
1561 1913 1649 1973 nil
1710 1912 1888 1972 aliud
1950 1929 2094 1973 esse
2137 1921 2246 1973 aut
2297 1913 2578 1993 intelligi
2628 1915 2852 1991 possit,
2911 1931 3105 1994 quam
3161 1917 3491 1993 prooessio
3538 1927 3776 1978 aeterna
3823 1935 3975 1979 cum

693 2017 921 2076 ordine
957 2017 1031 2075 ad
1067 2013 1398 2091 quidpiam
1430 2011 1836 2073 extrinsecus
1867 2012 2388 2090 producendum.
2412 2016 2575 2087 Quid
2609 2016 2783 2093 quod
2819 2022 2882 2076 et
2916 2001 3604 2095 ipsisverbis,quibus
3639 2026 3976 2096 tantOpere

689 2119 890 2179 ﬁdunt
923 2117 1297 2190 adversarii,
1336 2116 1667 2188 videlicet,
1719 2118 1831 2196 qui
1860 2135 1899 2175 a
1935 2117 2127 2177 Patre
2149 2117 2464 2197 procedit,
2499 2119 3040 2197 docetimplicite,
3066 2119 3256 2181 etiam
3289 2137 3320 2181 a
3353 2121 3571 2200 seipso
3598 2124 3976 2199 procedere.

694 2220 847 2278 Nam
880 2219 1202 2296 quidquid
1236 2219 1304 2279 in
1339 2220 1696 2296 Scripturis
1740 2217 1813 2278 de
1867 2238 1999 2279 una
2043 2239 2317 2298 persona
2360 2222 2628 2296 dicitur,
2677 2223 2864 2282 etiam
2915 2222 2988 2282 de
3030 2221 3162 2284 alia
3209 2233 3458 2302 oportet
3489 2224 3786 2304 intelligi,
3843 2226 3980 2285 nisi

691 2329 1002 2401 repugnet
1023 2321 1420 2399 proprietati
1442 2321 1776 2398 personati
1818 2323 2044 2400 ipsius,
2079 2330 2149 2384 ut
2187 2323 2598 2385 verissimum
2641 2323 2824 2384 cﬂ'ert
2858 2324 3308 2404 theologorum
3346 2341 3492 2386 cum
3542 2327 3604 2386 S.
3640 2326 3872 2386 Thom.
3909 2345 3972 2385 iv

690 2440 826 2500 cap.
873 2425 1062 2495 Gen.,
1096 2439 1235 2500 cap.
1267 2423 1369 2497 25,
1411 2421 1693 2494 axioma,
1728 2441 1800 2484 ea
1831 2423 2082 2484 ratione
2123 2424 2368 2496 nixum,
2406 2426 2579 2502 quod
2609 2433 2737 2486 tres
2769 2425 3010 2486 divina:
3066 2442 3364 2504 personte
3401 2442 3603 2487 unum
3663 2424 3979 2502 idemque

694 2532 847 2584 sunt
887 2541 1138 2596 omnes,
1178 2524 1259 2583 iis
1297 2533 1544 2585 tantum
1591 2524 1877 2602 exceptis
1915 2543 2059 2604 qute
2097 2528 2170 2587 ad
2224 2527 2628 2604 personalem
2683 2528 3006 2604 pertinent
3052 2529 3534 2605 proprietatem.
3580 2527 3768 2599 Quod
3806 2527 3978 2588 adeo

694 2634 940 2684 certum
974 2632 1068 2683 est
1104 2631 1190 2693 ut,
1224 2624 1477 2684 etiamsi
1515 2624 1807 2686 Christus
1839 2641 1918 2686 eo
1955 2625 2076 2686 loci
2119 2627 2424 2700 dixisset,
2459 2629 2586 2702 Qui
2622 2647 2658 2686 a
2688 2628 2879 2687 Patre
2898 2629 3031 2690 solo
3058 2630 3373 2707 procedit,
3412 2646 3538 2691 non
3576 2616 3724 2690 inde
3759 2635 3978 2690 tamen

693 2725 1046 2788 abdicando
1087 2723 1148 2784 ei
1185 2734 1355 2784 esset
1389 2725 1674 2804 Spiritus
1707 2727 1915 2786 sancti
1962 2729 2326 2805 productio.
2357 2731 2630 2790 Fortene
2683 2731 2994 2791 mirantur
3041 2731 3139 2790 vel
3189 2732 3306 2792 hoc
3353 2738 3586 2810 negant
3646 2729 3974 2802 Photiani.

695 2830 862 2903 Ergo
901 2828 1139 2903 pariter
1166 2835 1402 2904 negent
1436 2827 1684 2885 Patrem
1735 2843 1767 2885 a
1809 2826 2048 2903 Spiritu
2086 2838 2304 2888 sancto
2341 2830 2656 2904 cognosci,
2707 2831 2802 2890 vel
2836 2831 3025 2890 etiam
3059 2848 3238 2888 nosse
3276 2829 3590 2907 seipsum,
3633 2839 3978 2906 prOpterea

696 2934 871 3009 quod
933 2931 1169 2991 dixerit
1224 2930 1525 2991 Christus
1569 2931 1793 2992 Matth.
1845 2952 1939 3005 ιι,
1988 2933 2093 3006 22,
2127 2932 2316 2994 Nemo
2364 2935 2542 2994 novit
2593 2936 2866 3006 Patrem,
2927 2936 3055 2996 nisi
3106 2937 3347 3005 Filius,-
3400 2935 3497 2996 vel
3552 2945 3788 3013 negent
3827 2954 3981 2997 cum

698 3029 1092 3103 Sooinianis,
1126 3029 1363 3091 Filium
1400 3030 1615 3108 ipsum
1649 3048 1793 3091 esse
1822 3050 2042 3091 verum
2075 3033 2477 3112 Deuiu.quia
2512 3034 2916 3112 ipsegPatrem
2946 3034 3286 3113 alloquens
3316 3037 3403 3098 ait
3456 3035 3672 3109 (Joan.
3702 3055 3861 3112 xvu,
3886 3036 3982 3114 3),

699 3137 772 3196 Ut
821 3144 1202 3214 cognoscant
1236 3146 1293 3194 te
1325 3134 1526 3194 solum
1553 3153 1768 3195 verum
1805 3137 2024 3196 Deum.

779 3240 990 3299 XXX.
1043 3241 1135 3298 En
1179 3255 1311 3316 quo
1353 3239 1610 3298 tandem
1662 3237 1794 3298 abit
1862 3247 2319 3316 argumentum
2365 3254 2398 3298 a
2439 3235 2772 3299 Photianis
2819 3238 2980 3300 adeo
3028 3239 3432 3302 decantatum
3480 3256 3496 3294 :
3544 3254 3580 3299 a
3619 3237 3980 3307 Photianis,

702 3345 991 3421 inquam,
1039 3345 1152 3422 qui
1197 3354 1258 3406 et
1314 3345 1534 3405 tritum
1564 3343 1725 3404 illud
1769 3350 1830 3404 et
1885 3360 1996 3420 per
2029 3360 2172 3404 sese
2226 3342 2819 3404 luculentissimum
2851 3342 3148 3422 ignorare
3197 3344 3496 3405 videntur
3547 3366 3563 3405 :
3606 3342 3730 3418 Qui
3779 3362 3985 3404 unum

699 3447 954 3516 usserit,
984 3443 1162 3504 aliud
1207 3461 1334 3501 non
1379 3450 1592 3521 negat,
1646 3443 1773 3502 nisi
1842 3443 1899 3501 ei
1949 3439 2114 3519 Quod
2161 3443 2391 3500 asserit
2439 3453 2771 3520 repugnet.
2822 3446 2974 3504 Nam
3029 3443 3465 3518 probaruntne
3508 3460 3817 3523 unquam,
3873 3451 3986 3505 aut

703 3546 1058 3621 aliquando
1096 3542 1423 3621 probaturi
1461 3550 1636 3614 sunt,
1676 3542 1871 3607 ullam
1907 3541 1972 3602 in
2013 3558 2093 3602 eo
2119 3559 2261 3603 esse
2297 3544 2817 3620 repugnantiam,
2855 3543 3028 3620 quod
3077 3543 3287 3604 Filius
3332 3561 3457 3604 una
3495 3562 3641 3605 cum
3671 3546 3852 3606 Patre
3896 3544 3989 3605 sit

708 3649 1098 3726 [rincipium
1145 3647 1426 3724 Spiritus
1465 3645 1712 3706 sancti?
1771 3645 1942 3717 Quid
1994 3641 2211 3705 enim?
2243 3646 2426 3706 Anne
2467 3644 2716 3722 aliquid
2790 3645 3068 3719 virtutis,
3100 3665 3245 3726 quae
3288 3647 3445 3708 insit
3497 3649 3691 3723 Patri,
3745 3651 3984 3712 deesse

705 3750 878 3810 Filio
916 3748 1272 3825 putandum
1309 3747 1474 3807 erit?
1511 3747 1617 3806 Vel
1659 3746 1888 3806 rationi
1931 3746 2077 3805 Filii
2119 3754 2436 3822 repugnat
2469 3750 2826 3823 producere
2890 3747 3080 3810 aliam
3113 3764 3146 3808 a
3182 3749 3399 3824 seipse
3445 3754 3831 3826 personam?
3868 3755 3981 3815 Vel

707 3857 967 3916 demum
999 3853 1174 3932 quod
1220 3851 1408 3913 habet
1445 3850 1864 3927 principium,
1901 3849 2132 3927 nequit
2171 3866 2319 3909 esse
2370 3851 2762 3927 principium
2807 3848 3116 3910 alterius?
3162 3849 3330 3911 Nihil
3383 3851 3614 3913 horum
3667 3852 3984 3929 profecto.

707 3957 832 4015 Cur
866 3954 1066 4030 igitur
1097 3962 1358 4013 ovantes
1391 3951 1552 4012 adeo
1604 3957 2054 4028 argumentum
2089 3948 2262 4009 istud
2297 3950 2653 4010 obtrudunt
2692 3972 2706 4010 :
2747 3949 3161 4027 Evangelium
3193 3951 3434 4014 Christi
3468 3971 3575 4012 ore
3597 3952 3766 4013 clare
3797 3953 3984 4017 docet

705 4053 938 4131 ﬁdeles,
971 4054 1286 4129 Spiritum
1324 4061 1610 4111 sanctum
1642 4069 1680 4108 a
1714 4050 1899 4110 Patre
1926 4048 2301 4128 procedere;
2332 4059 2398 4108 at
2444 4051 2571 4126 ipsi
2607 4050 2816 4128 angeli
2881 4050 3283 4111 tenebrarum
3318 4053 3576 4131 (Latini)
3599 4053 3983 4131 praedicant,

708 4154 893 4212 etiam
919 4171 958 4210 a
991 4150 1164 4212 Filio
1193 4170 1212 4209 :
1244 4166 1401 4227 ergo
1443 4148 1802 4227 Evangelio
1845 4148 2160 4208 contraria
2211 4149 2465 4208 docent.
2498 4149 2583 4207 Ita
2620 4164 2772 4208 sane
2807 4157 2949 4226 post
2997 4148 3378 4210 innumeros
3433 4151 3598 4212 alios
3645 4154 3988 4230 Eugenius

709 4259 778 4314 in
811 4255 1002 4315 citato
1038 4253 1285 4326 libello,
1319 4251 1503 4331 cujus
1533 4254 1746 4314 Grmca
1783 4254 1970 4314 verba
2007 4260 2155 4312 sunt
2192 4251 2350 4311 htec:

2350 4272 2362 4309 :
2405 4259 2476 4311 Τὸ
2511 4259 2850 4327 Εὑαγγέλιον
2877 4259 2964 4312 διὰ
3000 4259 3270 4331 στόματος
3306 4261 3398 4314 τοῦ
3423 4261 3668 4332 Χριστοῦ
3691 4264 3991 4330 εὐαγγελί-

710 4358 862 4422 ζεται
903 4360 983 4420 εἰς
1021 4358 1150 4420 τοὺς
1204 4357 1432 4420 πιστοὺς
1479 4359 1689 4427 φανερὰ
1739 4357 1821 4409 ὃτι
1889 4356 2118 4426 Πνεῦμα
2181 4357 2332 4428 παρὰ
2383 4355 2595 4425 [ἰατρὸς
2634 4355 3020 4424 ἐκπορεύεται,
3058 4358 3154 4409 καὶ
3188 4357 3339 4410 αὐτοὶ
3397 4359 3447 4410 oi
3482 4358 3704 4426 ἄγγελοι
3757 4361 3992 4424 σκότους

709 4454 1179 4532 εὖαγγελίζονται,
1209 4465 1302 4515 καὶ
1340 4463 1405 4516 ἑκ
1429 4461 1524 4516 τοῦ
1559 4463 1709 4516 rue.
1756 4454 1811 4514 Ο
1853 4453 2214 4528 praeclaram
2274 4452 2350 4512 sc?

2346 4451 2664 4513 holarchre
2695 4452 2936 4512 Montis
2990 4460 3317 4529 ’Δτιονὺμου
3361 4453 3803 4515 ratiocinatioi
3850 4456 3986 4529 Sic,

710 4558 902 4617 eine?
952 4553 1249 4615 Procedit
1295 4573 1333 4612 a
1375 4554 1608 4621 Patre;
1657 4571 1787 4613 non
1822 4554 2024 4632 igitur
2079 4571 2118 4610 a
2162 4551 2334 4612 Filio
2382 4572 2401 4609 :
2453 4568 2597 4613 cum
2650 4552 2868 4629 potius
2927 4552 3281 4614 dicendum
3325 4553 3489 4614 foret
3530 4571 3543 4613 :
3594 4552 3896 4615 Procedit
3949 4577 3992 4614 α

713 4656 926 4729 Patre,
963 4674 1106 4733 ergo
1145 4665 1201 4715 et
1237 4674 1273 4714 a
1301 4653 1499 4729 Filio,
1533 4654 1617 4716 ob
1671 4655 1983 4715 indicates
2041 4653 2350 4714 rationes.
2407 4654 2526 4714 Sed
2575 4661 2639 4714 et
2684 4653 2824 4730 ipse
2865 4652 3386 4734 TheOphylactus
3438 4654 3599 4716 male
3629 4654 3810 4715 fama;
3844 4673 3990 4719 sua)

714 4756 1021 4828 consulit,
1059 4756 1213 4814 dum
1269 4753 1643 4830 prmdictum
1693 4759 2150 4830 argumentum
2195 4749 2540 4828 simplicem
2585 4760 2768 4811 vocat
2809 4751 3278 4831 absolutamque
3310 4756 3617 4814 rationem
3651 4752 3758 4832 (b),
3792 4759 3988 4817 addi-

715 4858 966 4935 ditque,
1001 4855 1200 4915 alium
1237 4853 1423 4915 nobis
1463 4870 1608 4915 esse
1639 4853 2059 4934 quaerendum
2091 4855 2422 4914 doctorem
2457 4861 2685 4932 praeter
2705 4872 2900 4914 unum
2927 4856 3298 4934 magistrum
3319 4866 3608 4917 nostrum
3633 4859 3987 4949 Christum’

715 4964 768 5022 si
805 4961 959 5022 huic
999 4959 1281 5037 dogmati
1325 4957 1649 5019 adbmrere
1702 4957 2003 5018 velimus.
2039 4960 2117 5018 At
2169 4971 2348 5029 vero,
2404 4955 2457 5015 si
2505 4956 2799 5018 Christus
2840 4957 3077 5018 aieudo
3125 4978 3138 5015 :
3190 4959 3299 5037 qui
3353 4977 3389 5017 a
3439 4957 3628 5018 Patre
3660 4960 3988 5039 procedit,

720 5063 908 5124 nobis
941 5061 1314 5121 nullatenus
1351 5059 1750 5131 adversatur,
1785 5060 1991 5119 multo
2024 5059 2239 5120 minus
2271 5060 2579 5119 censendi
2613 5067 2766 5120 sunt
2795 5060 2984 5120 nobis
3015 5061 3315 5121 contrarii
3343 5079 3484 5121 esse
3510 5062 3885 5142 quicunque
3906 5083 3988 5125 ex

716 5159 955 5224 Graecis
990 5158 1281 5220 l‘atribus
1340 5158 1572 5220 docent
1636 5158 2070 5233 solummodo,
2119 5158 2563 5237 afﬁrmantque
2607 5160 2916 5236 Spiritum
2961 5169 3251 5222 sanctum
3295 5181 3332 5219 α
3383 5162 3572 5221 Patre
3615 5162 3991 5240 procedere.

721 5260 879 5319 Cum
916 5257 1113 5337 igitur
1142 5260 1508 5319 Graecorum
1555 5274 1743 5320 nemo
1794 5257 2116 5320 inﬁcietur
2161 5260 2462 5321 eumdem
2511 5267 2571 5320 et
2619 5275 2648 5320 a
2687 5260 2856 5322 Filio
2903 5263 3274 5339 procedere,
3313 5264 3608 5324 nonnulli
3645 5273 3858 5325 autem
3902 5284 3988 5326 ex

721 5360 855 5421 illis
905 5380 1028 5423 una
1061 5379 1204 5424 cum
1251 5362 1491 5422 Latinis
1533 5362 1839 5421 omnibus
1895 5359 2238 5433 aﬂirment,
2286 5359 2571 5438 profecto
2622 5360 2782 5421 illud
2842 5380 3074 5441 negare
3131 5362 3452 5441 praefracte
3506 5363 3693 5439 velle,
3747 5365 3875 5426 imo
3924 5379 3988 5428 et

725 5461 1043 5522 haereseos
1091 5478 1205 5522 nos
1256 5463 1687 5522 condemnare
1735 5462 1888 5539 quia
1935 5463 1997 5522 id
2047 5460 2429 5532 asserimus,
2472 5479 2572 5520 res
2620 5459 2874 5524 illorum
2927 5475 3012 5524 est
3062 5465 3279 5541 [verba
3329 5482 3557 5545 regero
3601 5484 3746 5542 qum
3789 5467 3985 5529 habet

727 5565 1240 5645 Theophylactus
1273 5566 1379 5647 (c)]
1401 5567 1509 5644 qui
1539 5569 1774 5646 spiritu
1808 5569 2045 5629 erroris
2083 5567 2257 5646 pleni
2285 5574 2457 5627 sunt.

799 5774 879 5844 (ti)
917 5775 1074 5828 Num.
1110 5776 1197 5831 Ill.
2480 5775 2546 5846 (cl
2584 5774 2806 5830 Ibidem.

796 5847 870 5895 ibi
914 5847 1134 5901 Ibidem.
