4156 6440
174 411 282 476 453
967 455 973 464 -
1073 415 1155 476 ΙΝ
1198 415 1631 488 SEQUENTIA
1668 414 2247 480 THEOPHYLACTI
2301 421 2637 485 SCRIPTA.
3358 426 3464 494 (is;

258 527 504 589 XXXI.
554 526 678 589 Sed
721 527 852 606 jam
915 543 1032 606 age
1081 529 1482 608 proferamus
1540 529 1607 591 in
1658 529 1949 590 medium
2009 532 2290 610 CNBCOS,
2349 550 2594 611 eosque
2649 535 2978 616 probatos,
3034 539 3160 601 imo
3206 547 3268 602 et
3307 557 3464 620 pro.»

173 629 538 691 batissimos
569 633 810 705 Patres,
846 630 959 710 qui
995 632 1332 692 nobiscum
1372 632 1440 692 in
1479 631 1596 691 hoc
1623 630 1920 709 dogmate
1956 633 2279 708 sentiunt;
2321 643 2393 697 ut
2437 637 2548 716 qui
2576 637 2856 715 sapiunt,
2887 639 3039 701 inde
3074 641 3464 719 perSpiciant

171 748 366 810 quam
417 732 788 792 inconsulte
831 731 1361 812 TheOphylactus
1415 747 1532 793 nos
1579 732 1942 810 provocarit
1976 733 2058 794 iis
2113 736 2326 797 verbis
2393 759 2408 798 :
2468 735 2735 800 Ostende
2783 741 2966 802 nobis
3014 741 3294 818 Patrem,
3342 753 3462 812 etc.

170 833 446 895 Probati
475 852 628 895 sane
660 852 729 896 ac
752 835 1190 914 probatissimi
1250 839 1463 897 Patres
1518 843 1670 898 sunt
1738 836 2160 912 Athanasius,
2209 839 2642 918 Epiphanius,
2694 844 3044 922 Gregorius
3099 849 3461 925 Nyssenus,

171 939 460 1017 Cyrillus
496 939 1006 1013 Alexandrinus,
1047 939 1352 1011 Basilius,
1392 941 1634 1020 quibus
1665 941 2004 1003 addendus
2034 949 2131 1004 est
2164 943 2488 1024 Didymus
2522 963 2772 1008 summa
2813 948 3035 1009 saltem
3073 949 3464 1011 venerabilis

171 1041 589 1117 antiquitate.
639 1043 837 1101 Porro
880 1041 1034 1101 satis
1082 1051 1300 1120 aperte
1371 1044 1435 1104 hi
1493 1061 1718 1106 omnes
1776 1045 2013 1109 docent
2066 1045 2380 1125 Spiritum
2434 1058 2724 1111 sanctum
2782 1051 3136 1130 procedere
3181 1069 3214 1113 a
3265 1052 3460 1112 Filio.

171 1145 560 1222 Quanquam
613 1143 812 1216 enim,
868 1150 938 1204 ut
986 1146 1258 1208 candide
1321 1147 1499 1228 quod
1551 1156 1669 1222 est,
1707 1142 1936 1224 'fatear,
2003 1150 2371 1212 Grmcorum
2414 1169 2607 1214 nemo
2668 1154 2844 1231 prior
2900 1157 3220 1234 Symeone
3259 1158 3464 1217 Meta-

176 1249 436 1328 pliraste
489 1265 644 1312 voce
703 1251 841 1327 ipsa
882 1261 1288 1331 ἐκπορεύεσθαι
1330 1254 1405 1314 ad
1458 1252 1520 1313 id
1582 1254 2080 1332 estprimendum
2131 1262 2370 1330 utatur,
2442 1264 2652 1318 tamen
2714 1260 3018 1321 vocabula
3079 1268 3139 1322 et
3198 1259 3462 1337 phrases

171 1352 470 1430 ejusdem
516 1354 780 1418 omnino
835 1356 1074 1419 valoris
1115 1355 1448 1429 adhibent,
1487 1363 1555 1417 ut
1596 1368 1812 1436 npois’va

1819 1385 1879 1431 ,ι,
1921 1357 2269 1437 progredi;
2332 1367 2690 1437 προχεῖσθαι,
2736 1361 3080 1440 profundi,
3140 1380 3460 1428 emanare;

167 1459 332 1533 εἶναι,
366 1475 524 1536 esse,
565 1470 836 1541 ὑπάρχειν
877 1461 1229 1528 exsistere;
1260 1466 1499 1538 ὓπαρξιν
1548 1467 1716 1539 ἔχειν,
1753 1479 1808 1521 ea

1820 1461 2184 1522 :sistentiam
2216 1460 2463 1532 habere,
2493 1469 2553 1523 et
2582 1462 2848 1538 similia,
2883 1465 3126 1544 quibus
3158 1475 3461 1525 aeternam

166 1562 452 1640 Spiritus
484 1565 687 1625 sancti
751 1562 1243 1642 productionem
1285 1558 1515 1621 aFilio
1573 1559 1950 1638 signiﬁcari,
1999 1576 2190 1622 nemo
2245 1560 2494 1620 inficias
2551 1559 2720 1635 ierit,
2769 1563 2902 1641 qui,
2934 1563 3002 1624 in
3051 1561 3460 1624 defendendo

165 1680 390 1726 errore
454 1667 714 1743 penitus
763 1665 1138 1726 obﬁrmatus
1199 1679 1328 1723 non
1381 1661 1606 1724 fuerit.
1670 1664 1742 1724 Et
1796 1682 1806 1720 ε

1816 1678 1951 1723 sane
2034 1661 2299 1739 phrases
2361 1664 2524 1735 εἶναι,
2580 1665 3066 1742 εεεε,’ὐπάρχειν,
3116 1665 3457 1754 exsistere:

163 1771 402 1843 ὕπαρξιν
442 1774 610 1844 ἔχειν,
673 1766 1106 1827 exsistentiam
1175 1763 1424 1839 habere,
1480 1781 1592 1843 per
1645 1780 1788 1823 sese
1837 1762 1914 1824 ad
1956 1762 2019 1824 id
2056 1764 2227 1841 quod
2282 1763 2714 1838 intendimus,
2742 1764 3238 1842 significandum
3271 1767 3460 1829 clarm

163 1873 316 1926 sunt
377 1888 393 1926 :
454 1866 651 1928 verbo
721 1873 938 1928 autem
1000 1875 1295 1943 προϊέναι,
1354 1864 1662 1944 progredi
1707 1862 1805 1924 vel
1879 1863 2201 1942 proﬂuere
2256 1864 2460 1925 utitur
2527 1865 2715 1927 etiam
2791 1867 3308 1947 Theophylactus
3377 1871 3457 1932 ad

163 1963 662 2026 substantialem
725 1965 1001 2044 Spiritus
1078 1965 1276 2025 sancti
1334 1967 1802 2044 processionem
1862 1964 2309 2038 indicandam,
2377 1965 2531 2025 dum
2600 1965 2662 2026 in
2705 1966 3106 2030 Allocutione
3155 1987 3330 2031 num.
3367 1973 3452 2032 IV

163 2067 540 2143 explicans,
565 2084 678 2126 cur
707 2067 994 2144 Spiritus
1027 2066 1276 2128 Christi
1306 2066 1446 2144 ipse
1477 2066 1748 2138 dicatur,
1786 2085 1804 2127 t

1813 2083 1940 2135 ton,
1980 2068 2217 2146 inquit,
2253 2079 2328 2142 ὡς
2365 2077 2425 2143 ἐξ
2459 2080 2670 2132 ἐκείνου
2707 2081 2918 2150 προϊὸν,
2979 2070 3148 2151 quod
3181 2091 3262 2132 ex
3315 2074 3454 2151 ipso

160 2165 486 2244 proﬂuat;
535 2166 666 2238 sed,
710 2176 829 2227 etc.
875 2167 1003 2227 Cur
1035 2167 1250 2244 itaque
1297 2166 1598 2228 hodierni
1633 2168 1833 2228 Grmci
1873 2169 2164 2246 legentes
2206 2170 2268 2230 in
2301 2171 2440 2232 suis
2487 2172 2779 2233 Patribus
2825 2172 3133 2249 Spiritum
3163 2181 3454 2234 sanctum

160 2283 438 2349 προϊέναι,
482 2272 830 2350 proﬂuere,
865 2290 978 2334 seu
1008 2273 1320 2352 progredi
1353 2292 1432 2334 ex
1461 2273 1656 2347 Filio,
1700 2273 1760 2334 id
1796 2275 1869 2334 ad
1911 2282 2390 2352 temporaneam
2429 2275 2721 2352 ejusdem
2766 2276 3045 2352 Spiritus
3097 2277 3457 2338 missionem

161 2391 278 2435 seu
320 2373 754 2436 ditiusionem
808 2374 1219 2437 referendum
1253 2375 1710 2436 contendunt?
1759 2373 2054 2436 Profecto
2092 2376 2227 2454 pari
2288 2376 2536 2436 ratione
2587 2384 2647 2436 et
2701 2375 2859 2437 illud
2896 2376 3136 2437 Christi
3192 2380 3453 2440 Domini

158 2491 215 2554 ὃς
241 2491 406 2557 παρὰ
435 2488 656 2560 Harpe;
687 2489 1074 2558 ἐκπορεύεται,
1107 2481 1216 2558 qui
1248 2498 1326 2539 ex
1359 2480 1548 2540 Patre
1580 2480 1799 2558 proceo

1819 2481 1889 2553 it,
1921 2486 2132 2558 posset
2163 2479 2312 2560 quis
2344 2480 2422 2542 de
2452 2489 2862 2558 temporanea
2901 2481 3214 2543 missione
3247 2483 3455 2561 eXpli-

160 2600 342 2655 care;
385 2582 684 2659 adeoque
712 2592 1013 2642 teteruam
1046 2581 1186 2660 ejus
1220 2580 1410 2642 etiam
1447 2597 1480 2640 a
1528 2583 1710 2640 Patre
1762 2581 2249 2658 productionem
2299 2599 2416 2642 seu
2469 2581 2952 2658 processionem
2993 2581 3291 2642 iuﬁcinri.
3329 2584 3453 2645 Sed

155 2691 280 2768 jam
319 2687 462 2763 ipsa
497 2689 751 2747 Patrum
785 2688 1151 2747 Graecorum
1199 2684 1568 2746 testimonia
1605 2685 1687 2745 ob
1733 2686 1958 2746 0001ος
1995 2685 2288 2762 ponenda
2322 2693 2496 2746 sunt.

237 2793 521 2854 XXXII.
569 2790 779 2869 Igitur
817 2791 876 2851 1.
928 2791 988 2850 S.
1048 2787 1478 2867 Epiphanius,
1530 2796 1600 2850 ut
1657 2789 1735 2850 ab
1793 2789 1871 2848 iis
1921 2789 2030 2867 qui
2082 2790 2323 2850 clarius
2373 2807 2516 2851 sese
2560 2792 2958 2868 estprimum,
3014 2791 3342 2871 incipiam,
3389 2795 3451 2854 in

158 2898 510 2970 Ancorato,
543 2913 607 2957 n.
645 2897 726 2956 67
757 2911 770 2954 ε
807 2904 1066 2974 Χριστδς,
1101 2894 1206 2965 ait,
1238 2902 1304 2954 ὲκ
1327 2901 1422 2954 τοῦ
1458 2902 1671 2972 Πατρδς
1702 2919 1798 2954 πισ

1784 2901 2018 2955 ςτεύεται
2041 2902 2172 2965 Θεὸς
2203 2905 2267 2956 ὲκ
2295 2902 2454 2969 Θεοῦ,
2485 2905 2578 2957 καὶ
2609 2903 2667 2957 τὸ
2702 2903 2925 2974 Πνεῦμα
2953 2906 3016 2957 ἐκ
3043 2904 3134 2957 τοῦ
3185 2905 3425 2976 Χριστοῦ

159 3006 360 3075 ῆπαρ’
414 3003 772 3074 ἀμφοτέρων,
835 2970 1128 3056 Christus
1177 3011 1254 3054 ea:
1304 2993 1494 3054 Patre
1544 2970 1800 3054 creditu:

1810 3010 1832 3039 ι’
1885 3011 2012 3053 esse
2073 2995 2235 3053 Deus
2288 2993 2362 3054 de
2402 2995 2575 3067 Deo,
2614 3006 2670 3056 et
2729 2997 3013 3076 Spiritus
3057 3009 3314 3059 sanctus
3373 2970 3451 3061 ea;

162 3100 446 3171 Christo,
485 3099 617 3157 sive
655 3096 730 3157 ab
765 3095 1064 3158 ambobus
1100 3094 1208 3174 (a).
1247 3097 1320 3156 Et
1365 3113 1429 3158 η.
1468 3097 1539 3159 ’11
1583 3118 1597 3156 :
1633 3102 1764 3166 Θεὸς

1814 3103 1931 3157 rem
1971 3103 2132 3156 καὶεί
2158 3103 2249 3156 τὸν
2282 3104 2341 3170 ἐξ
2373 3105 2563 3170 αὐτοῦ,
2596 3105 2733 3159 τὸδὲ
2763 3107 2919 3175 ἅγιον
2958 3107 3184 3174 Πνεῦμα
3231 3107 3293 3159 τὸ
3323 3122 3455 3182 παρ’

162 3211 515 3282 ἀμφοτέρων.
561 3201 632 3260 Et
664 3198 934 3279 prmced.
967 3215 1034 3261 n.
1071 3199 1111 3260 8
1142 3197 1230 3260 ait
1262 3197 1803 3277 Spiritumsancti

1806 3215 1896 3258 ιω
1928 3215 2070 3259 esse
2115 3183 2171 3260 ἓν
2230 3209 2382 3279 μέσῳ
2435 3208 2652 3280 Πατρδς
2715 3210 2807 3262 καὶ
2837 3209 3074 3276 Υῐοῦ,ὲκ
3105 3211 3319 3282 Πατρδς
3352 3215 3447 3266 καὶ

159 3317 318 3381 Υξοῦ,
347 3317 540 3387 τρίτον
571 3315 638 3383 τῇ
679 3312 971 3383 ὀνομασίᾳ,
1005 3304 1073 3363 in
1097 3300 1296 3362 medio
1325 3303 1539 3364 Patris
1576 3311 1629 3362 ct
1666 3302 1796 3362 Fili

1808 3303 1848 3376 i,
1884 3321 1961 3364 ex
1989 3304 2183 3364 Patre
2232 3313 2290 3364 et
2342 3303 2536 3378 Filio,
2574 3307 2836 3366 tertium
2885 3307 3340 3386 appellatione.
3376 3313 3449 3371 Et

161 3433 222 3476 n.
255 3412 692 3490 prtecedente,
725 3425 869 3470 esse
913 3419 977 3469 ἐκ
1010 3418 1107 3487 τῆς
1139 3417 1310 3487 αὐτῆς
1345 3416 1534 3479 οὐσίας
1572 3415 1724 3486 παρὰ
1760 3415 1802 3470 Ι]

1811 3415 1977 3488 ατρὸς
2006 3417 2100 3470 καὶ
2148 3417 2278 3470 Υἰοῦ
2327 3416 2554 3488 Πνεῦμα
2595 3417 2772 3486 ἅγιον,
2815 3427 2895 3469 ex
2924 3409 3067 3487 ipsa
3089 3408 3452 3472 substantia

159 3520 376 3581 Patris
430 3525 489 3577 et
535 3514 699 3576 Filii
725 3513 1042 3592 Spiritum
1078 3523 1388 3574 sanctum.
1424 3514 1497 3573 Et
1531 3513 1756 3575 haeresi

1811 3514 1912 3588 Ἷῖι,
1953 3531 2018 3576 n.
2053 3515 2114 3586 3,
2157 3508 2298 3577 εἶναι
2336 3524 2452 3593 φῶς
2488 3524 2670 3594 τρίτον
2707 3523 2861 3592 παρὰ
2907 3524 3118 3594 [Ιατρὺς
3166 3525 3261 3577 καὶ
3293 3525 3449 3589 Υἱοῦ,

160 3641 283 3682 esse
316 3621 532 3681 lumen
563 3616 821 3676 tertium
850 3633 888 3673 a
922 3614 1108 3674 Patre
1155 3623 1213 3674 et
1247 3613 1442 3674 Filio.
1482 3613 1634 3674 Esse
1680 3615 1874 3675 etiam
1919 3624 2073 3694 παρὰ
2128 3624 2344 3696 Πατρδς
2394 3627 2490 3678 καὶ
2535 3623 2687 3688 Tios,
2732 3635 2768 3674 a
2800 3614 2991 3675 Patre
3025 3623 3078 3675 et
3110 3615 3308 3690 Filio,
3352 3617 3449 3678 bis

160 3726 395 3804 repetit
450 3740 518 3784 n.
567 3721 629 3782 9.
684 3722 755 3781 Et
796 3726 981 3780 antea
1035 3717 1278 3779 ibidem
1326 3735 1390 3780 n.
1441 3721 1478 3779 7
1521 3719 1795 3792 dixerat,

1844 3736 1992 3780 esse
2045 3729 2108 3780 τὸ
2131 3729 2286 3796 ἅγιον
2320 3729 2546 3800 Πνεῦμα
2574 3730 2707 3799 παρ’
2731 3727 3084 3798 ἀμφοτέρων,
3132 3719 3450 3797 Spiritum

156 3837 446 3887 sanctum
481 3822 558 3884 ab
599 3819 917 3881 ambobus.
953 3819 1202 3880 Similia
1229 3819 1416 3881 habet
1448 3838 1509 3881 n.
1549 3823 1644 3893 10,
1681 3828 1743 3882 et
1779 3817 2008 3880 haeresi
2046 3821 2146 3894 62,
2189 3839 2254 3882 n.
2289 3820 2349 3881 ιι.
2387 3823 2463 3882 Ut
2500 3820 2770 3898 proinde
2802 3837 2996 3880 nemo
3047 3817 3319 3879 fortasse
3370 3837 3449 3881 ex

161 3929 410 3991 Latinis
451 3923 745 3985 Patribus
795 3928 900 3981 aut
936 3921 1174 3982 clarius
1206 3932 1314 3982 aut
1350 3918 1758 3999 frequentius
1803 3919 1923 3982 hac
1955 3920 2034 3981 de
2068 3939 2134 3982 re
2169 3919 2424 3983 locutus
2457 3919 2678 3982 fuerit.

231 4030 292 4091 2.
343 4032 407 4090 S.
463 4023 816 4102 Gregorius
873 4023 1205 4100 Nyssenus
1250 4023 1374 4087 .lib.
1427 4042 1444 4082 ι
1511 4023 1751 4083 Contra
1828 4023 2212 4084 Eunomium
2270 4024 2400 4083 duo
2447 4021 2801 4100 praesertim
2864 4019 2986 4091 ait,
3057 4037 3139 4080 ex
3208 4019 3448 4098 quibus

159 4129 671 4196 ineluctabiliter
705 4129 1023 4208 sequitur,
1062 4127 1374 4206 Spiritum
1412 4135 1700 4188 sanctum
1735 4143 1771 4189 α
1800 4127 1972 4189 Filio
2009 4131 2382 4206 procedere.
2433 4128 2714 4188 Primum
2767 4131 2888 4194 est,
2938 4123 3172 4184 Filium
3215 4122 3447 4183 habere

161 4239 479 4299 rationem
526 4250 730 4291 causae
778 4249 894 4293 seu
923 4231 1242 4311 principii
1292 4233 1484 4291 relate
1529 4232 1606 4292 ad
1650 4230 1961 4308 Spiritum
2013 4238 2329 4304 sanctum,
2386 4238 2445 4292 et
2501 4229 2616 4292 hac
2647 4229 2782 4291 sola
2817 4229 3063 4290 ratione
3118 4228 3241 4306 ipsi
3280 4245 3445 4306 prte-

161 4333 471 4412 intelligi,
508 4330 1057 4410 quemadmodum
1109 4347 1178 4391 se
1231 4327 1419 4391 habet
1473 4331 1656 4390 Pater
1713 4335 2014 4407 respectu
2055 4328 2226 4390 Filii.
2271 4330 2476 4390 Verba
2532 4329 2672 4406 ejus
2723 4335 2875 4388 sunt
2927 4349 2941 4387 :
2990 4337 3078 4398 Ὠς
3116 4337 3448 4390 συνάπτεται

162 4439 338 4508 Πατρδ.
362 4436 392 4487 ὁ
418 4435 566 4496 Υἱὸς.
601 4432 698 4485 καὶ
724 4430 784 4483 τὸ
829 4431 886 4494 ἐξ
905 4429 1072 4484 αὑτοῦ
1102 4426 1243 4483 εἶναι
1275 4431 1416 4500 ἔχων
1440 4431 1542 4484 οὐκ
1580 4428 1856 4500 ὑστερίζει
1896 4429 2038 4482 κατὰ
2059 4428 2158 4500 τὴν
2199 4427 2462 4499 ὓπαρξιν
2492 4427 2636 4482 οὕτω
2670 4428 2834 4482 πάλιν
2858 4427 3068 4481 καὶτοῦ
3103 4427 3449 4496 Μυνογεντιῦς

159 4529 341 4599 ἔχεται
389 4528 452 4579 τὺ
500 4522 724 4592 Πνεῦμα
756 4522 817 4575 τὸ
863 4522 1041 4589 ἅγιον,
1077 4522 1292 4592 ἐπινοίᾳ
1330 4523 1472 4592 μόνῃ
1517 4521 1659 4574 κατὰ
1693 4519 1783 4572 τὸν
1812 4519 1916 4589 τῆς
1935 4519 2113 4583 αἰτίας
2146 4519 2305 4588 λόγον
2335 4519 2828 4589 προθεωρουμένου
2857 4522 2958 4589 τῆς
2996 4518 3090 4571 τοῦ
3122 4517 3447 4589 Πνεῦματος

162 4637 546 4694 ὑποστάσεως,
576 4617 1105 4695 Quemadmodum
1131 4618 1317 4679 Patri
1347 4618 1686 4695 copulatur
1717 4617 1948 4690 Filius,
1985 4627 2042 4677 et
2103 4635 2182 4676 ex
2231 4617 2368 4695 ipso
2422 4616 2650 4677 habens
2705 4633 2852 4686 esse,
2884 4614 3208 4691 posterior
3247 4623 3450 4673 tamen

161 4729 540 4796 ersistentia
580 4742 709 4785 non
745 4731 867 4790 est;
897 4724 987 4783 sic
1019 4741 1247 4783 rursus
1277 4723 1561 4799 Spiritus
1606 4730 1862 4782 sanctus
1906 4721 2198 4801 proxime
2230 4721 2417 4780 hceret
2457 4717 2813 4793 Unigenito,
2853 4715 2961 4793 qui
2999 4713 3138 4773 sola
3161 4713 3450 4774 conside-

161 4841 412 4901 ratione
444 4827 787 4891 secundum
821 4828 1130 4887 rationem
1163 4845 1364 4886 causa?
1406 4826 1542 4908 (seu
1573 4825 1948 4906 principii),
1978 4822 2500 4904 prwintelligitur
2548 4836 2838 4900 persona?
2892 4818 3179 4896 Spiritus
3218 4819 3445 4880 sancti.

173 4948 270 5004 list
305 4940 512 5019 igitur
555 4935 761 4997 Filius
804 4938 981 4998 αἰτία.
1027 4949 1236 4996 causa.
1273 4947 1388 4990 seu
1442 4928 1832 5008 principium
1857 4927 2138 5004 Spiritus
2173 4924 2412 4998 sancti;
2448 4920 2776 5002 igiturhic
2828 4920 2906 4981 ab
2963 4918 3073 4978 illo
3131 4919 3444 4995 procedit.

167 5047 425 5106 Dictum
464 5040 738 5100 alterum
778 5034 1050 5116 Nysseni
1089 5040 1208 5104 est,
1249 5041 1355 5094 Τοῦ
1385 5040 1547 5109 λόγου
1578 5041 1674 5107 τῆς
1702 5037 1808 5091 alti

1808 5038 1879 5099 ἀς
1913 5036 2358 5108 ὑπεξῃρημένου,
2405 5035 2460 5084 ὲν
2493 5031 2687 5101 μηδενὶ
2719 5029 2820 5098 τὴν
2864 5028 3028 5096 ἁγίαν
3061 5027 3264 5098 Τριὰδα
3311 5027 3449 5095 πρὸς

165 5156 366 5224 ἑαυτὴν
434 5151 787 5219 accumbunt;
843 5142 1015 5216 ἔχειν,
1055 5136 1394 5196 Subtracta
1428 5135 1678 5195 ratione
1707 5135 1806 5211 pri

1808 5133 2041 5211 ’ncipii,
2075 5131 2254 5191 nulla
2290 5147 2359 5187 re
2384 5135 2665 5186 sanctam
2707 5123 3081 5182 Trinitatem
3110 5140 3149 5179 a
3197 5139 3261 5180 se
3308 5121 3449 5205 ipsa

166 5222 511 5313 dissidere;
548 5245 665 5305 hoc
701 5251 796 5304 cst
850 5241 1093 5302 nullam
1147 5256 1290 5300 esse
1343 5238 1525 5307 inter
1559 5237 1984 5299 sanctissimm
2045 5232 2382 5296 Trinitatis
2437 5245 2745 5308 personas
2794 5226 3280 5288 distinctionem
3323 5222 3448 5282 nisi

168 5373 237 5415 ex
271 5353 526 5415 ratione
563 5346 885 5428 principii.
919 5346 1076 5408 Cum
1105 5345 1300 5424 igitur
1325 5345 1532 5406 Filius
1562 5352 1622 5405 et
1665 5341 1946 5423 Spiritus
1977 5349 2236 5404 sanctus
2268 5339 2397 5402 sint
2429 5339 2506 5399 ab
2539 5335 2813 5397 invicem
2854 5333 3113 5394 realiter
3134 5327 3447 5401 distincti,

236 5622 312 5690 (al
345 5619 468 5673 Non
503 5626 712 5690 tantu_m
745 5612 1078 5690 Epiphanius
1103 5613 1298 5690 asserit
1331 5612 1592 5690 Spiritum
1635 5626 1757 5666 esse
1871 5612 1877 5665 i

1871 5610 2189 5690 immediate
2219 5609 2443 5690 subdit:
2630 5607 2795 5690 φησὶν
2828 5602 3448 5690 ὀήξριστόεςοξολςσρζι

170 5670 481 5748 “fixi-iiii)
517 5703 613 5742 seu
647 5670 802 5740 Filio:
844 5670 896 5738 et
935 5684 1154 5752 quidem
1191 5670 1385 5736 eodeni
1439 5684 1601 5734 modo
1631 5698 1755 5754 quo

1865 5682 1974 5736 τοῦ
2006 5682 2234 5754 Πατρὸ-ςς
2268 5670 2670 5746 ἐκπορεύεταί,
2692 5670 3050 5754 ’καις-Οὗτος
3078 5671 3282 5754 exarui}
3301 5673 3448 5754 ligor”:-

648 5733 1748 5825 hocnest,substantialitiii;
1861 5733 2145 5825 ipsis“;
2185 5733 2250 5803 Ut
2284 5733 2528 5825 Christus
2565 5733 2759 5825 asserit
2780 5733 3108 5825 _(Joan.._.iv,
3137 5743 3253 5810 96).
3287 5760 3306 5794 ε
3328 5733 3448 5823 ὐιιὶ

175 5813 257 5888 scil
299 5813 706 5898 iet-ianiiprohat
758 5843 878 5879 cs~c
1053 5813 1281 5892 utroque
1331 5825 1522 5898 iisdem
1569 5813 1752 5898 verbis
1860 5813 2091 5898 aPatre
2115 5822 2348 5887 procedit
2380 5836 2398 5883 ,'
2429 5839 2446 5868 ι
2487 5827 2535 5872 et
2569 5820 2702 5887 (im,
2729 5817 2840 5884 24).
2883 5833 2901 5867 t
2942 5813 3042 5868 llic
3070 5813 3135 5869 de
3165 5828 3277 5868 meo
3301 5813 3450 5869 acci-

174 5894 525 5972 esangclicis,
565 5900 763 5970 quibus
809 5912 904 5951 nos
937 5897 1076 5950 idem
1122 5899 1449 5964 probamus;
1488 5895 1560 5947 itu
1600 5894 1744 5948 cnim
1855 5895 1977 5960 piat.
2017 5915 2031 5941 ι
