  <div class='ocr_page' id='page_1' title='image "/cluster/home/n/w/nwhite01/storage/ocr_20150623/125/nnc1.0046979794/231.png"; bbox 0 0 4156 6440; ppageno 0'>
   <div class='ocr_carea' id='block_1_1' title="bbox 749 383 4019 458">
    <p class='ocr_par' dir='ltr' id='par_1_1' title="bbox 749 383 4019 458">
     <span class='ocr_line' id='line_1_1' title="bbox 749 383 4019 458; baseline -0.002 -6"><span class='ocrx_word' id='word_1_1' title='bbox 749 398 858 458; x_wconf 68' lang='grc' dir='ltr'><strong>ῆ55</strong></span> <span class='ocrx_word' id='word_1_2' title='bbox 1813 383 2194 445; x_wconf 80' lang='lat' dir='ltr'><strong>BONIFACII</strong></span> <span class='ocrx_word' id='word_1_3' title='bbox 2241 383 2550 443; x_wconf 84' lang='lat' dir='ltr'><strong>FlNETTl</strong></span> <span class='ocrx_word' id='word_1_4' title='bbox 2600 383 2995 444; x_wconf 67' lang='lat' dir='ltr'><strong>PREFATIO</strong></span> <span class='ocrx_word' id='word_1_5' title='bbox 3913 383 4019 446; x_wconf 69' lang='lat'><strong>456</strong></span> 
     </span>
    </p>
   </div>
   <div class='ocr_carea' id='block_1_2' title="bbox 749 494 4013 578">
    <p class='ocr_par' dir='ltr' id='par_1_2' title="bbox 749 494 4013 578">
     <span class='ocr_line' id='line_1_2' title="bbox 749 494 4013 578; baseline -0.002 -17"><span class='ocrx_word' id='word_1_6' title='bbox 749 507 1000 578; x_wconf 73' lang='lat' dir='ltr'><strong>Oportet</strong></span> <span class='ocrx_word' id='word_1_7' title='bbox 1035 506 1104 562; x_wconf 90' lang='lat' dir='ltr'><strong>ut</strong></span> <span class='ocrx_word' id='word_1_8' title='bbox 1144 500 1311 560; x_wconf 91' lang='lat' dir='ltr'><strong>inter</strong></span> <span class='ocrx_word' id='word_1_9' title='bbox 1347 512 1458 557; x_wconf 79' lang='lat' dir='ltr'><strong>eos</strong></span> <span class='ocrx_word' id='word_1_10' title='bbox 1489 496 1838 558; x_wconf 85' lang='lat' dir='ltr'><strong>intercedat</strong></span> <span class='ocrx_word' id='word_1_11' title='bbox 1867 496 2027 556; x_wconf 88' lang='lat' dir='ltr'><strong>ratio</strong></span> <span class='ocrx_word' id='word_1_12' title='bbox 2060 494 2386 572; x_wconf 82' lang='lat' dir='ltr'><strong>principii,</strong></span> <span class='ocrx_word' id='word_1_13' title='bbox 2420 495 2735 572; x_wconf 83' lang='lat' dir='ltr'><strong>adeoque,</strong></span> <span class='ocrx_word' id='word_1_14' title='bbox 2768 502 2833 555; x_wconf 89' lang='lat' dir='ltr'><strong>ut</strong></span> <span class='ocrx_word' id='word_1_15' title='bbox 2865 496 2968 557; x_wconf 89' lang='lat' dir='ltr'><strong>hic</strong></span> <span class='ocrx_word' id='word_1_16' title='bbox 2998 495 3076 556; x_wconf 84' lang='lat' dir='ltr'><strong>ab</strong></span> <span class='ocrx_word' id='word_1_17' title='bbox 3107 495 3221 558; x_wconf 90' lang='lat' dir='ltr'><strong>illo</strong></span> <span class='ocrx_word' id='word_1_18' title='bbox 3263 499 3584 574; x_wconf 76' lang='lat' dir='ltr'><strong>procedat.</strong></span> <span class='ocrx_word' id='word_1_19' title='bbox 3612 495 4013 574; x_wconf 86' lang='lat' dir='ltr'><strong>Principiuu-</strong></span> 
     </span>
    </p>
   </div>
   <div class='ocr_carea' id='block_1_3' title="bbox 746 598 4016 683">
    <p class='ocr_par' dir='ltr' id='par_1_3' title="bbox 746 598 4016 683">
     <span class='ocr_line' id='line_1_3' title="bbox 746 598 4016 683; baseline -0.002 -18"><span class='ocrx_word' id='word_1_20' title='bbox 746 603 919 665; x_wconf 89' lang='lat' dir='ltr'><strong>idem</strong></span> <span class='ocrx_word' id='word_1_21' title='bbox 956 606 1195 669; x_wconf 91' lang='lat' dir='ltr'><strong>clarius</strong></span> <span class='ocrx_word' id='word_1_22' title='bbox 1231 611 1292 664; x_wconf 90' lang='lat' dir='ltr'><strong>et</strong></span> <span class='ocrx_word' id='word_1_23' title='bbox 1326 612 1770 683; x_wconf 82' lang='grc' dir='ltr'><strong>ὲμφατικοτέρως</strong></span> <span class='ocrx_word' id='word_1_24' title='bbox 1814 600 2112 678; x_wconf 74' lang='lat' dir='ltr'><strong>proponit</strong></span> <span class='ocrx_word' id='word_1_25' title='bbox 2161 599 2225 659; x_wconf 90' lang='lat' dir='ltr'><strong>in</strong></span> <span class='ocrx_word' id='word_1_26' title='bbox 2283 598 2553 676; x_wconf 88' lang='lat' dir='ltr'><strong>epistola</strong></span> <span class='ocrx_word' id='word_1_27' title='bbox 2593 602 2668 661; x_wconf 92' lang='lat' dir='ltr'><strong>ad</strong></span> <span class='ocrx_word' id='word_1_28' title='bbox 2695 599 3022 660; x_wconf 83' lang='lat' dir='ltr'><strong>Ablabium</strong></span> <span class='ocrx_word' id='word_1_29' title='bbox 3063 599 3159 659; x_wconf 88' lang='lat' dir='ltr'><strong>his</strong></span> <span class='ocrx_word' id='word_1_30' title='bbox 3211 602 3531 679; x_wconf 75' lang='lat' dir='ltr'><strong>praecipue</strong></span> <span class='ocrx_word' id='word_1_31' title='bbox 3575 600 3784 663; x_wconf 79' lang='lat' dir='ltr'><strong>verbis</strong></span> <span class='ocrx_word' id='word_1_32' title='bbox 3833 623 3846 658; x_wconf 92' lang='lat'>:</span> <span class='ocrx_word' id='word_1_33' title='bbox 3902 609 4016 676; x_wconf 65' lang='lat' dir='ltr'><strong>Tip</strong></span> 
     </span>
    </p>
   </div>
   <div class='ocr_carea' id='block_1_4' title="bbox 746 703 2387 783">
    <p class='ocr_par' dir='ltr' id='par_1_4' title="bbox 746 707 2387 782">
     <span class='ocr_line' id='line_1_4' title="bbox 746 707 2387 782; baseline -0.007 -10"><span class='ocrx_word' id='word_1_34' title='bbox 746 719 893 772; x_wconf 84' lang='grc' dir='ltr'><strong>κατὰ</strong></span> <span class='ocrx_word' id='word_1_35' title='bbox 916 719 977 772; x_wconf 82' lang='grc' dir='ltr'><strong>τὸ</strong></span> <span class='ocrx_word' id='word_1_36' title='bbox 1009 718 1180 773; x_wconf 75' lang='grc' dir='ltr'><strong>αἴτιον</strong></span> <span class='ocrx_word' id='word_1_37' title='bbox 1214 719 1310 773; x_wconf 64' lang='grc' dir='ltr'><strong>καὶ</strong></span> <span class='ocrx_word' id='word_1_38' title='bbox 1369 717 1611 770; x_wconf 82' lang='grc' dir='ltr'><strong>αἰτιατὸν</strong></span> <span class='ocrx_word' id='word_1_39' title='bbox 1660 714 1924 782; x_wconf 75' lang='grc' dir='ltr'><strong>διαφορὰν</strong></span> <span class='ocrx_word' id='word_1_40' title='bbox 1979 712 2080 782; x_wconf 57' lang='grc' dir='ltr'><strong>οὐκ</strong></span> <span class='ocrx_word' id='word_1_41' title='bbox 2117 707 2387 781; x_wconf 69' lang='grc' dir='ltr'><strong>ἁρνούμεθ</strong></span> 
     </span>
    </p>
   </div>
   <div class='ocr_carea' id='block_1_5' title="bbox 2374 703 4015 783">
    <p class='ocr_par' dir='ltr' id='par_1_5' title="bbox 2374 703 4015 783">
     <span class='ocr_line' id='line_1_5' title="bbox 2374 703 4015 783; baseline 0 -22"><span class='ocrx_word' id='word_1_42' title='bbox 2374 707 2438 762; x_wconf 77' lang='lat' dir='ltr'><strong>Ba</strong></span> <span class='ocrx_word' id='word_1_43' title='bbox 2479 703 2650 780; x_wconf 88' lang='lat' dir='ltr'><strong>(esse</strong></span> <span class='ocrx_word' id='word_1_44' title='bbox 2700 704 2765 764; x_wconf 88' lang='lat' dir='ltr'><strong>in</strong></span> <span class='ocrx_word' id='word_1_45' title='bbox 2826 703 3003 780; x_wconf 91' lang='lat' dir='ltr'><strong>Deo),</strong></span> <span class='ocrx_word' id='word_1_46' title='bbox 3046 706 3662 783; x_wconf 73' lang='grc' dir='ltr'><strong>ᾧμόνῳδιακρίνεσῦαι</strong></span> <span class='ocrx_word' id='word_1_47' title='bbox 3709 712 3772 762; x_wconf 82' lang='grc' dir='ltr'>τὸ</span> <span class='ocrx_word' id='word_1_48' title='bbox 3819 711 4015 777; x_wconf 74' lang='grc' dir='ltr'><strong>ἕτερον</strong></span> 
     </span>
    </p>
   </div>
   <div class='ocr_carea' id='block_1_6' title="bbox 745 805 4010 890">
    <p class='ocr_par' dir='ltr' id='par_1_6' title="bbox 745 805 4010 890">
     <span class='ocr_line' id='line_1_6' title="bbox 745 805 4010 890; baseline -0.004 -17"><span class='ocrx_word' id='word_1_49' title='bbox 745 820 841 874; x_wconf 81' lang='grc' dir='ltr'><strong>τοῦ</strong></span> <span class='ocrx_word' id='word_1_50' title='bbox 878 821 1066 890; x_wconf 82' lang='grc' dir='ltr'><strong>ἑτέρου</strong></span> <span class='ocrx_word' id='word_1_51' title='bbox 1098 817 1615 889; x_wconf 73' lang='grc' dir='ltr'><strong>καταλαμϐάνομεν,</strong></span> <span class='ocrx_word' id='word_1_52' title='bbox 1648 814 1726 885; x_wconf 82' lang='grc' dir='ltr'><strong>τῷ</strong></span> <span class='ocrx_word' id='word_1_53' title='bbox 1756 815 1818 868; x_wconf 81' lang='grc' dir='ltr'><strong>τὸ</strong></span> <span class='ocrx_word' id='word_1_54' title='bbox 1852 814 1953 884; x_wconf 81' lang='grc' dir='ltr'><strong>μὲν</strong></span> <span class='ocrx_word' id='word_1_55' title='bbox 1983 815 2159 866; x_wconf 72' lang='grc' dir='ltr'><strong>αἴτιον</strong></span> <span class='ocrx_word' id='word_1_56' title='bbox 2187 811 2468 865; x_wconf 77' lang='grc' dir='ltr'><strong>πιστεύειν</strong></span> <span class='ocrx_word' id='word_1_57' title='bbox 2497 809 2661 879; x_wconf 77' lang='grc' dir='ltr'><strong>εῖναι,</strong></span> <span class='ocrx_word' id='word_1_58' title='bbox 2693 815 2754 867; x_wconf 83' lang='grc' dir='ltr'>τὸ</span> <span class='ocrx_word' id='word_1_59' title='bbox 2782 814 2838 868; x_wconf 72' lang='grc' dir='ltr'><strong>δὲ</strong></span> <span class='ocrx_word' id='word_1_60' title='bbox 2868 816 2931 868; x_wconf 82' lang='grc' dir='ltr'><strong>ἐκ</strong></span> <span class='ocrx_word' id='word_1_61' title='bbox 2990 814 3085 868; x_wconf 80' lang='grc' dir='ltr'><strong>τοῦ</strong></span> <span class='ocrx_word' id='word_1_62' title='bbox 3139 815 3338 880; x_wconf 76' lang='grc' dir='ltr'><strong>αἰτίου,</strong></span> <span class='ocrx_word' id='word_1_63' title='bbox 3405 805 3844 865; x_wconf 84' lang='lat' dir='ltr'><strong>Diversitatem</strong></span> <span class='ocrx_word' id='word_1_64' title='bbox 3914 824 4010 862; x_wconf 79' lang='lat' dir='ltr'><strong>se-</strong></span> 
     </span>
    </p>
   </div>
   <div class='ocr_carea' id='block_1_7' title="bbox 750 906 4018 990">
    <p class='ocr_par' dir='ltr' id='par_1_7' title="bbox 750 906 4018 990">
     <span class='ocr_line' id='line_1_7' title="bbox 750 906 4018 990; baseline -0.003 -13"><span class='ocrx_word' id='word_1_65' title='bbox 750 916 1019 978; x_wconf 86' lang='lat' dir='ltr'><strong>cundum</strong></span> <span class='ocrx_word' id='word_1_66' title='bbox 1049 917 1354 977; x_wconf 85' lang='lat' dir='ltr'><strong>rationem</strong></span> <span class='ocrx_word' id='word_1_67' title='bbox 1383 930 1582 973; x_wconf 70' lang='lat' dir='ltr'><strong>causa</strong></span> <span class='ocrx_word' id='word_1_68' title='bbox 1614 922 1669 972; x_wconf 90' lang='lat' dir='ltr'><strong>et</strong></span> <span class='ocrx_word' id='word_1_69' title='bbox 1693 913 1938 971; x_wconf 89' lang='lat' dir='ltr'><strong>causati</strong></span> <span class='ocrx_word' id='word_1_70' title='bbox 1969 907 2313 990; x_wconf 82' lang='lat' dir='ltr'><strong>(seujuxta</strong></span> <span class='ocrx_word' id='word_1_71' title='bbox 2351 909 2664 970; x_wconf 86' lang='lat' dir='ltr'><strong>rationem</strong></span> <span class='ocrx_word' id='word_1_72' title='bbox 2701 909 3030 988; x_wconf 82' lang='lat' dir='ltr'><strong>principii)</strong></span> <span class='ocrx_word' id='word_1_73' title='bbox 3051 919 3107 971; x_wconf 90' lang='lat' dir='ltr'><strong>et</strong></span> <span class='ocrx_word' id='word_1_74' title='bbox 3139 912 3268 990; x_wconf 83' lang='lat' dir='ltr'><strong>ejus</strong></span> <span class='ocrx_word' id='word_1_75' title='bbox 3291 906 3459 989; x_wconf 90' lang='lat' dir='ltr'><strong>quod</strong></span> <span class='ocrx_word' id='word_1_76' title='bbox 3489 917 3575 967; x_wconf 89' lang='lat' dir='ltr'><strong>est</strong></span> <span class='ocrx_word' id='word_1_77' title='bbox 3609 927 3650 966; x_wconf 90' lang='lat' dir='ltr'><strong>a</strong></span> <span class='ocrx_word' id='word_1_78' title='bbox 3682 908 4018 984; x_wconf 81' lang='lat' dir='ltr'><strong>principio</strong></span> 
     </span>
    </p>
   </div>
   <div class='ocr_carea' id='block_1_8' title="bbox 751 1007 4019 1096">
    <p class='ocr_par' dir='ltr' id='par_1_8' title="bbox 751 1007 4019 1096">
     <span class='ocr_line' id='line_1_8' title="bbox 751 1007 4019 1096; baseline -0.004 -20"><span class='ocrx_word' id='word_1_79' title='bbox 751 1019 841 1095; x_wconf 87' lang='lat' dir='ltr'><strong>(in</strong></span> <span class='ocrx_word' id='word_1_80' title='bbox 879 1017 1032 1096; x_wconf 86' lang='lat' dir='ltr'><strong>Deo)</strong></span> <span class='ocrx_word' id='word_1_81' title='bbox 1092 1035 1218 1076; x_wconf 90' lang='lat' dir='ltr'><strong>non</strong></span> <span class='ocrx_word' id='word_1_82' title='bbox 1249 1031 1543 1092; x_wconf 80' lang='lat' dir='ltr'><strong>negamus</strong></span> <span class='ocrx_word' id='word_1_83' title='bbox 1579 1034 1598 1072; x_wconf 72' lang='grc' dir='ltr'><strong><em>ε</em></strong></span> <span class='ocrx_word' id='word_1_84' title='bbox 1621 1031 1742 1091; x_wconf 91' lang='lat' dir='ltr'><strong>quo</strong></span> <span class='ocrx_word' id='word_1_85' title='bbox 1771 1011 1903 1070; x_wconf 88' lang='lat' dir='ltr'><strong>solo</strong></span> <span class='ocrx_word' id='word_1_86' title='bbox 1923 1011 2190 1069; x_wconf 64' lang='lat' dir='ltr'><strong>alarum</strong></span> <span class='ocrx_word' id='word_1_87' title='bbox 2209 1007 2289 1069; x_wconf 91' lang='lat' dir='ltr'><strong>ab</strong></span> <span class='ocrx_word' id='word_1_88' title='bbox 2316 1008 2518 1068; x_wconf 85' lang='lat' dir='ltr'><strong>altera</strong></span> <span class='ocrx_word' id='word_1_89' title='bbox 2550 1010 2790 1069; x_wconf 78' lang='lat' dir='ltr'><strong>secerni</strong></span> <span class='ocrx_word' id='word_1_90' title='bbox 2832 1008 3405 1088; x_wconf 77' lang='lat' dir='ltr'><strong>comprehendimus</strong></span> <span class='ocrx_word' id='word_1_91' title='bbox 3427 1052 3444 1078; x_wconf 89' lang='lat'><strong>,</strong></span> <span class='ocrx_word' id='word_1_92' title='bbox 3478 1016 3782 1084; x_wconf 88' lang='lat' dir='ltr'><strong>quatenus</strong></span> <span class='ocrx_word' id='word_1_93' title='bbox 3818 1023 4019 1065; x_wconf 85' lang='lat' dir='ltr'><strong>unum</strong></span> 
     </span>
    </p>
   </div>
   <div class='ocr_carea' id='block_1_9' title="bbox 750 1109 4021 1200">
    <p class='ocr_par' dir='ltr' id='par_1_9' title="bbox 750 1109 4021 1200">
     <span class='ocr_line' id='line_1_9' title="bbox 750 1109 4021 1200; baseline -0.002 -21"><span class='ocrx_word' id='word_1_94' title='bbox 750 1121 995 1200; x_wconf 78' lang='lat' dir='ltr'><strong>quidem</strong></span> <span class='ocrx_word' id='word_1_95' title='bbox 1043 1120 1435 1197; x_wconf 78' lang='lat' dir='ltr'><strong>principium</strong></span> <span class='ocrx_word' id='word_1_96' title='bbox 1489 1135 1617 1176; x_wconf 87' lang='lat' dir='ltr'><strong>esse</strong></span> <span class='ocrx_word' id='word_1_97' title='bbox 1669 1115 2013 1187; x_wconf 82' lang='lat' dir='ltr'><strong>credimus,</strong></span> <span class='ocrx_word' id='word_1_98' title='bbox 2061 1111 2332 1172; x_wconf 83' lang='lat' dir='ltr'><strong>alterum</strong></span> <span class='ocrx_word' id='word_1_99' title='bbox 2401 1131 2481 1173; x_wconf 77' lang='lat' dir='ltr'><strong>ea:</strong></span> <span class='ocrx_word' id='word_1_100' title='bbox 2539 1114 2885 1192; x_wconf 86' lang='lat' dir='ltr'><strong>principio.</strong></span> <span class='ocrx_word' id='word_1_101' title='bbox 2927 1117 3085 1187; x_wconf 65' lang='lat' dir='ltr'><strong>Quae</strong></span> <span class='ocrx_word' id='word_1_102' title='bbox 3131 1129 3276 1176; x_wconf 81' lang='lat' dir='ltr'><strong>cum</strong></span> <span class='ocrx_word' id='word_1_103' title='bbox 3336 1112 3422 1173; x_wconf 84' lang='lat' dir='ltr'><strong>ait</strong></span> <span class='ocrx_word' id='word_1_104' title='bbox 3458 1113 3816 1189; x_wconf 81' lang='lat' dir='ltr'><strong>Nyssenus,</strong></span> <span class='ocrx_word' id='word_1_105' title='bbox 3861 1109 4021 1188; x_wconf 86' lang='lat' dir='ltr'><strong>quis</strong></span> 
     </span>
    </p>
   </div>
   <div class='ocr_carea' id='block_1_10' title="bbox 755 1211 4020 1297">
    <p class='ocr_par' dir='ltr' id='par_1_10' title="bbox 755 1211 4020 1297">
     <span class='ocr_line' id='line_1_10' title="bbox 755 1211 4020 1297; baseline -0.002 -18"><span class='ocrx_word' id='word_1_106' title='bbox 755 1226 943 1297; x_wconf 79' lang='lat' dir='ltr'><strong>neget</strong></span> <span class='ocrx_word' id='word_1_107' title='bbox 995 1235 1142 1280; x_wconf 88' lang='lat' dir='ltr'><strong>eum</strong></span> <span class='ocrx_word' id='word_1_108' title='bbox 1185 1216 1542 1278; x_wconf 83' lang='lat' dir='ltr'><strong>credidisse</strong></span> <span class='ocrx_word' id='word_1_109' title='bbox 1578 1215 1888 1292; x_wconf 84' lang='lat' dir='ltr'><strong>Spiritum</strong></span> <span class='ocrx_word' id='word_1_110' title='bbox 1943 1221 2231 1274; x_wconf 86' lang='lat' dir='ltr'><strong>sanctum</strong></span> <span class='ocrx_word' id='word_1_111' title='bbox 2288 1229 2431 1273; x_wconf 86' lang='lat' dir='ltr'><strong>esse</strong></span> <span class='ocrx_word' id='word_1_112' title='bbox 2479 1213 2707 1275; x_wconf 91' lang='lat' dir='ltr'><strong>aFilio</strong></span> <span class='ocrx_word' id='word_1_113' title='bbox 2737 1223 3033 1295; x_wconf 81' lang='lat' dir='ltr'><strong>tanquam</strong></span> <span class='ocrx_word' id='word_1_114' title='bbox 3085 1225 3150 1276; x_wconf 79' lang='grc' dir='ltr'><strong>ὲκ</strong></span> <span class='ocrx_word' id='word_1_115' title='bbox 3175 1221 3269 1276; x_wconf 85' lang='grc' dir='ltr'><strong>τοῦ</strong></span> <span class='ocrx_word' id='word_1_116' title='bbox 3317 1220 3515 1288; x_wconf 73' lang='grc' dir='ltr'>αἰτίου,</span> <span class='ocrx_word' id='word_1_117' title='bbox 3565 1229 3714 1274; x_wconf 89' lang='lat' dir='ltr'><strong>cum</strong></span> <span class='ocrx_word' id='word_1_118' title='bbox 3745 1211 3825 1273; x_wconf 90' lang='lat' dir='ltr'><strong>ab</strong></span> <span class='ocrx_word' id='word_1_119' title='bbox 3865 1212 4020 1291; x_wconf 86' lang='lat' dir='ltr'><strong>ipso</strong></span> 
     </span>
    </p>
   </div>
   <div class='ocr_carea' id='block_1_11' title="bbox 752 1317 1692 1396">
    <p class='ocr_par' dir='ltr' id='par_1_11' title="bbox 752 1317 1692 1396">
     <span class='ocr_line' id='line_1_11' title="bbox 752 1317 1692 1396; baseline -0.005 -14"><span class='ocrx_word' id='word_1_120' title='bbox 752 1318 1066 1396; x_wconf 79' lang='lat' dir='ltr'><strong>distingui</strong></span> <span class='ocrx_word' id='word_1_121' title='bbox 1104 1334 1229 1378; x_wconf 84' lang='lat' dir='ltr'><strong>non</strong></span> <span class='ocrx_word' id='word_1_122' title='bbox 1262 1317 1692 1379; x_wconf 81' lang='lat' dir='ltr'><strong>dubitaverit?</strong></span> 
     </span>
    </p>
   </div>
   <div class='ocr_carea' id='block_1_12' title="bbox 829 1407 4020 1500">
    <p class='ocr_par' dir='ltr' id='par_1_12' title="bbox 829 1407 4020 1500">
     <span class='ocr_line' id='line_1_12' title="bbox 829 1407 4020 1500; baseline -0.005 -16"><span class='ocrx_word' id='word_1_123' title='bbox 829 1425 889 1484; x_wconf 90' lang='lat'><strong>3.</strong></span> <span class='ocrx_word' id='word_1_124' title='bbox 936 1423 1274 1500; x_wconf 66' lang='lat' dir='ltr'><strong>Didymus,</strong></span> <span class='ocrx_word' id='word_1_125' title='bbox 1310 1423 1475 1482; x_wconf 88' lang='lat' dir='ltr'><strong>libro</strong></span> <span class='ocrx_word' id='word_1_126' title='bbox 1509 1440 1550 1480; x_wconf 86' lang='grc' dir='ltr'><strong>ιι</strong></span> <span class='ocrx_word' id='word_1_127' title='bbox 1607 1420 1689 1478; x_wconf 87' lang='lat' dir='ltr'><strong>De</strong></span> <span class='ocrx_word' id='word_1_128' title='bbox 1741 1419 1995 1497; x_wconf 79' lang='lat' dir='ltr'><strong>Spiritu</strong></span> <span class='ocrx_word' id='word_1_129' title='bbox 2043 1425 2261 1474; x_wconf 85' lang='lat' dir='ltr'><strong>sancto</strong></span> <span class='ocrx_word' id='word_1_130' title='bbox 2303 1412 2628 1475; x_wconf 80' lang='lat' dir='ltr'><strong>Christum</strong></span> <span class='ocrx_word' id='word_1_131' title='bbox 2672 1414 2986 1475; x_wconf 88' lang='lat' dir='ltr'><strong>rationem</strong></span> <span class='ocrx_word' id='word_1_132' title='bbox 3029 1414 3405 1475; x_wconf 83' lang='lat' dir='ltr'><strong>aﬂ&#39;erentem</strong></span> <span class='ocrx_word' id='word_1_133' title='bbox 3460 1410 3734 1482; x_wconf 85' lang='lat' dir='ltr'><strong>inducit,</strong></span> <span class='ocrx_word' id='word_1_134' title='bbox 3785 1427 3901 1470; x_wconf 90' lang='lat' dir='ltr'><strong>cur</strong></span> <span class='ocrx_word' id='word_1_135' title='bbox 3932 1407 4020 1468; x_wconf 90' lang='lat' dir='ltr'><strong>de</strong></span> 
     </span>
    </p>
   </div>
   <div class='ocr_carea' id='block_1_13' title="bbox 753 1510 4024 1602">
    <p class='ocr_par' dir='ltr' id='par_1_13' title="bbox 753 1510 4024 1602">
     <span class='ocr_line' id='line_1_13' title="bbox 753 1510 4024 1602; baseline -0.005 -18"><span class='ocrx_word' id='word_1_136' title='bbox 753 1523 998 1602; x_wconf 90' lang='lat' dir='ltr'><strong>Spiritu</strong></span> <span class='ocrx_word' id='word_1_137' title='bbox 1032 1529 1252 1583; x_wconf 89' lang='lat' dir='ltr'><strong>sancto</strong></span> <span class='ocrx_word' id='word_1_138' title='bbox 1286 1522 1521 1582; x_wconf 80' lang='lat' dir='ltr'><strong>dixerit</strong></span> <span class='ocrx_word' id='word_1_139' title='bbox 1551 1523 1736 1584; x_wconf 81' lang='lat' dir='ltr'><strong>Joan.</strong></span> <span class='ocrx_word' id='word_1_140' title='bbox 1779 1538 1884 1580; x_wconf 74' lang='grc' dir='ltr'><strong>ινι</strong></span> <span class='ocrx_word' id='word_1_141' title='bbox 1917 1563 1931 1588; x_wconf 92' lang='grc'><strong>,</strong></span> <span class='ocrx_word' id='word_1_142' title='bbox 1960 1518 2035 1577; x_wconf 80' lang='grc'><strong>1’3</strong></span> <span class='ocrx_word' id='word_1_143' title='bbox 2062 1538 2078 1572; x_wconf 85' lang='grc'>;</span> <span class='ocrx_word' id='word_1_144' title='bbox 2107 1516 2252 1578; x_wconf 82' lang='grc' dir='ltr'><strong>Νοη</strong></span> <span class='ocrx_word' id='word_1_145' title='bbox 2306 1514 2464 1574; x_wconf 88' lang='lat' dir='ltr'><strong>enim</strong></span> <span class='ocrx_word' id='word_1_146' title='bbox 2517 1511 2806 1592; x_wconf 87' lang='lat' dir='ltr'><strong>loquetur</strong></span> <span class='ocrx_word' id='word_1_147' title='bbox 2831 1533 2870 1572; x_wconf 91' lang='lat' dir='ltr'><strong>a</strong></span> <span class='ocrx_word' id='word_1_148' title='bbox 2907 1515 3233 1592; x_wconf 86' lang='lat' dir='ltr'><strong>semetipso</strong></span> <span class='ocrx_word' id='word_1_149' title='bbox 3254 1513 3354 1574; x_wconf 89' lang='lat' dir='ltr'><strong>bis</strong></span> <span class='ocrx_word' id='word_1_150' title='bbox 3392 1511 3603 1574; x_wconf 82' lang='lat' dir='ltr'><strong>verbis</strong></span> <span class='ocrx_word' id='word_1_151' title='bbox 3635 1533 3649 1571; x_wconf 89' lang='lat'><strong>:</strong></span> <span class='ocrx_word' id='word_1_152' title='bbox 3679 1510 3845 1586; x_wconf 86' lang='lat' dir='ltr'><strong>Quia</strong></span> <span class='ocrx_word' id='word_1_153' title='bbox 3885 1527 4024 1570; x_wconf 84' lang='lat' dir='ltr'><strong>non</strong></span> 
     </span>
    </p>
   </div>
   <div class='ocr_carea' id='block_1_14' title="bbox 755 1614 4014 1702">
    <p class='ocr_par' dir='ltr' id='par_1_14' title="bbox 755 1614 4014 1702">
     <span class='ocr_line' id='line_1_14' title="bbox 755 1614 4014 1702; baseline -0.005 -15"><span class='ocrx_word' id='word_1_154' title='bbox 755 1648 834 1689; x_wconf 75' lang='lat' dir='ltr'><strong>ea:</strong></span> <span class='ocrx_word' id='word_1_155' title='bbox 867 1649 952 1702; x_wconf 87' lang='lat' dir='ltr'><strong>se,</strong></span> <span class='ocrx_word' id='word_1_156' title='bbox 1012 1627 1122 1687; x_wconf 86' lang='lat' dir='ltr'><strong>sed</strong></span> <span class='ocrx_word' id='word_1_157' title='bbox 1171 1646 1250 1686; x_wconf 77' lang='lat' dir='ltr'><strong>ex</strong></span> <span class='ocrx_word' id='word_1_158' title='bbox 1294 1626 1483 1686; x_wconf 85' lang='lat' dir='ltr'><strong>Patre</strong></span> <span class='ocrx_word' id='word_1_159' title='bbox 1533 1635 1708 1686; x_wconf 86' lang='lat' dir='ltr'><strong>etme</strong></span> <span class='ocrx_word' id='word_1_160' title='bbox 1760 1635 1882 1692; x_wconf 86' lang='lat' dir='ltr'><strong>est;</strong></span> <span class='ocrx_word' id='word_1_161' title='bbox 1938 1626 2055 1685; x_wconf 90' lang='lat' dir='ltr'><strong>hoc</strong></span> <span class='ocrx_word' id='word_1_162' title='bbox 2109 1622 2269 1681; x_wconf 90' lang='lat' dir='ltr'><strong>enim</strong></span> <span class='ocrx_word' id='word_1_163' title='bbox 2333 1617 2538 1694; x_wconf 82' lang='lat' dir='ltr'><strong>ipsum</strong></span> <span class='ocrx_word' id='word_1_164' title='bbox 2567 1620 2732 1698; x_wconf 88' lang='lat' dir='ltr'><strong>quod</strong></span> <span class='ocrx_word' id='word_1_165' title='bbox 2781 1617 3092 1689; x_wconf 76' lang='lat' dir='ltr'><strong>subsistit,</strong></span> <span class='ocrx_word' id='word_1_166' title='bbox 3131 1638 3209 1680; x_wconf 71' lang='lat' dir='ltr'><strong>ex</strong></span> <span class='ocrx_word' id='word_1_167' title='bbox 3261 1618 3454 1679; x_wconf 85' lang='lat' dir='ltr'><strong>Patre</strong></span> <span class='ocrx_word' id='word_1_168' title='bbox 3500 1628 3558 1678; x_wconf 88' lang='lat' dir='ltr'><strong>et</strong></span> <span class='ocrx_word' id='word_1_169' title='bbox 3607 1635 3698 1676; x_wconf 92' lang='lat' dir='ltr'><strong>me</strong></span> <span class='ocrx_word' id='word_1_170' title='bbox 3749 1614 3850 1676; x_wconf 87' lang='lat' dir='ltr'><strong>illi</strong></span> <span class='ocrx_word' id='word_1_171' title='bbox 3890 1624 4014 1674; x_wconf 85' lang='lat' dir='ltr'><strong>est.</strong></span> 
     </span>
    </p>
   </div>
   <div class='ocr_carea' id='block_1_15' title="bbox 756 1720 4021 1805">
    <p class='ocr_par' dir='ltr' id='par_1_15' title="bbox 756 1720 4021 1805">
     <span class='ocr_line' id='line_1_15' title="bbox 756 1720 4021 1805; baseline -0.004 -13"><span class='ocrx_word' id='word_1_172' title='bbox 756 1730 1122 1792; x_wconf 85' lang='lat' dir='ltr'><strong>Clarissima</strong></span> <span class='ocrx_word' id='word_1_173' title='bbox 1169 1746 1318 1789; x_wconf 87' lang='lat' dir='ltr'><strong>vero</strong></span> <span class='ocrx_word' id='word_1_174' title='bbox 1357 1738 1505 1789; x_wconf 91' lang='lat' dir='ltr'><strong>sunt</strong></span> <span class='ocrx_word' id='word_1_175' title='bbox 1544 1726 1753 1798; x_wconf 83' lang='lat' dir='ltr'><strong>verba,</strong></span> <span class='ocrx_word' id='word_1_176' title='bbox 1801 1744 1946 1805; x_wconf 66' lang='lat' dir='ltr'><strong>quae</strong></span> <span class='ocrx_word' id='word_1_177' title='bbox 1989 1725 2230 1786; x_wconf 85' lang='lat' dir='ltr'><strong>ibidem</strong></span> <span class='ocrx_word' id='word_1_178' title='bbox 2264 1722 2486 1801; x_wconf 66' lang='lat' dir='ltr'><strong>paucis</strong></span> <span class='ocrx_word' id='word_1_179' title='bbox 2546 1724 2968 1800; x_wconf 86' lang='lat' dir='ltr'><strong>interpositis,</strong></span> <span class='ocrx_word' id='word_1_180' title='bbox 3004 1723 3192 1784; x_wconf 88' lang='lat' dir='ltr'><strong>habet</strong></span> <span class='ocrx_word' id='word_1_181' title='bbox 3235 1746 3250 1784; x_wconf 89' lang='lat'><strong>:</strong></span> <span class='ocrx_word' id='word_1_182' title='bbox 3286 1723 3496 1801; x_wconf 83' lang='lat' dir='ltr'><strong>Neque</strong></span> <span class='ocrx_word' id='word_1_183' title='bbox 3521 1721 3674 1802; x_wconf 87' lang='lat' dir='ltr'><strong>quid</strong></span> <span class='ocrx_word' id='word_1_184' title='bbox 3709 1720 3886 1782; x_wconf 85' lang='lat' dir='ltr'><strong>aliud</strong></span> <span class='ocrx_word' id='word_1_185' title='bbox 3924 1729 4021 1779; x_wconf 89' lang='lat' dir='ltr'><strong>est</strong></span> 
     </span>
    </p>
   </div>
   <div class='ocr_carea' id='block_1_16' title="bbox 758 1824 4019 1910">
    <p class='ocr_par' dir='ltr' id='par_1_16' title="bbox 758 1824 4019 1910">
     <span class='ocr_line' id='line_1_16' title="bbox 758 1824 4019 1910; baseline -0.003 -18"><span class='ocrx_word' id='word_1_186' title='bbox 758 1835 964 1894; x_wconf 85' lang='lat' dir='ltr'><strong>Filius</strong></span> <span class='ocrx_word' id='word_1_187' title='bbox 999 1834 1284 1910; x_wconf 70' lang='lat' dir='ltr'><strong>exceptis</strong></span> <span class='ocrx_word' id='word_1_188' title='bbox 1321 1832 1402 1891; x_wconf 86' lang='lat' dir='ltr'><strong>iis</strong></span> <span class='ocrx_word' id='word_1_189' title='bbox 1451 1848 1584 1908; x_wconf 71' lang='lat' dir='ltr'><strong>qua:</strong></span> <span class='ocrx_word' id='word_1_190' title='bbox 1623 1830 1680 1889; x_wconf 89' lang='lat' dir='ltr'><strong>ei</strong></span> <span class='ocrx_word' id='word_1_191' title='bbox 1709 1827 1947 1887; x_wconf 85' lang='lat' dir='ltr'><strong>dantur</strong></span> <span class='ocrx_word' id='word_1_192' title='bbox 1991 1846 2029 1886; x_wconf 92' lang='lat' dir='ltr'><strong>a</strong></span> <span class='ocrx_word' id='word_1_193' title='bbox 2074 1827 2264 1886; x_wconf 88' lang='lat' dir='ltr'><strong>Patre</strong></span> <span class='ocrx_word' id='word_1_194' title='bbox 2297 1845 2315 1892; x_wconf 87' lang='lat'><em>;</em></span> <span class='ocrx_word' id='word_1_195' title='bbox 2344 1824 2436 1884; x_wconf 83' lang='lat' dir='ltr'><strong>sic</strong></span> <span class='ocrx_word' id='word_1_196' title='bbox 2480 1843 2674 1902; x_wconf 87' lang='lat' dir='ltr'><strong>neque</strong></span> <span class='ocrx_word' id='word_1_197' title='bbox 2720 1824 2854 1886; x_wconf 83' lang='lat' dir='ltr'><strong>alia</strong></span> <span class='ocrx_word' id='word_1_198' title='bbox 2896 1824 3249 1886; x_wconf 81' lang='lat' dir='ltr'><strong>substantia</strong></span> <span class='ocrx_word' id='word_1_199' title='bbox 3291 1836 3380 1886; x_wconf 85' lang='lat' dir='ltr'><strong>est</strong></span> <span class='ocrx_word' id='word_1_200' title='bbox 3423 1825 3710 1903; x_wconf 84' lang='lat' dir='ltr'><strong>Spiritus</strong></span> <span class='ocrx_word' id='word_1_201' title='bbox 3756 1832 4019 1883; x_wconf 79' lang='lat' dir='ltr'><strong>sanctus</strong></span> 
     </span>
    </p>
   </div>
   <div class='ocr_carea' id='block_1_17' title="bbox 753 1923 4020 2012">
    <p class='ocr_par' dir='ltr' id='par_1_17' title="bbox 753 1923 4020 2012">
     <span class='ocr_line' id='line_1_17' title="bbox 753 1923 4020 2012; baseline -0.002 -20"><span class='ocrx_word' id='word_1_202' title='bbox 753 1944 989 2011; x_wconf 76' lang='lat' dir='ltr'><strong>praeter</strong></span> <span class='ocrx_word' id='word_1_203' title='bbox 1021 1933 1087 1993; x_wconf 83' lang='lat' dir='ltr'><strong>id</strong></span> <span class='ocrx_word' id='word_1_204' title='bbox 1119 1929 1284 2012; x_wconf 87' lang='lat' dir='ltr'><strong>quod</strong></span> <span class='ocrx_word' id='word_1_205' title='bbox 1316 1929 1504 1990; x_wconf 87' lang='lat' dir='ltr'><strong>datur</strong></span> <span class='ocrx_word' id='word_1_206' title='bbox 1536 1929 1595 1988; x_wconf 91' lang='lat' dir='ltr'><strong>ei</strong></span> <span class='ocrx_word' id='word_1_207' title='bbox 1630 1948 1668 1986; x_wconf 74' lang='grc' dir='ltr'><strong>α</strong></span> <span class='ocrx_word' id='word_1_208' title='bbox 1693 1928 1888 1988; x_wconf 84' lang='lat' dir='ltr'><strong>Filio.</strong></span> <span class='ocrx_word' id='word_1_209' title='bbox 1936 1927 2138 2006; x_wconf 78' lang='lat' dir='ltr'><strong>Igitur</strong></span> <span class='ocrx_word' id='word_1_210' title='bbox 2170 1923 2446 2005; x_wconf 85' lang='lat' dir='ltr'><strong>Spiritus</strong></span> <span class='ocrx_word' id='word_1_211' title='bbox 2477 1931 2734 1985; x_wconf 88' lang='lat' dir='ltr'><strong>sanctus</strong></span> <span class='ocrx_word' id='word_1_212' title='bbox 2777 1924 3008 2002; x_wconf 87' lang='lat' dir='ltr'><strong>accipit</strong></span> <span class='ocrx_word' id='word_1_213' title='bbox 3043 1924 3464 2006; x_wconf 82' lang='lat' dir='ltr'><strong>substantiam</strong></span> <span class='ocrx_word' id='word_1_214' title='bbox 3515 1942 3549 1986; x_wconf 90' lang='lat' dir='ltr'><strong>a</strong></span> <span class='ocrx_word' id='word_1_215' title='bbox 3584 1924 3748 1986; x_wconf 87' lang='lat' dir='ltr'><strong>Filio</strong></span> <span class='ocrx_word' id='word_1_216' title='bbox 3795 1944 3813 1985; x_wconf 87' lang='lat'><strong>:</strong></span> <span class='ocrx_word' id='word_1_217' title='bbox 3856 1939 4020 2002; x_wconf 76' lang='lat' dir='ltr'><strong>ergo</strong></span> 
     </span>
    </p>
   </div>
   <div class='ocr_carea' id='block_1_18' title="bbox 757 2032 1893 2110">
    <p class='ocr_par' dir='ltr' id='par_1_18' title="bbox 757 2032 1893 2110">
     <span class='ocr_line' id='line_1_18' title="bbox 757 2032 1893 2110; baseline -0.005 -13"><span class='ocrx_word' id='word_1_218' title='bbox 757 2037 837 2097; x_wconf 88' lang='lat' dir='ltr'><strong>ab</strong></span> <span class='ocrx_word' id='word_1_219' title='bbox 882 2053 957 2096; x_wconf 88' lang='lat' dir='ltr'><strong>eo</strong></span> <span class='ocrx_word' id='word_1_220' title='bbox 1011 2032 1529 2096; x_wconf 82' lang='lat' dir='ltr'><strong>substantialiter</strong></span> <span class='ocrx_word' id='word_1_221' title='bbox 1583 2032 1893 2110; x_wconf 90' lang='lat' dir='ltr'><strong>procedit.</strong></span> 
     </span>
    </p>
   </div>
   <div class='ocr_carea' id='block_1_19' title="bbox 838 2155 2479 2240">
    <p class='ocr_par' dir='ltr' id='par_1_19' title="bbox 838 2155 2479 2240">
     <span class='ocr_line' id='line_1_19' title="bbox 838 2155 2479 2240; baseline -0.002 -21"><span class='ocrx_word' id='word_1_222' title='bbox 838 2161 897 2220; x_wconf 69' lang='grc' dir='ltr'><strong>ιι.</strong></span> <span class='ocrx_word' id='word_1_223' title='bbox 935 2158 1216 2236; x_wconf 86' lang='lat' dir='ltr'><strong>Cyrillus</strong></span> <span class='ocrx_word' id='word_1_224' title='bbox 1276 2158 1773 2229; x_wconf 80' lang='lat' dir='ltr'><strong>Alexandrinus,</strong></span> <span class='ocrx_word' id='word_1_225' title='bbox 1812 2157 1923 2219; x_wconf 92' lang='lat' dir='ltr'><strong>lib.</strong></span> <span class='ocrx_word' id='word_1_226' title='bbox 1958 2176 2002 2230; x_wconf 83' lang='grc' dir='ltr'>ι,</span> <span class='ocrx_word' id='word_1_227' title='bbox 2045 2155 2379 2240; x_wconf 88' lang='lat' dir='ltr'><strong>De_adorat</strong></span> <span class='ocrx_word' id='word_1_228' title='bbox 2413 2198 2432 2229; x_wconf 95' lang='lat'><strong>,</strong></span> <span class='ocrx_word' id='word_1_229' title='bbox 2469 2159 2479 2175; x_wconf 95' lang='lat'>&#39;</span> 
     </span>
    </p>
   </div>
   <div class='ocr_carea' id='block_1_20' title="bbox 2375 2155 4016 2240">
    <p class='ocr_par' dir='ltr' id='par_1_20' title="bbox 2375 2155 4016 2229">
     <span class='ocr_line' id='line_1_20' title="bbox 2375 2155 4016 2229; baseline 0.001 -22"><span class='ocrx_word' id='word_1_230' title='bbox 2375 2165 2379 2207; x_wconf 83' lang='lat'><strong>.&#39;</strong></span> <span class='ocrx_word' id='word_1_231' title='bbox 2413 2198 2432 2229; x_wconf 73' lang='lat'><strong>,</strong></span> <span class='ocrx_word' id='word_1_232' title='bbox 2469 2157 2623 2209; x_wconf 74' lang='grc' dir='ltr'><strong>Ἔστι</strong></span> <span class='ocrx_word' id='word_1_233' title='bbox 2642 2156 2736 2209; x_wconf 83' lang='grc' dir='ltr'><strong>τοῦ</strong></span> <span class='ocrx_word' id='word_1_234' title='bbox 2762 2155 2922 2224; x_wconf 84' lang='grc' dir='ltr'><strong>Θεοῦ,</strong></span> <span class='ocrx_word' id='word_1_235' title='bbox 2948 2157 3068 2229; x_wconf 88' lang='lat' dir='ltr'><strong>ait,</strong></span> <span class='ocrx_word' id='word_1_236' title='bbox 3110 2158 3205 2211; x_wconf 81' lang='grc' dir='ltr'><strong>καὶ</strong></span> <span class='ocrx_word' id='word_1_237' title='bbox 3227 2158 3464 2229; x_wconf 76' lang='grc' dir='ltr'><strong>Πατρδς,</strong></span> <span class='ocrx_word' id='word_1_238' title='bbox 3505 2159 3599 2213; x_wconf 76' lang='grc' dir='ltr'><strong>καὶ</strong></span> <span class='ocrx_word' id='word_1_239' title='bbox 3635 2158 3743 2229; x_wconf 78' lang='grc' dir='ltr'><strong>μὴν</strong></span> <span class='ocrx_word' id='word_1_240' title='bbox 3771 2156 3865 2211; x_wconf 74' lang='grc' dir='ltr'><strong>καὶ</strong></span> <span class='ocrx_word' id='word_1_241' title='bbox 3912 2157 4016 2210; x_wconf 82' lang='grc' dir='ltr'><strong>τοῦ</strong></span> 
     </span>
    </p>
   </div>
   <div class='ocr_carea' id='block_1_21' title="bbox 758 2259 2399 2337">
    <p class='ocr_par' dir='ltr' id='par_1_21' title="bbox 758 2260 2399 2329">
     <span class='ocr_line' id='line_1_21' title="bbox 758 2260 2399 2329; baseline -0.004 -11"><span class='ocrx_word' id='word_1_242' title='bbox 758 2263 891 2318; x_wconf 79' lang='grc' dir='ltr'><strong>Υὶςῦ</strong></span> <span class='ocrx_word' id='word_1_243' title='bbox 912 2264 972 2316; x_wconf 75' lang='grc' dir='ltr'>τὸ</span> <span class='ocrx_word' id='word_1_244' title='bbox 999 2262 1272 2321; x_wconf 79' lang='grc' dir='ltr'><strong>οὐσιωδὼς</strong></span> <span class='ocrx_word' id='word_1_245' title='bbox 1312 2262 1372 2325; x_wconf 78' lang='grc' dir='ltr'>ἐξ</span> <span class='ocrx_word' id='word_1_246' title='bbox 1400 2263 1620 2329; x_wconf 72' lang='grc' dir='ltr'><strong>ἀμφοῖν,</strong></span> <span class='ocrx_word' id='word_1_247' title='bbox 1652 2262 1828 2315; x_wconf 68' lang='lat' dir='ltr'><strong>show</strong></span> <span class='ocrx_word' id='word_1_248' title='bbox 1857 2262 1919 2313; x_wconf 76' lang='grc' dir='ltr'><strong>ἐκ</strong></span> <span class='ocrx_word' id='word_1_249' title='bbox 1961 2261 2169 2329; x_wconf 71' lang='grc' dir='ltr'><strong>Πατρὸς</strong></span> <span class='ocrx_word' id='word_1_250' title='bbox 2196 2261 2266 2314; x_wconf 85' lang='grc' dir='ltr'><strong>δι’</strong></span> <span class='ocrx_word' id='word_1_251' title='bbox 2311 2260 2399 2312; x_wconf 72' lang='lat' dir='ltr'><strong>Tia</strong></span> 
     </span>
    </p>
   </div>
   <div class='ocr_carea' id='block_1_22' title="bbox 2370 2259 4011 2337">
    <p class='ocr_par' dir='ltr' id='par_1_22' title="bbox 2370 2259 4011 2337">
     <span class='ocr_line' id='line_1_22' title="bbox 2370 2259 4011 2337; baseline 0.005 -26"><span class='ocrx_word' id='word_1_252' title='bbox 2370 2261 2438 2312; x_wconf 65' lang='lat' dir='ltr'><strong>ei</strong></span> <span class='ocrx_word' id='word_1_253' title='bbox 2468 2261 2712 2329; x_wconf 81' lang='grc' dir='ltr'><strong>Πνεῦμα,</strong></span> <span class='ocrx_word' id='word_1_254' title='bbox 2749 2267 2842 2319; x_wconf 91' lang='lat' dir='ltr'><strong>est</strong></span> <span class='ocrx_word' id='word_1_255' title='bbox 2900 2279 2982 2321; x_wconf 79' lang='lat' dir='ltr'><strong>ea:</strong></span> <span class='ocrx_word' id='word_1_256' title='bbox 3029 2262 3185 2337; x_wconf 86' lang='lat' dir='ltr'><strong>Deo,</strong></span> <span class='ocrx_word' id='word_1_257' title='bbox 3228 2271 3289 2322; x_wconf 88' lang='lat' dir='ltr'><strong>et</strong></span> <span class='ocrx_word' id='word_1_258' title='bbox 3329 2263 3546 2335; x_wconf 84' lang='lat' dir='ltr'><strong>Patre,</strong></span> <span class='ocrx_word' id='word_1_259' title='bbox 3583 2273 3640 2321; x_wconf 89' lang='lat' dir='ltr'><strong>et</strong></span> <span class='ocrx_word' id='word_1_260' title='bbox 3663 2262 3833 2322; x_wconf 85' lang='lat' dir='ltr'><strong>Filio</strong></span> <span class='ocrx_word' id='word_1_261' title='bbox 3864 2259 4011 2333; x_wconf 74' lang='lat' dir='ltr'><strong>ille,</strong></span> 
     </span>
    </p>
   </div>
   <div class='ocr_carea' id='block_1_23' title="bbox 758 2360 4020 2441">
    <p class='ocr_par' dir='ltr' id='par_1_23' title="bbox 758 2360 4020 2441">
     <span class='ocr_line' id='line_1_23' title="bbox 758 2360 4020 2441; baseline -0 -18"><span class='ocrx_word' id='word_1_262' title='bbox 758 2365 867 2441; x_wconf 85' lang='lat' dir='ltr'><strong>qui</strong></span> <span class='ocrx_word' id='word_1_263' title='bbox 897 2361 1403 2422; x_wconf 86' lang='lat' dir='ltr'><strong>substantialiter</strong></span> <span class='ocrx_word' id='word_1_264' title='bbox 1438 2379 1517 2422; x_wconf 78' lang='lat' dir='ltr'><strong>ex</strong></span> <span class='ocrx_word' id='word_1_265' title='bbox 1550 2360 1866 2432; x_wconf 87' lang='lat' dir='ltr'><strong>ambobus,</strong></span> <span class='ocrx_word' id='word_1_266' title='bbox 1910 2379 2017 2421; x_wconf 89' lang='lat' dir='ltr'><strong>seu</strong></span> <span class='ocrx_word' id='word_1_267' title='bbox 2048 2380 2128 2420; x_wconf 77' lang='lat' dir='ltr'><strong>ea:</strong></span> <span class='ocrx_word' id='word_1_268' title='bbox 2156 2361 2347 2421; x_wconf 90' lang='lat' dir='ltr'><strong>Patre</strong></span> <span class='ocrx_word' id='word_1_269' title='bbox 2372 2379 2487 2440; x_wconf 87' lang='lat' dir='ltr'><strong>per</strong></span> <span class='ocrx_word' id='word_1_270' title='bbox 2517 2361 2756 2422; x_wconf 82' lang='lat' dir='ltr'><strong>Filium</strong></span> <span class='ocrx_word' id='word_1_271' title='bbox 2791 2361 3064 2441; x_wconf 76' lang='lat' dir='ltr'><strong>proﬂuit</strong></span> <span class='ocrx_word' id='word_1_272' title='bbox 3082 2363 3386 2440; x_wconf 80' lang='lat' dir='ltr'><strong>Spiritus.</strong></span> <span class='ocrx_word' id='word_1_273' title='bbox 3414 2366 3597 2424; x_wconf 80' lang='lat' dir='ltr'><strong>Anne</strong></span> <span class='ocrx_word' id='word_1_274' title='bbox 3627 2379 3781 2424; x_wconf 82' lang='lat' dir='ltr'><strong>vero</strong></span> <span class='ocrx_word' id='word_1_275' title='bbox 3810 2361 4020 2423; x_wconf 87' lang='lat' dir='ltr'><strong>istum</strong></span> 
     </span>
    </p>
   </div>
   <div class='ocr_carea' id='block_1_24' title="bbox 759 2449 4020 2545">
    <p class='ocr_par' dir='ltr' id='par_1_24' title="bbox 759 2449 4020 2545">
     <span class='ocr_line' id='line_1_24' title="bbox 759 2449 4020 2545; baseline 0.001 -25"><span class='ocrx_word' id='word_1_276' title='bbox 759 2449 1232 2523; x_wconf 79' lang='lat' dir='ltr'><strong>substantiatem</strong></span> <span class='ocrx_word' id='word_1_277' title='bbox 1294 2460 1570 2537; x_wconf 86' lang='lat' dir='ltr'><strong>Spiritus</strong></span> <span class='ocrx_word' id='word_1_278' title='bbox 1629 2460 1827 2520; x_wconf 84' lang='lat' dir='ltr'><strong>sancti</strong></span> <span class='ocrx_word' id='word_1_279' title='bbox 1890 2477 1968 2520; x_wconf 82' lang='lat' dir='ltr'><strong>ex</strong></span> <span class='ocrx_word' id='word_1_280' title='bbox 2031 2467 2303 2538; x_wconf 88' lang='lat' dir='ltr'><strong>utroque</strong></span> <span class='ocrx_word' id='word_1_281' title='bbox 2338 2460 2649 2538; x_wconf 71' lang='lat' dir='ltr'><strong>efﬂuxum</strong></span> <span class='ocrx_word' id='word_1_282' title='bbox 2675 2462 2756 2523; x_wconf 88' lang='lat' dir='ltr'><strong>de</strong></span> <span class='ocrx_word' id='word_1_283' title='bbox 2800 2464 3116 2524; x_wconf 82' lang='lat' dir='ltr'><strong>donorum</strong></span> <span class='ocrx_word' id='word_1_284' title='bbox 3145 2465 3316 2542; x_wconf 87' lang='lat' dir='ltr'><strong>ejus,</strong></span> <span class='ocrx_word' id='word_1_285' title='bbox 3343 2472 3535 2545; x_wconf 90' lang='lat' dir='ltr'><strong>atque</strong></span> <span class='ocrx_word' id='word_1_286' title='bbox 3566 2462 4020 2525; x_wconf 77' lang='lat' dir='ltr'><strong>charismatum</strong></span> 
     </span>
    </p>
   </div>
   <div class='ocr_carea' id='block_1_25' title="bbox 760 2558 4022 2644">
    <p class='ocr_par' dir='ltr' id='par_1_25' title="bbox 760 2558 4022 2644">
     <span class='ocr_line' id='line_1_25' title="bbox 760 2558 4022 2644; baseline -0.001 -18"><span class='ocrx_word' id='word_1_287' title='bbox 760 2565 1078 2626; x_wconf 75' lang='lat' dir='ltr'><strong>effusione</strong></span> <span class='ocrx_word' id='word_1_288' title='bbox 1119 2561 1708 2637; x_wconf 85' lang='lat' dir='ltr'><strong>interpretabantur</strong></span> <span class='ocrx_word' id='word_1_289' title='bbox 1742 2560 2029 2621; x_wconf 87' lang='lat' dir='ltr'><strong>Photiani</strong></span> <span class='ocrx_word' id='word_1_290' title='bbox 2052 2558 2082 2620; x_wconf 81' lang='grc' dir='ltr'><strong><em>τ</em></strong></span> <span class='ocrx_word' id='word_1_291' title='bbox 2113 2561 2234 2621; x_wconf 86' lang='lat' dir='ltr'><strong>Sed</strong></span> <span class='ocrx_word' id='word_1_292' title='bbox 2268 2560 2524 2622; x_wconf 85' lang='lat' dir='ltr'><strong>ridendi</strong></span> <span class='ocrx_word' id='word_1_293' title='bbox 2559 2568 2736 2637; x_wconf 85' lang='lat' dir='ltr'><strong>sunt,</strong></span> <span class='ocrx_word' id='word_1_294' title='bbox 2773 2577 2900 2623; x_wconf 89' lang='lat' dir='ltr'><strong>non</strong></span> <span class='ocrx_word' id='word_1_295' title='bbox 2931 2563 3330 2638; x_wconf 83' lang='lat' dir='ltr'><strong>confutandi,</strong></span> <span class='ocrx_word' id='word_1_296' title='bbox 3363 2565 3422 2627; x_wconf 96' lang='lat' dir='ltr'><strong>si</strong></span> <span class='ocrx_word' id='word_1_297' title='bbox 3472 2580 3551 2626; x_wconf 86' lang='lat' dir='ltr'><strong>eo</strong></span> <span class='ocrx_word' id='word_1_298' title='bbox 3582 2581 3794 2644; x_wconf 85' lang='lat' dir='ltr'><strong>usque</strong></span> <span class='ocrx_word' id='word_1_299' title='bbox 3837 2563 4022 2624; x_wconf 78' lang='lat' dir='ltr'><strong>insa-</strong></span> 
     </span>
    </p>
   </div>
   <div class='ocr_carea' id='block_1_26' title="bbox 761 2657 4014 2741">
    <p class='ocr_par' dir='ltr' id='par_1_26' title="bbox 761 2657 4014 2741">
     <span class='ocr_line' id='line_1_26' title="bbox 761 2657 4014 2741; baseline -0.002 -15"><span class='ocrx_word' id='word_1_300' title='bbox 761 2668 939 2727; x_wconf 83' lang='lat' dir='ltr'><strong>niant</strong></span> <span class='ocrx_word' id='word_1_301' title='bbox 975 2681 989 2724; x_wconf 89' lang='lat'>:</span> <span class='ocrx_word' id='word_1_302' title='bbox 1019 2663 1363 2741; x_wconf 75' lang='lat' dir='ltr'><strong>prmsertim</strong></span> <span class='ocrx_word' id='word_1_303' title='bbox 1397 2676 1542 2720; x_wconf 89' lang='lat' dir='ltr'><strong>cum</strong></span> <span class='ocrx_word' id='word_1_304' title='bbox 1581 2659 1747 2719; x_wconf 87' lang='lat' dir='ltr'><strong>idem</strong></span> <span class='ocrx_word' id='word_1_305' title='bbox 1784 2659 1847 2720; x_wconf 90' lang='lat' dir='ltr'><strong>in</strong></span> <span class='ocrx_word' id='word_1_306' title='bbox 1873 2659 2217 2720; x_wconf 81' lang='lat' dir='ltr'><strong>Comment.</strong></span> <span class='ocrx_word' id='word_1_307' title='bbox 2295 2659 2363 2719; x_wconf 89' lang='lat' dir='ltr'><strong>in</strong></span> <span class='ocrx_word' id='word_1_308' title='bbox 2390 2657 2555 2718; x_wconf 83' lang='lat' dir='ltr'><strong>Jo-el.</strong></span> <span class='ocrx_word' id='word_1_309' title='bbox 2591 2675 2732 2737; x_wconf 81' lang='lat' dir='ltr'><strong>cap.</strong></span> <span class='ocrx_word' id='word_1_310' title='bbox 2773 2677 2843 2732; x_wconf 80' lang='grc' dir='ltr'><strong>ιι,</strong></span> <span class='ocrx_word' id='word_1_311' title='bbox 2881 2660 3036 2721; x_wconf 86' lang='lat' dir='ltr'><strong>satis</strong></span> <span class='ocrx_word' id='word_1_312' title='bbox 3079 2662 3321 2724; x_wconf 87' lang='lat' dir='ltr'><strong>indicet</strong></span> <span class='ocrx_word' id='word_1_313' title='bbox 3365 2662 3675 2739; x_wconf 86' lang='lat' dir='ltr'><strong>Spiritum</strong></span> <span class='ocrx_word' id='word_1_314' title='bbox 3709 2666 4014 2724; x_wconf 77' lang='lat' dir='ltr'><strong>sanctmn</strong></span> 
     </span>
    </p>
   </div>
   <div class='ocr_carea' id='block_1_27' title="bbox 762 2758 4016 2836">
    <p class='ocr_par' dir='ltr' id='par_1_27' title="bbox 762 2758 4016 2836">
     <span class='ocr_line' id='line_1_27' title="bbox 762 2758 4016 2836; baseline -0.001 -7"><span class='ocrx_word' id='word_1_315' title='bbox 762 2768 988 2829; x_wconf 87' lang='lat' dir='ltr'><strong>eodem</strong></span> <span class='ocrx_word' id='word_1_316' title='bbox 1039 2764 1227 2823; x_wconf 88' lang='lat' dir='ltr'><strong>modo</strong></span> <span class='ocrx_word' id='word_1_317' title='bbox 1257 2777 1402 2822; x_wconf 86' lang='lat' dir='ltr'><strong>esse</strong></span> <span class='ocrx_word' id='word_1_318' title='bbox 1429 2776 1513 2820; x_wconf 77' lang='lat' dir='ltr'><strong>ex</strong></span> <span class='ocrx_word' id='word_1_319' title='bbox 1549 2759 1715 2818; x_wconf 82' lang='lat' dir='ltr'><strong>Filio</strong></span> <span class='ocrx_word' id='word_1_320' title='bbox 1754 2758 1946 2820; x_wconf 89' lang='lat' dir='ltr'><strong>sicuti</strong></span> <span class='ocrx_word' id='word_1_321' title='bbox 1997 2769 2094 2820; x_wconf 86' lang='lat' dir='ltr'><strong>est</strong></span> <span class='ocrx_word' id='word_1_322' title='bbox 2125 2761 2192 2821; x_wconf 83' lang='lat' dir='ltr'><strong>in</strong></span> <span class='ocrx_word' id='word_1_323' title='bbox 2240 2759 2408 2836; x_wconf 87' lang='lat' dir='ltr'><strong>ipso,</strong></span> <span class='ocrx_word' id='word_1_324' title='bbox 2450 2759 2570 2821; x_wconf 82' lang='lat' dir='ltr'><strong>hoc</strong></span> <span class='ocrx_word' id='word_1_325' title='bbox 2604 2769 2701 2821; x_wconf 86' lang='lat' dir='ltr'><strong>est</strong></span> <span class='ocrx_word' id='word_1_326' title='bbox 2729 2759 3240 2823; x_wconf 84' lang='lat' dir='ltr'><strong>substantialiter</strong></span> <span class='ocrx_word' id='word_1_327' title='bbox 3266 2783 3288 2822; x_wconf 91' lang='lat'><strong><em>:</em></strong></span> <span class='ocrx_word' id='word_1_328' title='bbox 3318 2760 3616 2824; x_wconf 76' lang='lat' dir='ltr'><strong>absolute</strong></span> <span class='ocrx_word' id='word_1_329' title='bbox 3648 2764 3824 2826; x_wconf 85' lang='lat' dir='ltr'><strong>enim</strong></span> <span class='ocrx_word' id='word_1_330' title='bbox 3861 2763 3957 2825; x_wconf 87' lang='lat' dir='ltr'><strong>ait</strong></span> <span class='ocrx_word' id='word_1_331' title='bbox 3997 2789 4016 2825; x_wconf 90' lang='lat'><strong>:</strong></span> 
     </span>
    </p>
   </div>
   <div class='ocr_carea' id='block_1_28' title="bbox 764 2856 2405 2945">
    <p class='ocr_par' dir='ltr' id='par_1_28' title="bbox 764 2856 2405 2931">
     <span class='ocr_line' id='line_1_28' title="bbox 764 2856 2405 2931; baseline -0.004 -13"><span class='ocrx_word' id='word_1_332' title='bbox 764 2866 934 2918; x_wconf 72' lang='grc' dir='ltr'><strong>ἰδιον</strong></span> <span class='ocrx_word' id='word_1_333' title='bbox 952 2860 1327 2931; x_wconf 59' lang='lat' dir='ltr'><strong>abici-(T106)</strong></span> <span class='ocrx_word' id='word_1_334' title='bbox 1355 2877 1438 2924; x_wconf 78' lang='grc' dir='ltr'><strong>τε,</strong></span> <span class='ocrx_word' id='word_1_335' title='bbox 1456 2859 1553 2912; x_wconf 74' lang='grc' dir='ltr'><strong>καὶ</strong></span> <span class='ocrx_word' id='word_1_336' title='bbox 1577 2860 1633 2912; x_wconf 68' lang='grc' dir='ltr'><strong>ἑν</strong></span> <span class='ocrx_word' id='word_1_337' title='bbox 1650 2856 1824 2928; x_wconf 68' lang='grc' dir='ltr'><strong>αὐτῷ,</strong></span> <span class='ocrx_word' id='word_1_338' title='bbox 1862 2861 1956 2912; x_wconf 66' lang='grc' dir='ltr'><strong>καὶ</strong></span> <span class='ocrx_word' id='word_1_339' title='bbox 1986 2857 2044 2924; x_wconf 71' lang='grc' dir='ltr'><strong>ἐξ</strong></span> <span class='ocrx_word' id='word_1_340' title='bbox 2066 2859 2230 2914; x_wconf 76' lang='grc' dir='ltr'><strong>αὑτοῦ</strong></span> <span class='ocrx_word' id='word_1_341' title='bbox 2256 2860 2318 2913; x_wconf 76' lang='grc' dir='ltr'><strong>τὺ</strong></span> <span class='ocrx_word' id='word_1_342' title='bbox 2347 2859 2405 2911; x_wconf 66' lang='grc' dir='ltr'><strong>ηε</strong></span> 
     </span>
    </p>
   </div>
   <div class='ocr_carea' id='block_1_29' title="bbox 2376 2856 4017 2945">
    <p class='ocr_par' dir='ltr' id='par_1_29' title="bbox 2376 2859 4017 2945">
     <span class='ocr_line' id='line_1_29' title="bbox 2376 2859 4017 2945; baseline 0.011 -34"><span class='ocrx_word' id='word_1_343' title='bbox 2376 2859 2576 2930; x_wconf 71' lang='grc' dir='ltr'><strong>πνεῦμά</strong></span> <span class='ocrx_word' id='word_1_344' title='bbox 2599 2859 2739 2925; x_wconf 68' lang='lat' dir='ltr'><strong>tm,</strong></span> <span class='ocrx_word' id='word_1_345' title='bbox 2777 2862 3086 2940; x_wconf 77' lang='lat' dir='ltr'><strong>proprius</strong></span> <span class='ocrx_word' id='word_1_346' title='bbox 3133 2870 3228 2922; x_wconf 85' lang='lat' dir='ltr'><strong>est</strong></span> <span class='ocrx_word' id='word_1_347' title='bbox 3253 2872 3312 2924; x_wconf 83' lang='lat' dir='ltr'><strong>et</strong></span> <span class='ocrx_word' id='word_1_348' title='bbox 3338 2862 3542 2942; x_wconf 78' lang='lat' dir='ltr'><strong>ipsius</strong></span> <span class='ocrx_word' id='word_1_349' title='bbox 3571 2861 3798 2945; x_wconf 81' lang='lat' dir='ltr'><strong>(Filii).</strong></span> <span class='ocrx_word' id='word_1_350' title='bbox 3842 2873 3905 2926; x_wconf 76' lang='lat' dir='ltr'><strong>et</strong></span> <span class='ocrx_word' id='word_1_351' title='bbox 3941 2865 4017 2928; x_wconf 74' lang='lat' dir='ltr'><strong>in</strong></span> 
     </span>
    </p>
   </div>
   <div class='ocr_carea' id='block_1_30' title="bbox 761 2958 4016 3041">
    <p class='ocr_par' dir='ltr' id='par_1_30' title="bbox 761 2958 4016 3041">
     <span class='ocr_line' id='line_1_30' title="bbox 761 2958 4016 3041; baseline 0.003 -22"><span class='ocrx_word' id='word_1_352' title='bbox 761 2969 927 3041; x_wconf 77' lang='lat' dir='ltr'><strong>ipso,</strong></span> <span class='ocrx_word' id='word_1_353' title='bbox 960 2969 1019 3021; x_wconf 81' lang='lat' dir='ltr'><strong>et</strong></span> <span class='ocrx_word' id='word_1_354' title='bbox 1047 2978 1130 3022; x_wconf 72' lang='lat' dir='ltr'><strong>es;</strong></span> <span class='ocrx_word' id='word_1_355' title='bbox 1170 2960 1310 3038; x_wconf 74' lang='lat' dir='ltr'><strong>ipso</strong></span> <span class='ocrx_word' id='word_1_356' title='bbox 1335 2969 1424 3019; x_wconf 86' lang='lat' dir='ltr'><strong>est</strong></span> <span class='ocrx_word' id='word_1_357' title='bbox 1451 2959 1759 3036; x_wconf 77' lang='lat' dir='ltr'><strong>Spiritus.</strong></span> <span class='ocrx_word' id='word_1_358' title='bbox 1783 2958 1908 3020; x_wconf 85' lang='lat' dir='ltr'><strong>Sed</strong></span> <span class='ocrx_word' id='word_1_359' title='bbox 1942 2960 2289 3038; x_wconf 78' lang='lat' dir='ltr'><strong>quomodo,</strong></span> <span class='ocrx_word' id='word_1_360' title='bbox 2331 2960 2701 3022; x_wconf 81' lang='lat' dir='ltr'><strong>beatissime</strong></span> <span class='ocrx_word' id='word_1_361' title='bbox 2735 2961 3001 3039; x_wconf 72' lang='lat' dir='ltr'><strong>Cyr-ille,</strong></span> <span class='ocrx_word' id='word_1_362' title='bbox 3030 2963 3312 3040; x_wconf 83' lang='lat' dir='ltr'><strong>Spiritus</strong></span> <span class='ocrx_word' id='word_1_363' title='bbox 3365 2973 3626 3027; x_wconf 86' lang='lat' dir='ltr'><strong>sanctus</strong></span> <span class='ocrx_word' id='word_1_364' title='bbox 3657 2975 3752 3027; x_wconf 88' lang='lat' dir='ltr'><strong>est</strong></span> <span class='ocrx_word' id='word_1_365' title='bbox 3788 2965 3855 3028; x_wconf 90' lang='lat' dir='ltr'><strong>in</strong></span> <span class='ocrx_word' id='word_1_366' title='bbox 3891 2966 4016 3028; x_wconf 82' lang='lat' dir='ltr'><strong>Fi-</strong></span> 
     </span>
    </p>
   </div>
   <div class='ocr_carea' id='block_1_31' title="bbox 765 3056 2406 3144">
    <p class='ocr_par' dir='ltr' id='par_1_31' title="bbox 765 3056 2406 3136">
     <span class='ocr_line' id='line_1_31' title="bbox 765 3056 2406 3136; baseline -0.005 -18"><span class='ocrx_word' id='word_1_367' title='bbox 765 3059 900 3122; x_wconf 78' lang='lat' dir='ltr'><strong>lio?</strong></span> <span class='ocrx_word' id='word_1_368' title='bbox 933 3065 1218 3131; x_wconf 68' lang='grc' dir='ltr'><strong>Καθάπερ.</strong></span> <span class='ocrx_word' id='word_1_369' title='bbox 1257 3059 1630 3136; x_wconf 71' lang='lat' dir='ltr'><strong>reSpOndet,</strong></span> <span class='ocrx_word' id='word_1_370' title='bbox 1662 3056 1858 3128; x_wconf 59' lang='grc' dir='ltr'><strong>ἀμέλει</strong></span> <span class='ocrx_word' id='word_1_371' title='bbox 1897 3060 1992 3113; x_wconf 72' lang='lat' dir='ltr'><strong>sta&quot;.</strong></span> <span class='ocrx_word' id='word_1_372' title='bbox 2022 3060 2109 3111; x_wconf 65' lang='grc' dir='ltr'><strong>ἔπ’</strong></span> <span class='ocrx_word' id='word_1_373' title='bbox 2142 3061 2311 3114; x_wconf 78' lang='grc' dir='ltr'><strong>αὐτοῦ</strong></span> <span class='ocrx_word' id='word_1_374' title='bbox 2341 3077 2406 3112; x_wconf 74' lang='grc' dir='ltr'><strong>να</strong></span> 
     </span>
    </p>
   </div>
   <div class='ocr_carea' id='block_1_32' title="bbox 2381 3056 4022 3144">
    <p class='ocr_par' dir='ltr' id='par_1_32' title="bbox 2381 3059 4022 3144">
     <span class='ocr_line' id='line_1_32' title="bbox 2381 3059 4022 3144; baseline 0.009 -32"><span class='ocrx_word' id='word_1_375' title='bbox 2381 3061 2543 3114; x_wconf 71' lang='lat' dir='ltr'><strong>uitat</strong></span> <span class='ocrx_word' id='word_1_376' title='bbox 2590 3059 2684 3114; x_wconf 80' lang='grc' dir='ltr'><strong>τοῦ</strong></span> <span class='ocrx_word' id='word_1_377' title='bbox 2717 3060 2854 3115; x_wconf 72' lang='lat' dir='ltr'><strong>Decii</strong></span> <span class='ocrx_word' id='word_1_378' title='bbox 2887 3061 2982 3114; x_wconf 77' lang='grc' dir='ltr'><strong>καὶ</strong></span> <span class='ocrx_word' id='word_1_379' title='bbox 3017 3064 3254 3134; x_wconf 75' lang='grc' dir='ltr'>Πατρός,</span> <span class='ocrx_word' id='word_1_380' title='bbox 3277 3065 3783 3144; x_wconf 75' lang='lat' dir='ltr'><strong>quemadmodum</strong></span> <span class='ocrx_word' id='word_1_381' title='bbox 3836 3069 4022 3131; x_wconf 70' lang='lat' dir='ltr'><strong>nide-</strong></span> 
     </span>
    </p>
   </div>
   <div class='ocr_carea' id='block_1_33' title="bbox 769 3157 4020 3246">
    <p class='ocr_par' dir='ltr' id='par_1_33' title="bbox 769 3157 4020 3246">
     <span class='ocr_line' id='line_1_33' title="bbox 769 3157 4020 3246; baseline 0.003 -25"><span class='ocrx_word' id='word_1_382' title='bbox 769 3161 914 3222; x_wconf 82' lang='lat' dir='ltr'><strong>licet</strong></span> <span class='ocrx_word' id='word_1_383' title='bbox 951 3163 1020 3220; x_wconf 86' lang='lat' dir='ltr'><strong>in</strong></span> <span class='ocrx_word' id='word_1_384' title='bbox 1066 3159 1206 3238; x_wconf 84' lang='lat' dir='ltr'><strong>ipso</strong></span> <span class='ocrx_word' id='word_1_385' title='bbox 1232 3157 1618 3236; x_wconf 74' lang='lat' dir='ltr'><strong>intelligitur</strong></span> <span class='ocrx_word' id='word_1_386' title='bbox 1649 3158 1778 3218; x_wconf 83' lang='lat' dir='ltr'><strong>Deo</strong></span> <span class='ocrx_word' id='word_1_387' title='bbox 1803 3175 1878 3218; x_wconf 80' lang='lat' dir='ltr'><strong>ac</strong></span> <span class='ocrx_word' id='word_1_388' title='bbox 1940 3157 2149 3220; x_wconf 81' lang='lat' dir='ltr'><strong>Patre.</strong></span> <span class='ocrx_word' id='word_1_389' title='bbox 2184 3158 2258 3220; x_wconf 80' lang='lat' dir='ltr'><strong>Et</strong></span> <span class='ocrx_word' id='word_1_390' title='bbox 2290 3157 2357 3221; x_wconf 85' lang='lat' dir='ltr'><strong>in</strong></span> <span class='ocrx_word' id='word_1_391' title='bbox 2387 3160 2813 3239; x_wconf 80' lang='lat' dir='ltr'><strong>responsione</strong></span> <span class='ocrx_word' id='word_1_392' title='bbox 2858 3163 2934 3225; x_wconf 89' lang='lat' dir='ltr'><strong>ad</strong></span> <span class='ocrx_word' id='word_1_393' title='bbox 2965 3163 3391 3228; x_wconf 76' lang='lat' dir='ltr'><strong>Orientalium</strong></span> <span class='ocrx_word' id='word_1_394' title='bbox 3422 3168 3693 3246; x_wconf 77' lang='lat' dir='ltr'><strong>objecta,</strong></span> <span class='ocrx_word' id='word_1_395' title='bbox 3716 3170 3796 3232; x_wconf 80' lang='lat' dir='ltr'><strong>ad</strong></span> <span class='ocrx_word' id='word_1_396' title='bbox 3831 3170 4020 3230; x_wconf 76' lang='lat' dir='ltr'><strong>Ana-</strong></span> 
     </span>
    </p>
   </div>
   <div class='ocr_carea' id='block_1_34' title="bbox 769 3257 2410 3342">
    <p class='ocr_par' dir='ltr' id='par_1_34' title="bbox 769 3257 2398 3337">
     <span class='ocr_line' id='line_1_34' title="bbox 769 3257 2398 3337; baseline -0.004 -17"><span class='ocrx_word' id='word_1_397' title='bbox 769 3261 1222 3322; x_wconf 80' lang='lat' dir='ltr'><strong>thematismum</strong></span> <span class='ocrx_word' id='word_1_398' title='bbox 1282 3260 1344 3330; x_wconf 86' lang='lat'><strong>9,</strong></span> <span class='ocrx_word' id='word_1_399' title='bbox 1401 3257 1635 3331; x_wconf 84' lang='lat' dir='ltr'><strong>Filius,</strong></span> <span class='ocrx_word' id='word_1_400' title='bbox 1687 3258 1922 3337; x_wconf 89' lang='lat' dir='ltr'><strong>inquit,</strong></span> <span class='ocrx_word' id='word_1_401' title='bbox 1967 3259 2101 3312; x_wconf 70' lang='grc' dir='ltr'><strong>ἴδιον</strong></span> <span class='ocrx_word' id='word_1_402' title='bbox 2160 3259 2303 3330; x_wconf 63' lang='grc' dir='ltr'><strong>ἔχων</strong></span> <span class='ocrx_word' id='word_1_403' title='bbox 2337 3260 2398 3313; x_wconf 76' lang='grc' dir='ltr'><strong>τὸ</strong></span> 
     </span>
    </p>
   </div>
   <div class='ocr_carea' id='block_1_35' title="bbox 2380 3257 4021 3342">
    <p class='ocr_par' dir='ltr' id='par_1_35' title="bbox 2380 3260 4021 3342">
     <span class='ocr_line' id='line_1_35' title="bbox 2380 3260 4021 3342; baseline 0.008 -29"><span class='ocrx_word' id='word_1_404' title='bbox 2380 3261 2398 3313; x_wconf 67' lang='lat'><strong>5</strong></span> <span class='ocrx_word' id='word_1_405' title='bbox 2444 3260 2503 3326; x_wconf 79' lang='grc' dir='ltr'><strong>ιε</strong></span> <span class='ocrx_word' id='word_1_406' title='bbox 2539 3261 2730 3326; x_wconf 73' lang='grc' dir='ltr'><strong>αὐτοῦ,</strong></span> <span class='ocrx_word' id='word_1_407' title='bbox 2762 3262 2857 3317; x_wconf 75' lang='grc' dir='ltr'><strong>καὶ</strong></span> <span class='ocrx_word' id='word_1_408' title='bbox 2898 3264 3177 3328; x_wconf 54' lang='lat' dir='ltr'><strong>etiam;</strong></span> <span class='ocrx_word' id='word_1_409' title='bbox 3232 3267 3554 3337; x_wconf 69' lang='grc' dir='ltr'><strong>ἐμπεφυκὸς</strong></span> <span class='ocrx_word' id='word_1_410' title='bbox 3599 3269 3750 3340; x_wconf 73' lang='grc' dir='ltr'><strong>αὐτῷ</strong></span> <span class='ocrx_word' id='word_1_411' title='bbox 3775 3268 4021 3342; x_wconf 69' lang='grc' dir='ltr'><strong>Πνεῦμα</strong></span> 
     </span>
    </p>
   </div>
   <div class='ocr_carea' id='block_1_36' title="bbox 768 3358 4020 3446">
    <p class='ocr_par' dir='ltr' id='par_1_36' title="bbox 768 3358 4020 3446">
     <span class='ocr_line' id='line_1_36' title="bbox 768 3358 4020 3446; baseline 0.005 -29"><span class='ocrx_word' id='word_1_412' title='bbox 768 3363 946 3430; x_wconf 69' lang='grc' dir='ltr'><strong>ἅγιον.</strong></span> <span class='ocrx_word' id='word_1_413' title='bbox 977 3361 1317 3440; x_wconf 80' lang='lat' dir='ltr'><strong>proprium</strong></span> <span class='ocrx_word' id='word_1_414' title='bbox 1341 3358 1523 3421; x_wconf 87' lang='lat' dir='ltr'><strong>habet</strong></span> <span class='ocrx_word' id='word_1_415' title='bbox 1561 3376 1722 3432; x_wconf 81' lang='lat' dir='ltr'><strong>eum,</strong></span> <span class='ocrx_word' id='word_1_416' title='bbox 1775 3359 1888 3436; x_wconf 86' lang='lat' dir='ltr'><strong>qui</strong></span> <span class='ocrx_word' id='word_1_417' title='bbox 1924 3377 2005 3418; x_wconf 71' lang='lat' dir='ltr'><strong>ex</strong></span> <span class='ocrx_word' id='word_1_418' title='bbox 2051 3361 2189 3436; x_wconf 86' lang='lat' dir='ltr'><strong>ipso</strong></span> <span class='ocrx_word' id='word_1_419' title='bbox 2231 3368 2346 3433; x_wconf 85' lang='lat' dir='ltr'><strong>est,</strong></span> <span class='ocrx_word' id='word_1_420' title='bbox 2389 3369 2451 3421; x_wconf 88' lang='lat' dir='ltr'><strong>et</strong></span> <span class='ocrx_word' id='word_1_421' title='bbox 2502 3360 3086 3425; x_wconf 80' lang='lat' dir='ltr'><strong>substantialiterei</strong></span> <span class='ocrx_word' id='word_1_422' title='bbox 3118 3366 3315 3439; x_wconf 74' lang='lat' dir='ltr'><strong>inest,</strong></span> <span class='ocrx_word' id='word_1_423' title='bbox 3354 3367 3668 3446; x_wconf 69' lang='lat' dir='ltr'><strong>Spiritum</strong></span> <span class='ocrx_word' id='word_1_424' title='bbox 3693 3379 4020 3434; x_wconf 66' lang='lat' dir='ltr'><strong>sanctus.</strong></span> 
     </span>
    </p>
   </div>
   <div class='ocr_carea' id='block_1_37' title="bbox 773 3458 2414 3539">
    <p class='ocr_par' dir='ltr' id='par_1_37' title="bbox 773 3458 2388 3525">
     <span class='ocr_line' id='line_1_37' title="bbox 773 3458 2388 3525; baseline -0.002 0"><span class='ocrx_word' id='word_1_425' title='bbox 773 3463 913 3525; x_wconf 87' lang='lat' dir='ltr'><strong>Pari</strong></span> <span class='ocrx_word' id='word_1_426' title='bbox 980 3461 1170 3521; x_wconf 86' lang='lat' dir='ltr'><strong>modo</strong></span> <span class='ocrx_word' id='word_1_427' title='bbox 1242 3458 1354 3520; x_wconf 93' lang='lat' dir='ltr'><strong>lib.</strong></span> <span class='ocrx_word' id='word_1_428' title='bbox 1404 3475 1601 3521; x_wconf 74' lang='lat' dir='ltr'><strong>xxxiv</strong></span> <span class='ocrx_word' id='word_1_429' title='bbox 1656 3459 1959 3519; x_wconf 83' lang='lat' dir='ltr'><strong>Thesauri</strong></span> <span class='ocrx_word' id='word_1_430' title='bbox 2020 3459 2102 3521; x_wconf 84' lang='lat' dir='ltr'><strong>de</strong></span> <span class='ocrx_word' id='word_1_431' title='bbox 2157 3460 2388 3522; x_wconf 84' lang='lat' dir='ltr'><strong>eodem</strong></span> 
     </span>
    </p>
   </div>
   <div class='ocr_carea' id='block_1_38' title="bbox 2386 3458 4027 3539">
    <p class='ocr_par' dir='ltr' id='par_1_38' title="bbox 2386 3462 4027 3539">
     <span class='ocr_line' id='line_1_38' title="bbox 2386 3462 4027 3539; baseline 0.004 -19"><span class='ocrx_word' id='word_1_432' title='bbox 2386 3497 2388 3520; x_wconf 59' lang='grc' dir='ltr'><strong>ι</strong></span> <span class='ocrx_word' id='word_1_433' title='bbox 2450 3462 2694 3539; x_wconf 81' lang='lat' dir='ltr'><strong>Spiritu</strong></span> <span class='ocrx_word' id='word_1_434' title='bbox 2750 3470 2971 3525; x_wconf 89' lang='lat' dir='ltr'><strong>sancto</strong></span> <span class='ocrx_word' id='word_1_435' title='bbox 3014 3465 3101 3526; x_wconf 86' lang='lat' dir='ltr'><strong>ait</strong></span> <span class='ocrx_word' id='word_1_436' title='bbox 3140 3487 3155 3526; x_wconf 91' lang='lat'><strong>:</strong></span> <span class='ocrx_word' id='word_1_437' title='bbox 3191 3465 3413 3534; x_wconf 79' lang='grc' dir='ltr'><strong>Πράιισι</strong></span> <span class='ocrx_word' id='word_1_438' title='bbox 3442 3465 3502 3520; x_wconf 70' lang='lat' dir='ltr'><strong>et</strong></span> <span class='ocrx_word' id='word_1_439' title='bbox 3553 3469 3619 3524; x_wconf 64' lang='lat' dir='ltr'><strong>tu</strong></span> <span class='ocrx_word' id='word_1_440' title='bbox 3659 3471 3873 3538; x_wconf 63' lang='grc' dir='ltr'><strong>πατρὸς</strong></span> <span class='ocrx_word' id='word_1_441' title='bbox 3912 3473 4027 3527; x_wconf 67' lang='grc' dir='ltr'><strong>καὶ</strong></span> 
     </span>
    </p>
   </div>
   <div class='ocr_carea' id='block_1_39' title="bbox 767 3555 4029 3644">
    <p class='ocr_par' dir='ltr' id='par_1_39' title="bbox 767 3555 4029 3644">
     <span class='ocr_line' id='line_1_39' title="bbox 767 3555 4029 3644; baseline 0.005 -26"><span class='ocrx_word' id='word_1_442' title='bbox 767 3563 924 3618; x_wconf 71' lang='grc' dir='ltr'><strong>τιοῦ.</strong></span> <span class='ocrx_word' id='word_1_443' title='bbox 959 3557 1378 3638; x_wconf 82' lang='lat' dir='ltr'><strong>Progreditur</strong></span> <span class='ocrx_word' id='word_1_444' title='bbox 1415 3565 1620 3616; x_wconf 84' lang='lat' dir='ltr'><strong>autem</strong></span> <span class='ocrx_word' id='word_1_445' title='bbox 1653 3575 1733 3618; x_wconf 72' lang='lat' dir='ltr'><strong>ea:</strong></span> <span class='ocrx_word' id='word_1_446' title='bbox 1765 3555 1954 3617; x_wconf 86' lang='lat' dir='ltr'><strong>Patre</strong></span> <span class='ocrx_word' id='word_1_447' title='bbox 1988 3566 2050 3617; x_wconf 89' lang='lat' dir='ltr'><strong>et</strong></span> <span class='ocrx_word' id='word_1_448' title='bbox 2102 3558 2313 3627; x_wconf 83' lang='lat' dir='ltr'><strong>Filio,-</strong></span> <span class='ocrx_word' id='word_1_449' title='bbox 2347 3565 2410 3620; x_wconf 89' lang='lat' dir='ltr'><strong>et</strong></span> <span class='ocrx_word' id='word_1_450' title='bbox 2443 3576 2525 3620; x_wconf 84' lang='lat' dir='ltr'><strong>ne</strong></span> <span class='ocrx_word' id='word_1_451' title='bbox 2555 3558 2703 3638; x_wconf 89' lang='lat' dir='ltr'><strong>quis</strong></span> <span class='ocrx_word' id='word_1_452' title='bbox 2733 3561 2813 3622; x_wconf 87' lang='lat' dir='ltr'><strong>de</strong></span> <span class='ocrx_word' id='word_1_453' title='bbox 2845 3562 3303 3640; x_wconf 78' lang='lat' dir='ltr'><strong>progressione</strong></span> <span class='ocrx_word' id='word_1_454' title='bbox 3348 3564 3697 3644; x_wconf 84' lang='lat' dir='ltr'><strong>temporali</strong></span> <span class='ocrx_word' id='word_1_455' title='bbox 3721 3567 3846 3631; x_wconf 84' lang='lat' dir='ltr'><strong>hoc</strong></span> <span class='ocrx_word' id='word_1_456' title='bbox 3900 3569 4029 3634; x_wconf 78' lang='lat' dir='ltr'><strong>in-</strong></span> 
     </span>
    </p>
   </div>
   <div class='ocr_carea' id='block_1_40' title="bbox 769 3653 2410 3741">
    <p class='ocr_par' dir='ltr' id='par_1_40' title="bbox 769 3653 2410 3741">
     <span class='ocr_line' id='line_1_40' title="bbox 769 3653 2410 3741; baseline -0.007 -17"><span class='ocrx_word' id='word_1_457' title='bbox 769 3663 1038 3741; x_wconf 73' lang='lat' dir='ltr'><strong>telligat,</strong></span> <span class='ocrx_word' id='word_1_458' title='bbox 1083 3658 1304 3721; x_wconf 86' lang='lat' dir='ltr'><strong>subdit</strong></span> <span class='ocrx_word' id='word_1_459' title='bbox 1332 3673 1482 3718; x_wconf 85' lang='lat' dir='ltr'><strong>eum</strong></span> <span class='ocrx_word' id='word_1_460' title='bbox 1505 3656 1607 3724; x_wconf 83' lang='grc' dir='ltr'><strong>τῆς</strong></span> <span class='ocrx_word' id='word_1_461' title='bbox 1636 3657 1791 3720; x_wconf 70' lang='grc' dir='ltr'>θείας</span> <span class='ocrx_word' id='word_1_462' title='bbox 1805 3653 1945 3710; x_wconf 71' lang='grc' dir='ltr'><strong>εἶναι</strong></span> <span class='ocrx_word' id='word_1_463' title='bbox 1974 3657 2186 3721; x_wconf 66' lang='grc' dir='ltr'><strong>οὐσίας.</strong></span> <span class='ocrx_word' id='word_1_464' title='bbox 2215 3658 2410 3712; x_wconf 63' lang='lat' dir='ltr'><strong>eeo-ma</strong></span> 
     </span>
    </p>
   </div>
   <div class='ocr_carea' id='block_1_41' title="bbox 2392 3653 4033 3741">
    <p class='ocr_par' dir='ltr' id='par_1_41' title="bbox 2392 3658 4033 3735">
     <span class='ocr_line' id='line_1_41' title="bbox 2392 3658 4033 3735; baseline 0.015 -25"><span class='ocrx_word' id='word_1_465' title='bbox 2392 3658 2488 3722; x_wconf 63' lang='lat' dir='ltr'><strong>ea;</strong></span> <span class='ocrx_word' id='word_1_466' title='bbox 2516 3661 2574 3712; x_wconf 76' lang='lat' dir='ltr'><strong>iv</strong></span> <span class='ocrx_word' id='word_1_467' title='bbox 2599 3659 2744 3730; x_wconf 64' lang='grc' dir='ltr'><strong>αὐτῇ</strong></span> <span class='ocrx_word' id='word_1_468' title='bbox 2761 3660 2858 3714; x_wconf 69' lang='lat' dir='ltr'><strong>ut</strong></span> <span class='ocrx_word' id='word_1_469' title='bbox 2875 3660 2944 3727; x_wconf 68' lang='grc' dir='ltr'><strong>εξ</strong></span> <span class='ocrx_word' id='word_1_470' title='bbox 2965 3663 3136 3733; x_wconf 67' lang='grc' dir='ltr'><strong>αὐτῆς</strong></span> <span class='ocrx_word' id='word_1_471' title='bbox 3162 3665 3373 3733; x_wconf 67' lang='grc' dir='ltr'><strong>πραῖύν.</strong></span> <span class='ocrx_word' id='word_1_472' title='bbox 3407 3666 3806 3728; x_wconf 60' lang='lat' dir='ltr'><strong>Diniam?!“</strong></span> <span class='ocrx_word' id='word_1_473' title='bbox 3863 3671 4033 3735; x_wconf 71' lang='lat' dir='ltr'><strong>ub—</strong></span> 
     </span>
    </p>
   </div>
   <div class='ocr_carea' id='block_1_42' title="bbox 771 3753 4036 3842">
    <p class='ocr_par' dir='ltr' id='par_1_42' title="bbox 771 3753 4036 3842">
     <span class='ocr_line' id='line_1_42' title="bbox 771 3753 4036 3842; baseline 0.004 -23"><span class='ocrx_word' id='word_1_474' title='bbox 771 3763 1043 3833; x_wconf 72' lang='lat' dir='ltr'><strong>stantia,</strong></span> <span class='ocrx_word' id='word_1_475' title='bbox 1081 3767 1150 3817; x_wconf 76' lang='lat' dir='ltr'><strong>in</strong></span> <span class='ocrx_word' id='word_1_476' title='bbox 1173 3758 1314 3834; x_wconf 81' lang='lat' dir='ltr'><strong>ipsa</strong></span> <span class='ocrx_word' id='word_1_477' title='bbox 1337 3764 1394 3815; x_wconf 84' lang='lat' dir='ltr'><strong>et</strong></span> <span class='ocrx_word' id='word_1_478' title='bbox 1417 3774 1493 3816; x_wconf 70' lang='lat' dir='ltr'><strong>ex</strong></span> <span class='ocrx_word' id='word_1_479' title='bbox 1518 3756 1660 3832; x_wconf 86' lang='lat' dir='ltr'><strong>ipsa</strong></span> <span class='ocrx_word' id='word_1_480' title='bbox 1677 3753 2184 3833; x_wconf 72' lang='lat' dir='ltr'><strong>progredientem</strong></span> <span class='ocrx_word' id='word_1_481' title='bbox 2211 3777 2230 3816; x_wconf 86' lang='lat'><strong><em>:</em></strong></span> <span class='ocrx_word' id='word_1_482' title='bbox 2261 3763 2332 3817; x_wconf 80' lang='lat' dir='ltr'><strong>ut</strong></span> <span class='ocrx_word' id='word_1_483' title='bbox 2363 3756 2633 3834; x_wconf 81' lang='lat' dir='ltr'><strong>perinde</strong></span> <span class='ocrx_word' id='word_1_484' title='bbox 2668 3757 2913 3835; x_wconf 74' lang='lat' dir='ltr'><strong>C&#39;yrilln</strong></span> <span class='ocrx_word' id='word_1_485' title='bbox 2944 3759 3029 3820; x_wconf 90' lang='lat' dir='ltr'><strong>sit</strong></span> <span class='ocrx_word' id='word_1_486' title='bbox 3054 3777 3200 3822; x_wconf 89' lang='lat' dir='ltr'><strong>esse</strong></span> <span class='ocrx_word' id='word_1_487' title='bbox 3258 3779 3335 3822; x_wconf 80' lang='lat' dir='ltr'><strong>ex</strong></span> <span class='ocrx_word' id='word_1_488' title='bbox 3365 3765 3548 3824; x_wconf 87' lang='lat' dir='ltr'><strong>Patre</strong></span> <span class='ocrx_word' id='word_1_489' title='bbox 3586 3772 3649 3826; x_wconf 90' lang='lat' dir='ltr'><strong>et</strong></span> <span class='ocrx_word' id='word_1_490' title='bbox 3700 3765 3886 3842; x_wconf 78' lang='lat' dir='ltr'><strong>Filio,</strong></span> <span class='ocrx_word' id='word_1_491' title='bbox 3946 3787 4036 3834; x_wconf 89' lang='lat' dir='ltr'><strong>ac</strong></span> 
     </span>
    </p>
   </div>
   <div class='ocr_carea' id='block_1_43' title="bbox 774 3855 4026 3942">
    <p class='ocr_par' dir='ltr' id='par_1_43' title="bbox 774 3855 4026 3942">
     <span class='ocr_line' id='line_1_43' title="bbox 774 3855 4026 3942; baseline 0.004 -21"><span class='ocrx_word' id='word_1_492' title='bbox 774 3881 851 3922; x_wconf 77' lang='lat' dir='ltr'><strong>ex</strong></span> <span class='ocrx_word' id='word_1_493' title='bbox 890 3859 1241 3921; x_wconf 84' lang='lat' dir='ltr'><strong>substantia</strong></span> <span class='ocrx_word' id='word_1_494' title='bbox 1286 3857 1488 3915; x_wconf 85' lang='lat' dir='ltr'><strong>Patris</strong></span> <span class='ocrx_word' id='word_1_495' title='bbox 1528 3864 1588 3916; x_wconf 91' lang='lat' dir='ltr'><strong>et</strong></span> <span class='ocrx_word' id='word_1_496' title='bbox 1622 3856 1792 3916; x_wconf 85' lang='lat' dir='ltr'><strong>Filii.</strong></span> <span class='ocrx_word' id='word_1_497' title='bbox 1823 3855 1977 3928; x_wconf 85' lang='lat' dir='ltr'><strong>Quis</strong></span> <span class='ocrx_word' id='word_1_498' title='bbox 2009 3863 2178 3917; x_wconf 71' lang='lat' dir='ltr'><strong>&#39;sanm</strong></span> <span class='ocrx_word' id='word_1_499' title='bbox 2215 3858 2452 3918; x_wconf 86' lang='lat' dir='ltr'><strong>mentis</strong></span> <span class='ocrx_word' id='word_1_500' title='bbox 2484 3859 2603 3919; x_wconf 83' lang='lat' dir='ltr'><strong>hoc</strong></span> <span class='ocrx_word' id='word_1_501' title='bbox 2655 3859 2734 3919; x_wconf 84' lang='lat' dir='ltr'><strong>ad</strong></span> <span class='ocrx_word' id='word_1_502' title='bbox 2772 3862 3220 3939; x_wconf 80' lang='lat' dir='ltr'><strong>temporariam</strong></span> <span class='ocrx_word' id='word_1_503' title='bbox 3272 3864 3550 3942; x_wconf 87' lang='lat' dir='ltr'><strong>Spiritus</strong></span> <span class='ocrx_word' id='word_1_504' title='bbox 3586 3868 3788 3927; x_wconf 84' lang='lat' dir='ltr'><strong>sancti</strong></span> <span class='ocrx_word' id='word_1_505' title='bbox 3838 3869 4026 3934; x_wconf 70' lang='lat' dir='ltr'><strong>etfu-</strong></span> 
     </span>
    </p>
   </div>
   <div class='ocr_carea' id='block_1_44' title="bbox 773 3957 2414 4037">
    <p class='ocr_par' dir='ltr' id='par_1_44' title="bbox 773 3957 2414 4037">
     <span class='ocr_line' id='line_1_44' title="bbox 773 3957 2414 4037; baseline -0.001 -15"><span class='ocrx_word' id='word_1_506' title='bbox 773 3961 1023 4023; x_wconf 86' lang='lat' dir='ltr'><strong>sionem</strong></span> <span class='ocrx_word' id='word_1_507' title='bbox 1079 3961 1279 4020; x_wconf 87' lang='lat' dir='ltr'><strong>trahat</strong></span> <span class='ocrx_word' id='word_1_508' title='bbox 1310 3963 1337 4018; x_wconf 75' lang='lat'><strong>7</strong></span> <span class='ocrx_word' id='word_1_509' title='bbox 1365 3960 1482 4018; x_wconf 90' lang='lat' dir='ltr'><strong>Par</strong></span> <span class='ocrx_word' id='word_1_510' title='bbox 1537 3957 1686 4017; x_wconf 83' lang='lat' dir='ltr'><strong>huic</strong></span> <span class='ocrx_word' id='word_1_511' title='bbox 1719 3965 1817 4018; x_wconf 86' lang='lat' dir='ltr'><strong>est</strong></span> <span class='ocrx_word' id='word_1_512' title='bbox 1865 3959 2039 4037; x_wconf 88' lang='lat' dir='ltr'><strong>quod</strong></span> <span class='ocrx_word' id='word_1_513' title='bbox 2074 3958 2299 4019; x_wconf 89' lang='lat' dir='ltr'><strong>eodem</strong></span> <span class='ocrx_word' id='word_1_514' title='bbox 2330 3958 2414 4020; x_wconf 85' lang='lat' dir='ltr'><strong>lib</strong></span> 
     </span>
    </p>
   </div>
   <div class='ocr_carea' id='block_1_45' title="bbox 2392 3957 4033 4037">
    <p class='ocr_par' dir='ltr' id='par_1_45' title="bbox 2392 3961 4033 4037">
     <span class='ocr_line' id='line_1_45' title="bbox 2392 3961 4033 4037; baseline -0.001 -18"><span class='ocrx_word' id='word_1_515' title='bbox 2392 3961 2497 4022; x_wconf 89' lang='lat' dir='ltr'><strong>bro</strong></span> <span class='ocrx_word' id='word_1_516' title='bbox 2527 3961 2615 4021; x_wconf 90' lang='lat' dir='ltr'><strong>ait</strong></span> <span class='ocrx_word' id='word_1_517' title='bbox 2653 3981 2669 4017; x_wconf 87' lang='lat'><strong>:</strong></span> <span class='ocrx_word' id='word_1_518' title='bbox 2721 3961 2810 4014; x_wconf 81' lang='grc' dir='ltr'><strong>Ἔν</strong></span> <span class='ocrx_word' id='word_1_519' title='bbox 2839 3962 2990 4032; x_wconf 79' lang='grc' dir='ltr'><strong>αὐτῷ</strong></span> <span class='ocrx_word' id='word_1_520' title='bbox 3019 3963 3284 4034; x_wconf 81' lang='grc' dir='ltr'><strong>(Χριστῳ)</strong></span> <span class='ocrx_word' id='word_1_521' title='bbox 3321 3966 3412 4016; x_wconf 81' lang='grc' dir='ltr'><strong>καὶ</strong></span> <span class='ocrx_word' id='word_1_522' title='bbox 3456 3963 3516 4031; x_wconf 77' lang='grc' dir='ltr'><strong>ἐξ</strong></span> <span class='ocrx_word' id='word_1_523' title='bbox 3560 3967 3727 4021; x_wconf 82' lang='grc' dir='ltr'><strong>αὑτοῦ</strong></span> <span class='ocrx_word' id='word_1_524' title='bbox 3768 3971 4033 4037; x_wconf 77' lang='grc' dir='ltr'><strong>φυσικῶς</strong></span> 
     </span>
    </p>
   </div>
   <div class='ocr_carea' id='block_1_46' title="bbox 772 4057 4038 4152">
    <p class='ocr_par' dir='ltr' id='par_1_46' title="bbox 772 4057 4038 4152">
     <span class='ocr_line' id='line_1_46' title="bbox 772 4057 4038 4152; baseline 0.007 -39"><span class='ocrx_word' id='word_1_525' title='bbox 772 4062 1013 4131; x_wconf 65' lang='lat' dir='ltr'><strong>enapxo»</strong></span> <span class='ocrx_word' id='word_1_526' title='bbox 1039 4060 1098 4111; x_wconf 82' lang='grc' dir='ltr'><strong>τὸ</strong></span> <span class='ocrx_word' id='word_1_527' title='bbox 1137 4058 1376 4126; x_wconf 81' lang='grc' dir='ltr'><strong>Πνεῦμα,</strong></span> <span class='ocrx_word' id='word_1_528' title='bbox 1403 4059 1471 4117; x_wconf 81' lang='lat' dir='ltr'><strong>in</strong></span> <span class='ocrx_word' id='word_1_529' title='bbox 1500 4058 1638 4135; x_wconf 87' lang='lat' dir='ltr'><strong>ipso</strong></span> <span class='ocrx_word' id='word_1_530' title='bbox 1672 4057 1968 4136; x_wconf 81' lang='lat' dir='ltr'><strong>(Christo)</strong></span> <span class='ocrx_word' id='word_1_531' title='bbox 1993 4066 2052 4119; x_wconf 90' lang='lat' dir='ltr'><strong>et</strong></span> <span class='ocrx_word' id='word_1_532' title='bbox 2073 4076 2153 4117; x_wconf 77' lang='lat' dir='ltr'><strong>ea:</strong></span> <span class='ocrx_word' id='word_1_533' title='bbox 2182 4060 2319 4134; x_wconf 89' lang='lat' dir='ltr'><strong>ipso</strong></span> <span class='ocrx_word' id='word_1_534' title='bbox 2345 4063 2727 4123; x_wconf 80' lang='lat' dir='ltr'><strong>naturaliter</strong></span> <span class='ocrx_word' id='word_1_535' title='bbox 2757 4066 3008 4125; x_wconf 71' lang='lat' dir='ltr'><strong>exsistit</strong></span> <span class='ocrx_word' id='word_1_536' title='bbox 3037 4066 3319 4143; x_wconf 83' lang='lat' dir='ltr'><strong>Spiritus</strong></span> <span class='ocrx_word' id='word_1_537' title='bbox 3345 4079 3642 4139; x_wconf 85' lang='lat' dir='ltr'><strong>sanctus;</strong></span> <span class='ocrx_word' id='word_1_538' title='bbox 3667 4085 3726 4134; x_wconf 91' lang='lat' dir='ltr'><strong>et</strong></span> <span class='ocrx_word' id='word_1_539' title='bbox 3758 4094 3772 4130; x_wconf 91' lang='lat'><strong>:</strong></span> <span class='ocrx_word' id='word_1_540' title='bbox 3817 4084 4038 4152; x_wconf 79' lang='grc' dir='ltr'><strong>Ἀνάγ-</strong></span> 
     </span>
    </p>
   </div>
   <div class='ocr_carea' id='block_1_47' title="bbox 770 4165 4038 4256">
    <p class='ocr_par' dir='ltr' id='par_1_47' title="bbox 770 4165 4038 4256">
     <span class='ocr_line' id='line_1_47' title="bbox 770 4165 4038 4256; baseline 0.004 -34"><span class='ocrx_word' id='word_1_541' title='bbox 770 4187 840 4238; x_wconf 85' lang='grc' dir='ltr'><strong>κη</strong></span> <span class='ocrx_word' id='word_1_542' title='bbox 884 4171 944 4221; x_wconf 64' lang='grc' dir='ltr'><strong>τὸ</strong></span> <span class='ocrx_word' id='word_1_543' title='bbox 994 4167 1217 4238; x_wconf 71' lang='grc' dir='ltr'>Πνεῦμα</span> <span class='ocrx_word' id='word_1_544' title='bbox 1250 4167 1347 4236; x_wconf 83' lang='grc' dir='ltr'><strong>τῆς</strong></span> <span class='ocrx_word' id='word_1_545' title='bbox 1386 4167 1574 4229; x_wconf 76' lang='grc' dir='ltr'><strong>οὐσίας</strong></span> <span class='ocrx_word' id='word_1_546' title='bbox 1608 4167 1894 4235; x_wconf 77' lang='grc' dir='ltr'><strong>ὁμολογεῖν</strong></span> <span class='ocrx_word' id='word_1_547' title='bbox 1927 4167 2022 4220; x_wconf 82' lang='grc' dir='ltr'><strong>τοῦ</strong></span> <span class='ocrx_word' id='word_1_548' title='bbox 2085 4165 2243 4230; x_wconf 82' lang='grc' dir='ltr'><strong>Υιοῦ,</strong></span> <span class='ocrx_word' id='word_1_549' title='bbox 2273 4169 2348 4231; x_wconf 80' lang='grc' dir='ltr'><strong>ὡς</strong></span> <span class='ocrx_word' id='word_1_550' title='bbox 2378 4169 2487 4239; x_wconf 79' lang='grc' dir='ltr'><strong>γὰρ</strong></span> <span class='ocrx_word' id='word_1_551' title='bbox 2534 4170 2592 4236; x_wconf 71' lang='grc' dir='ltr'><strong>ἐξ</strong></span> <span class='ocrx_word' id='word_1_552' title='bbox 2624 4172 2788 4225; x_wconf 76' lang='grc' dir='ltr'><strong>αὑτοῦ</strong></span> <span class='ocrx_word' id='word_1_553' title='bbox 2831 4173 2972 4226; x_wconf 81' lang='grc' dir='ltr'><strong>κατὰ</strong></span> <span class='ocrx_word' id='word_1_554' title='bbox 3004 4175 3166 4242; x_wconf 80' lang='grc' dir='ltr'><strong>φύσιν</strong></span> <span class='ocrx_word' id='word_1_555' title='bbox 3193 4176 3457 4246; x_wconf 80' lang='grc' dir='ltr'><strong>ὑπάρχον,</strong></span> <span class='ocrx_word' id='word_1_556' title='bbox 3490 4190 3732 4232; x_wconf 88' lang='lat' dir='ltr'><strong>necesse</strong></span> <span class='ocrx_word' id='word_1_557' title='bbox 3785 4185 3873 4234; x_wconf 86' lang='lat' dir='ltr'><strong>est</strong></span> <span class='ocrx_word' id='word_1_558' title='bbox 3916 4178 4038 4256; x_wconf 76' lang='lat' dir='ltr'><strong>fa-</strong></span> 
     </span>
    </p>
   </div>
   <div class='ocr_carea' id='block_1_48' title="bbox 772 4259 4040 4346">
    <p class='ocr_par' dir='ltr' id='par_1_48' title="bbox 772 4259 4040 4346">
     <span class='ocr_line' id='line_1_48' title="bbox 772 4259 4040 4346; baseline 0.004 -22"><span class='ocrx_word' id='word_1_559' title='bbox 772 4263 895 4324; x_wconf 82' lang='lat' dir='ltr'><strong>teri</strong></span> <span class='ocrx_word' id='word_1_560' title='bbox 937 4262 1248 4340; x_wconf 86' lang='lat' dir='ltr'><strong>Spiritum</strong></span> <span class='ocrx_word' id='word_1_561' title='bbox 1274 4259 1712 4318; x_wconf 84' lang='lat' dir='ltr'><strong>sanctum&#39;esse</strong></span> <span class='ocrx_word' id='word_1_562' title='bbox 1753 4259 2019 4339; x_wconf 85' lang='lat' dir='ltr'><strong>ejusdem</strong></span> <span class='ocrx_word' id='word_1_563' title='bbox 2049 4280 2186 4320; x_wconf 90' lang='lat' dir='ltr'><strong>cum</strong></span> <span class='ocrx_word' id='word_1_564' title='bbox 2210 4262 2378 4322; x_wconf 84' lang='lat' dir='ltr'><strong>Filio</strong></span> <span class='ocrx_word' id='word_1_565' title='bbox 2415 4262 2783 4324; x_wconf 79' lang='lat' dir='ltr'><strong>substantia:</strong></span> <span class='ocrx_word' id='word_1_566' title='bbox 2808 4287 2826 4326; x_wconf 90' lang='lat'><strong><em>:</em></strong></span> <span class='ocrx_word' id='word_1_567' title='bbox 2854 4285 2998 4326; x_wconf 87' lang='lat' dir='ltr'><strong>nam</strong></span> <span class='ocrx_word' id='word_1_568' title='bbox 3027 4277 3098 4326; x_wconf 90' lang='lat' dir='ltr'><strong>ut</strong></span> <span class='ocrx_word' id='word_1_569' title='bbox 3152 4286 3230 4326; x_wconf 76' lang='lat' dir='ltr'><strong>ea:</strong></span> <span class='ocrx_word' id='word_1_570' title='bbox 3257 4271 3396 4346; x_wconf 87' lang='lat' dir='ltr'><strong>ipso</strong></span> <span class='ocrx_word' id='word_1_571' title='bbox 3426 4274 3809 4334; x_wconf 82' lang='lat' dir='ltr'><strong>naturaliter</strong></span> <span class='ocrx_word' id='word_1_572' title='bbox 3843 4280 4040 4339; x_wconf 73' lang='lat' dir='ltr'><strong>exsi-</strong></span> 
     </span>
    </p>
   </div>
   <div class='ocr_carea' id='block_1_49' title="bbox 771 4359 4038 4442">
    <p class='ocr_par' dir='ltr' id='par_1_49' title="bbox 771 4359 4038 4442">
     <span class='ocr_line' id='line_1_49' title="bbox 771 4359 4038 4442; baseline 0.005 -19"><span class='ocrx_word' id='word_1_573' title='bbox 771 4376 964 4437; x_wconf 85' lang='lat' dir='ltr'><strong>stens,</strong></span> <span class='ocrx_word' id='word_1_574' title='bbox 998 4371 1118 4423; x_wconf 89' lang='lat' dir='ltr'><strong>etc.</strong></span> <span class='ocrx_word' id='word_1_575' title='bbox 1156 4361 1236 4440; x_wconf 90' lang='lat' dir='ltr'><strong>(a)</strong></span> <span class='ocrx_word' id='word_1_576' title='bbox 1269 4360 1515 4420; x_wconf 88' lang='lat' dir='ltr'><strong>Similia</strong></span> <span class='ocrx_word' id='word_1_577' title='bbox 1542 4359 1722 4421; x_wconf 88' lang='lat' dir='ltr'><strong>habet</strong></span> <span class='ocrx_word' id='word_1_578' title='bbox 1761 4361 2015 4440; x_wconf 80' lang='lat' dir='ltr'><strong>dialogo</strong></span> <span class='ocrx_word' id='word_1_579' title='bbox 2040 4380 2084 4434; x_wconf 88' lang='grc' dir='ltr'>ι,</span> <span class='ocrx_word' id='word_1_580' title='bbox 2123 4364 2404 4424; x_wconf 84' lang='lat' dir='ltr'><strong>DeTrin.</strong></span> <span class='ocrx_word' id='word_1_581' title='bbox 2441 4366 2515 4423; x_wconf 91' lang='lat' dir='ltr'><strong>Et</strong></span> <span class='ocrx_word' id='word_1_582' title='bbox 2547 4364 2612 4424; x_wconf 88' lang='lat' dir='ltr'><strong>in</strong></span> <span class='ocrx_word' id='word_1_583' title='bbox 2648 4365 2985 4428; x_wconf 80' lang='lat' dir='ltr'><strong>Comment.</strong></span> <span class='ocrx_word' id='word_1_584' title='bbox 3030 4369 3096 4427; x_wconf 89' lang='lat' dir='ltr'><strong>in</strong></span> <span class='ocrx_word' id='word_1_585' title='bbox 3123 4368 3429 4429; x_wconf 86' lang='lat' dir='ltr'><strong>Joannem</strong></span> <span class='ocrx_word' id='word_1_586' title='bbox 3449 4379 3556 4442; x_wconf 78' lang='lat' dir='ltr'><strong>ait,</strong></span> <span class='ocrx_word' id='word_1_587' title='bbox 3593 4390 3744 4435; x_wconf 85' lang='lat' dir='ltr'><strong>eum</strong></span> <span class='ocrx_word' id='word_1_588' title='bbox 3779 4393 3812 4438; x_wconf 91' lang='lat' dir='ltr'><strong>a</strong></span> <span class='ocrx_word' id='word_1_589' title='bbox 3842 4378 4038 4441; x_wconf 87' lang='lat' dir='ltr'><strong>Filio</strong></span> 
     </span>
    </p>
   </div>
   <div class='ocr_carea' id='block_1_50' title="bbox 771 4459 2412 4556">
    <p class='ocr_par' dir='ltr' id='par_1_50' title="bbox 771 4459 2412 4534">
     <span class='ocr_line' id='line_1_50' title="bbox 771 4459 2412 4534; baseline -0.001 -12"><span class='ocrx_word' id='word_1_590' title='bbox 771 4464 916 4522; x_wconf 78' lang='grc' dir='ltr'><strong>κατὰ</strong></span> <span class='ocrx_word' id='word_1_591' title='bbox 943 4463 1102 4532; x_wconf 67' lang='grc' dir='ltr'><strong>φύσιν</strong></span> <span class='ocrx_word' id='word_1_592' title='bbox 1134 4459 1475 4530; x_wconf 75' lang='grc' dir='ltr'><strong>προχεῖσθαι,</strong></span> <span class='ocrx_word' id='word_1_593' title='bbox 1505 4461 1844 4519; x_wconf 85' lang='lat' dir='ltr'><strong>secundum</strong></span> <span class='ocrx_word' id='word_1_594' title='bbox 1878 4476 2193 4534; x_wconf 85' lang='lat' dir='ltr'><strong>naturam,</strong></span> <span class='ocrx_word' id='word_1_595' title='bbox 2236 4478 2350 4525; x_wconf 90' lang='lat' dir='ltr'><strong>seu</strong></span> <span class='ocrx_word' id='word_1_596' title='bbox 2382 4480 2412 4520; x_wconf 70' lang='grc' dir='ltr'><strong><em>ππ</em></strong></span> 
     </span>
    </p>
   </div>
   <div class='ocr_carea' id='block_1_51' title="bbox 2398 4459 4039 4556">
    <p class='ocr_par' dir='ltr' id='par_1_51' title="bbox 2398 4464 4039 4556">
     <span class='ocr_line' id='line_1_51' title="bbox 2398 4464 4039 4556; baseline 0.013 -34"><span class='ocrx_word' id='word_1_597' title='bbox 2398 4464 2768 4524; x_wconf 70' lang='lat' dir='ltr'><strong>naturaliter</strong></span> <span class='ocrx_word' id='word_1_598' title='bbox 2791 4465 3127 4546; x_wconf 81' lang='lat' dir='ltr'><strong>pro/undi.</strong></span> <span class='ocrx_word' id='word_1_599' title='bbox 3178 4469 3477 4548; x_wconf 88' lang='lat' dir='ltr'><strong>Denique</strong></span> <span class='ocrx_word' id='word_1_600' title='bbox 3511 4480 3578 4533; x_wconf 88' lang='lat' dir='ltr'><strong>ut</strong></span> <span class='ocrx_word' id='word_1_601' title='bbox 3607 4483 3830 4538; x_wconf 58' lang='lat' dir='ltr'><strong>cratera</strong></span> <span class='ocrx_word' id='word_1_602' title='bbox 3868 4496 4039 4556; x_wconf 68' lang='lat' dir='ltr'><strong>quae</strong></span> 
     </span>
    </p>
   </div>
   <div class='ocr_carea' id='block_1_52' title="bbox 774 4564 4039 4658">
    <p class='ocr_par' dir='ltr' id='par_1_52' title="bbox 774 4564 4039 4658">
     <span class='ocr_line' id='line_1_52' title="bbox 774 4564 4039 4658; baseline 0.003 -26"><span class='ocrx_word' id='word_1_603' title='bbox 774 4569 970 4633; x_wconf 90' lang='lat' dir='ltr'><strong>multa</strong></span> <span class='ocrx_word' id='word_1_604' title='bbox 1026 4573 1201 4636; x_wconf 84' lang='lat' dir='ltr'><strong>sunt,</strong></span> <span class='ocrx_word' id='word_1_605' title='bbox 1266 4564 1633 4623; x_wconf 89' lang='lat' dir='ltr'><strong>testimonia</strong></span> <span class='ocrx_word' id='word_1_606' title='bbox 1668 4572 2064 4639; x_wconf 63' lang='lat' dir='ltr'><strong>praeteream,</strong></span> <span class='ocrx_word' id='word_1_607' title='bbox 2117 4569 2623 4644; x_wconf 88' lang='lat' dir='ltr'><strong>peremptorium</strong></span> <span class='ocrx_word' id='word_1_608' title='bbox 2684 4572 2938 4633; x_wconf 86' lang='lat' dir='ltr'><strong>videtur</strong></span> <span class='ocrx_word' id='word_1_609' title='bbox 2978 4591 3120 4636; x_wconf 90' lang='lat' dir='ltr'><strong>esse</strong></span> <span class='ocrx_word' id='word_1_610' title='bbox 3161 4576 3322 4638; x_wconf 90' lang='lat' dir='ltr'><strong>illud</strong></span> <span class='ocrx_word' id='word_1_611' title='bbox 3378 4581 3551 4658; x_wconf 91' lang='lat' dir='ltr'><strong>quod</strong></span> <span class='ocrx_word' id='word_1_612' title='bbox 3595 4580 3786 4642; x_wconf 84' lang='lat' dir='ltr'><strong>habet</strong></span> <span class='ocrx_word' id='word_1_613' title='bbox 3827 4581 4039 4642; x_wconf 85' lang='lat' dir='ltr'><strong>Com-</strong></span> 
     </span>
    </p>
   </div>
   <div class='ocr_carea' id='block_1_53' title="bbox 773 4665 2414 4753">
    <p class='ocr_par' dir='ltr' id='par_1_53' title="bbox 773 4665 2414 4745">
     <span class='ocr_line' id='line_1_53' title="bbox 773 4665 2414 4745; baseline -0.001 -15"><span class='ocrx_word' id='word_1_614' title='bbox 773 4677 960 4730; x_wconf 89' lang='lat' dir='ltr'><strong>ment.</strong></span> <span class='ocrx_word' id='word_1_615' title='bbox 1004 4665 1114 4724; x_wconf 89' lang='lat' dir='ltr'><strong>lib.</strong></span> <span class='ocrx_word' id='word_1_616' title='bbox 1145 4681 1204 4735; x_wconf 79' lang='grc' dir='ltr'>ι,</span> <span class='ocrx_word' id='word_1_617' title='bbox 1238 4666 1305 4722; x_wconf 91' lang='lat' dir='ltr'><strong>in</strong></span> <span class='ocrx_word' id='word_1_618' title='bbox 1335 4665 1661 4734; x_wconf 86' lang='lat' dir='ltr'><strong>Joannem,</strong></span> <span class='ocrx_word' id='word_1_619' title='bbox 1700 4667 1809 4727; x_wconf 90' lang='lat' dir='ltr'><strong>ubi</strong></span> <span class='ocrx_word' id='word_1_620' title='bbox 1847 4673 2182 4745; x_wconf 89' lang='lat' dir='ltr'><strong>postquam</strong></span> <span class='ocrx_word' id='word_1_621' title='bbox 2215 4669 2380 4730; x_wconf 79' lang='lat' dir='ltr'><strong>dixit</strong></span> <span class='ocrx_word' id='word_1_622' title='bbox 2411 4700 2414 4720; x_wconf 81' lang='grc'>‹</span> 
     </span>
    </p>
   </div>
   <div class='ocr_carea' id='block_1_54' title="bbox 2404 4665 4045 4753">
    <p class='ocr_par' dir='ltr' id='par_1_54' title="bbox 2411 4672 4045 4753">
     <span class='ocr_line' id='line_1_54' title="bbox 2411 4672 4045 4753; baseline 0.004 -22"><span class='ocrx_word' id='word_1_623' title='bbox 2411 4672 2490 4731; x_wconf 89' lang='lat' dir='ltr'><strong>de</strong></span> <span class='ocrx_word' id='word_1_624' title='bbox 2523 4672 2766 4748; x_wconf 86' lang='lat' dir='ltr'><strong>Spiritu</strong></span> <span class='ocrx_word' id='word_1_625' title='bbox 2800 4684 3041 4749; x_wconf 88' lang='lat' dir='ltr'><strong>sancto,</strong></span> <span class='ocrx_word' id='word_1_626' title='bbox 3081 4678 3236 4733; x_wconf 84' lang='grc' dir='ltr'><strong>Ἔστι</strong></span> <span class='ocrx_word' id='word_1_627' title='bbox 3261 4680 3483 4751; x_wconf 78' lang='grc' dir='ltr'><strong>πνεῦμα</strong></span> <span class='ocrx_word' id='word_1_628' title='bbox 3505 4681 3746 4753; x_wconf 81' lang='grc' dir='ltr'><strong>Χριστοῦ</strong></span> <span class='ocrx_word' id='word_1_629' title='bbox 3767 4683 3862 4736; x_wconf 68' lang='grc' dir='ltr'><strong>καὶ</strong></span> <span class='ocrx_word' id='word_1_630' title='bbox 3889 4686 4045 4753; x_wconf 81' lang='grc' dir='ltr'><strong>νοῦς</strong></span> 
     </span>
    </p>
   </div>
   <div class='ocr_carea' id='block_1_55' title="bbox 771 4767 4041 4848">
    <p class='ocr_par' dir='ltr' id='par_1_55' title="bbox 771 4767 4041 4848">
     <span class='ocr_line' id='line_1_55' title="bbox 771 4767 4041 4848; baseline 0.007 -24"><span class='ocrx_word' id='word_1_631' title='bbox 771 4771 962 4839; x_wconf 78' lang='grc' dir='ltr'><strong>αὐτοῦ,</strong></span> <span class='ocrx_word' id='word_1_632' title='bbox 1006 4777 1092 4826; x_wconf 90' lang='lat' dir='ltr'><strong>est</strong></span> <span class='ocrx_word' id='word_1_633' title='bbox 1121 4768 1393 4844; x_wconf 87' lang='lat' dir='ltr'><strong>spiritus</strong></span> <span class='ocrx_word' id='word_1_634' title='bbox 1416 4767 1655 4828; x_wconf 87' lang='lat' dir='ltr'><strong>Christi</strong></span> <span class='ocrx_word' id='word_1_635' title='bbox 1678 4777 1734 4827; x_wconf 89' lang='lat' dir='ltr'><strong>et</strong></span> <span class='ocrx_word' id='word_1_636' title='bbox 1760 4786 1926 4828; x_wconf 87' lang='lat' dir='ltr'><strong>mens</strong></span> <span class='ocrx_word' id='word_1_637' title='bbox 1953 4770 2160 4846; x_wconf 86' lang='lat' dir='ltr'><strong>ipsius</strong></span> <span class='ocrx_word' id='word_1_638' title='bbox 2194 4769 2364 4848; x_wconf 67' lang='lat' dir='ltr'><strong>(quin</strong></span> <span class='ocrx_word' id='word_1_639' title='bbox 2399 4772 2496 4832; x_wconf 85' lang='lat' dir='ltr'><strong>vel</strong></span> <span class='ocrx_word' id='word_1_640' title='bbox 2522 4772 2657 4832; x_wconf 89' lang='lat' dir='ltr'><strong>sola</strong></span> <span class='ocrx_word' id='word_1_641' title='bbox 2691 4775 2878 4836; x_wconf 84' lang='lat' dir='ltr'><strong>verba</strong></span> <span class='ocrx_word' id='word_1_642' title='bbox 2911 4777 3064 4838; x_wconf 90' lang='lat' dir='ltr'><strong>satis</strong></span> <span class='ocrx_word' id='word_1_643' title='bbox 3088 4797 3232 4842; x_wconf 88' lang='lat' dir='ltr'><strong>esse</strong></span> <span class='ocrx_word' id='word_1_644' title='bbox 3263 4782 3574 4843; x_wconf 90' lang='lat' dir='ltr'><strong>deberent</strong></span> <span class='ocrx_word' id='word_1_645' title='bbox 3600 4786 3680 4844; x_wconf 87' lang='lat' dir='ltr'><strong>ad</strong></span> <span class='ocrx_word' id='word_1_646' title='bbox 3713 4791 4041 4848; x_wconf 87' lang='lat' dir='ltr'><strong>astruen-</strong></span> 
     </span>
    </p>
   </div>
   <div class='ocr_carea' id='block_1_56' title="bbox 773 4868 4047 4967">
    <p class='ocr_par' dir='ltr' id='par_1_56' title="bbox 773 4868 4047 4967">
     <span class='ocr_line' id='line_1_56' title="bbox 773 4868 4047 4967; baseline 0.007 -42"><span class='ocrx_word' id='word_1_647' title='bbox 773 4868 916 4927; x_wconf 86' lang='lat' dir='ltr'><strong>dam</strong></span> <span class='ocrx_word' id='word_1_648' title='bbox 962 4869 1250 4948; x_wconf 82' lang='lat' dir='ltr'><strong>ejusdem</strong></span> <span class='ocrx_word' id='word_1_649' title='bbox 1284 4886 1316 4928; x_wconf 90' lang='lat' dir='ltr'><strong>a</strong></span> <span class='ocrx_word' id='word_1_650' title='bbox 1352 4869 1517 4929; x_wconf 87' lang='lat' dir='ltr'><strong>Filio</strong></span> <span class='ocrx_word' id='word_1_651' title='bbox 1552 4869 2028 4945; x_wconf 87' lang='lat' dir='ltr'><strong>processionem</strong></span> <span class='ocrx_word' id='word_1_652' title='bbox 2071 4893 2084 4931; x_wconf 91' lang='lat'><strong>:</strong></span> <span class='ocrx_word' id='word_1_653' title='bbox 2118 4874 2442 4950; x_wconf 90' lang='lat' dir='ltr'><strong>quomodo</strong></span> <span class='ocrx_word' id='word_1_654' title='bbox 2479 4874 2654 4935; x_wconf 90' lang='lat' dir='ltr'><strong>enim</strong></span> <span class='ocrx_word' id='word_1_655' title='bbox 2702 4890 2872 4936; x_wconf 88' lang='lat' dir='ltr'><strong>mens</strong></span> <span class='ocrx_word' id='word_1_656' title='bbox 2900 4879 3032 4957; x_wconf 79' lang='lat' dir='ltr'><strong>ejus</strong></span> <span class='ocrx_word' id='word_1_657' title='bbox 3073 4890 3193 4954; x_wconf 88' lang='lat' dir='ltr'><strong>est,</strong></span> <span class='ocrx_word' id='word_1_658' title='bbox 3246 4883 3300 4943; x_wconf 88' lang='lat' dir='ltr'><strong>si</strong></span> <span class='ocrx_word' id='word_1_659' title='bbox 3333 4884 3411 4944; x_wconf 92' lang='lat' dir='ltr'><strong>ab</strong></span> <span class='ocrx_word' id='word_1_660' title='bbox 3461 4884 3606 4961; x_wconf 85' lang='lat' dir='ltr'><strong>ipso</strong></span> <span class='ocrx_word' id='word_1_661' title='bbox 3648 4901 3777 4946; x_wconf 86' lang='lat' dir='ltr'><strong>non</strong></span> <span class='ocrx_word' id='word_1_662' title='bbox 3826 4893 3924 4948; x_wconf 88' lang='lat' dir='ltr'><strong>est</strong></span> <span class='ocrx_word' id='word_1_663' title='bbox 3946 4892 4047 4967; x_wconf 81' lang='lat'><strong>?),</strong></span> 
     </span>
    </p>
   </div>
   <div class='ocr_carea' id='block_1_57' title="bbox 775 4968 2416 5049">
    <p class='ocr_par' dir='ltr' id='par_1_57' title="bbox 775 4968 2416 5048">
     <span class='ocr_line' id='line_1_57' title="bbox 775 4968 2416 5048; baseline -0.001 -21"><span class='ocrx_word' id='word_1_664' title='bbox 775 4968 964 5045; x_wconf 85' lang='lat' dir='ltr'><strong>paulo</strong></span> <span class='ocrx_word' id='word_1_665' title='bbox 1019 4981 1157 5048; x_wconf 84' lang='lat' dir='ltr'><strong>post</strong></span> <span class='ocrx_word' id='word_1_666' title='bbox 1188 4968 1407 5030; x_wconf 85' lang='lat' dir='ltr'><strong>subdit</strong></span> <span class='ocrx_word' id='word_1_667' title='bbox 1440 4991 1458 5026; x_wconf 53' lang='grc' dir='ltr'><strong>νε</strong></span> <span class='ocrx_word' id='word_1_668' title='bbox 1505 4969 1590 5033; x_wconf 79' lang='lat'><strong>&#39;0;</strong></span> <span class='ocrx_word' id='word_1_669' title='bbox 1626 4969 1842 5040; x_wconf 76' lang='grc' dir='ltr'><strong>πνεῦμα.</strong></span> <span class='ocrx_word' id='word_1_670' title='bbox 1898 4970 2086 5036; x_wconf 80' lang='grc' dir='ltr'>αὑτοῦ,</span> <span class='ocrx_word' id='word_1_671' title='bbox 2135 4974 2416 5044; x_wconf 60' lang='grc' dir='ltr'><strong>καθάπερ</strong></span> 
     </span>
    </p>
   </div>
   <div class='ocr_carea' id='block_1_58' title="bbox 2409 4968 4050 5049">
    <p class='ocr_par' dir='ltr' id='par_1_58' title="bbox 2415 4975 4050 5049">
     <span class='ocr_line' id='line_1_58' title="bbox 2415 4975 4050 5049; baseline 0.012 -24"><span class='ocrx_word' id='word_1_672' title='bbox 2415 4975 2617 5044; x_wconf 79' lang='grc' dir='ltr'><strong>ἀρτίως</strong></span> <span class='ocrx_word' id='word_1_673' title='bbox 2666 4977 2995 5047; x_wconf 74' lang='grc' dir='ltr'><strong>εἰρήκαμεν,</strong></span> <span class='ocrx_word' id='word_1_674' title='bbox 3046 4981 3141 5033; x_wconf 76' lang='grc' dir='ltr'><strong>καὶ</strong></span> <span class='ocrx_word' id='word_1_675' title='bbox 3195 4981 3352 5046; x_wconf 69' lang='grc' dir='ltr'>εἰδὼς</span> <span class='ocrx_word' id='word_1_676' title='bbox 3394 4984 3694 5049; x_wconf 79' lang='grc' dir='ltr'><strong>ἀδιδάκτως</strong></span> <span class='ocrx_word' id='word_1_677' title='bbox 3747 4988 4050 5046; x_wconf 71' lang='grc' dir='ltr'><strong>πάντατὰ</strong></span> 
     </span>
    </p>
   </div>
   <div class='ocr_carea' id='block_1_59' title="bbox 776 5072 2417 5164">
    <p class='ocr_par' dir='ltr' id='par_1_59' title="bbox 776 5072 2417 5151">
     <span class='ocr_line' id='line_1_59' title="bbox 776 5072 2417 5151; baseline 0.005 -23"><span class='ocrx_word' id='word_1_678' title='bbox 776 5077 988 5148; x_wconf 73' lang='grc' dir='ltr'><strong>(αὐτοῦ)</strong></span> <span class='ocrx_word' id='word_1_679' title='bbox 1027 5079 1086 5144; x_wconf 76' lang='grc' dir='ltr'><strong>ἐξ</strong></span> <span class='ocrx_word' id='word_1_680' title='bbox 1120 5074 1182 5133; x_wconf 72' lang='grc' dir='ltr'><strong>οὗ</strong></span> <span class='ocrx_word' id='word_1_681' title='bbox 1209 5081 1300 5133; x_wconf 77' lang='grc' dir='ltr'><strong>καὶ</strong></span> <span class='ocrx_word' id='word_1_682' title='bbox 1341 5082 1396 5131; x_wconf 79' lang='grc' dir='ltr'><strong>ἐν</strong></span> <span class='ocrx_word' id='word_1_683' title='bbox 1424 5072 1580 5151; x_wconf 76' lang='grc' dir='ltr'><strong>ᾧπέρ</strong></span> <span class='ocrx_word' id='word_1_684' title='bbox 1607 5079 1744 5145; x_wconf 77' lang='grc' dir='ltr'><strong>ἐστι,</strong></span> <span class='ocrx_word' id='word_1_685' title='bbox 1767 5079 1835 5132; x_wconf 82' lang='grc' dir='ltr'><strong>τὰ</strong></span> <span class='ocrx_word' id='word_1_686' title='bbox 1872 5080 1991 5132; x_wconf 72' lang='grc' dir='ltr'>θεῖα</span> <span class='ocrx_word' id='word_1_687' title='bbox 2019 5081 2130 5142; x_wconf 76' lang='grc' dir='ltr'><strong>τοῖς</strong></span> <span class='ocrx_word' id='word_1_688' title='bbox 2166 5082 2342 5148; x_wconf 76' lang='grc' dir='ltr'><strong>ἁγίοις</strong></span> <span class='ocrx_word' id='word_1_689' title='bbox 2387 5085 2417 5136; x_wconf 67' lang='grc' dir='ltr'>ἀ</span> 
     </span>
    </p>
   </div>
   <div class='ocr_carea' id='block_1_60' title="bbox 2406 5072 4047 5164">
    <p class='ocr_par' dir='ltr' id='par_1_60' title="bbox 2406 5084 4047 5164">
     <span class='ocr_line' id='line_1_60' title="bbox 2406 5084 4047 5164; baseline 0.007 -29"><span class='ocrx_word' id='word_1_690' title='bbox 2406 5084 2763 5139; x_wconf 57' lang='lat' dir='ltr'><strong>meminisset</strong></span> <span class='ocrx_word' id='word_1_691' title='bbox 2789 5090 3085 5159; x_wconf 75' lang='grc' dir='ltr'><strong>μυστήρια,</strong></span> <span class='ocrx_word' id='word_1_692' title='bbox 3117 5091 3409 5160; x_wconf 83' lang='lat' dir='ltr'><strong>tanquam</strong></span> <span class='ocrx_word' id='word_1_693' title='bbox 3453 5084 3737 5163; x_wconf 77' lang='lat' dir='ltr'><strong>Spiritus</strong></span> <span class='ocrx_word' id='word_1_694' title='bbox 3786 5087 4047 5164; x_wconf 77' lang='lat' dir='ltr'><strong>ipsius,</strong></span> 
     </span>
    </p>
   </div>
   <div class='ocr_carea' id='block_1_61' title="bbox 776 5172 4052 5270">
    <p class='ocr_par' dir='ltr' id='par_1_61' title="bbox 776 5172 4052 5270">
     <span class='ocr_line' id='line_1_61' title="bbox 776 5172 4052 5270; baseline 0.006 -38"><span class='ocrx_word' id='word_1_695' title='bbox 776 5175 872 5232; x_wconf 87' lang='lat' dir='ltr'><strong>uti</strong></span> <span class='ocrx_word' id='word_1_696' title='bbox 904 5172 1080 5234; x_wconf 84' lang='lat' dir='ltr'><strong>modo</strong></span> <span class='ocrx_word' id='word_1_697' title='bbox 1112 5175 1483 5246; x_wconf 75' lang='lat' dir='ltr'><strong>dicebamus,</strong></span> <span class='ocrx_word' id='word_1_698' title='bbox 1515 5185 1572 5236; x_wconf 91' lang='lat' dir='ltr'><strong>et</strong></span> <span class='ocrx_word' id='word_1_699' title='bbox 1609 5185 1676 5234; x_wconf 87' lang='lat' dir='ltr'><strong>ut</strong></span> <span class='ocrx_word' id='word_1_700' title='bbox 1705 5193 2106 5252; x_wconf 85' lang='lat' dir='ltr'><strong>cognoscens,</strong></span> <span class='ocrx_word' id='word_1_701' title='bbox 2136 5180 2376 5238; x_wconf 87' lang='lat' dir='ltr'><strong>nemine</strong></span> <span class='ocrx_word' id='word_1_702' title='bbox 2404 5179 2690 5254; x_wconf 87' lang='lat' dir='ltr'><strong>docente,</strong></span> <span class='ocrx_word' id='word_1_703' title='bbox 2722 5182 2928 5242; x_wconf 83' lang='lat' dir='ltr'><strong>omnia</strong></span> <span class='ocrx_word' id='word_1_704' title='bbox 2957 5202 3092 5262; x_wconf 76' lang='lat' dir='ltr'><strong>quee</strong></span> <span class='ocrx_word' id='word_1_705' title='bbox 3117 5196 3263 5246; x_wconf 81' lang='lat' dir='ltr'><strong>sunt</strong></span> <span class='ocrx_word' id='word_1_706' title='bbox 3296 5188 3450 5267; x_wconf 84' lang='lat' dir='ltr'><strong>ejus,</strong></span> <span class='ocrx_word' id='word_1_707' title='bbox 3477 5206 3554 5248; x_wconf 80' lang='lat' dir='ltr'><strong>ea:</strong></span> <span class='ocrx_word' id='word_1_708' title='bbox 3575 5207 3695 5267; x_wconf 88' lang='lat' dir='ltr'><strong>quo</strong></span> <span class='ocrx_word' id='word_1_709' title='bbox 3722 5201 3776 5250; x_wconf 88' lang='lat' dir='ltr'><strong>et</strong></span> <span class='ocrx_word' id='word_1_710' title='bbox 3804 5191 3871 5250; x_wconf 90' lang='lat' dir='ltr'><strong>in</strong></span> <span class='ocrx_word' id='word_1_711' title='bbox 3901 5208 4052 5270; x_wconf 76' lang='lat' dir='ltr'><strong>quo</strong></span> 
     </span>
    </p>
   </div>
   <div class='ocr_carea' id='block_1_62' title="bbox 781 5276 2422 5370">
    <p class='ocr_par' dir='ltr' id='par_1_62' title="bbox 781 5276 2420 5355">
     <span class='ocr_line' id='line_1_62' title="bbox 781 5276 2420 5355; baseline 0.004 -22"><span class='ocrx_word' id='word_1_712' title='bbox 781 5286 892 5348; x_wconf 87' lang='lat' dir='ltr'><strong>est,</strong></span> <span class='ocrx_word' id='word_1_713' title='bbox 921 5276 1135 5336; x_wconf 82' lang='lat' dir='ltr'><strong>divina</strong></span> <span class='ocrx_word' id='word_1_714' title='bbox 1170 5279 1404 5336; x_wconf 86' lang='lat' dir='ltr'><strong>sanctis</strong></span> <span class='ocrx_word' id='word_1_715' title='bbox 1462 5278 1758 5352; x_wconf 84' lang='lat' dir='ltr'><strong>mysteria</strong></span> <span class='ocrx_word' id='word_1_716' title='bbox 1796 5278 2120 5355; x_wconf 84' lang='lat' dir='ltr'><strong>patefacit.</strong></span> <span class='ocrx_word' id='word_1_717' title='bbox 2150 5277 2420 5353; x_wconf 85' lang='lat' dir='ltr'><strong>Audin&#39;,</strong></span> 
     </span>
    </p>
   </div>
   <div class='ocr_carea' id='block_1_63' title="bbox 2414 5276 4055 5370">
    <p class='ocr_par' dir='ltr' id='par_1_63' title="bbox 2414 5278 4055 5370">
     <span class='ocr_line' id='line_1_63' title="bbox 2414 5278 4055 5370; baseline 0.009 -31"><span class='ocrx_word' id='word_1_718' title='bbox 2414 5325 2420 5347; x_wconf 82' lang='lat'><strong>,</strong></span> <span class='ocrx_word' id='word_1_719' title='bbox 2471 5280 2884 5355; x_wconf 45' lang='lat' dir='ltr'><strong>Photianeﬁé</strong></span> <span class='ocrx_word' id='word_1_720' title='bbox 2907 5278 2968 5337; x_wconf 71' lang='grc' dir='ltr'><strong>οὗ</strong></span> <span class='ocrx_word' id='word_1_721' title='bbox 2990 5286 3078 5336; x_wconf 72' lang='grc' dir='ltr'><strong>καὶ</strong></span> <span class='ocrx_word' id='word_1_722' title='bbox 3111 5288 3167 5337; x_wconf 83' lang='grc' dir='ltr'><strong>ὲν</strong></span> <span class='ocrx_word' id='word_1_723' title='bbox 3192 5283 3498 5358; x_wconf 78' lang='grc' dir='ltr'><strong>ᾧπέρὲστι,</strong></span> <span class='ocrx_word' id='word_1_724' title='bbox 3525 5309 3606 5350; x_wconf 74' lang='lat' dir='ltr'><strong>ex</strong></span> <span class='ocrx_word' id='word_1_725' title='bbox 3649 5308 3768 5370; x_wconf 89' lang='lat' dir='ltr'><strong>quo</strong></span> <span class='ocrx_word' id='word_1_726' title='bbox 3834 5301 3894 5350; x_wconf 90' lang='lat' dir='ltr'><strong>et</strong></span> <span class='ocrx_word' id='word_1_727' title='bbox 3969 5297 4055 5356; x_wconf 83' lang='lat' dir='ltr'><strong>in</strong></span> 
     </span>
    </p>
   </div>
   <div class='ocr_carea' id='block_1_64' title="bbox 777 5379 3093 5464">
    <p class='ocr_par' dir='ltr' id='par_1_64' title="bbox 777 5379 3093 5464">
     <span class='ocr_line' id='line_1_64' title="bbox 777 5379 3093 5464; baseline 0.006 -27"><span class='ocrx_word' id='word_1_728' title='bbox 777 5397 896 5457; x_wconf 85' lang='lat' dir='ltr'><strong>quo</strong></span> <span class='ocrx_word' id='word_1_729' title='bbox 921 5390 1007 5439; x_wconf 85' lang='lat' dir='ltr'><strong>est</strong></span> <span class='ocrx_word' id='word_1_730' title='bbox 1038 5401 1058 5447; x_wconf 90' lang='lat'><em>;</em></span> <span class='ocrx_word' id='word_1_731' title='bbox 1085 5389 1145 5440; x_wconf 90' lang='lat' dir='ltr'><strong>et</strong></span> <span class='ocrx_word' id='word_1_732' title='bbox 1185 5379 1393 5441; x_wconf 89' lang='lat' dir='ltr'><strong>adhuc</strong></span> <span class='ocrx_word' id='word_1_733' title='bbox 1438 5379 1786 5440; x_wconf 83' lang='lat' dir='ltr'><strong>sustinebis</strong></span> <span class='ocrx_word' id='word_1_734' title='bbox 1820 5397 1896 5440; x_wconf 76' lang='lat' dir='ltr'><strong>ex</strong></span> <span class='ocrx_word' id='word_1_735' title='bbox 1918 5397 1994 5441; x_wconf 92' lang='lat' dir='ltr'><strong>eo</strong></span> <span class='ocrx_word' id='word_1_736' title='bbox 2025 5397 2150 5442; x_wconf 88' lang='lat' dir='ltr'><strong>non</strong></span> <span class='ocrx_word' id='word_1_737' title='bbox 2181 5398 2348 5455; x_wconf 83' lang='lat' dir='ltr'><strong>esse,</strong></span> <span class='ocrx_word' id='word_1_738' title='bbox 2381 5399 2498 5446; x_wconf 89' lang='lat' dir='ltr'><strong>seu</strong></span> <span class='ocrx_word' id='word_1_739' title='bbox 2532 5400 2659 5446; x_wconf 87' lang='lat' dir='ltr'><strong>non</strong></span> <span class='ocrx_word' id='word_1_740' title='bbox 2702 5390 3093 5464; x_wconf 79' lang='lat' dir='ltr'><strong>procedere?</strong></span> 
     </span>
    </p>
   </div>
   <div class='ocr_carea' id='block_1_65' title="bbox 855 5651 4060 5742">
    <p class='ocr_par' dir='ltr' id='par_1_65' title="bbox 855 5651 4060 5742">
     <span class='ocr_line' id='line_1_65' title="bbox 855 5651 4060 5742; baseline 0.007 -38"><span class='ocrx_word' id='word_1_741' title='bbox 855 5651 933 5742; x_wconf 56' lang='lat' dir='ltr'><strong>ta)</strong></span> <span class='ocrx_word' id='word_1_742' title='bbox 964 5653 1143 5742; x_wconf 61' lang='lat' dir='ltr'><strong>Quarti</strong></span> <span class='ocrx_word' id='word_1_743' title='bbox 1178 5655 1592 5742; x_wconf 13' lang='lat' dir='ltr'><strong>irrecttliucxrillo‘</strong></span> <span class='ocrx_word' id='word_1_744' title='bbox 1625 5657 1968 5742; x_wconf 50' lang='lat' dir='ltr'><strong>adversatur;</strong></span> <span class='ocrx_word' id='word_1_745' title='bbox 1998 5661 2341 5742; x_wconf 62' lang='lat' dir='ltr'><strong>Theopliyla:</strong></span> <span class='ocrx_word' id='word_1_746' title='bbox 2455 5663 2574 5742; x_wconf 56' lang='grc' dir='ltr'>τοῖς,</span> <span class='ocrx_word' id='word_1_747' title='bbox 2626 5666 2884 5742; x_wconf 56' lang='grc' dir='ltr'><strong>συγγενὲς</strong></span> <span class='ocrx_word' id='word_1_748' title='bbox 2935 5667 3064 5742; x_wconf 69' lang='grc' dir='ltr'><strong>γᾴρ,</strong></span> <span class='ocrx_word' id='word_1_749' title='bbox 3127 5667 3350 5742; x_wconf 81' lang='lat' dir='ltr'><strong>Dicitur_</strong></span> <span class='ocrx_word' id='word_1_750' title='bbox 3387 5665 3620 5742; x_wconf 67' lang='lat' dir='ltr'><strong>Spiritus</strong></span> <span class='ocrx_word' id='word_1_751' title='bbox 3647 5667 3886 5742; x_wconf 75' lang='lat' dir='ltr'><strong>Christi,</strong></span> <span class='ocrx_word' id='word_1_752' title='bbox 3927 5691 4060 5731; x_wconf 72' lang='lat' dir='ltr'><strong>non</strong></span> 
     </span>
    </p>
   </div>
   <div class='ocr_carea' id='block_1_66' title="bbox 781 5722 2422 5811">
    <p class='ocr_par' dir='ltr' id='par_1_66' title="bbox 781 5722 2345 5811">
     <span class='ocr_line' id='line_1_66' title="bbox 781 5722 2345 5811; baseline 0.008 -38"><span class='ocrx_word' id='word_1_753' title='bbox 781 5731 927 5811; x_wconf 51' lang='lat' dir='ltr'><strong>(itus,</strong></span> <span class='ocrx_word' id='word_1_754' title='bbox 960 5725 1094 5811; x_wconf 46' lang='lat' dir='ltr'><strong>dum.</strong></span> <span class='ocrx_word' id='word_1_755' title='bbox 1120 5741 1276 5811; x_wconf 50' lang='lat' dir='ltr'><strong>nillil:</strong></span> <span class='ocrx_word' id='word_1_756' title='bbox 1313 5722 1374 5811; x_wconf 62' lang='grc' dir='ltr'><strong>ιιζ</strong></span> <span class='ocrx_word' id='word_1_757' title='bbox 1410 5722 1484 5780; x_wconf 72' lang='lat' dir='ltr'><strong>ait</strong></span> <span class='ocrx_word' id='word_1_758' title='bbox 1519 5746 1532 5780; x_wconf 90' lang='lat'><strong>:</strong></span> <span class='ocrx_word' id='word_1_759' title='bbox 1564 5722 2345 5811; x_wconf 36' lang='lat' dir='ltr'><strong>Aiyctat.liye§pa_x_pta&#39;to§,</strong></span> 
     </span>
    </p>
   </div>
   <div class='ocr_carea' id='block_1_67' title="bbox 2369 5722 4010 5811">
    <p class='ocr_par' dir='ltr' id='par_1_67' title="bbox 2456 5722 4010 5811">
     <span class='ocr_line' id='line_1_67' title="bbox 2456 5722 4010 5811; baseline 0.008 -25"><span class='ocrx_word' id='word_1_760' title='bbox 2456 5722 2582 5800; x_wconf 82' lang='lat' dir='ltr'><strong>quia</strong></span> <span class='ocrx_word' id='word_1_761' title='bbox 2611 5751 2676 5788; x_wconf 78' lang='lat' dir='ltr'><strong>ex</strong></span> <span class='ocrx_word' id='word_1_762' title='bbox 2706 5722 2828 5811; x_wconf 69' lang='lat' dir='ltr'><strong>ipso</strong></span> <span class='ocrx_word' id='word_1_763' title='bbox 2851 5722 3065 5806; x_wconf 57' lang='lat' dir='ltr'><strong>profluit</strong></span> <span class='ocrx_word' id='word_1_764' title='bbox 3092 5755 3108 5799; x_wconf 90' lang='grc'><em>;</em></span> <span class='ocrx_word' id='word_1_765' title='bbox 3143 5742 3231 5791; x_wconf 81' lang='lat' dir='ltr'><strong>sed</strong></span> <span class='ocrx_word' id='word_1_766' title='bbox 3261 5739 3386 5807; x_wconf 84' lang='lat' dir='ltr'><strong>quia</strong></span> <span class='ocrx_word' id='word_1_767' title='bbox 3416 5722 3662 5807; x_wconf 71' lang='lat' dir='ltr'><strong>proprius</strong></span> <span class='ocrx_word' id='word_1_768' title='bbox 3709 5722 3886 5795; x_wconf 44' lang='lat' dir='ltr'><strong>illius.</strong></span> <span class='ocrx_word' id='word_1_769' title='bbox 3914 5722 4010 5799; x_wconf 57' lang='lat' dir='ltr'><strong>esi</strong></span> 
     </span>
    </p>
   </div>
   <div class='ocr_carea' id='block_1_68' title="bbox 779 5789 2420 5873">
    <p class='ocr_par' dir='ltr' id='par_1_68' title="bbox 779 5789 2345 5867">
     <span class='ocr_line' id='line_1_68' title="bbox 779 5789 2345 5867; baseline 0.009 -25"><span class='ocrx_word' id='word_1_770' title='bbox 779 5790 900 5848; x_wconf 71' lang='grc' dir='ltr'><strong>ἀλλ’</strong></span> <span class='ocrx_word' id='word_1_771' title='bbox 931 5792 1030 5862; x_wconf 80' lang='grc' dir='ltr'><strong>οὐχ</strong></span> <span class='ocrx_word' id='word_1_772' title='bbox 1065 5793 1140 5857; x_wconf 81' lang='grc' dir='ltr'><strong>ὡς</strong></span> <span class='ocrx_word' id='word_1_773' title='bbox 1171 5794 1228 5860; x_wconf 74' lang='grc' dir='ltr'><strong>ἐξ</strong></span> <span class='ocrx_word' id='word_1_774' title='bbox 1259 5796 1469 5848; x_wconf 79' lang='grc' dir='ltr'><strong>ἐκείνου</strong></span> <span class='ocrx_word' id='word_1_775' title='bbox 1517 5789 1726 5867; x_wconf 75' lang='grc' dir='ltr'>προῖδν,</span> <span class='ocrx_word' id='word_1_776' title='bbox 1777 5800 1892 5852; x_wconf 77' lang='grc' dir='ltr'><strong>ἀλλ’</strong></span> <span class='ocrx_word' id='word_1_777' title='bbox 1923 5789 1998 5864; x_wconf 69' lang='grc' dir='ltr'><strong>ὠξ</strong></span> <span class='ocrx_word' id='word_1_778' title='bbox 2021 5789 2219 5855; x_wconf 63' lang='grc' dir='ltr'><strong>οἰκεῖον</strong></span> <span class='ocrx_word' id='word_1_779' title='bbox 2246 5789 2345 5856; x_wconf 51' lang='lat' dir='ltr'><strong>ab;</strong></span> 
     </span>
    </p>
   </div>
   <div class='ocr_carea' id='block_1_69' title="bbox 2419 5789 4060 5873">
    <p class='ocr_par' dir='ltr' id='par_1_69' title="bbox 2456 5789 4060 5873">
     <span class='ocr_line' id='line_1_69' title="bbox 2456 5789 4060 5873; baseline -0.055 4"><span class='ocrx_word' id='word_1_780' title='bbox 2456 5789 3006 5873; x_wconf 47' lang='lat' dir='ltr'><strong>éogna&#39;NS&#39;lllililcgl.</strong></span> <span class='ocrx_word' id='word_1_781' title='bbox 3092 5789 3104 5799; x_wconf 78' lang='grc'><em>’</em></span> <span class='ocrx_word' id='word_1_782' title='bbox 3273 5789 3286 5807; x_wconf 94' lang='grc'><strong>’</strong></span> <span class='ocrx_word' id='word_1_783' title='bbox 3416 5789 3429 5806; x_wconf 86' lang='grc'><strong><em>⁸</em></strong></span> <span class='ocrx_word' id='word_1_784' title='bbox 3514 5789 3533 5807; x_wconf 69' lang='lat' dir='ltr'><strong>r</strong></span> <span class='ocrx_word' id='word_1_785' title='bbox 3583 5789 3656 5792; x_wconf 51' lang='lat'><strong>”--</strong></span> <span class='ocrx_word' id='word_1_786' title='bbox 3710 5789 3856 5795; x_wconf 58' lang='grc' dir='ltr'><strong>νωπ-</strong></span> <span class='ocrx_word' id='word_1_787' title='bbox 3915 5789 4006 5799; x_wconf 77' lang='grc'>-,,</span> <span class='ocrx_word' id='word_1_788' title='bbox 4043 5789 4060 5811; x_wconf 58' lang='grc'><em>³</em></span> 
     </span>
    </p>
   </div>
  </div>
