4156 6440
108 387 193 445 457
951 380 1027 439 ΙΝ
1071 383 1500 454 ΞΕΟΗΕΝΤΙᾹ
1548 385 2124 445 THEGI‘HIIAUTI
2158 385 2491 446 SCRIPTA.
3245 383 3348 448 458

268 494 539 551 Sanctus
575 488 1034 575 Basilinsjhtec
1085 491 1269 551 habet
1320 493 1425 552 lib.
1484 510 1552 551 ni
1612 503 1816 550 contra

1709 503 1832 550 ttra
1892 495 2271 554 Ennomium
2307 518 2323 555 :
2396 504 2688 572 Ἀξιώματι
2733 521 2832 573 μιν
2890 503 3230 575 δευτερεύειν
3268 505 3350 576 (τὸ

112 592 343 661 Πνεῦμα)
383 593 476 645 τοῦ
498 591 666 654 Tia-3,
702 591 830 661 παρ’
855 591 1019 644 αὑτοῦ
1048 593 1106 643 τὸ
1138 588 1276 644 εἶναι
1331 594 1476 661 ἕχον.
1529 603 1622 645 καὶ
1677 595 1808 664 παρ’
1841 595 2005 647 αὑτοῦ
2045 596 2345 665 λαμϐάνον,
2381 599 2477 650 καὶ
2513 597 2848 665 ἀναγγέλλων
2876 600 3012 668 ἡμῖν
3074 598 3169 651 καὶ
3215 598 3347 660 ὅλως

111 697 195 762 τῆς
235 696 421 758 αἰτίας
451 697 668 764 ἐκείνης
696 697 1003 764 ἐξημμένον
1031 694 1400 763 παραδίδωσιν
1457 696 1587 754 ἴσως
1616 695 1644 747 ό
1668 697 1752 748 εὑε

1712 697 1952 760 ϋσεῦείας
1996 696 2176 764 λόγος,
2203 690 2516 768 Spiritum
2570 701 2853 749 sanctum
2905 689 3214 769 dignitate
3261 709 3353 748 se-

111 793 373 854 cundum
410 812 540 853 esse
569 810 607 850 a
634 789 831 865 Filio,
867 802 939 850 ut
976 794 1087 869 qui
1118 809 1245 850 esse
1275 791 1350 850 ab
1379 789 1490 850 illo
1527 791 1773 863 habeat,
1809 801 1865 850 et
1904 791 1982 852 ab
2024 794 2164 869 ipso
2193 793 2490 866 accipiat,
2523 801 2582 852 et
2609 792 2862 851 omnino
2895 810 2974 852 ea:
3020 791 3136 853 illa
3162 810 3353 853 causa

110 894 386 974 pendeat.
402 893 662 971 pietatis
692 909 890 950 sermo
919 893 1189 969 fortasse
1221 889 1442 953 tradit.
1464 893 1556 951 En
1573 908 1764 970 quam
1795 891 1961 952 clare
1981 894 2252 971 Magnus
2273 891 2548 952 Basilius
2566 891 2794 971 dogma
2822 891 3192 952 Latinorum
3225 899 3353 952 tra~

113 998 559 1076 dit.£quidem
579 997 830 1057 Marcus
859 995 1224 1073 Ephesinus
1251 995 1314 1055 in
1349 994 1626 1056 concilio
1650 994 2218 1066 Florentino,cum
2249 1009 2378 1056 non
2409 994 2586 1054 aliud
2621 994 2795 1072 quod
2826 992 2901 1054 ad
2931 993 3199 1054 evidens
3231 992 3352 1054 hoc

121 1099 528 1175 responderet
561 1095 1030 1166 testimonium,
1067 1095 1160 1155 illi
1193 1102 1590 1174 suppeteret,
1628 1111 1855 1173 magna
1907 1094 2322 1156 contentione
2360 1091 2695 1165 sustinuit,
2727 1100 2970 1153 textum
3020 1093 3194 1153 hunc
3235 1091 3351 1153 fal-

116 1211 308 1263 satum
345 1209 408 1262 et
447 1200 900 1274 interpolatum
938 1215 1102 1260 esse.
1137 1200 1257 1260 Sed
1297 1206 1534 1277 quanta
1570 1199 1844 1278 injuria!
1881 1201 2060 1271 Nam,
2107 1206 2176 1259 ut
2208 1203 2490 1261 Joannes
2520 1199 2737 1278 Niger,
2771 1199 2884 1278 qui
2921 1199 3083 1260 illud
3114 1200 3350 1261 attule-

118 1318 218 1374 rat,
263 1305 567 1382 regessit,
605 1305 807 1365 codex
842 1305 1013 1364 unde
1045 1304 1464 1378 depromptus
1504 1310 1624 1377 est,
1684 1306 1946 1380 optima)
1978 1309 2144 1365 notat
2177 1309 2336 1374 erat,
2390 1301 2953 1380 Constantinopoli
2981 1317 3017 1362 a
3045 1302 3353 1363 cardinali

113 1408 358 1464 Cusano
378 1403 712 1475 advectus,
743 1405 805 1462 in
841 1399 1253 1473 membranis,
1281 1399 1604 1462 sexcentis
1625 1407 1772 1461 ante
1803 1401 2150 1462 concilium
2177 1399 2620 1462 Florentinum
2642 1401 2856 1473 annis,
2885 1400 3184 1478 adeoque
3206 1409 3356 1462 ante

110 1516 399 1567 exortum
433 1506 690 1565 Graecos
723 1505 890 1564 inter
913 1519 988 1564 ac
1026 1503 1284 1564 Latinos
1324 1504 1439 1564 hac
1473 1505 1552 1563 de
1613 1520 1681 1564 re
1706 1501 2085 1577 dissidium,
2142 1509 2463 1564 exaratus.
2498 1501 2678 1562 Unde
2717 1517 2872 1579 ergo
2921 1501 3357 1580 corruptionis

114 1607 396 1684 suspicio
423 1610 453 1666 Ἰ
483 1607 604 1666 Sed
637 1606 852 1682 plures
881 1604 1140 1665 codices
1182 1604 1265 1664 ita
1285 1620 1416 1665 non
1449 1602 1706 1676 habent,
1739 1603 2103 1681 opponebat
2131 1602 2522 1680 Ephesinus.
2555 1602 2725 1675 Quid
2753 1603 2931 1674 inde,
2964 1603 3021 1663 si
3054 1603 3362 1664 vetustio-

109 1727 204 1770 res
234 1717 297 1769 et
332 1715 484 1769 ante
507 1707 788 1768 schisma
820 1705 1159 1781 conscripti
1198 1713 1442 1766 textum
1476 1712 1545 1765 ut
1595 1704 1932 1767 attulimus
1964 1706 2345 1767 exhibeant?
2380 1707 2509 1766 Alli
2563 1723 2737 1780 vero,
2777 1724 3173 1788 quocunque
3228 1722 3358 1770 itu-

113 1824 276 1866 uiero
309 1807 470 1880 sint,
498 1821 531 1864 a
558 1803 879 1866 Photianis
909 1797 1483 1882 potiu'sdataOpera
1511 1805 1800 1880 corrupti
1821 1805 2082 1865 dicendi
2122 1811 2301 1878 sunt,
2335 1821 2412 1865 eo
2439 1806 2675 1885 majore
2709 1805 3154 1882 fundamento,
3185 1811 3360 1889 quod

108 1918 249 1969 sunt
276 1925 514 1970 omnes
550 1913 690 1985 post
723 1913 1016 1968 exortum
1045 1905 1323 1966 schisma
1345 1905 1645 1974 confecti,
1682 1913 1742 1966 et
1776 1903 1840 1966 in
1892 1905 2226 1968 nonnullis
2272 1905 2464 1968 verba
2508 1907 2787 1984 dogmati
2821 1919 3042 1970 nostro
3069 1909 3364 1972 faventia

108 2005 308 2068 cultro
345 2022 532 2068 erasa
557 2004 958 2082 deprehensa
1004 2010 1180 2064 sunt.
1215 2002 1418 2073 Adde,
1481 2009 1726 2064 textum
1765 2000 1961 2075 hunc,
1996 2009 2183 2080 prout
2225 2018 2262 2063 a
2301 2002 2485 2063 nobis
2512 2002 2799 2077 affertur,
2835 2002 2995 2064 nihil
3029 2006 3365 2067 continere

112 2107 273 2185 quod
315 2123 471 2167 cum
506 2104 780 2183 reliquis
811 2103 1025 2181 Magni
1061 2102 1279 2163 Basilii
1316 2103 1506 2164 dictis
1535 2110 1773 2180 pugnet
1815 2118 1829 2160 :
1871 2111 2108 2180 pugnat
2156 2109 2396 2174 autem,
2426 2112 2556 2163 uta
2593 2103 2923 2165 Photianis
2973 2104 3236 2182 legitur.
3274 2109 3364 2169 Ita

108 2207 273 2268 enim
311 2207 544 2286 legunt
572 2205 697 2276 illi,
730 2211 800 2266 ut
832 2220 1246 2282 consequens
1289 2203 1479 2275 foret,
1533 2221 1682 2264 eum
1717 2203 1988 2265 dubium
2022 2203 2312 2275 haesisse,
2343 2221 2423 2266 an
2448 2204 2724 2281 Spiritus
2753 2215 3013 2268 sanctus
3049 2210 3364 2271 dicendus

112 2307 182 2366 sit
213 2306 562 2367 secundus
593 2301 906 2384 dignitate
937 2322 972 2366 a
1017 2304 1184 2366 Filio
1217 2314 1279 2366 et
1311 2321 1342 2364 a
1377 2305 1554 2364 Patre
1589 2304 1860 2365 tertius:
1891 2320 2036 2364 cum
2077 2311 2286 2364 tamen
2325 2303 2728 2381 exploratum
2761 2306 2866 2378 sit,
2903 2307 3112 2385 ipsum
3136 2307 3250 2371 hac
3284 2309 3364 2368 de

112 2425 170 2468 re
199 2407 544 2467 dubitasse
577 2422 948 2485 nunquam;
975 2404 1504 2484 quandoquidem
1535 2420 1682 2465 cum
1707 2403 1856 2465 aliis
1891 2404 1956 2465 in
1991 2402 2176 2477 locis,
2208 2412 2343 2465 tum
2391 2404 2749 2481 praesertim
2783 2405 2849 2464 in
2885 2406 3009 2468 ﬁne
3069 2408 3366 2484 epistola)

113 2507 605 2577 trecentesimae,
633 2506 716 2566 ad
731 2509 1087 2578 canonicos,
1109 2507 1196 2567 ait
1216 2503 1392 2567 nefas
1417 2523 1584 2578 esse,
1616 2505 1926 2584 Spiritum
1941 2515 2230 2566 sanctum
2250 2512 2396 2566 ante
2415 2503 2655 2565 Filium
2677 2503 3016 2578 collocare,
3048 2513 3159 2568 aut
3181 2506 3369 2570 aliter

111 2625 291 2687 quam
337 2606 579 2669 ordine
618 2608 879 2670 tertium
913 2625 946 2670 a
977 2611 1156 2669 Patre
1193 2627 1208 2666 :
1241 2606 1412 2685 quod
1466 2611 1528 2666 et
1567 2605 1679 2666 alii
1722 2607 1936 2666 Patres
1973 2604 2360 2666 docuerunt.
2407 2604 2764 2665 Insititium
2797 2604 2998 2683 igitur
3039 2617 3133 2668 est
3199 2605 3363 2669 illud

108 2717 252 2782 (πως,
277 2709 588 2788 fortasse,
618 2714 791 2786 quod
825 2717 964 2787 post
994 2716 1382 2788 παραδίδωσιν,
1425 2705 1648 2779 tradit,
1681 2706 1747 2784 ἱρ

1725 2704 1805 2782 psi
1829 2702 2074 2782 legunt.
2105 2706 2226 2766 Sed
2246 2707 2302 2767 si
2329 2705 2449 2766 hoc
2473 2712 2677 2766 ratum
2705 2705 3036 2780 habeatur,
3055 2713 3124 2768 ut
3149 2706 3366 2774 haberi

117 2813 327 2882 procul
365 2813 573 2872 dubio
609 2809 826 2882 debet,
855 2807 952 2868 vel
996 2825 1068 2869 ex
1095 2806 1218 2868 hoc
1239 2805 1451 2868 solum
1495 2806 1933 2868 verosimilius
1967 2805 2054 2872 ﬁt.
2090 2813 2500 2867 controversa
2534 2806 2722 2866 verba
2778 2819 2927 2866 eum
2988 2805 3369 2874 addidisse;

110 2924 244 2968 cum
281 2911 383 2971 vel
428 2928 516 2972 ex
563 2909 683 2969 hoc
742 2906 884 2969 solo
909 2906 1144 2968 invicte
1176 2908 1654 2968 demonstretur
1704 2905 1850 2985 ejus
1887 2905 2207 2967 sententia
2243 2904 2448 2966 fuisse
2480 2904 2790 2982 Spiritum
2818 2911 3108 2965 sanctum
3142 2905 3300 2965 item
3333 2918 3371 2963 a

112 3007 268 3068 Filio
314 3011 715 3086 procedere:
752 3023 878 3068 non
913 3006 1087 3068 enim
1123 3005 1254 3067 ulla
1281 3005 1498 3066 divina
1536 3022 1810 3084 persona
1851 3023 1995 3067 esse
2055 3011 2262 3082 potest
2315 3005 2602 3068 secunda
2667 3006 2763 3067 vel
2816 3007 3005 3070 tertia
3036 3016 3210 3082 τάξει,
3257 3025 3367 3067 or-

108 3106 385 3176 dine.vel
420 3112 724 3178 ἀξιώματι,
761 3107 1092 3185 dignitate,
1125 3107 1204 3168 ab
1235 3106 1382 3178 alia,
1417 3107 1542 3167 nisi
1575 3109 1654 3166 ab
1685 3107 1822 3184 ipsa
1855 3107 2156 3185 procedat
2193 3123 2206 3166 :
2245 3122 2399 3168 sane
2433 3122 2561 3168 non
2598 3107 2798 3170 alium
2826 3109 3123 3171 ordinem
3156 3110 3219 3170 in
3257 3110 3363 3170 di-

116 3211 273 3270 vinis
308 3219 679 3287 agnoscunt
715 3205 1010 3268 catholici
1042 3207 1335 3268 doctores
1361 3214 1421 3267 et
1446 3209 1685 3267 Patres.

181 3313 243 3372 6.
281 3314 346 3372 S.
389 3310 784 3370 Athanasius
824 3308 890 3368 in
913 3307 1075 3368 libro
1124 3307 1214 3366 De
1235 3308 1504 3368 humana
1526 3315 1758 3366 natura
1785 3315 2074 3385 suscepta
2106 3307 2216 3377 ait,
2250 3306 2490 3368 Filium
2513 3324 2657 3370 esse
2690 3318 2873 3390 πηγὴν
2893 3318 2988 3372 τοῦ
3017 3319 3174 3387 ἁγίου
3200 3319 3372 3372 ﬂvens-

117 3438 299 3490 ματος,
328 3414 576 3489 fontem
622 3409 906 3486 Spiritus
962 3409 1186 3468 sancti.
1240 3407 1339 3467 Sie
1375 3415 1436 3468 et
1493 3405 1601 3466 alii
1662 3407 1875 3466 Patres
1923 3406 2151 3467 Graici.
2214 3407 2470 3468 Certum
2521 3417 2736 3470 autem
2781 3417 2879 3470 est
2941 3410 3112 3487 apud
3149 3411 3369 3471 Patres

112 3524 313 3592 πηγὴν,
355 3514 625 3589 fontem,
664 3507 926 3582 perinde
954 3523 1097 3569 esse
1135 3523 1205 3567 ac
1237 3515 1432 3577 αἴτιον,
1474 3505 1753 3582 principi

1741 3506 1887 3565 ium.
1921 3507 2137 3578 Quare
2171 3514 2232 3567 et
2263 3506 2654 3568 Athanasius
2678 3508 2818 3583 ipse
2849 3515 3008 3569 orat.
3053 3527 3121 3581 ιι,
3148 3517 3373 3570 contra

115 3618 390 3676 Arianae
452 3614 700 3670 Patrem
755 3616 932 3668 vocat
967 3605 1172 3676 πηγὴν,
1205 3607 1439 3684 fontem
1494 3603 1644 3663 Filii
1673 3620 1688 3676 ;
1723 3611 1787 3664 et
1818 3604 2101 3665 Basilius
2135 3606 2433 3666 eumdem
2467 3607 2712 3668 Patrem
2746 3625 2888 3669 esse
2909 3609 3064 3670 dicit
3097 3619 3254 3688 ῥίζαν
3279 3620 3374 3672 καὶ

117 3721 316 3790 πηγὴν,
358 3711 643 3771 radicem
680 3718 734 3768 et
764 3711 1018 3786 fontem,
1051 3707 1327 3784 Spiritus
1359 3705 1587 3767 sancti.
1618 3703 1793 3764 Idem
1825 3706 1888 3765 S.
1917 3706 2094 3766 Pater
2153 3707 2220 3766 in
2253 3707 2443 3784 epist.
2478 3707 2562 3765 ad
2586 3708 3129 3786 Serapionem,ait
3161 3713 3366 3789 Spiri-

115 3825 244 3875 ωηι
278 3820 580 3873 sanctum
615 3811 746 3862 ἴδιον
765 3806 904 3862 εἶναι
928 3810 1048 3861 κατ’
1082 3807 1270 3860 οὐσίαν
1290 3804 1384 3860 τοῦ
1403 3804 1559 3870 Υἱοῦ,
1586 3821 1750 3882 prop

1733 3803 1922 3864 trium
1950 3823 2080 3866 esse
2107 3803 2447 3866 secundum
2474 3807 2890 3869 substantiam
2921 3811 3082 3870 Filii
3093 3831 3114 3878 ;
3142 3828 3220 3873 ex
3242 3830 3374 3890 quo

117 3917 299 3995 plane
333 3916 789 3994 consequitur,
830 3931 978 3976 eum
1022 3920 1239 3975 nostro
1298 3911 1582 3989 dogmati
1617 3906 1990 3981 adhaasisse,
2031 3909 2358 3988 siquidem
2391 3909 2682 3970 oratione
2729 3927 2772 3969 ιι
2807 3909 3008 3987 (juxta
3031 3910 3288 3992 aliquos
3323 3917 3372 3995 ι)

115 4028 338 4077 contra
370 4015 651 4075 Arianae
675 4015 789 4075 hac
823 4015 1070 4075 ratione
1105 4011 1327 4089 probat
1356 4011 1596 4071 Filium
1630 4025 1772 4069 esse
1807 4026 1886 4069 ex
1917 4011 2050 4070 Deo
2085 4010 2336 4089 (Patre),
2374 4017 2436 4072 et
2471 4011 2532 4071 in
2574 4013 2733 4072 Deo.
2772 4014 2981 4075 Verba
3006 4016 3149 4093 ejus
3176 4027 3369 4077 sunt:

125 4127 350 4194 Ἐπειδὴ
400 4127 515 4193 γὰρ
540 4126 568 4177 ό
617 4125 787 4190 Λόγος
853 4125 1001 4177 ἐστὶν
1036 4123 1168 4184 ἴδιος
1211 4125 1372 4191 φύσει
1405 4123 1504 4190 τῆς
1547 4126 1736 4190 οὐσίας
1800 4123 1889 4176 τοῦ
1916 4123 2076 4184 Θεοῦ,
2106 4123 2165 4187 ἐξ
2199 4122 2366 4176 αὐτοῦ
2387 4125 2444 4176 τέ
2469 4127 2610 4189 ἐστι,
2642 4125 2737 4178 καὶ
2764 4128 2822 4179 ὲν
2848 4127 3022 4199 αὐτῷ.
3063 4119 3375 4194 Quoniam

114 4220 321 4295 igitur
350 4215 618 4276 Verbum
641 4215 982 4291 proprium
1014 4222 1101 4273 est
1130 4223 1366 4275 natura
1391 4214 1756 4277 substantiis
1782 4216 1920 4287 Dei,
1965 4224 2018 4274 et
2052 4231 2131 4274 ex
2156 4216 2294 4292 ipso
2331 4225 2442 4287 est,
2478 4218 2620 4276 etin
2654 4218 2816 4294 ipso.
2858 4219 2978 4278 Sed
3042 4218 3372 4280 Athanasii

116 4336 297 4379 mens
329 4315 545 4378 adhuc
574 4314 812 4375 clarius
853 4315 1236 4391 perspicitur
1267 4332 1342 4374 ex
1371 4331 1448 4374 eo
1481 4318 1650 4392 quod
1689 4316 1952 4376 homilia
1986 4314 2022 4372 ῖι
2053 4314 2252 4391 (juxta
2277 4316 2527 4375 Graecos
2561 4315 2622 4393 3)
2656 4328 2882 4376 contra
2934 4318 3207 4379 Arianae
3231 4321 3319 4381 ait
3357 4343 3370 4380 :

114 4424 279 4485 Αὐτὸς
325 4417 504 4487 (Υἱὸς)
553 4417 684 4486 γὰρ,
721 4416 911 4486 ὥσπερ
941 4415 1263 4485 εἷρηται,τὸ
1299 4415 1521 4484 Πνεῦμα
1563 4414 1744 4468 δίδωσι
1777 4430 1791 4445 ⁸
1831 4415 1924 4466 καὶ
1963 4415 2064 4466 ὅσα
2126 4415 2240 4483 ἔχει
2268 4415 2330 4467 τὸ
2376 4416 2622 4485 Πνεῦμα,
2663 4417 2838 4470 ταῦτα
2895 4421 3048 4488 παρὰ
3068 4421 3158 4473 τοῦ
3186 4419 3365 4487 Λόγου

115 4519 247 4586 ἔχει,
284 4515 430 4590 ipse
463 4512 620 4570 enim
651 4508 930 4588 (Filius),
960 4518 1028 4568 ut
1059 4506 1295 4568 dictum
1337 4515 1451 4579 est,
1490 4506 1599 4566 dat
1630 4508 1939 4586 Spiritum
1987 4517 2307 4576 sanctum;
2369 4518 2424 4569 et
2463 4527 2838 4589 quaecunque
2869 4512 3048 4572 habet
3089 4516 3374 4594 Spiritus

118 4624 406 4682 sanctus,
465 4628 536 4668 ea
583 4628 620 4667 a
680 4607 872 4668 Verbo
941 4607 1202 4684 accipit.
1238 4607 1393 4667 Cum
1449 4623 1600 4668 vero
1637 4607 1913 4681 Spiritus
1970 4617 2228 4669 sanctus
2289 4608 2353 4667 in
2422 4609 2649 4684 primis
2705 4609 2930 4671 habeat
2989 4620 3274 4679 naturam
3311 4631 3373 4682 et

115 4713 501 4781 essentiam,
570 4709 717 4788 quis
774 4708 1066 4770 dubitare
1137 4715 1342 4785 potest
1391 4707 1551 4785 quin
1613 4707 2002 4768 Athanasius
2069 4709 2371 4780 senserit,
2442 4708 2605 4770 hanc
2659 4727 2808 4771 eum
2870 4729 2906 4773 a
2970 4715 3136 4778 Filio
3190 4738 3372 4783 rece-

116 4814 287 4891 pisse
302 4815 336 4872 τ

191 4919 252 4976 ’1.
298 4917 367 4976 S.
409 4915 694 4974 Joannes
726 4911 1247 4989 Chrysostomus,
1271 4925 1386 4969 seu
1420 4909 1588 4971 alius
1613 4916 1907 4973 vetustus
1939 4919 2161 4972 auctor
2192 4911 2478 4974 homilite
2506 4913 2595 4972 De
2627 4915 3063 4977 incarnatione
3093 4919 3371 4996 Domini,

116 5034 305 5095 quam
369 5015 829 5091 Chrysostomo
881 5013 1106 5074 tribuit
1159 5013 1425 5075 Photius
1482 5015 1624 5074 cod.
1682 5017 1757 5077 27

1728 5020 1825 5092 77,
1870 5029 1930 5081 Ὀ
1960 5027 2220 5095 Χριστὸς,
2255 5016 2506 5094 inquit,
2573 5026 2776 5080 ἔδωκεν
2829 5031 2962 5099 ἡμῖν
2992 5031 3053 5083 τὸ
3114 5033 3172 5098 ἐξ
3204 5034 3369 5086 αὑτοῦ

117 5121 368 5189 Πνεῦμα,
403 5117 696 5178 Christus
723 5111 894 5173 dedit
921 5114 1102 5174 nobis
1129 5114 1446 5191 Spiritum
1473 5126 1781 5190 sanctum,
1812 5120 1920 5198 qui
1951 5137 2031 5178 ex
2062 5119 2200 5197 ipso
2235 5125 2350 5176 est.
2407 5117 2789 5180 Anastasius
2838 5122 3106 5199 Sinaita,
3139 5127 3373 5186 Antio-

117 5224 371 5286 chenus
406 5217 777 5295 episcopus,
802 5213 867 5274 in
895 5213 1102 5292 primo
1133 5215 1222 5273 De
1247 5216 1439 5274 rectis
1468 5214 1758 5293 dogmatil

1730 5218 1859 5278 ibus
1896 5240 1914 5278 :
1947 5228 2057 5278 Καὶ
2091 5227 2198 5296 μὴν
2223 5229 2250 5280 ό
2280 5227 2490 5295 Κύριος
2518 5228 2734 5292 δεικνὺς
2759 5230 2891 5283 αὐτὸ
2912 5231 2970 5298 te
2997 5233 3163 5286 αὐτοῦ
3196 5235 3371 5303 ὑπάρ-

118 5355 251 5407 χειν,
279 5329 554 5402 ἐμφυσῶν
579 5329 692 5387 τοῖς
721 5325 992 5394 μαθηταῖς
1041 5323 1218 5391 ἔλεγε,
1247 5325 1467 5380 Λάϐετε
1498 5329 1739 5398 Πνεῦμα

1724 5329 1953 5396 rarior.
1995 5321 2074 5378 At
2112 5338 2257 5378 vero
2316 5321 2618 5382 Dominus
2670 5325 2999 5383 ostendens
3033 5345 3111 5386 ea?
3144 5338 3365 5389 semet-

118 5436 252 5508 ipso
295 5422 621 5503 Spiritum
651 5417 974 5485 exsistere,
1002 5417 1336 5496 insui/lane
1366 5416 1697 5497 discipulis
1721 5418 1891 5480 dixit
1922 5438 1940 5478 :
1973 5440 2000 5473 ε(
2030 5417 2316 5495 Accipite
2352 5419 2663 5496 Spiritum
2697 5432 3006 5484 sanctum.
3041 5446 3070 5479 ιι
3097 5427 3368 5488 Demum

120 5535 181 5592 S.
215 5531 507 5607 Symeon
532 5521 989 5596 Metaphrastes
1019 5517 1084 5592 in
1126 5516 1434 5594 Martyrio
1458 5519 1520 5578 S.
1556 5518 1761 5594 Diony

1729 5519 1849 5594 ysii
1884 5540 1898 5577 :
1932 5527 2006 5578 Τὸ
2040 5528 2478 5596 ἐκπορευόμενον
2511 5529 2677 5582 αὑτοῦ
2710 5531 2936 5600 Πνεῦμα
2994 5535 3086 5587 ἐπὶ
3141 5539 3208 5606 τῇ
3260 5537 3370 5589 τῶν

120 5638 372 5692 ἀπίστων
400 5625 574 5681 ἐθνῶν
598 5623 950 5691 καταπέμπει
1014 5623 1126 5684 τοῖς
1161 5619 1429 5692 μαθηταῖς
1457 5623 1668 5695 ὁδηγίᾳ’
1702 5617 1761 5678 σι

1728 5617 1992 5678 ῗΙινὶετιιε
2021 5617 2455 5696 procedentem
2485 5638 2522 5678 a
2548 5638 2611 5679 se
2640 5620 2954 5699 Spiritum
2979 5623 3061 5685 ad
3093 5625 3369 5690 infideles

123 5719 517 5791 deducendas
552 5723 788 5793 gentes,
820 5715 890 5774 in
916 5711 1263 5790 discipulos
1305 5714 1607 5775 immittit.

475 5825 753 5884 PATROL.
799 5821 914 5880 Gn.
961 5818 1214 5878 CXXV.
2927 5824 2996 5882 l5
