4156 6440
783 399 891 463 459
1822 406 2200 465 BONIFACII
2238 403 2539 463 FINETTI
2586 402 2976 461 PIIASFATH')
3934 400 4046 461 460

873 516 1165 575 XXXIII.
1196 516 1334 576 Alia
1372 518 1553 596 plura
1576 520 1938 578 Graecorum
1974 522 2224 579 Patrum
2259 519 2625 579 testimonia
2670 518 2772 577 hic
2810 535 2961 577 sane
3016 532 3363 593 congerere
3401 530 3679 590 possem,
3711 530 3843 593 quo
3868 532 4043 574 eon-

788 624 960 674 stans
994 614 1367 675 eorumdem
1418 618 1668 676 Patrum
1732 617 1811 677 de
1844 617 2084 693 Spiritu
2137 626 2356 675 sancto
2408 633 2439 676 a
2481 616 2645 675 Filio
2683 616 3063 690 procedente
3100 615 3425 675 sententia
3464 614 3665 689 magis
3697 612 4043 689 magisque

788 714 1206 775 elucesceret.
1230 716 1355 775 Sed
1389 732 1462 773 ex
1495 712 1794 790 superius
1824 714 2033 774 allatis
2078 715 2231 774 satis
2265 730 2595 790 superque
2628 721 3023 790 compertum
3062 729 3206 772 esse
3229 712 3534 785 arbitror,
3567 729 3758 791 quam
3792 722 4044 773 temere

798 817 1366 895 imprudenterque
1403 818 1739 895 protulerit
1769 818 2285 895 Theopliylactus
2319 834 2389 877 ea
2419 817 2603 878 verba
2642 840 2655 877 :
2691 816 2956 877 Ostende
3012 816 3191 875 nobis
3222 817 3499 885 Patrem,
3527 822 3648 875 etc.
3673 816 3800 874 Nos
3835 814 4047 873 multo

796 916 1026 994 potiori
1056 918 1199 995 jure
1232 924 1289 976 et
1322 915 1534 993 ipsum
1570 916 2117 995 'I‘lieOphylactum
2144 925 2203 977 et
2236 925 2466 976 nostra:
2505 916 2708 976 relatis
2750 915 3091 976 Pliotianos
3134 930 3475 989 provocare
3512 930 3886 992 possumus,
3934 924 4037 971 at-

793 1037 919 1095 que
955 1020 1185 1078 iterum
1214 1018 1575 1097 iterumque
1604 1030 1931 1096 repetere:
1965 1018 2286 1080 Ostendite
2315 1020 2494 1079 nobis
2532 1020 2772 1092 Patres,
2794 1018 2981 1078 etiam
3012 1036 3087 1079 ex
3123 1019 3387 1091 Grmcis,
3414 1019 3525 1095 qui
3560 1025 3703 1077 ante
3730 1015 4042 1075 Photiana

793 1128 1078 1194 tempora
1107 1118 1347 1178 diserte
1382 1120 1753 1197 negaverint
1810 1120 2118 1196 Spiritum
2170 1128 2460 1182 sanctum
2492 1138 2525 1181 a
2565 1120 2733 1180 Filio
2772 1119 3140 1196 procedere.
3176 1121 3416 1180 Verum
3451 1118 3701 1179 etiamsi
3739 1115 3848 1175 diu
3878 1116 4048 1173 mul-

795 1226 1041 1293 tumque
1060 1219 1428 1295 fatigentur,
1467 1234 1589 1276 non
1616 1217 1772 1277 alios
1798 1217 2101 1294 profecto,
2132 1220 2348 1297 specie
2383 1219 2621 1297 aliqua,
2658 1220 3008 1297 producere
3034 1227 3306 1297 queunt,
3333 1236 3525 1297 quam
3553 1218 4043 1277 Theodoretum

796 1329 854 1377 et
885 1322 1340 1382 Damascenum
1376 1338 1688 1397 :quorum
1725 1322 1884 1381 alter
1915 1324 2025 1383 hac
2055 1323 2277 1383 saltem
2309 1324 2370 1383 in
2406 1342 2469 1384 re
2501 1322 2809 1401 probatus
2847 1322 3063 1397 procul
3101 1322 3303 1383 dubio
3334 1338 3463 1381 non
3496 1328 3628 1393 est;
3667 1338 3811 1381 cum
3850 1318 4045 1380 verba

797 1417 981 1476 nobis
1014 1418 1254 1495 objecta
1282 1418 1343 1478 in
1379 1431 1457 1475 eo
1486 1425 1737 1477 exstent
1776 1419 1996 1479 libello
2023 1437 2215 1497 quem
2256 1436 2366 1496 pro
2395 1421 2692 1480 Nestorio
2719 1420 2923 1480 edidit
2973 1428 3193 1481 contra
3230 1419 3572 1498 Cyrillum,
3605 1420 3852 1496 quique
3886 1434 4045 1493 pro-

798 1527 1013 1593 pterea
1041 1525 1338 1597 tanquam
1376 1520 1711 1581 haereticus
1754 1518 1834 1578 ab
1865 1518 2144 1580 Ecclesia
2192 1520 2589 1596 proscriptus
2622 1519 2684 1579 in
2724 1521 2947 1597 quinta
2975 1522 3225 1599 synodo
3258 1528 3354 1581 est
3388 1520 3837 1601 (prastat-quam
3863 1519 4046 1597 quod

800 1637 929 1681 non
962 1619 1171 1680 solum
1212 1640 1287 1679 ex
1323 1622 1517 1692 Filio,
1554 1622 1665 1680 sed
1700 1620 1890 1679 etiam
1950 1637 2065 1696 per
2095 1620 2333 1679 Filium
2362 1637 2530 1689 esse,
2587 1619 2932 1696 inﬁciatur)
2968 1640 2982 1679 :
3017 1622 3177 1681 alter
3213 1639 3384 1693 vero,
3420 1620 3674 1681 tametsi
3717 1622 3948 1680 doctus
3984 1633 4049 1681 et

803 1721 968 1794 pius,
1003 1737 1144 1780 cum
1179 1722 1466 1782 ﬂoruerit
1500 1722 1733 1783 saeculo
1764 1721 2068 1781 duntaxat
2098 1728 2341 1793 octavo,
2380 1718 2749 1781 nullatenus
2805 1729 2899 1780 est
2939 1740 3081 1782 cum
3138 1721 3528 1795 Athanasiis,
3571 1722 3850 1794 Basiliis,
3892 1723 4050 1801 Epi-

804 1822 1078 1899 phaniis,
1115 1826 1374 1902 Cyrillis
1404 1826 1683 1904 aliisque
1719 1825 2037 1893 Palrilius,
2074 1825 2184 1902 qui
2215 1823 2497 1901 dogmati
2524 1832 2740 1885 nostro
2795 1833 3009 1901 aperte
3040 1824 3278 1896 favent,
3334 1825 3712 1886 auctoritate
3777 1840 4047 1899 compa-

806 1927 1061 1986 randus.
1098 1928 1266 1999 Quid
1311 1944 1484 1998 vero,
1522 1928 1573 1987 si
1616 1946 1693 1987 ne
1728 1928 1836 1988 ille
1868 1928 2128 2005 quidem
2168 1927 2351 1987 nobis
2393 1928 2601 2003 reipsa
2634 1927 3053 1987 adversetur?
3091 1928 3407 2003 Equidem
3452 1926 3565 1987 lib.
3601 1944 3642 1994 I,
3674 1928 3754 1984 De
3784 1926 3901 2002 ﬁde
3934 1942 4045 1981 or-

804 2028 1104 2098 thodoxa,
1140 2048 1275 2105 cap.
1309 2032 1405 2099 11,
1444 2034 1572 2090 haec
1594 2030 1781 2092 habet
1827 2050 1839 2090 Ξ
1873 2041 1976 2091 Τὸν
2017 2039 2073 2091 δὲ
2110 2040 2237 2092 Υἱὸν
2266 2039 2437 2093 αἴτιον

2411 2060 2437 2093 ν
2458 2041 2517 2092 οὐ
2547 2040 2799 2109 λέγομεν,
2828 2032 3062 2091 Filium
3086 2044 3229 2089 vero
3268 2048 3394 2089 non
3433 2027 3698 2089 dicimus
3723 2036 4050 2086 auctorem

802 2150 917 2192 seu
951 2133 1368 2210 principium.
1412 2136 1476 2194 Et
1501 2134 1690 2210 paulo
1725 2145 1903 2212 post:
1946 2145 2038 2197 Ἐκ
2069 2144 2162 2197 τοῦ
2198 2145 2322 2197 Υἱοῦ
2358 2145 2419 2197 τὸ

2410 2173 2419 2196 ,
2446 2144 2677 2212 Πνεῦμα·
2703 2146 2763 2197 οὐ
2797 2147 3051 2215 λέγομεν,
3080 2146 3307 2216 Πνεῦμα
3334 2145 3389 2199 δὲ
3418 2146 3548 2204 Υἱοῦ
3579 2147 3943 2220 ὀνομάζομεν,
3968 2154 4051 2195 ex

804 2232 971 2290 Filio
1002 2242 1203 2290 autem
1234 2234 1545 2309 Spiritum
1580 2254 1705 2294 non
1764 2234 2028 2296 dicimus
2056 2239 2163 2317 (α),
2197 2235 2302 2295 sed
2331 2256 2463 2296 eum
2503 2238 2658 2297 Filii
2687 2238 3003 2313 Spiritum
3040 2240 3467 2300 nominamus.
3500 2246 3574 2302 Et
3613 2258 3750 2318 cap.
3788 2242 3860 2299 13
3889 2262 3902 2297 :
3939 2247 4053 2299 Καὶ

809 2328 932 2379 Ποῦ
964 2328 1017 2380 δὲ
1039 2330 1097 2380 τὸ
1126 2330 1346 2399 “suum
1380 2331 1476 2400 οὐχ
1512 2332 1587 2394 ὡς
1610 2334 1666 2398 ἐξ
1691 2336 1877 2400 αὑτοῦ,
1902 2335 2017 2388 ἀλλ’
2054 2337 2126 2399 ὡς
2154 2336 2221 2388 δι’
2254 2335 2418 2389 αὑτοῦ
2467 2336 2533 2387 ὲκ
2583 2334 2677 2388 τοῦ
2713 2336 2925 2406 Πατρὶς
2973 2338 3409 2406 ἐκπορευόμενον
3438 2356 3451 2369 ο
3491 2341 3651 2409 μόνος
3676 2344 3784 2408 γὰρ
3819 2340 3995 2398 αἴτιος
4022 2340 4054 2387 ὁ

805 2430 1016 2497 Πατήρ.
1049 2421 1167 2481 Sed
1200 2432 1255 2481 et
1286 2424 1443 2485 Filii
1472 2426 1754 2501 Spiritus
1778 2438 1897 2500 est;
1924 2447 2051 2488 non
2074 2440 2366 2507 tanquam
2398 2448 2475 2489 ex
2498 2430 2660 2506 ipso,
2704 2428 2810 2488 sed
2839 2428 3003 2508 quod
3025 2448 3137 2507 per
3160 2431 3364 2508 ipsum
3386 2451 3462 2492 ex
3482 2433 3670 2492 Patre
3698 2433 4050 2509 procedat:

799 2518 972 2578 solus
1010 2523 1171 2580 enim
1202 2522 1395 2582 Pater
1422 2534 1647 2586 auctor
1676 2545 1783 2586 seu
1808 2530 2202 2605 principium
2237 2538 2350 2586 est.

887 2649 1183 2709 XXXIV.
1220 2652 1355 2710 Non
1391 2653 1784 2728 negaverim,
1827 2654 2012 2713 verba
2048 2655 2185 2716 hinc
2218 2658 2401 2718 nobis
2445 2660 2507 2718 in
2544 2658 2825 2736 speciem
2870 2674 3009 2717 esse
3048 2662 3357 2721 contraria
3407 2682 3423 2720 :
3465 2676 3576 2737 pro
3607 2668 3778 2721 certo
3808 2668 4022 2719 tamen

810 2748 1144 2820 habemus,
1178 2752 1552 2811 Damasceui
1611 2761 1886 2813 mentem
1921 2771 1954 2813 a
1988 2754 2279 2833 dogmate
2330 2759 2502 2835 quod
2554 2769 2812 2817 tuemur
2844 2756 3105 2817 minime
3136 2776 3278 2819 esse
3315 2759 3614 2821 alienam.
3658 2760 3811 2819 Nam
3854 2758 4046 2835 juxta

805 2854 1125 2911 diversam
1166 2853 1491 2914 notionem
1524 2864 1582 2914 et
1609 2855 1839 2925 ideam,
1868 2872 2008 2933 qua:
2039 2858 2378 2934 subjicitur
2411 2858 2737 2935 particula)
2768 2867 2845 2930 ἐξ,
2880 2876 2976 2921 ex.
3011 2866 3073 2916 et
3125 2858 3373 2919 nomini
3404 2869 3596 2930 αἴτιος,
3626 2858 4049 2934 principium,

807 2952 906 3011 vel
943 2950 1237 3013 aﬂirmari
1287 2963 1513 3031 potest,
1551 2956 1649 3015 vel
1685 2957 1876 3017 etiam
1940 2958 2178 3034 negari,
2213 2976 2355 3018 cum
2389 2958 2693 3035 Spiritum
2761 2966 3049 3019 sanctum
3110 2975 3253 3019 esse
3290 2979 3367 3020 ex
3420 2961 3613 3030 Filio,
3644 2970 3775 3017 tum
3814 2960 4052 3017 Filium

812 3055 1431 3131 atmv,principium
1462 3073 1604 3116 esse
1635 3057 1914 3134 Spiritus
1942 3058 2168 3117 sancti.
2206 3061 2356 3119 Nam
2390 3060 2443 3117 si
2476 3060 2597 3117 vim
2631 3057 2895 3117 istiusce
2934 3059 3105 3116 vocis
3138 3058 3463 3135 inspicias,
3484 3061 3611 3119 duo
3645 3056 4055 3133 haecsigniti-

808 3163 925 3227 cat,
962 3155 1205 3215 scilicet
1241 3172 1380 3215 esse
1422 3156 1715 3232 primum,
1759 3164 1818 3217 et
1845 3174 1985 3216 esse
2017 3173 2271 3217 causam
2305 3156 2591 3225 alterius,
2624 3156 3068 3232 cujuscunque
3092 3155 3173 3217 sit
3203 3158 3457 3235 generis
3494 3175 3707 3219 causa.
3740 3160 3856 3218 Sed
3901 3171 3964 3221 et
3997 3168 4057 3220 τὺ

804 3257 1079 3333 primum
1102 3258 1371 3333 spectari
1411 3256 1755 3331 dupliciter
1789 3264 2036 3333 potest;
2066 3256 2162 3316 vel
2198 3257 2503 3329 absolute,
2540 3274 2685 3316 cum
2721 3256 2881 3315 nihil
2917 3258 2982 3317 in
3010 3275 3085 3318 eo
3129 3275 3365 3334 genere
3409 3260 3589 3336 prius
3625 3277 3767 3319 esse
3804 3259 4055 3319 intelli—

807 3356 1011 3431 gitur;
1046 3357 1141 3416 vel
1168 3358 1452 3429 relative,
1489 3357 1786 3416 nimirum
1820 3357 1884 3415 in
1920 3356 2147 3417 ordine
2203 3359 2278 3416 ad
2313 3356 2510 3423 aliud,
2556 3356 2726 3432 quod
2765 3373 2841 3415 ex
2876 3355 2991 3416 illo
3044 3366 3393 3433 promauat.
3432 3360 3683 3434 Duplex
3714 3361 3906 3418 etiam
3951 3373 4052 3420 est

806 3464 981 3525 αἰτία,
1019 3472 1210 3513 causa
1240 3475 1258 3513 :
1292 3453 1482 3513 altera
1512 3452 1975 3530 primordialis,
2005 3472 2120 3515 seu
2152 3454 2554 3531 primigenia,
2586 3471 2731 3531 quae
2766 3457 3157 3530 producendi
3198 3459 3320 3518 vim
3356 3460 3437 3519 ab
3466 3461 3591 3520 alia
3625 3477 3750 3521 non
3792 3464 4055 3538 recipit,

810 3555 919 3615 sed
973 3555 1157 3615 habet
1208 3570 1241 3613 a
1300 3570 1401 3625 se;
1438 3570 1705 3630 eamque
1755 3554 1960 3615 Graeci
2014 3554 2389 3632 appellitant
2422 3566 2945 3634 προκαταρκτικήνς
2985 3558 3108 3618 alia
3144 3577 3290 3619 vero
3329 3562 3624 3633 secunda,
3659 3580 3804 3639 qua)
3843 3580 4061 3626 causa:

814 3656 1084 3733 principi
1122 3655 1407 3732 subjecm
1436 3663 1550 3725 est,
1582 3663 1796 3729 utpote
1835 3674 1911 3716 ex
1946 3673 2068 3733 qua
2094 3657 2323 3733 agendi
2368 3657 2492 3715 vim
2546 3657 2812 3730 obtinet,
2860 3668 2918 3717 et
2953 3676 3226 3736 quacum
3268 3669 3571 3737 Operatur
3600 3670 3661 3722 et
3690 3664 3819 3739 agit
3858 3666 4060 3740 quid-

810 3758 960 3835 quid
995 3758 1148 3834 agit.
1189 3758 1261 3816 Ut
1296 3759 1569 3833 priorem
1608 3757 1778 3817 illam
1809 3756 2171 3834 exprimaut
2204 3758 2431 3831 Graeci,
2460 3758 2864 3835 frequentius
2895 3768 3165 3819 utuntur
3193 3760 3503 3835 particula
3531 3769 3617 3832 ἐξ,
3643 3778 3760 3827 ex;
3801 3771 3867 3821 ut
3897 3780 4056 3821 vero

810 3856 1099 3917 indicent
1135 3855 1580 3930 posteriorem,
1620 3854 1999 3932 plerumque
2028 3854 2331 3915 adhibent
2357 3854 2725 3931 particulam
2757 3852 2865 3926 διὰ,
2889 3873 3025 3932 per.
3061 3858 3137 3916 Et
3174 3856 3268 3915 ha:
3295 3856 3557 3934 quidem
3593 3859 3918 3930 particulae
3942 3877 4018 3920 ac

810 3954 1342 4018 commodatiores
1396 3953 1502 4014 tali
1534 3953 1755 4013 sensui
1799 3953 2129 4013 fundendo
2152 3962 2301 4013 sunt
2338 3978 2351 4014 :
2386 3972 2527 4013 nam
2594 3955 2897 4031 particula
2928 3955 3009 4024 ἐξ,
3064 3974 3164 4027 ex,
3201 3953 3363 4013 nihil
3422 3973 3532 4031 per
3561 3974 3629 4015 se
3662 3956 3897 4016 indicat
3946 3968 4061 4017 aut

813 4060 1121 4136 supponit
1158 4058 1441 4119 anterius
1484 4075 1497 4116 :
1537 4076 1755 4119 verum
1794 4058 2100 4135 particula
2137 4068 2246 4129 διὰ,
2284 4075 2418 4133 per,
2449 4058 2528 4118 ita
2561 4076 2766 4120 causaa
2806 4077 2920 4119 seu
2956 4057 3252 4135 principii
3290 4056 3597 4116 rationem
3631 4058 3951 4134 exprimit,
3992 4070 4060 4117 ut

814 4165 1089 4242 priorem
1123 4162 1312 4222 aliam
1346 4171 1406 4223 et
1438 4161 1696 4239 quidem
1727 4160 2078 4238 principem
2128 4179 2385 4222 causam
2421 4162 2619 4221 menti
2674 4161 2992 4221 exhibeat.
3044 4161 3501 4219 Verumtamen
3564 4158 3831 4218 istarum
3863 4177 4057 4218 usum

814 4262 1273 4337 particularum
1304 4278 1427 4322 non
1465 4264 1542 4321 ita
1575 4262 1773 4323 Graeci
1830 4269 2170 4333 coarctant,
2202 4262 2356 4337 quin
2392 4270 2453 4321 et
2488 4262 2792 4338 particula
2823 4261 2901 4323 ἐξ.
2935 4280 3035 4331 ex,
3070 4277 3276 4320 causa)
3307 4259 3613 4329 secundm,
3649 4269 3709 4319 et
3745 4260 4059 4333 particula

814 4365 925 4437 διὰ,
954 4381 1089 4441 per,
1128 4362 1595 4440 primordialis,
1630 4379 1745 4422 seu
1775 4363 2257 4431 προκαταρκτικῆς
2289 4363 2452 4441 signi

2414 4363 2721 4424 iiticanda)
2751 4363 2950 4441 gratia
2989 4362 3316 4422 interdum
3350 4368 3645 4429 utantur;
3670 4359 3919 4435 quoties
3954 4362 4055 4417 ni—

817 4469 1049 4527 mirum
1098 4467 1159 4525 in
1214 4466 1340 4524 illis
1390 4467 1599 4524 solum
1659 4464 2015 4539 inSpiciunt
2048 4465 2581 4540 signiﬁcationem
2617 4466 2816 4537 illam,
2852 4466 2918 4525 in
2944 4481 3067 4541 qua
3118 4465 3317 4525 amba:
3363 4462 3782 4527 conveniunt,
3818 4476 4057 4534 nempe

815 4582 1022 4627 causa:
1072 4564 1544 4643 qualiscunque
1580 4562 1929 4634 rationem;
1962 4562 2252 4641 adeoque
2283 4564 2360 4623 ad
2394 4582 2724 4626 causarum
2778 4564 3146 4631 discrimen,
3206 4561 3312 4623 cui
3348 4559 3764 4637 signiﬁcando
3823 4559 3921 4617 vel
3958 4558 4058 4617 in-

813 4664 1077 4728 nuendo
1110 4664 1306 4740 magis
1331 4664 1622 4724 videntur
1659 4662 1931 4731 idonem,
1966 4662 2229 4723 minime
2260 4664 2617 4724 attendunt.
2656 4664 2826 4724 Hinc
2871 4679 3022 4724 vero
3060 4660 3478 4739 perSpicuum
3516 4660 4055 4736 exploratumque

815 4770 908 4841 tit,
934 4767 1118 4843 juxta
1144 4766 1460 4825 diversam
1493 4764 1716 4823 harum
1755 4763 2207 4840 particularum
2240 4762 2567 4823 notionem
2588 4762 2879 4823 atiirmari
2911 4778 3122 4840 posse,
3155 4760 3456 4836 Spiritum
3490 4769 3773 4818 sanctum
3813 4776 3943 4815 esse
3976 4777 4059 4816 ex

816 4868 1012 4941 Filio,
1038 4876 1100 4928 et
1124 4886 1250 4926 non
1274 4885 1401 4925 esse
1432 4885 1510 4925 ex
1539 4866 1733 4937 Filio,
1771 4882 1898 4923 esse
1936 4883 2015 4923 ex
2059 4863 2247 4923 Patre
2275 4882 2390 4941 per
2419 4865 2678 4936 Filium,
2714 4872 2776 4925 et
2808 4882 2933 4923 esse
2974 4880 3091 4940 per
3146 4861 3394 4920 Patrem
3426 4868 3480 4919 et
3534 4859 3784 4917 Filium.
3820 4857 4061 4931 Reipsa

815 4967 1213 5045 multiplices
1241 4967 1353 5028 has
1388 4965 1695 5044 loquendi
1733 4965 2008 5026 rationes
2035 4966 2101 5025 in
2140 4965 2375 5025 Graecis
2402 4966 2686 5027 Patribus
2720 4964 3011 5043 reperiri,
3057 4982 3133 5025 ex
3167 4979 3389 5024 eorum
3423 4960 3728 5029 textibus,
3763 4973 3926 5031 quos
3957 4969 4019 5016 at
4042 4992 4060 5004 -

815 5070 1084 5133 tulimus
1114 5084 1330 5146 supra,
1360 5066 1757 5144 exploratum
1791 5076 1907 5127 est.
1946 5065 2044 5127 Sic
2076 5065 2292 5144 itaque
2347 5072 2408 5127 et
2451 5065 2827 5127 Damasceni
2861 5063 3052 5125 verba
3094 5062 3283 5123 nobis
3315 5060 3559 5138 objecta
3588 5057 3909 5135 explicare
3949 5072 4063 5131 par

814 5176 936 5241 est,
967 5168 1140 5245 quod
1180 5183 1409 5242 nempe
1471 5164 1817 5236 inﬁcietur,
1852 5164 2156 5241 Spiritum
2220 5162 2371 5236 dici,
2397 5180 2455 5223 at

2420 5174 2505 5223 tut
2563 5181 2691 5221 esse
2749 5181 2828 5221 ex
2878 5162 3069 5233 Filio,
3105 5168 3408 5237 tanquam
3436 5156 3496 5220 ὲξ
3525 5156 3704 5216 αἰτίας
3732 5168 4061 5223 προκαταρ-

816 5267 1029 5333 κτικῆς,
1061 5283 1093 5326 a
1138 5284 1324 5325 causa
1358 5265 1730 5341 primigenia
1756 5279 1826 5323 ac
1854 5262 2259 5340 primordiali
2288 5262 2634 5339 principio,
2662 5262 2831 5340 quod
2875 5277 3002 5321 non
3036 5258 3113 5320 ab
3157 5258 3284 5319 alio
3319 5254 3710 5335 producendi
3754 5253 4061 5315 virtutem

816 5367 1168 5445 acceperit;
1200 5375 1391 5445 atque
1432 5368 1546 5425 hac
1578 5366 1818 5425 ratione
1848 5364 2056 5425 solum
2102 5369 2342 5424 Patrem
2372 5380 2512 5423 esse
2565 5366 2757 5427 αἴτιον,
2797 5375 3110 5423 auctorem
3142 5360 3281 5421 sive
3325 5359 3716 5439 principium
3766 5358 3962 5433 (quod
4000 5366 4063 5416 et

820 5486 935 5532 nos
970 5470 1417 5532 lubentissime
1451 5467 1806 5529 asserimus
1842 5484 1913 5527 ac
1946 5468 2316 5544 probamus)
2356 5490 2369 5525 :
2404 5482 2527 5526 nou
2582 5474 2794 5526 autem
2853 5473 3063 5541 neget,
3092 5463 3404 5540 Spiritum
3435 5478 3579 5523 esse
3612 5478 3693 5522 ex
3715 5459 3881 5519 Filio
3914 5469 4061 5520 tau-

889 5672 1375 5796 (ἓὶΐΜὶι-υηι,3υοι1
1404 5672 1643 5740 proferre
1674 5672 1779 5727 hoc
1808 5670 2045 5739 potuerit
2078 5670 2463 5732 Datitasccuus,
2503 5682 2625 5720 cum
2664 5674 2773 5718 tam
2812 5666 2961 5721 multi
2986 5665 3176 5721 Patres
3229 5673 3357 5721 ante
3413 5678 3539 5719 eum
3606 5662 3865 5725 dixerint,
3936 5675 4064 5716 esse

954 5746 969 5796 i
996 5761 1065 5796 to.
1092 5752 1149 5796 ut
1170 5746 1219 5796 vi
1264 5745 1424 5796 imus.

818 5761 882 5800 ex
904 5745 1065 5807 Filio,
1092 5752 1149 5797 ut
1170 5745 1424 5798 vidimus.
