4156 6440
167 410 266 471 4.51
635 409 640 414 ε
1027 406 1103 463 α
1148 402 1576 474 enoiznrrm
1613 403 2192 467 TllEOPm'LACTI
2249 406 2586 472 SCRIPI‘A.
3304 407 3411 472 ηε

171 535 365 595 quam
424 535 494 577 ex
560 532 772 586 causa,
829 531 946 573 seu
997 513 1315 590 principio
1354 511 1754 582 secundario,
1801 513 1972 592 quod
2046 517 2241 577 simu!
2297 535 2440 578 cum
2510 521 2688 578 Patre
2751 520 3051 594 Operetur
3085 559 3099 586 ,
3155 525 3216 580 et
3265 525 3406 598 qui-

172 623 318 677 dem
352 619 570 678 eadem
606 615 807 675 Patris
843 615 1078 677 virtute
1109 613 1236 673 sibi
1277 613 1766 687 communicata,
1803 622 1860 676 et
1897 616 1958 675 in
1998 625 2449 693 se,rquatenus
2485 628 2580 679 est
2634 634 2824 676 unum
2865 640 3001 680 cum
3049 623 3261 696 Patre,
3305 641 3409 686 rc-

172 728 377 794 cepta,
426 717 752 793 producat.

252 817 521 877 XXXV.
559 815 654 873 Ah
691 815 808 874 hoc
843 813 1179 877 iniiciando
1214 813 1466 874 alienus
1504 814 1663 874 adeo
1701 816 2066 876 censendus
2113 825 2208 877 est
2259 820 2708 892 Damascenus,
2753 828 2821 880 ut
2860 825 3072 898 potius
3130 827 3194 887 id
3235 846 3414 891 asse-

174 934 312 977 rere
351 916 811 991 intelligendus
844 913 925 971 sit
956 930 1035 973 eo
1066 914 1203 987 ipso
1235 913 1407 988 quod
1444 913 1694 982 subdat,
1727 914 2038 990 Spiritum
2089 923 2376 977 sanctum
2421 935 2549 977 esse
2588 936 2700 995 per
2725 921 2984 982 Filium.
3023 924 3190 996 Quid
3236 927 3409 988 enim

172 1020 596 1086 Damasceno,
633 1015 790 1090 quid
827 1013 1073 1074 casteris
1118 1012 1404 1071 Pati-ibus
1437 1013 1546 1089 qui
1581 1014 1694 1072 hac
1729 1014 2034 1090 loquendi
2061 1013 2328 1075 formula
2365 1016 2462 1077 usi
2499 1016 2702 1088 fuere,
2731 1018 3040 1095 signiticet
3070 1021 3272 1093 aliud,
3304 1033 3413 1084 aut

170 1119 537 1195 signiﬁcare
570 1121 760 1193 queat
788 1123 849 1175 τὸ
873 1130 988 1188 pcr
1048 1110 1303 1182 Filium,
1343 1129 1554 1190 neque
1602 1129 1746 1188 ego,
1780 1130 1992 1190 neque
2046 1113 2214 1173 alius
2273 1116 2591 1193 quispiam
2658 1116 2994 1193 intelliget.
3030 1121 3181 1180 Cum
3233 1122 3408 1182 enim

170 1217 485 1296 particuia
518 1224 626 1287 διὰ,
660 1233 801 1293 per,
829 1214 948 1274 tria
973 1216 1174 1274 valeat
1206 1213 1514 1286 indicare,
1549 1232 1779 1292 nempe
1811 1234 2059 1275 causam
2090 1217 2476 1294 efﬁcientem,
2515 1218 2865 1293 praisertim
2897 1235 3043 1297 qua)
3093 1231 3230 1296 agat
3277 1223 3406 1282 vir-

166 1329 299 1380 tute
363 1319 446 1377 ab
483 1317 613 1376 alio
660 1323 944 1392 recepta;
986 1315 1254 1392 insuper
1283 1313 1495 1373 solum
1538 1315 2023 1375 instrumentum
2067 1316 2371 1381 inanima;
2405 1331 2476 1377 ac
2526 1316 2790 1377 demum
2857 1320 3208 1380 vehiculum
3235 1322 3411 1382 iners

168 1419 346 1478 nulla
384 1416 726 1492 praeditum
759 1416 1053 1492 energia;
1093 1413 1367 1487 primum
1397 1413 1803 1474 solummodo
1840 1422 2046 1491 potest
2087 1416 2165 1474 ab
2223 1414 2397 1474 omni
2429 1413 2916 1490 imperfectione
2937 1418 3216 1496 sejungi,
3253 1421 3408 1481 reli-

161 1535 290 1597 qua
323 1518 463 1576 duo
502 1514 900 1576 manifestam
935 1512 1483 1590 imperfectionem
1532 1512 1891 1573 involvunt.
1929 1515 2019 1572 Iis
2050 1528 2179 1590 quo
2217 1529 2624 1592 consequens
2665 1523 2783 1589 est,
2821 1517 3193 1594 particulam
3240 1519 3411 1578 illam

164 1619 432 1680 nonnisi
486 1618 549 1677 in
598 1633 798 1676 sensu
838 1599 1050 1690 priore
1099 1628 1284 1689 posse
1318 1613 1386 1673 in
1428 1612 1670 1673 divinis
1711 1615 1789 1673 de
1857 1615 2028 1674 Filio
2087 1615 2438 1676 enuntiari.
2473 1616 2564 1675 lta
2605 1615 2802 1694 igitur
2843 1619 3278 1679 Damascenus
3310 1620 3410 1679 in-

166 1719 499 1780 tellexerit
533 1722 812 1792 Oportet,
850 1715 1162 1791 Spiritum
1195 1721 1486 1774 sanctum
1526 1714 1896 1789 procedere,
1930 1731 2049 1774 seu
2095 1729 2236 1774 esse
2268 1731 2381 1790 per
2436 1713 2692 1785 Filium,
2719 1715 2880 1775 sicut
2914 1732 3138 1777 omnes
3177 1716 3411 1779 Catho-

165 1827 259 1886 lici
300 1821 682 1898 intelligunt
707 1835 780 1878 ea
811 1817 1153 1891 Scripturm
1189 1815 1401 1888 verba,
1439 1814 1662 1876 Omnia
1713 1833 1829 1893 per
1861 1817 2063 1892 ipsum
2093 1817 2264 1891 facta
2317 1825 2465 1874 sunt
2494 1838 2513 1874 :
2556 1825 2618 1877 et
2649 1833 2774 1892 qua
2809 1818 3055 1879 ratione
3102 1820 3190 1880 ait
3220 1821 3409 1880 etiam

163 1923 480 2001 Cyrillus,
513 1937 662 1980 eum
698 1916 1044 1996 procedere
1073 1933 1191 1994 per
1210 1916 1486 1991 Patrem,
1524 1927 1590 1976 ut
1620 1931 1847 1992 nempe
1877 1914 2086 1975 Filius
2120 1915 2490 1978 nullatenus
2521 1919 2896 1980 excludatur
2926 1935 2958 1978 a
2985 1919 3413 1996 productione

162 2025 448 2099 Spiritus
494 2020 721 2091 sancti,
773 2020 1064 2096 adeoque
1112 2019 1204 2080 sic
1259 2019 1595 2080 statuenda
1626 2034 1730 2079 res
1755 2024 1856 2078 est
1888 2033 1902 2076 :
1943 2018 2124 2077 Pater
2149 2017 2354 2094 prima
2383 2027 2439 2078 ct
2467 2019 2937 2096 principaliter,
2969 2038 3083 2082 seu
3119 2023 3406 2099 primor-

160 2123 447 2197 dialitcr,
491 2127 990 2196 προκαταρκτικώς
1031 2117 1330 2193 producit
1393 2117 1700 2195 Spiritum
1733 2122 2024 2176 sanctum
2069 2124 2391 2193 quatenus
2438 2127 2668 2194 suapte
2708 2119 2943 2180 virtute
2981 2119 3224 2182 anullo
3279 2121 3408 2184 alio

165 2235 420 2303 recepta
460 2224 789 2302 producit;
816 2221 1107 2296 adeoque
1136 2219 1412 2296 primum
1453 2218 1721 2278 omnino
1752 2223 1868 2289 est,
1905 2215 2290 2295 nullumque
2329 2219 2764 2295 praesupponit
2797 2223 3108 2294 anterius,
3136 2239 3210 2284 ac
3269 2243 3414 2286 vere

163 2334 631 2405 προκαταρκτικὴ
660 2333 808 2387 αἰτία
845 2322 1123 2401 Spiritus
1169 2321 1392 2382 sancti.
1425 2320 1724 2380 Producit
1760 2331 1804 2380 el

1777 2319 1948 2380 etiam
1991 2336 2106 2396 per
2141 2319 2402 2393 Filium,
2435 2326 2752 2398 quatenus
2787 2322 2991 2386 virtus
3030 2325 3140 2386 illa
3179 2327 3418 2403 produ-

163 2433 320 2488 ctrix
371 2445 501 2488 una
535 2429 891 2503 eademque
946 2434 1044 2486 est
1075 2439 1220 2484 cum
1256 2423 1475 2481 divina
1531 2429 1753 2482 natura
1785 2421 1956 2482 Filio
2008 2421 2476 2483 communicata
2511 2429 2575 2482 et
2626 2423 2690 2483 in
2726 2423 2868 2501 ipso
2893 2435 3170 2503 recepta.
3200 2428 3414 2500 Quare

171 2530 474 2602 producit
520 2531 718 2588 etiam
758 2527 965 2586 Filius
997 2525 1059 2584 vi
1093 2532 1154 2585 et
1184 2524 1433 2584 actione
1462 2539 1493 2583 a
1538 2527 1716 2584 Patre
1758 2530 2052 2598 recepta;
2089 2538 2217 2583 non
2254 2521 2550 2599 producit
2601 2539 2753 2584 vero
2785 2526 3020 2586 virtute
3057 2527 3311 2604 pr0pria
3356 2536 3418 2590 et

164 2629 572 2705 primigenia,
607 2644 726 2687 seu
778 2642 968 2705 quam
996 2641 1124 2686 non
1175 2623 1492 2699 receperit
1537 2622 1615 2682 ab
1661 2622 1937 2696 ipsomet
1969 2625 2174 2692 Patre,
2209 2639 2423 2701 neque
2453 2623 2703 2686 actione
2731 2624 2984 2686 diversa
3018 2633 3082 2686 et
3113 2627 3418 2688 distincta

169 2736 240 2793 ab
265 2737 527 2793 actione
559 2731 780 2792 Patris.
815 2733 982 2792 Hinc
1012 2729 1066 2789 si
1103 2730 1304 2789 virtus
1333 2735 1396 2788 et
1428 2726 1592 2788 actio
1616 2725 1752 2799 illa,
1789 2742 1915 2803 qua
1947 2726 2324 2804 producitur
2357 2727 2636 2804 Spiritus
2670 2743 2956 2799 sanctus,
2993 2735 3316 2805 spectetur
3350 2741 3418 2792 ut

166 2853 199 2895 a
226 2837 412 2893 Patre
452 2837 733 2907 recepta,
773 2827 1222 2906 propriissime
1254 2825 1488 2885 dicitur
1535 2823 1814 2900 Spiritus
1851 2825 2202 2900 procedere
2227 2843 2268 2883 a
2301 2824 2496 2884 Patre
2523 2843 2642 2903 per
2671 2824 2947 2893 Filium;
2983 2835 3044 2886 at
3094 2829 3150 2888 si
3191 2832 3416 2892 eadem

170 2937 371 2993 virtus
408 2939 471 2991 et
506 2931 672 2990 actio
715 2929 1162 2989 consideretur
1206 2933 1275 2986 ut
1303 2923 1466 2986 facta
1512 2923 1642 3001 jam
1698 2922 1953 3000 prOpria
1988 2922 2169 2995 Filii,
2200 2924 2495 3000 adeoque
2523 2923 2764 2985 Filium
2795 2923 3104 2999 alliciens,
3136 2943 3417 3008 eumque

168 3035 580 3094 constituens
611 3039 916 3098 actorem,
951 3027 1046 3089 sic
1073 3027 1202 3087 dici
1232 3029 1376 3104 jure
1408 3025 1653 3102 Optimo
1679 3029 1906 3100 potest,
1937 3023 2246 3100 Spiritum
2277 3024 2469 3084 etiam
2503 3023 2850 3102 procedere
2879 3042 2983 3093 ex,
3014 3025 3172 3086 vela
3198 3027 3368 3087 Filio
3400 3049 3420 3088 :

171 3140 254 3197 ita
308 3146 531 3196 tamen
573 3141 640 3194 ut
672 3133 726 3193 si
766 3131 1093 3210 particulae
1125 3148 1202 3190 ea:
1236 3130 1528 3207 illigetur
1557 3119 1942 3204 signiﬁcatid
1966 3126 2356 3204 primigenii,
2396 3142 2512 3186 seu.
2560 3127 2756 3204 primi
2792 3127 3057 3187 omnino
3082 3129 3417 3207 principii,

170 3247 673 3319 πρηκιταρκτικῆς
703 3243 902 3303 αἰτίας,
947 3248 1134 3310 asque
1166 3231 1310 3308 jure
1345 3229 1563 3308 negari
1601 3228 1803 3304 possit

1785 3236 1826 3302 t,
1855 3228 2165 3303 Spiritum
2225 3227 2578 3303 procedere
2608 3244 2688 3287 ex
2719 3225 2908 3286 Filio.
2955 3228 3032 3288 Ut
3073 3229 3270 3306 igitur
3302 3248 3417 3308 pax

172 3349 229 3398 (ι
262 3337 623 3400 consensio
658 3351 771 3393 nos
805 3334 971 3392 inter
997 3341 1057 3392 et
1089 3335 1366 3401 Graaitos,
1389 3331 1597 3407 quoad
1629 3345 1906 3405 praesens
1935 3337 2122 3404 caput
2154 3331 2402 3398 attinet,
2441 3329 2937 3405 redintegretur,
2974 3346 3099 3391 non
3135 3332 3316 3392 aliud
3339 3337 3420 3394 ab

172 3446 266 3505 eis
304 3439 716 3519 postulamus
748 3451 936 3515 quam
999 3443 1067 3495 ut
1105 3433 1496 3511 aequissimis
1545 3433 1697 3493 huic
1753 3431 2109 3492 conditioni
2158 3433 2591 3509 acquiescant.
2648 3433 2772 3493 Nos
2827 3448 2972 3493 cum
3031 3435 3422 3497 Damasceno

170 3549 228 3598 οὐ
259 3547 520 3613 λέξομεν,
545 3540 796 3599 minimc
827 3539 1120 3608 dicemus,
1154 3535 1285 3596 imo
1329 3535 1545 3604 etiam,
1579 3535 1630 3593 si
1663 3531 1907 3604 malint,
1935 3532 2318 3607 negabimus,
2345 3533 2655 3610 Spiritum
2687 3539 2974 3594 sanctum
2999 3549 3144 3594 esse
3171 3550 3206 3593 a
3229 3534 3422 3603 Filio,

170 3649 479 3715 tanquam
505 3639 753 3698 scilicet
780 3653 858 3697 ex
878 3632 1284 3715 primordiali
1311 3632 1660 3711 principio,
1694 3643 1758 3692 ὲκ
1785 3657 1811 3691 τι

1785 3639 2268 3710 προκαταρκτικῆς
2302 3638 2506 3702 αἰτίας,
2538 3630 2840 3708 quodque
2863 3641 3166 3708 Operetur
3193 3633 3421 3694 virtute

171 3747 228 3797 et
262 3739 526 3798 actione
563 3737 817 3797 diversa
849 3753 882 3796 a
914 3734 1152 3794 virtute
1189 3740 1251 3793 et
1303 3731 1556 3792 actione
1589 3728 1813 3802 Patris,
1861 3737 1924 3791 et
1979 3745 2106 3791 non
2137 3728 2218 3790 ab
2258 3731 2487 3790 eodem
2541 3731 2720 3788 Patre
2767 3738 3043 3807 recepta.
3079 3733 3176 3792 Illi
3206 3741 3426 3796 contra

167 3818 523 3910 fateantur,
552 3836 865 3914 Spiritum
919 3851 954 3896 a
1014 3834 1184 3894 Filio
1221 3848 1387 3900 esse,
1423 3839 1724 3907 tanquam
1755 3847 1790 3892 a
1822 3829 2198 3890 sccundaria
2250 3845 2467 3901 causa,
2505 3830 2644 3890 sive
2693 3829 3008 3907 principio
3041 3834 3206 3894 Patri
3265 3837 3421 3896 suti-

162 3933 361 4009 jecto,
392 3937 762 4015 virtuteque
804 3935 882 3996 ab
911 3933 1185 4011 ipsomet
1227 3933 1409 3991 Patre
1445 3935 1694 4006 recepta
1718 3936 2044 4006 operante,
2078 3928 2207 3989 imo
2241 3939 2303 3989 et
2333 3929 2554 3990 eadem
2589 3929 2786 3988 Patris
2819 3927 3070 3992 actione
3109 3931 3232 3993 sibi
3254 3950 3428 3995 com-

171 4036 498 4095 municata
535 4053 658 4095 una
693 4049 839 4094 cum
875 4040 1097 4091 natura
1127 4028 1371 4088 divina.

254 4137 562 4200 XXXVI.
606 4134 704 4197 Nil
741 4149 934 4212 porro
967 4129 1438 4208 impedimento
1461 4142 1603 4186 esse
1636 4129 1866 4186 merito
1899 4132 2127 4201 potest,
2160 4125 2513 4203 quominus
2542 4124 2664 4197 sic,
2687 4133 2892 4186 amota
2923 4128 3178 4190 dissidii
3209 4149 3426 4194 causa,

172 4239 442 4318 tandem
474 4233 824 4312 aliquando
859 4231 1136 4292 invicem
1189 4229 1530 4289 redeamus
1560 4225 1626 4285 in
1661 4226 1948 4301 gratiam.
1991 4226 2158 4297 Quid
2210 4227 2407 4296 enim,
2441 4232 2548 4285 aut
2599 4241 2789 4302 quam
2823 4225 2906 4287 ob
2948 4245 3080 4289 rem
3133 4231 3422 4295 Photiani

174 4346 478 4418 pugnant
508 4344 726 4397 contra
756 4333 1009 4394 Latinos
1034 4333 1062 4389 Τ
1102 4347 1212 4408 pro
1252 4328 1615 4405 simplicine
1647 4340 1800 4385 voce
1840 4328 1920 4393 ἐξ,
1961 4345 2064 4396 ex,
2110 4343 2189 4387 an
2225 4342 2340 4404 pro
2378 4345 2442 4387 re
2500 4326 2854 4403 significata
2915 4343 3030 4404 per
3060 4345 3276 4391 vocem
3302 4335 3331 4390 ?
3361 4335 3422 4393 Si

177 4442 495 4518 primum,
531 4435 690 4494 nihil
728 4433 1085 4508 indignius,
1114 4431 1419 4508 quodque
1458 4431 1654 4508 magis
1685 4431 1994 4493 dedeceat
2029 4426 2337 4500 inclytam
2383 4429 2712 4488 nationem
2745 4427 3148 4502 Grmcorum;
3177 4431 3229 4490 si
3263 4431 3424 4492 alte-

176 4552 353 4604 tum,
387 4545 610 4609 quasso
651 4530 849 4606 igitur
905 4526 1252 4604 explicent,
1285 4541 1410 4602 qua
1446 4527 1692 4586 ratione
1748 4528 1924 4585 Pater
1961 4541 2075 4601 per
2103 4522 2343 4582 Filium
2401 4523 2707 4599 producat
2746 4525 3055 4602 Spiritum
3111 4535 3424 4602 sanctum,

173 4634 432 4706 absque
459 4645 534 4686 eo
570 4626 741 4702 quod
795 4633 1097 4699 aperetur
1126 4632 1190 4684 et
1218 4623 1427 4683 Filius
1458 4623 1533 4682 ad
1569 4623 2060 4700 productionem
2102 4619 2380 4698 Spiritus
2411 4621 2641 4693 sancti,
2673 4623 2967 4703 adeoque
3015 4626 3224 4704 reipsa
3270 4645 3426 4706 pro-

175 4731 370 4789 ducat
406 4749 422 4790 :
456 4726 517 4785 id
544 4724 713 4784 enim
750 4722 930 4782 nullo
958 4721 1186 4780 mentis
1219 4728 1450 4780 conatu
1490 4719 1769 4796 intelligi
1806 4727 2040 4797 potest.
2070 4721 2376 4779 Prmterea
2402 4718 2457 4780 si
2491 4720 2694 4782 Filius
2729 4723 3191 4799 productricem
3223 4727 3428 4788 Patris

175 4829 505 4890 actionem
539 4823 636 4882 vel
676 4820 888 4881 solum
922 4818 1172 4878 deferat
1205 4824 1501 4895 tanquam
1529 4819 1904 4882 vehiculum.
1950 4817 2045 4879 vel
2084 4820 2144 4878 in
2179 4835 2249 4878 se
2282 4825 2582 4896 tanquam
2627 4822 3112 4885 instrumentum
3145 4827 3428 4904 recipiat,

177 4925 514 5003 explicent
561 4919 747 4981 nobis
773 4919 1095 4996 quomodo
1148 4933 1273 4977 non
1315 4933 1626 4978 summam
1685 4918 1748 4978 id
1782 4918 2001 4979 alierat
2050 4916 2602 4994 imperfectionem
2629 4921 2818 4985 Filio.
2849 4924 3191 4997 Quomodo
3234 4928 3426 4989 etiam

179 5031 371 5088 Pater
403 5019 732 5100 propriam
765 5017 929 5078 Filio
975 5024 1288 5088 naturam,
1320 5034 1438 5077 seu
1464 5018 1811 5079 essentiam
1865 5017 2143 5078 indivise
2189 5017 2697 5094 communicaris,
2730 5038 2857 5083 non
2891 5024 3101 5084 eidem
3135 5043 3432 5089 commu-

179 5127 351 5185 nicel
379 5117 839 5198 fecunditatem
874 5124 933 5176 et
964 5115 1280 5177 actionem
1313 5116 1624 5194 spirandi,
1660 5133 1806 5196 quae
1844 5115 2108 5178 minime
2138 5123 2382 5194 pugnat
2417 5133 2564 5178 cum
2607 5119 2849 5181 ratione
2891 5121 3284 5201 hypostalica
3317 5127 3429 5187 Fi-

183 5225 272 5285 lii.
318 5219 686 5298 Explicent,
719 5221 1045 5294 quomodo
1078 5215 1352 5294 Spiritus
1375 5225 1630 5278 sanctus
1665 5219 1748 5277 sit
1780 5234 2052 5295 persona
2111 5233 2148 5278 a
2200 5215 2368 5278 Filio
2415 5216 2746 5294 distincta,
2779 5222 2862 5295 si,
2898 5224 3193 5301 Nysseno
3225 5224 3430 5304 (cujus

183 5324 374 5386 verba
400 5335 602 5396 supra
630 5312 995 5392 retulimus)
1027 5322 1208 5388 teste,
1256 5315 1581 5376 subtracta
1607 5319 1855 5378 ratione
1885 5317 2219 5396 principii,
2248 5317 2424 5377 nulla
2472 5324 2571 5378 est
2625 5321 2690 5380 in
2743 5322 3050 5384 Trinitate
3076 5325 3427 5388 distinctio.

189 5421 534 5502 Explicent
570 5417 895 5494 quomodo
923 5415 1121 5476 Filius
1143 5417 1348 5476 mittat
1376 5417 1674 5494 Spiritum
1700 5419 2188 5498 sanctum,qnin
2218 5419 2477 5479 mittens
2502 5423 2584 5482 sit
2617 5423 2813 5483 misso
2840 5427 3162 5502 superior,
3189 5437 3248 5490 et
3285 5428 3433 5489 mis-

184 5541 291 5585 sus
327 5517 612 5582 mittenti
645 5515 1077 5576 ministerium
1110 5515 1429 5588 exhibeat,
1483 5519 1535 5578 si
1572 5519 1792 5579 missio
1819 5529 2115 5581 mternam
2153 5521 2642 5597 productionem
2691 5540 2817 5585 non
2847 5530 3158 5602 exprimat
3187 5541 3294 5590 aut
3326 5531 3432 5593 in-

184 5623 401 5685 cludat
430 5641 446 5692 ;
478 5616 1023 5696 quemadmodum
1056 5618 1236 5676 Pater
1261 5617 1375 5678 hac
1413 5620 1547 5697 ipsa
1587 5622 1831 5682 ratione
1867 5623 2122 5682 misisse
2162 5621 2394 5682 dicitur
2441 5623 2675 5684 Filium
2708 5625 2774 5685 in
2826 5633 3164 5690 mundum.
3200 5632 3429 5711 Expli-

186 5731 326 5785 ccnt
357 5716 698 5800 quomodo
731 5714 1011 5792 Spiritus
1045 5713 1144 5776 vel
1170 5716 1388 5778 audiat
1427 5737 1458 5778 a
1489 5720 1679 5790 Filio,
1709 5722 1804 5782 vel
1833 5722 1911 5780 de
1949 5737 2068 5782 suo
2100 5722 2400 5800 accipiat,
2432 5742 2659 5800 nempe
2693 5729 2860 5803 quod
2896 5738 2990 5788 est
3024 5729 3229 5808 ipsius
3257 5736 3430 5800 Filii.

191 5821 346 5900 quin
392 5823 496 5879 vel
523 5812 833 5891 discipuli
862 5810 1170 5874 rationem
1204 5817 1452 5891 subeat,
1489 5819 1583 5879 vel
1643 5819 2005 5895 indigentis,
2058 5819 2111 5880 si
2145 5820 2207 5880 id
2256 5835 2382 5882 non
2447 5822 2784 5901 significet,
2820 5828 3054 5892 habere
3087 5837 3430 5897 essentiam
