4156 6440
763 397 868 459 463
1830 393 2208 453 ΒΟΝΙΡΛΟΙΙ
2248 392 2404 452 FINI

2387 393 2551 451 ETTl
2595 392 2983 451 PBJEFATIO
3911 394 4028 455 464

770 514 831 568 οι
884 514 1171 569 raturam
1212 523 1245 567 a
1275 504 1463 566 Filio.
1501 506 1657 566 Cum
1690 506 1887 584 igitur
1916 508 2125 566 omnia
2157 508 2285 565 hmo
2319 506 2637 580 caplicare
2674 503 3043 563 nullatenus
3080 502 3353 578 valeant,
3390 504 3645 565 tandem
3691 504 4028 567 fateantur

772 607 1134 679 uobiscum,
1169 605 1477 683 Spiritum
1509 622 1648 666 esse
1687 614 1749 667 et
1777 612 2125 685 procedere
2168 627 2205 663 α
2236 606 2404 666 Filio
2441 614 2502 665 el
2530 622 2643 681 per
2694 604 2951 663 Filium.
2993 604 3111 664 Sed
3166 604 3294 681 jam
3333 604 3410 664 ad
3459 604 4027 685 Tlteophylactum

772 716 987 770 nostra
1024 714 1376 767 revertatur
1399 705 1626 766 oratio.

850 807 1185 871 XXXVII.
1242 808 1445 880 Quam
1510 804 1859 867 infeliciter
1914 806 2010 866 illi
2070 807 2334 867 cesserit
2374 806 2537 867 illud
2574 827 2589 866 :
2625 806 2893 867 Ostende
2930 804 3112 866 nobis
3170 806 3445 879 Patrem,
3471 807 3599 885 jam
3658 814 3906 869 constat
3938 826 4027 870 ex

771 909 984 968 dictis.
1022 910 1201 969 Nunc
1233 904 1389 966 mibi
1422 905 1989 966 demonstrandum
2020 905 2209 979 foret,
2236 923 2425 983 quam
2463 905 2783 967 imbecilla
2817 906 2970 977 sint,
2999 911 3303 983 tantoque
3337 906 3599 983 indigna
3628 908 3893 969 doctore
3920 926 4030 969 ar-

772 1014 1097 1087 gumenta,
1124 1009 1313 1085 queis
1352 1008 1643 1067 Latinum
1674 1008 1903 1083 dogma
1940 1006 2237 1068 refellere
2269 1007 2663 1085 aggreditur,
2702 1008 2825 1068 nisi
2868 1024 3012 1068 cum
3055 1008 3274 1085 plures
3306 1007 3438 1079 alii,
3473 1015 3607 1069 tum
3638 1012 4027 1087 nuperrime

774 1113 854 1170 cl.
894 1109 1147 1187 praevia)
1176 1108 1666 1169 Dissertationis
1695 1117 1917 1169 auctor
1958 1124 2201 1189 anum.
2238 1109 2313 1168 75
2346 1110 2666 1168 cumulate
2692 1108 2753 1167 id
2790 1108 3217 1183 pra-stitisset.
3252 1110 3572 1186 Perpauca
3603 1116 3811 1171 tamen
3852 1112 4030 1188 adji-

773 1228 917 1272 cere
959 1211 1165 1283 liceat,
1196 1220 1263 1270 ut
1296 1210 1498 1288 magis
1539 1210 1873 1289 magisque
1902 1210 2292 1287 infringatur
2322 1210 2501 1270 illius
2540 1211 2635 1269 vis
2677 1208 3064 1287 argumenti,
3104 1209 3275 1287 quod
3318 1210 3555 1285 petitur
3610 1227 3687 1269 ex
3750 1211 4026 1272 duobus

777 1308 1135 1386 principiis,
1169 1322 1314 1384 qum
1343 1306 1409 1367 in
1446 1308 1864 1382 productione
1897 1307 2173 1384 Spiritus
2197 1307 2398 1367 sancti
2433 1324 2467 1367 a
2500 1307 2686 1367 nobis
2722 1307 2967 1368 admitti
2999 1306 3364 1379 arbitratur,
3405 1314 3500 1369 vel
3532 1308 3755 1369 saltem
3796 1328 4064 1374 neces-.

774 1413 944 1472 sario
984 1408 1295 1487 consequi
1338 1426 1417 1470 ex
1441 1410 1735 1486 degmate
1775 1410 1947 1484 quod
1984 1424 2492 1486 propugnamus.
2536 1409 2774 1468 Mirum
2806 1425 2985 1483 sane,
3020 1409 3191 1488 quod
3253 1409 3351 1468 vir
3392 1411 3711 1485 prmstanti
3749 1412 4031 1489 ingenio

776 1510 1080 1586 praeditus
1111 1509 1174 1570 in
1209 1508 1684 1570 crassissimum
1716 1506 1887 1568 hunc
1926 1523 2210 1567 errorem
2254 1507 2633 1584 impegerit;
2668 1506 2779 1567 sed
2815 1508 2997 1568 nullo
3028 1506 3600 1582 modoferendum,
3646 1514 3818 1588 quod
3857 1511 4031 1571 Plio-

775 1610 932 1671 tiani
971 1611 1378 1689 buncipsum
1404 1627 1686 1671 errorem
1721 1608 1905 1669 nobis
1936 1606 2146 1667 ad‘liuc
2191 1605 2469 1684 objicere
2508 1616 2567 1666 et
2603 1606 2989 1683 exprobrare
3048 1623 3174 1668 non
3218 1608 3537 1682 desinant,
3575 1620 3910 1688 postquam
3960 1622 4030 1670 et

779 1713 1046 1783 renties,
1091 1722 1151 1773 et
1182 1713 1443 1783 millies,
1472 1721 1532 1772 et
1558 1710 2074 1772 luculentissime
2105 1709 2369 1787 quidem
2406 1708 2535 1768 hinc
2566 1726 2597 1769 a
2629 1709 2863 1770 nostris
2897 1709 3164 1769 contrita
3204 1708 3479 1787 objectio
3512 1720 3630 1771 est.
3658 1711 3825 1782 Quid
3862 1728 4026 1769 vero

776 1816 1123 1877 dicendum
1162 1817 1240 1875 de
1286 1812 1630 1890 Ephraimo
1653 1813 1780 1889 jam
1807 1810 1956 1870 alibi
1998 1817 2369 1879 memorato,
2405 1808 2514 1885 qui
2552 1808 2618 1867 in
2666 1808 3035 1885 praefatione
3071 1810 3386 1886 priedicta,
3419 1826 3547 1871 non
3600 1812 3788 1872 modo
3821 1810 4031 1888 jacti-

774 1923 885 1985 tat,
921 1929 1035 1974 nos
1070 1922 1333 1989 ὶμπεσείν
1354 1920 1431 1979 εἰς
1463 1917 1523 1970 τὸ
1555 1916 1829 1987 βάραθρον
1859 1917 1957 1984 τῆς
2000 1915 2283 1984 δυαρχίας,
2316 1906 2415 1965 inc

2389 1906 2593 1965 cidere
2647 1908 2716 1965 in
2768 1905 3136 1966 barathrum
3192 1907 3469 1986 duplicis
3520 1911 3861 1987 principii;
3901 1912 4030 1975 sed

777 2017 995 2084 etiam,
1032 2021 1103 2073 ut
1142 2012 1445 2090 majorem
1482 2011 1669 2071 nobis
1700 2008 1932 2070 conﬂet
1986 2008 2321 2081 invidiam,
2357 2008 2593 2081 eil‘utit,
2630 2009 2891 2070 Latinos
2929 2024 3243 2084 asserere,
3270 2012 3577 2087 Spiritum
3609 2024 3901 2072 sanctum
3943 2032 4034 2071 ea:

778 2109 946 2171 Filio
971 2126 1115 2170 esse
1134 2118 1381 2185 ὠςὸῆθεν
1408 2116 1483 2185 μὴ
1518 2114 1661 2183 ἔχον,
1691 2116 1755 2167 ὲκ
1782 2112 1875 2165 τοῦ
1905 2114 2113 2184 Harpe;
2142 2114 2419 2184 ὲκπορευθὲ

2393 2114 2497 2178 is»),
2518 2113 2616 2183 τὴν
2645 2114 2980 2183 τελειότητα,
3017 2110 3165 2186 quia
3197 2110 3439 2170 scilicet
3469 2128 3596 2169 non
3627 2112 3828 2182 habet,
3863 2129 4034 2188 qua-

780 2222 957 2270 tenus
987 2228 1025 2267 a
1053 2209 1245 2268 Patre
1269 2206 1583 2284 procedit,
1618 2207 2101 2283 perfectionem;
2134 2207 2426 2283 adeoque
2452 2214 2528 2276 ὡς
2556 2215 2764 2277 ἀτελὲς,
2796 2217 2866 2267 ut
2896 2211 3326 2287 imperfectum
3380 2215 3722 2288 procedere
3753 2213 3947 2272 etiam
3994 2229 4034 2272 η

775 2312 943 2370 Filio
982 2318 1068 2369 ἵνα
1094 2316 1154 2369 τὸ
1183 2315 1387 2369 τέλειον
1420 2315 1725 2385 προσλάϐῃ,
1756 2315 1828 2365 ut
1847 2305 2288 2383 perfectionem
2310 2322 2414 2365 rec

2390 2307 2603 2382 cipiat.
2638 2306 2894 2380 Verum,
2928 2324 2965 2368 ο
3014 2309 3203 2382 bone,
3234 2309 3284 2370 si
3330 2327 3407 2371 ex
3448 2312 3765 2373 sententia
3806 2320 4031 2372 nostra

777 2412 1226 2492 consequitur,
1266 2409 1569 2487 Spiritum
1603 2418 1891 2470 sanctum
1926 2426 1960 2469 a
1999 2412 2178 2469 Patre
2217 2411 2575 2488 imperfecte
2599 2408 2960 2487 procedere,
2989 2411 3341 2490 quiajuxta
3376 2429 3492 2475 nos
3522 2416 3804 2491 procedit
3829 2413 4033 2475 etiam

777 2533 809 2576 a
843 2515 1029 2586 Filio,
1058 2528 1274 2574 nonne
1317 2526 1725 2587 consequens
1756 2510 1877 2570 erit
1919 2509 2103 2586 juxta
2134 2524 2275 2582 vos,
2313 2510 2560 2570 Patrem
2626 2510 2984 2589 imperfecte
3018 2514 3373 2589 producere
3430 2515 3828 2588 universum,
3868 2518 4037 2592 quia

781 2633 908 2677 non
923 2614 999 2674 ab
1016 2628 1165 2684 una,
1190 2611 1299 2671 sed
1322 2610 1399 2671 ab
1415 2609 1711 2669 omnibus
1735 2609 2140 2687 singulisque
2156 2610 2448 2686 personis
2476 2608 2885 2687 producitur?
2908 2613 2979 2669 Et
2998 2610 3052 2670 si
3071 2629 3187 2673 nos
3204 2613 4039 2690 Spiritumsanctumadua-

776 2718 903 2777 bus
927 2712 1217 2788 personis
1243 2728 1383 2771 esse
1419 2710 1745 2781 docentes,
1781 2711 1849 2770 in
1882 2718 2165 2789 δυαρχίας,
2187 2708 2454 2768 duorum
2476 2712 2942 2788 principiorum
2965 2730 3246 2773 errorem
3284 2712 3698 2789 prolabimur,
3726 2731 3835 2774 vos
3868 2730 4037 2791 ergo

780 2822 849 2881 in
882 2816 1245 2878 barathrum
1278 2820 1585 2892 τριαρχίας,
1626 2814 1819 2873 trium
1845 2813 2315 2891 principiorum
2346 2812 2657 2887 inciditis,
2691 2831 2834 2874 cum
2870 2830 3058 2874 nemo
3090 2815 3331 2893 aliquis
3362 2823 3642 2876 vestrum
3677 2817 4034 2890 itzﬁcietur,

782 2928 891 2982 aut
922 2918 1186 2980 inﬁciari
1226 2924 1441 2994 queat,
1477 2914 1679 2975 fuisse
1713 2916 2028 2976 mundum
2068 2930 2103 2975 a
2142 2914 2348 2975 tribus
2383 2916 2677 2991 personis
2711 2932 2788 2975 ex
2835 2915 3042 2974 nihilo
3076 2915 3403 2974 eductum.
3441 2916 3774 2993 Quidquid
3826 2917 4037 2995 igitur

781 3023 860 3083 ad
893 3018 1423 3098 prepugnaudam
1450 3018 1516 3076 in
1550 3015 1869 3076 creatione
1896 3014 2184 3075 universi
2221 3023 2542 3092 μοναρχίαν,
2576 3016 2878 3074 unitatem
2902 3015 3218 3091 principii
3240 3014 3481 3075 dictum
3516 3032 3549 3074 a
3582 3015 3761 3075 vobis
3794 3016 3990 3075 fuerit
4012 3061 4032 3087 ,

780 3126 844 3184 id
878 3122 1088 3197 ipsum
1122 3132 1487 3178 asseremus
1518 3122 1579 3175 et
1610 3129 1725 3174 nos
1755 3114 1831 3174 ad
1862 3112 2208 3174 tollendam
2236 3114 2299 3173 in
2326 3114 2748 3191 productione
2779 3115 3055 3190 Spiritus
3091 3113 3288 3175 sancti
3314 3123 3410 3191 τῆς
3441 3125 3723 3195 δυαρχίιις.
3752 3117 4036 3176 duorum

781 3218 1251 3299 principiorum
1283 3212 1687 3274 exstantiam.
1716 3211 1886 3283 Quid
1926 3212 2098 3271 enim
2136 3211 2316 3272 vobis
2350 3210 2521 3271 aliud
2562 3213 2846 3289 suppetit
2879 3214 3248 3287 dicendum,
3277 3215 3401 3275 nisi
3428 3218 3501 3277 ad
3537 3217 4033 3293 multiplicandu

782 3319 1127 3381 creationis
1192 3314 1506 3394 principia
1542 3314 1696 3373 satis
1754 3313 2019 3373 minime
2074 3330 2243 3383 esse,
2278 3312 2449 3389 quod
2511 3312 2729 3389 plures
2784 3323 3137 3390 operentur
3187 3334 3508 3392 personm;
3570 3319 3679 3377 sed
3728 3318 4030 3393 insuper,

783 3427 1104 3495 oportere,
1137 3417 1309 3494 quod
1344 3424 1405 3475 et
1440 3413 1696 3484 virtute,
1738 3420 1797 3473 et
1823 3414 2072 3473 actione
2113 3413 2389 3485 diversa,
2424 3422 2481 3473 et
2511 3414 2751 3493 absque
2791 3415 2985 3476 unius
3011 3416 3087 3475 ab
3117 3417 3311 3477 altera
3361 3418 3818 3495 dependentia,
3854 3419 4027 3477 sub-

784 3518 1191 3581 ordinatione
1249 3515 1345 3576 vel
1391 3514 1617 3576 ordine
1644 3524 1991 3590 Operentur
2033 3522 2093 3574 et
2128 3517 2359 3592 agant?
2387 3516 2633 3575 Eodem
2673 3517 2867 3591 igitur
2900 3526 3077 3594 pacto
3121 3527 3181 3579 et
3227 3536 3341 3579 nos
3374 3521 3862 3597 respondemus,
3900 3522 4032 3579 Pa-

783 3636 943 3685 trem
980 3628 1040 3682 et
1088 3617 1326 3679 Filium
1379 3633 1507 3677 non
1566 3617 1835 3693 duplex,
1883 3618 1991 3676 sed
2054 3635 2247 3675 unum
2292 3634 2431 3678 esse
2482 3620 2879 3697 principium
2940 3620 3216 3697 Spiritus
3250 3622 3475 3696 sant-ti,
3509 3624 3660 3700 quia
3700 3623 3868 3684 sicut
3927 3631 4037 3684 est

783 3725 1009 3787 eadem
1058 3723 1399 3799 utriusque
1446 3732 1671 3781 natura
1719 3728 1778 3779 et
1836 3721 2143 3789 essentia,
2194 3720 2275 3779 ita
2324 3730 2385 3781 et
2442 3722 2665 3782 eadem
2718 3722 3047 3782 numerica
3084 3724 3306 3793 virtus,
3355 3731 3416 3783 et
3477 3724 3639 3784 actio
3682 3723 4036 3783 individua

785 3827 1129 3903 utriusque
1166 3840 1325 3883 :seu
1362 3821 1516 3899 quia
1556 3822 1766 3881 Filius
1793 3818 2052 3879 nonnisi
2108 3819 2345 3880 virtute
2402 3821 2785 3897 actioneque
2837 3837 2872 3879 a
2911 3824 3089 3881 Patre
3121 3830 3369 3899 recepta
3415 3824 3708 3900 producit
3744 3844 3757 3881 :
3793 3832 3854 3883 et
3891 3842 4033 3885 nou

786 3936 1105 4006 quatenus
1138 3924 1413 3986 refertur
1455 3922 1531 3983 ad
1565 3925 1807 3983 Patrem
1840 3921 1918 3981 ab
1949 3937 2157 3998 eoque
2190 3920 2649 4000 distinguitur;
2678 3923 2789 3981 sed
2822 3932 3142 3999 quatenus
3173 3942 3364 3981 unum
3398 3924 3697 4000 idemque
3728 3941 3873 3983 cum
3906 3924 4034 3983 illo

787 4035 908 4089 est.
952 4024 1508 4101 Quemadmodum
1542 4022 1737 4101 igitur
1770 4022 1852 4083 ob
1887 4022 2197 4081 rationem
2237 4021 2490 4081 allatam
2523 4038 2747 4081 omnes
2782 4022 3141 4099 etsingulm
3165 4022 3494 4082 Trinitatis
3529 4039 3817 4099 personae
3871 4035 4035 4084 sunt

782 4147 979 4192 unum
1010 4124 1357 4189 creationis
1397 4122 1813 4201 principium,
1842 4138 2143 4198 unusque
2192 4135 2405 4179 rerum
2448 4120 2739 4180 omnium
2780 4130 3027 4199 κτιστὴς,
3066 4131 3348 4188 creator;
3393 4124 3473 4183 ita
3522 4131 3583 4183 et
3618 4125 3907 4186 eamdem
3944 4129 4034 4184 ob

783 4248 1038 4297 causam
1070 4233 1255 4291 Pater
1286 4235 1347 4289 et
1378 4228 1585 4287 Filius
1608 4232 1757 4286 sunt
1788 4226 2042 4284 unicum
2063 4224 2337 4302 Spiritus
2374 4224 2574 4284 sancti
2606 4224 3021 4302 principium,
3060 4230 3421 4304 unicusque
3454 4237 3767 4307 crpo6o}.eii;,
3808 4233 4030 4307 spira-

785 4348 887 4396 tor
915 4331 1461 4409 simplicissimus.
1495 4331 1613 4389 Res
1647 4345 1800 4389 sane
1839 4327 2176 4405 perspicua
2211 4333 2271 4388 et
2310 4328 2545 4405 cuique
2588 4327 2805 4405 pervia
2865 4335 2979 4388 est.
3028 4330 3239 4401 Quare
3294 4348 3411 4390 nos
3454 4333 3717 4394 minime
3774 4336 4024 4394 asseri-

787 4453 954 4509 mus,
983 4436 1127 4496 ideo
1157 4434 1467 4511 Spiritum
1491 4439 1777 4492 sanctum
1808 4431 1997 4491 etiam
2026 4446 2057 4490 a
2084 4430 2248 4490 Filio
2281 4432 2652 4507 procedere,
2677 4431 2828 4508 quia
2854 4431 3251 4508 imperfectus
3282 4448 3397 4493 seu
3424 4433 3795 4511 imperfecto
3830 4438 4027 4497 modo

788 4539 1083 4618 procedat
1114 4558 1145 4600 a
1179 4542 1359 4600 Patre
1390 4538 1586 4616 (quod
1620 4534 1846 4613 absit);
1887 4536 1996 4595 sed
2032 4535 2184 4613 quia
2222 4535 2341 4595 hoc
2390 4535 2552 4612 ipso,
2590 4536 2759 4613 quod
2818 4550 2850 4594 a
2900 4536 3077 4595 Patre
3141 4536 3451 4612 procedit,
3490 4554 3523 4597 a
3556 4538 3718 4599 Filio
3754 4555 4025 4617 quoque

784 4644 1129 4721 procedere
1165 4659 1500 4704 necessum
1526 4649 1658 4714 est;
1690 4656 1833 4701 cum
1868 4656 1995 4701 una
2029 4640 2384 4719 eademque
2439 4641 2643 4701 virtus
2706 4648 2769 4701 et
2832 4641 3021 4711 actio,
3057 4658 3185 4719 qua
3227 4642 3407 4703 Pater
3469 4644 3781 4719 producit,
3816 4656 4025 4707 exstet

782 4753 972 4811 etiam
1012 4747 1074 4804 in
1106 4744 1276 4802 Filio
1300 4743 1763 4803 communicata
1815 4744 1892 4803 ab
1924 4743 2200 4819 ipsemet
2260 4740 2440 4803 Patre
2480 4764 2493 4801 :
2533 4741 3073 4819 quemadmodum
3106 4760 3205 4803 res
3257 4750 3507 4813 creatae,
3546 4760 3622 4805 eo
3653 4745 3791 4821 ipso
3840 4750 4019 4824 quod

786 4851 1229 4927 producuntur
1258 4862 1291 4905 a
1328 4846 1531 4919 Patre,
1565 4846 1755 4906 ctiam
1780 4862 1813 4905 a
1840 4845 2005 4905 Filio
2037 4853 2095 4904 et
2127 4861 2163 4906 a
2192 4845 2436 4919 Spiritu
2467 4851 2687 4905 sancto
2721 4842 3155 4920 producantur
3184 4853 3451 4921 oportet,
3480 4862 3623 4905 cum
3651 4854 3903 4917 neuter,
3938 4851 4019 4909 ad

783 4952 901 5011 hoc
933 4948 1103 5026 quod
1166 4948 1414 5017 attinet,
1448 4952 1817 5005 secernatur
1856 4961 1889 5005 a
1932 4947 2135 5004 Patre.
2189 4944 2551 5005 Mirandum
2610 4959 2764 5003 sane
2802 4942 3169 5022 iterumque
3228 4943 3615 5014 mirandum,
3652 4946 3820 5023 quod
3880 4965 4015 5008 rem

784 5051 949 5110 adeo
978 5048 1380 5125 perspicuam
1412 5047 1930 5125 TheOphylaclus
1965 5063 2090 5107 non
2123 5047 2381 5118 viderit,
2416 5048 2639 5125 sicque
2672 5046 3286 5123 argumentationem
3330 5047 3624 5108 instituat
3655 5066 3830 5109 num.
3871 5051 3949 5110 Vt
3994 5070 4009 5111 :

786 5160 847 5212 Εἰ
886 5158 985 5227 μὲν
1014 5155 1105 5208 οὖν
1132 5158 1159 5207 ὁ
1190 5157 1314 5218 Υἱὸς
1346 5156 1439 5207 τοῦ
1472 5157 1786 5225 “vs-lpum;
1816 5157 2007 5219 uitio;
2040 5157 2134 5209 δύο
2166 5156 2332 5226 ἁρχαὶ
2364 5175 2424 5208 το

2380 5157 2456 5209 τοῦ
2491 5157 2626 5218 ἑνός.
2659 5147 2727 5207 Si
2755 5149 2962 5224 itaque
2988 5144 3194 5205 Filius
3225 5156 3449 5205 auctor
3478 5157 3568 5208 est
3594 5148 3775 5207 etiam
3804 5149 4021 5225 Spin-

786 5258 886 5307 tus
916 5245 1147 5315 sancti,
1180 5244 1301 5302 duo
1362 5255 1507 5304 sunt
1558 5247 1745 5304 unius
1778 5264 2065 5321 persona
2094 5247 2442 5323 principia.
2480 5248 2553 5304 At
2585 5263 2777 5323 quem
2810 5246 2871 5305 in
2903 5251 3344 5305 transversum
3391 5262 3518 5307 non
3547 5255 3731 5325 agant
3777 5249 4019 5311 ﬁrmata

780 5354 908 5433 jam
948 5350 1335 5429 prmjudicia,
1368 5356 1427 5408 et
1460 5365 1689 5421 causae,
1718 5364 1859 5425 qum
1908 5357 2365 5424 prepuguatur,
2415 5348 2765 5425 iniquitas?
2799 5351 2906 5408 Est
2952 5364 3103 5409 vero
3137 5348 3596 5423 perridiculum
3628 5356 3803 5427 (pace
3857 5354 4016 5414 tanti

790 5454 905 5514 viri
951 5451 1249 5527 dixerim)
1281 5450 1451 5527 quod
1487 5448 1701 5507 subdit
1747 5469 1762 5506 :
1794 5446 1973 5519 Quod
2002 5456 2201 5505 autem
2233 5446 2525 5523 pluribus
2558 5448 2892 5523 principiis
2928 5465 3082 5525 opus
3115 5446 3291 5507 habet
3336 5446 3419 5508 ad
3446 5450 3891 5519 exsistendum,
3924 5455 4024 5513 vel

786 5559 985 5635 majus
1012 5557 1129 5613 erit
1159 5573 1221 5611 eo
1253 5551 1416 5631 quod
1450 5570 1526 5610 ex
1555 5569 1679 5609 uno
1713 5550 2032 5626 principio
2065 5548 2245 5607 habet
2276 5568 2421 5617 esse,
2456 5550 2547 5607 rel
2578 5550 2830 5626 (equote,
2866 5550 2959 5608 rel
2996 5551 3221 5610 minus.
3259 5550 3378 5610 Sed
3429 5548 3661 5629 «equote
3723 5572 3848 5612 esse
3886 5575 4025 5616 non

786 5669 1012 5737 potest,
1047 5657 1326 5734 alioquin
1356 5664 1506 5713 esset
1539 5654 1603 5714 id
1633 5671 1869 5730 quoque
1916 5671 1992 5710 ea:
2020 5670 2144 5710 uno
2173 5654 2512 5728 principio.
2548 5654 2767 5711 Restat
2789 5654 2990 5727 igitur
3014 5662 3079 5711 ut
3117 5653 3315 5730 majus
3346 5654 3427 5712 sit
3470 5663 3587 5710 autc
3617 5670 3841 5714 minus.
3884 5656 4027 5733 Igi-

784 5772 894 5823 tur
925 5761 1104 5819 etiam
1132 5757 1413 5835 Spiritus
1448 5764 1700 5815 sanctus
1731 5764 1838 5814 aut
1872 5755 2070 5829 major
2101 5751 2270 5813 Filio
2308 5756 2501 5813 crit...
2529 5762 2637 5811 aut
2670 5753 2894 5811 minor.
2935 5754 3092 5825 Quae
3135 5752 3621 5830 argumentandi
3683 5752 3839 5814 ratio
3888 5771 4027 5815 non
