  <div class='ocr_page' id='page_1' title='image "/cluster/home/n/w/nwhite01/storage/ocr_20150623/125/nnc1.0046979794/236.png"; bbox 0 0 4156 6440; ppageno 0'>
   <div class='ocr_carea' id='block_1_1' title="bbox 1984 234 2026 265">
    <p class='ocr_par' dir='ltr' id='par_1_1' title="bbox 1984 234 2026 265">
     <span class='ocr_line' id='line_1_1' title="bbox 1984 234 2026 265; baseline 0 -7"><span class='ocrx_word' id='word_1_1' title='bbox 1984 234 2026 265; x_wconf 67' lang='lat' dir='ltr'><strong>ip</strong></span> 
     </span>
    </p>
   </div>
   <div class='ocr_carea' id='block_1_2' title="bbox 114 361 3386 447">
    <p class='ocr_par' dir='ltr' id='par_1_2' title="bbox 114 361 3386 447">
     <span class='ocr_line' id='line_1_2' title="bbox 114 361 3386 447; baseline 0.007 -23"><span class='ocrx_word' id='word_1_2' title='bbox 114 361 227 426; x_wconf 66' lang='grc'><strong>465</strong></span> <span class='ocrx_word' id='word_1_3' title='bbox 987 363 1070 428; x_wconf 89' lang='grc' dir='ltr'>ΙΝ</span> <span class='ocrx_word' id='word_1_4' title='bbox 1108 367 1537 440; x_wconf 81' lang='lat' dir='ltr'><strong>SEQUENTIA</strong></span> <span class='ocrx_word' id='word_1_5' title='bbox 1567 370 2144 434; x_wconf 84' lang='lat' dir='ltr'><strong>TIIEOPHYLACTI</strong></span> <span class='ocrx_word' id='word_1_6' title='bbox 2176 376 2512 440; x_wconf 75' lang='lat' dir='ltr'><strong>SCRIPTA.</strong></span> <span class='ocrx_word' id='word_1_7' title='bbox 3277 382 3386 447; x_wconf 63' lang='lat'><strong>406</strong></span> 
     </span>
    </p>
   </div>
   <div class='ocr_carea' id='block_1_3' title="bbox 118 475 3370 574">
    <p class='ocr_par' dir='ltr' id='par_1_3' title="bbox 118 475 3370 574">
     <span class='ocr_line' id='line_1_3' title="bbox 118 475 3370 574; baseline 0.006 -38"><span class='ocrx_word' id='word_1_8' title='bbox 118 475 342 536; x_wconf 88' lang='lat' dir='ltr'><strong>solum</strong></span> <span class='ocrx_word' id='word_1_9' title='bbox 381 481 598 554; x_wconf 89' lang='lat' dir='ltr'><strong>peccat</strong></span> <span class='ocrx_word' id='word_1_10' title='bbox 621 475 689 537; x_wconf 91' lang='lat' dir='ltr'><strong>in</strong></span> <span class='ocrx_word' id='word_1_11' title='bbox 729 489 804 538; x_wconf 81' lang='lat' dir='ltr'><strong>eo</strong></span> <span class='ocrx_word' id='word_1_12' title='bbox 832 477 1004 556; x_wconf 91' lang='lat' dir='ltr'><strong>quod</strong></span> <span class='ocrx_word' id='word_1_13' title='bbox 1033 480 1274 541; x_wconf 78' lang='lat' dir='ltr'><strong>Patrem</strong></span> <span class='ocrx_word' id='word_1_14' title='bbox 1305 489 1368 543; x_wconf 85' lang='lat' dir='ltr'><strong>et</strong></span> <span class='ocrx_word' id='word_1_15' title='bbox 1402 481 1642 542; x_wconf 87' lang='lat' dir='ltr'><strong>Filium</strong></span> <span class='ocrx_word' id='word_1_16' title='bbox 1684 485 1813 546; x_wconf 86' lang='lat' dir='ltr'><strong>duo</strong></span> <span class='ocrx_word' id='word_1_17' title='bbox 1845 501 1988 546; x_wconf 90' lang='lat' dir='ltr'><strong>esse</strong></span> <span class='ocrx_word' id='word_1_18' title='bbox 2023 484 2334 565; x_wconf 86' lang='lat' dir='ltr'><strong>principia</strong></span> <span class='ocrx_word' id='word_1_19' title='bbox 2383 491 2662 567; x_wconf 86' lang='lat' dir='ltr'><strong>Spiritus</strong></span> <span class='ocrx_word' id='word_1_20' title='bbox 2693 492 2892 553; x_wconf 87' lang='lat' dir='ltr'><strong>sancti</strong></span> <span class='ocrx_word' id='word_1_21' title='bbox 2920 492 3052 570; x_wconf 85' lang='lat' dir='ltr'><strong>jam</strong></span> <span class='ocrx_word' id='word_1_22' title='bbox 3081 509 3370 574; x_wconf 75' lang='lat' dir='ltr'><strong>prmsup-</strong></span> 
     </span>
    </p>
   </div>
   <div class='ocr_carea' id='block_1_4' title="bbox 123 573 3383 669">
    <p class='ocr_par' dir='ltr' id='par_1_4' title="bbox 123 573 3383 669">
     <span class='ocr_line' id='line_1_4' title="bbox 123 573 3383 669; baseline 0.006 -35"><span class='ocrx_word' id='word_1_23' title='bbox 123 580 350 648; x_wconf 84' lang='lat' dir='ltr'><strong>ponat,</strong></span> <span class='ocrx_word' id='word_1_24' title='bbox 383 573 496 636; x_wconf 89' lang='lat' dir='ltr'><strong>sed</strong></span> <span class='ocrx_word' id='word_1_25' title='bbox 533 574 598 636; x_wconf 91' lang='lat' dir='ltr'><strong>in</strong></span> <span class='ocrx_word' id='word_1_26' title='bbox 638 591 717 636; x_wconf 89' lang='lat' dir='ltr'><strong>eo</strong></span> <span class='ocrx_word' id='word_1_27' title='bbox 752 575 1182 653; x_wconf 90' lang='lat' dir='ltr'><strong>potissimum,</strong></span> <span class='ocrx_word' id='word_1_28' title='bbox 1212 581 1386 658; x_wconf 88' lang='lat' dir='ltr'><strong>quod</strong></span> <span class='ocrx_word' id='word_1_29' title='bbox 1421 597 1545 642; x_wconf 91' lang='lat' dir='ltr'><strong>non</strong></span> <span class='ocrx_word' id='word_1_30' title='bbox 1580 583 1736 643; x_wconf 84' lang='lat' dir='ltr'><strong>satis</strong></span> <span class='ocrx_word' id='word_1_31' title='bbox 1770 583 2293 646; x_wconf 78' lang='lat' dir='ltr'><strong>animadverterit</strong></span> <span class='ocrx_word' id='word_1_32' title='bbox 2326 587 2869 669; x_wconf 83' lang='lat' dir='ltr'><strong>&#39;I‘heopltylactus,</strong></span> <span class='ocrx_word' id='word_1_33' title='bbox 2905 592 3383 669; x_wconf 85' lang='lat' dir='ltr'><strong>processionem</strong></span> 
     </span>
    </p>
   </div>
   <div class='ocr_carea' id='block_1_5' title="bbox 119 674 3377 768">
    <p class='ocr_par' dir='ltr' id='par_1_5' title="bbox 119 674 3377 768">
     <span class='ocr_line' id='line_1_5' title="bbox 119 674 3377 768; baseline 0.006 -34"><span class='ocrx_word' id='word_1_34' title='bbox 119 674 417 750; x_wconf 78' lang='lat' dir='ltr'><strong>Spiritus</strong></span> <span class='ocrx_word' id='word_1_35' title='bbox 457 675 662 737; x_wconf 81' lang='lat' dir='ltr'><strong>sancti</strong></span> <span class='ocrx_word' id='word_1_36' title='bbox 699 692 736 738; x_wconf 90' lang='lat' dir='ltr'><strong>e</strong></span> <span class='ocrx_word' id='word_1_37' title='bbox 767 677 1016 740; x_wconf 88' lang='lat' dir='ltr'><strong>duabus</strong></span> <span class='ocrx_word' id='word_1_38' title='bbox 1043 681 1341 758; x_wconf 83' lang='lat' dir='ltr'><strong>personis</strong></span> <span class='ocrx_word' id='word_1_39' title='bbox 1372 698 1498 744; x_wconf 90' lang='lat' dir='ltr'><strong>non</strong></span> <span class='ocrx_word' id='word_1_40' title='bbox 1533 701 1610 746; x_wconf 82' lang='lat' dir='ltr'><strong>ex</strong></span> <span class='ocrx_word' id='word_1_41' title='bbox 1640 685 1859 765; x_wconf 89' lang='lat' dir='ltr'><strong>aliqua</strong></span> <span class='ocrx_word' id='word_1_42' title='bbox 1893 687 2072 749; x_wconf 93' lang='lat' dir='ltr'><strong>illius</strong></span> <span class='ocrx_word' id='word_1_43' title='bbox 2108 689 2469 768; x_wconf 75' lang='lat' dir='ltr'><strong>indigentia</strong></span> <span class='ocrx_word' id='word_1_44' title='bbox 2505 692 2851 768; x_wconf 83' lang='lat' dir='ltr'><strong>proﬁcisci,</strong></span> <span class='ocrx_word' id='word_1_45' title='bbox 2879 692 2992 754; x_wconf 89' lang='lat' dir='ltr'><strong>sed</strong></span> <span class='ocrx_word' id='word_1_46' title='bbox 3018 709 3099 755; x_wconf 83' lang='lat' dir='ltr'><strong>ex</strong></span> <span class='ocrx_word' id='word_1_47' title='bbox 3134 692 3377 754; x_wconf 89' lang='lat' dir='ltr'><strong>unitate</strong></span> 
     </span>
    </p>
   </div>
   <div class='ocr_carea' id='block_1_6' title="bbox 119 775 3387 873">
    <p class='ocr_par' dir='ltr' id='par_1_6' title="bbox 119 775 3387 873">
     <span class='ocr_line' id='line_1_6' title="bbox 119 775 3387 873; baseline 0.006 -39"><span class='ocrx_word' id='word_1_48' title='bbox 119 782 326 852; x_wconf 85' lang='lat' dir='ltr'><strong>atque</strong></span> <span class='ocrx_word' id='word_1_49' title='bbox 357 775 698 841; x_wconf 88' lang='lat' dir='ltr'><strong>identitate</strong></span> <span class='ocrx_word' id='word_1_50' title='bbox 725 778 980 842; x_wconf 83' lang='lat' dir='ltr'><strong>virtutis</strong></span> <span class='ocrx_word' id='word_1_51' title='bbox 1011 782 1364 846; x_wconf 88' lang='lat' dir='ltr'><strong>etactionis</strong></span> <span class='ocrx_word' id='word_1_52' title='bbox 1396 785 1735 863; x_wconf 77' lang='lat' dir='ltr'><strong>spirantis,</strong></span> <span class='ocrx_word' id='word_1_53' title='bbox 1760 805 1900 868; x_wconf 74' lang='lat' dir='ltr'><strong>qum</strong></span> <span class='ocrx_word' id='word_1_54' title='bbox 1929 788 1996 852; x_wconf 91' lang='lat' dir='ltr'><strong>in</strong></span> <span class='ocrx_word' id='word_1_55' title='bbox 2057 797 2328 871; x_wconf 90' lang='lat' dir='ltr'><strong>utraque</strong></span> <span class='ocrx_word' id='word_1_56' title='bbox 2361 809 2638 872; x_wconf 85' lang='lat' dir='ltr'><strong>persona</strong></span> <span class='ocrx_word' id='word_1_57' title='bbox 2689 803 2820 868; x_wconf 87' lang='lat' dir='ltr'><strong>est;</strong></span> <span class='ocrx_word' id='word_1_58' title='bbox 2857 812 3049 873; x_wconf 87' lang='lat' dir='ltr'><strong>quam</strong></span> <span class='ocrx_word' id='word_1_59' title='bbox 3113 795 3198 858; x_wconf 91' lang='lat' dir='ltr'><strong>ob</strong></span> <span class='ocrx_word' id='word_1_60' title='bbox 3253 785 3387 856; x_wconf 79' lang='lat' dir='ltr'><strong>rem</strong></span> 
     </span>
    </p>
   </div>
   <div class='ocr_carea' id='block_1_7' title="bbox 123 875 3389 972">
    <p class='ocr_par' dir='ltr' id='par_1_7' title="bbox 123 875 3389 972">
     <span class='ocr_line' id='line_1_7' title="bbox 123 875 3389 972; baseline 0.007 -38"><span class='ocrx_word' id='word_1_61' title='bbox 123 875 286 935; x_wconf 84' lang='lat' dir='ltr'><strong>oriri</strong></span> <span class='ocrx_word' id='word_1_62' title='bbox 333 891 464 938; x_wconf 90' lang='lat' dir='ltr'><strong>non</strong></span> <span class='ocrx_word' id='word_1_63' title='bbox 499 885 705 956; x_wconf 82' lang='lat' dir='ltr'><strong>potest</strong></span> <span class='ocrx_word' id='word_1_64' title='bbox 735 896 772 940; x_wconf 89' lang='lat' dir='ltr'><strong>a</strong></span> <span class='ocrx_word' id='word_1_65' title='bbox 804 882 984 943; x_wconf 82' lang='lat' dir='ltr'><strong>Patre</strong></span> <span class='ocrx_word' id='word_1_66' title='bbox 1017 885 1175 962; x_wconf 92' lang='lat' dir='ltr'><strong>quin</strong></span> <span class='ocrx_word' id='word_1_67' title='bbox 1204 887 1396 948; x_wconf 86' lang='lat' dir='ltr'><strong>simul</strong></span> <span class='ocrx_word' id='word_1_68' title='bbox 1433 888 1678 952; x_wconf 89' lang='lat' dir='ltr'><strong>oriatur</strong></span> <span class='ocrx_word' id='word_1_69' title='bbox 1713 909 1745 954; x_wconf 89' lang='lat' dir='ltr'><strong>a</strong></span> <span class='ocrx_word' id='word_1_70' title='bbox 1785 893 1974 965; x_wconf 84' lang='lat' dir='ltr'><strong>Filio,</strong></span> <span class='ocrx_word' id='word_1_71' title='bbox 2007 895 2549 972; x_wconf 84' lang='lat' dir='ltr'><strong>quemadmodum</strong></span> <span class='ocrx_word' id='word_1_72' title='bbox 2588 897 2789 958; x_wconf 79' lang='lat' dir='ltr'><strong>creari</strong></span> <span class='ocrx_word' id='word_1_73' title='bbox 2827 899 3107 960; x_wconf 85' lang='lat' dir='ltr'><strong>mundus</strong></span> <span class='ocrx_word' id='word_1_74' title='bbox 3137 915 3172 960; x_wconf 91' lang='lat' dir='ltr'><strong>a</strong></span> <span class='ocrx_word' id='word_1_75' title='bbox 3209 901 3389 961; x_wconf 88' lang='lat' dir='ltr'><strong>Patre</strong></span> 
     </span>
    </p>
   </div>
   <div class='ocr_carea' id='block_1_8' title="bbox 128 985 3388 1081">
    <p class='ocr_par' dir='ltr' id='par_1_8' title="bbox 128 985 3388 1081">
     <span class='ocr_line' id='line_1_8' title="bbox 128 985 3388 1081; baseline 0.007 -40"><span class='ocrx_word' id='word_1_76' title='bbox 128 996 257 1042; x_wconf 89' lang='lat' dir='ltr'><strong>non</strong></span> <span class='ocrx_word' id='word_1_77' title='bbox 295 985 694 1064; x_wconf 85' lang='lat' dir='ltr'><strong>potuitquin</strong></span> <span class='ocrx_word' id='word_1_78' title='bbox 725 995 787 1049; x_wconf 91' lang='lat' dir='ltr'><strong>et</strong></span> <span class='ocrx_word' id='word_1_79' title='bbox 817 989 957 1052; x_wconf 69' lang='lat' dir='ltr'><strong>aliae</strong></span> <span class='ocrx_word' id='word_1_80' title='bbox 989 1007 1284 1070; x_wconf 66' lang='lat' dir='ltr'><strong>personae</strong></span> <span class='ocrx_word' id='word_1_81' title='bbox 1313 1009 1777 1064; x_wconf 89' lang='lat' dir='ltr'><strong>concurrerent</strong></span> <span class='ocrx_word' id='word_1_82' title='bbox 1835 1002 1900 1063; x_wconf 92' lang='lat' dir='ltr'><strong>in</strong></span> <span class='ocrx_word' id='word_1_83' title='bbox 1949 1001 2365 1064; x_wconf 87' lang='lat' dir='ltr'><strong>creationem.</strong></span> <span class='ocrx_word' id='word_1_84' title='bbox 2419 1002 2543 1065; x_wconf 87' lang='lat' dir='ltr'><strong>Sed</strong></span> <span class='ocrx_word' id='word_1_85' title='bbox 2591 1001 2766 1081; x_wconf 80' lang='lat' dir='ltr'><strong>piget</strong></span> <span class='ocrx_word' id='word_1_86' title='bbox 2825 999 2892 1062; x_wconf 90' lang='lat' dir='ltr'><strong>in</strong></span> <span class='ocrx_word' id='word_1_87' title='bbox 2938 999 3063 1076; x_wconf 86' lang='lat' dir='ltr'><strong>his,</strong></span> <span class='ocrx_word' id='word_1_88' title='bbox 3101 1017 3245 1080; x_wconf 65' lang='lat' dir='ltr'><strong>qua;</strong></span> <span class='ocrx_word' id='word_1_89' title='bbox 3290 1001 3388 1063; x_wconf 73' lang='lat' dir='ltr'><strong>vri</strong></span> 
     </span>
    </p>
   </div>
   <div class='ocr_carea' id='block_1_9' title="bbox 124 1082 2272 1174">
    <p class='ocr_par' dir='ltr' id='par_1_9' title="bbox 124 1082 2272 1174">
     <span class='ocr_line' id='line_1_9' title="bbox 124 1082 2272 1174; baseline 0.014 -34"><span class='ocrx_word' id='word_1_90' title='bbox 124 1082 298 1159; x_wconf 85' lang='lat' dir='ltr'><strong>ipsis</strong></span> <span class='ocrx_word' id='word_1_91' title='bbox 332 1084 677 1165; x_wconf 69' lang='lat' dir='ltr'><strong>theologica</strong></span> <span class='ocrx_word' id='word_1_92' title='bbox 706 1090 1026 1154; x_wconf 90' lang='lat' dir='ltr'><strong>tironibus</strong></span> <span class='ocrx_word' id='word_1_93' title='bbox 1060 1095 1383 1174; x_wconf 81' lang='lat' dir='ltr'><strong>explorata</strong></span> <span class='ocrx_word' id='word_1_94' title='bbox 1415 1107 1588 1170; x_wconf 89' lang='lat' dir='ltr'><strong>sunt,</strong></span> <span class='ocrx_word' id='word_1_95' title='bbox 1625 1102 1869 1166; x_wconf 87' lang='lat' dir='ltr'><strong>diutius</strong></span> <span class='ocrx_word' id='word_1_96' title='bbox 1915 1103 2272 1169; x_wconf 87' lang='lat' dir='ltr'><strong>immorari.</strong></span> 
     </span>
    </p>
   </div>
   <div class='ocr_carea' id='block_1_10' title="bbox 209 1185 3389 1285">
    <p class='ocr_par' dir='ltr' id='par_1_10' title="bbox 209 1185 3389 1285">
     <span class='ocr_line' id='line_1_10' title="bbox 209 1185 3389 1285; baseline 0.005 -41"><span class='ocrx_word' id='word_1_97' title='bbox 209 1185 580 1247; x_wconf 78' lang='lat' dir='ltr'><strong>XXXVIII.</strong></span> <span class='ocrx_word' id='word_1_98' title='bbox 631 1190 1188 1263; x_wconf 87' lang='lat' dir='ltr'><strong>Quemadmodum</strong></span> <span class='ocrx_word' id='word_1_99' title='bbox 1239 1211 1430 1272; x_wconf 90' lang='lat' dir='ltr'><strong>porro</strong></span> <span class='ocrx_word' id='word_1_100' title='bbox 1481 1198 1673 1262; x_wconf 88' lang='lat' dir='ltr'><strong>nihili</strong></span> <span class='ocrx_word' id='word_1_101' title='bbox 1742 1201 2034 1266; x_wconf 86' lang='lat' dir='ltr'><strong>facienda</strong></span> <span class='ocrx_word' id='word_1_102' title='bbox 2087 1217 2207 1280; x_wconf 90' lang='lat' dir='ltr'><strong>est,</strong></span> <span class='ocrx_word' id='word_1_103' title='bbox 2236 1205 2312 1268; x_wconf 89' lang='lat' dir='ltr'><strong>ad</strong></span> <span class='ocrx_word' id='word_1_104' title='bbox 2363 1205 2485 1267; x_wconf 89' lang='lat' dir='ltr'><strong>hoc</strong></span> <span class='ocrx_word' id='word_1_105' title='bbox 2521 1203 2696 1285; x_wconf 92' lang='lat' dir='ltr'><strong>quod</strong></span> <span class='ocrx_word' id='word_1_106' title='bbox 2745 1203 2993 1278; x_wconf 89' lang='lat' dir='ltr'><strong>attinet,</strong></span> <span class='ocrx_word' id='word_1_107' title='bbox 3045 1201 3389 1265; x_wconf 86' lang='lat' dir='ltr'><strong>auctoritas</strong></span> 
     </span>
    </p>
   </div>
   <div class='ocr_carea' id='block_1_11' title="bbox 125 1281 3388 1384">
    <p class='ocr_par' dir='ltr' id='par_1_11' title="bbox 125 1281 3388 1384">
     <span class='ocr_line' id='line_1_11' title="bbox 125 1281 3388 1384; baseline 0.006 -42"><span class='ocrx_word' id='word_1_108' title='bbox 125 1281 632 1362; x_wconf 82' lang='lat' dir='ltr'><strong>‘l‘heOphylacti,</strong></span> <span class='ocrx_word' id='word_1_109' title='bbox 667 1295 885 1365; x_wconf 87' lang='lat' dir='ltr'><strong>utpote</strong></span> <span class='ocrx_word' id='word_1_110' title='bbox 918 1291 1380 1356; x_wconf 78' lang='lat' dir='ltr'><strong>infirmissimis</strong></span> <span class='ocrx_word' id='word_1_111' title='bbox 1420 1303 1820 1377; x_wconf 82' lang='lat' dir='ltr'><strong>argumentis</strong></span> <span class='ocrx_word' id='word_1_112' title='bbox 1863 1303 2096 1378; x_wconf 83' lang='lat' dir='ltr'><strong>innixi,</strong></span> <span class='ocrx_word' id='word_1_113' title='bbox 2133 1305 2218 1367; x_wconf 87' lang='lat' dir='ltr'><strong>ita</strong></span> <span class='ocrx_word' id='word_1_114' title='bbox 2260 1281 2583 1384; x_wconf 83' lang='lat' dir='ltr'><strong>probanda</strong></span> <span class='ocrx_word' id='word_1_115' title='bbox 2635 1305 2819 1366; x_wconf 90' lang='lat' dir='ltr'><strong>illius</strong></span> <span class='ocrx_word' id='word_1_116' title='bbox 2852 1303 3056 1365; x_wconf 85' lang='lat' dir='ltr'><strong>animi</strong></span> <span class='ocrx_word' id='word_1_117' title='bbox 3091 1302 3388 1364; x_wconf 80' lang='lat' dir='ltr'><strong>modera-</strong></span> 
     </span>
    </p>
   </div>
   <div class='ocr_carea' id='block_1_12' title="bbox 129 1384 3387 1482">
    <p class='ocr_par' dir='ltr' id='par_1_12' title="bbox 129 1384 3387 1482">
     <span class='ocr_line' id='line_1_12' title="bbox 129 1384 3387 1482; baseline 0.006 -41"><span class='ocrx_word' id='word_1_118' title='bbox 129 1384 248 1452; x_wconf 89' lang='lat' dir='ltr'><strong>tio,</strong></span> <span class='ocrx_word' id='word_1_119' title='bbox 276 1385 456 1461; x_wconf 83' lang='lat' dir='ltr'><strong>quod</strong></span> <span class='ocrx_word' id='word_1_120' title='bbox 491 1403 526 1448; x_wconf 87' lang='lat' dir='ltr'><strong>a</strong></span> <span class='ocrx_word' id='word_1_121' title='bbox 565 1405 838 1450; x_wconf 85' lang='lat' dir='ltr'><strong>censura</strong></span> <span class='ocrx_word' id='word_1_122' title='bbox 869 1389 1156 1469; x_wconf 87' lang='lat' dir='ltr'><strong>qualibet</strong></span> <span class='ocrx_word' id='word_1_123' title='bbox 1193 1393 1581 1474; x_wconf 88' lang='lat' dir='ltr'><strong>disputando</strong></span> <span class='ocrx_word' id='word_1_124' title='bbox 1613 1399 2038 1473; x_wconf 86' lang='lat' dir='ltr'><strong>abstinuerit;</strong></span> <span class='ocrx_word' id='word_1_125' title='bbox 2098 1421 2243 1466; x_wconf 89' lang='lat' dir='ltr'><strong>cum</strong></span> <span class='ocrx_word' id='word_1_126' title='bbox 2300 1423 2380 1468; x_wconf 81' lang='lat' dir='ltr'><strong>ex</strong></span> <span class='ocrx_word' id='word_1_127' title='bbox 2436 1405 2771 1467; x_wconf 70' lang='lat' dir='ltr'><strong>Photianis</strong></span> <span class='ocrx_word' id='word_1_128' title='bbox 2817 1401 3022 1482; x_wconf 87' lang='lat' dir='ltr'><strong>aliqui</strong></span> <span class='ocrx_word' id='word_1_129' title='bbox 3081 1409 3387 1480; x_wconf 86' lang='lat' dir='ltr'><strong>tanquam</strong></span> 
     </span>
    </p>
   </div>
   <div class='ocr_carea' id='block_1_13' title="bbox 126 1485 3392 1580">
    <p class='ocr_par' dir='ltr' id='par_1_13' title="bbox 126 1485 3392 1580">
     <span class='ocr_line' id='line_1_13' title="bbox 126 1485 3392 1580; baseline 0.005 -37"><span class='ocrx_word' id='word_1_130' title='bbox 126 1485 513 1560; x_wconf 70' lang='lat' dir='ltr'><strong>hirreticam,</strong></span> <span class='ocrx_word' id='word_1_131' title='bbox 538 1489 649 1550; x_wconf 90' lang='lat' dir='ltr'><strong>alii</strong></span> <span class='ocrx_word' id='word_1_132' title='bbox 687 1500 754 1550; x_wconf 94' lang='lat' dir='ltr'><strong>ut</strong></span> <span class='ocrx_word' id='word_1_133' title='bbox 791 1491 1208 1571; x_wconf 68' lang='lat' dir='ltr'><strong>blasphemam</strong></span> <span class='ocrx_word' id='word_1_134' title='bbox 1236 1498 1303 1558; x_wconf 82' lang='lat' dir='ltr'><strong>in</strong></span> <span class='ocrx_word' id='word_1_135' title='bbox 1327 1498 1641 1578; x_wconf 77' lang='lat' dir='ltr'><strong>Spiritum</strong></span> <span class='ocrx_word' id='word_1_136' title='bbox 1666 1512 1952 1565; x_wconf 75' lang='lat' dir='ltr'><strong>sanctum</strong></span> <span class='ocrx_word' id='word_1_137' title='bbox 1989 1508 2324 1568; x_wconf 84' lang='lat' dir='ltr'><strong>traducere</strong></span> <span class='ocrx_word' id='word_1_138' title='bbox 2351 1507 2722 1568; x_wconf 90' lang='lat' dir='ltr'><strong>Latinorum</strong></span> <span class='ocrx_word' id='word_1_139' title='bbox 2756 1503 3165 1574; x_wconf 87' lang='lat' dir='ltr'><strong>sententiam,</strong></span> <span class='ocrx_word' id='word_1_140' title='bbox 3198 1509 3392 1580; x_wconf 84' lang='lat' dir='ltr'><strong>atque</strong></span> 
     </span>
    </p>
   </div>
   <div class='ocr_carea' id='block_1_14' title="bbox 131 1587 3391 1686">
    <p class='ocr_par' dir='ltr' id='par_1_14' title="bbox 131 1587 3391 1686">
     <span class='ocr_line' id='line_1_14' title="bbox 131 1587 3391 1686; baseline 0.005 -40"><span class='ocrx_word' id='word_1_141' title='bbox 131 1587 303 1650; x_wconf 86' lang='lat' dir='ltr'><strong>adeo</strong></span> <span class='ocrx_word' id='word_1_142' title='bbox 329 1589 567 1669; x_wconf 82' lang='lat' dir='ltr'><strong>dogma</strong></span> <span class='ocrx_word' id='word_1_143' title='bbox 590 1593 1000 1669; x_wconf 77' lang='lat' dir='ltr'><strong>catholicum,</strong></span> <span class='ocrx_word' id='word_1_144' title='bbox 1037 1613 1161 1658; x_wconf 89' lang='lat' dir='ltr'><strong>non</strong></span> <span class='ocrx_word' id='word_1_145' title='bbox 1205 1611 1565 1675; x_wconf 85' lang='lat' dir='ltr'><strong>vereantur,</strong></span> <span class='ocrx_word' id='word_1_146' title='bbox 1605 1612 1671 1664; x_wconf 93' lang='lat' dir='ltr'><strong>ut</strong></span> <span class='ocrx_word' id='word_1_147' title='bbox 1717 1603 2116 1668; x_wconf 86' lang='lat' dir='ltr'><strong>furibundus</strong></span> <span class='ocrx_word' id='word_1_148' title='bbox 2153 1607 2260 1669; x_wconf 91' lang='lat' dir='ltr'><strong>ille</strong></span> <span class='ocrx_word' id='word_1_149' title='bbox 2307 1607 2700 1686; x_wconf 85' lang='lat' dir='ltr'><strong>sycophanta</strong></span> <span class='ocrx_word' id='word_1_150' title='bbox 2739 1603 3142 1682; x_wconf 81' lang='lat' dir='ltr'><strong>Ephrmmus.</strong></span> <span class='ocrx_word' id='word_1_151' title='bbox 3178 1601 3391 1663; x_wconf 86' lang='lat' dir='ltr'><strong>Theo-</strong></span> 
     </span>
    </p>
   </div>
   <div class='ocr_carea' id='block_1_15' title="bbox 133 1687 3392 1783">
    <p class='ocr_par' dir='ltr' id='par_1_15' title="bbox 133 1687 3392 1783">
     <span class='ocr_line' id='line_1_15' title="bbox 133 1687 3392 1783; baseline 0.003 -37"><span class='ocrx_word' id='word_1_152' title='bbox 133 1687 485 1765; x_wconf 77' lang='lat' dir='ltr'><strong>phylactus</strong></span> <span class='ocrx_word' id='word_1_153' title='bbox 510 1700 728 1754; x_wconf 84' lang='lat' dir='ltr'><strong>contra</strong></span> <span class='ocrx_word' id='word_1_154' title='bbox 763 1693 1017 1756; x_wconf 77' lang='lat' dir='ltr'><strong>videtur</strong></span> <span class='ocrx_word' id='word_1_155' title='bbox 1050 1706 1117 1758; x_wconf 95' lang='lat' dir='ltr'><strong>ut</strong></span> <span class='ocrx_word' id='word_1_156' title='bbox 1147 1697 1371 1760; x_wconf 88' lang='lat' dir='ltr'><strong>falsam</strong></span> <span class='ocrx_word' id='word_1_157' title='bbox 1407 1704 1848 1765; x_wconf 85' lang='lat' dir='ltr'><strong>tantummodo</strong></span> <span class='ocrx_word' id='word_1_158' title='bbox 1875 1705 2256 1780; x_wconf 84' lang='lat' dir='ltr'><strong>Opinionem</strong></span> <span class='ocrx_word' id='word_1_159' title='bbox 2293 1703 2478 1783; x_wconf 88' lang='lat' dir='ltr'><strong>queis</strong></span> <span class='ocrx_word' id='word_1_160' title='bbox 2518 1710 2722 1781; x_wconf 89' lang='lat' dir='ltr'><strong>potest</strong></span> <span class='ocrx_word' id='word_1_161' title='bbox 2771 1701 3168 1775; x_wconf 70' lang='lat' dir='ltr'><strong>argumentis</strong></span> <span class='ocrx_word' id='word_1_162' title='bbox 3201 1696 3392 1760; x_wconf 85' lang='lat' dir='ltr'><strong>refel-</strong></span> 
     </span>
    </p>
   </div>
   <div class='ocr_carea' id='block_1_16' title="bbox 133 1787 1774 1882">
    <p class='ocr_par' dir='ltr' id='par_1_16' title="bbox 133 1787 1741 1882">
     <span class='ocr_line' id='line_1_16' title="bbox 133 1787 1741 1882; baseline 0.012 -36"><span class='ocrx_word' id='word_1_163' title='bbox 133 1787 288 1850; x_wconf 81' lang='lat' dir='ltr'><strong>lere.</strong></span> <span class='ocrx_word' id='word_1_164' title='bbox 327 1790 498 1852; x_wconf 89' lang='lat' dir='ltr'><strong>Hine</strong></span> <span class='ocrx_word' id='word_1_165' title='bbox 528 1809 705 1855; x_wconf 89' lang='lat' dir='ltr'><strong>num.</strong></span> <span class='ocrx_word' id='word_1_166' title='bbox 741 1796 821 1855; x_wconf 82' lang='grc' dir='ltr'><strong>ΙΙΙ</strong></span> <span class='ocrx_word' id='word_1_167' title='bbox 855 1805 913 1856; x_wconf 72' lang='grc' dir='ltr'><strong>τὸ</strong></span> <span class='ocrx_word' id='word_1_168' title='bbox 941 1805 1199 1875; x_wconf 79' lang='grc' dir='ltr'><strong>μέγιστον</strong></span> <span class='ocrx_word' id='word_1_169' title='bbox 1221 1808 1464 1862; x_wconf 84' lang='grc' dir='ltr'><strong>Λατίνων</strong></span> <span class='ocrx_word' id='word_1_170' title='bbox 1494 1811 1741 1882; x_wconf 76' lang='grc' dir='ltr'><strong>σφάλμα,</strong></span> 
     </span>
    </p>
   </div>
   <div class='ocr_carea' id='block_1_17' title="bbox 1752 1787 3393 1882">
    <p class='ocr_par' dir='ltr' id='par_1_17' title="bbox 1780 1803 3393 1866">
     <span class='ocr_line' id='line_1_17' title="bbox 1780 1803 3393 1866; baseline -0.002 -4"><span class='ocrx_word' id='word_1_171' title='bbox 1780 1807 2120 1865; x_wconf 73' lang='lat' dir='ltr'><strong>maximum</strong></span> <span class='ocrx_word' id='word_1_172' title='bbox 2175 1805 2539 1866; x_wconf 83' lang='lat' dir='ltr'><strong>Latinorum</strong></span> <span class='ocrx_word' id='word_1_173' title='bbox 2570 1823 2845 1866; x_wconf 84' lang='lat' dir='ltr'><strong>errorem</strong></span> <span class='ocrx_word' id='word_1_174' title='bbox 2869 1803 3058 1864; x_wconf 82' lang='lat' dir='ltr'><strong>docet</strong></span> <span class='ocrx_word' id='word_1_175' title='bbox 3090 1819 3233 1862; x_wconf 82' lang='lat' dir='ltr'><strong>esse</strong></span> <span class='ocrx_word' id='word_1_176' title='bbox 3269 1815 3393 1860; x_wconf 90' lang='lat' dir='ltr'><strong>non</strong></span> 
     </span>
    </p>
   </div>
   <div class='ocr_carea' id='block_1_18' title="bbox 129 1889 1770 1986">
    <p class='ocr_par' dir='ltr' id='par_1_18' title="bbox 129 1889 1770 1984">
     <span class='ocr_line' id='line_1_18' title="bbox 129 1889 1770 1984; baseline 0.011 -35"><span class='ocrx_word' id='word_1_177' title='bbox 129 1891 370 1964; x_wconf 84' lang='lat' dir='ltr'><strong>ipsam,</strong></span> <span class='ocrx_word' id='word_1_178' title='bbox 402 1909 598 1967; x_wconf 85' lang='lat' dir='ltr'><strong>quam</strong></span> <span class='ocrx_word' id='word_1_179' title='bbox 661 1889 938 1970; x_wconf 79' lang='lat' dir='ltr'><strong>tuemur,</strong></span> <span class='ocrx_word' id='word_1_180' title='bbox 990 1902 1397 1974; x_wconf 78' lang='lat' dir='ltr'><strong>sententiam,</strong></span> <span class='ocrx_word' id='word_1_181' title='bbox 1448 1904 1560 1964; x_wconf 92' lang='lat' dir='ltr'><strong>sed</strong></span> <span class='ocrx_word' id='word_1_182' title='bbox 1623 1912 1770 1984; x_wconf 72' lang='grc' dir='ltr'><strong>τὴνὲ</strong></span> 
     </span>
    </p>
   </div>
   <div class='ocr_carea' id='block_1_19' title="bbox 1756 1889 3397 1986">
    <p class='ocr_par' dir='ltr' id='par_1_19' title="bbox 1756 1901 3397 1986">
     <span class='ocr_line' id='line_1_19' title="bbox 1756 1901 3397 1986; baseline -0.009 -14"><span class='ocrx_word' id='word_1_183' title='bbox 1756 1915 1811 1967; x_wconf 79' lang='grc' dir='ltr'>ὲν</span> <span class='ocrx_word' id='word_1_184' title='bbox 1847 1915 1926 1985; x_wconf 82' lang='grc' dir='ltr'><strong>τῷ</strong></span> <span class='ocrx_word' id='word_1_185' title='bbox 1955 1919 2194 1978; x_wconf 72' lang='grc' dir='ltr'><strong>πίστεως</strong></span> <span class='ocrx_word' id='word_1_186' title='bbox 2223 1917 2484 1986; x_wconf 79' lang='grc' dir='ltr'><strong>Συμϐόλῳ</strong></span> <span class='ocrx_word' id='word_1_187' title='bbox 2515 1916 2894 1986; x_wconf 75' lang='grc' dir='ltr'><strong>καινοτομίαν,</strong></span> <span class='ocrx_word' id='word_1_188' title='bbox 2963 1905 3274 1965; x_wconf 82' lang='lat' dir='ltr'><strong>invectam</strong></span> <span class='ocrx_word' id='word_1_189' title='bbox 3327 1901 3397 1962; x_wconf 81' lang='lat' dir='ltr'><strong>in</strong></span> 
     </span>
    </p>
   </div>
   <div class='ocr_carea' id='block_1_20' title="bbox 131 1998 3396 2092">
    <p class='ocr_par' dir='ltr' id='par_1_20' title="bbox 131 1998 3396 2092">
     <span class='ocr_line' id='line_1_20' title="bbox 131 1998 3396 2092; baseline 0.001 -34"><span class='ocrx_word' id='word_1_190' title='bbox 131 1998 277 2076; x_wconf 69' lang='lat' dir='ltr'><strong>ﬁdei</strong></span> <span class='ocrx_word' id='word_1_191' title='bbox 303 2001 675 2079; x_wconf 78' lang='lat' dir='ltr'><strong>Symbolum</strong></span> <span class='ocrx_word' id='word_1_192' title='bbox 707 2005 1195 2081; x_wconf 77' lang='lat' dir='ltr'><strong>innovatitmem,</strong></span> <span class='ocrx_word' id='word_1_193' title='bbox 1225 2025 1340 2070; x_wconf 92' lang='lat' dir='ltr'><strong>seu</strong></span> <span class='ocrx_word' id='word_1_194' title='bbox 1373 2009 1770 2072; x_wconf 87' lang='lat' dir='ltr'><strong>additionem</strong></span> <span class='ocrx_word' id='word_1_195' title='bbox 1806 2014 2152 2090; x_wconf 80' lang='lat' dir='ltr'><strong>particulm,</strong></span> <span class='ocrx_word' id='word_1_196' title='bbox 2186 2015 2512 2092; x_wconf 83' lang='lat' dir='ltr'><strong>Filioque;</strong></span> <span class='ocrx_word' id='word_1_197' title='bbox 2545 2020 2606 2073; x_wconf 85' lang='lat' dir='ltr'><strong>et</strong></span> <span class='ocrx_word' id='word_1_198' title='bbox 2639 2029 2815 2072; x_wconf 89' lang='lat' dir='ltr'><strong>num.</strong></span> <span class='ocrx_word' id='word_1_199' title='bbox 2847 2011 3000 2072; x_wconf 80' lang='lat' dir='ltr'><strong>XIII</strong></span> <span class='ocrx_word' id='word_1_200' title='bbox 3037 2009 3100 2068; x_wconf 91' lang='lat' dir='ltr'><strong>in</strong></span> <span class='ocrx_word' id='word_1_201' title='bbox 3150 2003 3396 2082; x_wconf 83' lang='lat' dir='ltr'><strong>placitis</strong></span> 
     </span>
    </p>
   </div>
   <div class='ocr_carea' id='block_1_21' title="bbox 137 2105 1778 2195">
    <p class='ocr_par' dir='ltr' id='par_1_21' title="bbox 137 2105 1778 2195">
     <span class='ocr_line' id='line_1_21' title="bbox 137 2105 1778 2195; baseline 0.007 -31"><span class='ocrx_word' id='word_1_202' title='bbox 137 2105 512 2167; x_wconf 80' lang='lat' dir='ltr'><strong>Latinorum</strong></span> <span class='ocrx_word' id='word_1_203' title='bbox 548 2108 724 2169; x_wconf 88' lang='lat' dir='ltr'><strong>velut</strong></span> <span class='ocrx_word' id='word_1_204' title='bbox 746 2119 843 2189; x_wconf 80' lang='grc' dir='ltr'><strong>τὴν</strong></span> <span class='ocrx_word' id='word_1_205' title='bbox 870 2123 1145 2193; x_wconf 67' lang='grc' dir='ltr'><strong>τςατρίκην</strong></span> <span class='ocrx_word' id='word_1_206' title='bbox 1177 2123 1359 2177; x_wconf 77' lang='grc' dir='ltr'>πίστιν</span> <span class='ocrx_word' id='word_1_207' title='bbox 1384 2125 1632 2189; x_wconf 76' lang='grc' dir='ltr'><strong>σαλεῦον,</strong></span> <span class='ocrx_word' id='word_1_208' title='bbox 1664 2116 1778 2195; x_wconf 75' lang='lat' dir='ltr'><strong>ﬁde</strong></span> 
     </span>
    </p>
   </div>
   <div class='ocr_carea' id='block_1_22' title="bbox 1757 2105 3398 2195">
    <p class='ocr_par' dir='ltr' id='par_1_22' title="bbox 1757 2110 3398 2189">
     <span class='ocr_line' id='line_1_22' title="bbox 1757 2110 3398 2189; baseline -0.005 -13"><span class='ocrx_word' id='word_1_209' title='bbox 1757 2136 1845 2177; x_wconf 87' lang='lat' dir='ltr'><strong>em</strong></span> <span class='ocrx_word' id='word_1_210' title='bbox 1902 2120 2266 2179; x_wconf 79' lang='lat' dir='ltr'><strong>concutiens</strong></span> <span class='ocrx_word' id='word_1_211' title='bbox 2304 2117 2414 2179; x_wconf 87' lang='lat' dir='ltr'><strong>SS.</strong></span> <span class='ocrx_word' id='word_1_212' title='bbox 2448 2117 2733 2189; x_wconf 75' lang='lat' dir='ltr'><strong>Patrum,</strong></span> <span class='ocrx_word' id='word_1_213' title='bbox 2769 2114 2979 2175; x_wconf 87' lang='lat' dir='ltr'><strong>solum</strong></span> <span class='ocrx_word' id='word_1_214' title='bbox 3032 2110 3217 2170; x_wconf 86' lang='lat' dir='ltr'><strong>affert</strong></span> <span class='ocrx_word' id='word_1_215' title='bbox 3250 2116 3312 2169; x_wconf 82' lang='grc' dir='ltr'><strong>τδ</strong></span> <span class='ocrx_word' id='word_1_216' title='bbox 3343 2121 3398 2169; x_wconf 79' lang='grc' dir='ltr'>ὲν</span> 
     </span>
    </p>
   </div>
   <div class='ocr_carea' id='block_1_23' title="bbox 134 2213 1775 2303">
    <p class='ocr_par' dir='ltr' id='par_1_23' title="bbox 134 2217 1775 2302">
     <span class='ocr_line' id='line_1_23' title="bbox 134 2217 1775 2302; baseline 0.01 -36"><span class='ocrx_word' id='word_1_217' title='bbox 134 2217 213 2285; x_wconf 77' lang='grc' dir='ltr'><strong>τῷ</strong></span> <span class='ocrx_word' id='word_1_218' title='bbox 233 2219 507 2288; x_wconf 73' lang='grc' dir='ltr'><strong>Συμϐόλῳ</strong></span> <span class='ocrx_word' id='word_1_219' title='bbox 538 2223 666 2290; x_wconf 80' lang='grc' dir='ltr'><strong>περὶ</strong></span> <span class='ocrx_word' id='word_1_220' title='bbox 702 2223 798 2276; x_wconf 81' lang='grc' dir='ltr'><strong>τοῦ</strong></span> <span class='ocrx_word' id='word_1_221' title='bbox 839 2224 1022 2293; x_wconf 79' lang='grc' dir='ltr'><strong>’Λγίου</strong></span> <span class='ocrx_word' id='word_1_222' title='bbox 1053 2227 1368 2298; x_wconf 74' lang='grc' dir='ltr'><strong>Πνεῦματος</strong></span> <span class='ocrx_word' id='word_1_223' title='bbox 1399 2230 1775 2302; x_wconf 74' lang='grc' dir='ltr'><strong>προστιθὲμεν‹</strong></span> 
     </span>
    </p>
   </div>
   <div class='ocr_carea' id='block_1_24' title="bbox 1759 2213 3400 2303">
    <p class='ocr_par' dir='ltr' id='par_1_24' title="bbox 1759 2213 3400 2303">
     <span class='ocr_line' id='line_1_24' title="bbox 1759 2213 3400 2303; baseline -0.009 -20"><span class='ocrx_word' id='word_1_224' title='bbox 1759 2248 1845 2293; x_wconf 70' lang='grc' dir='ltr'>νον,</span> <span class='ocrx_word' id='word_1_225' title='bbox 1874 2223 1959 2294; x_wconf 82' lang='lat' dir='ltr'><strong>id,</strong></span> <span class='ocrx_word' id='word_1_226' title='bbox 1988 2221 2153 2303; x_wconf 85' lang='lat' dir='ltr'><strong>quod</strong></span> <span class='ocrx_word' id='word_1_227' title='bbox 2179 2222 2251 2282; x_wconf 84' lang='lat' dir='ltr'><strong>de</strong></span> <span class='ocrx_word' id='word_1_228' title='bbox 2264 2223 2516 2300; x_wconf 77' lang='lat' dir='ltr'><strong>Spiritu</strong></span> <span class='ocrx_word' id='word_1_229' title='bbox 2542 2229 2756 2280; x_wconf 76' lang='lat' dir='ltr'><strong>sancto</strong></span> <span class='ocrx_word' id='word_1_230' title='bbox 2781 2216 3089 2296; x_wconf 81' lang='lat' dir='ltr'><strong>adjectum</strong></span> <span class='ocrx_word' id='word_1_231' title='bbox 3117 2221 3202 2271; x_wconf 76' lang='lat' dir='ltr'><strong>est</strong></span> <span class='ocrx_word' id='word_1_232' title='bbox 3221 2213 3400 2290; x_wconf 83' lang='lat' dir='ltr'><strong>Sym-</strong></span> 
     </span>
    </p>
   </div>
   <div class='ocr_carea' id='block_1_25' title="bbox 133 2307 3394 2404">
    <p class='ocr_par' dir='ltr' id='par_1_25' title="bbox 133 2307 3394 2404">
     <span class='ocr_line' id='line_1_25' title="bbox 133 2307 3394 2404; baseline 0.001 -38"><span class='ocrx_word' id='word_1_233' title='bbox 133 2307 299 2371; x_wconf 77' lang='lat' dir='ltr'><strong>bolo.</strong></span> <span class='ocrx_word' id='word_1_234' title='bbox 343 2312 439 2371; x_wconf 78' lang='lat' dir='ltr'><strong>Ad</strong></span> <span class='ocrx_word' id='word_1_235' title='bbox 518 2312 688 2374; x_wconf 89' lang='lat' dir='ltr'><strong>hunc</strong></span> <span class='ocrx_word' id='word_1_236' title='bbox 713 2327 926 2378; x_wconf 86' lang='lat' dir='ltr'><strong>autem</strong></span> <span class='ocrx_word' id='word_1_237' title='bbox 985 2337 1258 2380; x_wconf 74' lang='lat' dir='ltr'><strong>errorem</strong></span> <span class='ocrx_word' id='word_1_238' title='bbox 1306 2320 1680 2384; x_wconf 85' lang='lat' dir='ltr'><strong>Latinorum</strong></span> <span class='ocrx_word' id='word_1_239' title='bbox 1719 2327 2059 2387; x_wconf 76' lang='lat' dir='ltr'><strong>maximum</strong></span> <span class='ocrx_word' id='word_1_240' title='bbox 2124 2324 2593 2404; x_wconf 81' lang='lat' dir='ltr'><strong>proﬂigandum</strong></span> <span class='ocrx_word' id='word_1_241' title='bbox 2633 2338 2760 2383; x_wconf 86' lang='lat' dir='ltr'><strong>non</strong></span> <span class='ocrx_word' id='word_1_242' title='bbox 2789 2319 2915 2380; x_wconf 86' lang='lat' dir='ltr'><strong>alio</strong></span> <span class='ocrx_word' id='word_1_243' title='bbox 2950 2315 3151 2377; x_wconf 91' lang='lat' dir='ltr'><strong>utitur</strong></span> <span class='ocrx_word' id='word_1_244' title='bbox 3199 2329 3394 2388; x_wconf 77' lang='lat' dir='ltr'><strong>argu-</strong></span> 
     </span>
    </p>
   </div>
   <div class='ocr_carea' id='block_1_26' title="bbox 140 2415 1781 2507">
    <p class='ocr_par' dir='ltr' id='par_1_26' title="bbox 140 2416 1780 2491">
     <span class='ocr_line' id='line_1_26' title="bbox 140 2416 1780 2491; baseline 0.012 -23"><span class='ocrx_word' id='word_1_245' title='bbox 140 2418 380 2483; x_wconf 86' lang='lat' dir='ltr'><strong>mento,</strong></span> <span class='ocrx_word' id='word_1_246' title='bbox 430 2430 625 2491; x_wconf 84' lang='lat' dir='ltr'><strong>quam</strong></span> <span class='ocrx_word' id='word_1_247' title='bbox 686 2416 806 2479; x_wconf 81' lang='lat' dir='ltr'><strong>hoc</strong></span> <span class='ocrx_word' id='word_1_248' title='bbox 846 2441 860 2478; x_wconf 91' lang='lat'><strong>:</strong></span> <span class='ocrx_word' id='word_1_249' title='bbox 903 2429 997 2482; x_wconf 85' lang='grc' dir='ltr'><strong>Δεῖ</strong></span> <span class='ocrx_word' id='word_1_250' title='bbox 1027 2430 1084 2483; x_wconf 84' lang='grc' dir='ltr'><strong>δὲ</strong></span> <span class='ocrx_word' id='word_1_251' title='bbox 1114 2429 1368 2486; x_wconf 70' lang='grc' dir='ltr'><strong>εἶναι.τοῦ</strong></span> <span class='ocrx_word' id='word_1_252' title='bbox 1401 2435 1594 2488; x_wconf 81' lang='grc' dir='ltr'><strong>πιστοῦ</strong></span> <span class='ocrx_word' id='word_1_253' title='bbox 1625 2437 1685 2488; x_wconf 70' lang='grc' dir='ltr'><strong>τὸ</strong></span> <span class='ocrx_word' id='word_1_254' title='bbox 1717 2437 1780 2488; x_wconf 72' lang='grc' dir='ltr'><strong>σύ</strong></span> 
     </span>
    </p>
   </div>
   <div class='ocr_carea' id='block_1_27' title="bbox 1754 2415 3395 2507">
    <p class='ocr_par' dir='ltr' id='par_1_27' title="bbox 1754 2415 3395 2507">
     <span class='ocr_line' id='line_1_27' title="bbox 1754 2415 3395 2507; baseline -0.009 -21"><span class='ocrx_word' id='word_1_255' title='bbox 1754 2437 1987 2504; x_wconf 67' lang='grc' dir='ltr'><strong>εόμὸολον</strong></span> <span class='ocrx_word' id='word_1_256' title='bbox 2028 2437 2208 2507; x_wconf 73' lang='grc' dir='ltr'><strong>πάσης</strong></span> <span class='ocrx_word' id='word_1_257' title='bbox 2245 2434 2633 2505; x_wconf 78' lang='grc' dir='ltr'><strong>ἀπηλαγμένον</strong></span> <span class='ocrx_word' id='word_1_258' title='bbox 2660 2430 3089 2500; x_wconf 76' lang='grc' dir='ltr'><strong>περιποιήσεως,</strong></span> <span class='ocrx_word' id='word_1_259' title='bbox 3134 2415 3395 2495; x_wconf 78' lang='lat' dir='ltr'><strong>Oportet</strong></span> 
     </span>
    </p>
   </div>
   <div class='ocr_carea' id='block_1_28' title="bbox 135 2511 3397 2604">
    <p class='ocr_par' dir='ltr' id='par_1_28' title="bbox 135 2511 3397 2604">
     <span class='ocr_line' id='line_1_28' title="bbox 135 2511 3397 2604; baseline -0.001 -30"><span class='ocrx_word' id='word_1_260' title='bbox 135 2511 295 2569; x_wconf 67' lang='lat' dir='ltr'><strong>alim</strong></span> <span class='ocrx_word' id='word_1_261' title='bbox 323 2513 536 2588; x_wconf 78' lang='lat' dir='ltr'><strong>[idei&#39;is</strong></span> <span class='ocrx_word' id='word_1_262' title='bbox 561 2519 906 2594; x_wconf 76' lang='lat' dir='ltr'><strong>symbolum</strong></span> <span class='ocrx_word' id='word_1_263' title='bbox 937 2522 1207 2583; x_wconf 83' lang='lat' dir='ltr'><strong>immune</strong></span> <span class='ocrx_word' id='word_1_264' title='bbox 1240 2543 1372 2584; x_wconf 79' lang='lat' dir='ltr'><strong>esse</strong></span> <span class='ocrx_word' id='word_1_265' title='bbox 1414 2525 1488 2586; x_wconf 88' lang='lat' dir='ltr'><strong>ab</strong></span> <span class='ocrx_word' id='word_1_266' title='bbox 1523 2528 1691 2587; x_wconf 85' lang='lat' dir='ltr'><strong>omni</strong></span> <span class='ocrx_word' id='word_1_267' title='bbox 1719 2527 2179 2588; x_wconf 84' lang='lat' dir='ltr'><strong>adulterationc</strong></span> <span class='ocrx_word' id='word_1_268' title='bbox 2210 2538 2266 2588; x_wconf 84' lang='lat' dir='ltr'><strong>et</strong></span> <span class='ocrx_word' id='word_1_269' title='bbox 2305 2525 2744 2604; x_wconf 81' lang='lat' dir='ltr'><strong>corruptione.</strong></span> <span class='ocrx_word' id='word_1_270' title='bbox 2764 2521 2881 2582; x_wconf 86' lang='lat' dir='ltr'><strong>Sed</strong></span> <span class='ocrx_word' id='word_1_271' title='bbox 2920 2521 2995 2580; x_wconf 90' lang='lat' dir='ltr'><strong>ad</strong></span> <span class='ocrx_word' id='word_1_272' title='bbox 3031 2518 3147 2578; x_wconf 88' lang='lat' dir='ltr'><strong>hoc</strong></span> <span class='ocrx_word' id='word_1_273' title='bbox 3182 2513 3397 2576; x_wconf 83' lang='lat' dir='ltr'><strong>facilis</strong></span> 
     </span>
    </p>
   </div>
   <div class='ocr_carea' id='block_1_29' title="bbox 142 2611 3394 2704">
    <p class='ocr_par' dir='ltr' id='par_1_29' title="bbox 142 2611 3394 2704">
     <span class='ocr_line' id='line_1_29' title="bbox 142 2611 3394 2704; baseline -0.005 -15"><span class='ocrx_word' id='word_1_274' title='bbox 142 2611 494 2685; x_wconf 68' lang='grc' dir='ltr'><strong>Γεδροηείο</strong></span> <span class='ocrx_word' id='word_1_275' title='bbox 535 2625 651 2687; x_wconf 69' lang='grc' dir='ltr'><em>εει,</em></span> <span class='ocrx_word' id='word_1_276' title='bbox 688 2634 899 2697; x_wconf 78' lang='lat' dir='ltr'><strong>neque</strong></span> <span class='ocrx_word' id='word_1_277' title='bbox 932 2619 1503 2700; x_wconf 74' lang='lat' dir='ltr'><strong>TheOphylactum,</strong></span> <span class='ocrx_word' id='word_1_278' title='bbox 1540 2625 1688 2687; x_wconf 88' lang='lat' dir='ltr'><strong>licet</strong></span> <span class='ocrx_word' id='word_1_279' title='bbox 1719 2627 1844 2689; x_wconf 89' lang='lat' dir='ltr'><strong>acri</strong></span> <span class='ocrx_word' id='word_1_280' title='bbox 1880 2627 2141 2704; x_wconf 80' lang='lat' dir='ltr'><strong>ingenio</strong></span> <span class='ocrx_word' id='word_1_281' title='bbox 2170 2626 2530 2704; x_wconf 73' lang='lat' dir='ltr'><strong>prmditum,</strong></span> <span class='ocrx_word' id='word_1_282' title='bbox 2574 2622 2901 2701; x_wconf 88' lang='lat' dir='ltr'><strong>probasse,</strong></span> <span class='ocrx_word' id='word_1_283' title='bbox 2947 2635 3159 2697; x_wconf 81' lang='lat' dir='ltr'><strong>neque</strong></span> <span class='ocrx_word' id='word_1_284' title='bbox 3192 2617 3394 2678; x_wconf 89' lang='lat' dir='ltr'><strong>alium</strong></span> 
     </span>
    </p>
   </div>
   <div class='ocr_carea' id='block_1_30' title="bbox 135 2712 3398 2799">
    <p class='ocr_par' dir='ltr' id='par_1_30' title="bbox 135 2712 3398 2799">
     <span class='ocr_line' id='line_1_30' title="bbox 135 2712 3398 2799; baseline -0.002 -17"><span class='ocrx_word' id='word_1_285' title='bbox 135 2712 514 2787; x_wconf 71' lang='lat' dir='ltr'><strong>quempiam</strong></span> <span class='ocrx_word' id='word_1_286' title='bbox 549 2733 693 2777; x_wconf 89' lang='lat' dir='ltr'><strong>esse</strong></span> <span class='ocrx_word' id='word_1_287' title='bbox 723 2736 1002 2796; x_wconf 88' lang='lat' dir='ltr'><strong>unquam</strong></span> <span class='ocrx_word' id='word_1_288' title='bbox 1039 2723 1475 2799; x_wconf 86' lang='lat' dir='ltr'><strong>probaturum,</strong></span> <span class='ocrx_word' id='word_1_289' title='bbox 1511 2724 1729 2786; x_wconf 81' lang='lat' dir='ltr'><strong>falsam</strong></span> <span class='ocrx_word' id='word_1_290' title='bbox 1773 2743 1916 2787; x_wconf 86' lang='lat' dir='ltr'><strong>esse</strong></span> <span class='ocrx_word' id='word_1_291' title='bbox 1985 2728 2354 2787; x_wconf 89' lang='lat' dir='ltr'><strong>Latinorum</strong></span> <span class='ocrx_word' id='word_1_292' title='bbox 2409 2723 2762 2786; x_wconf 88' lang='lat' dir='ltr'><strong>doctrinam</strong></span> <span class='ocrx_word' id='word_1_293' title='bbox 2819 2723 3031 2796; x_wconf 88' lang='lat' dir='ltr'><strong>quoad</strong></span> <span class='ocrx_word' id='word_1_294' title='bbox 3118 2715 3398 2793; x_wconf 85' lang='lat' dir='ltr'><strong>Spiritus</strong></span> 
     </span>
    </p>
   </div>
   <div class='ocr_carea' id='block_1_31' title="bbox 138 2809 3390 2904">
    <p class='ocr_par' dir='ltr' id='par_1_31' title="bbox 138 2809 3390 2904">
     <span class='ocr_line' id='line_1_31' title="bbox 138 2809 3390 2904; baseline 0.003 -41"><span class='ocrx_word' id='word_1_295' title='bbox 138 2809 332 2868; x_wconf 84' lang='lat' dir='ltr'><strong>sancti</strong></span> <span class='ocrx_word' id='word_1_296' title='bbox 369 2813 572 2872; x_wconf 86' lang='lat' dir='ltr'><strong>etiam</strong></span> <span class='ocrx_word' id='word_1_297' title='bbox 609 2831 644 2874; x_wconf 88' lang='lat' dir='ltr'><strong>a</strong></span> <span class='ocrx_word' id='word_1_298' title='bbox 676 2817 843 2878; x_wconf 86' lang='lat' dir='ltr'><strong>Filio</strong></span> <span class='ocrx_word' id='word_1_299' title='bbox 878 2822 1379 2896; x_wconf 82' lang='lat' dir='ltr'><strong>processionem.</strong></span> <span class='ocrx_word' id='word_1_300' title='bbox 1403 2827 1546 2900; x_wconf 90' lang='lat' dir='ltr'><strong>Quo</strong></span> <span class='ocrx_word' id='word_1_301' title='bbox 1573 2825 1940 2904; x_wconf 84' lang='lat' dir='ltr'><strong>igiturjure</strong></span> <span class='ocrx_word' id='word_1_302' title='bbox 1983 2844 2093 2904; x_wconf 90' lang='lat' dir='ltr'><strong>per</strong></span> <span class='ocrx_word' id='word_1_303' title='bbox 2121 2825 2513 2886; x_wconf 79' lang='lat' dir='ltr'><strong>additioncrn</strong></span> <span class='ocrx_word' id='word_1_304' title='bbox 2567 2824 2738 2884; x_wconf 89' lang='lat' dir='ltr'><strong>vocis</strong></span> <span class='ocrx_word' id='word_1_305' title='bbox 2789 2820 3077 2897; x_wconf 78' lang='lat' dir='ltr'><strong>Filioque</strong></span> <span class='ocrx_word' id='word_1_306' title='bbox 3114 2816 3240 2878; x_wconf 90' lang='lat' dir='ltr'><strong>dici</strong></span> <span class='ocrx_word' id='word_1_307' title='bbox 3273 2829 3390 2891; x_wconf 83' lang='lat' dir='ltr'><strong>po—</strong></span> 
     </span>
    </p>
   </div>
   <div class='ocr_carea' id='block_1_32' title="bbox 140 2909 3384 3005">
    <p class='ocr_par' dir='ltr' id='par_1_32' title="bbox 140 2909 3384 3005">
     <span class='ocr_line' id='line_1_32' title="bbox 140 2909 3384 3005; baseline 0.003 -41"><span class='ocrx_word' id='word_1_308' title='bbox 140 2909 280 2969; x_wconf 84' lang='lat' dir='ltr'><strong>terit</strong></span> <span class='ocrx_word' id='word_1_309' title='bbox 310 2911 703 2987; x_wconf 72' lang='lat' dir='ltr'><strong>Symbolum</strong></span> <span class='ocrx_word' id='word_1_310' title='bbox 752 2918 1175 2983; x_wconf 78' lang='lat' dir='ltr'><strong>adulteratum</strong></span> <span class='ocrx_word' id='word_1_311' title='bbox 1205 2925 1343 2988; x_wconf 87' lang='lat' dir='ltr'><strong>sive</strong></span> <span class='ocrx_word' id='word_1_312' title='bbox 1401 2929 1820 3005; x_wconf 79' lang='lat' dir='ltr'><strong>corruptum?</strong></span> <span class='ocrx_word' id='word_1_313' title='bbox 1852 2927 2158 2988; x_wconf 65' lang='lat' dir='ltr'><strong>Caeterum</strong></span> <span class='ocrx_word' id='word_1_314' title='bbox 2221 2928 2300 2987; x_wconf 87' lang='lat' dir='ltr'><strong>de</strong></span> <span class='ocrx_word' id='word_1_315' title='bbox 2336 2924 2675 3004; x_wconf 79' lang='lat' dir='ltr'><strong>Ephesium</strong></span> <span class='ocrx_word' id='word_1_316' title='bbox 2735 2921 2970 3001; x_wconf 77' lang='lat' dir='ltr'><strong>synodi</strong></span> <span class='ocrx_word' id='word_1_317' title='bbox 3016 2917 3384 2985; x_wconf 86' lang='lat' dir='ltr'><strong>interdicto,</strong></span> 
     </span>
    </p>
   </div>
   <div class='ocr_carea' id='block_1_33' title="bbox 143 3008 3399 3106">
    <p class='ocr_par' dir='ltr' id='par_1_33' title="bbox 143 3008 3399 3106">
     <span class='ocr_line' id='line_1_33' title="bbox 143 3008 3399 3106; baseline 0.002 -41"><span class='ocrx_word' id='word_1_318' title='bbox 143 3008 308 3080; x_wconf 86' lang='lat' dir='ltr'><strong>quod</strong></span> <span class='ocrx_word' id='word_1_319' title='bbox 342 3012 517 3072; x_wconf 88' lang='lat' dir='ltr'><strong>adeo</strong></span> <span class='ocrx_word' id='word_1_320' title='bbox 551 3013 839 3090; x_wconf 87' lang='lat' dir='ltr'><strong>jactitant</strong></span> <span class='ocrx_word' id='word_1_321' title='bbox 872 3020 1187 3097; x_wconf 85' lang='lat' dir='ltr'><strong>Photiani,</strong></span> <span class='ocrx_word' id='word_1_322' title='bbox 1217 3033 1278 3085; x_wconf 89' lang='lat' dir='ltr'><strong>ct</strong></span> <span class='ocrx_word' id='word_1_323' title='bbox 1317 3042 1429 3103; x_wconf 90' lang='lat' dir='ltr'><strong>pro</strong></span> <span class='ocrx_word' id='word_1_324' title='bbox 1459 3043 1588 3106; x_wconf 85' lang='lat' dir='ltr'><strong>quo</strong></span> <span class='ocrx_word' id='word_1_325' title='bbox 1626 3035 1748 3086; x_wconf 87' lang='lat' dir='ltr'><strong>tam</strong></span> <span class='ocrx_word' id='word_1_326' title='bbox 1781 3026 1942 3087; x_wconf 89' lang='lat' dir='ltr'><strong>altos</strong></span> <span class='ocrx_word' id='word_1_327' title='bbox 1969 3026 2278 3086; x_wconf 88' lang='lat' dir='ltr'><strong>clamores</strong></span> <span class='ocrx_word' id='word_1_328' title='bbox 2313 3025 2510 3096; x_wconf 90' lang='lat' dir='ltr'><strong>cient,</strong></span> <span class='ocrx_word' id='word_1_329' title='bbox 2544 3040 2675 3101; x_wconf 94' lang='lat' dir='ltr'><strong>quo</strong></span> <span class='ocrx_word' id='word_1_330' title='bbox 2709 3037 2941 3099; x_wconf 91' lang='lat' dir='ltr'><strong>nempe</strong></span> <span class='ocrx_word' id='word_1_331' title='bbox 2977 3017 3244 3080; x_wconf 83' lang='lat' dir='ltr'><strong>vetitum</strong></span> <span class='ocrx_word' id='word_1_332' title='bbox 3272 3030 3399 3090; x_wconf 89' lang='lat' dir='ltr'><strong>pu-</strong></span> 
     </span>
    </p>
   </div>
   <div class='ocr_carea' id='block_1_34' title="bbox 142 3112 3397 3204">
    <p class='ocr_par' dir='ltr' id='par_1_34' title="bbox 142 3112 3397 3204">
     <span class='ocr_line' id='line_1_34' title="bbox 142 3112 3397 3204; baseline 0.002 -39"><span class='ocrx_word' id='word_1_333' title='bbox 142 3112 287 3179; x_wconf 87' lang='lat' dir='ltr'><strong>tant,</strong></span> <span class='ocrx_word' id='word_1_334' title='bbox 336 3126 420 3170; x_wconf 91' lang='lat' dir='ltr'><strong>ne</strong></span> <span class='ocrx_word' id='word_1_335' title='bbox 452 3114 812 3193; x_wconf 89' lang='lat' dir='ltr'><strong>quidquam</strong></span> <span class='ocrx_word' id='word_1_336' title='bbox 845 3120 1148 3198; x_wconf 85' lang='lat' dir='ltr'><strong>Symbolo</strong></span> <span class='ocrx_word' id='word_1_337' title='bbox 1177 3125 1272 3186; x_wconf 88' lang='lat' dir='ltr'><strong>vel</strong></span> <span class='ocrx_word' id='word_1_338' title='bbox 1310 3126 1564 3204; x_wconf 85' lang='lat' dir='ltr'><strong>majoris</strong></span> <span class='ocrx_word' id='word_1_339' title='bbox 1592 3135 1838 3188; x_wconf 90' lang='lat' dir='ltr'><strong>tantum</strong></span> <span class='ocrx_word' id='word_1_340' title='bbox 1878 3125 2330 3204; x_wconf 69' lang='lat' dir='ltr'><strong>explicationis</strong></span> <span class='ocrx_word' id='word_1_341' title='bbox 2354 3126 2550 3203; x_wconf 87' lang='lat' dir='ltr'><strong>gratia</strong></span> <span class='ocrx_word' id='word_1_342' title='bbox 2581 3124 2926 3184; x_wconf 88' lang='lat' dir='ltr'><strong>adderetur</strong></span> <span class='ocrx_word' id='word_1_343' title='bbox 2971 3117 3184 3199; x_wconf 88' lang='lat' dir='ltr'><strong>(quasi</strong></span> <span class='ocrx_word' id='word_1_344' title='bbox 3247 3128 3397 3175; x_wconf 87' lang='lat' dir='ltr'><strong>vero</strong></span> 
     </span>
    </p>
   </div>
   <div class='ocr_carea' id='block_1_35' title="bbox 147 3207 3399 3302">
    <p class='ocr_par' dir='ltr' id='par_1_35' title="bbox 147 3207 3399 3302">
     <span class='ocr_line' id='line_1_35' title="bbox 147 3207 3399 3302; baseline 0.004 -42"><span class='ocrx_word' id='word_1_345' title='bbox 147 3208 233 3264; x_wconf 77' lang='lat' dir='ltr'><strong>vel</strong></span> <span class='ocrx_word' id='word_1_346' title='bbox 261 3207 384 3269; x_wconf 87' lang='lat' dir='ltr'><strong>hac</strong></span> <span class='ocrx_word' id='word_1_347' title='bbox 416 3211 638 3271; x_wconf 88' lang='lat' dir='ltr'><strong>solum</strong></span> <span class='ocrx_word' id='word_1_348' title='bbox 671 3215 750 3274; x_wconf 90' lang='lat' dir='ltr'><strong>de</strong></span> <span class='ocrx_word' id='word_1_349' title='bbox 779 3233 968 3279; x_wconf 86' lang='lat' dir='ltr'><strong>causa</strong></span> <span class='ocrx_word' id='word_1_350' title='bbox 1003 3221 1350 3299; x_wconf 84' lang='lat' dir='ltr'><strong>rejicienda</strong></span> <span class='ocrx_word' id='word_1_351' title='bbox 1378 3233 1546 3285; x_wconf 89' lang='lat' dir='ltr'><strong>esset</strong></span> <span class='ocrx_word' id='word_1_352' title='bbox 1580 3232 1646 3285; x_wconf 92' lang='lat' dir='ltr'><strong>ut</strong></span> <span class='ocrx_word' id='word_1_353' title='bbox 1680 3225 1879 3302; x_wconf 89' lang='lat' dir='ltr'><strong>impia</strong></span> <span class='ocrx_word' id='word_1_354' title='bbox 1928 3233 2120 3302; x_wconf 90' lang='lat' dir='ltr'><strong>atque</strong></span> <span class='ocrx_word' id='word_1_355' title='bbox 2150 3223 2486 3300; x_wconf 88' lang='lat' dir='ltr'><strong>illegitima</strong></span> <span class='ocrx_word' id='word_1_356' title='bbox 2521 3227 2886 3281; x_wconf 81' lang='lat' dir='ltr'><strong>memoratm</strong></span> <span class='ocrx_word' id='word_1_357' title='bbox 2921 3212 3252 3295; x_wconf 72' lang='lat' dir='ltr'><strong>particulm</strong></span> <span class='ocrx_word' id='word_1_358' title='bbox 3284 3213 3399 3272; x_wconf 84' lang='lat' dir='ltr'><strong>ad-</strong></span> 
     </span>
    </p>
   </div>
   <div class='ocr_carea' id='block_1_36' title="bbox 144 3307 3400 3399">
    <p class='ocr_par' dir='ltr' id='par_1_36' title="bbox 144 3307 3400 3399">
     <span class='ocr_line' id='line_1_36' title="bbox 144 3307 3400 3399; baseline 0.002 -36"><span class='ocrx_word' id='word_1_359' title='bbox 144 3307 345 3384; x_wconf 89' lang='lat' dir='ltr'><strong>ditio),</strong></span> <span class='ocrx_word' id='word_1_360' title='bbox 388 3309 646 3370; x_wconf 90' lang='lat' dir='ltr'><strong>nullum</strong></span> <span class='ocrx_word' id='word_1_361' title='bbox 679 3313 1199 3395; x_wconf 78' lang='lat' dir='ltr'><strong>Theopltylaclus</strong></span> <span class='ocrx_word' id='word_1_362' title='bbox 1234 3321 1492 3381; x_wconf 79' lang='lat' dir='ltr'><strong>verbum</strong></span> <span class='ocrx_word' id='word_1_363' title='bbox 1521 3321 1704 3392; x_wconf 88' lang='lat' dir='ltr'><strong>facit;</strong></span> <span class='ocrx_word' id='word_1_364' title='bbox 1746 3323 1917 3399; x_wconf 82' lang='lat' dir='ltr'><strong>quod</strong></span> <span class='ocrx_word' id='word_1_365' title='bbox 1965 3320 2116 3380; x_wconf 90' lang='lat' dir='ltr'><strong>mihi</strong></span> <span class='ocrx_word' id='word_1_366' title='bbox 2151 3326 2531 3396; x_wconf 82' lang='lat' dir='ltr'><strong>argumento</strong></span> <span class='ocrx_word' id='word_1_367' title='bbox 2559 3314 3075 3377; x_wconf 83' lang='lat' dir='ltr'><strong>luculentissimo</strong></span> <span class='ocrx_word' id='word_1_368' title='bbox 3108 3317 3226 3381; x_wconf 88' lang='lat' dir='ltr'><strong>est,</strong></span> <span class='ocrx_word' id='word_1_369' title='bbox 3267 3325 3400 3384; x_wconf 88' lang='lat' dir='ltr'><strong>per-</strong></span> 
     </span>
    </p>
   </div>
   <div class='ocr_carea' id='block_1_37' title="bbox 144 3408 3401 3496">
    <p class='ocr_par' dir='ltr' id='par_1_37' title="bbox 144 3408 3401 3496">
     <span class='ocr_line' id='line_1_37' title="bbox 144 3408 3401 3496; baseline 0.002 -33"><span class='ocrx_word' id='word_1_370' title='bbox 144 3425 409 3469; x_wconf 86' lang='lat' dir='ltr'><strong>suasum</strong></span> <span class='ocrx_word' id='word_1_371' title='bbox 437 3409 537 3470; x_wconf 88' lang='lat' dir='ltr'><strong>illi</strong></span> <span class='ocrx_word' id='word_1_372' title='bbox 571 3410 800 3487; x_wconf 85' lang='lat' dir='ltr'><strong>fuisse,</strong></span> <span class='ocrx_word' id='word_1_373' title='bbox 825 3414 1234 3478; x_wconf 81' lang='lat' dir='ltr'><strong>interdictum</strong></span> <span class='ocrx_word' id='word_1_374' title='bbox 1264 3420 1659 3496; x_wconf 77' lang='lat' dir='ltr'><strong>Epliesinum</strong></span> <span class='ocrx_word' id='word_1_375' title='bbox 1692 3437 1836 3480; x_wconf 90' lang='lat' dir='ltr'><strong>esse</strong></span> <span class='ocrx_word' id='word_1_376' title='bbox 1865 3418 2079 3492; x_wconf 88' lang='lat' dir='ltr'><strong>aliter,</strong></span> <span class='ocrx_word' id='word_1_377' title='bbox 2110 3425 2303 3495; x_wconf 81' lang='lat' dir='ltr'><strong>atque</strong></span> <span class='ocrx_word' id='word_1_378' title='bbox 2326 3433 2359 3477; x_wconf 90' lang='lat' dir='ltr'><strong>a</strong></span> <span class='ocrx_word' id='word_1_379' title='bbox 2390 3415 2715 3476; x_wconf 80' lang='lat' dir='ltr'><strong>I’ltotianis</strong></span> <span class='ocrx_word' id='word_1_380' title='bbox 2745 3415 3004 3482; x_wconf 89' lang='lat' dir='ltr'><strong>assolet,</strong></span> <span class='ocrx_word' id='word_1_381' title='bbox 3033 3408 3401 3486; x_wconf 86' lang='lat' dir='ltr'><strong>intelligen-</strong></span> 
     </span>
    </p>
   </div>
   <div class='ocr_carea' id='block_1_38' title="bbox 144 3504 3399 3596">
    <p class='ocr_par' dir='ltr' id='par_1_38' title="bbox 144 3504 3399 3596">
     <span class='ocr_line' id='line_1_38' title="bbox 144 3504 3399 3596; baseline 0.002 -32"><span class='ocrx_word' id='word_1_382' title='bbox 144 3504 287 3566; x_wconf 86' lang='lat' dir='ltr'><strong>dum</strong></span> <span class='ocrx_word' id='word_1_383' title='bbox 333 3529 348 3565; x_wconf 93' lang='lat'><strong>:</strong></span> <span class='ocrx_word' id='word_1_384' title='bbox 384 3509 689 3587; x_wconf 87' lang='lat' dir='ltr'><strong>adeoque</strong></span> <span class='ocrx_word' id='word_1_385' title='bbox 715 3511 1082 3576; x_wconf 87' lang='lat' dir='ltr'><strong>nullatenus</strong></span> <span class='ocrx_word' id='word_1_386' title='bbox 1119 3517 1478 3593; x_wconf 83' lang='lat' dir='ltr'><strong>improbare</strong></span> <span class='ocrx_word' id='word_1_387' title='bbox 1534 3517 1954 3584; x_wconf 86' lang='lat' dir='ltr'><strong>additionem,</strong></span> <span class='ocrx_word' id='word_1_388' title='bbox 1993 3517 2059 3577; x_wconf 92' lang='lat' dir='ltr'><strong>in</strong></span> <span class='ocrx_word' id='word_1_389' title='bbox 2098 3534 2290 3596; x_wconf 88' lang='lat' dir='ltr'><strong>quam</strong></span> <span class='ocrx_word' id='word_1_390' title='bbox 2350 3515 2445 3575; x_wconf 88' lang='lat' dir='ltr'><strong>illi</strong></span> <span class='ocrx_word' id='word_1_391' title='bbox 2481 3514 2643 3574; x_wconf 81' lang='lat' dir='ltr'><strong>adeo</strong></span> <span class='ocrx_word' id='word_1_392' title='bbox 2708 3511 3126 3573; x_wconf 88' lang='lat' dir='ltr'><strong>conclamant.</strong></span> <span class='ocrx_word' id='word_1_393' title='bbox 3161 3511 3280 3573; x_wconf 91' lang='lat' dir='ltr'><strong>Sed</strong></span> <span class='ocrx_word' id='word_1_394' title='bbox 3320 3511 3399 3572; x_wconf 89' lang='lat' dir='ltr'><strong>de</strong></span> 
     </span>
    </p>
   </div>
   <div class='ocr_carea' id='block_1_39' title="bbox 145 3602 3397 3696">
    <p class='ocr_par' dir='ltr' id='par_1_39' title="bbox 145 3602 3397 3696">
     <span class='ocr_line' id='line_1_39' title="bbox 145 3602 3397 3696; baseline 0.002 -33"><span class='ocrx_word' id='word_1_395' title='bbox 145 3602 252 3668; x_wconf 85' lang='lat' dir='ltr'><strong>hac</strong></span> <span class='ocrx_word' id='word_1_396' title='bbox 285 3608 537 3668; x_wconf 82' lang='lat' dir='ltr'><strong>celebri</strong></span> <span class='ocrx_word' id='word_1_397' title='bbox 567 3608 965 3672; x_wconf 81' lang='lat' dir='ltr'><strong>Attocutionc</strong></span> <span class='ocrx_word' id='word_1_398' title='bbox 991 3631 1067 3674; x_wconf 90' lang='lat' dir='ltr'><strong>ne</strong></span> <span class='ocrx_word' id='word_1_399' title='bbox 1096 3615 1298 3692; x_wconf 90' lang='lat' dir='ltr'><strong>plura.</strong></span> <span class='ocrx_word' id='word_1_400' title='bbox 1339 3617 1673 3696; x_wconf 87' lang='lat' dir='ltr'><strong>Quidquid</strong></span> <span class='ocrx_word' id='word_1_401' title='bbox 1713 3615 2428 3693; x_wconf 84' lang='lat' dir='ltr'><strong>enim&#39;l‘thphylactus</strong></span> <span class='ocrx_word' id='word_1_402' title='bbox 2468 3613 2760 3690; x_wconf 82' lang='lat' dir='ltr'><strong>adjungit</strong></span> <span class='ocrx_word' id='word_1_403' title='bbox 2791 3612 2888 3674; x_wconf 87' lang='lat' dir='ltr'><strong>vel</strong></span> <span class='ocrx_word' id='word_1_404' title='bbox 2929 3619 3143 3672; x_wconf 88' lang='lat' dir='ltr'><strong>contra</strong></span> <span class='ocrx_word' id='word_1_405' title='bbox 3180 3611 3397 3687; x_wconf 80' lang='lat' dir='ltr'><strong>legiti-</strong></span> 
     </span>
    </p>
   </div>
   <div class='ocr_carea' id='block_1_40' title="bbox 147 3708 3400 3788">
    <p class='ocr_par' dir='ltr' id='par_1_40' title="bbox 147 3708 3400 3788">
     <span class='ocr_line' id='line_1_40' title="bbox 147 3708 3400 3788; baseline 0.001 -24"><span class='ocrx_word' id='word_1_406' title='bbox 147 3722 313 3765; x_wconf 89' lang='lat' dir='ltr'><strong>mum</strong></span> <span class='ocrx_word' id='word_1_407' title='bbox 377 3723 762 3785; x_wconf 79' lang='lat' dir='ltr'><strong>azymorum</strong></span> <span class='ocrx_word' id='word_1_408' title='bbox 793 3727 982 3770; x_wconf 90' lang='lat' dir='ltr'><strong>usum</strong></span> <span class='ocrx_word' id='word_1_409' title='bbox 1014 3713 1076 3772; x_wconf 89' lang='lat' dir='ltr'><strong>in</strong></span> <span class='ocrx_word' id='word_1_410' title='bbox 1114 3714 1525 3775; x_wconf 80' lang='lat' dir='ltr'><strong>Eucharistim</strong></span> <span class='ocrx_word' id='word_1_411' title='bbox 1555 3715 1982 3787; x_wconf 85' lang='lat' dir='ltr'><strong>confectione,</strong></span> <span class='ocrx_word' id='word_1_412' title='bbox 2021 3713 2116 3776; x_wconf 93' lang='lat' dir='ltr'><strong>vel</strong></span> <span class='ocrx_word' id='word_1_413' title='bbox 2145 3721 2361 3774; x_wconf 88' lang='lat' dir='ltr'><strong>contra</strong></span> <span class='ocrx_word' id='word_1_414' title='bbox 2397 3709 3110 3788; x_wconf 84' lang='lat' dir='ltr'><strong>Latinorumjejunium</strong></span> <span class='ocrx_word' id='word_1_415' title='bbox 3145 3708 3208 3769; x_wconf 92' lang='lat' dir='ltr'><strong>in</strong></span> <span class='ocrx_word' id='word_1_416' title='bbox 3251 3708 3400 3768; x_wconf 87' lang='lat' dir='ltr'><strong>Sab-</strong></span> 
     </span>
    </p>
   </div>
   <div class='ocr_carea' id='block_1_41' title="bbox 146 3805 3397 3889">
    <p class='ocr_par' dir='ltr' id='par_1_41' title="bbox 146 3805 3397 3889">
     <span class='ocr_line' id='line_1_41' title="bbox 146 3805 3397 3889; baseline 0 -26"><span class='ocrx_word' id='word_1_417' title='bbox 146 3805 305 3877; x_wconf 87' lang='lat' dir='ltr'><strong>bato,</strong></span> <span class='ocrx_word' id='word_1_418' title='bbox 339 3805 610 3867; x_wconf 86' lang='lat' dir='ltr'><strong>abunde</strong></span> <span class='ocrx_word' id='word_1_419' title='bbox 636 3808 900 3869; x_wconf 78' lang='lat' dir='ltr'><strong>refutatu</strong></span> <span class='ocrx_word' id='word_1_420' title='bbox 927 3811 1051 3884; x_wconf 76' lang='lat' dir='ltr'><strong>iam</strong></span> <span class='ocrx_word' id='word_1_421' title='bbox 1078 3811 1270 3873; x_wconf 87' lang='lat' dir='ltr'><strong>habes</strong></span> <span class='ocrx_word' id='word_1_422' title='bbox 1316 3815 1378 3874; x_wconf 90' lang='lat' dir='ltr'><strong>in</strong></span> <span class='ocrx_word' id='word_1_423' title='bbox 1417 3815 1650 3889; x_wconf 78' lang='lat' dir='ltr'><strong>prmvia</strong></span> <span class='ocrx_word' id='word_1_424' title='bbox 1683 3815 2181 3876; x_wconf 88' lang='lat' dir='ltr'><strong>Dissertatione:</strong></span> <span class='ocrx_word' id='word_1_425' title='bbox 2223 3825 2642 3888; x_wconf 74' lang='lat' dir='ltr'><strong>prmterquam</strong></span> <span class='ocrx_word' id='word_1_426' title='bbox 2667 3809 2838 3887; x_wconf 91' lang='lat' dir='ltr'><strong>quod</strong></span> <span class='ocrx_word' id='word_1_427' title='bbox 2873 3806 3397 3885; x_wconf 83' lang='lat' dir='ltr'><strong>&#39;I‘heophylactus</strong></span> 
     </span>
    </p>
   </div>
   <div class='ocr_carea' id='block_1_42' title="bbox 149 3903 3399 3982">
    <p class='ocr_par' dir='ltr' id='par_1_42' title="bbox 149 3903 3399 3982">
     <span class='ocr_line' id='line_1_42' title="bbox 149 3903 3399 3982; baseline 0.001 -22"><span class='ocrx_word' id='word_1_428' title='bbox 149 3904 280 3979; x_wconf 87' lang='lat' dir='ltr'><strong>ipse</strong></span> <span class='ocrx_word' id='word_1_429' title='bbox 313 3903 583 3976; x_wconf 77' lang='lat' dir='ltr'><strong>fatetur,</strong></span> <span class='ocrx_word' id='word_1_430' title='bbox 624 3906 754 3966; x_wconf 90' lang='lat' dir='ltr'><strong>duo</strong></span> <span class='ocrx_word' id='word_1_431' title='bbox 779 3907 910 3967; x_wconf 71' lang='lat' dir='ltr'><strong>lucc</strong></span> <span class='ocrx_word' id='word_1_432' title='bbox 945 3908 1098 3968; x_wconf 87' lang='lat' dir='ltr'><strong>tanti</strong></span> <span class='ocrx_word' id='word_1_433' title='bbox 1157 3910 1464 3970; x_wconf 85' lang='lat' dir='ltr'><strong>momenti</strong></span> <span class='ocrx_word' id='word_1_434' title='bbox 1529 3927 1656 3970; x_wconf 90' lang='lat' dir='ltr'><strong>non</strong></span> <span class='ocrx_word' id='word_1_435' title='bbox 1690 3927 1856 3982; x_wconf 85' lang='lat' dir='ltr'><strong>esse,</strong></span> <span class='ocrx_word' id='word_1_436' title='bbox 1884 3919 1952 3970; x_wconf 92' lang='lat' dir='ltr'><strong>ut</strong></span> <span class='ocrx_word' id='word_1_437' title='bbox 1985 3909 2246 3970; x_wconf 88' lang='lat' dir='ltr'><strong>Latinos</strong></span> <span class='ocrx_word' id='word_1_438' title='bbox 2302 3908 2468 3966; x_wconf 90' lang='lat' dir='ltr'><strong>inter</strong></span> <span class='ocrx_word' id='word_1_439' title='bbox 2493 3914 2554 3967; x_wconf 88' lang='lat' dir='ltr'><strong>et</strong></span> <span class='ocrx_word' id='word_1_440' title='bbox 2590 3908 2840 3968; x_wconf 63' lang='lat' dir='ltr'><strong>Graecos</strong></span> <span class='ocrx_word' id='word_1_441' title='bbox 2873 3905 3145 3969; x_wconf 89' lang='lat' dir='ltr'><strong>dissidia</strong></span> <span class='ocrx_word' id='word_1_442' title='bbox 3181 3919 3399 3981; x_wconf 83' lang='lat' dir='ltr'><strong>parere</strong></span> 
     </span>
    </p>
   </div>
   <div class='ocr_carea' id='block_1_43' title="bbox 147 4003 2526 4087">
    <p class='ocr_par' dir='ltr' id='par_1_43' title="bbox 147 4003 2526 4087">
     <span class='ocr_line' id='line_1_43' title="bbox 147 4003 2526 4087; baseline 0.002 -25"><span class='ocrx_word' id='word_1_443' title='bbox 147 4003 448 4078; x_wconf 82' lang='lat' dir='ltr'><strong>debeant,</strong></span> <span class='ocrx_word' id='word_1_444' title='bbox 500 4007 837 4086; x_wconf 86' lang='lat' dir='ltr'><strong>multoque</strong></span> <span class='ocrx_word' id='word_1_445' title='bbox 878 4008 1091 4071; x_wconf 86' lang='lat' dir='ltr'><strong>minus</strong></span> <span class='ocrx_word' id='word_1_446' title='bbox 1117 4010 1313 4072; x_wconf 89' lang='lat' dir='ltr'><strong>unius</strong></span> <span class='ocrx_word' id='word_1_447' title='bbox 1352 4011 1649 4072; x_wconf 65' lang='lat' dir='ltr'><strong>Ecclesia:</strong></span> <span class='ocrx_word' id='word_1_448' title='bbox 1678 4011 1756 4071; x_wconf 92' lang='lat' dir='ltr'><strong>ab</strong></span> <span class='ocrx_word' id='word_1_449' title='bbox 1799 4009 1997 4072; x_wconf 89' lang='lat' dir='ltr'><strong>altera</strong></span> <span class='ocrx_word' id='word_1_450' title='bbox 2030 4009 2526 4087; x_wconf 84' lang='lat' dir='ltr'><strong>separationem.</strong></span> 
     </span>
    </p>
   </div>
   <div class='ocr_carea' id='block_1_44' title="bbox 1545 4151 2013 4213">
    <p class='ocr_par' dir='ltr' id='par_1_44' title="bbox 1545 4151 2013 4213">
     <span class='ocr_line' id='line_1_44' title="bbox 1545 4151 2013 4213; baseline -0.006 0"><span class='ocrx_word' id='word_1_451' title='bbox 1545 4152 1828 4213; x_wconf 83' lang='lat' dir='ltr'><strong>SECTIO</strong></span> <span class='ocrx_word' id='word_1_452' title='bbox 1856 4151 2013 4210; x_wconf 75' lang='lat' dir='ltr'><strong>VIII.</strong></span> 
     </span>
    </p>
   </div>
   <div class='ocr_carea' id='block_1_45' title="bbox 739 4292 2806 4376">
    <p class='ocr_par' dir='ltr' id='par_1_45' title="bbox 739 4292 2806 4376">
     <span class='ocr_line' id='line_1_45' title="bbox 739 4292 2806 4376; baseline 0.001 -25"><span class='ocrx_word' id='word_1_453' title='bbox 739 4292 826 4351; x_wconf 80' lang='lat' dir='ltr'><strong>De</strong></span> <span class='ocrx_word' id='word_1_454' title='bbox 869 4292 1274 4353; x_wconf 80' lang='lat' dir='ltr'><strong>Institutione</strong></span> <span class='ocrx_word' id='word_1_455' title='bbox 1303 4293 1498 4370; x_wconf 81' lang='lat' dir='ltr'><strong>regia,</strong></span> <span class='ocrx_word' id='word_1_456' title='bbox 1529 4292 1612 4353; x_wconf 85' lang='lat' dir='ltr'><strong>ad</strong></span> <span class='ocrx_word' id='word_1_457' title='bbox 1643 4293 2127 4355; x_wconf 80' lang='lat' dir='ltr'><strong>Constantinum</strong></span> <span class='ocrx_word' id='word_1_458' title='bbox 2161 4296 2806 4376; x_wconf 77' lang='lat' dir='ltr'><strong>Porphyrogcnitum.</strong></span> 
     </span>
    </p>
   </div>
   <div class='ocr_carea' id='block_1_46' title="bbox 223 4416 3398 4500">
    <p class='ocr_par' dir='ltr' id='par_1_46' title="bbox 223 4416 3398 4500">
     <span class='ocr_line' id='line_1_46' title="bbox 223 4416 3398 4500; baseline -0.002 -18"><span class='ocrx_word' id='word_1_459' title='bbox 223 4419 535 4482; x_wconf 74' lang='lat' dir='ltr'><strong>XXXIX.</strong></span> <span class='ocrx_word' id='word_1_460' title='bbox 573 4416 1042 4478; x_wconf 72' lang='lat' dir='ltr'><strong>Allocutionem</strong></span> <span class='ocrx_word' id='word_1_461' title='bbox 1069 4419 1144 4479; x_wconf 91' lang='lat' dir='ltr'><strong>de</strong></span> <span class='ocrx_word' id='word_1_462' title='bbox 1180 4418 1286 4491; x_wconf 90' lang='lat' dir='ltr'><strong>iis,</strong></span> <span class='ocrx_word' id='word_1_463' title='bbox 1317 4435 1480 4497; x_wconf 88' lang='lat' dir='ltr'><strong>quos</strong></span> <span class='ocrx_word' id='word_1_464' title='bbox 1511 4421 1710 4481; x_wconf 74' lang='lat' dir='ltr'><strong>Grmci</strong></span> <span class='ocrx_word' id='word_1_465' title='bbox 1748 4420 1990 4482; x_wconf 87' lang='lat' dir='ltr'><strong>Latinis</strong></span> <span class='ocrx_word' id='word_1_466' title='bbox 2043 4419 2380 4500; x_wconf 86' lang='lat' dir='ltr'><strong>alIingunt,</strong></span> <span class='ocrx_word' id='word_1_467' title='bbox 2415 4421 2742 4484; x_wconf 90' lang='lat' dir='ltr'><strong>erroribus</strong></span> <span class='ocrx_word' id='word_1_468' title='bbox 2783 4419 3024 4497; x_wconf 84' lang='lat' dir='ltr'><strong>excipit</strong></span> <span class='ocrx_word' id='word_1_469' title='bbox 3071 4419 3398 4479; x_wconf 83' lang='lat' dir='ltr'><strong>Institutio</strong></span> 
     </span>
    </p>
   </div>
   <div class='ocr_carea' id='block_1_47' title="bbox 150 4519 3399 4606">
    <p class='ocr_par' dir='ltr' id='par_1_47' title="bbox 150 4519 3399 4606">
     <span class='ocr_line' id='line_1_47' title="bbox 150 4519 3399 4606; baseline -0.001 -24"><span class='ocrx_word' id='word_1_470' title='bbox 150 4525 322 4603; x_wconf 80' lang='lat' dir='ltr'><strong>regia</strong></span> <span class='ocrx_word' id='word_1_471' title='bbox 353 4520 441 4581; x_wconf 86' lang='lat' dir='ltr'><strong>ad</strong></span> <span class='ocrx_word' id='word_1_472' title='bbox 469 4519 945 4581; x_wconf 79' lang='lat' dir='ltr'><strong>Constantinum</strong></span> <span class='ocrx_word' id='word_1_473' title='bbox 967 4522 1607 4605; x_wconf 80' lang='lat' dir='ltr'><strong>Porphyrogenitum,</strong></span> <span class='ocrx_word' id='word_1_474' title='bbox 1647 4523 2052 4606; x_wconf 85' lang='lat' dir='ltr'><strong>imperatoris</strong></span> <span class='ocrx_word' id='word_1_475' title='bbox 2090 4527 2278 4587; x_wconf 77' lang='lat' dir='ltr'><strong>Ducm</strong></span> <span class='ocrx_word' id='word_1_476' title='bbox 2302 4528 2407 4601; x_wconf 91' lang='lat' dir='ltr'><strong>IV,</strong></span> <span class='ocrx_word' id='word_1_477' title='bbox 2430 4535 2489 4585; x_wconf 90' lang='lat' dir='ltr'><strong>et</strong></span> <span class='ocrx_word' id='word_1_478' title='bbox 2520 4523 2734 4586; x_wconf 80' lang='lat' dir='ltr'><strong>Marim</strong></span> <span class='ocrx_word' id='word_1_479' title='bbox 2765 4539 2842 4583; x_wconf 86' lang='lat' dir='ltr'><strong>ex</strong></span> <span class='ocrx_word' id='word_1_480' title='bbox 2876 4523 3099 4583; x_wconf 64' lang='lat' dir='ltr'><strong>Iberia:</strong></span> <span class='ocrx_word' id='word_1_481' title='bbox 3138 4521 3399 4597; x_wconf 82' lang='lat' dir='ltr'><strong>regibus</strong></span> 
     </span>
    </p>
   </div>
   <div class='ocr_carea' id='block_1_48' title="bbox 153 4621 3402 4702">
    <p class='ocr_par' dir='ltr' id='par_1_48' title="bbox 153 4621 3402 4702">
     <span class='ocr_line' id='line_1_48' title="bbox 153 4621 3402 4702; baseline 0.001 -24"><span class='ocrx_word' id='word_1_482' title='bbox 153 4634 479 4702; x_wconf 64' lang='lat' dir='ltr'><strong>prognatae</strong></span> <span class='ocrx_word' id='word_1_483' title='bbox 511 4621 739 4681; x_wconf 88' lang='lat' dir='ltr'><strong>tilium.</strong></span> <span class='ocrx_word' id='word_1_484' title='bbox 775 4622 1116 4698; x_wconf 82' lang='lat' dir='ltr'><strong>Egregium</strong></span> <span class='ocrx_word' id='word_1_485' title='bbox 1152 4638 1304 4681; x_wconf 86' lang='lat' dir='ltr'><strong>sane</strong></span> <span class='ocrx_word' id='word_1_486' title='bbox 1338 4639 1526 4700; x_wconf 85' lang='lat' dir='ltr'><strong>Opus,</strong></span> <span class='ocrx_word' id='word_1_487' title='bbox 1556 4631 1617 4684; x_wconf 87' lang='lat' dir='ltr'><strong>et</strong></span> <span class='ocrx_word' id='word_1_488' title='bbox 1642 4623 2103 4702; x_wconf 81' lang='lat' dir='ltr'><strong>TlteOphylacti</strong></span> <span class='ocrx_word' id='word_1_489' title='bbox 2144 4624 2432 4702; x_wconf 89' lang='lat' dir='ltr'><strong>ingenio,</strong></span> <span class='ocrx_word' id='word_1_490' title='bbox 2468 4622 2836 4685; x_wconf 85' lang='lat' dir='ltr'><strong>eruditione</strong></span> <span class='ocrx_word' id='word_1_491' title='bbox 2865 4637 2938 4682; x_wconf 89' lang='lat' dir='ltr'><strong>ac</strong></span> <span class='ocrx_word' id='word_1_492' title='bbox 2967 4621 3280 4698; x_wconf 86' lang='lat' dir='ltr'><strong>sapientia</strong></span> <span class='ocrx_word' id='word_1_493' title='bbox 3306 4621 3402 4680; x_wconf 90' lang='lat' dir='ltr'><strong>di-</strong></span> 
     </span>
    </p>
   </div>
   <div class='ocr_carea' id='block_1_49' title="bbox 152 4721 3398 4803">
    <p class='ocr_par' dir='ltr' id='par_1_49' title="bbox 152 4721 3398 4803">
     <span class='ocr_line' id='line_1_49' title="bbox 152 4721 3398 4803; baseline -0.001 -18"><span class='ocrx_word' id='word_1_494' title='bbox 152 4742 377 4802; x_wconf 80' lang='lat' dir='ltr'><strong>gnum.</strong></span> <span class='ocrx_word' id='word_1_495' title='bbox 420 4723 713 4784; x_wconf 88' lang='lat' dir='ltr'><strong>Divisum</strong></span> <span class='ocrx_word' id='word_1_496' title='bbox 739 4729 832 4782; x_wconf 89' lang='lat' dir='ltr'><strong>est</strong></span> <span class='ocrx_word' id='word_1_497' title='bbox 859 4723 922 4782; x_wconf 91' lang='lat' dir='ltr'><strong>iu</strong></span> <span class='ocrx_word' id='word_1_498' title='bbox 957 4729 1163 4800; x_wconf 88' lang='lat' dir='ltr'><strong>partes</strong></span> <span class='ocrx_word' id='word_1_499' title='bbox 1194 4723 1392 4796; x_wconf 84' lang='lat' dir='ltr'><strong>duas;</strong></span> <span class='ocrx_word' id='word_1_500' title='bbox 1425 4741 1696 4803; x_wconf 91' lang='lat' dir='ltr'><strong>quarum</strong></span> <span class='ocrx_word' id='word_1_501' title='bbox 1720 4726 1917 4785; x_wconf 89' lang='lat' dir='ltr'><strong>altera</strong></span> <span class='ocrx_word' id='word_1_502' title='bbox 1954 4726 2022 4785; x_wconf 89' lang='lat' dir='ltr'><strong>in</strong></span> <span class='ocrx_word' id='word_1_503' title='bbox 2055 4727 2270 4786; x_wconf 63' lang='lat' dir='ltr'><strong>Mariae</strong></span> <span class='ocrx_word' id='word_1_504' title='bbox 2305 4727 2725 4802; x_wconf 86' lang='lat' dir='ltr'><strong>imperatricis</strong></span> <span class='ocrx_word' id='word_1_505' title='bbox 2760 4723 3016 4788; x_wconf 71' lang='lat' dir='ltr'><strong>eximiis</strong></span> <span class='ocrx_word' id='word_1_506' title='bbox 3035 4721 3232 4784; x_wconf 88' lang='lat' dir='ltr'><strong>animi</strong></span> <span class='ocrx_word' id='word_1_507' title='bbox 3279 4723 3398 4782; x_wconf 86' lang='lat' dir='ltr'><strong>do-</strong></span> 
     </span>
    </p>
   </div>
   <div class='ocr_carea' id='block_1_50' title="bbox 151 4821 3399 4903">
    <p class='ocr_par' dir='ltr' id='par_1_50' title="bbox 151 4821 3399 4903">
     <span class='ocr_line' id='line_1_50' title="bbox 151 4821 3399 4903; baseline -0.001 -20"><span class='ocrx_word' id='word_1_508' title='bbox 151 4826 352 4897; x_wconf 87' lang='lat' dir='ltr'><strong>tibus,</strong></span> <span class='ocrx_word' id='word_1_509' title='bbox 386 4822 688 4900; x_wconf 81' lang='lat' dir='ltr'><strong>regiique</strong></span> <span class='ocrx_word' id='word_1_510' title='bbox 715 4821 899 4899; x_wconf 91' lang='lat' dir='ltr'><strong>pueri</strong></span> <span class='ocrx_word' id='word_1_511' title='bbox 924 4838 1069 4883; x_wconf 89' lang='lat' dir='ltr'><strong>cum</strong></span> <span class='ocrx_word' id='word_1_512' title='bbox 1102 4823 1322 4895; x_wconf 84' lang='lat' dir='ltr'><strong>animi,</strong></span> <span class='ocrx_word' id='word_1_513' title='bbox 1362 4831 1493 4884; x_wconf 89' lang='lat' dir='ltr'><strong>tum</strong></span> <span class='ocrx_word' id='word_1_514' title='bbox 1529 4823 1718 4885; x_wconf 90' lang='lat' dir='ltr'><strong>etiam</strong></span> <span class='ocrx_word' id='word_1_515' title='bbox 1752 4826 2040 4902; x_wconf 88' lang='lat' dir='ltr'><strong>corpOris</strong></span> <span class='ocrx_word' id='word_1_516' title='bbox 2071 4824 2476 4903; x_wconf 80' lang='lat' dir='ltr'><strong>exponendis</strong></span> <span class='ocrx_word' id='word_1_517' title='bbox 2516 4825 3036 4898; x_wconf 71' lang='lat' dir='ltr'><strong>extollendisque</strong></span> <span class='ocrx_word' id='word_1_518' title='bbox 3075 4837 3399 4898; x_wconf 77' lang='lat' dir='ltr'><strong>prteroga-</strong></span> 
     </span>
    </p>
   </div>
   <div class='ocr_carea' id='block_1_51' title="bbox 153 4921 3396 5002">
    <p class='ocr_par' dir='ltr' id='par_1_51' title="bbox 153 4921 3396 5002">
     <span class='ocr_line' id='line_1_51' title="bbox 153 4921 3396 5002; baseline -0.002 -19"><span class='ocrx_word' id='word_1_519' title='bbox 153 4925 300 4984; x_wconf 76' lang='lat' dir='ltr'><strong>tivis</strong></span> <span class='ocrx_word' id='word_1_520' title='bbox 339 4934 466 4984; x_wconf 89' lang='lat' dir='ltr'><strong>tota</strong></span> <span class='ocrx_word' id='word_1_521' title='bbox 502 4932 626 4984; x_wconf 90' lang='lat' dir='ltr'><strong>est.</strong></span> <span class='ocrx_word' id='word_1_522' title='bbox 661 4923 872 4985; x_wconf 82' lang='lat' dir='ltr'><strong>Altera</strong></span> <span class='ocrx_word' id='word_1_523' title='bbox 905 4938 1054 4982; x_wconf 87' lang='lat' dir='ltr'><strong>vero</strong></span> <span class='ocrx_word' id='word_1_524' title='bbox 1087 4923 1309 4995; x_wconf 88' lang='lat' dir='ltr'><strong>multa,</strong></span> <span class='ocrx_word' id='word_1_525' title='bbox 1350 4941 1552 5002; x_wconf 85' lang='lat' dir='ltr'><strong>caque</strong></span> <span class='ocrx_word' id='word_1_526' title='bbox 1589 4925 2073 5002; x_wconf 86' lang='lat' dir='ltr'><strong>sapientissima</strong></span> <span class='ocrx_word' id='word_1_527' title='bbox 2108 4931 2414 5001; x_wconf 77' lang='lat' dir='ltr'><strong>prmcepta</strong></span> <span class='ocrx_word' id='word_1_528' title='bbox 2454 4923 2919 5002; x_wconf 84' lang='lat' dir='ltr'><strong>complectitur,</strong></span> <span class='ocrx_word' id='word_1_529' title='bbox 2965 4921 3147 5001; x_wconf 90' lang='lat' dir='ltr'><strong>queis</strong></span> <span class='ocrx_word' id='word_1_530' title='bbox 3181 4921 3396 4979; x_wconf 82' lang='lat' dir='ltr'><strong>Theo-</strong></span> 
     </span>
    </p>
   </div>
   <div class='ocr_carea' id='block_1_52' title="bbox 153 5021 3397 5106">
    <p class='ocr_par' dir='ltr' id='par_1_52' title="bbox 153 5021 3397 5106">
     <span class='ocr_line' id='line_1_52' title="bbox 153 5021 3397 5106; baseline -0.001 -22"><span class='ocrx_word' id='word_1_531' title='bbox 153 5029 496 5106; x_wconf 85' lang='lat' dir='ltr'><strong>phylaetus</strong></span> <span class='ocrx_word' id='word_1_532' title='bbox 548 5026 687 5103; x_wconf 88' lang='lat' dir='ltr'><strong>ipse</strong></span> <span class='ocrx_word' id='word_1_533' title='bbox 746 5024 1259 5098; x_wconf 87' lang='lat' dir='ltr'><strong>Constantinum,</strong></span> <span class='ocrx_word' id='word_1_534' title='bbox 1291 5028 1486 5106; x_wconf 72' lang='lat' dir='ltr'><strong>cujus</strong></span> <span class='ocrx_word' id='word_1_535' title='bbox 1543 5036 1894 5106; x_wconf 69' lang='lat' dir='ltr'><strong>praeceptor</strong></span> <span class='ocrx_word' id='word_1_536' title='bbox 1935 5035 2092 5095; x_wconf 86' lang='lat' dir='ltr'><strong>erat,</strong></span> <span class='ocrx_word' id='word_1_537' title='bbox 2128 5029 2202 5089; x_wconf 88' lang='lat' dir='ltr'><strong>ad</strong></span> <span class='ocrx_word' id='word_1_538' title='bbox 2265 5028 2426 5087; x_wconf 84' lang='lat' dir='ltr'><strong>bene</strong></span> <span class='ocrx_word' id='word_1_539' title='bbox 2492 5027 2898 5104; x_wconf 84' lang='lat' dir='ltr'><strong>feliciterque</strong></span> <span class='ocrx_word' id='word_1_540' title='bbox 2954 5021 3397 5100; x_wconf 85' lang='lat' dir='ltr'><strong>imperandum</strong></span> 
     </span>
    </p>
   </div>
   <div class='ocr_carea' id='block_1_53' title="bbox 154 5101 3395 5205">
    <p class='ocr_par' dir='ltr' id='par_1_53' title="bbox 154 5101 3395 5205">
     <span class='ocr_line' id='line_1_53' title="bbox 154 5101 3395 5205; baseline -0.001 -20"><span class='ocrx_word' id='word_1_541' title='bbox 154 5101 462 5186; x_wconf 78' lang='lat' dir='ltr'><strong>instituit.</strong></span> <span class='ocrx_word' id='word_1_542' title='bbox 490 5125 561 5184; x_wconf 86' lang='lat' dir='ltr'><strong>Et</strong></span> <span class='ocrx_word' id='word_1_543' title='bbox 594 5140 747 5184; x_wconf 90' lang='lat' dir='ltr'><strong>sane</strong></span> <span class='ocrx_word' id='word_1_544' title='bbox 775 5122 836 5182; x_wconf 90' lang='lat' dir='ltr'><strong>in</strong></span> <span class='ocrx_word' id='word_1_545' title='bbox 871 5122 985 5186; x_wconf 88' lang='lat' dir='ltr'><strong>hac</strong></span> <span class='ocrx_word' id='word_1_546' title='bbox 1017 5133 1191 5202; x_wconf 85' lang='lat' dir='ltr'><strong>parte</strong></span> <span class='ocrx_word' id='word_1_547' title='bbox 1247 5101 1726 5188; x_wconf 72' lang='lat' dir='ltr'><strong>absolutissima</strong></span> <span class='ocrx_word' id='word_1_548' title='bbox 1763 5126 2023 5188; x_wconf 79' lang='lat' dir='ltr'><strong>functus</strong></span> <span class='ocrx_word' id='word_1_549' title='bbox 2063 5143 2183 5188; x_wconf 90' lang='lat' dir='ltr'><strong>suo</strong></span> <span class='ocrx_word' id='word_1_550' title='bbox 2251 5145 2518 5188; x_wconf 84' lang='lat' dir='ltr'><strong>munere</strong></span> <span class='ocrx_word' id='word_1_551' title='bbox 2573 5134 2667 5187; x_wconf 89' lang='lat' dir='ltr'><strong>est</strong></span> <span class='ocrx_word' id='word_1_552' title='bbox 2704 5148 2718 5186; x_wconf 89' lang='lat'><strong>:</strong></span> <span class='ocrx_word' id='word_1_553' title='bbox 2751 5125 3298 5205; x_wconf 85' lang='lat' dir='ltr'><strong>quemadmodum</strong></span> <span class='ocrx_word' id='word_1_554' title='bbox 3336 5123 3395 5182; x_wconf 88' lang='lat' dir='ltr'><strong>in</strong></span> 
     </span>
    </p>
   </div>
   <div class='ocr_carea' id='block_1_54' title="bbox 153 5224 3399 5306">
    <p class='ocr_par' dir='ltr' id='par_1_54' title="bbox 153 5224 3399 5306">
     <span class='ocr_line' id='line_1_54' title="bbox 153 5224 3399 5306; baseline -0 -21"><span class='ocrx_word' id='word_1_555' title='bbox 153 5227 266 5287; x_wconf 87' lang='lat' dir='ltr'><strong>alia</strong></span> <span class='ocrx_word' id='word_1_556' title='bbox 300 5227 525 5300; x_wconf 78' lang='lat' dir='ltr'><strong>priore</strong></span> <span class='ocrx_word' id='word_1_557' title='bbox 568 5224 789 5285; x_wconf 89' lang='lat' dir='ltr'><strong>diserti</strong></span> <span class='ocrx_word' id='word_1_558' title='bbox 823 5226 1116 5298; x_wconf 89' lang='lat' dir='ltr'><strong>oratoris,</strong></span> <span class='ocrx_word' id='word_1_559' title='bbox 1145 5227 1411 5288; x_wconf 85' lang='lat' dir='ltr'><strong>fortasse</strong></span> <span class='ocrx_word' id='word_1_560' title='bbox 1445 5237 1503 5287; x_wconf 91' lang='lat' dir='ltr'><strong>et</strong></span> <span class='ocrx_word' id='word_1_561' title='bbox 1540 5228 1724 5303; x_wconf 89' lang='lat' dir='ltr'><strong>periti</strong></span> <span class='ocrx_word' id='word_1_562' title='bbox 1760 5229 1956 5290; x_wconf 87' lang='lat' dir='ltr'><strong>aulici</strong></span> <span class='ocrx_word' id='word_1_563' title='bbox 1991 5239 2199 5306; x_wconf 85' lang='lat' dir='ltr'><strong>partes</strong></span> <span class='ocrx_word' id='word_1_564' title='bbox 2229 5230 2498 5289; x_wconf 78' lang='lat' dir='ltr'><strong>solerter</strong></span> <span class='ocrx_word' id='word_1_565' title='bbox 2536 5229 2838 5306; x_wconf 80' lang='lat' dir='ltr'><strong>explevit.</strong></span> <span class='ocrx_word' id='word_1_566' title='bbox 2878 5227 3192 5288; x_wconf 86' lang='lat' dir='ltr'><strong>Libellum</strong></span> <span class='ocrx_word' id='word_1_567' title='bbox 3227 5225 3399 5286; x_wconf 87' lang='lat' dir='ltr'><strong>hunc</strong></span> 
     </span>
    </p>
   </div>
   <div class='ocr_carea' id='block_1_55' title="bbox 156 5310 3396 5409">
    <p class='ocr_par' dir='ltr' id='par_1_55' title="bbox 156 5310 3396 5409">
     <span class='ocr_line' id='line_1_55' title="bbox 156 5310 3396 5409; baseline -0.001 -22"><span class='ocrx_word' id='word_1_568' title='bbox 156 5345 228 5388; x_wconf 80' lang='lat' dir='ltr'><strong>ex</strong></span> <span class='ocrx_word' id='word_1_569' title='bbox 253 5327 654 5389; x_wconf 85' lang='lat' dir='ltr'><strong>bibliotheca</strong></span> <span class='ocrx_word' id='word_1_570' title='bbox 687 5328 1381 5390; x_wconf 82' lang='lat' dir='ltr'><strong>Florentitto-Medicea</strong></span> <span class='ocrx_word' id='word_1_571' title='bbox 1401 5310 1645 5407; x_wconf 79' lang='lat' dir='ltr'><strong>primus</strong></span> <span class='ocrx_word' id='word_1_572' title='bbox 1668 5331 1833 5391; x_wconf 92' lang='lat' dir='ltr'><strong>eruit</strong></span> <span class='ocrx_word' id='word_1_573' title='bbox 1858 5331 2274 5391; x_wconf 82' lang='lat' dir='ltr'><strong>doctissimus</strong></span> <span class='ocrx_word' id='word_1_574' title='bbox 2312 5331 2672 5409; x_wconf 66' lang='lat' dir='ltr'><strong>Graecaeque</strong></span> <span class='ocrx_word' id='word_1_575' title='bbox 2703 5329 2934 5406; x_wconf 63' lang='lat' dir='ltr'><strong>lingua;</strong></span> <span class='ocrx_word' id='word_1_576' title='bbox 2966 5325 3396 5404; x_wconf 85' lang='lat' dir='ltr'><strong>peritissimus</strong></span> 
     </span>
    </p>
   </div>
   <div class='ocr_carea' id='block_1_56' title="bbox 156 5423 3394 5503">
    <p class='ocr_par' dir='ltr' id='par_1_56' title="bbox 156 5423 3394 5503">
     <span class='ocr_line' id='line_1_56' title="bbox 156 5423 3394 5503; baseline -0.003 -15"><span class='ocrx_word' id='word_1_577' title='bbox 156 5427 374 5488; x_wconf 89' lang='lat' dir='ltr'><strong>Petrus</strong></span> <span class='ocrx_word' id='word_1_578' title='bbox 412 5425 749 5496; x_wconf 84' lang='lat' dir='ltr'><strong>Possinus,</strong></span> <span class='ocrx_word' id='word_1_579' title='bbox 785 5425 1037 5501; x_wconf 82' lang='lat' dir='ltr'><strong>inclytae</strong></span> <span class='ocrx_word' id='word_1_580' title='bbox 1071 5427 1405 5486; x_wconf 85' lang='lat' dir='ltr'><strong>Societatis</strong></span> <span class='ocrx_word' id='word_1_581' title='bbox 1465 5429 1618 5486; x_wconf 82' lang='lat' dir='ltr'><strong>Jesn</strong></span> <span class='ocrx_word' id='word_1_582' title='bbox 1655 5428 1956 5487; x_wconf 88' lang='lat' dir='ltr'><strong>alunmus</strong></span> <span class='ocrx_word' id='word_1_583' title='bbox 1996 5438 2055 5486; x_wconf 93' lang='lat' dir='ltr'><strong>ct</strong></span> <span class='ocrx_word' id='word_1_584' title='bbox 2089 5436 2579 5493; x_wconf 82' lang='lat' dir='ltr'><strong>ornamentum;</strong></span> <span class='ocrx_word' id='word_1_585' title='bbox 2615 5443 2894 5503; x_wconf 80' lang='lat' dir='ltr'><strong>cumque</strong></span> <span class='ocrx_word' id='word_1_586' title='bbox 2924 5423 3214 5483; x_wconf 87' lang='lat' dir='ltr'><strong>libellum</strong></span> <span class='ocrx_word' id='word_1_587' title='bbox 3251 5424 3394 5498; x_wconf 36' lang='lat' dir='ltr'><strong>epis</strong></span> 
     </span>
    </p>
   </div>
   <div class='ocr_carea' id='block_1_57' title="bbox 159 5521 3394 5604">
    <p class='ocr_par' dir='ltr' id='par_1_57' title="bbox 159 5521 3394 5604">
     <span class='ocr_line' id='line_1_57' title="bbox 159 5521 3394 5604; baseline -0.002 -19"><span class='ocrx_word' id='word_1_588' title='bbox 159 5527 307 5587; x_wconf 84' lang='lat' dir='ltr'><strong>stola</strong></span> <span class='ocrx_word' id='word_1_589' title='bbox 345 5527 496 5586; x_wconf 88' lang='lat' dir='ltr'><strong>data</strong></span> <span class='ocrx_word' id='word_1_590' title='bbox 518 5528 732 5585; x_wconf 70' lang='lat' dir='ltr'><strong>Itomm</strong></span> <span class='ocrx_word' id='word_1_591' title='bbox 760 5539 929 5585; x_wconf 89' lang='lat' dir='ltr'><strong>anno</strong></span> <span class='ocrx_word' id='word_1_592' title='bbox 959 5523 1530 5604; x_wconf 85' lang='lat' dir='ltr'><strong>(utvulgodicitur)</strong></span> <span class='ocrx_word' id='word_1_593' title='bbox 1561 5536 1778 5586; x_wconf 81' lang='lat' dir='ltr'><strong>sancto</strong></span> <span class='ocrx_word' id='word_1_594' title='bbox 1811 5527 1990 5599; x_wconf 81' lang='grc'><strong>1650,</strong></span> <span class='ocrx_word' id='word_1_595' title='bbox 2031 5527 2356 5587; x_wconf 87' lang='lat' dir='ltr'><strong>Ludovico</strong></span> <span class='ocrx_word' id='word_1_596' title='bbox 2394 5526 2559 5597; x_wconf 81' lang='lat' dir='ltr'><strong>XIV,</strong></span> <span class='ocrx_word' id='word_1_597' title='bbox 2583 5524 2803 5585; x_wconf 72' lang='lat' dir='ltr'><strong>Gallim</strong></span> <span class='ocrx_word' id='word_1_598' title='bbox 2826 5529 2888 5584; x_wconf 90' lang='lat' dir='ltr'><strong>et</strong></span> <span class='ocrx_word' id='word_1_599' title='bbox 2921 5525 3210 5584; x_wconf 76' lang='lat' dir='ltr'><strong>Navarrm</strong></span> <span class='ocrx_word' id='word_1_600' title='bbox 3235 5521 3394 5594; x_wconf 79' lang='lat' dir='ltr'><strong>regi,</strong></span> 
     </span>
    </p>
   </div>
   <div class='ocr_carea' id='block_1_58' title="bbox 158 5623 3400 5706">
    <p class='ocr_par' dir='ltr' id='par_1_58' title="bbox 158 5623 3400 5706">
     <span class='ocr_line' id='line_1_58' title="bbox 158 5623 3400 5706; baseline -0.002 -20"><span class='ocrx_word' id='word_1_601' title='bbox 158 5634 280 5688; x_wconf 91' lang='lat' dir='ltr'><strong>tum</strong></span> <span class='ocrx_word' id='word_1_602' title='bbox 312 5630 531 5690; x_wconf 85' lang='lat' dir='ltr'><strong>adhuc</strong></span> <span class='ocrx_word' id='word_1_603' title='bbox 568 5629 986 5699; x_wconf 86' lang='lat' dir='ltr'><strong>adolescenti,</strong></span> <span class='ocrx_word' id='word_1_604' title='bbox 1016 5636 1077 5690; x_wconf 90' lang='lat' dir='ltr'><strong>et</strong></span> <span class='ocrx_word' id='word_1_605' title='bbox 1108 5629 1229 5690; x_wconf 93' lang='lat' dir='ltr'><strong>sub</strong></span> <span class='ocrx_word' id='word_1_606' title='bbox 1264 5629 1480 5690; x_wconf 90' lang='lat' dir='ltr'><strong>matris</strong></span> <span class='ocrx_word' id='word_1_607' title='bbox 1516 5630 1709 5690; x_wconf 89' lang='lat' dir='ltr'><strong>tutela</strong></span> <span class='ocrx_word' id='word_1_608' title='bbox 1743 5647 2011 5706; x_wconf 80' lang='lat' dir='ltr'><strong>regnum</strong></span> <span class='ocrx_word' id='word_1_609' title='bbox 2061 5628 2557 5700; x_wconf 88' lang='lat' dir='ltr'><strong>administranti,</strong></span> <span class='ocrx_word' id='word_1_610' title='bbox 2593 5623 3010 5702; x_wconf 89' lang='lat' dir='ltr'><strong>nuncupavit,</strong></span> <span class='ocrx_word' id='word_1_611' title='bbox 3035 5639 3104 5683; x_wconf 89' lang='lat' dir='ltr'><strong>ea</strong></span> <span class='ocrx_word' id='word_1_612' title='bbox 3135 5635 3400 5698; x_wconf 59' lang='lat' dir='ltr'><strong>praeser-</strong></span> 
     </span>
    </p>
   </div>
   <div class='ocr_carea' id='block_1_59' title="bbox 163 5721 3394 5812">
    <p class='ocr_par' dir='ltr' id='par_1_59' title="bbox 163 5721 3394 5812">
     <span class='ocr_line' id='line_1_59' title="bbox 163 5721 3394 5812; baseline -0.001 -22"><span class='ocrx_word' id='word_1_613' title='bbox 163 5731 261 5792; x_wconf 90' lang='lat' dir='ltr'><strong>tim</strong></span> <span class='ocrx_word' id='word_1_614' title='bbox 297 5733 394 5811; x_wconf 91' lang='lat' dir='ltr'><strong>(ut</strong></span> <span class='ocrx_word' id='word_1_615' title='bbox 427 5732 573 5810; x_wconf 88' lang='lat' dir='ltr'><strong>ipse</strong></span> <span class='ocrx_word' id='word_1_616' title='bbox 605 5731 896 5812; x_wconf 86' lang='lat' dir='ltr'><strong>testatur)</strong></span> <span class='ocrx_word' id='word_1_617' title='bbox 927 5733 1173 5797; x_wconf 88' lang='lat' dir='ltr'><strong>ratione</strong></span> <span class='ocrx_word' id='word_1_618' title='bbox 1211 5732 1465 5806; x_wconf 85' lang='lat' dir='ltr'><strong>ductus,</strong></span> <span class='ocrx_word' id='word_1_619' title='bbox 1501 5734 1675 5812; x_wconf 87' lang='lat' dir='ltr'><strong>quod</strong></span> <span class='ocrx_word' id='word_1_620' title='bbox 1712 5733 1776 5796; x_wconf 88' lang='lat' dir='ltr'><strong>in</strong></span> <span class='ocrx_word' id='word_1_621' title='bbox 1825 5733 1940 5795; x_wconf 82' lang='lat' dir='ltr'><strong>hac</strong></span> <span class='ocrx_word' id='word_1_622' title='bbox 1977 5732 2190 5810; x_wconf 87' lang='lat' dir='ltr'><strong>epella</strong></span> <span class='ocrx_word' id='word_1_623' title='bbox 2226 5731 2503 5794; x_wconf 84' lang='lat' dir='ltr'><strong>describi</strong></span> <span class='ocrx_word' id='word_1_624' title='bbox 2538 5731 2612 5792; x_wconf 91' lang='lat' dir='ltr'><strong>ad</strong></span> <span class='ocrx_word' id='word_1_625' title='bbox 2647 5727 2955 5791; x_wconf 88' lang='lat' dir='ltr'><strong>amussim</strong></span> <span class='ocrx_word' id='word_1_626' title='bbox 3006 5732 3068 5788; x_wconf 90' lang='lat' dir='ltr'><strong>et</strong></span> <span class='ocrx_word' id='word_1_627' title='bbox 3096 5721 3394 5804; x_wconf 76' lang='lat' dir='ltr'><strong>graphice</strong></span> 
     </span>
    </p>
   </div>
  </div>
