4156 6440
716 355 819 411 to“!
1776 357 2161 416 BONIFACH
2196 360 2506 418 FlNE'I'I‘l
2547 359 2940 420 PHIEFATIO
3882 358 3992 421 468

722 468 1055 526 \idct‘etur
1095 468 1367 543 ipsemet
1405 470 1797 541 Ludovicus,
1835 480 1893 531 ct
1924 472 2134 549 qualis
2174 481 2323 533 tunc
2354 475 2752 550 essetquoad
2785 474 3071 552 corporis
3102 474 3434 552 animique
3458 474 3661 545 doles,
3693 481 3752 534 et
3773 474 3991 550 qualis

721 570 912 625 etiam
952 568 1216 629 futurus
1254 588 1599 648 progressu
1639 573 1948 649 temporis
1982 581 2153 631 esset
2183 581 2289 632 aut
2316 590 2460 632 esse
2507 573 2792 635 deberet.
2821 576 2954 635 Etsi
3013 592 3167 636 vero
3208 576 3477 651 epistola
3512 574 3987 651 nuncupatoria

722 688 807 730 seu
830 672 955 744 ipta
996 672 1079 730 sit
1116 674 1333 734 ltomaa
1360 690 1556 745 anno,
1603 682 1667 734 ut
1699 675 2009 745 diximus,
2040 677 2217 748 1650,
2259 674 2461 736 editio
2491 682 2700 737 tamen
2731 678 2993 738 nonnisi
3034 694 3204 738 anno
3236 677 3621 755 insequente
3649 678 3825 747 1651,
3870 693 3983 735 ea-

720 790 846 845 que
883 790 1007 831 nou
1044 775 1280 845 ltouice,
1320 776 1431 836 sed
1469 777 1737 838 Parisiis
1778 787 1994 837 secuta
2020 784 2115 836 est
2152 776 2321 855 typis
2368 776 2591 854 regiis,
2624 776 2981 848 volumine,
3019 787 3085 838 ut
3117 778 3325 847 aiunt,
3356 778 3707 853 iit-quarto.
3736 776 3988 834 Inserta

725 878 1139 949 postmodum
1170 885 1265 936 est
1299 881 1550 957 corpori
1587 881 1951 959 Byzantina!
1978 880 2290 952 historim,
2328 882 2712 958 tomo,juxla
2746 883 3045 943 Venetam
3074 882 3621 953 editionem,XX;
3658 882 3803 941 inde
3831 895 3991 940 vero

724 976 785 1035 in
832 977 947 1035 hoc
987 979 1286 1039 translata
1321 981 1623 1042 volumen
1659 990 1778 1041 est.
1819 984 2125 1059 Tempus,
2160 999 2289 1057 quo
2315 982 2475 1043 hanc
2505 982 3024 1061 'l'heOphylactus
3057 984 3332 1060 opellam
3371 983 3808 1045 verosimilius
3840 981 3994 1040 elu-

721 1079 1041 1149 tutu-avit,
1073 1080 1312 1139 videsis
1340 1080 1400 1140 in
1437 1082 1689 1157 praevia:
1718 1082 2199 1142 Dissertatiouis
2232 1083 2717 1144 n.Vlll.Grasco
2750 1083 2949 1144 textui
2975 1085 3336 1145 versionem
3373 1084 3612 1144 addidit
3637 1082 3992 1159 elegantis-

720 1184 946 1242 simam
974 1183 1054 1243 ab
1086 1202 1157 1243 se
1184 1184 1572 1246 elaboratam
1596 1185 1764 1247 idem
1793 1186 2139 1255 Pessinus;
2175 1203 2364 1263 quam
2401 1195 2608 1248 tamen
2669 1194 3002 1264 prOpterea
3058 1187 3355 1247 nonnulli
3386 1186 3989 1263 reprehendendam

724 1292 1013 1355 censent,
1040 1284 1191 1361 quia
1226 1286 1515 1347 nitidiori
1554 1287 1937 1366 puriorique
1968 1287 2137 1365 stylo
2167 1287 2455 1349 intentus
2479 1305 2511 1347 a
2540 1286 2998 1366 TheOphylacti
3022 1288 3231 1351 verbis
3265 1287 3453 1365 paulo
3488 1286 3756 1345 liberius
3782 1301 3995 1362 quan-

722 1388 937 1463 doque
977 1396 1259 1463 vagatur.
1298 1388 1417 1447 Sed
1463 1404 1582 1465 ego
1614 1387 1715 1449 sin
1751 1390 2018 1449 omnino
2085 1389 2507 1463 probandum,
2542 1390 2763 1450 saltem
2826 1389 3265 1450 excusandum
3325 1403 3560 1449 censeo
3620 1384 3989 1453 Possinum,

721 1496 875 1553 dum
912 1494 1305 1573 eloquentia;
1336 1511 1491 1566 sum,
1529 1509 1654 1571 qua
1690 1493 1964 1552 maxime
2000 1492 2351 1568 priestabat,
2385 1491 2655 1552 ﬂumine
2690 1500 2935 1569 raptus,
2981 1491 3145 1551 intra
3179 1489 3510 1568 rigidioris
3542 1487 3860 1549 versionis
3906 1486 3990 1545 li-

724 1598 911 1653 mites
948 1612 1090 1655 sese
1132 1594 1437 1656 cohibere
1472 1612 1600 1655 non
1636 1594 1886 1671 potuit;
1923 1594 2280 1671 maluitque
2307 1611 2496 1655 sensa
2538 1594 2808 1655 reddere
2856 1593 3139 1654 auctoris
3171 1602 3239 1652 ut
3271 1600 3513 1661 orator,
3546 1606 3735 1668 quam
3766 1597 3836 1647 ut
3890 1591 3996 1649 in-

722 1708 963 1774 tcrpres
994 1717 1011 1755 :
1042 1695 1212 1772 quod
1259 1696 1425 1756 idem
1454 1696 1517 1756 in
1551 1694 1850 1756 versione
1895 1694 2356 1755 Demosthenis
2393 1694 2766 1771 praestitisse
2798 1712 2866 1756 se
2917 1695 3268 1773 aliquando
3302 1693 3555 1755 Tullius
3593 1693 3729 1768 ipse
3787 1698 3990 1753 testa-

721 1808 849 1856 tur.
889 1798 1041 1859 Mihi
1076 1799 1292 1876 potius
1325 1795 1817 1857 admirationem
1845 1797 2102 1873 ingerit,
2135 1797 2308 1873 quod
2347 1796 2407 1855 in
2446 1796 2798 1875 epigraphe
2829 1797 3020 1857 istius
3060 1797 3276 1873 Operis
3309 1794 3863 1873 Theopbylactum
3890 1796 3993 1849 ταῦ

720 1904 774 1949 ἐν
804 1900 979 1966 ἁγίοις
1011 1902 1222 1968 Harpe;
1259 1904 1437 1969 ἡμῶν,
1467 1898 1531 1955 S.
1567 1897 1783 1956 Patris
1814 1899 2023 1957 nostri
2047 1897 2234 1958 titulo
2263 1899 2734 1959 condecorarit.
2770 1898 2965 1958 Valde
2998 1899 3171 1959 enim
3223 1898 3474 1967 dubito,
3512 1905 3729 1957 utrum
3764 1896 3829 1955 in
3880 1910 3986 1961 eo,

724 2008 854 2065 quo
895 2008 1051 2051 usus
1088 2002 1203 2065 est,
1236 1996 1455 2058 codice
1501 1996 1786 2075 elogium
1822 1997 2195 2075 hujusmodi
2226 2016 2447 2061 revera
2479 2009 2686 2060 exstet
2714 2022 2729 2059 :
2754 2000 3283 2079 quandoquidem
3330 1999 3393 2059 in
3428 1998 3786 2066 codicibus,
3811 2011 3987 2074 quos

728 2092 886 2151 mihi
926 2094 1244 2167 inSpicere
1282 2096 1488 2168 licuit,
1525 2099 1689 2158 nulli
1744 2099 1954 2175 ipsius
1989 2101 2172 2177 Operi
2226 2101 2289 2161 id
2334 2104 2657 2178 praeﬁxum
2711 2102 3094 2180 reperiatur.
3128 2102 3306 2162 Alias
3344 2117 3496 2161 vero
3542 2099 3852 2160 Possinns
3919 2097 3986 2155 in

725 2192 1187 2269 't‘thphylacti
1230 2195 1453 2255 laudes
1502 2197 1694 2272 paulo
1728 2197 2058 2258 liberalior
2098 2200 2374 2271 videtur,
2427 2208 2647 2277 utpote
2682 2203 3013 2279 quietiam
3073 2202 3140 2262 in
3176 2201 3461 2280 Epistola
3511 2199 3990 2275 nuncupatoria

725 2295 1025 2357 eumdem
1054 2313 1179 2357 non
1215 2299 1751 2376 sapientissimum
1782 2302 1972 2362 modo
2003 2319 2073 2362 ac
2100 2290 2516 2364 venerabilem
2562 2306 3132 2384 archiepiscopum,
3160 2322 3383 2366 verum
3444 2303 3633 2363 etiam
3688 2303 3995 2363 Ecclesia:

725 2401 1044 2461 doctorem
1064 2402 1379 2480 appellat;
1413 2405 1583 2483 quod
1621 2405 1885 2484 quidem
1914 2408 2207 2469 absolute
2237 2414 2299 2468 et
2343 2409 2483 2469 sine
2514 2408 2731 2488 aliqua
2759 2409 3143 2472 limitatione
3193 2409 3272 2471 de
3320 2424 3396 2469 eo
3429 2414 3596 2467 recte
3630 2406 3756 2467 dici
3793 2424 3991 2481 posse

732 2519 859 2564 non
896 2512 1074 2579 puto.

2125 2631 2411 2691 SECTIO
2475 2632 2587 2692 IX.

1464 2777 1553 2835 De
1603 2776 1908 2836 Encomio
1944 2778 2011 2837 in
2048 2780 2492 2856 imperatorem
2528 2780 2815 2840 Alcxium
2850 2781 3254 2843 Comnenum.

809 2920 1424 2998 XL.Theophylacti
1461 2939 1731 3000 operum
1774 2940 2106 3003 nunquam
2140 2924 2453 2988 hactenus
2481 2927 2803 2989 editorum
2838 2944 3041 2989 unum
3076 2936 3173 2989 est
3204 2929 3417 2998 etiam,
3453 2928 3622 3004 quod
3659 2926 3984 3005 sequitur,

729 3020 1285 3099 elegantissimum
1315 3023 1683 3083 Encomium
1706 3026 1772 3084 in
1804 3025 2243 3103 imperatorem
2280 3026 2577 3087 Alexium
2606 3028 3008 3089 Comnenum.
3034 3028 3351 3088 Dominus
3384 3026 3462 3087 de
3494 3026 3719 3087 OEfeld
3761 3030 3987 3104 (quem

732 3126 1000 3184 honoris
1035 3141 1223 3185 causa
1268 3126 1584 3205 nomino),
1635 3127 2072 3189 celeberrimae
2121 3130 2525 3190 serenissimi
2574 3130 2760 3191 ducis
2824 3140 3017 3210 atque
3066 3129 3364 3191 electoris
3415 3128 3691 3189 Bavarias
3737 3128 3983 3189 biblio-

736 3224 937 3282 theca;
974 3221 1307 3298 prmfectus
1344 3226 1832 3299 meritissimus,
1862 3227 2024 3287 illud
2069 3227 2323 3305 propria
2365 3246 2554 3290 manu
2592 3229 2987 3307 descriptum
3038 3247 3115 3290 ex
3172 3236 3425 3289 vetusto
3477 3228 3694 3288 codice
3744 3228 3988 3288 biblio-

737 3328 937 3387 thecm
974 3327 1291 3403 praedictae
1327 3328 1639 3390 editionis
1670 3328 1864 3408 hujus
1893 3329 2259 3391 fautoribus
2294 3330 2765 3391 humanissime
2793 3332 3263 3407 suppeditavit;
3308 3346 3439 3407 quo
3472 3347 3624 3389 sane
3672 3327 3992 3387 beneficio

737 3446 883 3491 sese
927 3427 1270 3489 obstrictos
1301 3427 1677 3490 fatebuntur
1712 3430 1757 3490 ii
1792 3448 2019 3491 omnes
2054 3430 2169 3508 qui
2195 3430 2418 3490 eximii
2456 3430 2650 3508 hujus
2681 3430 2978 3508 opusculi
3018 3430 3413 3509 perjucnnda
3450 3429 3717 3489 lectione
3752 3426 3985 3487 fruen-

735 3546 862 3590 tur.
896 3532 1036 3604 Quo
1083 3529 1239 3590 illud
1276 3539 1561 3606 tempore
1596 3530 2119 3609 Theophylactus
2152 3531 2486 3607 scripserit
2514 3548 2584 3589 ac
2618 3530 2918 3599 recitarit,
2949 3530 3012 3589 in
3056 3529 3515 3590 Dissertatione
3545 3530 3769 3606 prtevia
3798 3544 3985 3587 num.

736 3632 867 3695 LVI
892 3629 1164 3689 solerter
1195 3637 1257 3688 et
1296 3631 1549 3691 erudite
1570 3630 1946 3707 expeditum
1976 3630 2104 3708 jam
2139 3630 2362 3689 habes.
2398 3630 2518 3691 Sed
2548 3630 2651 3689 hic
2683 3629 2843 3689 forte
2881 3631 3375 3706 percontaberis,
3412 3647 3540 3708 quo
3575 3628 3987 3706 potissimum

730 3731 1151 3790 fundamento
1177 3731 1559 3793 Encomium
1594 3731 1767 3791 istud
1803 3731 2313 3809 TheOphylacto,
2351 3732 2538 3809 cujus
2572 3747 2765 3807 Opera
2791 3732 2853 3790 in
2885 3730 3003 3791 hoc
3035 3731 3319 3792 eduntur
3353 3732 3703 3802 volumine,
3743 3729 3994 3788 tribua-

736 3842 862 3893 tur.
902 3832 1263 3907 Responsio
1296 3832 1358 3892 in
1389 3839 1685 3909 promptu
1719 3839 1837 3903 est,
1883 3832 2044 3892 illud
2081 3831 2560 3909 'l'heOphylacto
2605 3830 2955 3907 ascriptum
2996 3830 3061 3890 in
3117 3838 3367 3891 vetusto
3412 3832 3633 3891 codice
3682 3830 3986 3905 reperiri,

735 3932 895 4008 quin
932 3931 1104 3993 ullus
1140 3934 1220 3992 sit
1252 3933 1450 3993 codex
1484 3933 1595 4010 qui
1635 3941 1974 4010 repugnet.
2023 3932 2143 3992 Per
2177 3932 2237 3991 id
2273 3949 2426 3992 vero
2467 3930 2773 4008 temporis
2828 3932 3026 3991 alium
3074 3930 3354 4009 aliquem
3407 3929 3989 4007 'l‘heOphylactum.

738 4042 1159 4113 praeterquam
1194 4034 1508 4111 Bulgaria:
1539 4033 2127 4110 archiepisc0pum,
2164 4030 2466 4091 ﬂoruisse
2502 4047 2628 4091 non
2663 4038 2929 4091 constat.
2966 4030 3179 4108 Stj‘lus
3225 4048 3256 4090 a
3299 4030 3466 4106 stylo
3521 4028 3989 4106 TheOphylacti

734 4135 932 4195 nostri
965 4134 1228 4193 minime
1256 4134 1573 4205 abhorret,
1610 4132 1857 4193 tametsi
1886 4149 1998 4208 pro
2034 4133 2278 4192 ratione
2317 4130 2784 4192 encomiasticae
2815 4130 3126 4191 orationis
3164 4129 3349 4206 paulo
3383 4130 3675 4191 ﬂoridior
3711 4130 3818 4199 sit,
3858 4146 3991 4189 ma-

726 4236 986 4315 jorique
1022 4234 1275 4311 profana
1309 4234 1682 4294 eruditione
1718 4232 2013 4292 refertus.
2049 4233 2323 4291 Demum
2365 4228 2800 4308 bibliographi
2833 4229 3078 4307 quique
3107 4246 3329 4308 magna
3361 4230 3787 4291 consensione
3820 4229 3986 4291 illud

736 4338 1108 4416 adjudicant
1142 4337 1651 4416 TheOphylacto,
1673 4337 2097 4413 Bulgarorum
2134 4334 2430 4395 antistiti.

822 4440 986 4499 ΧΗ.
1022 4440 1339 4507 Attamen,
1376 4446 1441 4496 ut
1472 4438 1747 4498 candide
1777 4436 1977 4497 fatear
2002 4435 2174 4513 quod
2205 4434 2448 4506 sentio,
2486 4433 2617 4493 hmc
2670 4434 2825 4494 mihi
2875 4444 3250 4510 argumenta
3300 4436 3466 4496 haud
3500 4436 3653 4497 satis
3694 4454 3836 4498 esse
3885 4440 3987 4497 vi-

737 4542 973 4601 dentur
998 4540 1073 4597 ad
1114 4538 1581 4599 dubitationem
1609 4556 1863 4598 omnem
1898 4538 2011 4597 hac
2043 4538 2121 4597 de
2157 4554 2222 4596 re
2254 4537 2693 4596 amovendam.
2732 4536 3050 4596 Prmdictaa
3088 4538 3412 4614 siquidem
3447 4540 3721 4599 orationi
3760 4540 3989 4601 insunt

733 4641 1042 4705 nonnulla
1086 4658 1229 4719 qum
1277 4640 1753 4715 'l'he0phylacto
1801 4648 2018 4701 nostro
2063 4639 2275 4698 minus
2312 4638 2616 4696 videntur
2652 4654 3039 4713 congruere.
3099 4641 3169 4697 Et
3207 4638 3411 4713 primo
3452 4639 3715 4713 quidem
3750 4641 3987 4700 mirum

737 4750 856 4814 est,
891 4742 1063 4819 quod
1099 4758 1241 4801 cum
1278 4746 1505 4800 cmtera
1542 4740 2014 4819 TheOphyIacti
2047 4755 2238 4816 Opera
2277 4738 2510 4815 (quoad
2555 4736 2711 4796 mihi
2754 4738 2969 4797 videre
3004 4736 3209 4813 licuit)
3251 4738 3430 4798 illius
3465 4738 3709 4798 nomini
3752 4742 3987 4818 adjun-

734 4848 892 4899 ctam
926 4839 1065 4915 ejus
1106 4838 1483 4915 dignitatem
1512 4838 1874 4917 praeferant,
1912 4841 2202 4899 Encomii
2235 4838 2431 4916 hujus
2483 4838 2831 4916 epigraphe
2878 4840 3090 4899 solum
3128 4849 3483 4920 putumque
3535 4842 3994 4919 Thcophylacti

735 4959 968 5002 nomen
1000 4944 1321 5005 exhibeat.
1363 4945 1594 5022 Ecquis
1627 4951 1841 5004 autem
1878 4962 2169 5005 asserere
2202 4956 2375 5005 certo
2405 4943 2631 5021 possit,
2675 4961 2799 5004 non
2826 4946 3023 5003 alium
3070 4960 3147 5003 eo
3181 4954 3465 5021 tempore
3506 4945 3569 5004 in
3620 4945 3791 5022 regia
3828 4948 3987 5005 urbe

737 5041 1284 5120 Theophylactum
1317 5043 1546 5117 fuisse,
1579 5046 1691 5123 qui
1719 5046 2023 5105 Encomio
2058 5046 2206 5105 huic
2246 5046 2696 5106 concinnando
2728 5055 2901 5106 esset
2935 5047 3257 5109 idoneus?
3292 5047 3537 5106 Deinde
3576 5046 3627 5104 si
3668 5046 3863 5107 istius
3896 5048 3992 5105 in-

738 5146 954 5202 timam
1001 5144 1195 5204 veluti
1232 5145 1502 5208 formam
1538 5156 2055 5225 structuramque
2087 5148 2276 5222 paulo
2305 5148 2665 5208 accuratius
2695 5148 2842 5225 quis
2884 5148 3255 5226 expendere
3297 5148 3473 5220 velit,
3501 5148 3875 5224 gravitatem
3918 5145 3990 5204 il-

738 5248 860 5304 lam
897 5254 955 5304 et
991 5247 1225 5319 zelum,
1257 5248 1365 5325 qui
1404 5257 1717 5325 provecta:
1755 5249 1884 5324 jam
1921 5247 2125 5308 anatis
2157 5247 2717 5325 archiepiscomim
2752 5249 2998 5319 deceat,
3052 5248 3182 5317 vix,
3225 5265 3296 5308 ac
3331 5266 3408 5308 ne
3462 5248 3565 5306 vix
3608 5246 3873 5324 quidem
3924 5248 3988 5305 in

736 5345 851 5404 illo
877 5346 1338 5421 deprehendet.
1377 5352 1447 5409 Et
1479 5367 1631 5411 sane
1657 5350 2301 5432 archiepisr;0pumne
2329 5358 2389 5409 et
2425 5366 2551 5409 non
2586 5352 2796 5426 potius
2821 5350 3341 5427 sophistamillud
3379 5368 3504 5426 pra:
3529 5366 3595 5408 se
3615 5350 3783 5408 ferre
3814 5348 3993 5407 vide-

738 5456 860 5517 tur,
895 5450 1067 5523 quod
1106 5451 1170 5509 in
1208 5460 1371 5514 tanta
1412 5454 1823 5531 imperatoris
1858 5456 2075 5516 laetitia
2111 5473 2234 5514 non
2272 5455 2783 5515 ecclesiasticum
2821 5455 3180 5533 quidpiam,
3223 5472 3336 5514 seu
3388 5454 3689 5514 Ecclesia:
3743 5454 3989 5513 utilita-

736 5550 864 5600 tem
898 5548 1272 5621 respiciens,
1302 5550 1413 5607 sed
1448 5552 1836 5627 sophisticen
1874 5560 2140 5621 tantum,
2191 5552 2306 5612 hoc
2335 5563 2453 5623 est,
2488 5554 2830 5612 oratoriam
2857 5570 2924 5613 ac
2946 5554 3355 5630 philologiam
3389 5554 3583 5614 semel
3620 5556 3993 5633 iterumque

744 5649 1197 5709 commendet?
1230 5651 1527 5729 Sophisla
1556 5654 1773 5730 igitur,
1818 5670 1928 5712 seu
1973 5654 2297 5730 professor
2332 5652 2708 5726 rhetorices,
2742 5654 2853 5730 qui
2891 5662 3019 5711 tum
3058 5654 3347 5713 ﬂoruerit
3395 5656 3989 5732 ConstantinOpoli,

739 5743 929 5819 hujus
952 5756 1170 5808 auctor
1204 5751 1495 5813 Encomii
1526 5768 1666 5815 esse
1699 5754 1975 5814 videtur.
2016 5752 2327 5828 Equidem
2366 5754 2416 5813 si
2452 5773 2479 5814 ει
2523 5752 3002 5829 ’l‘heophylacto
3060 5761 3280 5815 no~tro
3334 5754 3542 5815 adhuc,
3580 5754 3818 5825 iuvene
3872 5755 3993 5815 ἡδο
