4156 6440
117 374 226 440 469
984 380 1065 440 ΙΝ
1093 368 1523 454 ΞΕΟΗΕΝΤΙΑ
1555 386 2135 451 τΗΕοΡΗΥωρΠ
2184 392 2528 455 scalpri.
3278 396 3385 459 ne

120 488 253 549 bita
290 487 535 551 fuisset
565 488 780 551 isthtec
815 492 1046 567 oratio,
1100 514 1247 573 qum
1285 515 1481 577 supra
1528 502 1891 575 attulimus,
1949 503 2199 579 nullum
2237 506 2567 583 negotium
2613 503 3050 570 facesserent:
3084 524 3229 570 nam
3269 509 3389 570 ali-

117 592 397 666 quando
428 606 509 653 eo
543 608 809 654 munere
836 591 1156 667 functum,
1187 613 1331 659 cum
1368 617 1448 661 ex
1482 602 1633 663 aliis
1668 605 2126 677 monumentis,
2163 611 2295 666 tum
2331 609 2680 683 praesertim
2714 623 2791 667 ex
2828 610 3109 672 secunda
3141 628 3217 670 ex
3249 610 3392 689 epi-

119 688 322 789 stolis
362 690 503 751 illis
534 692 794 771 viginti,
826 711 989 773 quas
1022 712 1195 757 nunc
1220 698 1499 774 primum
1544 705 1610 763 in
1653 702 1862 767 lucem
1892 706 2273 779 emittimus,
2321 698 2839 786 satisexplorata
2884 724 2985 769 res
3036 719 3132 772 est
3156 710 3264 789 (a).
3308 712 3388 773 At

117 787 622 869 TheOphylacto
648 793 780 873 jam
818 799 1211 873 senescenti,
1244 808 1306 861 et
1334 818 1366 863 a
1405 802 1705 880 pluribus
1737 806 1925 868 annis
1955 808 2378 885 amplissimas
2432 808 2734 871 Ecclesite
2776 810 3081 888 regimini
3130 787 3385 875 addicto

120 905 318 964 quam
357 911 585 971 parum
615 896 737 957 ista
775 897 1191 971 conveniant,
1234 916 1426 962 nemo
1466 920 1594 964 non
1632 904 1828 966 videt.
1869 905 2039 967 Alias
2073 925 2224 969 vero
2247 909 2543 969 Encomii
2583 908 2775 987 hujus
2805 916 3132 973 auctorem
3163 913 3383 991 sophi-

117 998 328 1091 stteet
362 992 754 1058 scholarchte
782 1014 1020 1060 munus
1052 1000 1281 1063 eodem
1313 1011 1628 1080 tempore,
1671 1022 1803 1083 quo
1854 1005 2014 1068 illud
2054 1008 2309 1085 publica
2352 1010 2663 1087 recitavit,
2714 1015 3111 1082 exercuisse,
3165 1021 3384 1091 aperte

116 1085 469 1194 colligitur
495 1092 647 1171 (nisi
683 1110 821 1155 mea
855 1112 954 1157 me
982 1096 1148 1159 fallit
1178 1099 1429 1181 opinio)
1462 1119 1542 1163 ex
1574 1103 1787 1165 verbis
1821 1104 1999 1167 illius
2038 1109 2403 1184 postremis,
2438 1085 2683 1188 quibus
2715 1130 2871 1175 suos
2902 1115 2988 1176 ita
3021 1085 3383 1194 discipulos

117 1186 473 1283 ipsum,ut
505 1193 790 1268 videtur,
815 1195 1307 1273 circumstantes
1333 1201 1690 1281 alloquitur
1723 1221 1740 1265 :
1780 1205 1864 1267 At
1894 1226 2039 1268 vero
2074 1227 2184 1287 ego
2217 1186 2487 1289 quidem,
2519 1232 2553 1274 ο
2588 1220 2799 1294 pueri,
2844 1213 3065 1277 debitw
3105 1186 3381 1295 impera-

115 1295 505 1399 tori-nostro
536 1298 761 1375 fausta
783 1305 1172 1378 precationis
1201 1323 1275 1366 ae
1305 1305 1513 1368 laudis
1544 1310 1678 1370 telae
1709 1300 1948 1372 stamen
1965 1316 2103 1393 jam
2128 1317 2320 1393 posui
2340 1337 2359 1384 ;
2381 1336 2490 1377 vos
2521 1318 2881 1397 subtegmen
2928 1318 3208 1399 adjicite.
3247 1320 3384 1398 Ego

118 1392 305 1454 vobis
362 1404 563 1454 artem
602 1403 973 1474 monstravi,
1022 1422 1145 1483 qua
1176 1403 1528 1484 elegantius
1572 1410 1753 1486 picta
1781 1415 2344 1492 atqueperfectior
2384 1416 2507 1477 tela
2550 1392 3036 1494 βαι-(Ζωπυιῆ
3086 1416 3209 1478 etsi
3254 1392 3387 1477 hinc

114 1496 342 1558 omnia
395 1500 839 1575 suspicionem
872 1503 1157 1583 aliquam
1212 1506 1511 1585 ingerere
1545 1508 1798 1587 possint
1847 1512 1927 1571 de
1960 1529 2267 1590 germano
2315 1518 2627 1578 orationis
2670 1517 2864 1596 hujus
2896 1526 3190 1592 auctore,
3234 1516 3383 1597 jure

116 1601 337 1659 tamen
375 1598 845 1676 impedimento
904 1605 1091 1666 nobis
1147 1622 1291 1669 esse
1348 1624 1476 1669 non
1514 1610 1771 1685 debent,
1826 1613 2178 1691 quominus
2217 1616 2282 1676 in
2329 1614 2449 1677 hoc
2502 1616 2831 1678 volumine
2888 1634 3013 1679 una
3063 1634 3205 1679 cum
3243 1616 3383 1678 aliis

119 1696 589 1796 'i‘heOphylacti
630 1705 935 1781 operibus
983 1707 1205 1768 edatur
1272 1729 1287 1767 :
1329 1708 1648 1771 malumus
1696 1712 1869 1772 enim
1920 1712 2232 1775 incertum
2272 1714 2366 1776 illi
2420 1716 2618 1779 fetum
2664 1718 2951 1780 tribuere
2987 1732 3179 1796 quam
3221 1715 3383 1778 forte

122 1794 498 1875 legitimum
532 1803 894 1867 detrahere.

1536 1953 1826 2015 SEC'I‘IO
1887 1957 1938 2015 X
1954 2000 1969 2014 .

746 2115 833 2173 De
858 2115 1166 2195 Epistolis
1195 2122 1424 2199 viginti
1445 2139 1659 2181 recens
1692 2124 1892 2183 erutis
1925 2142 2005 2183 ex
2035 2123 2412 2185 bibliotheca
2448 2124 2767 2185 Vaticana.

200 2252 414 2314 XLII.
442 2254 860 2341 Solertissimi
891 2262 1194 2323 editionis
1231 2264 1426 2341 hujus
1449 2270 1776 2326 curatores
1828 2281 1970 2327 cum
2007 2266 2309 2342 epistolas
2356 2266 2668 2345 quasdam
2708 2267 2985 2329 ineditas
3037 2268 3383 2348 TheOphy-

127 2347 270 2412 lacti
312 2357 519 2417 nostri
541 2351 619 2417 in
656 2358 1045 2423 bibliotheca
1085 2363 1385 2424 Vaticana
1414 2363 1608 2424 latere
1636 2365 2065 2439 inaudissent,
2097 2382 2206 2427 eas
2239 2364 2365 2426 sibi
2400 2366 2833 2442 procurandas
2880 2369 3147 2429 omnino
3198 2376 3385 2446 puta-

125 2459 301 2524 runt,
338 2470 420 2512 ne
456 2452 586 2513 ulla
617 2472 694 2514 ex
730 2467 903 2531 parte
954 2458 1289 2521 imminuta
1344 2462 1628 2539 prodiret
1674 2479 1955 2539 praesens
1990 2462 2219 2525 editio.
2258 2464 2407 2525 Voti
2444 2474 2771 2543 compotes
2804 2467 3015 2529 effecti
3046 2466 3229 2530 fuere
3259 2466 3385 2528 hu-

125 2553 432 2613 manitate
477 2572 725 2616 summa
758 2555 1161 2620 celeberrimi
1198 2560 1316 2621 viri
1346 2562 1606 2639 Josephi
1644 2562 1870 2623 Evodii
1899 2562 2263 2637 Assemani,
2294 2564 2585 2643 ejusdem
2623 2564 3032 2627 bibliotheca)
3075 2565 3381 2645 praefecti,

126 2652 238 2727 qui
279 2653 515 2729 viginti
550 2655 853 2733 epistolas
884 2676 962 2719 ex
997 2659 1296 2736 pluribus
1328 2661 1628 2723 collectas
1660 2662 2018 2738 codicibus,
2039 2673 2235 2743 atque
2265 2665 2511 2743 Optimo
2542 2665 2907 2728 charactere
2933 2676 3228 2729 exaratas
3258 2667 3384 2729 huc

137 2751 338 2822 misit,
376 2762 447 2813 ut
480 2755 757 2841 annohis
790 2757 1297 2832 producerentur
1337 2761 1401 2822 in
1438 2760 1670 2822 lucem.
1723 2763 1842 2821 Eas
1880 2761 2094 2839 reipsa
2138 2761 2343 2824 fuisse
2371 2778 2407 2823 a
2436 2762 2919 2842 Theophylacto
2964 2766 3385 2844 conscriptas,

131 2849 353 2909 nullus
403 2848 849 2941 esse'videtur
891 2855 1259 2934 ambigendi
1303 2858 1516 2932 locus;
1547 2875 1691 2919 cum
1724 2866 1786 2920 et
1825 2858 2069 2920 diserte
2121 2859 2460 2938 praeferant
2508 2860 2975 2939 TheOphylacti
3027 2880 3289 2935 nomen,
3324 2871 3385 2924 et

129 2957 431 3013 eumdem
470 2955 712 3032 stylum
753 2957 1140 3035 easdemque
1172 2958 1371 3021 ferme
1405 2977 1530 3033 res,
1566 2975 1727 3039 quas
1760 2962 1903 3022 alia;
1932 2965 2062 3039 jam
2088 2960 2302 3036 editae,
2332 2962 2727 3024 contineant.
2758 2963 2972 3036 Quare
3006 2964 3100 3025 nil
3158 2963 3390 3025 dubito

131 3056 490 3130 quominus
548 3058 785 3121 futuraa
826 3060 955 3121 sint
1001 3062 1248 3123 Lectori
1289 3063 1687 3141 gratissimas.
1724 3064 2042 3126 Peculiari
2093 3072 2305 3126 tamen
2347 3065 2673 3142 voluptate
2720 3081 2870 3127 eum
2923 3081 3210 3144 auguror
3246 3063 3388 3127 alli-

127 3161 433 3222 ciendum
472 3180 549 3223 ex
585 3164 880 3241 epistolis
911 3164 1158 3226 decima
1188 3166 1745 3242 septima,decima
1774 3177 2020 3241 octava,
2062 3174 2126 3229 et
2157 3166 2409 3229 decima
2445 3182 2637 3241 nona,
2673 3184 2818 3247 quae
2854 3167 3144 3229 eamdem
3173 3166 3383 3230 conti-

131 3279 329 3324 nuare
362 3264 607 3324 seriem
640 3264 943 3327 videntur
971 3283 1116 3328 cum
1148 3268 1468 3330 tricesima
1514 3268 1800 3331 secunda
1832 3285 1907 3329 ex
1941 3268 2135 3328 editis
2167 3284 2200 3328 a
2241 3266 2529 3329 Meursio
2558 3287 2573 3325 :
2609 3267 2718 3329 ubi
2744 3275 2807 3329 et
2831 3267 3384 3346 TheOphylactum

130 3364 489 3441 perspicies
515 3367 961 3427 auctoritatem
995 3384 1175 3429 suam
1210 3368 1277 3435 in
1300 3370 1678 3446 episcopum
1714 3369 2049 3429 Triaditzze
2078 3373 2512 3441 exercentem,
2546 3384 2691 3430 cum
2726 3366 3117 3429 humanitate
3150 3375 3385 3440 tamen,

132 3480 275 3549 qua
316 3464 627 3526 Ecclesiae
657 3468 1009 3529 antistitem
1038 3469 1247 3544 decet,
1283 3472 1721 3549 coniunctam.
1752 3471 1835 3531 Ex
1872 3469 2154 3530 secunda
2191 3483 2344 3528 vero
2370 3467 2671 3544 inscripta
2700 3467 2936 3528 Joanni
2964 3466 3220 3527 Sebasto
3247 3466 3387 3526 Au-

138 3545 339 3636 }Justtz
384 3567 610 3643 fratri,
662 3566 1126 3643 deprehendet,
1175 3568 1341 3629 haud
1403 3545 1647 3630 eertum
1694 3585 1837 3631 esse
1884 3570 1979 3641 (ut
2034 3566 2235 3644 aliqui
2286 3564 2533 3643 putant)
2581 3564 3130 3644 Theophylactum
3187 3566 3386 3643 patria

136 3662 931 3741 ConstantinOpolitannm
962 3662 1196 3729 fuisse.
1231 3669 1301 3728 In
1337 3684 1408 3729 ea
1440 3668 1766 3747 siquidem
1801 3666 2298 3743 consanguineos
2359 3670 2418 3721 et
2447 3664 2667 3741 afﬁnes
2702 3681 2872 3736 suos,
2902 3664 3013 3741 qui
3042 3664 3110 3724 in
3137 3664 3386 3743 Euripo

131 3772 303 3833 sunt,
342 3764 627 3840 principi
667 3764 805 3824 vi‘ro
836 3767 1319 3843 commendans,
1359 3782 1485 3827 non
1520 3766 1795 3827 obscure
1818 3765 2158 3842 signiticet,
2193 3780 2261 3823 se
2294 3777 2558 3841 quoque
2583 3778 2662 3821 ex
2697 3760 2835 3820 loco
2866 3761 3121 3835 θοάθω,
3162 3765 3385 3839 Prom-

133 3864 347 3939 dequc
380 3880 462 3923 ex
494 3862 726 3922 Eubtra
756 3863 1109 3924 oriundum
1144 3882 1286 3924 esse
1323 3885 1340 3938 ;
1375 3866 1545 3943 quod
1574 3864 1901 3942 colligitur
1931 3864 2121 3923 etiam
2151 3879 2228 3921 ex
2260 3860 2580 3932 versibus,
2616 3875 2781 3937 quos
2811 3859 3150 3923 Patavinua
3181 3865 3241 3923 S.
3269 3864 3387 3923 Ju-

132 3962 321 4020 stinm
352 3961 556 4021 codex
586 3962 1061 4023 vetustissimus
1092 3963 1404 4035 continet;
1431 3980 1727 4041 quosque
1764 3962 1979 4022 Latine
2015 3959 2307 4023 redditos
2338 3975 2530 4035 supra
2563 3956 2742 4036 (tom.
2775 3959 2822 4029 ι,
2849 3959 2973 4020 col.
3014 3960 3157 4037 137)
3190 3975 3390 4038 appo-

134 4061 389 4119 nendos
431 4059 571 4136 ipse
605 4062 843 4123 curavi.
881 4062 952 4122 In
978 4061 1129 4122 aliis
1163 4060 1460 4138 epistolis
1492 4064 1684 4122 rudes
1718 4068 2136 4138 agrestesque
2167 4058 2590 4137 Bulgarorum
2626 4072 2861 4127 mores,
2895 4057 3170 4137 quitum
3206 4061 3386 4136 vige-

136 4161 309 4227 bant,
340 4158 647 4235 graphice
682 4159 1027 4237 lepideque
1051 4159 1410 4236 descriptos
1448 4175 1483 4219 a
1516 4158 1998 4236 TheOphylacto
2046 4161 2272 4220 Lector
2302 4156 2587 4219 offendet
2621 4175 2635 4215 :
2669 4155 2781 4233 qui
2815 4164 2877 4217 et
2918 4156 3195 4233 querulo
3244 4157 3386 4221 seni

136 4255 588 4335 hyperbolicis
620 4259 1012 4337 quandoque
1049 4258 1393 4336 phrasibus
1423 4276 1566 4320 cum
1612 4260 1728 4319 hac
1774 4259 1841 4319 in
1879 4277 1970 4331 re,
2006 4266 2140 4319 tum
2176 4258 2242 4318 in
2292 4256 2441 4318 aliis
2474 4256 2940 4317 calamitalibus
2973 4256 3387 4334 deplorandis

138 4357 353 4416 ntenti
387 4357 669 4429 veniam,
732 4368 799 4419 ut
848 4360 1150 4434 arbitror,
1183 4361 1381 4423 dabit.
1421 4362 1647 4435 Quoad
1706 4362 1972 4440 primam
2016 4377 2169 4421 vero
2199 4360 2427 4420 attinet
2461 4358 2768 4419 adnotare
2820 4356 2926 4419 hic
2974 4357 3177 4433 lubet,
3214 4363 3388 4438 quod

141 4456 441 4534 postejus
480 4457 968 4533 impressionem
996 4462 1387 4523 accuratiore
1419 4462 1765 4522 collatione
1800 4460 2227 4537 deprehendi,
2264 4477 2495 4537 nempe
2533 4476 2669 4519 eam
2698 4467 2934 4535 partem
2969 4463 3384 4535 posteriorem

137 4556 349 4618 facere
405 4558 697 4633 epistolm
743 4561 1044 4621 secundas
1088 4578 1167 4621 ex
1209 4551 1401 4622 editis
1430 4578 1463 4621 a
1494 4563 1740 4623 Joanne
1780 4561 1979 4631 Lami,
2046 4576 2189 4637 quae
2254 4559 2560 4633 inscripta
2604 4564 2710 4618 est
2741 4559 2969 4634 Magno
3020 4559 3378 4625 domestico.

146 4657 736 4720 Animadvertenda
768 4674 922 4720 vero
954 4665 1049 4720 est
1082 4660 1333 4721 varians
1373 4660 1561 4721 lectio
1592 4660 1792 4721 unius
1825 4659 2024 4729 vocis,
2053 4673 2201 4738 qua
2231 4662 2436 4717 exstat
2466 4655 2532 4715 in
2566 4655 2861 4715 Lamiana
2908 4655 3196 4719 editione
3226 4676 3239 4719 :
3273 4660 3380 4721 ubi

147 4778 259 4837 pro
290 4768 467 4831 νίκπ,
498 4760 791 4826 victoria,
826 4759 995 4838 quod
1030 4759 1266 4839 legitur
1303 4761 1365 4822 in
1404 4760 1699 4838 praedicta
1733 4760 1938 4838 prima
1962 4758 2259 4836 epistola,
2294 4756 2457 4817 inibi
2492 4754 2764 4815 habetur
2794 4758 2990 4827 νεῖκος,
3025 4759 3340 4818 contentio
3365 4779 3385 4819 :

148 4878 336 4938 quam
376 4859 714 4919 lectionem
756 4860 936 4921 alteri
994 4862 1472 4938 praeferendam,
1526 4862 1656 4922 imo
1710 4860 1909 4922 solam
1951 4876 2161 4920 veram
2214 4875 2360 4919 esse
2412 4863 2566 4933 puto
2598 4875 2613 4913 ε
2643 4855 2887 4932 quippe
2931 4873 3073 4932 quae
3119 4873 3383 4919 sensum

148 4960 352 5019 multo
400 4959 735 5019 meliorem
766 4961 1208 5039 aptioremque
1242 4961 1476 5022 fundit.
1522 4963 1831 5021 Caeterum
1866 4960 2056 5021 etiam
2090 4959 2392 5018 Lamiana
2429 4952 2633 5016 editio
2665 4970 2744 5014 ex
2775 4953 2881 5013 illa
2910 4953 3033 5014 alia
3060 4956 3291 5034 corrigi
3323 4965 3386 5017 et

146 5058 439 5135 suppleri
475 5058 886 5137 aliquatenus
924 5070 1151 5138 potest,
1191 5072 1254 5125 ut
1289 5064 1641 5127 conferenti
1682 5063 1938 5141 patebit.

222 5158 449 5217 XLIII.
503 5158 596 5216 An
634 5158 925 5232 epistolte
960 5162 1102 5222 alia;
1132 5163 1423 5240 ejusdem
1471 5165 1751 5224 auctoris
1786 5164 2048 5225 inedita:
2091 5160 2301 5221 adhuc
2330 5159 2578 5220 latitent
2615 5158 2680 5219 in
2730 5157 3163 5232 bibliothecis,
3198 5162 3383 5223 nobis

150 5255 336 5335 plane
374 5257 868 5331 incompertum.
908 5259 1044 5335 Hoc
1087 5259 1235 5339 jure
1280 5264 1525 5340 nplimO
1558 5278 1846 5324 asserere
1882 5277 2247 5339 possumus,
2282 5258 2444 5319 nulli
2484 5258 2787 5336 parcitum
2842 5275 2983 5318 esse
3034 5259 3258 5334 labori,
3290 5269 3381 5334 ut,

152 5358 201 5416 si
236 5374 385 5434 qua:
410 5363 653 5428 essent,
690 5358 1200 5434 producerentur
1238 5365 1299 5422 in
1330 5363 1560 5423 lucem.
1598 5364 1809 5435 Quare
1836 5379 1979 5422 cum
2014 5362 2075 5420 in
2118 5360 2432 5419 librorum
2473 5374 2622 5418 mss.
2659 5357 2941 5433 catalogo
2990 5358 3387 5424 bibliothecae

158 5455 428 5515 publicae
482 5458 873 5529 Augustanm
909 5456 1230 5535 legissem,
1288 5461 1373 5520 ibi
1414 5462 1700 5521 codicem
1750 5460 2021 5536 reperiri
2061 5457 2523 5535 'l‘heophylacti
2576 5454 2879 5534 epistolas
2928 5458 3381 5535 continentem,

220 5638 292 5701 (οἱ
325 5637 454 5691 Haec
495 5637 641 5709 enim
677 5652 742 5691 eo
772 5639 869 5690 lori
901 5642 1058 5690 verba
1087 5640 1276 5694 habet:
1311 5640 1404 5701 Tt;
1436 5641 1479 5692 δ’
1511 5643 1573 5693 ἄν
1624 5658 1712 5705 μοι
1822 5644 1861 5693 ἐτ

1822 5643 2114 5705 ἐπλήρωσεν.
2142 5656 2158 5705 ;
2188 5641 2320 5704 Quis
2352 5641 2479 5691 mihi
2508 5642 2769 5694 rhetorum
2792 5641 3095 5709 anjnnxerit
3147 5646 3378 5708 chorum,

158 5707 393 5773 ρητόρων
429 5707 593 5779 χορόν
627 5709 1040 5779 σρνεκρότησεν.
1076 5711 1162 5760 ἵνα
1189 5710 1389 5762 τούτων
1420 5715 1711 5779 κορυφαῖος

1821 5724 1875 5763 ut
1919 5710 2132 5763 il!ormn
2180 5709 2482 5778 corypluvus
2538 5711 2729 5778 factus,
2773 5722 2827 5763 ut
2859 5707 2994 5763 Volint
3034 5729 3243 5768 cram...
3278 5707 3379 5768 una

156 5772 460 5847 γισινὸμεειοθς)⁷
484 5778 623 5847 ὅπερ
651 5772 719 5846 ἧν
744 5772 925 5832 tota...
953 5782 1103 5849 κοινῇ
1134 5780 1229 5850 τὴν
1254 5780 1471 5849 λογικὴν
1488 5772 1711 5850 ’χορεεαύ

1321 5772 1711 5850 τικὴν’χορεεα·)
1820 5797 1934 5834 cum
1960 5782 2034 5833 eis
2060 5772 2615 5833 chartam-oratoriam
2653 5772 2962 5836 vt'rsoleam.
