4156 6440
774 384 876 450 471
1813 381 2196 439 BONIFACII
2238 382 2538 439 FlNET'l‘l
2584 379 2978 439 PR/EFATIO
3918 376 4026 439 4⁵12

776 513 1130 575 earumque
1166 492 1579 572 penuftimam
1614 499 1679 553 ut
1715 492 2018 553 ineditam
2058 493 2283 563 notari,
2327 492 2663 553 confestim
2699 492 2925 568 scripsi
2968 489 3043 549 ad
3081 488 3159 549 cl.
3202 487 3407 548 virum
3441 504 3511 549 ac
3542 488 3726 549 dicta)
3771 487 4019 550 biblio-

775 599 975 660 theca:
1003 594 1335 657 custodem
1385 593 1842 672 dignissimum
1877 593 2241 655 Gotfridum
2292 595 2747 672 lleckingium,
2798 609 3028 670 rogans
3064 599 3131 651 ut
3164 592 3242 652 de
3296 607 3365 651 ea
3425 592 3692 681 epistola
3730 592 4021 651 notitiam

777 698 931 757 mihi
968 695 1253 773 aliquam
1283 694 1711 754 submitteret.
1751 696 1827 753 At
1864 695 1973 754 ille
2007 712 2133 754 non
2170 696 2358 755 modo
2392 696 2634 773 absque
2667 710 2843 754 mora
2878 708 3183 770 perquam
3212 691 3487 751 humane
3527 691 3878 767 rescripsit,
3908 692 4020 750 sed

772 802 978 876 ipsam
1014 799 1207 859 etiam
1240 797 1605 875 epistolam,
1641 796 1720 857 de
1754 814 1878 875 qua
1910 796 2144 857 certior
2176 798 2309 857 fieri
2357 800 2770 875 exOptabam,
2806 804 3095 857 accurate
3143 795 3484 872 nitideque
3517 792 3901 869 descriptam
3941 792 4022 852 ad

773 914 889 958 nos
921 896 1296 956 transmisit.
1339 894 1459 954 Vix
1490 911 1559 955 ea
1606 904 1857 972 accepta
1889 895 2315 972 deprehendi,
2348 912 2475 956 non
2510 915 2542 956 a
2577 895 3062 972 TheOphylacto
3095 894 3511 970 Bulgarorum
3544 894 3871 969 episcoiio,
3908 890 4024 952 sed

770 999 848 1059 ab
872 998 998 1058 alio
1026 997 1506 1075 TlteOphylacto
1537 997 1736 1057 fuisse
1769 997 2218 1073 conscriptam,
2251 998 2354 1058 cui
2386 1001 2710 1059 Simocatw
2741 1014 3096 1077 cognomen
3120 1005 3287 1065 erat;
3321 996 3567 1075 quique
3598 995 3753 1055 alias
3786 1013 4022 1073 quam~

774 1098 992 1175 plures
1033 1098 1097 1157 in
1130 1113 1398 1158 suorum
1437 1099 1599 1158 forte
1633 1096 2101 1172 discipulorum
2137 1115 2324 1159 usum
2361 1099 2518 1177 (erat
2546 1101 2793 1178 quippe
2834 1096 3236 1175 professione
3270 1097 3577 1175 sophista,
3629 1113 3743 1156 seu
3782 1113 4023 1170 praece-

771 1206 912 1273 ptor
946 1196 1325 1277 rhetorices)
1359 1198 1781 1258 elucubravit.
1819 1198 1993 1256 Hanc
2028 1206 2245 1275 utpote
2282 1199 2617 1272 ineditam,
2655 1212 2715 1260 et
2742 1200 2988 1278 alioqui
3024 1196 3498 1269 brevissimam,
3541 1198 3789 1257 veniam
3824 1196 4026 1256 lector

770 1296 1055 1372 optimus
1089 1297 1287 1369 dabit,
1326 1299 1382 1358 si
1434 1296 1609 1357 velut
1644 1314 1954 1375 parergon
2005 1299 2122 1357 hoc
2164 1296 2284 1357 loci
2321 1315 2683 1376 apposuero
2717 1318 2839 1361 una
2876 1317 3020 1361 cum
3068 1297 3363 1358 versione
3398 1298 3616 1358 Latina
3650 1298 3710 1357 in
3749 1297 4021 1373 gratiam

770 1409 995 1455 eorum
1029 1396 1139 1473 qui
1181 1394 1497 1472 ejusmodi
1543 1395 1780 1455 studiis
1812 1396 2234 1456 delectantur.
2270 1398 2377 1457 list
2407 1413 2604 1459 vero:

1228 1560 1574 1615 Da’modocus
1603 1562 1885 1631 Antigono.
2866 1606 2869 1619 .

2866 1566 3225 1635 Δαιμόὃοκος
3273 1569 3604 1636 Ἀντιγόνῳ.

840 1673 897 1728 Si
933 1674 1057 1728 vita:
1093 1674 1320 1744 pignora
1350 1673 1608 1728 Socrates
1648 1689 1756 1727 non
1787 1674 2051 1743 possidet,
2089 1677 2341 1745 pzcdago-

2518 1679 2579 1730 Ei
2610 1677 2686 1747 μὴ
2727 1678 2841 1747 βίον
2881 1680 3174 1749 Σωκράτης
3215 1680 3447 1748 ἐνέχυρα
3500 1678 3783 1748 κέκτηται,
3830 1677 4031 1730 παιδα-

765 1783 867 1835 gus
907 1769 999 1820 lilii
1032 1770 1113 1821 tui
1157 1783 1263 1822 non
1295 1768 1690 1822 constituatur.
1720 1769 1953 1838 Pignora
1995 1771 2113 1823 vilw
2142 1773 2343 1824 intelli-

2446 1770 2624 1837 γωγὺς
2649 1769 2741 1821 τοῦ
2785 1769 2879 1822 σοῦ
2920 1771 2994 1839 μὴ
3042 1770 3475 1841 προχειριζὲσοω
3516 1771 3724 1832 παιδός.
3776 1769 4028 1837 Ἐνέχυ-

764 1869 963 1925 gantur
989 1860 1104 1913 lilii.
1138 1860 1309 1925 Quem
1342 1861 1485 1913 enim
1516 1876 1637 1913 esse
1674 1871 1877 1928 patrem
1909 1872 2101 1915 natura
2133 1864 2341 1928 docuit,

2445 1879 2525 1927 pa
2555 1862 2610 1914 δὲ
2640 1851 2786 1925 ,Βίου
2828 1864 3017 1926 παῖδες
3045 1864 3394 1917 νοεῖσοωσιν.
3431 1864 3527 1915 ’ον
3576 1864 3682 1932 γὰρ
3730 1859 3869 1914 εἶναι
3918 1880 4028 1914 πα-

769 1951 914 2004 liunc
962 1951 1316 2021 pmdagogum
1346 1967 1491 2016 esse,
1525 1960 1952 2006 consentaneum
1990 1963 2073 2008 est
2100 1974 2112 2005 :
2144 1956 2342 2025 quippe

2443 1954 2577 2024 τέρα
2608 1955 2771 2021 φύσις
2803 1955 3030 2019 ἐδίδαξε,
3091 1955 3281 2017 τοῦτον
3334 1955 3428 2008 καὶ
3476 1954 3822 2021 παιδαγωγόν
3871 1955 4026 2005 ἐστιν

766 2045 856 2111 qui
909 2044 1243 2113 experientia
1281 2044 1432 2097 novit
1482 2043 1851 2111 generationis
1903 2044 2243 2101 adfectionem
2285 2058 2339 2101 et

2445 2048 2780 2113 ἀξιόπιστον,
2812 2050 3005 2114 πεῖραν
3046 2048 3387 2115 μανθάνοντα
3417 2048 3511 2101 καὶ
3540 2048 3805 2116 γενέσεως
3834 2046 4027 2115 σχέσιν

767 2133 972 2187 amoris
1008 2131 1243 2188 dolores.

2452 2137 2541 2189 καὶ
2583 2136 2816 2207 στοργῆς
2846 2136 3162 2205 ἀλγηδόνας.

2156 2326 2442 2387 SECTIO
2508 2327 2620 2386 ΧΙ.

1401 2455 1487 2515 Dc
1516 2465 1834 2533 postrema
1861 2466 2042 2533 parte
2074 2454 2342 2516 homilt'ce
2370 2453 2730 2526 undecima,
2753 2455 2829 2513 In
2852 2453 3409 2513 resurrectionem.

844 2575 1069 2635 XLIV.
1105 2577 1261 2649 Qum
1293 2577 1371 2636 de
1421 2577 1535 2637 hac
1573 2587 1889 2652 postrema
1938 2585 2111 2652 parte
2164 2574 2448 2634 humilia:
2494 2574 2962 2650 Tthphylacti
3014 2574 3281 2635 dicenda
3326 2572 3428 2631 hic
3481 2570 3633 2630 mihi
3681 2571 3914 2642 forent,
3954 2570 4023 2629 in

762 2673 1246 2736 Dissertationis
1288 2676 1535 2753 prazvim
1575 2694 1752 2737 num.
1821 2680 1866 2737 L
1907 2681 2036 2755 jam
2097 2684 2531 2753 prmoccnpata
2581 2674 2790 2734 fuere.
2824 2676 3034 2745 Quare
3087 2674 3189 2736 hic
3244 2673 3455 2734 solum
3512 2674 3853 2741 admoneo,
3914 2689 4021 2731 me

764 2773 1087 2851 quidquid
1122 2790 1200 2833 ex
1232 2774 1498 2837 historia
1546 2775 1809 2836 Eusebii
1849 2776 2211 2835 derivatum
2245 2774 2312 2834 in
2356 2790 2492 2833 eam
2527 2781 2648 2843 est,
2682 2790 2825 2832 cum
2858 2772 3133 2849 ipsomet
3166 2770 3343 2834 fonte
3377 2770 3751 2843 contulisse,
3796 2788 4023 2849 eoque

764 2873 889 2931 mei
922 2876 1310 2951 exemplaris
1363 2875 1702 2952 supplesse
1735 2875 2050 2947 defectus,
2104 2884 2295 2952 atque
2341 2876 2531 2934 etiam
2586 2872 2900 2933 variantes
2958 2873 3264 2933 lectiones
3301 2871 3606 2949 pauculas
3656 2871 4013 2933 addidisse.

764 2972 979 3034 Codex
1012 2972 1889 3044 Cmsareo-Vindobonensis,
1922 2973 2093 3031 unde
2127 2973 2257 3031 inec
2292 2969 2576 3030 homilim
2610 2956 2963 3031 undecimae
2997 2988 3135 3041 pars
3167 2971 3498 3045 desumpta
3534 2977 3652 3040 cst,
3686 2971 4021 3047 integrum

764 3072 1048 3132 continet
1079 3071 1556 3141 Homiliarium,
1587 3087 1702 3131 seu
1741 3071 1802 3129 in
1836 3071 2035 3130 totius
2068 3070 2218 3129 anni
2258 3070 2609 3145 Evangelia
2642 3069 2972 3145 decerptas
3008 3086 3081 3128 ex
3131 3069 3327 3128 variis
3360 3068 3651 3128 Patribus
3685 3066 4023 3127 homilias.

764 3171 853 3228 1'2:
890 3182 1020 3244 quo
1058 3167 1213 3227 mihi
1250 3168 1431 3227 valde
1468 3167 1834 3228 verosimile
1885 3168 1971 3237 ﬁt,
2031 3186 2202 3238 cum,
2238 3170 2345 3245 qui
2390 3169 2761 3244 praedictun‘t
2802 3168 3208 3229 concinnavit
3253 3168 3721 3237 Ilomiliarium,
3760 3176 4025 3243 postre-

766 3282 931 3327 mam
972 3266 1132 3326 hanc
1161 3266 1447 3327 humilia)
1477 3268 1840 3329 undecima:
1888 3274 2126 3343 partem
2162 3283 2283 3327 suo
2314 3268 2640 3327 addidisse
2671 3268 2999 3339 arbitratu,
3050 3276 3120 3327 ut
3151 3284 3435 3328 errorem
3470 3266 3644 3341 vulgi
3696 3266 3757 3323 in
3809 3263 4025 3338 patria

764 3382 879 3425 sua
910 3366 1104 3425 nimis
1136 3365 1298 3426 forte
1336 3367 1652 3444 vigentem
1681 3368 1758 3427 de
1791 3369 2035 3425 Joanne
2069 3368 2134 3426 in
2161 3368 2286 3427 vita
2324 3368 2530 3427 adhuc
2557 3370 2931 3443 superstite,
2959 3368 3224 3427 omnino
3250 3367 3500 3427 tolleret
3533 3374 3592 3425 et
3619 3362 4022 3424 eli-minaret.

764 3466 919 3526 ldeo
954 3473 1165 3526 autem
1200 3484 1369 3527 nunc
1393 3468 1760 3528 editurhmc
1795 3467 2077 3527 bomilim
2099 3485 2261 3544 pars,
2288 3469 2435 3543 quia
2470 3469 2890 3528 constitutum
2930 3468 3113 3528 nobis
3146 3478 3262 3532 est,
3300 3466 3455 3527 nihil
3490 3465 3551 3525 in
3587 3465 3699 3524 hac
3729 3461 4025 3523 editione

768 3564 942 3643 quod
984 3565 1449 3645 'l‘heophylacti
1488 3568 1751 3631 nomine
1790 3566 2172 3647 inscriptum
2208 3570 2314 3642 sit,
2355 3571 2705 3647 praeterire.

2145 3695 2430 3755 SECTIO
2469 3696 2613 3754 XII.

1099 3822 1189 3879 Dc
1225 3820 1681 3882 Commentario
1707 3822 1774 3881 in
1800 3821 1957 3881 Acta
1986 3822 2417 3898 apostolorum
2451 3840 2531 3880 ea:
2564 3819 2938 3880 bibliotheca
2962 3816 3671 3879 Florentino-Mediam

846 3940 1039 3999 XLV.
1073 3941 1539 4019 TheOphylacti
1575 3942 2072 4003 Cammcntarius
2104 3944 2172 4001 in
2208 3943 2369 4002 Acta
2400 3942 2832 4018 apostolorum
2865 3957 2899 4000 a
2924 3939 3146 4000 Sifano
3177 3940 3391 4000 editus
3420 3940 3582 3999 adeo
3618 3955 3805 4000 rarus
3852 3956 4021 4002 eva-

764 4040 873 4113 sit,
905 4048 975 4099 ut
1008 4058 1150 4101 cum
1186 4043 1495 4103 editionis
1529 4042 1723 4121 hujus
1756 4052 2083 4104 curatores
2115 4059 2265 4102 eum
2299 4041 2409 4101 diu
2451 4040 2936 4118 qumsivissent,
2975 4039 3271 4101 invenire
3305 4038 3532 4099 nullihi
3569 4039 3855 4099 venalem
3897 4058 4021 4115 po-

766 4137 1036 4197 tuerint.
1083 4138 1268 4210 Quod
1318 4139 1370 4197 si
1422 4156 1569 4199 eum
1624 4139 1973 4217 aliquando
2024 4139 2189 4199 nacti
2218 4148 2396 4212 sunt,
2431 4157 2509 4200 ex
2554 4140 2792 4200 Graecia
2843 4138 3089 4214 duplici
3144 4138 3453 4199 editionis
3495 4138 3686 4216 hujus
3741 4155 4021 4214 corpore

764 4246 1291 4299 commutantium
1330 4248 1731 4315 receperunt.
1768 4242 2018 4300 Interea
2051 4240 2202 4300 dum
2229 4240 2480 4318 jamdiu
2512 4254 3052 4317 supervacaneam
3086 4239 3294 4299 eidem
3322 4236 3801 4315 quomodolibet
3826 4254 4019 4297 com-

770 4338 1051 4412 parando
1080 4344 1421 4397 navassent
1451 4353 1737 4412 operam,
1774 4338 1984 4415 deque
2008 4339 2192 4398 exitu
2217 4337 2456 4426 negptii
2486 4337 2680 4413 hujus
2707 4335 3022 4396 haererent
3052 4333 3306 4406 incerti,
3345 4334 3409 4394 in
3443 4352 3583 4395 eam
3622 4338 4023 4394 sententiam

764 4440 1030 4493 ventum
1067 4440 1184 4501 est,
1228 4440 1295 4490 ut
1323 4433 1462 4508 ejus
1490 4432 1957 4509 apographum,
1988 4433 2101 4511 qui
2132 4434 2198 4492 in
2246 4432 2623 4492 Florentino
2663 4432 2879 4493 codice
2908 4431 3227 4507 reperitur
3258 4431 3660 4491 bibliotheca;
3688 4432 4025 4493 Mediceo-

764 4532 1239 4601 Laurentinum,
1274 4548 1601 4609 quemque
1630 4533 2112 4610 'l‘heOphj-lacto
2133 4532 2395 4592 ascribit
2425 4529 2962 4592 Montefalconius
2996 4531 3062 4591 in
3099 4548 3215 4591 sua
3256 4530 3648 4591 Bibliotheca
3670 4530 4021 4592 bibliothe-

766 4650 1005 4705 carum,
1039 4632 1159 4692 sibi
1203 4635 1677 4710 procurandum
1716 4634 2171 4705 existimarint,
2207 4633 2347 4704 rati,
2386 4634 2683 4716 eumdem
2715 4630 2981 4692 omnino
3006 4648 3149 4692 esse
3182 4650 3326 4693 cum
3352 4649 3428 4692 eo
3460 4633 3575 4710 qui
3607 4633 3816 4693 editus
3845 4650 3879 4692 a
3915 4636 4023 4694 Si-

764 4736 915 4797 fano
955 4744 1049 4796 est
1085 4758 1099 4795 :
1139 4745 1332 4814 atque
1365 4738 1551 4808 adeo,
1577 4737 1896 4815 quidquid
1930 4738 2189 4798 demum
2230 4736 2590 4807 accidisset,
2626 4738 2943 4797 variantes
2971 4733 3191 4795 saltem
3228 4734 3560 4805 lectiones,
3593 4740 3781 4811 atque
3812 4733 4021 4793 etiam

776 4836 1249 4897 correctionum
1283 4836 1575 4896 subsidia
1616 4836 2203 4913 suppeditaturum.
2240 4841 2316 4898 At
2354 4852 2480 4899 non
2515 4838 2597 4897 ita
2629 4855 2728 4898 res
2759 4838 2976 4897 cessit.
3011 4838 3101 4896 Eo
3132 4834 3304 4895 enim
3335 4834 3701 4912 apographo
3731 4834 4016 4895 Floren-

768 4932 851 4991 tia
886 4933 1070 4993 nobis
1106 4933 1320 5007 allato,
1360 4934 1637 5010 primum
1689 4937 1919 4996 turbati
1955 4954 2182 4996 sumus
2216 4938 2459 4997 nullam
2494 4937 2558 4996 in
2606 4952 2683 4996 eo
2714 4936 3120 4996 invenientes
3172 4934 3589 5011 epigraphen,
3626 4953 3750 5014 qua
3796 4936 4022 4998 Theo-

770 5034 1063 5113 phylacto
1104 5034 1522 5111 Bulgarorum
1558 5035 2050 5114 archiepiscopo
2078 5038 2542 5107 ascriberetur,
2578 5038 2817 5098 deinde
2852 5055 2998 5098 eum
3036 5037 3221 5097 nobis
3247 5036 3695 5097 evolventibus
3750 5040 4021 5101 nullum

769 5136 1065 5211 apparuit
1113 5134 1456 5202 indicium,
1514 5151 1627 5193 cur
1660 5135 2042 5196 tribuendus
2075 5136 2554 5214 'l‘heOphylacto
2586 5144 2756 5196 esset
2793 5158 2806 5195 :
2834 5138 3126 5214 adeoque
3156 5135 3367 5194 mirari
3397 5136 3727 5212 cmpimus,
3758 5153 3792 5195 a
3826 5140 4026 5199 Mon-

771 5235 1120 5296 tefalconio
1147 5235 1591 5296 indubitanter
1622 5234 1825 5295 fuisse
1860 5234 2338 5313 TheOpbylacto
2368 5235 2827 5311 adjudicatum.
2863 5236 3145 5295 Tandem
3188 5234 3288 5293 vix
3322 5233 3449 5293 ulla
3481 5236 3801 5310 superfuit
3826 5239 4026 5299 dubi-

772 5337 947 5407 tatio,
978 5352 1125 5395 eum
1166 5352 1307 5395 esse
1348 5333 1425 5394 ab
1455 5335 1762 5410 legitimis
1786 5335 2247 5413 TheOphylacti
2282 5335 2583 5411 operibus
2616 5336 3145 5413 expungendum,
3177 5351 3320 5395 cum
3356 5335 3520 5393 inter
3550 5334 3824 5396 aliorum
3875 5356 4010 5401 no-

771 5434 937 5494 mina
968 5436 1251 5505 Patrum,
1289 5452 1430 5511 qum
1469 5434 1749 5493 citantur
1778 5435 1841 5493 in
1876 5437 2190 5512 margine,
2218 5436 2405 5495 etiam
2438 5437 2638 5496 semel
2673 5442 2859 5507 850:?”
2902 5436 3202 5510 Theoph.,
3240 5451 3352 5493 seu
3400 5442 3465 5492 ut
3514 5434 3856 5512 legendum
3906 5440 4019 5499 vi-

768 5534 1060 5606 debatur,
1091 5541 1493 5610 Θεοᾳύλακτος,
1537 5532 2029 5610 Theophylactus
2061 5536 2485 5605 occurrisset;
2520 5552 2590 5594 ac
2626 5534 2974 5609 prmsertim
3008 5543 3337 5609 postquam
3380 5532 3783 5609 inspeximus
3813 5539 4025 5602 verba

772 5641 1011 5703 ibidem
1044 5639 1223 5699 allata
1266 5647 1513 5696 exstare
1542 5637 1603 5695 in
1637 5638 2114 5697 Commentario
2147 5640 2375 5697 cditoa
2409 5638 2644 5697 Sil‘ano.
2686 5641 2850 5698 Hinc
2884 5640 3057 5698 enim
3100 5639 3279 5711 plane
3311 5652 3715 5713 consequens
3747 5642 4025 5703 videba-

770 5763 896 5822 tur,
935 5761 1125 5823 Opus,
1156 5743 1224 5806 in
1254 5759 1382 5821 quo
1410 5741 1931 5819 Tlleotihylaclus
1969 5743 2106 5819 ipse
2147 5744 2398 5816 citatur,
2435 5742 2709 5819 ejusque
2744 5743 3241 5807 commentarius
3269 5742 3413 5803 aliis
3443 5740 3717 5803 aliorum
3748 5745 4025 5813 Patrum
