4156 6440
179 419 284 484 U3
1031 419 1110 477 IN
1147 417 1578 488 SEQUENTIA
1614 418 2188 501 'I‘HEOPIIYLACTI
2234 417 2569 479 SCRIPTA.
3326 420 3429 482 474

183 530 674 593 commentariis
703 536 1188 599 annumeratur,
1216 529 1590 589 nullatenus
1629 527 1750 604 ipsi
1794 544 1935 588 esse
1985 527 2506 606 adjudicandum.
2544 529 2782 588 Verum
2817 527 2934 588 hoc
2979 538 3429 608 argumentum

183 632 312 691 vim
351 647 518 705 pene
555 647 814 692 omnem
854 629 1146 690 amittere
1185 628 1392 688 visum
1442 635 1561 700 est,
1603 635 1935 705 postquam
1985 645 2059 688 ex
2094 628 2324 688 Catena
2376 627 2738 689 Oxoniensi
2791 626 2894 703 (de
2926 647 3049 706 qua
3103 631 3428 709 superius)

173 730 501 802 intellexi,
533 728 1007 806 expositionem
1045 726 1218 787 illam
1275 725 2081 788 Theoderiﬂeracleensis
2136 742 2306 796 esse,
2340 733 2560 801 utpote
2594 726 2706 804 qui
2762 726 3002 787 diserte
3055 729 3282 789 eitatur
3316 746 3426 808 pa-

177 831 333 911 gina
386 831 465 893 58
495 833 638 910 ejus
691 829 960 904 codicis,
1001 830 1186 908 cujus
1240 831 1592 905 exemplar,
1633 838 1704 889 ut
1743 829 1832 890 rei
1872 828 2063 906 hujus
2102 827 2338 889 certior
2382 829 2624 900 fierem,
2681 830 2997 905 postulavi
3040 839 3102 893 et
3149 833 3427 894 obtinui.

183 933 353 994 Hinc
396 933 570 992 enim
609 931 868 990 suborta
907 931 1061 990 mihi
1094 930 1382 1008 suspicio
1416 939 1534 1000 est,
1587 930 1923 990 oscitantia
1976 930 2210 989 veteris
2253 938 2360 990 aut
2397 929 2772 990 recentioris
2820 932 3232 992 amanuensis
3269 937 3430 994 seri-

179 1043 364 1111 ptum
403 1033 470 1093 in
509 1031 732 1093 codice
772 1030 1170 1102 Florentino,
1223 1031 1321 1091 vel
1372 1037 1590 1090 nostro
1640 1029 1992 1109 exemplari
2020 1030 2222 1091 fuisse
2261 1034 2452 1102 Θεοφ.,
2503 1031 2803 1108 Theoph.,
2841 1048 2953 1108 pro
2983 1037 3164 1096 Θεοδ..
3200 1031 3426 1094 Theod.

179 1136 300 1196 Sed
338 1134 931 1212 quemodecunque
962 1149 1061 1192 res
1094 1133 1214 1192 ista
1249 1149 1317 1190 se
1341 1129 1589 1203 habeat,
1617 1138 1683 1192 ut
1718 1137 1966 1192 certum
2003 1137 2176 1208 puto,
2215 1129 2780 1192 Mentefalconium
2816 1147 2941 1192 non
2976 1133 3103 1193 alio
3137 1135 3251 1193 niti
3287 1134 3433 1194 fun—

183 1235 492 1295 damento
550 1231 836 1307 potuisse
868 1231 941 1290 ad
987 1228 1523 1290 Commentarium
1563 1229 1734 1290 hunc
1783 1228 2261 1307 TheOphylacto
2309 1229 2755 1302 asserendum,
2790 1247 2980 1308 quam
3027 1233 3226 1309 quod,
3276 1236 3427 1293 dum

184 1335 421 1410 raptim
459 1331 642 1392 illum
673 1329 1030 1401 evolveret,
1073 1330 1139 1390 in
1170 1328 1387 1406 aliqua
1422 1329 1724 1390 inciderit
1751 1328 1884 1391 loca
1921 1327 2319 1390 continentia
2359 1327 2516 1388 illud
2557 1330 2724 1389 idem
2756 1330 2928 1407 quod
2978 1340 3124 1392 ante
3173 1330 3240 1390 in
3273 1329 3436 1390 Sifa-

179 1440 379 1500 niano
411 1438 886 1499 Commentario
913 1435 1316 1513 perlegisset.
1354 1435 1504 1496 Mihi
1538 1435 1762 1496 saltem
1819 1453 1945 1497 non
1977 1433 2153 1494 aliud
2205 1432 2422 1494 animo
2473 1431 2963 1496 fundamentum
3009 1435 3307 1495 occurrit.
3363 1435 3431 1495 Id

180 1558 336 1602 vero
375 1558 570 1619 quam
605 1542 687 1601 sit
727 1538 1126 1600 imbecillum
1158 1539 1223 1600 in
1259 1539 1773 1613 Commentariis,
1809 1539 1922 1618 qui
1965 1538 2059 1598 vel
2100 1555 2320 1614 puram
2366 1539 2620 1599 Catenm
2669 1537 2980 1600 rationem
3035 1537 3302 1612 habent,
3335 1537 3432 1598 vel

177 1644 251 1703 ad
293 1642 476 1703 illam
512 1642 807 1720 proxime
837 1643 1173 1714 accedunt,
1202 1642 1500 1722 quisquis
1533 1643 1718 1706 facile
1744 1643 2074 1721 intelligit.

249 1745 485 1805 XLVI.
520 1746 760 1806 Verum
802 1746 854 1804 si
889 1761 990 1805 res
1016 1745 1100 1805 ita
1139 1763 1208 1806 se
1243 1745 1453 1813 habet,
1496 1763 1608 1807 cur
1639 1745 1838 1822 igitur
1862 1745 1966 1805 hic
1996 1760 2031 1804 a
2065 1743 2252 1804 nobis
2296 1743 2360 1804 in
2415 1742 2622 1804 lucem
2663 1743 2981 1803 emittitur
3004 1746 3032 1801 ?
3063 1745 3184 1803 Cur
3232 1743 3426 1803 etiam

176 1847 398 1908 Graece
426 1847 782 1909 duntaxat?
809 1850 876 1908 In
913 1849 1119 1910 lucem
1155 1848 1258 1909 hic
1295 1849 1497 1909 emitti
1529 1850 1910 1927 respondeo,
1946 1848 2250 1926 primum,
2278 1847 2452 1924 quod
2489 1847 2624 1908 viro
2658 1864 2809 1908 sane
2837 1847 3212 1906 doctissimo
3257 1845 3432 1924 visus

173 1947 379 2009 fuerit
412 1966 562 2010 esse
597 1949 1100 2027 'I‘heephylacti:
1150 1967 1362 2027 neque
1412 1958 1584 2012 certe
1628 1950 1846 2028 aliquo
1887 1951 2354 2028 perspicueque
2393 1960 2769 2027 argumento
2819 1948 3024 2008 refelli
3056 1947 3258 2026 possit
3318 1948 3430 2006 ist-

176 2047 304 2110 hrec
337 2048 595 2125 Opinio.
625 2050 685 2109 2.
717 2049 879 2122 Quia
921 2066 1177 2124 aequum
1207 2065 1332 2109 non
1369 2049 1621 2121 censui,
1656 2050 2090 2128 apographum
2126 2049 2297 2108 istud
2334 2048 2602 2108 omnino
2636 2047 2945 2115 interire;
2982 2047 3226 2123 quippe
3258 2044 3429 2123 quod

181 2165 319 2208 esse
349 2146 631 2209 fortasse
664 2148 893 2224 poterit
922 2148 1117 2208 alicui
1164 2150 1439 2227 posteris
1487 2150 1661 2221 usui,
1719 2147 2268 2227 quemadmodum
2315 2147 2470 2207 mihi
2513 2164 2636 2208 non
2674 2147 2905 2208 inutile
2934 2145 3077 2217 fuit,
3129 2152 3197 2204 ut
3249 2145 3434 2205 Com-

188 2243 492 2306 mentarii
532 2247 814 2309 Vaticani
864 2246 964 2328 (de
1008 2266 1140 2326 quo
1183 2249 1423 2310 dictum
1467 2257 1564 2310 est
1595 2249 1818 2325 supra)
1867 2249 2196 2325 exemplar
2232 2249 2642 2309 emendarem
2706 2255 2899 2325 atque
2926 2245 3321 2322 supplerem.
3361 2244 3433 2302 Et

178 2351 449 2427 quidem
483 2353 697 2428 quoad
733 2351 873 2430 ejus
895 2353 1120 2412 attinet
1146 2370 1363 2426 usum,
1403 2353 1682 2414 breviter
1713 2351 2106 2428 patefaciam,
2135 2352 2308 2429 quod
2345 2351 2500 2410 mihi
2538 2367 2686 2410 cum
2723 2346 3126 2427 percurrenti
3160 2345 3331 2406 venit
3368 2343 3431 2403 in

183 2459 468 2511 mentem
516 2466 530 2508 :
575 2451 880 2510 nimirum
914 2469 990 2511 ex
1026 2451 1231 2511 tribus
1265 2452 1440 2514 hisce
1475 2454 1543 2512 in
1571 2452 1729 2511 Arta
1767 2452 2117 2528 apostolica
2165 2451 2682 2520 Commentariis,
2728 2466 2892 2526 quos
2925 2448 3224 2507 volumen
3264 2441 3432 2503 istud

181 2550 641 2627 complectitur
677 2550 1053 2626 (prazsertim
1091 2552 1146 2611 si
1199 2552 1634 2628 Chrysestemi
1689 2551 1885 2613 fontis
1930 2550 2219 2611 omnium
2258 2549 2559 2626 praecipui
2607 2548 3054 2610 adnotationes
3096 2545 3432 2616 addantur)

183 2655 543 2732 perfectum
575 2654 797 2715 conﬁci
838 2671 1048 2730 posse,
1091 2654 1590 2731 absolutumque
1623 2655 1685 2714 in
1713 2654 1928 2714 eadem
1969 2655 2116 2712 Acta
2168 2653 2743 2719 Commentarium;
2773 2669 2917 2712 cum
2967 2650 3206 2726 singuli
3244 2658 3431 2710 aete-

181 2756 413 2832 requin
452 2754 627 2814 haud
665 2771 884 2832 parum
922 2753 1138 2829 procul
1165 2753 1294 2813 sint
1320 2772 1350 2813 a
1384 2754 1594 2814 debita
1629 2753 2042 2832 perfectione.
2079 2754 2313 2814 Poterit
2343 2753 2536 2830 igitur
2564 2753 2887 2830 quispiam
2926 2770 3006 2813 ex
3040 2753 3314 2831 singulis
3352 2769 3427 2812 ea

181 2876 312 2935 quae
344 2859 425 2918 ad
470 2876 606 2917 rem
640 2858 913 2917 maxime
945 2855 1211 2927 faciunt,
1246 2856 1561 2932 seligendi
1595 2875 1813 2918 curam
1860 2856 2273 2934 laboremque
2321 2856 2652 2930 suscipere
2690 2877 2704 2916 :
2745 2874 2936 2934 quem
2971 2855 3132 2917 forte
3173 2863 3426 2933 egomet

181 2957 647 3032 suscepissem,
695 2954 821 3014 nisi
873 2955 1034 3025 alite,
1068 2953 1310 3029 quibus
1343 2954 1682 3025 distrahor,
1717 2971 1883 3016 θυι-ιι·
1908 2963 1969 3015 et
2001 2955 2385 3016 valetudinis
2412 2955 2816 3015 imbecillitas
2840 2955 3302 3033 inhibuissent.
3340 2957 3432 3015 En

182 3056 378 3133 igitur
413 3059 608 3129 ratio,
641 3075 755 3117 cur
788 3057 971 3116 illum
1005 3056 1344 3118 ediderim.
1380 3058 1592 3118 Grmcc
1621 3064 1832 3117 autem
1871 3063 2113 3116 tantum
2144 3054 2340 3124 edidi,
2376 3056 2525 3134 quia
2560 3074 2634 3116 ex
2671 3073 2795 3116 una
2834 3063 3004 3134 parte
3031 3055 3434 3117 levissimum

181 3166 270 3217 est
297 3159 814 3219 fundamentum
849 3158 1305 3218 Commentarii
1360 3159 1554 3236 hujus
1602 3157 2082 3235 Theophylarto
2126 3157 2545 3235 adjudicandi
2581 3179 2596 3215 :
2632 3176 2710 3219 ex
2743 3158 2938 3219 altera
2992 3174 3141 3220 vero
3168 3158 3433 3234 exposi-

180 3257 389 3316 tiones
437 3255 588 3331 ejus
625 3255 946 3330 plermque
975 3255 1038 3314 in
1073 3255 1380 3316 alterutro
1415 3274 1493 3316 ex
1529 3256 1635 3329 iis,
1675 3258 1789 3336 qui
1828 3255 2180 3318 voluminis
2223 3255 2421 3334 hujus
2461 3257 2648 3318 initio
2704 3258 3006 3334 impressi
3054 3267 3228 3330 sunt,
3269 3257 3433 3319 Sifa-

178 3353 368 3412 uiano
395 3350 675 3418 scilicet,
711 3360 772 3408 et
803 3348 1128 3420 Vaticano,
1167 3367 1290 3410 non
1320 3352 1508 3412 modo
1537 3353 1745 3430 quoad
1781 3368 2075 3424 sensum,
2125 3353 2235 3412 sed
2269 3353 2461 3412 etiam
2494 3354 2705 3432 quoad
2742 3354 2934 3415 verba
2988 3372 3437 3433 saepenumero

179 3457 432 3517 insunt.
468 3453 641 3512 Hinc
674 3452 950 3526 pretium
985 3468 1197 3529 oper-aa
1231 3453 1494 3515 minime
1539 3472 1680 3516 esse
1716 3455 1966 3528 censui,
2009 3471 2247 3515 novum
2279 3456 2450 3515 hunc
2493 3456 2713 3518 subire
2745 3458 3050 3532 laborem,
3089 3466 3150 3519 et
3179 3459 3434 3535 aliquo-

189 3572 329 3615 rum
363 3551 748 3612 accessione
781 3549 1083 3612 foliorum
1119 3551 1296 3612 nulla
1333 3555 1791 3629 propemodum
1836 3554 2114 3614 utilitate
2150 3555 2451 3615 volumen
2492 3555 2609 3617 hoc
2640 3572 2938 3618 onerare.

262 3651 532 3712 XLVII.
568 3649 876 3722 Quamvis
904 3660 1114 3710 autem
1151 3653 1694 3714 Commentariun)
1743 3652 1914 3713 hunc
1949 3653 2168 3713 Latine
2202 3668 2327 3712 non
2377 3653 2701 3726 verterint,
2743 3673 2868 3715 non
2924 3655 3072 3716 ideo
3114 3664 3321 3718 tamen
3361 3662 3439 3718 ah

185 3753 370 3814 omni
405 3752 474 3811 in
507 3765 586 3811 eo
619 3750 872 3810 edendo
899 3749 1112 3811 labere
1140 3768 1238 3811 me
1269 3751 1540 3811 absolvi.
1578 3754 1862 3812 Lacunas
1897 3751 2097 3822 enim,
2129 3751 2368 3828 quibus
2404 3751 2839 3829 apographum
2874 3752 3247 3829 frequenter
3297 3756 3436 3819 hia-

189 3857 293 3915 bat
329 3853 712 3931 (presertini
760 3853 884 3911 sub
913 3853 1054 3929 ejus
1086 3852 1371 3931 initium)
1405 3853 1664 3928 explere
1720 3870 1833 3930 pro
1866 3853 2110 3914 viribus
2147 3854 2397 3914 studui.
2450 3857 2524 3914 Et
2560 3854 2749 3914 initio
2782 3855 3068 3933 quidem,
3121 3858 3228 3917 ubi
3273 3863 3440 3936 spis-

181 3956 395 4014 siores
429 3953 680 4013 lacunae
712 3961 916 4020 erant,
952 3951 1108 4011 mihi
1149 3951 1212 4011 in
1241 3952 1400 4012 hanc
1436 3971 1566 4013 rem
1605 3953 2004 4013 incumbenti
2041 3953 2561 4028 percommodum
2587 3953 2712 4014 fuit
2749 3954 3000 4015 Catenm
3042 3954 3438 4018 Oxoniensis

184 4056 250 4115 in
279 4056 512 4116 eadem
571 4055 717 4113 Acta
764 4053 1065 4128 primum,
1113 4054 1286 4130 quod
1339 4053 1646 4115 habebam
1697 4071 1822 4130 prae
1860 4053 2185 4126 manibus,
2225 4054 2454 4115 folium
2491 4079 2506 4115 :
2549 4072 2694 4116 cum
2749 4056 2880 4132 ipsa
2921 4057 3164 4133 quippe
3206 4059 3436 4120 Catena

181 4149 630 4231 apographum
667 4168 879 4211 meum
920 4151 1012 4212 sic
1044 4152 1205 4211 inibi
1239 4153 1588 4213 convenire
1636 4153 2060 4228 deprehendi.
2097 4162 2164 4212 ut
2219 4155 2386 4212 idem
2436 4171 2573 4213 esse
2607 4172 2771 4229 opus
2810 4154 3159 4228 videretur,
3199 4158 3322 4218 nisi
3358 4176 3436 4218 ex

184 4265 513 4332 postrema
545 4253 722 4313 illius
759 4261 952 4330 parte,
983 4261 1170 4330 atque
1206 4272 1281 4313 ex
1313 4254 1571 4316 duobus
1604 4256 1772 4328 aliis,
1804 4273 1950 4334 qua:
2001 4255 2155 4314 mihi
2191 4273 2455 4315 cernere
2496 4255 2704 4326 licuit,
2756 4257 2898 4334 ejus
2949 4256 3122 4316 foliis
3172 4257 3436 4320 omnino

183 4356 669 4433 cognovissem,
709 4357 1003 4414 Catenam
1038 4354 1479 4416 Oxoniensem
1511 4359 1707 4416 multa
1745 4356 2108 4432 complecti,
2143 4373 2286 4433 qum
2331 4357 2394 4416 in
2431 4356 2801 4417 Florentino
2833 4357 3440 4421 Commentariode-

181 4457 593 4516 siderantur.
626 4456 949 4514 Posterior
980 4455 1099 4515 iste
1135 4454 1403 4516 fortasse
1446 4462 1785 4531 excerptus
1823 4463 1917 4515 est
1961 4473 2036 4514 ex
2071 4455 2173 4513 illa
2231 4455 2464 4530 priore.
2517 4455 2606 4514 Ad
2658 4456 3025 4516 sarciendas
3073 4474 3250 4530 vero,
3297 4474 3441 4536 qum

185 4563 615 4618 occurrerent
646 4557 711 4617 in
761 4573 1128 4632 progressu,
1166 4556 1423 4617 lacunas
1451 4557 1759 4618 alterutro
1805 4573 1880 4616 ex
1909 4556 2402 4616 Commentariis
2431 4555 2773 4632 prmzlictis,
2809 4557 3135 4616 Sifaniano
3167 4558 3437 4627 scilicet,

185 4668 246 4720 et
285 4658 631 4727 Vaticano,
665 4655 779 4716 sed
814 4656 1104 4716 omnium
1139 4655 1666 4734 frequentissime
1699 4673 1927 4734 magno
1963 4656 2420 4732 Chrysostomo
2455 4674 2611 4716 usus
2645 4674 2824 4727 sum;
2852 4665 2912 4718 et
2945 4675 3017 4718 ea
3047 4659 3310 4737 quidem
3340 4656 3438 4717 fe-

188 4760 472 4831 licitate,
515 4770 580 4820 ut
616 4779 697 4821 ex
731 4758 1050 4836 plurimis,
1084 4778 1228 4838 quas
1261 4760 1512 4821 inerant
1543 4768 1752 4834 antea,
1784 4759 2030 4821 lacunis
2066 4777 2188 4820 una
2231 4767 2498 4827 tantum,
2535 4760 2632 4818 vel
2674 4759 2870 4820 altera
2915 4759 3236 4836 inexpleta
3288 4757 3442 4819 mihi

189 4859 606 4924 remanserit.
666 4858 875 4919 Verba
926 4876 958 4919 a
1007 4861 1197 4921 nobis
1248 4861 1462 4921 addita
1515 4877 1592 4920 ex
1659 4861 1893 4936 signis,
1941 4859 2180 4936 quibus
2233 4859 2322 4918 uti
2372 4860 2436 4918 in
2485 4858 2813 4919 similibus
2861 4860 3172 4932 solemus,
3220 4862 3444 4918 Lector

190 4967 530 5042 agnoscet.
559 4961 652 5020 Ad
689 4959 926 5021 calcem
956 4960 1434 5033 Commentarii,
1467 4977 1546 5020 ne
1581 4959 1828 5038 integra
1868 4959 2096 5038 pagina
2129 4957 2398 5019 omnino
2434 4975 2624 5018 vacua
2655 4968 3034 5032 remaneret,
3083 4960 3160 5018 ah
3193 4978 3268 5021 eo
3304 4959 3442 5024 loco

190 5079 336 5139 pag.
371 5059 516 5125 629.
549 5059 670 5119 COI.
695 5061 758 5132 2,
795 5067 974 5122 Ἔστιν
996 5064 1136 5122 οὖνὸ
1167 5072 1273 5132 πᾶς
1313 5072 1524 5140 χρόνος,
1561 5070 1782 5138 regatu
1825 5070 1831 5117 1

1825 5059 2203 5138 typographi
2243 5059 2443 5137 adjeci
2484 5062 2697 5132 verba,
2734 5061 2974 5138 quibus
3007 5065 3235 5122 Catena
3265 5065 3440 5124 Oxo-

190 5159 450 5220 niensis
485 5157 864 5219 absolvitur.
899 5161 1120 5237 Neque
1156 5161 1219 5220 id
1261 5162 1510 5222 Lecteri
1547 5161 1970 5238 injucundum
2005 5161 2139 5219 fore
2160 5160 2407 5220 conlido
2442 5161 2575 5220 :sic
2601 5163 2774 5220 enim
2804 5161 3142 5238 prmdictaa
3167 5164 3437 5231 Catena}.

189 5274 388 5335 quam
415 5259 1006 5334 praetentiuimam
1035 5259 1313 5334 appellat
1347 5260 1684 5321 Fabricius
1715 5259 1776 5320 in
1814 5260 1982 5319 Bibl.
2018 5259 2258 5330 erca,
2299 5257 2558 5319 initium
2594 5259 2836 5319 tenebit
2873 5266 2934 5319 et
2966 5259 3180 5322 ﬁnem.

1574 5362 1854 5420 SISC'I'IO
1901 5360 2070 5422 XIII.

1042 5464 1128 5521 De
1169 5465 1482 5540 Epistolis
1530 5484 1567 5522 a
1614 5467 1894 5526 Μυκη-εἰσ
1943 5465 2150 5536 editis,
2198 5476 2254 5524 et
2296 5483 2335 5522 α
2381 5464 2612 5523 Lamia.

279 5564 573 5626 XLVIII.
621 5565 806 5624 Forte
867 5564 1200 5626 mirabitur
1247 5570 1489 5640 Lector,
1558 5571 1727 5646 quod
1796 5569 1929 5628 istm
1979 5569 2267 5644 epistelm
2316 5570 2393 5627 ab
2450 5567 2592 5625 aliis
2645 5565 2872 5643 viginti
2925 5567 3231 5644 sejunetm
3294 5567 3442 5627 huic

192 5667 465 5728 editioni
509 5668 744 5726 fuerint
792 5666 1081 5740 insertat,
1119 5687 1264 5730 cum
1328 5689 1516 5732 nemo
1577 5691 1704 5733 non
1750 5674 1982 5742 videat,
2022 5675 2370 5731 naturalem
2426 5668 2716 5728 ordinem
2767 5668 3128 5745 postulasse
3180 5678 3246 5730 ut
3279 5687 3432 5730 con-

188 5764 464 5842 junctim
508 5767 856 5828 ederentur
888 5784 1134 5829 omnes.
1178 5771 1445 5832 Consilii
1483 5771 1697 5846 itaque
1744 5773 1945 5834 nostri
1996 5772 2150 5832 hanc
2200 5771 2506 5832 rationem
2559 5769 2808 5831 habeto.
2869 5767 3186 5847 Principio
3236 5767 3442 5844 fuerat
