4156 6440
743 404 851 469 475
1761 399 2149 459 BONlFACII
2179 399 2384 458 .FlNE'

2375 399 2499 459 ΤΤΙ
2544 398 2961 458 ΡΒᾹΞΕΑΤΙΟ.
3902 396 4014 461 4⁸16

744 511 1298 590 constituiiitn,lut
1340 510 1564 587 viginti
1609 507 1919 568 duntaxat
1955 510 2414 588 TheOphylacti
2463 510 2754 587 epistola}
2785 509 2903 595 hoc
2946 509 3010 568 in
3060 508 3392 581 volumine
3423 508 3642 570 sedem
3675 508 4012 570 baberent.

742 631 890 691 quas
937 612 1223 673 nondum
1278 610 1596 690 publicam
1647 609 1850 667 lucem
1885 618 2301 688 aspexerant;
2353 628 2495 671 cum
2548 627 2638 668 ere
2695 606 2941 670 tantum
2986 608 3138 669 huic
3190 608 3382 669 tertio
3430 608 3776 680 volumini,
3829 610 4011 687 quod

742 712 1006 775 ineditis
1032 709 1493 789 'l‘heophylacti
1520 708 1826 785 operibus
1851 710 2253 785 excipiendis
2308 709 2702 770 destinatum
2736 708 2807 787 in,
2854 710 3078 785 primis
3118 716 3285 779 erat,
3325 709 3645 787 explendo
3674 710 3830 768 satis
3863 726 4006 771 esse

745 814 1137 883 viderentur,
1184 810 1447 889 adjectis
1504 817 1712 870 tamen
1762 811 2019 870 duobus
2074 812 2382 886 operibus
2430 812 2642 873 adhuc
2697 812 2981 895 ineditis,
3028 827 3321 889 “quorum
3389 811 3662 870 alterum
3714 810 4013 887 Parisiis,

746 913 1015 973 alterum
1057 912 1379 971 Florentia
1426 910 1970 986 praestolabamur.
2016 912 2135 971 Sed
2176 912 2453 989 primum
2490 912 2647 972 illud
2676 930 2843 987 srepe
2875 894 3290 988 promissum,
3332 928 3659 988 nunquam
3694 911 4014 986 perlatum

742 1013 817 1072 ad
873 1030 987 1073 nos
1031 1022 1147 1072 est.
1204 1006 1491 1070 Alterum
1550 1008 1811 1088 quidem
1846 996 2251 1087 accepimus;
2312 1014 2422 1072 sed
2486 1011 2643 1071 illud
2706 1011 3254 1087 perpendentibus
3308 1010 3492 1070 nobis
3554 1026 3678 1069 non
3720 1011 4016 1084 suspicio

742 1113 1070 1182 duntaxat,
1130 1111 1240 1170 sed
1308 1118 1474 1171 certa
1526 1110 1859 1187 persuasio
1895 1110 2155 1182 insedit,
2194 1110 2269 1171 ad
2305 1109 2858 1188 TheOphylactum
2898 1108 3272 1169 nullatenus
3322 1108 3637 1183 pertinere
3697 1109 3818 1166 Nos
3858 1124 4016 1167 vero

747 1215 807 1271 in
858 1230 1136 1273 errorem
1186 1214 1597 1290 perduxerat,
1656 1230 1799 1291 quas
1850 1213 2020 1289 apud
2094 1212 2668 1274 Montefalconiuin
2722 1213 2956 1291 legitur
3013 1213 3078 1271 in
3140 1210 3441 1273 Biblioth.
3498 1211 4017 1271 bibliothecarum

745 1326 785 1373 ι.
828 1318 875 1382 I.
919 1334 1056 1393 pag.
1097 1318 1195 1391 35,
1251 1316 1584 1377 imminuta
1642 1315 1998 1393 inscriptio,
2044 1333 2186 1393 qua)
2245 1315 2589 1394 sequitur:
2638 1316 2993 1376 Threnodia
3028 1331 3220 1392 super
3270 1311 3461 1371 beata
3528 1313 3834 1372 memoria
3870 1314 4016 1371 viro

746 1416 823 1473 Ι).
860 1416 1347 1491 Theophylacto.
1380 1415 1636 1477 Scilicet
1668 1415 1989 1493 ejusmodi
2024 1414 2253 1476 titulus
2313 1432 2429 1476 nos
2483 1422 2776 1476 erexerat
2830 1415 2893 1473 in
2926 1431 3133 1491 spem,
3178 1409 3613 1479 Threnodium,
3647 1410 3727 1470 de
3751 1428 3871 1485 qua
3910 1410 4019 1469 hic

745 1534 980 1590 seruio,
1015 1536 1220 1596 genus
1254 1518 1517 1598 aliquod
1545 1520 1855 1580 orationis
1889 1517 2184 1579 funebris
2218 1536 2361 1579 esse
2396 1518 2461 1579 iu
2498 1515 3061 1594 'l‘heophylactum
3097 1514 3217 1593 iam
3260 1521 3614 1577 mortuum.
3674 1530 3818 1591 qua:
3863 1512 4023 1572 huic

753 1619 1066 1680 volumini
1112 1639 1182 1682 ea
1223 1622 1468 1681 ratione
1507 1621 1697 1681 inseri
1732 1629 1972 1700 posset,
2010 1622 2179 1699 quod
2216 1621 2433 1698 aliqua
2468 1637 2544 1679 ex
2578 1620 2779 1697 gestis
2831 1618 3315 1695 virtutibusque
3378 1617 3470 1691 (ut
3522 1614 3586 1675 in
3638 1614 4019 1692 bujusmodi

747 1722 1146 1783 Orationibus
1198 1726 1487 1785 accidere
1514 1726 1704 1804 solet)
1761 1726 1941 1787 illius
1994 1724 2269 1787 celebris
2314 1724 2787 1800 archiepiscopi
2856 1724 3415 1799 complecteretur.
3473 1727 3549 1782 At
3628 1720 3763 1778 sola
3825 1718 4020 1783 lectio

747 1818 1128 1897 epigraphes
1188 1823 1571 1897 exemplaris
1630 1825 1705 1883 ad
1770 1839 1887 1883 nos
1946 1822 2301 1883 transmissi
2394 1822 2472 1881 ab
2537 1823 2711 1882 omni
2782 1822 3051 1882 omnino
3116 1839 3227 1899 spe
3295 1830 3355 1881 et
3411 1828 3839 1897 [irmciincepta
3893 1836 4015 1879 nos

746 1920 1057 1995 opinione
1092 1922 1364 2001 dejecit;
1402 1923 1482 1983 ita
1519 1922 1689 1982 enim
1729 1940 1795 1981 se
1838 1922 2025 1982 habet
2060 1944 2075 1981 :
2109 1932 2375 2002 Θρηνῴδη

2429 1934 2522 1985 ἐπὶ
2572 1932 2649 2000 τῷ
2695 1931 2983 2001 μακαρίτῳ
3014 1929 3168 2001 κύρῳ
3212 1931 3574 2000 Θεοᾳυὶὰκτῳ
3628 1930 3705 1998 τῷ
3753 1930 4019 1982 Baltasa-

750 2028 903 2099 ρίτῳ,
946 2020 1333 2081 Lamentalio
1374 2039 1565 2099 super
1598 2022 1801 2102 felicis
1848 2023 2158 2081 memoria:
2204 2026 2340 2083 viro
2399 2022 2649 2083 domino
2705 2015 3165 2100 Theophylacto
3224 2022 3619 2082 Belissarito.
3671 2024 3863 2081 Porro
3914 2022 4019 2084 vel

749 2123 960 2199 ipsum
1013 2124 1372 2185 Belissariti
1409 2142 1763 2202 cognomen
1822 2128 1975 2186 satis
2030 2126 2251 2204 procul
2311 2128 2511 2187 dubio
2545 2126 2796 2199 fuisset,
2854 2137 2922 2187 ut
2966 2125 3513 2203 TheOphylactum
3556 2126 3725 2186 hunc
3785 2143 3816 2186 a
3860 2122 4021 2184 Bul-

748 2239 1047 2299 garorum
1085 2224 1571 2301 archiepiscopo
1605 2241 2118 2297 secerneremus,
2150 2226 2404 2287 etiamsi
2450 2244 2596 2305 quae
2642 2226 3058 2287 continentur
3110 2224 3172 2285 in
3236 2222 3348 2287 bac
3389 2226 3677 2286 oratione
3742 2224 4015 2300 lugubri

750 2324 967 2403 aliquo
1020 2325 1210 2385 modo
1254 2324 1532 2384 fuissent
1580 2324 1901 2402 ambigua.
1934 2327 2052 2385 Sed
2108 2333 2170 2386 et
2197 2344 2298 2387 res
2349 2328 2411 2387 in
2468 2328 2601 2405 ipsa
2658 2333 2972 2387 contentae
3015 2325 3567 2402 TheOpbylactum
3612 2324 3918 2386 exhibent
3983 2337 4020 2381 a

750 2429 971 2482 nostro
1016 2422 1199 2499 plane
1240 2422 1568 2481 diversum
1601 2443 1614 2480 :
1642 2426 1769 2480 tota
1807 2422 1979 2481 enim
2018 2422 2412 2498 impenditur
2441 2423 2509 2483 in
2543 2423 2941 2499 deplorando
2980 2424 3324 2485 immaturo
3368 2426 3632 2497 juvenis
3670 2424 4008 2501 cujusdam

751 2520 989 2581 nobilis
1034 2518 1321 2591 interitu,
1357 2522 1463 2597 qui
1499 2535 1642 2578 cum
1680 2520 1937 2595 generis
1987 2518 2340 2590 nobilitate,
2380 2527 2513 2580 tum
2552 2520 2859 2581 virtutum
2893 2508 3269 2582 ornamento
3316 2525 3647 2600 prmstabat
3689 2548 3703 2584 :
3769 2524 4019 2602 quique

748 2623 901 2681 dum
936 2620 1202 2680 Athenis
1236 2620 1451 2681 studio
1483 2638 1739 2698 operam
1770 2623 2303 2695 daret,'faucibus
2331 2609 2565 2703 angina
2593 2625 2985 2697 interclusis,
3024 2626 3322 2703 migravit
3361 2648 3393 2687 e
3450 2628 3597 2700 vita,
3634 2629 3810 2687 datis
3855 2640 4005 2688 ante

751 2720 1051 2801 pluribus
1090 2722 1348 2797 pietatis
1382 2722 1669 2783 indiciis.
1724 2726 1885 2784 Eum
1925 2725 2118 2801 ig'tur
2150 2725 2361 2785 solum
2410 2744 2488 2786 ex
2540 2727 2658 2787 hoc
2697 2722 3015 2805 opusCulo
3045 2726 3323 2787 fructum
3367 2726 3600 2789 referre
3655 2737 4010 2801 potuerunt

752 2835 1079 2884 curatores
1114 2824 1376 2883 istiusce
1404 2823 1725 2901 editionis,
1763 2834 1833 2884 ut
1866 2825 2063 2902 magis
2091 2816 2423 2903 magisque
2454 2836 2844 2905 perspectam
2879 2827 3184 2886 omnibus
3230 2836 3649 2906 testatanzque
3678 2830 4025 2893 redderent

751 2927 1181 3005 diligentiam,
1215 2944 1342 3004 qua
1395 2926 1491 2986 usi
1542 2935 1717 2997 sunt,
1769 2926 2104 2986 maximam
2161 2926 2224 2986 in
2281 2926 2750 3004 conquirendis
2796 2927 3111 3005 undique,
3171 2928 3348 2987 nulla
3427 2939 3722 3006 sumptus
3773 2932 4025 2992 ratione

756 3020 989 3097 habita,
1029 3027 1339 3105 operibus
1390 3029 1463 3086 ad
1513 3010 2065 3105 TheOphylactum
2121 3036 2410 3085 nostrum
2464 3026 2953 3103 quomodolibet
3041 3028 3536 3103 pertinentibus.
3598 3031 3751 3091 Cum
3825 3033 4029 3109 igitur

753 3129 950 3208 hujus
982 3127 1383 3204 alteriusque
1418 3123 1670 3186 defectu
1698 3124 1910 3200 operis
1950 3141 2077 3185 non
2123 3142 2316 3200 pauca
2354 3123 2659 3185 deessent
2694 3125 2847 3185 folia
2882 3126 2956 3185 ad
2994 3127 3409 3201 praestitutam
3446 3126 3640 3207 hujus
3677 3130 4027 3192 voluminis

757 3226 1011 3300 molem,
1074 3233 1401 3288 curatores
1466 3222 1777 3302 praedicti,
1854 3220 2192 3299 impressis
2260 3222 2386 3299 jam
2442 3221 2735 3300 epistolis
2798 3222 3062 3299 viginti,
3141 3233 3203 3282 et
3263 3226 3479 3285 Graeco
3548 3228 4028 3296 Commentario

754 3326 1167 3403 insequente,
1221 3322 1572 3387 consilium
1638 3320 2048 3398 capessivere
2118 3322 2217 3400 (ad
2283 3322 2483 3381 alium
2540 3329 2781 3381 tomum
2836 3329 3158 3382 reservato
3221 3328 3683 3407 opere,‘quod
3754 3328 4026 3392 Parisiis

759 3425 1225 3502 praaStolantur)
1258 3421 1603 3499 adiiciendi
1653 3422 1842 3481 etiam
1882 3421 2189 3497 epistolas
2226 3437 2260 3480 a
2314 3420 2599 3481 Meursio
2643 3418 2969 3482 et_Lamio
3010 3419 3236 3493 editas,
3284 3439 3362 3481 ne
3398 3429 3609 3483 tonius
3667 3424 3787 3484 iste
3835 3446 4027 3507 mque

758 3526 1013 3585 brevior
1057 3524 1390 3596 evaderet;
1447 3521 1774 3596 simulque
1824 3520 2148 3581 celeritate
2197 3536 2446 3580 summa
2493 3520 2759 3579 curandi
2802 3520 3008 3596 ipsius
3081 3520 3632 3597 impressionem,‘-
3659 3542 3737 3584 ne
3794 3531 4029 3591 erudi-

762 3633 975 3685 torum
1030 3631 1170 3683 vota
1224 3621 1471 3683 diutius
1525 3620 1971 3699 fatigarentur.
2022 3621 2188 3681 Hinc
2231 3636 2384 3682 vero
2414 3618 2548 3698 .hoc
2597 3619 2808 3681 solum
2861 3609 3249 3681 incommOdi
3282 3623 3543 3683 "accidit
3591 3624 3787 3702 (quod
3850 3630 4030 3689 enim

758 3726 1076 3805 ejusmodi
1114 3727 1403 3804 epistolae
1433 3729 1511 3786 ab
1542 3725 1688 3785 aliis
1720 3726 2041 3803 sejunctae.
2062 3728 2402 3810 prodeant,
2436 3740 2554 3802 pro
2602 3722 2807 3785 nihilo
2862 3724 3224 3785 habendum
3260 3742 3400 3786 esse
3456 3744 3489 3786 a
3543 3728 3696 3787 viris
3740 3734 4033 3805 pruden-

759 3833 933 3893 tibus
967 3830 1143 3909 puto)
1175 3829 1347 3909 quod
1383 3816 2192 3890 Mariuerianm-versionis
2230 3826 2778 3899 emendationem,
2818 3843 3010 3903 quam
3081 3826 3343 3903 aggredi
3394 3843 3466 3888 ac
3516 3830 3816 3905 perficere
3862 3838 4033 3892 stato

761 3942 1051 4010 tempore
1091 3927 1581 4003 constitueram,
1629 3935 1812 4006 capto
1856 3944 1888 3987 a
1951 3927 2362 3988 curatoribus
2408 3944 2576 3988 novo
2628 3928 3094 4011 inepinatoque
3155 3931 3456 4003 consilio,
3506 3939 3567 3991 et
3636 3951 3701 3992 re
3750 3934 4032 3995 maxime

766 4038 1120 4107 preperata,
1166 4038 1463 4106 prmstare
1504 4045 1630 4088 non
1671 4028 2014 4103 potuerim.
2054 4030 2128 4087 At
2162 4029 2526 4089 versionem
2574 4027 2747 4088 illam
2782 4029 3183 4110 tolerabilem
3226 4032 3300 4091 ad
3344 4033 3556 4093 minus
3595 4050 3763 4107 esse,
3800 4035 3898 4095 Vel
3948 4055 4031 4097 ex

761 4149 839 4194 eo
883 4132 1033 4192 mihi
1077 4134 1459 4210 persuadeo,
1505 4132 1679 4210 quod
1735 4130 2016 4203 Larnius,
2070 4130 2167 4189 vir
2221 4131 2665 4203 doctissimus,
2714 4131 3048 4209 Graecique
3096 4132 3419 4195 idiomatis
3444 4134 3900 4209 peritissimus,
3958 4138 4028 4197 in

763 4236 1000 4297 celebri
1035 4236 1317 4298 editione
1350 4238 1738 4308 Meursiana,
1776 4238 1876 4298 cui
1911 4242 2164 4314 praeest,
2200 4252 2337 4297 eam
2394 4236 2713 4305 collocare
2752 4252 2879 4297 non
2914 4235 3247 4297 dubitarit.
3286 4236 3533 4297 Nullam
3576 4238 3776 4314 igitur
3808 4239 3873 4298 in
3927 4240 4032 4301 his

764 4339 1034 4403 edendis
1068 4341 1364 4415 epistolis
1400 4341 1538 4418 ipse
1573 4356 1831 4416 Operam
1869 4339 2081 4413 posui,
2122 4340 2416 4415 adeoque
2472 4337 2632 4398 nihil
2689 4339 2768 4399 de
2821 4338 3047 4398 iisdem
3095 4348 3390 4415 superest
3442 4338 3597 4398 mihi
3653 4340 4030 4401 dicendum.

765 4444 839 4502 Et
870 4441 1001 4503 hinc
1028 4443 1237 4520 quoad
1272 4443 1563 4521 singulas
1595 4444 1791 4523 hujus
1825 4442 2179 4505 voluminis
2215 4450 2447 4520 partes.
2488 4444 2670 4503 Nunc
2726 4458 2924 4519 pauca
2978 4441 3056 4504 de
3096 4440 3397 4503 versione
3452 4458 3614 4513 mea,
3658 4441 4035 4519 additisque

768 4543 961 4616 notis,
1009 4552 1349 4621 antequam
1387 4543 1825 4605 Prmfatiouem
1859 4544 2148 4617 absolvo,
2180 4542 2457 4621 adjicere
2492 4542 2693 4603 lubet.

848 4665 1081 4725 XLIX.
1132 4666 1295 4726 Usus
1327 4682 1469 4727 sum
1512 4668 1809 4729 liberiore
1841 4667 2163 4728 versionis
2212 4684 2484 4743 genere;
2540 4683 2667 4728 non
2712 4667 3001 4744 quidem,
3063 4673 3131 4728 ut
3169 4682 3307 4727 eam
3364 4666 3700 4726 redderem
3760 4667 4031 4743 elegan—

771 4763 1025 4840 tiorem,
1065 4765 1172 4824 sed
1220 4773 1285 4825 ut
1316 4765 1652 4828 clariorem
1690 4767 2025 4845 magisque
2066 4768 2494 4845 perspicuam.
2534 4768 2785 4829 Etenim
2828 4766 2896 4827 in
2949 4783 3021 4827 ea
3074 4783 3328 4843 semper
3370 4765 3686 4826 sententia
3718 4764 3834 4831 fui,
3874 4780 4031 4824 eum

772 4865 938 4929 haud
976 4864 1253 4941 perfecte
1301 4865 1483 4945 fungi
1536 4869 1903 4945 interpretis
1947 4884 2235 4938 munere,
2292 4868 2404 4945 qui
2478 4880 2770 4930 accurate
2819 4868 3083 4946 quidem
3130 4870 3319 4929 verba
3371 4867 3716 4929 transferre
3768 4868 4030 4943 satagit,

771 4967 1048 5032 auctoris
1084 4984 1235 5026 vero
1263 4985 1528 5029 sensum
1571 4970 1919 5031 obscurum
1956 4971 2290 5049 relinquit.
2331 4973 2537 5050 Hujus
2588 4973 2910 5050 siquidem
2958 4971 3452 5048 explicationem
3489 4969 3897 5049 potissimum
3946 4972 4030 5031 ad

710 5140 716 5147 ἢ
774 5064 1179 5143 interpretem
1227 5069 1573 5143 pertinere,
1625 5078 1791 5147 patet
1853 5074 1949 5131 vel
2005 5089 2082 5132 ex
2144 5088 2222 5133 eo
2284 5072 2457 5149 quod
2516 5072 2557 5130 ii
2610 5073 2800 5133 etiam
2848 5072 2959 5148 qui
3012 5072 3371 5151 cujnSpiam
3414 5070 3696 5131 auctoris
3756 5087 4029 5131 sensum

774 5165 1021 5231 tametsi
1058 5164 1124 5224 in
1184 5167 1404 5227 eadem
1466 5167 1709 5245 lingua,
1758 5170 2093 5232 clario:-em
2152 5173 2451 5243 reddunt,
2513 5172 2763 5232 soleant
2819 5174 3197 5249 interpretes
3257 5171 3590 5249 appellari.
3638 5173 4032 5249 Plerumque

780 5260 976 5341 igitur
1032 5265 1096 5323 in
1167 5263 1229 5324 id
1297 5268 1739 5329 tantummodo
1808 5271 2110 5343 laboravi,
2151 5279 2217 5331 ut
2249 5286 2511 5330 sensum
2546 5287 2738 5349 quem
2771 5270 3056 5331 auctoris
3095 5271 3287 5330 verba
3316 5269 3697 5347 diligentius
3743 5286 4031 5337 expensa

784 5365 1115 5425 continere
1150 5366 1403 5439 censui,
1458 5368 1700 5445 phrasi,
1756 5371 1966 5448 quoad
2031 5372 2234 5448 potui,
2298 5370 2593 5442 clariore,
2648 5370 2993 5447 verbisque
3040 5368 3575 5447 tequivalentibus
3630 5368 4031 5429 exhiberem.

783 5459 1002 5521 Sicubi
1039 5479 1188 5522 vero
1217 5465 1495 5524 auctoris
1545 5484 1723 5527 mens
1770 5469 1983 5529 minus
2016 5480 2182 5529 certa
2219 5468 2680 5546 explorataque
2719 5470 2876 5529 mihi
2927 5470 3064 5530 visa
3118 5475 3237 5540 est,
3271 5474 3404 5528 tum
3452 5468 3738 5545 pressius
3786 5467 4032 5529 haerere

786 5561 1000 5620 verbis
1031 5563 1393 5623 consultius
1432 5565 1820 5637 existimavi,
1873 5582 2060 5629 acuto
2122 5568 2365 5629 Lectori
2400 5575 2775 5643 potestatem
2827 5576 2892 5629 ut
2933 5569 3206 5630 facerem
3238 5585 3312 5629 ea
3346 5576 3415 5627 ut
3462 5569 3583 5627 sibi
3625 5566 4033 5643 probabilius

791 5659 1115 5719 videretur
1158 5660 1642 5739 interpretandi.
1696 5667 1762 5723 ln
1818 5665 2187 5743 bnjusmodi
2235 5665 2536 5741 sc0pu|os
2580 5668 2776 5726 semel
2826 5674 2888 5725 et
2952 5667 3181 5726 iterum
3241 5664 3439 5725 incidi
3488 5665 3642 5724 dum
3708 5671 4033 5725 verterem

791 5760 1133 5838 Epistolas,
1181 5778 1324 5839 quin
1381 5760 1535 5824 mihi
1594 5764 1832 5843 ubique
1880 5764 2461 5839 difliciles,nlicubi
2518 5767 2673 5827 visa:
2726 5774 2875 5827 sunt
2937 5766 3125 5827 etiam
3165 5766 3319 5828 satis
3370 5766 3681 5828 obscurae.
3727 5765 4031 5828 Fortasse
