4156 6440
159 399 234 459 4η
1161 393 1586 453 LAURENTII
1621 393 1684 451 SI
1700 393 1878 452 FANI
1923 395 2338 457 Pii/EFA'FIO.
3277 396 3385 464 478

161 502 641 581 TheOphylactus
711 500 773 562 in
837 501 933 560 eis
984 502 1472 562 conscribendis
1528 499 1799 562 clariore
1845 503 2014 581 stylo
2075 522 2230 564 usus
2266 522 2388 566 non
2447 512 2562 581 est,
2599 507 2752 586 quia
2799 507 2872 569 ad
2923 506 3272 572 familiares
3317 520 3379 571 et

161 589 512 668 domesticos
558 610 877 679 scribens,
915 605 1153 667 clarius
1187 624 1331 668 sese
1365 607 1688 684 explicare
1726 609 2144 688 autneglexit
2188 619 2296 670 aut
2344 612 2575 674 noluit.
2632 615 2700 674 in
2760 615 2952 674 variis
2992 615 3144 678 tomi
3188 616 3382 694 hujus

162 713 430 786 operibus
476 730 508 772 a
563 729 666 773 me
704 712 920 791 Latine
993 713 1261 772 redditis
1321 713 1760 774 diversitatem
1821 713 2099 793 aliquam
2163 716 2228 777 in
2312 715 2447 793 ipsa
2483 719 2778 780 versione
2831 717 3102 781 fortasse
3159 717 3383 780 Lect'or

161 818 423 882 olTendet,
478 818 558 876 ita
594 826 658 876 ut
695 821 884 877 modo
935 819 1161 894 magis,
1198 819 1388 880 modo
1419 821 1634 880 minus
1669 818 2062 880 elaborataei
2100 821 2396 882 videatur
2421 833 2611 900 atque
2647 823 2963 900 expolita;
2989 825 3380 900 quandoque

162 919 309 981 etiam
360 919 587 995 magis,
650 919 1044 996 quandoque
1116 919 1330 980 minus
1385 920 1844 997 TheOphylacti
1905 918 2116 980 verbis
2179 919 2455 982 astricta.
2524 920 2721 998 Cujus
2797 920 3189 982 diversitatis
3239 934 3379 981 eam

162 1038 372 1080 causam
425 1037 568 1081 esse
605 1029 785 1092 serat,
819 1021 990 1098 quod
1031 1037 1148 1099 ego
1183 1037 1307 1082 non
1355 1022 1784 1090 continenter,
1813 1021 1923 1080 sed
1967 1037 2076 1097 per
2126 1020 2293 1079 varia
2330 1021 2638 1096 temporis
2679 1020 3031 1094 intervalla,
3087 1024 3378 1099 adeoque

163 1129 207 1176 et
249 1121 401 1179 varia
448 1130 635 1181 utens
686 1121 980 1196 corporis
1025 1122 1416 1189 valetudine.
1475 1121 1796 1200 variisque
1853 1123 2027 1182 curis
2076 1125 2220 1190 plus
2284 1122 2580 1182 minusve
2625 1123 2974 1195 distentus,
3045 1121 3378 1182 versiones

165 1220 960 1296 hujusmodielucubrarirn
1022 1246 1038 1286 :
1099 1224 1270 1283 unde
1309 1221 1593 1300 aliquam
1652 1222 1803 1300 styli
1869 1230 2064 1301 atque
2124 1222 2675 1300 interpretationis
2724 1223 3163 1283 diversitatem
3221 1222 3376 1282 oriri

164 1324 569 1386 necessefuit.
597 1324 821 1398 Quoad
858 1335 1038 1386 notas
1071 1326 1321 1396 attinet,
1363 1326 1616 1387 noverit
1649 1329 1896 1398 Lector,
1933 1345 2032 1388 me
2067 1329 2334 1387 minime
2366 1328 2429 1388 id
2475 1326 2762 1389 muneris
2795 1327 2951 1386 mihi
2997 1327 3376 1404 sumpsisse,

165 1437 213 1484 ut
239 1433 391 1492 notis
443 1431 525 1490 de
559 1446 736 1491 more
769 1428 1082 1508 subjectis
1128 1429 1590 1508 Theophylacti
1633 1446 1826 1508 opera
1862 1429 2255 1491 illustrarem
2297 1454 2311 1490 :
2346 1447 2559 1509 neque
2593 1430 2768 1490 enim
2802 1447 3069 1491 necesse
3121 1430 3184 1490 id
3225 1439 3378 1503 erat,

162 1548 332 1604 neque
367 1550 481 1609 per
511 1530 971 1608 occupationes
1005 1547 1182 1591 meas
1227 1543 1286 1591 et
1326 1531 1617 1607 corporis
1657 1529 2088 1592 valetudinem
2126 1539 2428 1610 ιιι-ωειδτο
2457 1530 2519 1591 id
2580 1529 2742 1590 mihi
2794 1530 3109 1592 licuisset.
3160 1530 3381 1591 Solum

162 1632 321 1706 igitur
354 1644 537 1694 notas
578 1635 829 1712 aliquas
856 1633 1164 1711 Operibus
1211 1650 1245 1694 a
1285 1651 1383 1694 me
1449 1631 1775 1694 translatis
1810 1633 1924 1694 hac
1962 1631 2241 1712 illarqne
2287 1633 2556 1712 aspersi,
2610 1633 2722 1693 ubi
2772 1631 2866 1712 vel
2929 1631 3125 1710 major
3165 1631 3378 1709 aliqua

164 1749 355 1804 urgcre
389 1735 747 1794 necessitas
783 1715 1148 1807 videbatur,
1184 1733 1279 1795 vel
1317 1742 1679 1812 proruptum
1723 1735 1990 1794 omnino
2023 1745 2176 1805 erat,
2211 1737 2382 1813 quod
2418 1736 2813 1796 adnotarem.
2862 1733 3022 1794 lllud
3061 1741 3378 1810 postremo

164 1831 273 1890 loco
303 1835 693 1893 monendum
737 1842 1061 1911 superest,
1093 1851 1286 1896 sacrae
1318 1835 1662 1913 Scriptores
1700 1840 1913 1893 textus
1950 1831 2128 1910 juxta
2161 1832 2522 1892 versionem
2556 1830 2888 1908 Vulgatam
2923 1829 3216 1890 attulisse
3253 1845 3378 1896 me,

160 1936 690 1998 utCatholicornm
746 1939 856 2016 qui
911 1939 969 1998 ci
998 1942 1239 1999 assueti
1303 1946 1480 2008 sunt,
1525 1938 1866 1998 commodo
1918 1935 2270 2015 praesertim
2327 1935 2747 2006 inservirem;
2794 1944 2987 2012 atque
3041 1951 3168 1996 non
3219 1934 3380 1995 Novi

156 2039 445 2110 duntaxat,
507 2039 620 2099 sed
675 2039 866 2099 etiam
915 2039 1168 2099 Veteris
1215 2040 1611 2099 Testamenti
1671 2038 1858 2100 verba
1920 2039 2250 2100 aﬂ'erendo
2303 2060 2316 2097 :
2376 2037 2521 2097 licet
2570 2035 3111 2113 TheOphylaetns,
3161 2043 3380 2112 utpote

157 2140 369 2198 tirrecns
427 2147 673 2209 auctor,
709 2137 919 2216 quoad
984 2135 1373 2209 secundum,
1423 2145 1642 2197 utatur
1673 2138 1974 2200 versione
2028 2147 2149 2198 Τῶν
2205 2137 2400 2197 LXX.
2459 2138 2616 2196 Cum
2667 2152 2818 2196 vero
2857 2134 3141 2212 Vulgata;
3193 2135 3381 2196 verba

155 2244 283 2300 adeo
312 2237 644 2300 diti‘errent
681 2255 716 2300 a
748 2239 958 2299 Verbis
993 2238 1676 2317 per'l‘heOpbylactnm
1713 2239 1948 2308 allatis,
1979 2246 2044 2299 ut
2073 2238 2216 2317 ejus
2268 2236 2374 2298 iini
2421 2236 2688 2297 minime
2723 2244 3154 2298 consentanea
3187 2237 3377 2297 vide-

158 2348 362 2412 rentur,
399 2350 551 2399 tunc
579 2340 867 2416 pressius
921 2355 995 2399 ea
1029 2347 1274 2399 vertere
1312 2339 1747 2400 necessarium
1783 2340 2052 2401 omnino
2087 2339 2293 2399 visum
2333 2346 2453 2398 est.

218 2440 274 2497 L.
315 2442 450 2498 Jam
495 2455 676 2513 vero,
734 2439 929 2500 lector
984 2441 1250 2517 optime,
1311 2439 1508 2500 habes
1567 2441 1885 2510 omnium,
1948 2457 2094 2519 quae
2150 2449 2362 2501 tomus
2417 2440 2539 2500 iste
2589 2438 3057 2516 complectitur,
3111 2453 3379 2514 operum

158 2532 486 2614 laborisque
522 2554 557 2596 a
593 2552 694 2598 me
721 2537 783 2596 in
817 2552 894 2597 eo
927 2536 1238 2615 insumpti
1278 2535 1618 2596 rationem.
1649 2538 1872 2610 Quoad
1909 2537 2234 2615 duplicem
2281 2537 2454 2597 enim
2491 2538 2793 2606 Iudicem,
2823 2537 3112 2595 Graecum
3147 2550 3374 2606 unum,

156 2636 523 2717 alterumque
555 2638 878 2708 Latinum,
910 2654 1078 2716 quos
1118 2645 1442 2714 postremo
1494 2635 1636 2696 loco
1672 2637 1900 2715 adieci,
1953 2637 2111 2696 nihil
2163 2636 2390 2707 habeo,
2438 2637 2613 2714 quod
2647 2635 2876 2703 dicam,
2916 2631 3038 2693 nisi
3076 2649 3173 2690 tne
3201 2631 3263 2690 in
3301 2649 3378 2692 eo

156 2752 438 2810 spectasse
473 2741 797 2800 delectum
838 2739 1052 2816 potius
1081 2755 1271 2817 quam
1299 2740 1570 2813 capiam.
1606 2736 1775 2798 Nihil
1829 2738 2018 2798 etiam
2048 2744 2126 2798 de
2179 2738 2626 2816 impressionis
2658 2743 2945 2798 accurata
2980 2728 3378 2796 correction6

156 2836 357 2911 dicam;
384 2842 631 2918 quippe
671 2858 816 2919 qua:
857 2843 930 2902 ad
980 2859 1078 2901 me
1113 2857 1239 2900 non
1286 2846 1551 2916 spectat,
1585 2839 1700 2899 sed
1734 2839 1808 2899 ad
1841 2856 1990 2900 eum
2033 2839 2144 2919 qui
2178 2840 2531 2917 specimiua
2582 2841 2889 2901 correxit.
2927 2840 3149 2900 Solum
3185 2836 3383 2916 igitur

153 2954 291 2996 nunc
340 2948 668 3016 superest,
727 2948 797 3001 ut
845 2948 903 3000 te
953 2941 1145 3001 etiam
1193 2947 1388 3018 atque
1451 2941 1640 2999 etiam
1703 2955 1945 3016 rogem,
2010 2957 2220 3000 meum
2281 2940 2452 3000 hunc
2520 2939 3040 3017 qualemcunque
3098 2937 3380 2998 laborem

153 3047 204 3096 nt
229 3039 272 3097 si
308 3041 578 3116 probare
614 3041 878 3102 omnino
909 3057 1032 3102 non
1097 3042 1329 3118 possis,
1372 3047 1668 3100 conatum
1707 3038 1931 3099 saltem
1995 3056 2208 3100 meum
2258 3055 2444 3118 inquo
2477 3051 2788 3118 gratoque
2836 3041 3053 3100 animo
3085 3039 3380 3119 excipere

154 3139 304 3200 velis.

149 3564 472 3634 Nobilibus,
505 3565 845 3641 generosis
879 3570 1071 3633 atque
1109 3559 1775 3641 magniticisvirisp.
1810 3562 2022 3620 Marco
2056 3571 2115 3621 et
2139 3563 2368 3622 Joanni
2406 3565 2729 3641 Fuooeats
2753 3561 3083 3641 fratribus,
3115 3558 3378 3641 Antonii

207 3642 362 3712 filiis,
393 3636 818 3718 Kirchpergm
854 3650 914 3699 et
947 3636 1444 3718 Weissenliorni
1483 3636 2037 3718 barouibus,ietc.,
2072 3641 2354 3701 dominis
2411 3641 2549 3701 suis
2600 3639 3000 3700 charissimis
3035 3647 3096 3699 et
3156 3637 3380 3699 amicis

204 3723 482 3792 summis,
534 3715 928 3781 Laurentius
963 3717 1316 3790 SIFANUS,
1344 3715 1816 3787 Prunsfeldius,
1847 3717 1906 3776 J.
1943 3717 2012 3778 U.
2051 3719 2304 3793 Doctor,
2337 3721 2398 3780 ς.
2433 3723 2498 3779 Ρ.
2536 3721 2607 3778 D.

214 3950 334 4004 Cum
391 3953 605 4006 abhinc
650 3949 968 4011 triennium,
1026 3949 1125 4001 viri
1186 3951 1460 4017 generosi,
1500 3951 1776 4006 Arnoldns
1825 3950 2246 4014 Bircomannns,
2295 3950 2712 4022 Agrippinensis
2760 3947 3076 4017 bibliopola,
3111 3949 3212 4002 hoc
3245 3962 3384 4019 opus

145 4047 445 4102 sclioliornm
481 4049 540 4101 in
588 4049 722 4101 Acta
757 4047 1057 4117 apostolica
1092 4045 1198 4098 divi
1229 4044 1411 4106 Lucae,
1448 4061 1510 4099 ex
1544 4046 1764 4101 Austria
1809 4064 1838 4101 a
1886 4048 2196 4101 clarissimo
2228 4047 2347 4100 viro
2388 4047 2449 4102 D.
2480 4045 2690 4101 Joanne
2738 4047 3014 4099 Satubuco
3051 4047 3117 4098 ad
3154 4060 3211 4098 se
3245 4047 3386 4099 niis-

147 4151 260 4198 sunt,
288 4140 415 4191 mihi
454 4139 810 4192 exhibuisset
843 4153 856 4189 :
889 4136 1032 4206 quod
1070 4146 1186 4188 erat
1220 4135 1502 4204 exemplar
1527 4137 1856 4202 obsoletum,
1889 4147 1942 4191 et
1988 4137 2309 4206 compendio
2345 4138 2647 4192 litterarum
2709 4138 2843 4190 adeo
2880 4137 3196 4191 intricatum
3219 4147 3385 4206 atque

142 4235 488 4297 obscuratum,
522 4243 589 4286 ut
618 4234 686 4286 ab
724 4232 1013 4286 admodum
1053 4231 1240 4301 paucis
1270 4230 1512 4285 Colonia)
1546 4233 1647 4300 legi
1689 4243 1892 4300 posset,
1928 4250 2136 4290 mecum
2169 4248 2330 4303 agere
2362 4235 2549 4300 erepit,
2577 4243 2634 4287 ut
2659 4233 2995 4301 susciperem
3022 4233 3140 4301 ejus
3167 4232 3384 4286 descri-

144 4325 270 4378 lsen'li
300 4329 572 4382 laborem.
610 4327 764 4380 Haud
800 4327 945 4382 enim
986 4327 1271 4396 ignorabat
1300 4343 1386 4381 me
1435 4327 1564 4380 olim
1601 4326 1828 4382 Lutetia!
1862 4330 2134 4396 ejusmodi
2169 4329 2552 4384 describeudis
2584 4330 2819 4384 vetustis
2849 4329 3130 4382 codicibus
3169 4328 3382 4384 Crtrcis

143 4421 489 4483 exercitatum,
528 4419 682 4472 haud
722 4419 950 4472 multum
978 4419 1031 4472 in
1063 4420 1298 4473 let-tione
1348 4434 1470 4473 esse
1511 4419 1912 4472 lalioratnrum.
1951 4420 2060 4489 Ego
2113 4436 2243 4474 vero
2299 4437 2420 4474 cum
2473 4421 2828 4488 intelligerent
2865 4437 2988 4474 etim
3056 4437 3192 4488 optts
3245 4421 3378 4474 illud

143 4506 293 4563 ϐαίνω
322 4512 486 4564 simul
521 4519 583 4564 et
620 4508 813 4563 Latine
853 4510 1137 4579 divulgare
1184 4514 1234 4563 in
1274 4501 1460 4563 animo
1489 4512 1710 4575 habere,
1769 4513 2051 4580 cupiebant
2085 4513 2304 4582 quidem
2345 4521 2399 4565 et
2433 4513 2506 4565 illi
2534 4528 2632 4581 pro
2668 4513 2909 4564 amicitia
2945 4527 3150 4565 morem
3186 4526 3382 4580 gerere

142 4607 176 4644 cl
206 4603 419 4665 publica:
453 4601 696 4655 utilitati
735 4601 1028 4655 consulere
1061 4619 1077 4668 ;
1110 4602 1202 4656 sed
1235 4601 1548 4656 delerreliat
1581 4619 1666 4656 me
1699 4619 1820 4656 cum
1850 4605 2137 4673 scriptura:
2167 4605 2385 4658 exilitas
2419 4605 2596 4657 oculis
2638 4604 2878 4667 inimica,
2912 4612 3030 4656 tum
3067 4606 3375 4674 exertiplum

145 4710 290 4749 turnus
318 4699 708 4763 emendatum,
740 4697 1040 4766 prtesertim
1073 4712 1195 4750 cum
1231 4697 1450 4752 deesset
1479 4698 1625 4751 aliud
1672 4700 2044 4769 apographum
2084 4703 2227 4753 unde
2271 4699 2468 4768 corrigi
2511 4699 2673 4766 hujus
2702 4707 2864 4768 atque
2909 4699 3189 4753 emendari
3243 4699 3374 4753 vitia

144 4801 343 4844 possent.
377 4791 601 4858 Itaque,
664 4806 978 4859 quanquam
1014 4806 1176 4860 a'gre,
1237 4791 1487 4846 concessi
1527 4799 1704 4844 tamen
1756 4793 1984 4860 petenti,
2020 4803 2074 4846 et
2128 4809 2238 4845 rem
2273 4794 2492 4861 suscepi
2538 4810 2552 4850 :
2586 4803 2637 4848 et
2670 4809 2792 4847 cum
2845 4793 3076 4846 vitanda:
3109 4793 3377 4860 pestiferae

140 4885 438 4951 tantagionis
471 4898 651 4937 causa
684 4898 769 4935 me
797 4882 850 4934 in
883 4883 1112 4951 patriam
1139 4897 1205 4936 ex
1250 4883 1387 4936 urbe
1416 4883 1770 4951 recepissem,
1804 4883 1946 4952 apud
1979 4883 2241 4937 Jacobntn
2275 4882 2610 4937 Parrhasium
2639 4883 2888 4936 abbatem
2923 4883 3156 4937 emnobii
3198 4882 3378 4935 Stein-

142 4972 287 5034 veldii,
317 4975 495 5026 virum
536 4983 597 5027 et
652 4971 874 5033 litteris,
907 4979 961 5025 et
998 4973 1222 5040 pietate,
1283 4981 1336 5025 et
1385 4972 1671 5041 prudentia
1720 4974 2155 5037 ornatissimum,
2190 4974 2293 5028 hoc
2323 4991 2459 5043 opus
2492 4975 2630 5026 haud
2668 4975 2788 5027 sine
2827 4974 3070 5026 maximo
3094 4973 3278 5026 labore
3312 4989 3377 5024 ac

140 5069 317 5121 laesione
351 5071 653 5123 oculorum
681 5067 950 5135 descripsi
983 5085 996 5126 :
1037 5068 1184 5136 quod
1223 5068 1313 5121 ubi
1359 5068 1748 5136 transcriptum
1786 5069 2151 5123 Bircomanno
2185 5069 2405 5122 tradidi.
2438 5068 2531 5121 llle
2558 5083 2718 5136 porro
2751 5083 2962 5121 mecum
2992 5082 3151 5136 agere
3188 5066 3373 5135 capit,

141 5168 182 5207 ut
210 5163 334 5228 quod
360 5163 800 5232 descripserant,
834 5160 994 5213 etiam
1027 5171 1404 5216 converterem
1439 5163 1491 5214 in
1520 5177 1823 5216 sermonem
1855 5163 2134 5216 Latinum.
2162 5165 2272 5232 Ego
2304 5177 2432 5215 vero
2462 5162 2645 5232 (quod
2681 5162 2822 5216 haud
2862 5162 3172 5231 ignorabam
3206 5175 3380 5228 quan-

141 5263 289 5315 tepere
318 5256 443 5306 mihi
470 5251 835 5308 aestuandum
874 5263 1039 5320 atque
1065 5253 1372 5306 sutlandum
1404 5266 1548 5309 esset
1578 5254 1630 5306 in
1664 5270 1851 5322 opere,
1889 5255 2048 5322 cujus
2078 5270 2245 5307 unum
2280 5255 2549 5308 duntaxat
2577 5262 2819 5308 exstaret
2846 5253 3175 5320 exemplum,
3212 5251 3378 5320 idque

144 5345 289 5398 multis
321 5347 371 5399 in
406 5349 545 5400 locis
583 5343 855 5412 mutjlnm
888 5352 1050 5410 atque
1077 5343 1482 5414 depravatum),
1514 5347 1907 5415 aliquantisper
1945 5357 2256 5412 Cunctatus,
2295 5348 2510 5401 tandem
2554 5345 2831 5407 Ecclesia),
2857 5345 2909 5396 in
2949 5353 3054 5395 tam
3092 5345 3208 5398 utili
3238 5361 3377 5413 prae.

141 5447 288 5491 serum
339 5459 398 5495 ac
440 5446 536 5510 pio
575 5455 776 5508 opere,
823 5439 1078 5506 jurandze
1121 5441 1326 5504 studio,
1368 5451 1530 5508 atque
1574 5443 1734 5494 etiam
1773 5443 2036 5496 tolerabili
2082 5457 2109 5494 a
2153 5441 2519 5496 Bircomauno
2549 5441 2823 5509 proposita
2877 5439 3212 5501 conditione,
3257 5456 3368 5493 rem

142 5541 385 5595 aintrasses
421 5550 547 5587 sum
593 5551 607 5584 :
648 5546 716 5582 ac
770 5530 856 5580 vix
917 5530 1131 5580 tandem
1164 5529 1394 5584 absolvi.
1433 5530 1564 5583 Nam
1601 5548 1996 5601 smpenumero,
2043 5534 2170 5587 dum
2215 5534 2266 5586 in
2301 5535 2418 5586 loca
2455 5533 2640 5585 mutila
2672 5539 2834 5599 atque
2866 5541 3117 5597 corrupta
3167 5531 3370 5584 incide-

144 5621 426 5680 ἤλπικαιο
479 5623 700 5676 laboris
757 5621 1068 5688 frequenter
1122 5623 1282 5686 irriti,
1314 5640 1376 5678 ac
1421 5627 1815 5695 propemodum
1868 5629 2249 5695 desperatione
2285 5629 2358 5681 rei
2414 5627 2644 5680 feliciter
2693 5625 3037 5678 absolvvntla‘
3072 5625 3237 5692 (cum
3271 5640 3368 5678 nec

143 5725 312 5778 seteper
343 5718 514 5771 otium
551 5715 758 5779 esset),
793 5714 862 5766 ab
888 5729 1048 5783 opere
1079 5718 1314 5781 cessavi,
1339 5719 1481 5786 quod
1519 5720 1838 5789 plerumque
1870 5720 2033 5774 etiam
2069 5720 2246 5774 facere
2277 5719 2446 5781 soleo,
2473 5719 2560 5773 ubi
2600 5718 2729 5770 mihi
2765 5718 2877 5785 ipse
2905 5732 3012 5769 non
3053 5715 3362 5770 satisfacio:

145 5820 218 5862 nec
239 5814 368 5868 enim
393 5815 530 5870 mihi
565 5811 913 5885 persuadere
943 5826 1191 5880 possunt,
1235 5813 1302 5868 ab
1333 5815 1454 5868 aliis
1479 5816 1766 5884 probatum
1801 5817 1888 5882 iri,
1919 5816 2062 5886 quod
2097 5814 2452 5884 mihimetipsi
2471 5814 2769 5884 displiceat.
2803 5811 2989 5882 itaque
3012 5827 3132 5866 eum
3168 5827 3360 5880 perpe-
