4156 6440
735 393 842 454 ιτς)
1778 388 2198 448 LAURENTH
2251 389 2506 448 SlFANl
2545 389 2957 450 PILEFATIO.
3880 389 4007 456 480

739 517 891 559 tuum
926 505 980 559 in
1014 503 1386 559 convertendo
1425 517 1628 558 morem
1661 517 1880 558 servare
1905 504 2074 565 soleo,
2097 512 2279 555 utnon
2313 511 2437 555 ante
2469 517 2685 571 pergam
2717 519 2880 572 opere
2904 505 3173 566 instituto,
3203 520 3366 574 quam
3394 505 3590 572 prioris
3624 507 3728 560 diei
3771 506 4006 560 labores

743 614 1132 668 recognovcro,
1169 607 1223 652 et
1255 613 1426 666 usque
1456 612 1519 651 eo
1554 612 1863 662 correxere,
1894 606 1950 649 ut
1985 597 2168 648 animo
2201 611 2321 648 meo
2352 597 2534 663 aliquo
2565 597 2727 649 modo
2761 598 3012 652 satisfiat.
3055 598 3131 651 Ac
3162 612 3470 666 quanquam
3501 597 3628 650 mihi
3655 612 3759 650 non
3785 599 4006 666 ubique

741 692 978 768 satisfeci
1048 693 1162 759 (qui
1205 691 1346 744 enim
1380 689 1678 758 potuissem
1711 691 1763 742 in
1801 691 1866 743 iis
1903 691 2062 752 locis,
2091 689 2180 743 ubi
2216 699 2476 758 corrupto
2505 692 2719 757 penitus
2751 705 2812 744 ac
2842 691 3088 742 mutilato
3120 691 3432 759 apograplio
3454 690 3798 756 conjecturas
3831 686 4002 755 sequi

745 801 968 839 necesse
1001 786 1164 837 habui
1191 785 1258 853 ?),
1291 784 1456 836 malui
1492 792 1672 836 tamen
1709 800 1764 837 re
1792 793 2046 852 suscepta
2083 784 2238 836 [idem
2266 798 2444 835 meam
2479 784 2735 846 liberare,
2767 800 2866 838 nec
2890 785 3168 837 hominum
3198 784 3664 851 exspectationem
3698 781 4003 849 frustrari.

746 885 799 928 et
838 878 1042 945 aliquid
1077 879 1256 946 potius
1283 876 1335 927 in
1377 884 1532 944 parte
1562 876 1765 943 operis,
1795 876 1938 944 quod
1976 874 2268 943 aliquando
2300 875 2591 938 sarciatur,
2649 875 2832 927 minus
2863 873 3102 942 probari,
3132 889 3292 942 quam
3329 880 3501 925 totum
3532 887 3670 940 opus
3709 871 3799 924 diu
3840 870 4008 924 desi-

750 971 953 1023 derari.
989 969 1210 1023 llabetis
1253 969 1412 1023 simul
1450 968 1739 1022 consilium
1775 983 1953 1020 meum
1982 967 2036 1019 in
2071 966 2419 1034 suscipienda
2449 983 2526 1031 re,
2561 977 2609 1020 et
2651 981 2707 1018 re
2738 973 3016 1034 suscepta,
3047 980 3270 1018 causam
3303 981 3400 1018 cur
3431 974 3537 1017 tam
3574 979 3698 1018 sero
3725 978 3862 1031 opus
3899 961 4012 1014 ab-

743 1065 982 1118 solutum
1040 1069 1202 1129 atque,
1237 1061 1536 1130 perfectum
1582 1059 1809 1128 prodeat
1866 1059 1920 1112 in
1975 1060 2172 1110 lucem.
2221 1057 2356 1109 Cum
2391 1058 2557 1127 igitur
2591 1059 2741 1126 operi
2771 1057 2881 1125 jam
2919 1057 3310 1126 propemodum
3346 1055 3472 1110 ﬁnis
3502 1055 3792 1124 itnpositus
3824 1061 4012 1118 esset,

750 1163 912 1218 atque.
943 1166 1044 1219 ego
1077 1165 1285 1201 meeum
1312 1149 1669 1202 deliberarem
1698 1159 1860 1216 atque
1885 1148 2255 1201 consultarent
2287 1162 2449 1216 quem
2487 1149 2571 1202 his
2613 1147 2894 1200 laboribus
2927 1146 3061 1200 meis
3092 1147 3441 1215 potissimum
3485 1147 3776 1215 deligerem
3813 1155 4014 1212 patre-

747 1259 897 1301 num,
935 1240 1127 1292 amicis
1158 1239 1278 1291 aliis
1319 1239 1701 1305 alios,cosque
1729 1236 2099 1306 amplissimos
2119 1237 2339 1305 quidem
2371 1236 2538 1300 viros,
2568 1236 2662 1290 sed
2695 1237 3020 1304 quibuscum
3055 1236 3186 1290 mihi
3210 1237 3354 1288 nulla
3377 1236 3768 1305 propemodum
3803 1235 4010 1288 notitia

749 1335 1137 1396 intercederet,
1202 1334 1677 1404 proponentibus:
1737 1347 1838 1402 ego
1891 1349 2016 1386 cum
2080 1334 2321 1400 ineptum
2364 1341 2418 1386 et
2450 1333 2819 1401 importunum
2856 1347 2979 1386 esse
3021 1332 3356 1402 judicabam,
3391 1346 3712 1400 magnorum
3753 1331 4013 1384 virorum

743 1443 1046 1498 eorumque
1074 1429 1404 1496 ignotorum,
1433 1435 1484 1480 et
1515 1427 1578 1480 ad
1611 1443 1752 1494 quos
1785 1427 1991 1480 nullum
2033 1427 2158 1493 quis
2184 1425 2392 1479 aditum
2430 1427 2641 1488 habeat,
2682 1427 2952 1479 amicitias
2986 1433 3260 1494 appetere,
3293 1440 3356 1479 ac
3389 1439 3510 1480 sese
3545 1439 3653 1478 non
3691 1423 3851 1477 modo
3882 1438 4018 1477 ser-

747 1519 945 1582 viliter,
977 1533 1160 1570 verum
1200 1519 1363 1572 etiam
1400 1519 1745 1586 impudenter
1774 1513 2059 1572 insinuare
2095 1536 2107 1571 :
2135 1527 2250 1572 tum
2283 1533 2418 1572 mea:
2453 1527 2662 1571 naturae
2693 1526 2859 1587 atque
2908 1518 3124 1588 ingenio
3156 1518 3406 1570 videbam
3447 1531 3559 1570 rem
3606 1531 3729 1570 csse
3763 1517 4018 1570 maxime

748 1616 1033 1670 adversam
1064 1626 1116 1670 et
1147 1617 1447 1671 inimicam.
1477 1619 1657 1686 Atque
1693 1618 1836 1670 haud
1871 1618 2190 1687 ignorabam
2214 1633 2328 1681 eos,
2367 1619 2567 1686 quibus
2611 1619 2813 1687 ignotis
2849 1617 3114 1686 ejusmodi
3144 1616 3324 1670 honos
3359 1616 3615 1677 habetur,
3647 1629 3755 1666 non
3790 1615 4018 1680 absque

749 1728 914 1766 causa
941 1712 1212 1780 suspicari
1245 1713 1420 1767 solere
1454 1728 1607 1766 suam
1634 1713 1702 1765 ab
1734 1713 2054 1766 hominibus
2083 1713 2411 1781 importunis
2444 1713 2876 1765 muniﬁcentiam
2911 1722 3076 1781 atque
3105 1712 3480 1765 liberalitatem
3529 1708 3811 1764 sollicitari
3848 1724 3862 1762 :
3909 1706 4017 1759 sed

749 1805 792 1855 si
825 1807 949 1873 quis
986 1805 1248 1858 beneficio
1279 1804 1505 1858 affectus
1532 1805 1698 1858 animi
1743 1805 1828 1858 sui
1865 1805 2251 1872 gratitudinem
2283 1805 2566 1859 declarare
2590 1804 2823 1867 studeat,
2845 1821 2969 1858 eum
3012 1820 3120 1857 non
3157 1803 3318 1856 modo
3355 1819 3461 1857 non
3492 1801 3788 1863 odendere,
3812 1813 4017 1852 verum

749 1897 912 1949 etiam
944 1896 1178 1960 laudem,
1209 1896 1252 1948 si
1276 1897 1410 1948 nihil
1438 1896 1580 1949 aliud
1618 1896 1878 1964 proficiat,
1907 1897 1975 1948 ab
2011 1876 2338 1950 hominibus
2352 1896 2494 1949 ferre
2522 1897 2719 1950 solere.
2751 1895 2882 1960 Qua:
2912 1911 3034 1947 cum
3065 1896 3247 1947 animo
3269 1895 3552 1962 agitarem,
3588 1903 3752 1962 atque
3787 1892 4019 1959 perple-

751 2003 854 2041 xus
889 1989 1146 2042 limrerem
1177 1989 1266 2041 cui
1302 1989 1399 2042 hos
1434 2005 1585 2044 meos
1639 1989 1857 2042 labores
1889 1988 2096 2058 absque
2121 1989 2426 2044 offensione
2483 2002 2647 2060 atque
2695 1991 3096 2044 obtrectatione
3126 1992 3446 2058 cujusquam
3504 1989 3812 2043 dedicarem
3863 1989 4012 2056 (non

750 2079 895 2129 enim
931 2078 1224 2132 convenire
1251 2093 1350 2132 nec
1376 2079 1630 2148 expedire
1661 2079 1966 2143 videbatur,
1987 2081 2188 2134 librum
2214 2081 2422 2151 absque
2455 2090 2683 2150 patrono
2702 2091 2864 2150 atque
2891 2081 3180 2134 defensore
3201 2081 3462 2150 judicium
3486 2082 3761 2134 hominum
3790 2080 4013 2134 subire.

753 2176 1057 2240 praesertim
1091 2175 1249 2241 cujus
1288 2184 1480 2228 auctor
1510 2177 1675 2228 etiam
1707 2190 1853 2230 nunc
1884 2185 2198 2243 superesset
2229 2194 2242 2229 :
2291 2179 2492 2246 quippe
2522 2193 2644 2230 cum
2702 2177 2806 2229 vivi
2865 2178 3038 2246 magis
3087 2193 3244 2245 quam
3295 2178 3492 2229 mortui
3529 2177 3746 2229 invidia:
3775 2176 4011 2229 obnoxii

751 2267 922 2319 simus
949 2276 1003 2318 et
1029 2268 1468 2321 obtrecmntibus
1494 2269 1833 2337 opportuni),
1872 2283 1968 2322 vos
1999 2269 2128 2321 mihi
2156 2269 2210 2322 in
2243 2271 2458 2339 primis.
2486 2279 2544 2324 ut
2574 2286 2670 2339 par
2699 2279 2805 2332 est,
2837 2272 2889 2323 in
2921 2281 3159 2324 mentem
3186 2270 3435 2333 venistis,
3473 2269 3669 2336 quibus
3702 2284 3809 2321 non
3842 2271 4017 2323 modo

753 2365 979 2427 promer
1008 2370 1212 2424 vetera,
1240 2376 1426 2412 verum
1463 2362 1627 2413 etiam
1665 2362 1735 2413 ob
1767 2363 2006 2414 recentia
2043 2364 2261 2424 merita,
2313 2365 2428 2418 imo
2474 2380 2608 2417 vero
2641 2372 2864 2434 prepter
2900 2373 3217 2432 perpetuam
3263 2377 3390 2430 erga
3439 2377 3523 2414 me
3583 2361 4013 2413 beneﬁcentiam

753 2459 914 2517 atque
944 2450 1338 2513 liberalitatem,
1369 2453 1611 2503 oumium
1642 2451 1797 2520 longe
1830 2454 2127 2522 plurimum
2171 2451 2448 2506 deberem.
2481 2455 2596 2508 Non
2650 2471 2734 2508 me
2781 2455 3043 2522 praeterit,
3103 2452 3337 2506 auribus
3395 2453 3590 2506 vestris
3638 2452 3907 2520 ingratam
3958 2459 4018 2501 et

753 2540 1106 2608 iajucundam
1148 2557 1273 2594 esse
1332 2543 1677 2596 immodicam
1717 2559 1781 2597 ac
1810 2547 2032 2600 nimiam
2074 2546 2418 2600 liberalitatis
2447 2555 2641 2599 vestrae
2703 2547 3141 2614 praedicationem
3182 2561 3195 2596 :
3240 2558 3425 2596 verum
3457 2543 3600 2602 date,
3628 2557 3830 2610 qumso,
3863 2542 4017 2592 hanc

755 2633 970 2684 veniam
1005 2632 1156 2693 mihi,
1191 2633 1278 2684 cui
1316 2633 1448 2686 nihil
1485 2651 1721 2704 unquam
1754 2640 1954 2704 petenti
1987 2639 2321 2706 denegastis,
2352 2638 2446 2691 sed
2489 2640 2722 2705 plurima
2769 2654 2875 2690 non
2911 2637 3111 2705 petenti
3145 2637 3434 2697 tribuistis,
3466 2643 3524 2687 ut
3551 2634 3864 2688 sut‘nmatim
3895 2635 4008 2685 sal'

756 2730 864 2775 tem
893 2723 943 2775 in
987 2739 1070 2777 me
1095 2726 1290 2776 collata
1329 2725 1592 2781 beneiicia
1627 2740 1803 2783 vestra
1839 2748 2176 2801 percurram.
2210 2733 2344 2785 Nam
2393 2735 2563 2800 patris
2600 2733 2787 2794 vestri,
2837 2733 3158 2799 amplissimi
3194 2741 3354 2799 atque
3384 2729 3574 2798 Optimi
3637 2729 3759 2790 viri,
3812 2730 3865 2779 in
3926 2743 4021 2779 me

757 2828 971 2866 summa
999 2816 1197 2866 collata
1234 2817 1517 2880 beneficia,
1559 2821 1664 2873 alio
1707 2823 1823 2874 loco
1859 2823 2073 2876 abunde
2108 2823 2244 2876 satis
2275 2824 2720 2887 commemoravi,
2759 2838 2868 2891 quo
2901 2825 3008 2875 vita
3044 2820 3320 2883 defunCto,
3357 2836 3454 2874 vos
3487 2834 3592 2871 non
3624 2818 3787 2871 modo
3833 2817 4019 2869 facul-

757 2916 928 2959 tatum
955 2917 1006 2961 et
1039 2925 1200 2977 opum
1231 2911 1375 2964 illius
1407 2913 1649 2966 lucrech
1683 2917 1994 2978 exstitistis,
2026 2932 2214 2968 verum
2247 2918 2409 2967 etiam
2445 2918 2707 2969 virtutum
2757 2927 2810 2969 et
2858 2915 3200 2968 liberalitatis
3248 2915 3299 2967 in
3342 2913 3532 2982 primis
3571 2913 3873 2964 imitatores
3908 2910 4022 2962 fui-

758 2998 860 3050 stis
899 3015 912 3052 :
946 3017 1065 3068 qua:
1089 3009 1239 3054 tanta
1271 3006 1477 3057 exstitit
1524 3023 1650 3075 erga
1695 3025 1799 3066 me,
1846 3018 1902 3060 ιιι
1946 3009 2092 3061 illius
2133 3010 2332 3060 mortui
2373 3008 2755 3060 liberalitatem
2803 3019 2965 3076 atque.
3018 3007 3442 3060 muniﬁcentiam
3491 3006 3631 3058 haud
3681 3018 4020 3071 magnopere

759 3093 1142 3147 desiderarim.
1176 3096 1333 3163 Nam,
1367 3108 1423 3150 ut
1448 3103 1727 3168 Superiora
1771 3113 2112 3170 prtetercam,
2151 3119 2271 3170 quae
2323 3103 2629 3169 frequentia
2680 3115 2840 3170 atque
2891 3103 3127 3170 ingentia
3179 3101 3418 3165 fuerunt,
3465 3099 3698 3169 primum
3746 3113 3840 3149 vos
3885 3104 4020 3146 ante

762 3183 1065 3250 δίθηιιίυη),
1114 3203 1234 3239 cum
1291 3191 1343 3242 in
1395 3193 1494 3244 hoc
1539 3209 1702 3262 opere
1754 3212 2021 3256 versarer,
2075 3198 2206 3248 nihil
2237 3197 2341 3248 tale
2375 3213 2483 3249 non
2519 3197 2678 3248 modo
2719 3198 2938 3262 petenti,
2975 3210 3160 3247 verum
3192 3197 3354 3248 etiam
3397 3210 3460 3247 ne
3489 3191 3746 3262 cogitanti
3789 3189 4015 3256 quidem

763 3275 957 3327 bonam
996 3279 1238 3342 pecunia:
1293 3295 1561 3334 summam
1610 3285 1738 3334 mihi
1796 3286 2133 3352 suppeditari
2187 3301 2250 3337 ac
2305 3286 2718 3338 subministrari
2780 3286 3015 3336 cerastis
3053 3301 3066 3337 :
3108 3285 3321 3346 deinde,
3357 3282 3606 3347 cumjam
3631 3279 4017 3332 liberalitatem

759 3373 998 3418 vestram
1024 3367 1187 3420 citius
1221 3367 1500 3436 fatigatam
1525 3387 1646 3424 esse
1670 3375 1984 3440 suspicatus
2032 3373 2277 3435 fuissi-m,
2311 3390 2474 3440 quam
2539 3374 2744 3440 aliquid
2796 3372 3065 3440 t'jlhmOl“
3100 3388 3342 3440 sperare,
3386 3372 3580 3423 nedum
3613 3381 3814 3436 petere,
3843 3384 4021 3420 ausus

759 3473 963 3520 essem,
997 3468 1121 3510 ante
1156 3475 1361 3527 paucos
1389 3477 1606 3516 menses
1632 3467 1937 3531 przctcritos
1962 3481 2116 3533 mque
2145 3481 2340 3532 magna
2370 3475 2530 3531 atque
2564 3465 2784 3517 biennio
2821 3475 2947 3516 ante
2975 3483 3058 3518 me
3086 3480 3294 3518 summa
3325 3464 3568 3532 pecunia!
3591 3462 3858 3516 donastis.
3890 3463 4020 3525 Quo

763 3549 1028 3602 beneficio
1075 3559 1319 3617 tempore
1379 3557 1851 3622 opportunissimo
1876 3573 1903 3609 a
1937 3559 2092 3610 vobis
2123 3567 2368 3626 accepto,
2407 3574 2529 3610 cum
2567 3558 2818 3609 videlicet
2871 3558 3228 3610 deliberarem
3288 3573 3446 3624 quem
3508 3556 3848 3622 potissimum
3887 3557 4021 3608 huic

762 3639 940 3705 partui
975 3656 1095 3693 meo
1136 3649 1368 3696 tutorem
1401 3660 1464 3698 ac
1507 3647 1847 3701 defensorem
1890 3664 2163 3717 pararem,
2207 3652 2388 3703 omnis
2440 3651 2710 3702 dubitatio
2755 3652 3142 3718 cunctatioque
3179 3650 3308 3701 mihi
3346 3647 3732 3716 propemodum
3763 3658 4016 3716 exempta

760 3740 844 3782 cst
882 3748 894 3781 :
929 3746 1054 3783 nam
1089 3734 1328 3786 restabat
1362 3737 1526 3788 etiam
1559 3754 1704 3791 nunc
1741 3742 2034 3808 scrupulus
2069 3758 2230 3795 unus.
2274 3741 2539 3805 Quoniam
2571 3741 2733 3792 etiam
2771 3741 3030 3801 sciebam,
3066 3756 3174 3808 quo
3209 3741 3389 3793 niinus
3419 3739 3694 3806 appetitis,
3731 3753 3794 3790 eo
3828 3739 4023 3806 plures

762 3821 914 3874 vobis
930 3824 1161 3876 honores
1182 3825 1401 3890 deferri,
1419 3843 1481 3905 ac
1499 3831 1700 3884 multos
1726 3830 1972 3886 homines
1985 3835 2174 3887 doctos
2187 3835 2341 3886 vobis
2359 3848 2487 3886 suos
2509 3832 2720 3886 labores
2746 3843 2906 3900 atque
2931 3832 3336 3886 iucubrationes
3363 3833 3662 3896 dedicasse,
3681 3831 4021 3885 subverebar

768 3928 836 3965 ne
876 3916 1088 3967 animos
1120 3925 1328 3970 vestros
1365 3918 1563 3973 talibus
1587 3922 1760 3988 epulis
1793 3925 2022 3977 satiatos
2051 3935 2213 3992 atque
2248 3924 2485 3992 repletos
2509 3925 2887 3990 intempestiva
2912 3925 3282 3977 benevolentia
3304 3924 3631 3976 offenderent
3661 3925 3820 3976 citius
3849 3939 4016 3991 quam

762 3999 871 4053 hoc
898 4016 1098 4069 genere
1125 4005 1282 4056 oﬂicii
1318 4010 1547 4072 gratiam
1581 4023 1609 4060 a
1647 4012 1802 4064 vobis
1836 4013 2056 4065 inirem.
2082 4013 2188 4065 Sed
2225 4024 2404 4067 tamen
2446 4030 2569 4066 cum
2596 4015 2730 4065 liber
2748 4014 2952 4080 absque
2984 4025 3215 4082 patrono
3242 4015 3465 4068 omnino
3499 4031 3603 4066 non
3632 4014 4016 4082 divulgandus,

775 4108 876 4146 nec
908 4094 1186 4146 hominum
1213 4095 1424 4162 judicio
1454 4099 1798 4167 objiciendus
1824 4118 1948 4156 esse
1985 4105 2278 4164 videretur,
2307 4113 2359 4157 et
2393 4119 2498 4156 non
2525 4103 2660 4156 satis
2689 4102 2773 4162 pie
2813 4119 2909 4154 nec
2944 4114 3090 4158 recte
3121 4121 3203 4158 me
3234 4104 3502 4156 facturum
3542 4120 3663 4156 esse
3685 4104 4019 4170 judicaretur,

780 4185 824 4236 si
853 4184 1009 4238 vobis
1044 4188 1333 4252 pra-teritis
1367 4190 1502 4242 alios
1533 4191 1660 4242 mihi
1694 4200 1950 4258 patronos
1978 4210 2279 4260 qua'rcrcm
2310 4199 2437 4261 (non
2473 4198 2618 4249 enim
2652 4209 2973 4251 ra-tcrorum
3007 4196 3284 4247 hominum
3317 4194 3501 4248 eadem
3541 4209 3659 4260 quae
3685 4204 3858 4247 vestra
3887 4207 4021 4248 sunt

790 4278 984 4341 inlicia)
1008 4280 1169 4332 malui
1191 4281 1241 4332 iu
1268 4280 1404 4332 hattc
1433 4290 1634 4350 partem
1655 4300 1895 4351 peccare,
1918 4301 2077 4353 quam
2095 4288 2346 4353 cuiquam
2368 4289 2544 4340 minus
2565 4290 2811 4357 prudenti
2831 4305 2933 4343 nou
2964 4291 3098 4342 satis
3119 4298 3306 4356 gratus
3342 4285 3531 4339 videri.
3557 4285 3671 4339 Non
3697 4289 3838 4338 enim
3863 4288 4020 4340 video

769 4383 868 4421 nec
910 4385 1126 4436 Sperarc
1151 4388 1365 4437 possum
1406 4372 1521 4426 fore
1548 4375 1844 4443 aliquando
1869 4385 2102 4444 tempus,
2141 4394 2249 4445 quo
2273 4380 2379 4430 alio
2402 4380 2560 4432 ollicii
2601 4396 2799 4448 genere
2827 4387 2988 4448 atque
3020 4381 3144 4439 hoc,
3175 4388 3352 4432 vestra
3389 4380 3645 4432 benelicia
3682 4383 4016 4432 remunerari

769 4462 996 4527 possim,
1062 4463 1264 4530 quippe
1304 4479 1426 4516 cum
1473 4466 1604 4518 nihil
1644 4468 1774 4518 mihi
1833 4477 2082 4536 suppetat
2144 4478 2340 4537 prteter
2391 4471 2749 4524 voluntatem.
2809 4470 2923 4523 lluc
2967 4471 3176 4524 accedit
3215 4470 3357 4538 quod
3400 4469 3648 4521 videbam
3685 4469 3826 4521 haud
3858 4468 4018 4520 facile

771 4551 909 4602 alios
957 4567 1024 4603 ex
1085 4568 1314 4605 IHHIIt‘l‘O
1349 4557 1648 4608 aulicorum
1695 4568 1888 4623 pra'ter
1925 4574 2018 4610 vos
2056 4576 2139 4612 me
2176 4563 2416 4629 reperire
2460 4578 2640 4629 posse,
2689 4563 2778 4629 qui
2816 4577 2937 4613 cum
2979 4571 3197 4629 promer
3222 4561 3505 4628 utriusque
3539 4561 3729 4627 linguae
3763 4561 4014 4628 peritiam

774 4645 914 4699 haud
954 4649 1225 4717 vulgarem
1258 4651 1462 4718 optime
1516 4653 1582 4705 de
1635 4653 1944 4718 hujusmodi
2005 4656 2224 4722 scriptis
2276 4656 2526 4722 judicare
2559 4665 2797 4724 possent,
2853 4665 2966 4708 tum
3020 4655 3250 4708 candide
3278 4665 3439 4722 atque
3477 4656 3689 4707 sincere
3718 4653 4015 4719 iudicaturi

774 4747 976 4790 essent.
1008 4741 1374 4805 Quamobrem
1404 4760 1431 4796 a
1462 4745 1612 4798 vobis
1651 4762 1746 4814 pro
1783 4756 1960 4798 vestra
1999 4747 2052 4798 in
2095 4764 2178 4799 me
2209 4758 2468 4814 perpetua
2495 4763 2557 4799 ac
2594 4748 2826 4800 maxima
2853 4747 3225 4799 benevolentia
3256 4747 3515 4814 majorem
3555 4745 3606 4796 in
3649 4745 3865 4796 modum
3893 4753 4018 4810 peto

774 4845 1086 4900 quaesoque,
1119 4844 1170 4885 ut
1199 4834 1342 4887 hunc
1379 4851 1599 4902 parvum
1627 4848 1677 4889 et
1707 4839 1961 4902 exiguum
1999 4847 2233 4903 partum,
2264 4853 2424 4904 quem
2454 4838 2606 4889 vobis
2641 4839 2692 4889 in
2725 4838 3030 4890 clientelam
3063 4844 3115 4889 et
3152 4837 3307 4889 fidem
3341 4836 3683 4898 commendo,
3715 4836 3782 4887 ab
3822 4835 4018 4892 invidis

774 4923 922 4974 omni
963 4937 1066 4990 Ope
1092 4926 1254 4988 tueri,
1284 4943 1312 4978 a
1343 4927 1835 4979 calumniatoribus
1865 4937 1915 4978 ct
1943 4929 2407 4980 obtrectatoribus
2445 4927 2701 4981 otnuibus
2738 4929 2944 4980 viribus
2978 4926 3271 4980 defendere
3304 4927 3482 4979 velitis
3524 4944 3536 4977 :
3573 4926 3664 4994 qui
3701 4926 3743 4978 si
3790 4941 3819 4978 a
3866 4929 4016 4978 vobis

773 5015 968 5084 dignus
1023 5015 1294 5081 judicatus
1351 5017 1510 5068 fuerit
1558 5033 1716 5084 quem
1769 5017 2189 5083 amplectamini,
2241 5033 2402 5084 quem
2466 5019 2516 5070 in
2567 5017 2824 5069 familiam
2885 5029 3117 5072 vestram
3193 5017 3469 5085 recipiatis
3499 5026 3660 5085 atque
3689 5015 3937 5079 foveatis,
3971 5019 4013 5068 si

781 5109 1098 5163 hominibus
1141 5112 1243 5177 piis
1275 5124 1319 5162 et
1349 5113 1614 5164 studiosis
1645 5111 1941 5179 aliquando
1976 5112 2127 5165 utilis
2167 5111 2353 5173 fuerit,
2388 5113 2524 5166 nihil
2562 5113 2692 5164 mihi
2745 5114 2867 5165 istic
2917 5112 3223 5174 vindicabo,
3283 5112 3336 5163 in
3375 5126 3471 5164 vos
3510 5125 3700 5163 omnes
3729 5110 4015 5176 meumjus

778 5201 1069 5260 transfero,
1098 5217 1330 5266 quorum
1366 5202 1563 5268 opibus
1595 5203 1816 5269 adjutus
1849 5213 1897 5254 et
1930 5212 2289 5267 sustentatus,
2332 5204 2475 5255 hunc.
2510 5203 2694 5256 furtum
2731 5203 2960 5269 produxi
3017 5221 3028 5254 :
3085 5203 3178 5269 qui
3211 5202 3386 5255 sicubi
3423 5201 3720 5255 deformior
3769 5202 4016 5254 minusve

779 5290 1050 5358 perfectus
1083 5301 1134 5342 et
1190 5292 1240 5342 in
1287 5292 1463 5358 aliqua
1505 5304 1654 5358 parte
1688 5294 1769 5346 Sui
1813 5293 2033 5344 tiintilns
2065 5307 2126 5346 ac
2156 5293 2484 5360 depravatus
2519 5296 2852 5361 apparuerit,
2899 5293 3000 5344 hoc
3034 5295 3226 5360 partim
3262 5292 3410 5344 vitiis
3436 5292 3622 5345 matris
3645 5291 3862 5352 Graeca),
3895 5305 4016 5358 qme

781 5385 910 5436 nzihi
942 5383 1084 5435 haud
1117 5386 1426 5454 incorrupta
1448 5388 1736 5439 eonciliata
1769 5395 1870 5447 est,
1901 5386 2246 5438 attribuitote
2286 5403 2297 5436 :
2336 5387 2532 5452 partim
2570 5402 2699 5438 mete
2727 5387 3064 5438 inbecillitati
3092 5387 3448 5456 assignatote,
3486 5402 3513 5438 a
3565 5400 3694 5453 quo,
3727 5395 4017 5449 superante

784 5475 924 5526 malo
953 5477 1095 5527 vires
1135 5486 1186 5527 et
1221 5476 1493 5542 ingenium
1529 5479 1776 5538 artlieis,
1813 5478 1994 5528 omnia
2055 5476 2255 5544 corrigi
2310 5487 2364 5529 et
2420 5476 2697 5528 emendari
2742 5493 2845 5528 non
2903 5485 3218 5545 potuerunt.
3258 5477 3390 5529 Nam
3423 5478 3466 5531 si
3499 5480 3622 5544 quis
3679 5476 3914 5542 iniquior
3966 5490 4017 5529 et

787 5565 1077 5627 malignior
1110 5565 1275 5629 jndev
1322 5570 1456 5627 inec,
1486 5582 1603 5632 qua:
1643 5567 1709 5619 de
1745 5567 1933 5618 matris
1966 5566 2164 5618 Graecas
2203 5567 2346 5618 vitiis
2375 5567 2518 5628 dico,
2559 5568 2738 5619 minus
2778 5569 2990 5620 sincera
3025 5579 3185 5634 atque
3216 5567 3424 5632 integra
3458 5566 3559 5619 fide
3599 5582 3625 5616 a
3675 5581 3756 5617 me
3787 5565 4012 5632 proferri

787 5658 1174 5723 suspicabitur,
1204 5659 1497 5726 producam
1552 5677 1737 5713 eorum
1768 5677 1888 5729 qua!)
1923 5662 2046 5713 dico
2080 5661 2572 5728 locupletissimum
2612 5669 2825 5722 testem,
2888 5662 3252 5714 clarissimum
3307 5660 3790 5725 doetissimumque
3841 5657 4016 5710 virum

788 5747 847 5800 υ.
883 5745 1144 5802 Joannem
1183 5750 1509 5806 Sambucuttt
1547 5753 1880 5807 Pannonium
1917 5771 1926 5803 :
1993 5754 2045 5806 in
2078 5753 2193 5821 ejus
2223 5754 2364 5807 enim
2414 5760 2682 5821 potestate
2715 5753 2902 5806 matris
2945 5751 3106 5808 istius
3142 5761 3389 5820 parentes
3428 5760 3572 5816 sunt,
3610 5758 3660 5803 ct
3689 5749 4014 5813 clarissima,
