4156 6440
164 422 259 487 481
1206 413 1625 477 LAURENTII
1658 412 1721 471 Si
1738 410 1907 469 FANl
1943 411 2355 473 PR/EFATIO.
3298 416 3406 479 482

166 530 480 599 gravissima
512 530 932 600 firmiSsimaquc
954 536 1171 582 exstant
1205 540 1417 589 eorum,
1446 536 1566 588 qua:
1596 520 1741 584 dico,
1788 520 1941 588 signa
1975 527 2137 587 atque
2184 520 2530 575 documenta.
2564 520 2812 577 llmevos
2866 521 3074 577 idcirco
3106 527 3404 580 monendos

96 606 105 614 ’
168 624 569 693 essejudicavi,
600 632 658 676 ut
690 623 1073 677 instructiores
1106 620 1227 674 silis
1262 615 1526 669 adversus
1557 628 1651 667 eos
1689 613 1779 681 qui
1814 613 1977 665 istum
2010 611 2201 665 fmtum
2244 615 2518 667 voluerint
2557 617 2875 685 impugnare
2902 654 2916 677 ,
2961 630 3085 667 nam
3138 628 3398 684 quantum

167 714 215 766 in
249 730 333 766 me
366 714 492 777 fuit,
521 716 654 769 nulli
692 731 791 769 nec
820 715 989 768 labori
1024 728 1125 766 nec
1157 710 1450 779 diligentim
1483 708 1534 760 in
1567 722 1630 759 eo
1669 706 1922 773 ﬁngendo
1952 716 2116 774 atque
2152 706 2437 759 formando
2467 725 2703 777 unquam
2740 708 2975 777 peperci.
3014 705 3153 772 Quid
3192 708 3404 777 pra'sti-

164 806 314 856 terim
374 806 573 873 quidve
625 814 914 859 assecutus
963 806 1087 868 siin,
1134 803 1395 873 quoniam
1444 809 1661 853 exstant
1721 799 2049 851 documenta
2108 798 2294 853 Crmce
2351 809 2515 868 alque
2574 800 2786 863 Latine,
2852 811 3012 869 atque
3070 800 3206 853 adeo
3245 808 3406 853 caete-

168 909 343 947 roruni
375 895 658 948 hominum
696 896 982 965 utriusque
1011 896 1206 963 linguae
1235 896 1555 961 peritorum,
1585 890 1631 943 si
1664 889 1918 942 vitiorum
1948 889 2109 943 modo
2131 896 2443 943 memoratae
2464 891 2651 943 matris
2672 890 2871 944 Crtccre
2901 890 3162 943 rationem
3203 888 3406 942 habue-

168 990 297 1052 ritis,
330 992 538 1058 judicio
577 992 852 1059 permitto.

228 1078 384 1143 Quod
420 1082 610 1134 attinet
641 1080 709 1134 ad
741 1083 1005 1134 rationem
1040 1088 1369 1149 temporum,
1420 1081 1621 1151 quibus
1655 1079 1848 1132 vixerit
1879 1076 2320 1148 Tlienpliylactus
2357 1075 2625 1163 Bulgaria:
2658 1078 3125 1146 archiepiscopus,
3158 1076 3399 1130 nonduin

166 1169 288 1223 mihi
348 1172 484 1224 satis
518 1183 771 1224 constare
820 1173 1037 1237 potuit:
1074 1182 1133 1225 ut
1180 1178 1320 1227 enim
1378 1173 1651 1240 conjicere
1698 1185 1940 1237 possum,
1990 1170 2173 1238 plures
2205 1171 2306 1223 hoc
2352 1172 2568 1224 nomine
2597 1169 2835 1224 fuerunt.
2878 1171 3010 1223 Nam
3044 1170 3405 1239 Nicephorus,

168 1259 553 1314 Ecclesiasticte
589 1262 843 1316 llisloric
876 1265 966 1317 lib.
1002 1281 1109 1325 xiv,
1139 1281 1260 1334 cap.
1299 1266 1385 1325 39,
1421 1264 1510 1317 tibi
1539 1264 1604 1316 de
1632 1264 1990 1316 translatione
2019 1262 2223 1328 aliquot
2251 1262 2629 1330 episcoporum
2678 1262 2809 1331 agit,
2846 1264 3047 1316 Basilio
3086 1260 3404 1330 I’ut'phyro-

165 1367 385 1419 genueta
421 1355 894 1425 Consrantinopoli
932 1360 1256 1426 imperante,
1294 1359 1759 1428 'l‘he0phylactum
1807 1357 2097 1425 quemdam
2135 1356 2399 1410 Sebastiae
2442 1358 2783 1424 episcOpum-
2811 1356 3033 1410 Resiam
3073 1356 3401 1408 translatum

166 1462 279 1500 esse
306 1448 524 1502 scribit.
551 1447 878 1504 Williclmus
907 1450 1211 1511 Lindanus,
1241 1464 1412 1504 sacra?
1443 1450 1728 1516 theologia
1760 1448 2042 1516 professor
2069 1446 2448 1512 l.ovanicnsis,
2484 1448 2537 1499 in
2569 1447 2921 1516 chronol0gia
2960 1463 3122 1515 quam
3164 1447 3230 1499 ad
3257 1446 3405 1499 fron-

164 1550 263 1595 tem
290 1554 402 1592 sua‘
433 1541 710 1609 Pauoplia:
736 1542 1007 1611 apposuit,
1039 1540 1502 1609 Theophylactum
1526 1540 1839 1611 quemdam,
1873 1554 2032 1609 quem
2077 1539 2130 1591 in
2160 1538 2247 1591 illa
2278 1552 2373 1592 sua
2406 1535 2671 1605 Panoplia
2694 1538 2836 1592 inter
2868 1548 3093 1593 cmtcros
3126 1548 3401 1592 auctorem

166 1640 381 1687 secutus
413 1636 507 1698 sit,
554 1650 698 1688 anno
746 1651 773 1688 a
820 1638 1105 1691 nativitate
1139 1637 1353 1691 Domini
1391 1636 1876 1705 septingentesimo
1927 1633 2130 1688 vixisse
2176 1634 2468 1704 significat,
2510 1633 2604 1687 sed
2649 1632 2810 1701 cujus
2841 1633 3081 1687 civitatis
3110 1630 3399 1698 episcopus

169 1722 341 1786 fuerit,
378 1739 488 1777 non
522 1727 729 1795 adjicit.
761 1727 851 1781 Est
888 1737 1067 1781 autem
1096 1728 1414 1791 verisimile,
1449 1729 1705 1795 quoniam
1743 1727 1946 1779 nullius
1978 1724 2229 1788 alterius,
2258 1725 2400 1794 quod
2424 1723 2675 1794 equidem
2709 1725 2900 1789 sciam,
2933 1726 3134 1791 scripta
3164 1732 3403 1787 exstant,

168 1810 299 1867 hunc
320 1816 794 1887 archiepiscopum
828 1818 1091 1888 Bulgaria:
1125 1818 1192 1870 ab
1220 1817 1312 1869 illo
1339 1817 1663 1886 significari,
1701 1832 1862 1885 quem
1900 1816 2064 1869 etiam
2098 1814 2361 1868 Erasmus
2393 1814 2763 1884 Chrysostomi
2815 1814 3249 1868 abbrevialorem
3282 1829 3404 1867 csse

169 1906 311 1970 dixit,
354 1918 409 1961 et
441 1909 629 1965 titulus
664 1912 829 1979 hujus
864 1914 1045 1981 operis
1082 1913 1181 1963 hoc
1205 1926 1315 1978 prtc
1346 1926 1404 1965 se
1433 1910 1554 1962 fert.
1586 1908 1719 1962 Nam
1764 1924 1871 1962 non
1916 1908 2091 1961 solum
2125 1922 2189 1959 ex
2227 1905 2439 1961 Joanne
2478 1906 2892 1975 Chrysostomo,
2922 1922 3106 1959 verum
3145 1908 3306 1965 etiam
3335 1922 3400 1961 ex

168 1997 377 2065 Basilio,
429 2000 652 2070 Cyrillo.
714 2002 939 2067 Severo,
961 2013 1025 2057 et
1057 2006 1334 2059 nonnullis
1364 2003 1507 2064 aliis,
1539 2017 1659 2070 qua:
1686 2001 1750 2055 ad
1794 1998 2133 2069 propositum
2163 2012 2216 2055 et
2259 2016 2370 2054 rem
2413 2000 2715 2053 institutam
2746 2000 3022 2067 pertinere
3061 1998 3402 2062 viderentur,

167 2092 458 2160 desumpsit
484 2102 539 2147 et
566 2094 620 2147 in
648 2110 815 2146 unum
842 2110 1044 2164 corpus
1075 2098 1347 2149 contraxit
1384 2113 1397 2148 :
1440 2108 1601 2162 quam
1629 2106 1737 2144 rem
1775 2106 1881 2144 non
1916 2092 2077 2143 modo
2113 2107 2282 2157 genus
2307 2090 2548 2151 dicendi,
2598 2089 2641 2143 si
2674 2090 2798 2158 quis
2845 2090 3087 2142 animum
3136 2092 3404 2152 atlcndat,

168 2196 340 2234 verum
373 2186 541 2237 etiam
582 2186 799 2239 nomina
832 2198 1112 2239 auctorum
1146 2187 1202 2241 in
1230 2186 1472 2255 margine
1505 2189 1767 2236 annotata
1797 2183 2106 2248 signilicant
2147 2190 2307 2250 atque
2341 2181 2637 2234 declarant.
2664 2180 2901 2233 Joannes
2927 2180 3407 2249 OEeolampadius,

166 2288 213 2347 in
241 2274 556 2341 praefatione
581 2293 742 2345 quam
776 2280 1029 2347 apposuit
1058 2277 1443 2349 TheOphylacti
1471 2285 1703 2345 quatuor
1734 2272 2143 2342 Evangeliorum
2180 2274 2503 2341 explicatum
2532 2274 2631 2326 bus
2659 2272 2726 2327 ab
2782 2288 2900 2326 sese
2938 2276 3238 2335 conversis,
3272 2273 3363 2328 nili
3393 2276 3406 2325 l

168 2367 297 2420 aliud
326 2384 488 2434 quam
525 2372 672 2423 illum
712 2372 853 2425 inter
876 2372 1089 2425 Grmcos
1115 2372 1393 2440 theologos
1419 2375 1774 2422 recentiorem
1796 2368 1963 2419 fuisse
1981 2366 2269 2433 significat,
2316 2365 2410 2418 sed
2443 2366 2585 2417 haud
2622 2364 2772 2417 falsis
2797 2379 2917 2418 eum
2943 2366 3195 2423 laudibus
3224 2379 3403 2429 ornat,

167 2473 291 2523 quas
317 2460 362 2512 si
399 2460 525 2527 quis
561 2463 807 2529 requirit,
841 2477 906 2514 ne
932 2462 999 2514 ah
1028 2462 1149 2515 aliis
1174 2462 1307 2513 bene
1338 2460 1481 2512 dicta
1524 2459 1654 2511 mihi
1688 2472 1808 2509 cum
1831 2456 2048 2510 fastidio
2082 2456 2373 2524 legentium
2405 2468 2645 2522 repetere
2679 2473 2895 2509 necesse
2929 2458 3018 2521 sit,
3056 2459 3201 2511 illine
3239 2470 3405 2527 petat,

171 2558 317 2616 atque
338 2550 507 2603 etiam
542 2567 606 2605 ex
636 2552 957 2620 pnefalimte
981 2551 1185 2605 Nicolai
1223 2551 1453 2610 Beraldi,
1485 2566 1604 2619 quae
1640 2551 1929 2618 prmposita
1965 2557 2048 2599 cst
2083 2546 2510 2599 Commentariis
2542 2549 2686 2601 illius
2720 2549 2772 2600 in
2796 2548 3064 2616 Epistolas
3084 2552 3191 2603 divi
3220 2552 3402 2616 Pauli,

168 2657 194 2691 a
222 2640 617 2710 Cliristophoro
652 2642 912 2707 Porsena,
940 2643 1205 2705 Romano,
1246 2643 1297 2695 in
1326 2641 1580 2695 Latinum
1617 2655 1922 2694 sermonem
1954 2638 2237 2691 conversis
2266 2657 2278 2691 :
2322 2640 2412 2706 qui
2442 2640 2459 2709 (
2493 2640 2636 2708 quod
2674 2644 2945 2709 praeterire
2974 2658 3079 2695 non
3130 2659 3349 2712 possum
3389 2645 3407 2712 'j

178 2748 192 2778 ι
230 2729 402 2784 Unum
456 2733 581 2798 hoc,
633 2736 828 2803 inquit,
890 2736 1022 2788 satis
1082 2744 1317 2799 constat,
1368 2735 1421 2787 in
1458 2736 1543 2787 his
1575 2732 1997 2786 Commentariis
2031 2732 2117 2799 pia
2150 2746 2270 2785 esse
2302 2734 2487 2785 omnia
2518 2744 2573 2787 ct
2613 2734 2916 2786 orthodoxa
2948 2734 3215 2805 longeque
3247 2739 3315 2789 ah
3341 2738 3407 2790 iis

172 2824 478 2878 dissidentia
517 2841 639 2891 qua:
669 2827 1043 2896 theologorum
1070 2826 1263 2892 vulgus
1297 2826 1538 2893 quotidie
1574 2839 1775 2893 magno
1814 2822 2108 2889 supercilio
2152 2823 2383 2877 indocta:
2421 2825 2591 2892 plebis
2633 2826 2859 2880 auribus
2902 2828 3163 2880 inculcat.
3196 2828 3408 2898 Ubique

177 2919 307 2972 enim
339 2922 710 2988 apostolicum
748 2930 936 2987 peetus
989 2934 1098 2970 non
1133 2920 1295 2971 modo
1347 2917 1586 2985 explicat
1635 2917 1819 2984 operis
1854 2917 2017 2983 hujus
2053 2926 2269 2979 auctor,
2294 2914 2388 2969 Sed
2423 2918 2584 2967 etiam
2618 2917 2803 2979 refert,
2842 2919 2982 2985 sapit
3021 2934 3083 2970 ac
3108 2920 3302 2985 spirat,
3354 2922 3404 2973 id

173 3013 303 3078 quod
336 3028 504 3080 quam
541 3012 730 3079 paucis
762 3013 956 3063 merito
987 3011 1334 3063 tribuendum
1372 3011 1464 3071 sit,
1518 3008 1675 3061 facile
1735 3009 2024 3078 intelliget,
2089 3008 2183 3074 qui
2238 3009 2472 3061 novitius
2507 3009 2785 3076 theologos
2821 3010 3062 3077 antiquis
3097 3010 3223 3073 illis,
3282 3029 3405 3065 cum

175 3101 364 3154 Latinis
411 3114 528 3155 tum
565 3102 1212 3171 Ciart-is,er.mposuerit.
1253 3125 1270 3151 ι
1316 3104 1441 3154 Ha-c
1472 3100 1754 3154 Bcraldus.
1784 3103 2237 3171 (Ecolampadius
2267 3102 2534 3170 prolixius
2559 3117 2620 3155 ac
2652 3103 2965 3171 singulatim
3018 3101 3405 3173 'l'heOpbylacli

176 3194 386 3247 virtutes
432 3194 782 3263 persequitur
815 3202 978 3262 atque
1036 3200 1301 3246 recenset.
1338 3192 1771 3260 Christophorus
1795 3192 2057 3255 Porsena,
2093 3195 2146 3245 in
2178 3207 2273 3247 sua
2304 3192 2626 3244 Praefatiunc
2655 3191 2721 3243 ad
2752 3192 2964 3244 Sixtum
2996 3192 3061 3247 IV
3097 3196 3404 3263 pontificem

175 3284 487 3347 Romanum,
554 3285 946 3354 Theophylacti
1015 3293 1319 3352 temporum
1382 3284 1583 3338 nullam
1653 3284 1783 3337 facit
1840 3286 2195 3337 mentionem.
2262 3282 2408 3336 Misit
2463 3284 2527 3333 ad
2590 3298 2689 3335 nos
2726 3282 2787 3335 D.
2822 3283 3061 3337 Joannes
3103 3284 3408 3341 Sambucus

174 3382 459 3434 orationem
490 3379 735 3433 Crazcaai
770 3381 869 3433 hac
897 3380 1252 3449 inscriptione
1286 3397 1299 3433 :
1334 3379 1711 3447 Θεοφυλάκτου
1747 3379 1815 3432 λό’

1769 3380 1902 3448 ,όγος
1936 3380 2014 3440 εἰς
2065 3379 2155 3430 τὸν
2194 3380 2575 3447 αὑτοκρατορα
2618 3380 2807 3447 κύριθν
2878 3380 3111 3444 meam
3166 3383 3257 3432 τὸν
3308 3385 3410 3436 Ko-

175 3477 373 3543 μνηνόν.
407 3475 570 3541 Quod
600 3476 642 3529 si
679 3475 726 3530 is
748 3483 830 3528 est
872 3485 1057 3529 noster
1095 3473 1555 3544 TheOphylactus,
1580 3489 1774 3543 nempe
1800 3474 2248 3542 archiepiscopus
2284 3472 2570 3539 Bulgaria),
2603 3474 2714 3540 jam
2760 3489 2864 3526 non
2912 3476 3142 3543 amplius
3183 3476 3407 3530 dubium

172 3581 278 3619 esse
309 3575 491 3635 potest
522 3582 632 3634 quo
660 3574 901 3635 tempore
925 3566 1136 3618 vixerit.
1158 3565 1466 3618 Nihilaliud
1498 3579 1595 3634 ego
1617 3580 1794 3633 neque
1823 3564 1890 3617 de
1917 3566 2022 3617 vita
2057 3580 2231 3633 neque
2254 3566 2321 3617 de
2345 3566 2685 3631 temporibus
2716 3566 2881 3632 hujus
2911 3569 3081 3621 nostri
3120 3567 3408 3634 Theophy-

175 3658 281 3711 laeti
339 3662 638 3727 diligenter
672 3658 971 3713 scrutando
1003 3670 1167 3729 atque
1194 3660 1520 3729 inquirendo
1552 3660 1702 3729 potui
1757 3659 2022 3713 invenire.
2067 3659 2223 3723 Quod
2277 3662 2543 3728 reliquum
2586 3670 2689 3724 est,
2723 3677 2816 3714 vos
2850 3662 3011 3714 etiam
3046 3671 3210 3731 atque
3245 3665 3407 3715 ctiam

179 3772 291 3822 rogo
325 3772 389 3811 ac
424 3756 783 3810 vehementer
817 3763 963 3824 peto,
990 3764 1047 3807 ut
1080 3756 1181 3809 hoc
1210 3755 1465 3823 exiguum
1510 3763 1673 3823 atque
1704 3755 1839 3809 adeo
1868 3755 2246 3807 lentissimum
2305 3756 2711 3819 nninusculuin,
2762 3757 2917 3812 vobis
2963 3757 3091 3810 licet
3124 3758 3405 3828 indignum

175 3851 464 3919 vestrisque
504 3850 559 3903 in
595 3865 680 3904 me
710 3849 940 3903 summis
973 3848 1252 3902 beneﬁciis
1280 3862 1343 3901 ac
1378 3847 1589 3901 meritis
1622 3846 1973 3914 impar,a:qui
2007 3856 2185 3899 tamen
2215 3845 2393 3899 facere
2420 3848 2657 3917 bonique
2684 3849 2989 3909 consulere,
3016 3860 3069 3903 et
3101 3863 3156 3903 ut
3197 3851 3264 3903 ab
3290 3849 3410 3902 aui-

175 3940 232 3990 tni
259 3943 637 3997 benevolentia
670 3951 832 4011 atque
866 3940 1199 4010 gratitudine
1227 3940 1555 4008 profectum,
1596 3939 1757 3992 hilari
1792 3940 1943 3992 vultu
1974 3940 2200 4006 laetaque
2225 3939 2403 3993 fronte
2434 3940 2681 4008 accipere
2713 3941 2912 3994 velitis.
2950 3940 3063 3994 lloc
3091 3942 3135 3994 si
3181 3957 3208 3993 a
3252 3944 3409 3994 vobis

173 4044 488 4087 consecutus
543 4033 719 4098 fuero,
774 4033 988 4086 abunde
1043 4032 1177 4085 satis
1231 4044 1456 4099 magnos
1510 4030 1759 4085 laborum
1818 4045 1906 4083 me
1960 4028 2173 4083 fruetus
2222 4030 2437 4097 cepisse
2492 4030 2841 4087 existimabo.
2879 4031 3022 4086 Bene
3055 4033 3246 4099 valete,
3307 4035 3409 4087 viri

175 4129 507 4194 alnpliss'tttti.

232 4290 299 4343 Ex
330 4294 675 4347 monasterio
714 4292 1062 4347 Steinweldio
1089 4308 1163 4346 xu
1197 4291 1467 4346 Kalendas
1494 4290 1853 4360 Septembris,
1891 4304 2036 4344 anno
2063 4289 2272 4342 Domini
2306 4289 2460 4344 1567.

196 4519 215 4528 οι
241 4518 3390 4535 --υῇ-ᾙΜᾟ

175 4695 527 4756 Clarissima
565 4690 1245 4770 excellentissimoque
1276 4690 1439 4761 viro,
1509 4692 1577 4770 D.
1632 4689 2255 4770 Joanni__Ssnnuco,_
2294 4692 2648 4770 Pannonio,
2704 4694 3003 4753 Caesareae
3055 4694 3402 4770 Majestatis

260 4775 508 4833 medico
546 4779 612 4830 et
644 4767 1187 4846 historiograpbo,
1218 4767 1603 4828 Laurentius
1629 4767 1985 4839 SlFANUS,
2023 4768 2499 4843 Prunsfeldius,
2546 4774 2600 4830 J.
2639 4772 2708 4830 U.
2745 4773 2991 4844 Doctor,
3028 4774 3088 4832 S.
3122 4767 3183 4832 Ρ.
3222 4774 3295 4831 D.

233 4975 301 5029 En
331 4978 514 5045 prodit
541 4976 764 5032 tandem
794 4978 847 5032 in
872 4981 1169 5048 publicum,
1204 4980 1287 5033 vir
1308 4979 1631 5043 clarissime,
1662 4981 2101 5052 Tthphylactus
2129 4990 2255 5036 tuus
2300 4983 2523 5037 Grrecus
2544 4999 2571 5035 a
2609 5000 2692 5035 me.
2724 4983 2902 5037 factus
2953 4982 3179 5036 Latinus
3207 5001 3218 5034 :
3248 4991 3400 5035 tuum

178 5064 303 5132 dico,
337 5086 447 5137 quo
474 5084 822 5132 careremus,
855 5072 959 5125 nisi
992 5082 1047 5125 tu
1082 5072 1225 5141 quod
1256 5073 1547 5141 separatim
1578 5073 1780 5128 habere
1811 5076 1903 5129 tibi
1926 5075 2202 5143 pr0prium
2238 5076 2450 5135 licebat,
2480 5090 2770 5128 commune
2796 5090 2858 5128 ac
2893 5075 3165 5143 publicum
3200 5075 3398 5127 bonum

182 5173 284 5216 esse
310 5166 630 5221 maluisses.
666 5166 842 5219 Causa
871 5180 968 5219 cur
996 5174 1103 5219 tam
1141 5182 1266 5223 sero
1326 5169 1569 5237 prodeat,
1604 5179 1661 5222 ut
1695 5172 1857 5224 ctiam
1900 5171 2106 5223 librarii
2159 5172 2371 5239 culpam
2408 5171 2666 5240 recipiam
2712 5173 2764 5224 in
2802 5187 2908 5233 me,
2941 5172 3055 5225 lucc
3107 5180 3210 5233 est,
3255 5169 3398 5239 quod

177 5254 283 5307 dum
316 5258 402 5310 ille
424 5258 494 5312 de
530 5272 625 5311 me
654 5255 867 5322 Latine,
895 5273 995 5326 ego
1016 5259 1083 5313 de
1111 5258 1205 5313 illo
1271 5258 1457 5315 Graece
1488 5260 1703 5317 discere
1738 5264 2068 5326 nitebamur,
2099 5264 2189 5317 ubi
2232 5266 2372 5318 alter
2408 5268 2640 5317 alterum
2700 5265 2882 5319 minus
2945 5265 3399 5331 intelligebamus,

179 5359 281 5399 cum
309 5347 589 5417 interpres
617 5349 836 5416 utrique
865 5348 1100 5413 deesset,
1134 5359 1297 5419 atque
1326 5353 1468 5408 haud
1495 5354 1831 5424 incorruptis
1862 5357 2129 5411 ministris
2162 5365 2465 5420 uteremur,
2502 5357 2833 5423 coniecturis
2867 5357 3066 5425 quibus
3101 5357 3236 5409 alter
3267 5359 3401 5408 alte-

176 5434 274 5490 rius
302 5453 459 5492 sensa
516 5452 965 5508 assequeremur,
999 5441 1182 5494 multis
1228 5442 1281 5494 in
1329 5443 1461 5497 locis
1503 5446 1577 5497 uti
1612 5445 1903 5500 habuimus
1955 5461 2193 5500 necesse.
2250 5447 2417 5516 Cujus
2471 5450 2546 5501 rei
2596 5449 2853 5517 quoniam
2889 5450 3034 5501 clara
3071 5449 3396 5502 documenta

178 5535 353 5582 suntin
383 5537 677 5601 promptu,
716 5545 784 5585 ne
807 5532 991 5599 inepta
1023 5533 1334 5601 prolixitate
1360 5536 1652 5588 verborum
1691 5538 2030 5606 typograplio
2062 5537 2339 5591 festinanti
2370 5540 2470 5592 siui
2498 5540 2550 5592 in
2585 5554 2754 5599 mora,
2786 5549 2834 5592 te
2857 5540 3018 5592 etiam
3048 5550 3209 5607 atque
3231 5543 3395 5592 etiam

180 5629 304 5686 rogo,
329 5633 385 5676 ut
420 5625 539 5679 hac
566 5624 687 5691 ipsa
720 5635 842 5692 quae
868 5624 991 5679 dico
1021 5625 1345 5679 documenta
1390 5628 1690 5681 scrutamlo
1732 5638 1894 5696 atque
1922 5629 2311 5693 esaminando,
2357 5646 2571 5698 acquum
2616 5644 2662 5683 te
2696 5632 2824 5684 mihi
2851 5632 3089 5699 judicem
3124 5641 3286 5701 atque
3318 5632 3399 5685 fa-

179 5722 362 5766 ventem
390 5715 667 5783 praebere,
697 5722 751 5768 et
777 5715 935 5769 istam
970 5731 1190 5784 operam
1224 5731 1385 5785 quam
1425 5719 1650 5785 praestiti
1685 5720 1823 5787 aequi
1863 5721 2097 5787 bonique
2148 5721 2326 5779 facere
2364 5724 2517 5774 velis.
2551 5723 2703 5785 Quod
2732 5724 2997 5791 reliquum
3026 5732 3134 5786 est,
3175 5738 3399 5793 magnas

180 5803 257 5855 tibi
279 5812 324 5857 et
353 5807 572 5877 agimus
609 5812 663 5861 et
693 5804 957 5863 habemus
987 5808 1213 5878 gratias,
1248 5809 1339 5877 qui
1377 5810 1523 5864 istud
1558 5812 1886 5880 mancipium
1922 5812 2148 5880 publicm
2182 5813 2432 5867 utilitatis
2460 5814 2747 5879 inservire,
2769 5829 2927 5884 quam
2954 5816 3096 5868 domi
3128 5817 3396 5885 privatum
