  <div class='ocr_page' id='page_1' title='image "/cluster/home/n/w/nwhite01/storage/ocr_20150623/125/nnc1.0046979794/245.png"; bbox 0 0 4156 6440; ppageno 0'>
   <div class='ocr_carea' id='block_1_1' title="bbox 764 412 2405 492">
    <p class='ocr_par' dir='ltr' id='par_1_1' title="bbox 764 426 2392 492">
     <span class='ocr_line' id='line_1_1' title="bbox 764 426 2392 492; baseline -0.005 0"><span class='ocrx_word' id='word_1_1' title='bbox 764 432 868 492; x_wconf 62' lang='grc'><strong>683</strong></span> <span class='ocrx_word' id='word_1_2' title='bbox 1667 426 2247 485; x_wconf 66' lang='lat' dir='ltr'><strong>&#39;l&#39;llEOPIll&#39;LAC&#39;l&#39;l</strong></span> <span class='ocrx_word' id='word_1_3' title='bbox 2299 426 2392 484; x_wconf 67' lang='lat' dir='ltr'>BU</span> 
     </span>
    </p>
   </div>
   <div class='ocr_carea' id='block_1_2' title="bbox 2389 412 4030 492">
    <p class='ocr_par' dir='ltr' id='par_1_2' title="bbox 2389 412 4030 482">
     <span class='ocr_line' id='line_1_2' title="bbox 2389 412 4030 482; baseline -0.006 0"><span class='ocrx_word' id='word_1_4' title='bbox 2389 425 2709 482; x_wconf 60' lang='grc' dir='ltr'><strong>ἨἸΑΠΙΑΞ</strong></span> <span class='ocrx_word' id='word_1_5' title='bbox 2752 422 3105 481; x_wconf 71' lang='lat' dir='ltr'><strong>AIlilHlEP.</strong></span> <span class='ocrx_word' id='word_1_6' title='bbox 3902 412 4030 476; x_wconf 64' lang='lat'><strong>485.</strong></span> 
     </span>
    </p>
   </div>
   <div class='ocr_carea' id='block_1_3' title="bbox 768 534 4025 607">
    <p class='ocr_par' dir='ltr' id='par_1_3' title="bbox 768 534 4025 607">
     <span class='ocr_line' id='line_1_3' title="bbox 768 534 4025 607; baseline -0.006 -6"><span class='ocrx_word' id='word_1_7' title='bbox 768 551 965 601; x_wconf 78' lang='lat' dir='ltr'><strong>habere</strong></span> <span class='ocrx_word' id='word_1_8' title='bbox 1017 548 1293 601; x_wconf 83' lang='lat' dir='ltr'><strong>maluisti:</strong></span> <span class='ocrx_word' id='word_1_9' title='bbox 1338 560 1399 598; x_wconf 86' lang='lat' dir='ltr'><strong>ac</strong></span> <span class='ocrx_word' id='word_1_10' title='bbox 1434 554 1485 599; x_wconf 91' lang='lat' dir='ltr'><strong>te</strong></span> <span class='ocrx_word' id='word_1_11' title='bbox 1541 546 1843 602; x_wconf 81' lang='lat' dir='ltr'><strong>hortamur,</strong></span> <span class='ocrx_word' id='word_1_12' title='bbox 1884 549 1941 594; x_wconf 86' lang='lat' dir='ltr'><strong>nt</strong></span> <span class='ocrx_word' id='word_1_13' title='bbox 1992 544 2249 607; x_wconf 83' lang='lat' dir='ltr'><strong>deinceps</strong></span> <span class='ocrx_word' id='word_1_14' title='bbox 2285 551 2459 593; x_wconf 62' lang='lat' dir='ltr'><strong>mai-ta</strong></span> <span class='ocrx_word' id='word_1_15' title='bbox 2514 546 2613 593; x_wconf 79' lang='lat' dir='ltr'><strong>Ista</strong></span> <span class='ocrx_word' id='word_1_16' title='bbox 2665 541 2866 591; x_wconf 78' lang='lat' dir='ltr'><strong>virtute</strong></span> <span class='ocrx_word' id='word_1_17' title='bbox 2896 538 2993 599; x_wconf 82' lang='lat' dir='ltr'><strong>sis,</strong></span> <span class='ocrx_word' id='word_1_18' title='bbox 3030 545 3082 589; x_wconf 91' lang='lat' dir='ltr'><strong>et</strong></span> <span class='ocrx_word' id='word_1_19' title='bbox 3115 548 3178 589; x_wconf 88' lang='lat' dir='ltr'><strong>ea</strong></span> <span class='ocrx_word' id='word_1_20' title='bbox 3204 550 3325 603; x_wconf 72' lang='lat' dir='ltr'><strong>quae</strong></span> <span class='ocrx_word' id='word_1_21' title='bbox 3359 534 3522 587; x_wconf 83' lang='lat' dir='ltr'><strong>etiam</strong></span> <span class='ocrx_word' id='word_1_22' title='bbox 3557 546 3702 586; x_wconf 88' lang='lat' dir='ltr'><strong>nunc</strong></span> <span class='ocrx_word' id='word_1_23' title='bbox 3733 547 3903 602; x_wconf 82' lang='lat' dir='ltr'><strong>penes</strong></span> <span class='ocrx_word' id='word_1_24' title='bbox 3966 541 4025 583; x_wconf 87' lang='lat' dir='ltr'><strong>te</strong></span> 
     </span>
    </p>
   </div>
   <div class='ocr_carea' id='block_1_4' title="bbox 770 628 4026 712">
    <p class='ocr_par' dir='ltr' id='par_1_4' title="bbox 770 628 4026 712">
     <span class='ocr_line' id='line_1_4' title="bbox 770 628 4026 712; baseline -0.006 -16"><span class='ocrx_word' id='word_1_25' title='bbox 770 647 938 699; x_wconf 81' lang='lat' dir='ltr'><strong>babes</strong></span> <span class='ocrx_word' id='word_1_26' title='bbox 973 645 1215 711; x_wconf 74' lang='lat' dir='ltr'><strong>ejusdem</strong></span> <span class='ocrx_word' id='word_1_27' title='bbox 1250 644 1483 712; x_wconf 78' lang='lat' dir='ltr'><strong>generis,</strong></span> <span class='ocrx_word' id='word_1_28' title='bbox 1520 652 1684 710; x_wconf 74' lang='lat' dir='ltr'><strong>atque</strong></span> <span class='ocrx_word' id='word_1_29' title='bbox 1712 642 1874 692; x_wconf 87' lang='lat' dir='ltr'><strong>etiam</strong></span> <span class='ocrx_word' id='word_1_30' title='bbox 1920 640 2147 692; x_wconf 77' lang='lat' dir='ltr'><strong>diversze</strong></span> <span class='ocrx_word' id='word_1_31' title='bbox 2174 642 2412 693; x_wconf 77' lang='lat' dir='ltr'><strong>nationis</strong></span> <span class='ocrx_word' id='word_1_32' title='bbox 2442 638 2708 705; x_wconf 70' lang='lat' dir='ltr'><strong>mancipia</strong></span> <span class='ocrx_word' id='word_1_33' title='bbox 2752 637 3140 687; x_wconf 75' lang='lat' dir='ltr'><strong>manumittere</strong></span> <span class='ocrx_word' id='word_1_34' title='bbox 3175 647 3240 686; x_wconf 86' lang='lat' dir='ltr'><strong>ac</strong></span> <span class='ocrx_word' id='word_1_35' title='bbox 3273 633 3418 685; x_wconf 92' lang='lat' dir='ltr'><strong>bono</strong></span> <span class='ocrx_word' id='word_1_36' title='bbox 3451 629 3669 697; x_wconf 90' lang='lat' dir='ltr'><strong>publico</strong></span> <span class='ocrx_word' id='word_1_37' title='bbox 3701 628 3887 681; x_wconf 86' lang='lat' dir='ltr'><strong>dicare</strong></span> <span class='ocrx_word' id='word_1_38' title='bbox 3920 642 4026 679; x_wconf 83' lang='lat' dir='ltr'><strong>ve-</strong></span> 
     </span>
    </p>
   </div>
   <div class='ocr_carea' id='block_1_5' title="bbox 768 723 4029 803">
    <p class='ocr_par' dir='ltr' id='par_1_5' title="bbox 768 723 4029 803">
     <span class='ocr_line' id='line_1_5' title="bbox 768 723 4029 803; baseline -0.006 -14"><span class='ocrx_word' id='word_1_39' title='bbox 768 735 858 794; x_wconf 70' lang='lat' dir='ltr'><strong>lis.</strong></span> <span class='ocrx_word' id='word_1_40' title='bbox 895 734 1026 789; x_wconf 73' lang='lat' dir='ltr'><strong>illud</strong></span> <span class='ocrx_word' id='word_1_41' title='bbox 1061 735 1203 803; x_wconf 83' lang='lat' dir='ltr'><strong>quod</strong></span> <span class='ocrx_word' id='word_1_42' title='bbox 1245 752 1377 803; x_wconf 83' lang='lat' dir='ltr'><strong>pene</strong></span> <span class='ocrx_word' id='word_1_43' title='bbox 1412 736 1799 798; x_wconf 73' lang='lat' dir='ltr'><strong>prmlericrain,</strong></span> <span class='ocrx_word' id='word_1_44' title='bbox 1829 745 1880 787; x_wconf 91' lang='lat' dir='ltr'><strong>te</strong></span> <span class='ocrx_word' id='word_1_45' title='bbox 1905 735 2242 788; x_wconf 84' lang='lat' dir='ltr'><strong>admonitum</strong></span> <span class='ocrx_word' id='word_1_46' title='bbox 2279 734 2460 795; x_wconf 89' lang='lat' dir='ltr'><strong>velim,</strong></span> <span class='ocrx_word' id='word_1_47' title='bbox 2490 746 2575 785; x_wconf 89' lang='lat' dir='ltr'><strong>me</strong></span> <span class='ocrx_word' id='word_1_48' title='bbox 2607 733 2659 782; x_wconf 87' lang='lat' dir='ltr'><strong>itt</strong></span> <span class='ocrx_word' id='word_1_49' title='bbox 2699 731 2762 782; x_wconf 89' lang='lat' dir='ltr'><strong>iis</strong></span> <span class='ocrx_word' id='word_1_50' title='bbox 2800 728 2954 788; x_wconf 88' lang='lat' dir='ltr'><strong>locis,</strong></span> <span class='ocrx_word' id='word_1_51' title='bbox 2991 727 3081 779; x_wconf 91' lang='lat' dir='ltr'><strong>ubi</strong></span> <span class='ocrx_word' id='word_1_52' title='bbox 3116 726 3277 778; x_wconf 89' lang='lat' dir='ltr'><strong>lectio</strong></span> <span class='ocrx_word' id='word_1_53' title='bbox 3314 724 3501 792; x_wconf 91' lang='lat' dir='ltr'><strong>scripti</strong></span> <span class='ocrx_word' id='word_1_54' title='bbox 3531 723 3760 789; x_wconf 78' lang='lat' dir='ltr'><strong>excitipli</strong></span> <span class='ocrx_word' id='word_1_55' title='bbox 3794 738 4029 788; x_wconf 65' lang='lat' dir='ltr'><strong>prorsus</strong></span> 
     </span>
    </p>
   </div>
   <div class='ocr_carea' id='block_1_6' title="bbox 764 817 4026 896">
    <p class='ocr_par' dir='ltr' id='par_1_6' title="bbox 764 817 4026 896">
     <span class='ocr_line' id='line_1_6' title="bbox 764 817 4026 896; baseline -0.004 -17"><span class='ocrx_word' id='word_1_56' title='bbox 764 843 875 881; x_wconf 83' lang='lat' dir='ltr'><strong>non</strong></span> <span class='ocrx_word' id='word_1_57' title='bbox 924 827 1140 879; x_wconf 89' lang='lat' dir='ltr'><strong>tolerari</strong></span> <span class='ocrx_word' id='word_1_58' title='bbox 1173 842 1270 880; x_wconf 75' lang='lat' dir='ltr'><strong>nec</strong></span> <span class='ocrx_word' id='word_1_59' title='bbox 1316 829 1565 880; x_wconf 67' lang='lat' dir='ltr'><strong>excusari</strong></span> <span class='ocrx_word' id='word_1_60' title='bbox 1602 842 1760 893; x_wconf 78' lang='lat' dir='ltr'><strong>posse</strong></span> <span class='ocrx_word' id='word_1_61' title='bbox 1802 829 2107 893; x_wconf 76' lang='lat' dir='ltr'><strong>videbatur,</strong></span> <span class='ocrx_word' id='word_1_62' title='bbox 2127 830 2192 881; x_wconf 91' lang='lat' dir='ltr'><strong>ad</strong></span> <span class='ocrx_word' id='word_1_63' title='bbox 2229 828 2527 896; x_wconf 86' lang='lat' dir='ltr'><strong>marginem</strong></span> <span class='ocrx_word' id='word_1_64' title='bbox 2558 841 2589 877; x_wconf 89' lang='lat' dir='ltr'><strong>e</strong></span> <span class='ocrx_word' id='word_1_65' title='bbox 2618 826 2836 891; x_wconf 73' lang='lat' dir='ltr'><strong>regione</strong></span> <span class='ocrx_word' id='word_1_66' title='bbox 2864 821 3119 891; x_wconf 78' lang='lat' dir='ltr'><strong>posuisse</strong></span> <span class='ocrx_word' id='word_1_67' title='bbox 3149 820 3299 872; x_wconf 83' lang='lat' dir='ltr'><strong>illam</strong></span> <span class='ocrx_word' id='word_1_68' title='bbox 3331 818 3502 887; x_wconf 83' lang='lat' dir='ltr'><strong>ipsam</strong></span> <span class='ocrx_word' id='word_1_69' title='bbox 3539 817 3823 870; x_wconf 83' lang='lat' dir='ltr'><strong>lectionem</strong></span> <span class='ocrx_word' id='word_1_70' title='bbox 3852 833 4026 880; x_wconf 73' lang='lat' dir='ltr'><strong>quam</strong></span> 
     </span>
    </p>
   </div>
   <div class='ocr_carea' id='block_1_7' title="bbox 768 907 4029 987">
    <p class='ocr_par' dir='ltr' id='par_1_7' title="bbox 768 907 4029 987">
     <span class='ocr_line' id='line_1_7' title="bbox 768 907 4029 987; baseline -0.004 -16"><span class='ocrx_word' id='word_1_71' title='bbox 768 919 1008 983; x_wconf 77' lang='lat' dir='ltr'><strong>correxi,</strong></span> <span class='ocrx_word' id='word_1_72' title='bbox 1051 920 1265 987; x_wconf 61' lang='lat' dir='ltr'><strong>adjecto</strong></span> <span class='ocrx_word' id='word_1_73' title='bbox 1302 920 1551 971; x_wconf 73' lang='lat' dir='ltr'><strong>videlicet</strong></span> <span class='ocrx_word' id='word_1_74' title='bbox 1586 920 1756 973; x_wconf 84' lang='lat' dir='ltr'><strong>verbo</strong></span> <span class='ocrx_word' id='word_1_75' title='bbox 1776 920 1999 973; x_wconf 70' lang='lat' dir='ltr'><strong>habetur</strong></span> <span class='ocrx_word' id='word_1_76' title='bbox 2027 930 2120 973; x_wconf 90' lang='lat' dir='ltr'><strong>aut</strong></span> <span class='ocrx_word' id='word_1_77' title='bbox 2148 920 2427 972; x_wconf 74' lang='lat' dir='ltr'><strong>habebatur</strong></span> <span class='ocrx_word' id='word_1_78' title='bbox 2461 936 2480 973; x_wconf 90' lang='lat'><strong><em>:</em></strong></span> <span class='ocrx_word' id='word_1_79' title='bbox 2517 926 2576 971; x_wconf 91' lang='lat' dir='ltr'><strong>ut</strong></span> <span class='ocrx_word' id='word_1_80' title='bbox 2606 916 2652 970; x_wconf 97' lang='lat' dir='ltr'><strong>si</strong></span> <span class='ocrx_word' id='word_1_81' title='bbox 2683 915 2851 983; x_wconf 81' lang='lat' dir='ltr'><strong>(quod</strong></span> <span class='ocrx_word' id='word_1_82' title='bbox 2867 913 3066 966; x_wconf 81' lang='lat' dir='ltr'><strong>alicubi</strong></span> <span class='ocrx_word' id='word_1_83' title='bbox 3099 910 3211 964; x_wconf 77' lang='lat' dir='ltr'><strong>ﬁeri</strong></span> <span class='ocrx_word' id='word_1_84' title='bbox 3237 910 3431 977; x_wconf 84' lang='lat' dir='ltr'><strong>potuit)</strong></span> <span class='ocrx_word' id='word_1_85' title='bbox 3457 923 3752 969; x_wconf 85' lang='lat' dir='ltr'><strong>errassem,</strong></span> <span class='ocrx_word' id='word_1_86' title='bbox 3788 907 4029 959; x_wconf 73' lang='lat' dir='ltr'><strong>lectoris</strong></span> 
     </span>
    </p>
   </div>
   <div class='ocr_carea' id='block_1_8' title="bbox 768 999 4029 1081">
    <p class='ocr_par' dir='ltr' id='par_1_8' title="bbox 768 999 4029 1081">
     <span class='ocr_line' id='line_1_8' title="bbox 768 999 4029 1081; baseline -0.004 -20"><span class='ocrx_word' id='word_1_87' title='bbox 768 1011 1037 1077; x_wconf 84' lang='lat' dir='ltr'><strong>judicium</strong></span> <span class='ocrx_word' id='word_1_88' title='bbox 1073 1011 1343 1081; x_wconf 79' lang='lat' dir='ltr'><strong>integrum</strong></span> <span class='ocrx_word' id='word_1_89' title='bbox 1376 1022 1727 1072; x_wconf 85' lang='lat' dir='ltr'><strong>esset,utram</strong></span> <span class='ocrx_word' id='word_1_90' title='bbox 1787 1014 2073 1066; x_wconf 76' lang='lat' dir='ltr'><strong>lectionem</strong></span> <span class='ocrx_word' id='word_1_91' title='bbox 2116 1015 2269 1080; x_wconf 84' lang='lat' dir='ltr'><strong>sequi</strong></span> <span class='ocrx_word' id='word_1_92' title='bbox 2305 1013 2509 1065; x_wconf 85' lang='lat' dir='ltr'><strong>mallet.</strong></span> <span class='ocrx_word' id='word_1_93' title='bbox 2544 1009 2650 1064; x_wconf 86' lang='lat' dir='ltr'><strong>Sed</strong></span> <span class='ocrx_word' id='word_1_94' title='bbox 2687 1008 2779 1062; x_wconf 86' lang='lat' dir='ltr'><strong>ubi</strong></span> <span class='ocrx_word' id='word_1_95' title='bbox 2810 1006 3056 1061; x_wconf 73' lang='lat' dir='ltr'><strong>dubitavi</strong></span> <span class='ocrx_word' id='word_1_96' title='bbox 3092 1005 3159 1058; x_wconf 90' lang='lat' dir='ltr'><strong>de</strong></span> <span class='ocrx_word' id='word_1_97' title='bbox 3203 1003 3437 1057; x_wconf 89' lang='lat' dir='ltr'><strong>lectione</strong></span> <span class='ocrx_word' id='word_1_98' title='bbox 3484 1003 3614 1071; x_wconf 87' lang='lat' dir='ltr'><strong>(scis</strong></span> <span class='ocrx_word' id='word_1_99' title='bbox 3642 1003 3787 1054; x_wconf 90' lang='lat' dir='ltr'><strong>enim</strong></span> <span class='ocrx_word' id='word_1_100' title='bbox 3853 999 4029 1051; x_wconf 84' lang='lat' dir='ltr'><strong>unico</strong></span> 
     </span>
    </p>
   </div>
   <div class='ocr_carea' id='block_1_9' title="bbox 769 1092 4017 1173">
    <p class='ocr_par' dir='ltr' id='par_1_9' title="bbox 769 1092 4017 1173">
     <span class='ocr_line' id='line_1_9' title="bbox 769 1092 4017 1173; baseline -0.004 -19"><span class='ocrx_word' id='word_1_101' title='bbox 769 1119 849 1155; x_wconf 85' lang='lat' dir='ltr'><strong>me</strong></span> <span class='ocrx_word' id='word_1_102' title='bbox 880 1104 1143 1156; x_wconf 79' lang='lat' dir='ltr'><strong>duntaxat</strong></span> <span class='ocrx_word' id='word_1_103' title='bbox 1178 1113 1269 1155; x_wconf 90' lang='lat' dir='ltr'><strong>tuo</strong></span> <span class='ocrx_word' id='word_1_104' title='bbox 1309 1118 1466 1155; x_wconf 91' lang='lat' dir='ltr'><strong>usum</strong></span> <span class='ocrx_word' id='word_1_105' title='bbox 1508 1118 1628 1158; x_wconf 89' lang='lat' dir='ltr'><strong>esse</strong></span> <span class='ocrx_word' id='word_1_106' title='bbox 1664 1104 2025 1173; x_wconf 80' lang='lat' dir='ltr'><strong>apograplto),</strong></span> <span class='ocrx_word' id='word_1_107' title='bbox 2061 1104 2134 1157; x_wconf 91' lang='lat' dir='ltr'><strong>ibi</strong></span> <span class='ocrx_word' id='word_1_108' title='bbox 2169 1105 2222 1157; x_wconf 90' lang='lat' dir='ltr'><strong>in</strong></span> <span class='ocrx_word' id='word_1_109' title='bbox 2250 1103 2494 1171; x_wconf 78' lang='lat' dir='ltr'><strong>margine</strong></span> <span class='ocrx_word' id='word_1_110' title='bbox 2525 1100 2753 1171; x_wconf 87' lang='lat' dir='ltr'><strong>apposui</strong></span> <span class='ocrx_word' id='word_1_111' title='bbox 2788 1099 2951 1152; x_wconf 88' lang='lat' dir='ltr'><strong>aliam</strong></span> <span class='ocrx_word' id='word_1_112' title='bbox 2985 1098 3297 1155; x_wconf 91' lang='lat' dir='ltr'><strong>lectionem,</strong></span> <span class='ocrx_word' id='word_1_113' title='bbox 3336 1108 3501 1164; x_wconf 89' lang='lat' dir='ltr'><strong>quam</strong></span> <span class='ocrx_word' id='word_1_114' title='bbox 3534 1092 3885 1161; x_wconf 66' lang='lat' dir='ltr'><strong>conjecturas</strong></span> <span class='ocrx_word' id='word_1_115' title='bbox 3918 1105 4017 1142; x_wconf 84' lang='lat' dir='ltr'><strong>se—</strong></span> 
     </span>
    </p>
   </div>
   <div class='ocr_carea' id='block_1_10' title="bbox 767 1184 4031 1263">
    <p class='ocr_par' dir='ltr' id='par_1_10' title="bbox 767 1184 4031 1263">
     <span class='ocr_line' id='line_1_10' title="bbox 767 1184 4031 1263; baseline -0.004 -15"><span class='ocrx_word' id='word_1_116' title='bbox 767 1206 925 1249; x_wconf 84' lang='lat' dir='ltr'><strong>cutus</strong></span> <span class='ocrx_word' id='word_1_117' title='bbox 946 1210 1124 1247; x_wconf 81' lang='lat' dir='ltr'><strong>veram</strong></span> <span class='ocrx_word' id='word_1_118' title='bbox 1147 1209 1266 1247; x_wconf 78' lang='lat' dir='ltr'><strong>esse</strong></span> <span class='ocrx_word' id='word_1_119' title='bbox 1290 1205 1381 1245; x_wconf 92' lang='lat' dir='ltr'><strong>aut</strong></span> <span class='ocrx_word' id='word_1_120' title='bbox 1414 1209 1536 1247; x_wconf 86' lang='lat' dir='ltr'><strong>esse</strong></span> <span class='ocrx_word' id='word_1_121' title='bbox 1565 1194 1758 1247; x_wconf 81' lang='lat' dir='ltr'><strong>debere</strong></span> <span class='ocrx_word' id='word_1_122' title='bbox 1790 1205 1939 1263; x_wconf 90' lang='lat' dir='ltr'><strong>puto,</strong></span> <span class='ocrx_word' id='word_1_123' title='bbox 1970 1196 2179 1263; x_wconf 81' lang='lat' dir='ltr'><strong>adjecta</strong></span> <span class='ocrx_word' id='word_1_124' title='bbox 2213 1195 2466 1248; x_wconf 84' lang='lat' dir='ltr'><strong>videlicet</strong></span> <span class='ocrx_word' id='word_1_125' title='bbox 2488 1194 2727 1249; x_wconf 77' lang='lat' dir='ltr'><strong>dictione</strong></span> <span class='ocrx_word' id='word_1_126' title='bbox 2753 1194 2906 1254; x_wconf 75' lang='grc' dir='ltr'>ἴσως.</span> <span class='ocrx_word' id='word_1_127' title='bbox 2928 1192 3103 1259; x_wconf 82' lang='lat' dir='ltr'><strong>Atque</strong></span> <span class='ocrx_word' id='word_1_128' title='bbox 3126 1191 3227 1243; x_wconf 84' lang='lat' dir='ltr'><strong>hoc</strong></span> <span class='ocrx_word' id='word_1_129' title='bbox 3260 1197 3317 1241; x_wconf 92' lang='lat' dir='ltr'><strong>ut</strong></span> <span class='ocrx_word' id='word_1_130' title='bbox 3336 1189 3682 1240; x_wconf 81' lang='lat' dir='ltr'><strong>admonerem</strong></span> <span class='ocrx_word' id='word_1_131' title='bbox 3714 1184 4031 1248; x_wconf 60' lang='lat' dir='ltr'><strong>studiosos,</strong></span> 
     </span>
    </p>
   </div>
   <div class='ocr_carea' id='block_1_11' title="bbox 776 1277 4033 1355">
    <p class='ocr_par' dir='ltr' id='par_1_11' title="bbox 776 1277 4033 1355">
     <span class='ocr_line' id='line_1_11' title="bbox 776 1277 4033 1355; baseline -0.004 -18"><span class='ocrx_word' id='word_1_132' title='bbox 776 1289 975 1345; x_wconf 82' lang='lat' dir='ltr'><strong>noihns</strong></span> <span class='ocrx_word' id='word_1_133' title='bbox 1012 1302 1073 1337; x_wconf 82' lang='lat' dir='ltr'><strong>ea</strong></span> <span class='ocrx_word' id='word_1_134' title='bbox 1104 1288 1331 1339; x_wconf 79' lang='lat' dir='ltr'><strong>facultas</strong></span> <span class='ocrx_word' id='word_1_135' title='bbox 1364 1294 1468 1347; x_wconf 89' lang='lat' dir='ltr'><strong>cst,</strong></span> <span class='ocrx_word' id='word_1_136' title='bbox 1508 1298 1565 1339; x_wconf 90' lang='lat' dir='ltr'><strong>ut</strong></span> <span class='ocrx_word' id='word_1_137' title='bbox 1591 1287 1854 1339; x_wconf 85' lang='lat' dir='ltr'><strong>adhibitis</strong></span> <span class='ocrx_word' id='word_1_138' title='bbox 1879 1288 2304 1340; x_wconf 86' lang='lat' dir='ltr'><strong>correctioribus</strong></span> <span class='ocrx_word' id='word_1_139' title='bbox 2338 1287 2777 1355; x_wconf 72' lang='lat' dir='ltr'><strong>exemplaribus,</strong></span> <span class='ocrx_word' id='word_1_140' title='bbox 2814 1283 2917 1354; x_wconf 86' lang='lat' dir='ltr'><strong>ipsi</strong></span> <span class='ocrx_word' id='word_1_141' title='bbox 2953 1283 3055 1337; x_wconf 87' lang='lat' dir='ltr'><strong>sibi</strong></span> <span class='ocrx_word' id='word_1_142' title='bbox 3082 1282 3242 1350; x_wconf 78' lang='lat' dir='ltr'><strong>juxta</strong></span> <span class='ocrx_word' id='word_1_143' title='bbox 3281 1296 3347 1334; x_wconf 88' lang='lat' dir='ltr'><strong>ac</strong></span> <span class='ocrx_word' id='word_1_144' title='bbox 3393 1277 3704 1347; x_wconf 66' lang='lat' dir='ltr'><strong>reipublicae</strong></span> <span class='ocrx_word' id='word_1_145' title='bbox 3728 1277 4033 1327; x_wconf 80' lang='lat' dir='ltr'><strong>consulant</strong></span> 
     </span>
    </p>
   </div>
   <div class='ocr_carea' id='block_1_12' title="bbox 773 1365 4032 1448">
    <p class='ocr_par' dir='ltr' id='par_1_12' title="bbox 773 1365 4032 1448">
     <span class='ocr_line' id='line_1_12' title="bbox 773 1365 4032 1448; baseline -0.005 -17"><span class='ocrx_word' id='word_1_146' title='bbox 773 1380 824 1431; x_wconf 93' lang='lat' dir='ltr'><strong>in</strong></span> <span class='ocrx_word' id='word_1_147' title='bbox 862 1377 1167 1432; x_wconf 59' lang='lat' dir='ltr'><strong>istiusmodi</strong></span> <span class='ocrx_word' id='word_1_148' title='bbox 1195 1378 1349 1439; x_wconf 88' lang='lat' dir='ltr'><strong>locis,</strong></span> <span class='ocrx_word' id='word_1_149' title='bbox 1390 1378 1478 1429; x_wconf 84' lang='lat' dir='ltr'><strong>tibi</strong></span> <span class='ocrx_word' id='word_1_150' title='bbox 1512 1380 1612 1431; x_wconf 85' lang='lat' dir='ltr'><strong>hoc</strong></span> <span class='ocrx_word' id='word_1_151' title='bbox 1636 1379 1698 1431; x_wconf 84' lang='lat' dir='ltr'><strong>ad</strong></span> <span class='ocrx_word' id='word_1_152' title='bbox 1742 1378 2149 1446; x_wconf 80' lang='lat' dir='ltr'><strong>intelligendum</strong></span> <span class='ocrx_word' id='word_1_153' title='bbox 2185 1379 2379 1433; x_wconf 87' lang='lat' dir='ltr'><strong>melius</strong></span> <span class='ocrx_word' id='word_1_154' title='bbox 2421 1377 2843 1448; x_wconf 77' lang='lat' dir='ltr'><strong>explicationem</strong></span> <span class='ocrx_word' id='word_1_155' title='bbox 2877 1372 3272 1443; x_wconf 78' lang='lat' dir='ltr'><strong>TbeOpbylacti</strong></span> <span class='ocrx_word' id='word_1_156' title='bbox 3295 1369 3605 1424; x_wconf 86' lang='lat' dir='ltr'><strong>conducere</strong></span> <span class='ocrx_word' id='word_1_157' title='bbox 3631 1365 3937 1427; x_wconf 81' lang='lat' dir='ltr'><strong>videbatur,</strong></span> <span class='ocrx_word' id='word_1_158' title='bbox 3974 1366 4032 1417; x_wconf 91' lang='lat' dir='ltr'><strong>in</strong></span> 
     </span>
    </p>
   </div>
   <div class='ocr_carea' id='block_1_13' title="bbox 781 1458 4035 1538">
    <p class='ocr_par' dir='ltr' id='par_1_13' title="bbox 781 1458 4035 1538">
     <span class='ocr_line' id='line_1_13' title="bbox 781 1458 4035 1538; baseline -0.005 -15"><span class='ocrx_word' id='word_1_159' title='bbox 781 1472 1005 1525; x_wconf 72' lang='lat' dir='ltr'><strong>scliolns</strong></span> <span class='ocrx_word' id='word_1_160' title='bbox 1044 1469 1267 1537; x_wconf 79' lang='lat' dir='ltr'><strong>repetivi</strong></span> <span class='ocrx_word' id='word_1_161' title='bbox 1300 1470 1463 1522; x_wconf 85' lang='lat' dir='ltr'><strong>verba</strong></span> <span class='ocrx_word' id='word_1_162' title='bbox 1496 1470 1602 1522; x_wconf 90' lang='lat' dir='ltr'><strong>divi</strong></span> <span class='ocrx_word' id='word_1_163' title='bbox 1627 1468 1804 1532; x_wconf 67' lang='lat' dir='ltr'><strong>Lucae,</strong></span> <span class='ocrx_word' id='word_1_164' title='bbox 1836 1478 1997 1537; x_wconf 87' lang='lat' dir='ltr'><strong>atque</strong></span> <span class='ocrx_word' id='word_1_165' title='bbox 2017 1472 2179 1524; x_wconf 87' lang='lat' dir='ltr'><strong>etiam</strong></span> <span class='ocrx_word' id='word_1_166' title='bbox 2216 1472 2410 1523; x_wconf 87' lang='lat' dir='ltr'><strong>iterata</strong></span> <span class='ocrx_word' id='word_1_167' title='bbox 2440 1470 2647 1524; x_wconf 87' lang='lat' dir='ltr'><strong>inserui</strong></span> <span class='ocrx_word' id='word_1_168' title='bbox 2667 1466 2961 1538; x_wconf 80' lang='lat' dir='ltr'><strong>exemplari</strong></span> <span class='ocrx_word' id='word_1_169' title='bbox 2990 1465 3213 1525; x_wconf 66' lang='lat' dir='ltr'><strong>Graeco;</strong></span> <span class='ocrx_word' id='word_1_170' title='bbox 3238 1462 3384 1531; x_wconf 88' lang='lat' dir='ltr'><strong>quod</strong></span> <span class='ocrx_word' id='word_1_171' title='bbox 3412 1460 3702 1516; x_wconf 83' lang='lat' dir='ltr'><strong>collatione</strong></span> <span class='ocrx_word' id='word_1_172' title='bbox 3733 1458 3874 1511; x_wconf 75' lang='lat' dir='ltr'><strong>facta</strong></span> <span class='ocrx_word' id='word_1_173' title='bbox 3898 1471 4035 1511; x_wconf 86' lang='lat' dir='ltr'><strong>cum</strong></span> 
     </span>
    </p>
   </div>
   <div class='ocr_carea' id='block_1_14' title="bbox 790 1550 4040 1629">
    <p class='ocr_par' dir='ltr' id='par_1_14' title="bbox 790 1550 4040 1629">
     <span class='ocr_line' id='line_1_14' title="bbox 790 1550 4040 1629; baseline -0.004 -17"><span class='ocrx_word' id='word_1_174' title='bbox 790 1572 882 1612; x_wconf 73' lang='lat' dir='ltr'><strong>tuo</strong></span> <span class='ocrx_word' id='word_1_175' title='bbox 908 1564 1282 1629; x_wconf 80' lang='lat' dir='ltr'><strong>manuscripto</strong></span> <span class='ocrx_word' id='word_1_176' title='bbox 1310 1559 1701 1627; x_wconf 88' lang='lat' dir='ltr'><strong>propemodum</strong></span> <span class='ocrx_word' id='word_1_177' title='bbox 1734 1564 2109 1616; x_wconf 81' lang='lat' dir='ltr'><strong>necessarium</strong></span> <span class='ocrx_word' id='word_1_178' title='bbox 2146 1560 2320 1615; x_wconf 78' lang='lat' dir='ltr'><strong>fuisse</strong></span> <span class='ocrx_word' id='word_1_179' title='bbox 2352 1558 2563 1615; x_wconf 85' lang='lat' dir='ltr'><strong>videbis</strong></span> <span class='ocrx_word' id='word_1_180' title='bbox 2602 1559 2659 1613; x_wconf 88' lang='lat' dir='ltr'><strong>in</strong></span> <span class='ocrx_word' id='word_1_181' title='bbox 2695 1559 2886 1614; x_wconf 77' lang='lat' dir='ltr'><strong>multis</strong></span> <span class='ocrx_word' id='word_1_182' title='bbox 2918 1557 3079 1623; x_wconf 84' lang='lat' dir='ltr'><strong>locis,</strong></span> <span class='ocrx_word' id='word_1_183' title='bbox 3112 1571 3234 1625; x_wconf 76' lang='lat' dir='ltr'><strong>qua:</strong></span> <span class='ocrx_word' id='word_1_184' title='bbox 3255 1569 3288 1609; x_wconf 88' lang='lat' dir='ltr'><strong>a</strong></span> <span class='ocrx_word' id='word_1_185' title='bbox 3312 1553 3494 1608; x_wconf 83' lang='lat' dir='ltr'><strong>minus</strong></span> <span class='ocrx_word' id='word_1_186' title='bbox 3521 1550 3774 1622; x_wconf 85' lang='lat' dir='ltr'><strong>prudenti</strong></span> <span class='ocrx_word' id='word_1_187' title='bbox 3818 1551 4040 1605; x_wconf 80' lang='lat' dir='ltr'><strong>lectore</strong></span> 
     </span>
    </p>
   </div>
   <div class='ocr_carea' id='block_1_15' title="bbox 778 1653 1942 1723">
    <p class='ocr_par' dir='ltr' id='par_1_15' title="bbox 778 1653 1942 1723">
     <span class='ocr_line' id='line_1_15' title="bbox 778 1653 1942 1723; baseline 0.003 -18"><span class='ocrx_word' id='word_1_188' title='bbox 778 1672 965 1721; x_wconf 87' lang='lat' dir='ltr'><strong>parum</strong></span> <span class='ocrx_word' id='word_1_189' title='bbox 1011 1658 1286 1710; x_wconf 86' lang='lat' dir='ltr'><strong>intellecta</strong></span> <span class='ocrx_word' id='word_1_190' title='bbox 1314 1653 1576 1723; x_wconf 72' lang='lat' dir='ltr'><strong>prmteriri</strong></span> <span class='ocrx_word' id='word_1_191' title='bbox 1612 1654 1942 1723; x_wconf 83' lang='lat' dir='ltr'><strong>potuissent.</strong></span> 
     </span>
    </p>
   </div>
   <div class='ocr_carea' id='block_1_16' title="bbox 854 1757 3638 1835">
    <p class='ocr_par' dir='ltr' id='par_1_16' title="bbox 854 1757 3638 1835">
     <span class='ocr_line' id='line_1_16' title="bbox 854 1757 3638 1835; baseline -0.003 -17"><span class='ocrx_word' id='word_1_192' title='bbox 854 1765 999 1819; x_wconf 72' lang='lat' dir='ltr'><strong>Bene</strong></span> <span class='ocrx_word' id='word_1_193' title='bbox 1032 1766 1169 1819; x_wconf 81' lang='lat' dir='ltr'><strong>vale.</strong></span> <span class='ocrx_word' id='word_1_194' title='bbox 1204 1761 1417 1830; x_wconf 77' lang='lat' dir='ltr'><strong>Raptim</strong></span> <span class='ocrx_word' id='word_1_195' title='bbox 1444 1775 1509 1815; x_wconf 82' lang='lat' dir='ltr'><strong>ex</strong></span> <span class='ocrx_word' id='word_1_196' title='bbox 1537 1765 1870 1821; x_wconf 86' lang='lat' dir='ltr'><strong>monasterio</strong></span> <span class='ocrx_word' id='word_1_197' title='bbox 1898 1763 2250 1818; x_wconf 76' lang='lat' dir='ltr'><strong>Steinweldio</strong></span> <span class='ocrx_word' id='word_1_198' title='bbox 2283 1778 2316 1816; x_wconf 82' lang='grc' dir='ltr'>ι</span> <span class='ocrx_word' id='word_1_199' title='bbox 2352 1761 2631 1817; x_wconf 75' lang='lat' dir='ltr'><strong>Kalendas</strong></span> <span class='ocrx_word' id='word_1_200' title='bbox 2657 1762 3022 1835; x_wconf 81' lang='lat' dir='ltr'><strong>Septembris,</strong></span> <span class='ocrx_word' id='word_1_201' title='bbox 3050 1774 3198 1814; x_wconf 90' lang='lat' dir='ltr'><strong>anno</strong></span> <span class='ocrx_word' id='word_1_202' title='bbox 3220 1757 3435 1814; x_wconf 86' lang='lat' dir='ltr'><strong>Domini</strong></span> <span class='ocrx_word' id='word_1_203' title='bbox 3474 1757 3638 1813; x_wconf 75' lang='lat' dir='ltr'><strong>i567.</strong></span> 
     </span>
    </p>
   </div>
   <div class='ocr_carea' id='block_1_17' title="bbox 899 2070 3920 2155">
    <p class='ocr_par' dir='ltr' id='par_1_17' title="bbox 899 2070 3920 2155">
     <span class='ocr_line' id='line_1_17' title="bbox 899 2070 3920 2155; baseline -0.002 -19"><span class='ocrx_word' id='word_1_204' title='bbox 899 2077 969 2137; x_wconf 88' lang='lat' dir='ltr'><strong>ln</strong></span> <span class='ocrx_word' id='word_1_205' title='bbox 1007 2076 1465 2155; x_wconf 62' lang='lat' dir='ltr'><strong>Theolthylacti</strong></span> <span class='ocrx_word' id='word_1_206' title='bbox 1508 2076 1572 2136; x_wconf 88' lang='lat' dir='ltr'><strong>in</strong></span> <span class='ocrx_word' id='word_1_207' title='bbox 1604 2078 1757 2137; x_wconf 82' lang='lat' dir='ltr'><strong>Acta</strong></span> <span class='ocrx_word' id='word_1_208' title='bbox 1789 2076 2224 2155; x_wconf 80' lang='lat' dir='ltr'><strong>apostolorum</strong></span> <span class='ocrx_word' id='word_1_209' title='bbox 2256 2074 2735 2155; x_wconf 81' lang='lat' dir='ltr'><strong>Explicationes</strong></span> <span class='ocrx_word' id='word_1_210' title='bbox 2769 2090 2801 2132; x_wconf 90' lang='lat' dir='ltr'><strong>a</strong></span> <span class='ocrx_word' id='word_1_211' title='bbox 2829 2072 3170 2132; x_wconf 84' lang='lat' dir='ltr'><strong>Laurentio</strong></span> <span class='ocrx_word' id='word_1_212' title='bbox 3203 2070 3421 2132; x_wconf 78' lang='lat' dir='ltr'><strong>Sil‘ano</strong></span> <span class='ocrx_word' id='word_1_213' title='bbox 3452 2073 3671 2134; x_wconf 85' lang='lat' dir='ltr'><strong>Latine</strong></span> <span class='ocrx_word' id='word_1_214' title='bbox 3701 2073 3920 2146; x_wconf 80' lang='lat' dir='ltr'><strong>factas,</strong></span> 
     </span>
    </p>
   </div>
   <div class='ocr_carea' id='block_1_18' title="bbox 1875 2153 2928 2234">
    <p class='ocr_par' dir='ltr' id='par_1_18' title="bbox 1875 2153 2928 2234">
     <span class='ocr_line' id='line_1_18' title="bbox 1875 2153 2928 2234; baseline -0.001 -22"><span class='ocrx_word' id='word_1_215' title='bbox 1875 2154 2043 2213; x_wconf 86' lang='lat' dir='ltr'><strong>Petri</strong></span> <span class='ocrx_word' id='word_1_216' title='bbox 2079 2155 2467 2234; x_wconf 77' lang='lat' dir='ltr'><strong>Kempeusis</strong></span> <span class='ocrx_word' id='word_1_217' title='bbox 2502 2153 2928 2231; x_wconf 73' lang='lat' dir='ltr'><strong>Epigramma.</strong></span> 
     </span>
    </p>
   </div>
   <div class='ocr_carea' id='block_1_19' title="bbox 782 2341 3447 2415">
    <p class='ocr_par' dir='ltr' id='par_1_19' title="bbox 782 2341 3447 2415">
     <span class='ocr_line' id='line_1_19' title="bbox 782 2341 3447 2415; baseline -0 -19"><span class='ocrx_word' id='word_1_218' title='bbox 782 2341 965 2397; x_wconf 75' lang='lat' dir='ltr'><strong>Betula</strong></span> <span class='ocrx_word' id='word_1_219' title='bbox 999 2362 1096 2400; x_wconf 88' lang='lat' dir='ltr'><strong>cur</strong></span> <span class='ocrx_word' id='word_1_220' title='bbox 1138 2348 1383 2415; x_wconf 79' lang='lat' dir='ltr'><strong>geminos</strong></span> <span class='ocrx_word' id='word_1_221' title='bbox 1416 2346 1672 2401; x_wconf 71' lang='lat' dir='ltr'><strong>diﬂundit</strong></span> <span class='ocrx_word' id='word_1_222' title='bbox 1708 2348 1910 2402; x_wconf 76' lang='lat' dir='ltr'><strong>vertice</strong></span> <span class='ocrx_word' id='word_1_223' title='bbox 1940 2360 2138 2407; x_wconf 89' lang='lat' dir='ltr'><strong>ramos,</strong></span> <span class='ocrx_word' id='word_1_224' title='bbox 2532 2345 2814 2400; x_wconf 84' lang='lat' dir='ltr'><strong>Permittis</strong></span> <span class='ocrx_word' id='word_1_225' title='bbox 2844 2343 2986 2400; x_wconf 63' lang='lat' dir='ltr'><strong>caelo</strong></span> <span class='ocrx_word' id='word_1_226' title='bbox 3017 2344 3273 2399; x_wconf 89' lang='lat' dir='ltr'><strong>liberiore</strong></span> <span class='ocrx_word' id='word_1_227' title='bbox 3300 2342 3447 2397; x_wconf 83' lang='lat' dir='ltr'><strong>frui?</strong></span> 
     </span>
    </p>
   </div>
   <div class='ocr_carea' id='block_1_20' title="bbox 850 2434 3741 2507">
    <p class='ocr_par' dir='ltr' id='par_1_20' title="bbox 850 2434 3741 2507">
     <span class='ocr_line' id='line_1_20' title="bbox 850 2434 3741 2507; baseline -0 -19"><span class='ocrx_word' id='word_1_228' title='bbox 850 2438 980 2500; x_wconf 70' lang='lat' dir='ltr'><strong>Quae</strong></span> <span class='ocrx_word' id='word_1_229' title='bbox 1014 2439 1153 2491; x_wconf 86' lang='lat' dir='ltr'><strong>viret</strong></span> <span class='ocrx_word' id='word_1_230' title='bbox 1191 2439 1274 2493; x_wconf 81' lang='lat' dir='ltr'><strong>liis</strong></span> <span class='ocrx_word' id='word_1_231' title='bbox 1299 2440 1543 2506; x_wconf 79' lang='lat' dir='ltr'><strong>scriptis,</strong></span> <span class='ocrx_word' id='word_1_232' title='bbox 1584 2440 1744 2492; x_wconf 89' lang='lat' dir='ltr'><strong>docte</strong></span> <span class='ocrx_word' id='word_1_233' title='bbox 1780 2438 1988 2491; x_wconf 82' lang='lat' dir='ltr'><strong>Silane.</strong></span> <span class='ocrx_word' id='word_1_234' title='bbox 2027 2436 2180 2489; x_wconf 83' lang='lat' dir='ltr'><strong>tuis?</strong></span> <span class='ocrx_word' id='word_1_235' title='bbox 2458 2436 2522 2491; x_wconf 82' lang='lat' dir='ltr'><strong>Et</strong></span> <span class='ocrx_word' id='word_1_236' title='bbox 2545 2436 2683 2491; x_wconf 81' lang='lat' dir='ltr'><strong>Latii</strong></span> <span class='ocrx_word' id='word_1_237' title='bbox 2709 2438 2921 2507; x_wconf 80' lang='lat' dir='ltr'><strong>spirare</strong></span> <span class='ocrx_word' id='word_1_238' title='bbox 2945 2437 3125 2501; x_wconf 81' lang='lat' dir='ltr'><strong>ﬁdem,</strong></span> <span class='ocrx_word' id='word_1_239' title='bbox 3154 2435 3480 2504; x_wconf 87' lang='lat' dir='ltr'><strong>Latiumque</strong></span> <span class='ocrx_word' id='word_1_240' title='bbox 3509 2434 3741 2489; x_wconf 90' lang='lat' dir='ltr'><strong>nitorem</strong></span> 
     </span>
    </p>
   </div>
   <div class='ocr_carea' id='block_1_21' title="bbox 779 2524 3807 2597">
    <p class='ocr_par' dir='ltr' id='par_1_21' title="bbox 779 2524 3807 2597">
     <span class='ocr_line' id='line_1_21' title="bbox 779 2524 3807 2597; baseline -0.001 -18"><span class='ocrx_word' id='word_1_241' title='bbox 779 2528 1021 2594; x_wconf 78' lang='lat' dir='ltr'><strong>Quorum</strong></span> <span class='ocrx_word' id='word_1_242' title='bbox 1053 2530 1151 2583; x_wconf 86' lang='lat' dir='ltr'><strong>ltos</strong></span> <span class='ocrx_word' id='word_1_243' title='bbox 1186 2531 1433 2597; x_wconf 84' lang='lat' dir='ltr'><strong>populeis</strong></span> <span class='ocrx_word' id='word_1_244' title='bbox 1460 2530 1619 2584; x_wconf 85' lang='lat' dir='ltr'><strong>docta</strong></span> <span class='ocrx_word' id='word_1_245' title='bbox 1645 2531 1908 2584; x_wconf 89' lang='lat' dir='ltr'><strong>insitione</strong></span> <span class='ocrx_word' id='word_1_246' title='bbox 1941 2529 2210 2591; x_wconf 84' lang='lat' dir='ltr'><strong>videmus,</strong></span> <span class='ocrx_word' id='word_1_247' title='bbox 2526 2529 2663 2581; x_wconf 89' lang='lat' dir='ltr'><strong>Dum</strong></span> <span class='ocrx_word' id='word_1_248' title='bbox 2695 2529 2864 2582; x_wconf 89' lang='lat' dir='ltr'><strong>subiit</strong></span> <span class='ocrx_word' id='word_1_249' title='bbox 2896 2530 3081 2582; x_wconf 87' lang='lat' dir='ltr'><strong>cultus</strong></span> <span class='ocrx_word' id='word_1_250' title='bbox 3118 2529 3299 2597; x_wconf 67' lang='lat' dir='ltr'><strong>lingua</strong></span> <span class='ocrx_word' id='word_1_251' title='bbox 3334 2527 3556 2595; x_wconf 74' lang='lat' dir='ltr'><strong>Pelasga</strong></span> <span class='ocrx_word' id='word_1_252' title='bbox 3590 2524 3807 2578; x_wconf 82' lang='lat' dir='ltr'><strong>novos?</strong></span> 
     </span>
    </p>
   </div>
   <div class='ocr_carea' id='block_1_22' title="bbox 856 2613 4050 2688">
    <p class='ocr_par' dir='ltr' id='par_1_22' title="bbox 856 2613 4050 2688">
     <span class='ocr_line' id='line_1_22' title="bbox 856 2613 4050 2688; baseline 0 -24"><span class='ocrx_word' id='word_1_253' title='bbox 856 2622 1031 2688; x_wconf 77' lang='lat' dir='ltr'><strong>Atque</strong></span> <span class='ocrx_word' id='word_1_254' title='bbox 1064 2621 1185 2674; x_wconf 87' lang='lat' dir='ltr'><strong>illos</strong></span> <span class='ocrx_word' id='word_1_255' title='bbox 1217 2622 1352 2674; x_wconf 81' lang='lat' dir='ltr'><strong>lauri</strong></span> <span class='ocrx_word' id='word_1_256' title='bbox 1382 2622 1657 2676; x_wconf 71' lang='lat' dir='ltr'><strong>luxuriare</strong></span> <span class='ocrx_word' id='word_1_257' title='bbox 1686 2623 1878 2676; x_wconf 79' lang='lat' dir='ltr'><strong>comis.</strong></span> <span class='ocrx_word' id='word_1_258' title='bbox 2459 2617 2596 2672; x_wconf 89' lang='lat' dir='ltr'><strong>Cum</strong></span> <span class='ocrx_word' id='word_1_259' title='bbox 2626 2618 2929 2673; x_wconf 79' lang='lat' dir='ltr'><strong>Herculeus</strong></span> <span class='ocrx_word' id='word_1_260' title='bbox 2958 2620 3110 2673; x_wconf 90' lang='lat' dir='ltr'><strong>labor</strong></span> <span class='ocrx_word' id='word_1_261' title='bbox 3141 2619 3253 2678; x_wconf 79' lang='lat' dir='ltr'><strong>hic.</strong></span> <span class='ocrx_word' id='word_1_262' title='bbox 3282 2618 3456 2686; x_wconf 87' lang='lat' dir='ltr'><strong>pietas</strong></span> <span class='ocrx_word' id='word_1_263' title='bbox 3483 2629 3538 2671; x_wconf 87' lang='lat' dir='ltr'><strong>et</strong></span> <span class='ocrx_word' id='word_1_264' title='bbox 3564 2615 3809 2684; x_wconf 80' lang='lat' dir='ltr'><strong>Apolline</strong></span> <span class='ocrx_word' id='word_1_265' title='bbox 3844 2613 4050 2684; x_wconf 73' lang='lat' dir='ltr'><strong>digna,</strong></span> 
     </span>
    </p>
   </div>
   <div class='ocr_carea' id='block_1_23' title="bbox 782 2706 3720 2780">
    <p class='ocr_par' dir='ltr' id='par_1_23' title="bbox 782 2706 3720 2780">
     <span class='ocr_line' id='line_1_23' title="bbox 782 2706 3720 2780; baseline 0.001 -17"><span class='ocrx_word' id='word_1_266' title='bbox 782 2709 1002 2763; x_wconf 78' lang='lat' dir='ltr'><strong>Necnon</strong></span> <span class='ocrx_word' id='word_1_267' title='bbox 1034 2710 1314 2779; x_wconf 81' lang='lat' dir='ltr'><strong>Argolicos</strong></span> <span class='ocrx_word' id='word_1_268' title='bbox 1347 2714 1511 2766; x_wconf 82' lang='lat' dir='ltr'><strong>simili</strong></span> <span class='ocrx_word' id='word_1_269' title='bbox 1540 2714 1839 2767; x_wconf 82' lang='lat' dir='ltr'><strong>ambitione</strong></span> <span class='ocrx_word' id='word_1_270' title='bbox 1875 2716 2112 2780; x_wconf 88' lang='lat' dir='ltr'><strong>lepores,</strong></span> <span class='ocrx_word' id='word_1_271' title='bbox 2526 2708 2719 2777; x_wconf 74' lang='lat' dir='ltr'><strong>Magna</strong></span> <span class='ocrx_word' id='word_1_272' title='bbox 2747 2710 2895 2763; x_wconf 79' lang='lat' dir='ltr'><strong>venit</strong></span> <span class='ocrx_word' id='word_1_273' title='bbox 2925 2710 3137 2764; x_wconf 81' lang='lat' dir='ltr'><strong>meritis</strong></span> <span class='ocrx_word' id='word_1_274' title='bbox 3169 2710 3346 2779; x_wconf 69' lang='lat' dir='ltr'><strong>gratia</strong></span> <span class='ocrx_word' id='word_1_275' title='bbox 3379 2707 3561 2761; x_wconf 80' lang='lat' dir='ltr'><strong>danda</strong></span> <span class='ocrx_word' id='word_1_276' title='bbox 3591 2706 3720 2761; x_wconf 76' lang='lat' dir='ltr'><strong>luis.</strong></span> 
     </span>
    </p>
   </div>
   <div class='ocr_carea' id='block_1_24' title="bbox 860 2796 3967 2872">
    <p class='ocr_par' dir='ltr' id='par_1_24' title="bbox 860 2796 3967 2872">
     <span class='ocr_line' id='line_1_24' title="bbox 860 2796 3967 2872; baseline -0.002 -19"><span class='ocrx_word' id='word_1_277' title='bbox 860 2802 1065 2857; x_wconf 86' lang='lat' dir='ltr'><strong>Ambas</strong></span> <span class='ocrx_word' id='word_1_278' title='bbox 1108 2804 1319 2872; x_wconf 80' lang='lat' dir='ltr'><strong>spirare</strong></span> <span class='ocrx_word' id='word_1_279' title='bbox 1344 2812 1395 2857; x_wconf 91' lang='lat' dir='ltr'><strong>et</strong></span> <span class='ocrx_word' id='word_1_280' title='bbox 1423 2804 1699 2858; x_wconf 81' lang='lat' dir='ltr'><strong>Ausonias</strong></span> <span class='ocrx_word' id='word_1_281' title='bbox 1730 2806 1987 2858; x_wconf 85' lang='lat' dir='ltr'><strong>Veneres.</strong></span> <span class='ocrx_word' id='word_1_282' title='bbox 2463 2798 2761 2868; x_wconf 86' lang='lat' dir='ltr'><strong>Propterea</strong></span> <span class='ocrx_word' id='word_1_283' title='bbox 2790 2800 2909 2868; x_wconf 86' lang='lat' dir='ltr'><strong>ipse</strong></span> <span class='ocrx_word' id='word_1_284' title='bbox 2930 2815 3059 2854; x_wconf 88' lang='lat' dir='ltr'><strong>suas</strong></span> <span class='ocrx_word' id='word_1_285' title='bbox 3090 2798 3414 2869; x_wconf 79' lang='lat' dir='ltr'><strong>Tirynthius</strong></span> <span class='ocrx_word' id='word_1_286' title='bbox 3445 2798 3685 2866; x_wconf 78' lang='lat' dir='ltr'><strong>explicat</strong></span> <span class='ocrx_word' id='word_1_287' title='bbox 3709 2796 3967 2857; x_wconf 86' lang='lat' dir='ltr'><strong>umbras,</strong></span> 
     </span>
    </p>
   </div>
   <div class='ocr_carea' id='block_1_25' title="bbox 784 2890 3783 2962">
    <p class='ocr_par' dir='ltr' id='par_1_25' title="bbox 784 2890 3783 2962">
     <span class='ocr_line' id='line_1_25' title="bbox 784 2890 3783 2962; baseline -0 -19"><span class='ocrx_word' id='word_1_288' title='bbox 784 2890 918 2945; x_wconf 68' lang='lat' dir='ltr'><strong>lisse</strong></span> <span class='ocrx_word' id='word_1_289' title='bbox 947 2892 1075 2961; x_wconf 82' lang='lat' dir='ltr'><strong>quid</strong></span> <span class='ocrx_word' id='word_1_290' title='bbox 1100 2894 1201 2946; x_wconf 87' lang='lat' dir='ltr'><strong>hoc</strong></span> <span class='ocrx_word' id='word_1_291' title='bbox 1221 2893 1392 2946; x_wconf 86' lang='lat' dir='ltr'><strong>dicam</strong></span> <span class='ocrx_word' id='word_1_292' title='bbox 1417 2892 1750 2962; x_wconf 78' lang='lat' dir='ltr'><strong>?numlqnod</strong></span> <span class='ocrx_word' id='word_1_293' title='bbox 1770 2903 1860 2947; x_wconf 94' lang='lat' dir='ltr'><strong>tua</strong></span> <span class='ocrx_word' id='word_1_294' title='bbox 1881 2894 2079 2962; x_wconf 88' lang='lat' dir='ltr'><strong>scripta</strong></span> <span class='ocrx_word' id='word_1_295' title='bbox 2097 2892 2365 2947; x_wconf 88' lang='lat' dir='ltr'><strong>columnis</strong></span> <span class='ocrx_word' id='word_1_296' title='bbox 2535 2892 2780 2961; x_wconf 91' lang='lat' dir='ltr'><strong>lmplicet</strong></span> <span class='ocrx_word' id='word_1_297' title='bbox 2810 2902 2869 2947; x_wconf 92' lang='lat' dir='ltr'><strong>ut</strong></span> <span class='ocrx_word' id='word_1_298' title='bbox 2897 2894 3154 2948; x_wconf 88' lang='lat' dir='ltr'><strong>meritunt</strong></span> <span class='ocrx_word' id='word_1_299' title='bbox 3192 2892 3327 2945; x_wconf 90' lang='lat' dir='ltr'><strong>lecta</strong></span> <span class='ocrx_word' id='word_1_300' title='bbox 3359 2906 3561 2946; x_wconf 88' lang='lat' dir='ltr'><strong>corona</strong></span> <span class='ocrx_word' id='word_1_301' title='bbox 3600 2899 3783 2958; x_wconf 80' lang='lat' dir='ltr'><strong>Caput.</strong></span> 
     </span>
    </p>
   </div>
   <div class='ocr_carea' id='block_1_26' title="bbox 849 2975 2490 3051">
    <p class='ocr_par' dir='ltr' id='par_1_26' title="bbox 849 2982 2490 3037">
     <span class='ocr_line' id='line_1_26' title="bbox 849 2982 2490 3037; baseline 0 -2"><span class='ocrx_word' id='word_1_302' title='bbox 849 2982 1027 3036; x_wconf 82' lang='lat' dir='ltr'><strong>Graiis</strong></span> <span class='ocrx_word' id='word_1_303' title='bbox 1054 2994 1106 3036; x_wconf 89' lang='lat' dir='ltr'><strong>et</strong></span> <span class='ocrx_word' id='word_1_304' title='bbox 1136 2982 1302 3037; x_wconf 87' lang='lat' dir='ltr'><strong>Latiis</strong></span> <span class='ocrx_word' id='word_1_305' title='bbox 1332 2984 1711 3037; x_wconf 86' lang='lat' dir='ltr'><strong>discriminata</strong></span> <span class='ocrx_word' id='word_1_306' title='bbox 1746 2985 1964 3037; x_wconf 87' lang='lat' dir='ltr'><strong>nitent?</strong></span> <span class='ocrx_word' id='word_1_307' title='bbox 2467 2985 2490 3035; x_wconf 78' lang='lat' dir='ltr'><strong>l</strong></span> 
     </span>
    </p>
   </div>
   <div class='ocr_carea' id='block_1_27' title="bbox 2415 2975 4056 3051">
    <p class='ocr_par' dir='ltr' id='par_1_27' title="bbox 2467 2975 4056 3051">
     <span class='ocr_line' id='line_1_27' title="bbox 2467 2975 4056 3051; baseline -0.006 -16"><span class='ocrx_word' id='word_1_308' title='bbox 2467 2983 2579 3035; x_wconf 69' lang='grc' dir='ltr'><strong>Καὶ</strong></span> <span class='ocrx_word' id='word_1_309' title='bbox 2611 2981 2729 3048; x_wconf 82' lang='grc' dir='ltr'><strong>σοῦ,</strong></span> <span class='ocrx_word' id='word_1_310' title='bbox 2764 2984 3056 3051; x_wconf 83' lang='grc' dir='ltr'><strong>Δαυρέντι,</strong></span> <span class='ocrx_word' id='word_1_311' title='bbox 3090 2980 3395 3051; x_wconf 65' lang='grc' dir='ltr'><strong>κροτάεξους</strong></span> <span class='ocrx_word' id='word_1_312' title='bbox 3429 2980 3723 3049; x_wconf 76' lang='grc' dir='ltr'><strong>περὶδησεν</strong></span> <span class='ocrx_word' id='word_1_313' title='bbox 3763 2975 4056 3029; x_wconf 77' lang='grc' dir='ltr'><strong>Ἀπόλλων</strong></span> 
     </span>
    </p>
   </div>
   <div class='ocr_carea' id='block_1_28' title="bbox 782 3072 2423 3145">
    <p class='ocr_par' dir='ltr' id='par_1_28' title="bbox 782 3074 2177 3145">
     <span class='ocr_line' id='line_1_28' title="bbox 782 3074 2177 3145; baseline 0.005 -22"><span class='ocrx_word' id='word_1_314' title='bbox 782 3074 952 3137; x_wconf 83' lang='lat' dir='ltr'><strong>Qaeis</strong></span> <span class='ocrx_word' id='word_1_315' title='bbox 984 3075 1118 3129; x_wconf 76' lang='lat' dir='ltr'><strong>satis</strong></span> <span class='ocrx_word' id='word_1_316' title='bbox 1144 3076 1390 3129; x_wconf 85' lang='lat' dir='ltr'><strong>ostendis</strong></span> <span class='ocrx_word' id='word_1_317' title='bbox 1412 3077 1607 3145; x_wconf 72' lang='lat' dir='ltr'><strong>lingua:</strong></span> <span class='ocrx_word' id='word_1_318' title='bbox 1636 3076 1729 3129; x_wconf 89' lang='lat' dir='ltr'><strong>tibi</strong></span> <span class='ocrx_word' id='word_1_319' title='bbox 1756 3077 1928 3145; x_wconf 79' lang='lat' dir='ltr'><strong>gloria</strong></span> <span class='ocrx_word' id='word_1_320' title='bbox 1952 3084 2177 3145; x_wconf 85' lang='lat' dir='ltr'><strong>quanta,</strong></span> 
     </span>
    </p>
   </div>
   <div class='ocr_carea' id='block_1_29' title="bbox 2123 3072 3764 3145">
    <p class='ocr_par' dir='ltr' id='par_1_29' title="bbox 2126 3072 3764 3142">
     <span class='ocr_line' id='line_1_29' title="bbox 2126 3072 3764 3142; baseline -0.005 -12"><span class='ocrx_word' id='word_1_321' title='bbox 2126 3092 2177 3141; x_wconf 71' lang='grc' dir='ltr'><strong>τι,</strong></span> <span class='ocrx_word' id='word_1_322' title='bbox 2542 3073 2819 3142; x_wconf 80' lang='grc' dir='ltr'><strong>Κορικίοις</strong></span> <span class='ocrx_word' id='word_1_323' title='bbox 2850 3073 3056 3142; x_wconf 80' lang='grc' dir='ltr'><strong>δάφνης</strong></span> <span class='ocrx_word' id='word_1_324' title='bbox 3096 3072 3373 3141; x_wconf 79' lang='grc' dir='ltr'><strong>πλέγμασι</strong></span> <span class='ocrx_word' id='word_1_325' title='bbox 3402 3072 3764 3141; x_wconf 79' lang='grc' dir='ltr'><strong>χρυσοκόμου,</strong></span> 
     </span>
    </p>
   </div>
   <div class='ocr_carea' id='block_1_30' title="bbox 862 3160 2503 3235">
    <p class='ocr_par' dir='ltr' id='par_1_30' title="bbox 862 3160 2503 3235">
     <span class='ocr_line' id='line_1_30' title="bbox 862 3160 2503 3235; baseline 0.001 -20"><span class='ocrx_word' id='word_1_326' title='bbox 862 3163 994 3216; x_wconf 87' lang='lat' dir='ltr'><strong>Dum</strong></span> <span class='ocrx_word' id='word_1_327' title='bbox 1031 3180 1217 3218; x_wconf 83' lang='lat' dir='ltr'><strong>versas</strong></span> <span class='ocrx_word' id='word_1_328' title='bbox 1241 3164 1397 3219; x_wconf 87' lang='lat' dir='ltr'><strong>Latio</strong></span> <span class='ocrx_word' id='word_1_329' title='bbox 1428 3166 1593 3220; x_wconf 81' lang='lat' dir='ltr'><strong>Graia</strong></span> <span class='ocrx_word' id='word_1_330' title='bbox 1634 3166 1835 3235; x_wconf 89' lang='lat' dir='ltr'><strong>scripta</strong></span> <span class='ocrx_word' id='word_1_331' title='bbox 1867 3166 2027 3235; x_wconf 83' lang='lat' dir='ltr'><strong>stylo.</strong></span> <span class='ocrx_word' id='word_1_332' title='bbox 2464 3160 2503 3217; x_wconf 73' lang='lat' dir='ltr'><strong>&#39;J</strong></span> 
     </span>
    </p>
   </div>
   <div class='ocr_carea' id='block_1_31' title="bbox 2333 3160 3974 3235">
    <p class='ocr_par' dir='ltr' id='par_1_31' title="bbox 2464 3160 3974 3235">
     <span class='ocr_line' id='line_1_31' title="bbox 2464 3160 3974 3235; baseline -0.003 -18"><span class='ocrx_word' id='word_1_333' title='bbox 2464 3160 2614 3217; x_wconf 81' lang='grc' dir='ltr'><strong>Ἶσον</strong></span> <span class='ocrx_word' id='word_1_334' title='bbox 2655 3166 2731 3216; x_wconf 75' lang='grc' dir='ltr'><strong>ὅτ’</strong></span> <span class='ocrx_word' id='word_1_335' title='bbox 2754 3165 3082 3233; x_wconf 80' lang='grc' dir='ltr'><strong>ἀμφοτέρων</strong></span> <span class='ocrx_word' id='word_1_336' title='bbox 3118 3164 3302 3235; x_wconf 77' lang='grc' dir='ltr'><strong>σοφίῃ,</strong></span> <span class='ocrx_word' id='word_1_337' title='bbox 3339 3163 3551 3233; x_wconf 76' lang='grc' dir='ltr'><strong>γλώττῃ</strong></span> <span class='ocrx_word' id='word_1_338' title='bbox 3584 3161 3630 3214; x_wconf 77' lang='grc' dir='ltr'><strong>τ’</strong></span> <span class='ocrx_word' id='word_1_339' title='bbox 3659 3161 3974 3230; x_wconf 68' lang='grc' dir='ltr'><strong>ὑπερέχεις,</strong></span> 
     </span>
    </p>
   </div>
   <div class='ocr_carea' id='block_1_32' title="bbox 796 3255 2437 3327">
    <p class='ocr_par' dir='ltr' id='par_1_32' title="bbox 796 3255 2111 3325">
     <span class='ocr_line' id='line_1_32' title="bbox 796 3255 2111 3325; baseline 0.007 -23"><span class='ocrx_word' id='word_1_340' title='bbox 796 3256 870 3305; x_wconf 74' lang='lat' dir='ltr'><strong>An</strong></span> <span class='ocrx_word' id='word_1_341' title='bbox 892 3255 1073 3322; x_wconf 89' lang='lat' dir='ltr'><strong>potius</strong></span> <span class='ocrx_word' id='word_1_342' title='bbox 1103 3271 1223 3324; x_wconf 73' lang='lat' dir='ltr'><strong>qua:</strong></span> <span class='ocrx_word' id='word_1_343' title='bbox 1259 3272 1447 3325; x_wconf 83' lang='lat' dir='ltr'><strong>pressa</strong></span> <span class='ocrx_word' id='word_1_344' title='bbox 1479 3256 1570 3310; x_wconf 86' lang='lat' dir='ltr'><strong>ditt</strong></span> <span class='ocrx_word' id='word_1_345' title='bbox 1611 3257 1817 3310; x_wconf 74' lang='lat' dir='ltr'><strong>latuere</strong></span> <span class='ocrx_word' id='word_1_346' title='bbox 1844 3257 1945 3311; x_wconf 79' lang='lat' dir='ltr'><strong>sub</strong></span> <span class='ocrx_word' id='word_1_347' title='bbox 1978 3258 2111 3322; x_wconf 88' lang='lat' dir='ltr'><strong>alto,</strong></span> 
     </span>
    </p>
   </div>
   <div class='ocr_carea' id='block_1_33' title="bbox 2073 3255 3714 3327">
    <p class='ocr_par' dir='ltr' id='par_1_33' title="bbox 2073 3255 3714 3327">
     <span class='ocr_line' id='line_1_33' title="bbox 2073 3255 3714 3327; baseline -0.002 -16"><span class='ocrx_word' id='word_1_348' title='bbox 2073 3274 2111 3322; x_wconf 83' lang='grc'><strong>),</strong></span> <span class='ocrx_word' id='word_1_349' title='bbox 2539 3256 2820 3324; x_wconf 80' lang='grc' dir='ltr'><strong>Δεξγματα</strong></span> <span class='ocrx_word' id='word_1_350' title='bbox 2851 3256 3117 3327; x_wconf 80' lang='grc' dir='ltr'><strong>μειλιχὶης</strong></span> <span class='ocrx_word' id='word_1_351' title='bbox 3137 3256 3453 3325; x_wconf 79' lang='grc' dir='ltr'><strong>ἁμφοτέρου</strong></span> <span class='ocrx_word' id='word_1_352' title='bbox 3473 3255 3714 3325; x_wconf 79' lang='grc' dir='ltr'><strong>χάριτος.</strong></span> 
     </span>
    </p>
   </div>
   <div class='ocr_carea' id='block_1_34' title="bbox 867 3330 3829 3418">
    <p class='ocr_par' dir='ltr' id='par_1_34' title="bbox 867 3330 3829 3418">
     <span class='ocr_line' id='line_1_34' title="bbox 867 3330 3829 3418; baseline 0.001 -21"><span class='ocrx_word' id='word_1_353' title='bbox 867 3345 1094 3399; x_wconf 73' lang='lat' dir='ltr'><strong>Nomina</strong></span> <span class='ocrx_word' id='word_1_354' title='bbox 1131 3349 1405 3415; x_wconf 71' lang='lat' dir='ltr'><strong>neglectu,</strong></span> <span class='ocrx_word' id='word_1_355' title='bbox 1430 3330 1482 3403; x_wconf 74' lang='lat' dir='ltr'><strong>et</strong></span> <span class='ocrx_word' id='word_1_356' title='bbox 1514 3349 1849 3418; x_wconf 85' lang='lat' dir='ltr'><strong>squalidiore</strong></span> <span class='ocrx_word' id='word_1_357' title='bbox 1879 3349 2014 3409; x_wconf 89' lang='lat' dir='ltr'><strong>situ,</strong></span> <span class='ocrx_word' id='word_1_358' title='bbox 2467 3348 2582 3401; x_wconf 78' lang='lat' dir='ltr'><strong>Hoc</strong></span> <span class='ocrx_word' id='word_1_359' title='bbox 2606 3348 2842 3414; x_wconf 84' lang='lat' dir='ltr'><strong>pretium</strong></span> <span class='ocrx_word' id='word_1_360' title='bbox 2874 3348 3039 3401; x_wconf 81' lang='lat' dir='ltr'><strong>studii</strong></span> <span class='ocrx_word' id='word_1_361' title='bbox 3072 3349 3524 3417; x_wconf 70' lang='lat' dir='ltr'><strong>vigilatorumque</strong></span> <span class='ocrx_word' id='word_1_362' title='bbox 3553 3347 3829 3407; x_wconf 84' lang='lat' dir='ltr'><strong>laborum,</strong></span> 
     </span>
    </p>
   </div>
   <div class='ocr_carea' id='block_1_35' title="bbox 794 3436 3705 3508">
    <p class='ocr_par' dir='ltr' id='par_1_35' title="bbox 794 3436 3705 3508">
     <span class='ocr_line' id='line_1_35' title="bbox 794 3436 3705 3508; baseline 0 -18"><span class='ocrx_word' id='word_1_363' title='bbox 794 3436 1057 3504; x_wconf 87' lang='lat' dir='ltr'><strong>lncepere</strong></span> <span class='ocrx_word' id='word_1_364' title='bbox 1093 3437 1201 3491; x_wconf 89' lang='lat' dir='ltr'><strong>tuis</strong></span> <span class='ocrx_word' id='word_1_365' title='bbox 1226 3438 1442 3493; x_wconf 88' lang='lat' dir='ltr'><strong>tandem</strong></span> <span class='ocrx_word' id='word_1_366' title='bbox 1476 3437 1828 3508; x_wconf 72' lang='lat' dir='ltr'><strong>iuvenescere</strong></span> <span class='ocrx_word' id='word_1_367' title='bbox 1855 3437 2082 3502; x_wconf 82' lang='lat' dir='ltr'><strong>chartis,</strong></span> <span class='ocrx_word' id='word_1_368' title='bbox 2542 3437 2639 3491; x_wconf 88' lang='lat' dir='ltr'><strong>llic</strong></span> <span class='ocrx_word' id='word_1_369' title='bbox 2662 3439 2862 3491; x_wconf 89' lang='lat' dir='ltr'><strong>studiis</strong></span> <span class='ocrx_word' id='word_1_370' title='bbox 2896 3443 3090 3505; x_wconf 70' lang='lat' dir='ltr'><strong>partus&quot;</strong></span> <span class='ocrx_word' id='word_1_371' title='bbox 3114 3448 3167 3495; x_wconf 88' lang='lat' dir='ltr'><strong>te</strong></span> <span class='ocrx_word' id='word_1_372' title='bbox 3190 3440 3483 3494; x_wconf 88' lang='lat' dir='ltr'><strong>comitatur</strong></span> <span class='ocrx_word' id='word_1_373' title='bbox 3511 3439 3705 3491; x_wconf 89' lang='lat' dir='ltr'><strong>bonos.</strong></span> 
     </span>
    </p>
   </div>
   <div class='ocr_carea' id='block_1_36' title="bbox 862 3526 3865 3601">
    <p class='ocr_par' dir='ltr' id='par_1_36' title="bbox 862 3526 3865 3601">
     <span class='ocr_line' id='line_1_36' title="bbox 862 3526 3865 3601; baseline 0.002 -23"><span class='ocrx_word' id='word_1_374' title='bbox 862 3526 925 3578; x_wconf 85' lang='lat' dir='ltr'><strong>Et</strong></span> <span class='ocrx_word' id='word_1_375' title='bbox 960 3528 1073 3581; x_wconf 89' lang='lat' dir='ltr'><strong>lieri</strong></span> <span class='ocrx_word' id='word_1_376' title='bbox 1102 3536 1226 3581; x_wconf 89' lang='lat' dir='ltr'><strong>voto</strong></span> <span class='ocrx_word' id='word_1_377' title='bbox 1261 3530 1633 3598; x_wconf 86' lang='lat' dir='ltr'><strong>splendidiora</strong></span> <span class='ocrx_word' id='word_1_378' title='bbox 1683 3539 1775 3583; x_wconf 91' lang='lat' dir='ltr'><strong>tuo</strong></span> <span class='ocrx_word' id='word_1_379' title='bbox 1798 3533 1821 3583; x_wconf 65' lang='grc' dir='ltr'>Υ</span> <span class='ocrx_word' id='word_1_380' title='bbox 2469 3529 2544 3582; x_wconf 85' lang='lat' dir='ltr'><strong>Te</strong></span> <span class='ocrx_word' id='word_1_381' title='bbox 2575 3529 2771 3582; x_wconf 88' lang='lat' dir='ltr'><strong>merito</strong></span> <span class='ocrx_word' id='word_1_382' title='bbox 2808 3530 2923 3584; x_wconf 53' lang='lat' dir='ltr'><strong>haec</strong></span> <span class='ocrx_word' id='word_1_383' title='bbox 2968 3531 3135 3600; x_wconf 78' lang='lat' dir='ltr'><strong>igitur</strong></span> <span class='ocrx_word' id='word_1_384' title='bbox 3164 3533 3459 3585; x_wconf 83' lang='lat' dir='ltr'><strong>comitatur</strong></span> <span class='ocrx_word' id='word_1_385' title='bbox 3492 3531 3664 3601; x_wconf 70' lang='lat' dir='ltr'><strong>gloria</strong></span> <span class='ocrx_word' id='word_1_386' title='bbox 3705 3530 3865 3591; x_wconf 86' lang='lat' dir='ltr'><strong>lauri,</strong></span> 
     </span>
    </p>
   </div>
   <div class='ocr_carea' id='block_1_37' title="bbox 807 3618 3654 3692">
    <p class='ocr_par' dir='ltr' id='par_1_37' title="bbox 807 3618 3654 3692">
     <span class='ocr_line' id='line_1_37' title="bbox 807 3618 3654 3692; baseline 0.002 -21"><span class='ocrx_word' id='word_1_387' title='bbox 807 3618 1131 3687; x_wconf 77' lang='lat' dir='ltr'><strong>Scriptaque</strong></span> <span class='ocrx_word' id='word_1_388' title='bbox 1162 3618 1486 3691; x_wconf 78' lang='lat' dir='ltr'><strong>Grajngenis</strong></span> <span class='ocrx_word' id='word_1_389' title='bbox 1515 3629 1724 3675; x_wconf 89' lang='lat' dir='ltr'><strong>tantum</strong></span> <span class='ocrx_word' id='word_1_390' title='bbox 1744 3620 2016 3677; x_wconf 89' lang='lat' dir='ltr'><strong>celebrata</strong></span> <span class='ocrx_word' id='word_1_391' title='bbox 2050 3620 2256 3692; x_wconf 63' lang='lat' dir='ltr'><strong>Lycmis</strong></span> <span class='ocrx_word' id='word_1_392' title='bbox 2542 3619 2820 3689; x_wconf 83' lang='lat' dir='ltr'><strong>Famaque</strong></span> <span class='ocrx_word' id='word_1_393' title='bbox 2859 3637 2956 3691; x_wconf 88' lang='lat' dir='ltr'><strong>per</strong></span> <span class='ocrx_word' id='word_1_394' title='bbox 2982 3622 3165 3677; x_wconf 91' lang='lat' dir='ltr'><strong>nullos</strong></span> <span class='ocrx_word' id='word_1_395' title='bbox 3192 3623 3487 3677; x_wconf 86' lang='lat' dir='ltr'><strong>interitura</strong></span> <span class='ocrx_word' id='word_1_396' title='bbox 3514 3622 3654 3677; x_wconf 88' lang='lat' dir='ltr'><strong>dies.</strong></span> 
     </span>
    </p>
   </div>
   <div class='ocr_carea' id='block_1_38' title="bbox 1396 3948 3439 4008">
    <p class='ocr_par' dir='ltr' id='par_1_38' title="bbox 1396 3948 3439 4008">
     <span class='ocr_line' id='line_1_38' title="bbox 1396 3948 3439 4008; baseline 0.004 -8"><span class='ocrx_word' id='word_1_397' title='bbox 1396 3948 1818 4003; x_wconf 70' lang='lat' dir='ltr'><strong>LAURENTH</strong></span> <span class='ocrx_word' id='word_1_398' title='bbox 1882 3948 2145 4003; x_wconf 79' lang='lat' dir='ltr'><strong>SIFANI</strong></span> <span class='ocrx_word' id='word_1_399' title='bbox 2177 3950 2865 4007; x_wconf 77' lang='lat' dir='ltr'><strong>ADMONITIUNCULA</strong></span> <span class='ocrx_word' id='word_1_400' title='bbox 2896 3952 2992 4005; x_wconf 82' lang='lat' dir='ltr'><strong>AD</strong></span> <span class='ocrx_word' id='word_1_401' title='bbox 3025 3951 3439 4008; x_wconf 74' lang='lat' dir='ltr'><strong>LECTOREH.</strong></span> 
     </span>
    </p>
   </div>
   <div class='ocr_carea' id='block_1_39' title="bbox 872 4060 4065 4136">
    <p class='ocr_par' dir='ltr' id='par_1_39' title="bbox 872 4060 4065 4136">
     <span class='ocr_line' id='line_1_39' title="bbox 872 4060 4065 4136; baseline 0.003 -22"><span class='ocrx_word' id='word_1_402' title='bbox 872 4060 1241 4136; x_wconf 73' lang='lat' dir='ltr'><strong>Admonrndus</strong></span> <span class='ocrx_word' id='word_1_403' title='bbox 1268 4061 1574 4126; x_wconf 81' lang='lat' dir='ltr'><strong>l.eclor,ubi</strong></span> <span class='ocrx_word' id='word_1_404' title='bbox 1602 4063 1804 4136; x_wconf 70' lang='lat' dir='ltr'><strong>diversa</strong></span> <span class='ocrx_word' id='word_1_405' title='bbox 1838 4066 1893 4116; x_wconf 83' lang='lat' dir='ltr'><strong>in</strong></span> <span class='ocrx_word' id='word_1_406' title='bbox 1917 4067 2148 4133; x_wconf 83' lang='lat' dir='ltr'><strong>margine</strong></span> <span class='ocrx_word' id='word_1_407' title='bbox 2204 4065 2488 4118; x_wconf 79' lang='lat' dir='ltr'><strong>translatio</strong></span> <span class='ocrx_word' id='word_1_408' title='bbox 2514 4068 2754 4134; x_wconf 72' lang='lat' dir='ltr'><strong>apposita</strong></span> <span class='ocrx_word' id='word_1_409' title='bbox 2781 4077 2878 4127; x_wconf 76' lang='lat' dir='ltr'><strong>est,</strong></span> <span class='ocrx_word' id='word_1_410' title='bbox 2907 4067 3081 4135; x_wconf 68' lang='lat' dir='ltr'><strong>perv.</strong></span> <span class='ocrx_word' id='word_1_411' title='bbox 3110 4066 3393 4136; x_wconf 76' lang='lat' dir='ltr'><strong>Vulgatam</strong></span> <span class='ocrx_word' id='word_1_412' title='bbox 3419 4069 3701 4121; x_wconf 63' lang='lat' dir='ltr'><strong>tertianam</strong></span> <span class='ocrx_word' id='word_1_413' title='bbox 3724 4069 4065 4135; x_wconf 73' lang='lat' dir='ltr'><strong>signiﬁcari:</strong></span> 
     </span>
    </p>
   </div>
   <div class='ocr_carea' id='block_1_40' title="bbox 800 4132 4062 4205">
    <p class='ocr_par' dir='ltr' id='par_1_40' title="bbox 800 4132 4062 4205">
     <span class='ocr_line' id='line_1_40' title="bbox 800 4132 4062 4205; baseline 0.003 -25"><span class='ocrx_word' id='word_1_414' title='bbox 800 4132 1056 4205; x_wconf 69' lang='lat' dir='ltr'><strong>diuersam</strong></span> <span class='ocrx_word' id='word_1_415' title='bbox 1086 4133 1149 4182; x_wconf 85' lang='lat' dir='ltr'><strong>ab</strong></span> <span class='ocrx_word' id='word_1_416' title='bbox 1182 4133 1275 4205; x_wconf 78' lang='lat' dir='ltr'><strong>hoc</strong></span> <span class='ocrx_word' id='word_1_417' title='bbox 1315 4149 1479 4205; x_wconf 81' lang='lat' dir='ltr'><strong>meam</strong></span> <span class='ocrx_word' id='word_1_418' title='bbox 1526 4150 1653 4205; x_wconf 61' lang='lat' dir='ltr'><strong>esse.</strong></span> <span class='ocrx_word' id='word_1_419' title='bbox 1709 4135 1859 4197; x_wconf 77' lang='lat' dir='ltr'><strong>Quod</strong></span> <span class='ocrx_word' id='word_1_420' title='bbox 1898 4132 2084 4185; x_wconf 69' lang='lat' dir='ltr'><strong>attinet</strong></span> <span class='ocrx_word' id='word_1_421' title='bbox 2119 4136 2184 4186; x_wconf 84' lang='lat' dir='ltr'><strong>ad</strong></span> <span class='ocrx_word' id='word_1_422' title='bbox 2236 4138 2499 4187; x_wconf 78' lang='lat' dir='ltr'><strong>diversam</strong></span> <span class='ocrx_word' id='word_1_423' title='bbox 2534 4132 2807 4189; x_wconf 66' lang='lat' dir='ltr'><strong>lectionem</strong></span> <span class='ocrx_word' id='word_1_424' title='bbox 2834 4132 3097 4197; x_wconf 43' lang='lat' dir='ltr'><strong>Gr&#39;azcam,</strong></span> <span class='ocrx_word' id='word_1_425' title='bbox 3131 4132 3225 4189; x_wconf 78' lang='lat' dir='ltr'><strong>ubi</strong></span> <span class='ocrx_word' id='word_1_426' title='bbox 3258 4139 3313 4190; x_wconf 83' lang='lat' dir='ltr'><strong>in</strong></span> <span class='ocrx_word' id='word_1_427' title='bbox 3344 4141 3581 4205; x_wconf 81' lang='lat' dir='ltr'><strong>margine</strong></span> <span class='ocrx_word' id='word_1_428' title='bbox 3610 4132 3912 4205; x_wconf 64' lang='lat' dir='ltr'><strong>appositum</strong></span> <span class='ocrx_word' id='word_1_429' title='bbox 3949 4156 4062 4201; x_wconf 75' lang='lat' dir='ltr'><strong>est,</strong></span> 
     </span>
    </p>
   </div>
   <div class='ocr_carea' id='block_1_41' title="bbox 803 4201 4065 4275">
    <p class='ocr_par' dir='ltr' id='par_1_41' title="bbox 803 4201 4065 4275">
     <span class='ocr_line' id='line_1_41' title="bbox 803 4201 4065 4275; baseline 0.003 -23"><span class='ocrx_word' id='word_1_430' title='bbox 803 4201 1106 4275; x_wconf 80' lang='lat' dir='ltr'><strong>habebatur</strong></span> <span class='ocrx_word' id='word_1_431' title='bbox 1132 4210 1222 4252; x_wconf 87' lang='lat' dir='ltr'><strong>aut</strong></span> <span class='ocrx_word' id='word_1_432' title='bbox 1254 4202 1507 4275; x_wconf 68' lang='lat' dir='ltr'><strong>habetur,</strong></span> <span class='ocrx_word' id='word_1_433' title='bbox 1541 4203 1651 4255; x_wconf 82' lang='lat' dir='ltr'><strong>illic</strong></span> <span class='ocrx_word' id='word_1_434' title='bbox 1694 4220 1727 4254; x_wconf 87' lang='lat' dir='ltr'><strong>a</strong></span> <span class='ocrx_word' id='word_1_435' title='bbox 1749 4220 1826 4275; x_wconf 71' lang='lat' dir='ltr'><strong>me</strong></span> <span class='ocrx_word' id='word_1_436' title='bbox 1853 4212 2141 4275; x_wconf 68' lang='lat' dir='ltr'><strong>correctam</strong></span> <span class='ocrx_word' id='word_1_437' title='bbox 2169 4221 2279 4275; x_wconf 71' lang='lat' dir='ltr'><strong>esse</strong></span> <span class='ocrx_word' id='word_1_438' title='bbox 2299 4206 2484 4275; x_wconf 76' lang='lat' dir='ltr'><strong>procul</strong></span> <span class='ocrx_word' id='word_1_439' title='bbox 2511 4205 2674 4257; x_wconf 78' lang='lat' dir='ltr'><strong>dubio</strong></span> <span class='ocrx_word' id='word_1_440' title='bbox 2702 4218 3007 4273; x_wconf 72' lang='lat' dir='ltr'><strong>corruptam</strong></span> <span class='ocrx_word' id='word_1_441' title='bbox 3031 4206 3087 4256; x_wconf 84' lang='lat' dir='ltr'><strong>in</strong></span> <span class='ocrx_word' id='word_1_442' title='bbox 3108 4201 3478 4275; x_wconf 71' lang='lat' dir='ltr'><strong>manuscripto</strong></span> <span class='ocrx_word' id='word_1_443' title='bbox 3493 4201 3804 4272; x_wconf 72' lang='lat' dir='ltr'><strong>lectionem;</strong></span> <span class='ocrx_word' id='word_1_444' title='bbox 3836 4210 3928 4260; x_wconf 79' lang='lat' dir='ltr'><strong>sed</strong></span> <span class='ocrx_word' id='word_1_445' title='bbox 3959 4216 4065 4263; x_wconf 79' lang='lat' dir='ltr'><strong>ubi</strong></span> 
     </span>
    </p>
   </div>
   <div class='ocr_carea' id='block_1_42' title="bbox 801 4269 4065 4346">
    <p class='ocr_par' dir='ltr' id='par_1_42' title="bbox 801 4269 4065 4346">
     <span class='ocr_line' id='line_1_42' title="bbox 801 4269 4065 4346; baseline 0.004 -26"><span class='ocrx_word' id='word_1_446' title='bbox 801 4271 1188 4346; x_wconf 59' lang='lat' dir='ltr'><strong>&quot;scriptiones!</strong></span> <span class='ocrx_word' id='word_1_447' title='bbox 1214 4270 1283 4346; x_wconf 63' lang='lat' dir='ltr'><strong>at!</strong></span> <span class='ocrx_word' id='word_1_448' title='bbox 1318 4269 1554 4324; x_wconf 71' lang='lat' dir='ltr'><strong>ercam</strong></span> <span class='ocrx_word' id='word_1_449' title='bbox 1576 4274 1627 4323; x_wconf 85' lang='lat' dir='ltr'><strong>in</strong></span> <span class='ocrx_word' id='word_1_450' title='bbox 1653 4273 1884 4342; x_wconf 77' lang='lat' dir='ltr'><strong>margine</strong></span> <span class='ocrx_word' id='word_1_451' title='bbox 1910 4274 2139 4338; x_wconf 73' lang='lat' dir='ltr'><strong>positam</strong></span> <span class='ocrx_word' id='word_1_452' title='bbox 2162 4269 2423 4327; x_wconf 74' lang='lat' dir='ltr'><strong>diversam</strong></span> <span class='ocrx_word' id='word_1_453' title='bbox 2448 4274 2745 4341; x_wconf 77' lang='lat' dir='ltr'><strong>lectionem,</strong></span> <span class='ocrx_word' id='word_1_454' title='bbox 2782 4269 2932 4337; x_wconf 75' lang='grc' dir='ltr'>ῐσώς,</span> <span class='ocrx_word' id='word_1_455' title='bbox 2964 4274 3018 4327; x_wconf 85' lang='lat' dir='ltr'><strong>id</strong></span> <span class='ocrx_word' id='word_1_456' title='bbox 3048 4285 3148 4339; x_wconf 79' lang='lat' dir='ltr'><strong>est,</strong></span> <span class='ocrx_word' id='word_1_457' title='bbox 3188 4269 3445 4341; x_wconf 66' lang='lat' dir='ltr'><strong>forsitan,</strong></span> <span class='ocrx_word' id='word_1_458' title='bbox 3488 4278 3561 4330; x_wconf 81' lang='lat' dir='ltr'><strong>ibi</strong></span> <span class='ocrx_word' id='word_1_459' title='bbox 3615 4292 3697 4330; x_wconf 77' lang='lat' dir='ltr'><strong>me</strong></span> <span class='ocrx_word' id='word_1_460' title='bbox 3728 4269 4065 4346; x_wconf 33' lang='lat' dir='ltr'><strong>co—ujct&#39;turis</strong></span> 
     </span>
    </p>
   </div>
   <div class='ocr_carea' id='block_1_43' title="bbox 802 4339 1731 4409">
    <p class='ocr_par' dir='ltr' id='par_1_43' title="bbox 802 4339 1731 4409">
     <span class='ocr_line' id='line_1_43' title="bbox 802 4339 1731 4409; baseline 0.004 -19"><span class='ocrx_word' id='word_1_461' title='bbox 802 4355 953 4390; x_wconf 75' lang='lat' dir='ltr'><strong>usum</strong></span> <span class='ocrx_word' id='word_1_462' title='bbox 985 4342 1055 4391; x_wconf 83' lang='lat' dir='ltr'><strong>ita</strong></span> <span class='ocrx_word' id='word_1_463' title='bbox 1084 4339 1354 4407; x_wconf 81' lang='lat' dir='ltr'><strong>legendum</strong></span> <span class='ocrx_word' id='word_1_464' title='bbox 1383 4357 1493 4395; x_wconf 73' lang='lat' dir='ltr'><strong>esse</strong></span> <span class='ocrx_word' id='word_1_465' title='bbox 1518 4351 1731 4409; x_wconf 82' lang='lat' dir='ltr'><strong>putare.</strong></span> 
     </span>
    </p>
   </div>
   <div class='ocr_carea' id='block_1_44' title="bbox 2347 4533 2727 4545">
    <p class='ocr_par' dir='ltr' id='par_1_44' title="bbox 2347 4533 2727 4545">
     <span class='ocr_line' id='line_1_44' title="bbox 2347 4533 2727 4545; baseline 0.003 -2"><span class='ocrx_word' id='word_1_466' title='bbox 2347 4533 2727 4545; x_wconf 64' lang='lat'><strong>-—-——.——_——</strong></span> 
     </span>
    </p>
   </div>
   <div class='ocr_carea' id='block_1_45' title="bbox 1088 4533 4011 4563">
    <p class='ocr_par' dir='ltr' id='par_1_45' title="bbox 1088 4533 3791 4562">
     <span class='ocr_line' id='line_1_45' title="bbox 1088 4533 3791 4562; baseline 0 -23"><span class='ocrx_word' id='word_1_467' title='bbox 1088 4533 2257 4542; x_wconf 77' lang='lat'>______________</span> <span class='ocrx_word' id='word_1_468' title='bbox 2347 4533 2727 4545; x_wconf 85' lang='lat'><strong>__________</strong></span> <span class='ocrx_word' id='word_1_469' title='bbox 2963 4533 2993 4562; x_wconf 58' lang='grc' dir='ltr'>ε</span> <span class='ocrx_word' id='word_1_470' title='bbox 3253 4535 3293 4560; x_wconf 52' lang='grc' dir='ltr'><strong>τε</strong></span> <span class='ocrx_word' id='word_1_471' title='bbox 3543 4535 3791 4561; x_wconf 42' lang='grc' dir='ltr'><strong>,ἔπιπτε</strong></span> 
     </span>
    </p>
   </div>
   <div class='ocr_carea' id='block_1_46' title="bbox 817 4546 1059 4559">
    <p class='ocr_par' dir='ltr' id='par_1_46' title="bbox 817 4546 1059 4559">
     <span class='ocr_line' id='line_1_46' title="bbox 817 4546 1059 4559; baseline 0.004 -5"><span class='ocrx_word' id='word_1_472' title='bbox 817 4546 1059 4559; x_wconf 50' lang='grc'><strong>’--“-</strong></span> 
     </span>
    </p>
   </div>
   <div class='ocr_carea' id='block_1_47' title="bbox 1316 4685 3541 4782">
    <p class='ocr_par' dir='ltr' id='par_1_47' title="bbox 1316 4685 3541 4782">
     <span class='ocr_line' id='line_1_47' title="bbox 1316 4685 3541 4782; baseline 0.004 -9"><span class='ocrx_word' id='word_1_473' title='bbox 1316 4688 1881 4777; x_wconf 86' lang='grc' dir='ltr'><strong>ΥΠΟΘΕΣΙΣ</strong></span> <span class='ocrx_word' id='word_1_474' title='bbox 1941 4690 2157 4774; x_wconf 86' lang='grc' dir='ltr'><strong>ΤΗΣ</strong></span> <span class='ocrx_word' id='word_1_475' title='bbox 2226 4690 2629 4776; x_wconf 86' lang='grc' dir='ltr'><strong>ΒΙΒΛΟΥ</strong></span> <span class='ocrx_word' id='word_1_476' title='bbox 2694 4696 2922 4780; x_wconf 87' lang='grc' dir='ltr'><strong>ΤΩΝ</strong></span> <span class='ocrx_word' id='word_1_477' title='bbox 3013 4685 3541 4782; x_wconf 78' lang='grc' dir='ltr'><strong>ΠΡΑΞΕΩΝ</strong></span> 
     </span>
    </p>
   </div>
   <div class='ocr_carea' id='block_1_48' title="bbox 1899 4869 2959 4926">
    <p class='ocr_par' dir='ltr' id='par_1_48' title="bbox 1899 4869 2959 4926">
     <span class='ocr_line' id='line_1_48' title="bbox 1899 4869 2959 4926; baseline 0.008 -8"><span class='ocrx_word' id='word_1_478' title='bbox 1899 4869 2033 4920; x_wconf 84' lang='grc' dir='ltr'><strong>ΣΥΝ</strong></span> <span class='ocrx_word' id='word_1_479' title='bbox 2069 4869 2225 4921; x_wconf 84' lang='grc' dir='ltr'><strong>ΤΟΙΣ</strong></span> <span class='ocrx_word' id='word_1_480' title='bbox 2249 4870 2661 4925; x_wconf 77' lang='grc' dir='ltr'><strong>ΚΕΦΔΛΔΙΟΙΣ</strong></span> <span class='ocrx_word' id='word_1_481' title='bbox 2704 4872 2959 4926; x_wconf 82' lang='grc' dir='ltr'><strong>ΑΥΤΩΝ.</strong></span> 
     </span>
    </p>
   </div>
   <div class='ocr_carea' id='block_1_49' title="bbox 1478 5211 3383 5304">
    <p class='ocr_par' dir='ltr' id='par_1_49' title="bbox 1478 5211 3383 5304">
     <span class='ocr_line' id='line_1_49' title="bbox 1478 5211 3383 5304; baseline 0.003 -5"><span class='ocrx_word' id='word_1_482' title='bbox 1478 5213 2319 5303; x_wconf 82' lang='lat' dir='ltr'><strong>ARGUMENTUM</strong></span> <span class='ocrx_word' id='word_1_483' title='bbox 2388 5213 2719 5300; x_wconf 80' lang='lat' dir='ltr'><strong>LIBRI</strong></span> <span class='ocrx_word' id='word_1_484' title='bbox 2814 5211 3383 5304; x_wconf 77' lang='lat' dir='ltr'><strong>ACTORUM</strong></span> 
     </span>
    </p>
   </div>
   <div class='ocr_carea' id='block_1_50' title="bbox 1937 5400 2945 5460">
    <p class='ocr_par' dir='ltr' id='par_1_50' title="bbox 1937 5400 2945 5460">
     <span class='ocr_line' id='line_1_50' title="bbox 1937 5400 2945 5460; baseline 0.005 -5"><span class='ocrx_word' id='word_1_485' title='bbox 1937 5401 2074 5456; x_wconf 80' lang='lat' dir='ltr'><strong>UNA</strong></span> <span class='ocrx_word' id='word_1_486' title='bbox 2106 5401 2251 5459; x_wconf 74' lang='lat' dir='ltr'><strong>CUM</strong></span> <span class='ocrx_word' id='word_1_487' title='bbox 2282 5400 2649 5456; x_wconf 79' lang='lat' dir='ltr'><strong>CAPITULIS</strong></span> <span class='ocrx_word' id='word_1_488' title='bbox 2682 5402 2945 5460; x_wconf 77' lang='lat' dir='ltr'><strong>EORUM.</strong></span> 
     </span>
    </p>
   </div>
   <div class='ocr_carea' id='block_1_51' title="bbox 892 5718 2533 5793">
    <p class='ocr_par' dir='ltr' id='par_1_51' title="bbox 892 5720 2386 5789">
     <span class='ocr_line' id='line_1_51' title="bbox 892 5720 2386 5789; baseline -0.002 -17"><span class='ocrx_word' id='word_1_489' title='bbox 892 5722 1021 5773; x_wconf 75' lang='lat' dir='ltr'><strong>Acta</strong></span> <span class='ocrx_word' id='word_1_490' title='bbox 1076 5721 1444 5789; x_wconf 85' lang='lat' dir='ltr'><strong>apostolorum</strong></span> <span class='ocrx_word' id='word_1_491' title='bbox 1508 5722 1646 5775; x_wconf 87' lang='lat' dir='ltr'><strong>liber</strong></span> <span class='ocrx_word' id='word_1_492' title='bbox 1692 5720 1781 5773; x_wconf 84' lang='lat' dir='ltr'><strong>hic</strong></span> <span class='ocrx_word' id='word_1_493' title='bbox 1840 5728 2083 5781; x_wconf 84' lang='lat' dir='ltr'><strong>vocatur,</strong></span> <span class='ocrx_word' id='word_1_494' title='bbox 2131 5721 2386 5784; x_wconf 87' lang='lat' dir='ltr'><strong>quoniam</strong></span> 
     </span>
    </p>
   </div>
   <div class='ocr_carea' id='block_1_52' title="bbox 2431 5718 4072 5793">
    <p class='ocr_par' dir='ltr' id='par_1_52' title="bbox 2569 5718 4072 5793">
     <span class='ocr_line' id='line_1_52' title="bbox 2569 5718 4072 5793; baseline 0.007 -24"><span class='ocrx_word' id='word_1_495' title='bbox 2569 5718 2800 5787; x_wconf 73' lang='grc' dir='ltr'><strong>Πράξεις</strong></span> <span class='ocrx_word' id='word_1_496' title='bbox 2830 5719 3223 5772; x_wconf 63' lang='grc' dir='ltr'><strong>ἀπθστῶωντὸ</strong></span> <span class='ocrx_word' id='word_1_497' title='bbox 3261 5719 3465 5788; x_wconf 79' lang='grc' dir='ltr'><strong>βιϐλίον</strong></span> <span class='ocrx_word' id='word_1_498' title='bbox 3529 5719 3806 5788; x_wconf 69' lang='grc' dir='ltr'><strong>καλεῖται,</strong></span> <span class='ocrx_word' id='word_1_499' title='bbox 3869 5724 4072 5793; x_wconf 73' lang='grc' dir='ltr'>ἐπειδῆ</span> 
     </span>
    </p>
   </div>
   <div class='ocr_carea' id='block_1_53' title="bbox 819 5809 2460 5883">
    <p class='ocr_par' dir='ltr' id='par_1_53' title="bbox 819 5812 2383 5883">
     <span class='ocr_line' id='line_1_53' title="bbox 819 5812 2383 5883; baseline -0.001 -16"><span class='ocrx_word' id='word_1_500' title='bbox 819 5812 982 5867; x_wconf 77' lang='lat' dir='ltr'><strong>simul</strong></span> <span class='ocrx_word' id='word_1_501' title='bbox 1009 5818 1246 5869; x_wconf 81' lang='lat' dir='ltr'><strong>continet</strong></span> <span class='ocrx_word' id='word_1_502' title='bbox 1276 5824 1395 5868; x_wconf 81' lang='lat' dir='ltr'><strong>acta</strong></span> <span class='ocrx_word' id='word_1_503' title='bbox 1455 5814 1822 5883; x_wconf 79' lang='lat' dir='ltr'><strong>apostolorum</strong></span> <span class='ocrx_word' id='word_1_504' title='bbox 1863 5831 1875 5865; x_wconf 87' lang='lat'><strong>:</strong></span> <span class='ocrx_word' id='word_1_505' title='bbox 1914 5813 2005 5881; x_wconf 83' lang='lat' dir='ltr'><strong>qui</strong></span> <span class='ocrx_word' id='word_1_506' title='bbox 2039 5820 2221 5864; x_wconf 76' lang='lat' dir='ltr'><strong>autem</strong></span> <span class='ocrx_word' id='word_1_507' title='bbox 2274 5812 2383 5865; x_wconf 76' lang='lat' dir='ltr'><strong>Inec</strong></span> 
     </span>
    </p>
   </div>
   <div class='ocr_carea' id='block_1_54' title="bbox 2435 5809 4076 5883">
    <p class='ocr_par' dir='ltr' id='par_1_54' title="bbox 2491 5809 4076 5880">
     <span class='ocr_line' id='line_1_54' title="bbox 2491 5809 4076 5880; baseline 0.006 -19"><span class='ocrx_word' id='word_1_508' title='bbox 2491 5810 2589 5873; x_wconf 70' lang='grc' dir='ltr'><strong>τὰς</strong></span> <span class='ocrx_word' id='word_1_509' title='bbox 2621 5809 2850 5878; x_wconf 75' lang='grc' dir='ltr'><strong>πράξεις</strong></span> <span class='ocrx_word' id='word_1_510' title='bbox 2879 5809 3014 5873; x_wconf 76' lang='grc' dir='ltr'><strong>ὁμοῦ</strong></span> <span class='ocrx_word' id='word_1_511' title='bbox 3055 5812 3165 5863; x_wconf 78' lang='grc' dir='ltr'><strong>τῶν</strong></span> <span class='ocrx_word' id='word_1_512' title='bbox 3225 5811 3537 5864; x_wconf 68' lang='grc' dir='ltr'><strong>ἀποστόλων</strong></span> <span class='ocrx_word' id='word_1_513' title='bbox 3594 5816 3859 5880; x_wconf 61' lang='grc' dir='ltr'><strong>περιέχει.</strong></span> <span class='ocrx_word' id='word_1_514' title='bbox 3903 5813 3964 5868; x_wconf 88' lang='grc' dir='ltr'>Ὀ</span> <span class='ocrx_word' id='word_1_515' title='bbox 4016 5818 4076 5871; x_wconf 73' lang='grc' dir='ltr'><strong>δὲ</strong></span> 
     </span>
    </p>
   </div>
  </div>
