4156 6440
750 410 859 473 (57

1690 405 2261 470 THEOPHYLACTI
2300 404 2395 463 ΒΗ
2409 405 2710 465 LGARIA'I
2749 405 3107 465 ARCHIEP.

3907 405 4023 467 488

752 534 1013 593 ειτοιοε,
1040 532 1096 577 et
1124 521 1411 579 daemoniis
1455 531 1739 593 correptos
1771 542 1786 578 :
1822 537 1933 594 quo
1989 523 2133 578 laeto
2177 534 2334 575 cura-

2445 517 2531 570 ὲπὶ
2554 518 2678 581 τοὺς
2703 517 3062 580 ἀσθενοῦντας
3100 516 3193 570 καὶ
3214 514 3607 586 δαιμονιῶντας
3634 533 3647 546 θ
3672 515 3765 569 καὶ
3816 516 4024 587 ἐθερα-

750 620 975 672 bantur.

829 710 918 763 I7.
951 707 1155 763 Paulus
1169 705 1382 761 Troade
1408 708 1475 762 de
1504 706 1746 762 fenestra
1775 706 2060 776 delapsum
2107 713 2162 758 et
2184 719 2332 758 mor-

753 811 908 853 tuum
948 797 1259 868 Eutychum
1289 797 1568 861 excitavit,
1597 797 1784 852 dicens
1831 813 1846 850 :
1905 796 2103 849 Anima
2125 795 2244 863 ejus
2280 795 2334 848 in

756 908 825 945 (⁵ο
865 902 974 945 est.

828 982 916 1034 18.
959 978 1166 1034 Paulus
1202 979 1256 1032 in
1291 978 1469 1050 Cypro
1497 977 1771 1047 increpuit
1806 976 2032 1048 Elyman
2074 990 2331 1047 magum:

752 1083 917 1140 atpie
947 1073 1063 1139 ipse
1099 1085 1288 1138 magus
1312 1083 1491 1122 ett-cus
1524 1070 1717 1123 evasit.

828 1164 915 1216 t9.
948 1161 1148 1215 Paulus
1196 1161 1325 1215 dum
1380 1162 1607 1213 ltomam
1671 1159 1972 1229 navigaret,
2016 1166 2337 1227 tempestate

750 1258 989 1325 jactatus
1048 1262 1155 1320 est,
1192 1261 1246 1306 et
1309 1254 1426 1321 ipse
1482 1291 1498 1315 ,
1636 1260 1690 1306 et
1750 1267 1959 1315 omnes,
2022 1251 2114 1319 qui
2180 1259 2335 1303 erant

752 1348 809 1400 in
854 1347 976 1399 navi
1008 1347 1073 1399 ad
1115 1346 1232 1398 dies
1268 1357 1321 1396 et
1361 1350 1549 1397 noctes
1594 1342 2025 1412 quatuordecim.
2073 1342 2337 1395 Omnibus

754 1448 937 1491 autem
980 1445 1208 1489 mortem
1236 1433 1708 1502 exspectantibus,
1732 1449 1855 1486 eum
1885 1432 2147 1484 Doaxinus
2170 1431 2339 1503 Paulo

753 1539 977 1593 astaret,
1004 1528 1141 1581 dixit
1170 1529 1216 1582 ei
1244 1545 1257 1582 :
1286 1527 1515 1593 PrOpter
1548 1535 1601 1580 te
1632 1525 1796 1578 vitam
1829 1522 1915 1577 his
1963 1522 2211 1577 concessi
2240 1538 2256 1575 :
2283 1529 2339 1576 et

753 1622 888 1675 Salvi
929 1630 1223 1676 evaserunt
1262 1634 1476 1672 omnes.

824 1713 916 1768 ΞΟ.
954 1714 1247 1781 Egressum
1290 1711 1517 1765 Paulum
1548 1724 1579 1764 e
1605 1708 1752 1773 navi,
1784 1708 1968 1778 vipera
2022 1705 2335 1768 momordit,

755 1817 921 1876 atque
960 1821 1153 1861 omnes
1206 1805 1471 1874 putabant
1506 1802 1623 1855 fore
1657 1809 1715 1854 ut
1765 1812 2069 1855 moreretur
2099 1818 2113 1852 :
2153 1810 2213 1851 ut
2241 1814 2339 1850 auo

2438 627 2505 662 πε
2513 627 2685 663 υοντο.

2512 704 2600 768 ιζ’.
2636 704 2847 767 Παῦλος
2874 704 2932 757 ἐν
2958 703 3178 774 Τρῳάδι
3202 702 3440 757 πεσόντα
3462 701 3703 772 Εὔτυχον
3757 703 3869 756 ἀπὸ
3915 704 4026 769 τῆς

2439 796 2674 864 θυρίδος.
2692 795 2786 848 καὶ
2806 794 3140 849 ἀποθανόντα
3156 796 3341 867 ἤγειρε
3360 795 3555 863 λέγων’
3594 790 3658 847 Ἢ
3680 794 3824 863 ψυχὴ
3848 794 4026 847 αὐτοῦ

2439 890 2498 940 ὲν
2529 888 2677 958 αὐτῷ
2699 890 2834 941 ἐστι.

2514 984 2601 1047 ιη’.
2639 980 2851 1041 Παῦλος
2878 981 2934 1032 έν
2973 980 3183 1050 Κύπρῳ
3216 980 3513 1050 ἐπετίμησε
3548 978 3624 1049 τῷ
3661 980 3820 1049 μάγῳ
3861 979 4028 1032 Ἐλύ-

2443 1086 2520 1140 μᾳ
2543 1084 2557 1097 '
2594 1071 2687 1121 καὶ
2716 1071 2932 1137 ἐγένετο
2961 1069 3158 1138 τυφλὸς
3194 1069 3350 1129 αὐτὸς
3373 1069 3402 1120 ό
3440 1068 3633 1139 μάγος.

2512 1162 2597 1215 tO'.
2636 1162 2845 1225 Παῦλος
2870 1163 2944 1224 ὡς
2974 1162 3167 1214 ἔπλεεν
3200 1165 3257 1215 ὲν
3302 1161 3490 1233 Ῥώμῃ
3516 1162 3558 1223 ⁸,
3610 1159 4029 1229 ἐχειμάσθησαν

2440 1253 2603 1314 αὑτός
2632 1270 2690 1304 τε
2717 1253 2810 1306 καὶ
2845 1253 3045 1314 πάντες
3072 1253 3120 1304 οί
3155 1254 3212 1304 ἐν
3240 1252 3318 1321 τῷ
3358 1252 3526 1321 πλοίῳ
3555 1253 3646 1303 ἐπὶ
3696 1250 4027 1320 νυχθήμερα

2443 1346 2523 1398 ιδ’.
2572 1346 2797 1399 Πάντων
2827 1346 2881 1398 δὲ
2911 1344 3343 1414 προσδοκώντων
3372 1344 3684 1406 ἀποθανεῖν,
3736 1344 3969 1407 ἐπιστὰς
3997 1347 4030 1396 ὁ

2441 1436 2645 1505 Κύριος
2670 1432 2985 1505 εἷπεναῦτῴ
3004 1436 3081 1505 τῷ
3102 1436 3314 1505 Παύλῳ,
3338 1437 3421 1489 ὅτι
3470 1437 3572 1488 Διὰ
3594 1435 3653 1488 σὲ
3676 1436 4022 1507 κεχάρισμαι

2440 1525 2649 1588 τούτοις
2682 1523 2743 1577 τὸ
2778 1524 2878 1593 ζῇν
2903 1540 2917 1557 ·
2956 1525 3050 1577 καὶ
3085 1525 3366 1596 ἐσώθησαν
3393 1527 3614 1589 πάντες.

2512 1709 2581 1764 κ’.
2622 1712 2939 1775 Ἐξελθόντα
2971 1711 3063 1765 τὸν
3093 1712 3306 1765 Παῦλον
3364 1712 3473 1765 ἀπὸ
3519 1712 3614 1764 τοῦ
3666 1711 3874 1771 πλοίου,
3906 1712 4034 1781 ἔχις

2444 1803 2604 1855 ἔδακε
2629 1820 2643 1834 ο
2673 1806 2767 1856 καὶ
2804 1805 2853 1856 oi
2886 1804 2983 1872 μὲν
3028 1804 3228 1865 πάντες
3262 1803 3511 1873 ἐνόμιζον
3561 1804 3726 1855 αὑτὸν
3773 1804 4033 1870 γίνεσθαι

756 1907 865 1951 tem
929 1896 1135 1950 mansit
1194 1896 1403 1966 integer
1454 1901 1509 1949 et
1541 1891 1857 1954 incolumis,
1910 1891 2173 1960 putabant
2207 1903 2331 1943 eum

2445 1892 2650 1961 νεκρόν.
2703 1893 2791 1956 Ὠς
2825 1892 2882 1946 δὲ
2922 1893 3142 1965 ἀπαθὴς
3174 1895 3411 1964 ἔμεινεν,
3443 1894 3698 1965 ἐνόμισαν
3729 1896 3893 1947 αὐτὸν
3941 1891 4034 1947 εἴ·

755 2003 878 2041 esse
918 1988 1104 2041 deum.

826 2079 917 2132 91.
970 2078 1274 2146 l’riucipcm
1325 2077 1516 2131 insulas
1565 2076 1816 2132 Publium
1860 2073 2169 2145 dysenteria
2217 2087 2341 2127 cor-

755 2181 989 2238 reptum,
1027 2167 1299 2237 impositis
1320 2167 1575 2221 manibus
1623 2166 1824 2220 Paulus
1858 2165 2072 2219 sanavit
2100 2181 2115 2218 :
2142 2163 2342 2217 multos

756 2257 883 2310 item
915 2258 1054 2310 alios
1092 2266 1328 2325 a‘grotos
1352 2254 1584 2309 curavit.

986 2366 1450 2435 Peregrinationes
1479 2368 1654 2421 sancti
1688 2365 1845 2419 Pauli
1870 2364 2121 2432 apostoh.

827 2480 909 2534 Ab
935 2478 1197 2534 Damasco
1219 2496 1453 2536 exorsus
1483 2491 1588 2545 est,
1637 2489 1691 2534 et
1727 2478 1977 2534 ascendit
2013 2478 2328 2551 llierosoly-

757 2586 901 2624 mam
939 2588 952 2623 :
989 2570 1115 2625 inde
1158 2570 1391 2627 Tarsum
1427 2591 1439 2625 :
1489 2582 1651 2642 atque
1692 2571 1845 2625 illinc
1901 2570 2246 2624 Antiochiam
2286 2578 2341 2625 et

758 2678 958 2717 rursus
989 2664 1183 2717 iterum
1220 2663 1655 2735 llierosolymam
1679 2666 1959 2732 profectus
1985 2672 2107 2717 est:
2137 2672 2191 2716 et
2220 2677 2344 2716 rur-

762 2770 862 2808 sus
895 2756 1091 2808 iterum
1126 2756 1474 2809 Antiochiam
1509 2774 1523 2809 :
1556 2765 1720 2826 atque
1745 2755 1897 2809 illinc
1927 2770 2032 2808 una
2057 2769 2180 2808 cum
2209 2753 2341 2807 Bar-

758 2847 895 2898 naha
928 2845 1235 2901 destinatus
1270 2849 1620 2915 apostolatui,
1652 2846 1937 2901 descendit
1984 2844 2290 2899 Seleuciam
2323 2863 2336 2899 :

758 2940 955 2993 deinde
983 2941 1034 2993 in
1062 2940 1337 3012 Cyprum:
1373 2943 1463 2995 ubi
1488 2950 1542 2996 et
1560 2940 1762 2994 Paulus
1783 2941 1948 3008 carpit
1972 2938 2153 2991 vocari
2177 2956 2189 2990 :
2218 2945 2342 3007 post

763 3030 878 3083 hanc
945 3031 1196 3100 Pergam,
1224 3040 1279 3087 et
1326 3030 1934 3110 Antiochiaanisidim
1970 3047 1983 3082 :
2013 3029 2207 3084 deinde
2228 3030 2342 3083 ico-

760 3123 911 3176 nium
951 3131 1005 3176 et
1029 3120 1275 3192 Lystram
1313 3134 1368 3177 et
1420 3120 1649 3177 Derbam
1680 3120 2012 3192 Lycaoniae:
2056 3127 2242 3187 postea
2285 3121 2339 3172 in

760 3212 1133 3283 Pamphyliam
1170 3231 1184 3266 :
1212 3214 1407 3269 deinde
1438 3228 1631 3269 rursus
1664 3213 1893 3281 Pergam
1920 3228 1936 3271 ;
1968 3220 2158 3281 postea
2188 3212 2341 3263 Atta-

2445 3215 2547 3281 ϐην
2593 3215 2686 3281 καὶ
2726 3214 3030 3266 Λυκαονίαν
3052 3214 3072 3244 ⁸
3096 3228 3111 3243 ⁸

761 3303 887 3356 liam
914 3321 929 3357 :
958 3306 1155 3359 deinde
1187 3322 1379 3361 rursus
1399 3309 1620 3360 tertium
1643 3304 1988 3358 Antiochiam
2018 3302 2189 3373 Syria:
2212 3321 2225 3356 :
2246 3318 2342 3372 po-

761 3404 878 3451 stea
915 3413 1107 3453 rursus
1135 3398 1355 3452 tertium
1388 3396 1819 3466 Hierosolymam
1853 3408 2077 3464 propter
2104 3395 2341 3447 cireum-

759 3486 1023 3541 cisionem
1067 3504 1084 3544 :
1138 3489 1337 3543 deinde
1392 3504 1588 3543 rursus
1640 3496 1892 3556 quartum
1957 3484 2338 3538 Antiochiam:

761 3589 950 3647 postea
981 3581 1290 3649 peragravit
1328 3579 1541 3648 Syriam
1567 3587 1621 3633 et
1660 3578 1943 3633 Ciliciam:
1977 3576 2171 3631 deinde
2217 3592 2339 3629 rur-

759 3669 1077 3724 snsitcrum
1135 3669 1366 3722 Derbam
1415 3682 1465 3723 et
1508 3668 1754 3737 Lystram
1793 3685 1806 3719 :
1856 3667 1944 3720 tibi
1999 3665 2340 3719 Timotheum

758 3759 1104 3814 circumcidit
1131 3776 1144 3812 :
1184 3762 1424 3828 posthaec
1458 3762 1735 3827 profectus
1762 3767 1845 3811 cst
1876 3758 1929 3810 in
1957 3756 2247 3826 Phrygiam
2282 3764 2335 3810 et

760 3845 1057 3902 Galaticam
1100 3852 1415 3917 regionem:
1470 3849 1670 3901 deinde
1722 3850 1775 3900 in
1825 3848 2104 3918 Mysiam:
2156 3858 2341 3917 postea

763 3936 1031 3992 Troadem
1067 3955 1082 3991 :
1118 3950 1281 4008 atque
1333 3940 1486 3994 illinc
1530 3939 1809 4009 Neapolim
1865 3958 1878 3994 :
1908 3941 2105 3994 deinde
2139 3940 2343 4009 Philip-

760 4042 861 4096 pos
880 4028 1207 4084 Macedonia:
1232 4033 1420 4085 urbem
1449 4052 1460 4084 ;
1486 4045 1696 4101 postca,
1723 4043 2004 4100 peragrata
2026 4032 2343 4101 Amphipoi

759 4128 813 4172 et
830 4122 1293 4188 Apollonia,vcuit
1317 4122 1761 4176 Thessalonicam
1786 4141 1799 4179 :
1820 4125 2015 4178 deinde
2033 4123 2342 4177 lierrhuaam

763 4219 819 4261 et
849 4208 1094 4263 Athenas
1128 4225 1142 4261 :
1180 4221 1370 4278 postea
1414 4212 1741 4265 Corinthum
1770 4222 1825 4266 et
1854 4211 2130 4282 Ephesum
2161 4228 2175 4264 :
2221 4213 2346 4266 inde

762 4300 1067 4355 Ca-sarcam
1105 4319 1120 4354 :
1152 4302 1393 4371 posthac
1445 4304 1644 4357 iterum
1696 4305 2042 4358 Antiochiam
2076 4304 2293 4358 Pisidia:
2327 4322 2341 4358 :

766 4394 896 4447 inde
925 4394 980 4446 in
1006 4393 1307 4447 Galaticam
1342 4395 1619 4463 regionem
1663 4402 1718 4448 et
1739 4392 2063 4464 Phrygiam:
2100 4398 2341 4464 posthtcc

764 4486 960 4538 iterum
1020 4500 1270 4540 reversus
1325 4494 1409 4540 est
1439 4485 1734 4556 Ephesum.
1786 4486 2018 4553 Deinde,
2060 4498 2344 4557 pcragrata

2444 2000 2533 2037 ναι
2573 1982 2717 2038 θεόν.

2513 2082 2620 2129 κα’.
2657 2076 2762 2129 Τὸν
2797 2077 3015 2148 πρῶτον
3045 2077 3315 2130 Πούπλιον
3346 2079 3402 2130 ὲν
3420 2081 3483 2148 τῇ
3523 2079 3671 2147 νήσῳ
3701 2078 4037 2150 δυσεντερὲᾳ

2445 2167 2827 2236 συνεχόμενον,
2861 2169 3275 2238 χειροθετήσας.
3337 2169 3525 2222 ἰάσατο
3553 2169 3582 2220 ὁ
3613 2168 3822 2231 Παῦλος
3851 2184 3869 2200 ·
3928 2173 4037 2221 καὶ

2442 2257 2637 2321 ἄλλους
2680 2259 2912 2320 πολλοὺς
2946 2259 3307 2321 ἀσθενοῦντας
3331 2259 3717 2331 ἐθεράπευσεν.

2582 2372 2854 2441 Περίοδοι
2876 2372 2982 2426 τοῦ
3007 2373 3179 2441 ἁγίου
3208 2374 3559 2427 ἀποστόλου
3611 2375 3878 2428 Παύλου.

2530 2486 2649 2539 sub
2666 2486 2958 2557 Δαμασκοῦ
2973 2485 3193 2556 ἦρξατο,
3216 2486 3307 2539 καὶ
3322 2481 3486 2555 ἦλθεν
3501 2487 3522 2517 ⁷
3541 2488 3618 2548 είς
3646 2486 3955 2557 Ἰερουσαλή
3967 2507 4037 2559 μ·

2441 2578 2654 2631 ἐκεῖθεν
2680 2579 2760 2640 είς
2798 2578 3013 2648 Ταρσόν
3042 2594 3056 2607 °
3103 2578 3360 2630 κάκεῖθεν
3414 2580 3492 2641 είς
3538 2580 3887 2649 Ἀντιόχειαν,
3926 2583 4037 2633 καὶ

2441 2669 2604 2724 πάλιν
2638 2670 2889 2740 δεύτερον
2920 2672 3000 2733 sl;
3047 2671 3405 2741 Ἰερουσαλήμ
3430 2689 3443 2701 ο
3481 2673 3576 2724 καὶ
3606 2656 3772 2725 πᾶλιν
3836 2673 4041 2725 δεῦτε-

2447 2778 2538 2829 ρον
2583 2761 2662 2823 εἰς
2702 2759 3055 2828 Ἀντιόχειαν,
3089 2758 3343 2811 κάκεῖθεν
3372 2758 3689 2828 ἀφορισθεὶς
3723 2758 3860 2827 μετὰ
3891 2757 4041 2829 Βαρ-

2442 2851 2581 2903 νὰσα
2608 2852 2687 2912 εἰς
2725 2850 2821 2919 τὴν
2851 2848 3173 2917 ἀποστολὴν,
3203 2848 3473 2917 κατῆλθεν
3530 2849 3609 2910 είς
3666 2847 3999 2901 Σελεύκειαν
4021 2865 4036 2877 ·

2443 2936 2566 2993 εἶτα
2598 2943 2677 3003 είς
2727 2940 2955 3009 Κύπρον
2981 2955 2993 2967 ·
3026 2938 3155 2992 ἔνθα
3206 2939 3299 2990 καὶ
3343 2937 3554 2999 Παῦλος
3577 2935 3785 3007 ἤρξατο
3838 2937 4038 2989 καλεῖ-

2445 3029 2567 3082 σθαι
2590 3046 2601 3059 ’
2626 3022 2745 3080 εἶτα
2772 3030 2850 3091 είς
2877 3028 3097 3098 Πέργην
3123 3044 3137 3058 ·
3168 3026 3189 3057 ⁸
3219 3028 3301 3089 είς
3344 3026 3674 3094 Ἀντιόχειαν
3718 3026 3814 3095 τῆς
3866 3026 4040 3079 Πισι-

2442 3122 2581 3183 δίαςο
2621 3117 2741 3175 εἶτα
2766 3122 2845 3184 είς
2885 3121 3107 3173 Ἰκόνιον
3134 3135 3148 3148 ·
3192 3115 3311 3172 εἶτα
3341 3120 3422 3179 είς
3470 3118 3720 3187 Λύστραν
3749 3117 3842 3169 καὶ
3892 3118 4043 3185 Asp-

3174 3208 3293 3264 εἶτα
3354 3212 3433 3272 εἰς
3488 3209 3852 3279 Παμφυλίαν
3910 3204 4045 3263 εἶτα

2446 3306 2605 3359 πάλιν
2644 3308 2722 3368 είς
2766 3307 2985 3374 Πέργην
3011 3321 3024 3337 ·
3047 3300 3166 3357 εἶτα
3198 3305 3276 3367 si;
3324 3303 3606 3355 ’Δττὰλιαν
3629 3320 3643 3333 ⁸
3696 3298 3815 3354 εῐτα
3863 3300 4044 3355 πάλιν

2442 3399 2625 3467 τρίτον
2679 3400 2758 3459 si:
2788 3397 3117 3465 Ἀντιόχειαν
3158 3398 3257 3465 τῆς
3286 3395 3483 3463 Συρίας
3505 3410 3521 3425 ο
3549 3389 3669 3446 εἶτα
3714 3393 3873 3446 πάλιν
3908 3395 4041 3461 τρίη

2441 3505 2534 3541 τον
2565 3490 2642 3551 εἰς
2686 3488 3063 3557 Ἰερουσαλὴμ,
3088 3486 3176 3539 διὰ
3220 3486 3318 3555 τὴν
3345 3488 3669 3556 περιτομήν.
3695 3481 3826 3536 Εἶτα
3863 3485 4044 3536 πάλιν

2443 3580 2703 3648 τέταρτον
2726 3581 2803 3639 είς
2830 3578 3233 3646 ’Λντιόχειαν.¹⁰
3283 3571 3415 3629 Εἶτα
3456 3576 3618 3627 πάλιν
3669 3575 3923 3643 δεύτερον
3956 3577 4045 3635 εἰς

2443 3668 2652 3739 Δέρϐην
2681 3670 2776 3721 καὶ
2807 3669 3078 3737 Λύστραν·
3113 3668 3239 3721 ἔνθα
3261 3669 3350 3720 τὸν
3365 3667 3633 3737 Τιμόθεον
3662 3666 3998 3734 περιέτεμεν
4025 3682 4043 3695 ’

2445 3758 2563 3814 εἶτα
2587 3764 2667 3824 εἰς
2690 3762 2788 3830 τὴν
2821 3760 3063 3829 Φρυγίαν
3092 3760 3188 3813 καὶ
3217 3760 3523 3828 Γαλατικὴν
3554 3756 3737 3827 χώραν
3757 3774 3772 3787 ο
3807 3751 3935 3808 εἶτα
3959 3760 4047 3818 si;

2445 3854 2658 3907 Μυσίαν
2680 3870 2692 3882 ·
2731 3848 2849 3903 εἶτα
2876 3853 2954 3913 είς
2984 3850 3209 3920 Τρωάδα
3236 3864 3253 3881 ·
3298 3848 3553 3901 κάκεῖθεν
3606 3848 3685 3909 είς
3712 3846 3997 3899 Νεαπολιν
4027 3864 4044 3878 ·

2448 3942 2570 3998 εἶτα
2598 3945 2677 4007 εἰς
2725 3944 3026 4004 Φιλίππους
3080 3945 3181 4013 τῆς
3234 3941 3569 4002 Μακεδονίας
3594 3956 3608 3968 ·
3639 3934 3778 3996 εἶτα.
3806 3937 4050 3992 διελθὼν

2445 4036 2542 4105 τὴν
2597 4034 2924 4104 Ἀμφίπολιν
2985 4034 3079 4087 καὶ
3143 4032 3243 4102 τὴν
3309 4031 3693 4090 Ἀπολλωνίαν,
3736 4024 3905 4099 ἦλθεν
3960 4032 4051 4093 si;

2443 4124 2881 4192 Θεσσαλονίκην⁸
2937 4120 3058 4176 εἶτα
3101 4125 3181 4185 είς
3239 4122 3523 4192 Βέῤῥοιαν,
3583 4115 3702 4172 εἶτα
3747 4120 3824 4180 εἰς
3870 4120 4051 4189 Ἀθήο

2445 4234 2539 4278 νας
2567 4232 2581 4245 ·
2623 4210 2741 4267 εἶτα
2780 4216 2859 4276 εἰς
2904 4213 3169 4283 Κόρινθον
3206 4229 3221 4243 ο
3250 4208 3369 4264 εἶτα
3396 4214 3477 4274 εἰς
3511 4212 3774 4277 Ἔφεσον·
3799 4203 3925 4261 εἶτα
3961 4212 4053 4272 si;

2447 4310 2810 4376 Kataipszav'
2853 4305 2970 4359 εἶτα
3022 4305 3277 4375 δεύτερον
3309 4307 3389 4367 είς
3432 4305 3763 4373 Ἀντιόχειαν
3794 4302 3896 4369 τῆς
3932 4303 4045 4354 Πι-

2447 4400 2619 4461 σιδέας
2645 4416 2657 4428 ο
2685 4395 2802 4450 εἶτα
2830 4400 2907 4460 si;
2955 4397 3055 4465 τὴν
3086 4394 3389 4465 Γαλατικὴν
3410 4394 3595 4464 χώραν
3640 4391 3734 4444 καὶ
3766 4392 4048 4461 Φρυγίαν

2446 4489 2562 4544 εἶτα
2624 4491 2788 4543 πάλιν
2858 4490 3109 4557 δεύτερον
3162 4489 3242 4550 είς
3309 4487 3576 4554 Ἔφεσον·
3633 4481 3771 4547 εἶτα,
3807 4481 4050 4534 διελθὼν

764 4569 1109 4631 Macedonia.
1146 4573 1296 4626 venit
1348 4573 1404 4627 in
1457 4574 1765 4638 Graeciam;
1825 4588 1990 4645 atque
2040 4577 2164 4631 inde
2224 4593 2341 4646 per-

2447 4586 2546 4652 τὴν
2601 4582 3008 4643 Μακεδονίαν,¹¹
3063 4576 3193 4650 ἦλθε
3225 4580 3386 4632 πάλιν
3413 4578 3665 4646 δεύτερον
3704 4576 3782 4637 si;
3841 4573 4054 4625 Φιλίπ-

763 4669 949 4729 agrata
987 4659 1325 4726 Macedonia,
1352 4663 1549 4715 iterum
1596 4679 1849 4720 reversus
1876 4677 1961 4719 est
1985 4665 2287 4736 Philippos,
2315 4683 2345 4721 a

764 4748 1034 4819 Philippis
1058 4750 1330 4806 Troadem
1371 4768 1567 4808 rursus
1591 4753 1871 4823 profectus
1894 4766 1975 4811 est
2009 4772 2022 4808 :
2062 4758 2153 4809 ubi
2178 4757 2344 4810 etiam

765 4839 1072 4909 Eutychum
1109 4842 1320 4912 lapsum
1349 4845 1641 4898 excitavit:
1662 4844 1858 4900 deinde
1876 4849 2051 4900 Asson
2074 4846 2346 4916 profectus

764 4940 847 4985 est
876 4940 931 4985 et
962 4930 1287 5002 Mitylenen;
1323 4948 1452 4989 mox
1507 4931 1576 4989 ad
1627 4937 1747 4990 loca
1778 4938 1883 4991 sita
1908 4953 1938 4991 e
1964 4938 2179 5008 regione
2201 4938 2343 4993 Chii:

766 5030 953 5091 postea
983 5021 1207 5077 Samum
1247 5043 1258 5077 :
1304 5035 1469 5094 atque
1500 5026 1626 5081 inde
1665 5027 1927 5082 Miletum.
1958 5029 2133 5092 Unde,
2163 5044 2346 5084 accer-

767 5114 890 5168 sitis
920 5114 987 5168 ad
1016 5130 1073 5169 se
1104 5114 1380 5185 Ephesiis,
1431 5121 1834 5172 sermocinatus
1860 5128 1945 5174 est
1974 5134 2037 5176 ac
2061 5120 2341 5174 valedixit:

766 5218 954 5276 postea
989 5209 1133 5261 venit
1166 5211 1219 5262 in
1245 5209 1417 5265 Count
1447 5229 1461 5265 :
1493 5226 1614 5265 mox
1650 5212 1904 5266 Rhodum
1934 5230 1946 5266 :
1980 5213 2106 5268 inde
2151 5214 2344 5268 Patara

768 5297 962 5351 deinde
990 5296 1192 5368 Tyrum
1223 5317 1236 5354 :
1262 5310 1450 5369 postea
1478 5299 1816 5356 Ptolemaida
1844 5319 1857 5354 :
1885 5311 2049 5370 atque
2082 5304 2207 5358 inde
2231 5304 2346 5358 Ca:-

769 5400 978 5440 saream
1015 5404 1026 5439 :
1057 5387 1199 5441 unde
1236 5404 1429 5443 rursus
1456 5400 1713 5460 quartum
1743 5391 1992 5445 ascendit
2025 5390 2344 5461 llierosolyo

2450 4692 2606 4737 πους.
2632 4672 2739 4724 Καὶ
2769 4672 2876 4725 ἀπὸ
2902 4671 3184 4723 Φιλίππων
3212 4672 3255 4701 ¹¹
3294 4668 3460 4721 πάλιν
3482 4669 3561 4730 είς
3583 4665 3810 4737 Τρωάδα
3836 4680 3851 4694 ·
3906 4664 4053 4717 ἔνθα

2450 4767 2541 4820 καὶ
2584 4766 2674 4818 τὸν
2707 4763 2946 4832 Εὔτυχον
2998 4766 3185 4832 ἤγειρε
3219 4762 3455 4813 πεσόντα
3478 4778 3492 4790 ο
3528 4755 3645 4812 εἶτα
3665 4760 3744 4820 si;
3773 4757 3872 4825 τὴν
3901 4751 4056 4808 Ἀσο

2450 4875 2569 4911 σον·
2616 4853 2736 4909 εἶτα
2801 4858 2881 4917 εἰς
2930 4853 3283 4921 Μιτυλήνην·
3322 4848 3443 4904 εἶτα
3487 4851 3530 4882 ¹³
3578 4849 3806 4917 ἀντικρὺ
3868 4848 4048 4902 Χίου.

2447 4943 2582 5000 Εἶτα
2651 4947 2729 5009 εἰς
2777 4946 2981 5014 Σάμον,
3036 4941 3291 4997 κάκεῖθεν
3330 4942 3410 5005 είς
3465 4941 3760 5011 Μήλητον·
3796 4939 4051 5003 ἐκεῖθεν,

2448 5038 2893 5107 εἰσπεμψάμενος
2922 5037 2967 5068 ¹³
2988 5039 3113 5098 τοὺς
3136 5037 3195 5088 ὲν
3228 5036 3462 5104 Ἐφέσῳ,
3495 5033 3772 5103 ὡμίλησεν
3804 5032 4005 5092 αὐτοῖς
4033 5048 4049 5062 ·

2448 5124 2567 5181 εἶτα
2596 5130 2675 5191 είς
2700 5129 2825 5181 Χῶν
2854 5146 2869 5159 ο
2895 5122 3012 5180 εἶτα
3068 5128 3148 5189 εἰς
3170 5125 3377 5178 ’Ῥόδον
3409 5142 3423 5157 ⁸
3470 5123 3726 5177 κάκεῖθεν
3780 5124 3862 5184 si;
3920 5123 4053 5177 ﬂi-

2448 5236 2591 5290 ταρα
2617 5237 2633 5249 ·
2683 5218 2940 5272 κάκεῖθεν
2969 5218 3047 5280 είς
3107 5217 3283 5288 Τύρον
3309 5232 3322 5245 '
3355 5211 3475 5267 εἶτα
3505 5216 3587 5277 si;
3636 5213 3996 5280 Πτολεμαΐδα
4029 5229 4048 5245 ·

2451 5308 2706 5362 κάκεῖθεν
2725 5311 2805 5370 είς
2838 5308 3173 5377 Καισάρειαν
3193 5323 3207 5336 ·
3242 5306 3499 5360 κάκεῖθεν
3549 5305 3710 5357 πάλιν
3763 5304 4052 5372 τέταρτον

2453 5400 2680 5469 ἀνῆλθεν
2711 5400 2789 5461 si;
2824 5396 3181 5469 Ἰερουσαλήμ
3211 5413 3226 5428 ο
3272 5397 3529 5450 κάκεῖθεν
3557 5393 3943 5466 παρεπέμφθη
3963 5398 4052 5459 si;

1954 5506 2159 5566 Varia:
2210 5508 2514 5575 lectiones
2548 5522 2610 5575 et
2636 5523 2823 5575 notae.

840 5604 860 5634 ⁸
896 5602 984 5692 ii’:
1012 5604 1366 5692 “‘.'P‘E’W:
1396 5605 1858 5692 -.’.71°‘.d"§"‘°‘."-
1934 5610 1955 5640 ⁸
1984 5609 2218 5692 ἀντικοῠ
2259 5616 2706 5692 προετίθετειιεδ
2730 5614 2869 5669 εἶτα·
2948 5622 2969 5652 ’
3000 5640 3090 5690 τρο
3113 5624 3214 5692 τῆς
3247 5624 3573 5684 Λυκαονίας.
3654 5624 3696 5655 ¹⁶
3731 5616 4052 5692 τεραστίθηο

768 5674 1159 5753 ταιιᾴὶζλαχοῦ,
1178 5674 1316 5753 εἶτα.
1341 5676 1650 5753 διῆλθε-τὴν
1673 5674 1875 5753 ξυρίαν
1903 5674 2181 5753 stativa".
2222 5674 2452 5753 καῖ)τὴν
2480 5674 2753 5739 Κιλικίαν.

2833 5689 2873 5718 ¹¹
2901 5687 3101 5745 Addita
3125 5687 3236 5745 Ιιὰῑο
3267 5706 3389 5746 sunt
3407 5696 3459 5746 iu
3484 5709 3675 5747 excuse
3700 5708 3717 5744 :
3750 5687 3926 5761 ἦλθεν
3961 5692 4052 5747 εἰς

1032 5741 1351 5831 ⁷Ῑ⁸κὰκείθεν
1378 5741 1619 5801 δίελθὼν’
1645 5741 2146 5817 τῆν’Μακεόονίαν.
2226 5755 2267 5784 ⁸³
2304 5741 2615 5823 Φιλίπποις,
2668 5741 3101 5814 Ιιαίνείναιιιικωὗ
3855 5760 3904 5792 ³⁸
3944 5741 4047 5827 rp:

772 5828 976 5881 μεταπε
986 5814 1057 5882 at}
1065 5815 1167 5885 ἀμε
1177 5832 1261 5878 νος
1270 5856 1282 5870 .
