4156 6440
162 413 258 474 489
1095 409 1502 474 EXPOSITIO
1542 408 1624 469 IN
1660 408 1850 468 ACTA
1882 409 2463 472 APOSTOLORUM.

3314 407 3420 474 490

161 524 518 595 Καισάρειαν.
535 526 646 580 Καὶ
659 525 843 580 λοιπὸν
865 525 1082 596 δέσμιος
1106 525 1201 578 ἐπὶ
1226 523 1466 594 Ῥώμην.
1489 522 1680 584 Οὕτως
1699 521 1742 553 ⁸⁸

1860 536 1990 576 mam
2027 543 2040 578 :
2073 533 2236 595 atque
2287 525 2413 582 inde
2444 523 2773 588 Ctesaream,
2805 537 2869 578 ac
2909 520 3168 592 deinceps
3196 521 3424 576 Romam

163 617 264 667 ἀπὸ
326 616 676 688 Καισαρείας
704 613 871 687 ἦλθεν
917 617 998 678 είς
1032 614 1238 667 Σιδῶνα
1267 631 1282 644 ·
1345 612 1604 666 κάκεῖθεν
1663 611 1744 672 εἰς

1860 615 2062 671 vinetus
2089 620 2451 674 transmissus
2486 631 2591 674 est.
2634 617 2714 672 ita
2745 632 2775 670 a
2804 615 3056 673 Caesarea
3088 615 3232 670 venit
3266 615 3429 670 Sido-

163 710 319 776 Mipa
353 709 459 776 τῆς
493 710 701 771 Δυκίας
727 726 741 738 ο
771 704 890 762 εἶτα
913 709 994 771 εἰς
1027 707 1220 760 Κνίδον
1248 722 1264 737 ο
1288 705 1545 758 κάκεῖθεν
1580 703 1746 756 πολλὰ

1860 722 1972 762 nem
2007 725 2020 762 :
2048 717 2213 778 atque
2247 710 2373 764 inde
2396 709 2542 781 Myro
2571 708 2748 780 Lycia:
2773 710 2960 764 urbem
2991 728 3003 762 :
3054 723 3177 762 mox
3213 708 3267 760 in
3299 707 3429 762 Cni-

162 801 341 852 z:a0t‘ev
373 797 541 870 ἦλθεν
567 803 646 862 εἰς
679 801 778 872 τὴν
838 801 1022 869 νῆσον.
1085 799 1258 852 Ἔνθα
1283 801 1316 868 ἡ
1351 798 1528 867 ἔχιδνα
1564 797 1738 866 καθή-

163 891 290 958 ψατο
350 894 456 960 τῆς
492 895 674 964 χειρδς
718 893 885 948 αὐτοῦ
915 895 1011 946 καὶ
1036 893 1252 961 ἔμεινεν
1300 890 1543 960 ἀϐλαϐής
1576 908 1590 920 ·
1621 884 1741 941 εἶτα

163 985 234 1043 εἰς
264 982 627 1049 Συρακούσας
659 999 674 1014 °
699 979 820 1036 εἶτα
850 985 930 1044 ei;
974 983 1195 1053 Ῥήγιον
1222 984 1324 1050 τῆς
1384 978 1702 1050 Καλαϐρίας
1730 994 1742 1007 ⁸

165 1070 270 1123 εἶτα
298 1075 384 1135 εἰς
424 1074 734 1138 Ποτιόλους·
766 1075 1024 1127 κάκεῖθεν
1056 1073 1220 1136 πεζὸς
1243 1073 1474 1142 ἀνῆλθεν
1503 1073 1583 1134 είς
1609 1069 1748 1124 Ῥώ-

168 1182 288 1232 μην,
327 1165 770 1235 ἀπαντησάντων
802 1164 954 1236 αὐτῷ
982 1164 1087 1217 τῶν
1113 1164 1358 1233 ἀδελφῶν
1397 1165 1476 1226 εἰς
1517 1162 1747 1216 ’Λππίου

166 1254 320 1322 ςόρον
349 1258 450 1308 καὶ
502 1257 674 1328 τριῶν
699 1255 988 1327 Ταϐερνῶν
1015 1256 1078 1309 ⁸⁸.
1111 1256 1221 1308 Καὶ
1253 1255 1439 1309 λοιπὸν
1490 1254 1748 1308 εἰσελθὼν

170 1346 244 1408 εἰς
300 1346 537 1416 Ῥώμην
562 1387 578 1412 ,
621 1349 714 1400 καὶ
737 1347 957 1412 διδάξας
979 1347 1171 1417 χρόνον
1196 1347 1402 1412 ἱκανὸν,
1441 1345 1668 1417 ὕστερον
1691 1346 1750 1398 ιν

167 1438 294 1507 αὐτῇ
323 1443 393 1508 τῇ
438 1440 632 1509 Ῥώμη
662 1439 1071 1510 ἐμαρτύρησεν,
1093 1439 1278 1492 αὐτόθι
1309 1440 1402 1492 τὸν
1433 1438 1624 1507 ἀγῶνα
1651 1437 1746 1490 τὸν

168 1531 322 1582 καλὸν
346 1531 788 1602 ἀγωνισάμενος.
819 1531 1085 1602 Ῥωμαῖοι
1102 1533 1158 1585 δὲ
1179 1530 1565 1600 περικαλλέσιν
1581 1529 1750 1592 οῖκοις

171 1623 257 1673 καὶ
301 1623 606 1691 βασιλείοις
659 1625 728 1676 τὰ
773 1623 1002 1693 λείψανα
1050 1625 1243 1678 τούτου
1300 1621 1676 1694 καθήρξαντες
1705 1622 1748 1653 ⁸⁷

170 1715 414 1767 ἑπὲτειον
442 1715 596 1784 αὐτῷ
646 1717 863 1787 ἡμέραν
915 1720 1135 1789 μνήμης
1191 1717 1623 1789 πανηγυρίζουσι
1655 1717 1751 1790 τὴν

172 1805 269 1872 πρδ
296 1806 469 1875 τριῶν
505 1808 802 1860 Καλανδῶν
850 1810 1087 1862 Ἰουλίων
1116 1811 1178 1862 ¹⁸.
1211 1811 1414 1872 Πολλὰς
1436 1811 1493 1862 δὲ
1526 1812 1620 1862 καὶ
1645 1811 1752 1881 πρὸ

171 1896 350 1948 τούτου
381 1898 487 1968 ἠδη
539 1903 896 1968 παραινέσεις
949 1902 1088 1971 ὑπὲρ
1109 1901 1204 1954 τοῦ
1233 1902 1350 1972 βίου
1374 1902 1468 1955 καὶ
1489 1902 1694 1973 ἀρετῆς
1721 1903 1749 1953 ὁ

1849 800 1976 854 dum
2008 813 2210 871 :atquc
2242 803 2368 856 inde
2397 803 2566 856 multa
2597 816 2815 872 passus,
2861 803 3007 857 venit
3052 801 3106 856 in
3153 800 3388 854 insulam
3416 839 3430 862 ,

1853 896 1944 950 ubi
1969 897 2154 968 vipera
2185 912 2408 951 manum
2440 899 2559 967 ejus
2583 898 2805 963 invasit,
2830 904 2885 950 et
2913 897 3116 951 mansit
3144 897 3354 968 integer
3378 901 3434 948 ct

1854 987 2176 1046 inclilnmis.
2210 988 2407 1045 Postea
2460 990 2607 1044 venit
2636 991 2983 1061 Syracusas:
3033 989 3230 1043 deinde
3289 987 3436 1043 [ihe-

1851 1081 1999 1152 gium
2026 1082 2293 1137 Calabriae
2329 1081 2519 1137 urbem
2555 1101 2569 1136 ;
2620 1082 2880 1152 deinceps
2925 1080 3224 1135 Puteolos:
3274 1089 3437 1149 atque

1851 1173 1979 1228 inde
2004 1173 2170 1244 pedes
2222 1173 2452 1228 Romam
2505 1174 2792 1239 ascendit,
2827 1174 3043 1228 obviam
3091 1170 3143 1228 ei
3181 1186 3437 1242 progres-

1853 1267 1930 1322 sis
1972 1267 2233 1323 fratribus
2301 1267 2368 1322 ad
2413 1269 2572 1339 Appii
2625 1282 2801 1338 usque
2852 1267 3030 1322 forum
3094 1276 3148 1322 et
3188 1273 3303 1321 tres
3330 1265 3437 1319 Ta-

1855 1358 2053 1416 bernas
2082 1378 2094 1413 :
2129 1375 2192 1414 ac
2215 1359 2477 1431 deinceps
2501 1360 2727 1417 Romam
2761 1363 3069 1432 ingressus,
3095 1375 3220 1414 cum
3265 1357 3439 1413 multo

1856 1464 2105 1523 tempore
2138 1455 2420 1510 docuisset
2455 1458 2506 1508 in
2559 1457 2675 1526 ipsa
2707 1456 2841 1511 urbe
2885 1457 3079 1517 Roma,
3112 1454 3436 1524 martyrium

1855 1549 2045 1612 Subiit,
2071 1558 2125 1601 ct
2174 1548 2306 1602 inibi
2363 1549 2650 1619 pulchrum
2696 1549 2826 1603 illud
2879 1558 3158 1604 certamen
3206 1549 3434 1618 peregit.

1855 1634 2087 1689 Romani
2124 1647 2304 1692 antem
2335 1638 2596 1708 reliquias
2619 1641 2740 1708 ejus
2761 1639 3102 1708 pra‘pnlclira
3129 1639 3244 1693 aede
3273 1647 3440 1707 atque

1860 1728 2090 1782 basilica
2138 1731 2454 1792 cinxerunt,
2489 1731 2811 1784 memoriam
2845 1731 2966 1799 ejus
2995 1743 3048 1785 et
3083 1731 3330 1800 martyrii
3363 1729 3440 1784 ie-

1858 1821 1987 1884 rias,
2022 1825 2184 1874 tertio
2239 1823 2515 1876 Kalendas
2563 1821 2758 1886 Julias,
2815 1838 3010 1892 nempe
3058 1831 3214 1876 sexto
3255 1835 3441 1874 mense

1861 1913 2029 1964 tntins
2059 1914 2185 1964 anni
2217 1913 2578 1969 celebrantes.
2614 1915 2718 1967 Sed
2739 1915 2850 1983 jam
2876 1924 3034 1968 antea
3061 1928 3281 1985 quoque
3315 1915 3438 1967 bea-

174 1988 441 2057 μακάριος
467 1991 786 2061 ἐποιήσατο,
817 1994 912 2046 καὶ
944 1993 1114 2047 πολλὰ
1151 1994 1412 2064 περὶτῶν
1459 1995 1752 2064 πρακτέων

1862 2014 1950 2056 tus
1991 2002 2086 2056 ille
2142 2003 2339 2058 inultas
2385 2019 2482 2074 pro
2514 2007 2637 2058 vita:
2691 2006 2976 2060 honestate
3029 2019 3192 2075 atque
3241 2007 3442 2060 virtute

170 2081 272 2140 τοίς
335 2079 659 2148 ἀνθρώποις
716 2083 1072 2153 εἰσηγήσατο.
1103 2083 1226 2137 Ἐτι
1251 2085 1310 2138 δὲ
1355 2084 1495 2148 ὅλως
1534 2085 1630 2138 καὶ
1670 2084 1752 2136 διὰ

1860 2103 2249 2162 composuerat
2304 2096 2733 2160 admonitiones,
2789 2111 2853 2151 ac
2909 2097 2976 2150 de
3033 2096 3224 2152 ciliciis
3274 2097 3442 2151 multa

172 2172 262 2239 τῆς
294 2172 445 2243 ὑφῆς
483 2173 594 2226 τῶν
625 2173 1043 2246 δεκατεσσάρων
1087 2176 1430 2230 Ἐπιστολῶν
1454 2177 1624 2231 αὐτοῦ
1659 2180 1752 2246 τὴν

1860 2188 2030 2242 editit
2086 2188 2406 2244 hominibus
2442 2199 2714 2260 praecepta
2757 2208 2770 2244 :
2815 2201 3079 2261 praeterea
3126 2206 3253 2245 vero
3289 2205 3442 2244 smn-

171 2261 288 2330 ὃλην
347 2261 665 2332 ἀνθρώποις
690 2263 952 2335 διέγραψε
983 2267 1277 2321 πολιτείαν.

177 2601 247 2653 Τὰ
261 2601 576 2669 Κεφάλαια
593 2602 713 2656 τῶν
729 2603 1008 2672 Πράξεων
1035 2604 1154 2658 τῶν
1169 2606 1354 2675 ἁγίων
1377 2606 1755 2660 ἀποστόλων.

172 2735 235 2793 α’.
259 2741 401 2808 Περὶ
447 2741 564 2809 τῆς
597 2742 668 2806 ἐξ
729 2743 1122 2812 ἀναστάσεως
1178 2745 1577 2811 διδασκαλίας
1623 2747 1758 2812 Χρι-

235 2836 408 2897 στοῦ,
444 2836 548 2888 καὶ
593 2837 890 2903 ὀπτασίας
942 2841 1092 2906 πρὸς
1131 2838 1273 2904 τοὺς
1323 2838 1613 2906 μαθητὰς,
1659 2837 1757 2889 καὶ

235 2928 366 2992 περὶ
417 2927 792 2994 ἐπαγγελίας
851 2927 963 2997 τῆς
1024 2929 1132 2983 τοῦ
1184 2929 1356 2998 ἁγίου
1410 2930 1758 2997 Πνεύματος

236 3017 496 3086 δωρεᾶς⁸
550 3019 693 3084 θέας
720 3036 785 3072 τε
814 3021 911 3073 καὶ
947 3022 1172 3089 τρόπου
1237 3021 1349 3088 τῆς
1398 3019 1760 3089 ἀναλήψεως

236 3110 340 3163 τοῦ
369 3111 603 3177 Κυρίου
629 3126 642 3138 ·
668 3111 767 3163 καὶ
805 3111 938 3179 περὶ
1002 3112 1112 3180 τῆς
1162 3111 1419 3176 ἐνδόξου
1475 3111 1758 3179 δευτέρας

235 3204 310 3254 αὑ
318 3201 425 3254 τοῦ
456 3204 802 3268 παρουσίας

177 3291 234 3358 β’.
263 3292 500 3360 Πέτρου
544 3292 828 3362 διάλογος
856 3296 1008 3362 πρὸς
1060 3295 1204 3361 τοὺς
1257 3298 1760 3363 μαθητωθέντας,

237 3385 364 3450 περὶ
402 3383 674 3438 θανάτου
700 3385 801 3437 καὶ
850 3385 1175 3456 ἀποϐολῆς·
1219 3388 1416 3442 Ἰούδα
1453 3389 1560 3442 τοῦ
1620 3405 1762 3457 προ-

239 3474 447 3527 ὄότου.

176 3564 239 3632 τ’.
279 3567 419 3635 Περὶ
468 3569 634 3632 θείας
673 3569 780 3622 τοῦ
833 3571 1004 3640 ἁγίου
1058 3572 1402 3639 ιινεύματος
1453 3573 1762 3643 ἐπιφοιτή-

238 3674 387 3723 σεπς
414 3660 492 3711 ἐν
515 3658 710 3727 ἡμέρᾳ
731 3659 843 3728 τῆς
872 3662 1298 3732 Πεντηκοστῆς
1330 3666 1657 3734 γενομένης
1677 3669 1762 3733 εἰς

241 3751 384 3815 τοὺς
416 3753 895 3816 πιστεύσαντας.

178 3839 233 3895 δ’.
275 3845 417 3911 Περὶ
465 3842 580 3911 τῆς
610 3845 679 3896 ἐν
715 3845 949 3914 Χριστῷ
995 3847 1312 3915 θεραπείας
1357 3849 1460 3902 τοῦ
1507 3850 1577 3902 ἐκ
1626 3866 1762 3920 γεν-

242 3933 434 4001 νητῆς
460 3935 686 4002 χωλοῦ,
737 3936 964 4004 Πέτρου
993 3953 1057 3990 τε
1086 3937 1474 4004 κατηχήσεως
1531 3939 1762 4006 ἐλεητι-

243 4028 402 4096 κῆς,
475 4028 1040 4096 συμϐουλευτικῆς,
1094 4029 1558 4099 συμπαθητικῆς
1614 4031 1763 4098 πρὸς

242 4121 558 4187 σωτηρίαν

180 4302 234 4356 ε’.
261 4303 408 4372 Περὶ
442 4304 768 4372 όμοψύχου
791 4305 888 4357 καὶ
929 4303 1261 4374 καθολικῆς
1289 4308 1606 4372 κοινωνίας
1645 4305 1766 4360 τῶν

241 4390 731 4446 πιστευσάντων.

1865 2279 2048 2331 malim
2073 2281 2239 2334 etiam
2285 2295 2382 2351 per
2411 2290 2727 2336 contextum
2755 2296 2980 2336 suarum
3021 2279 3440 2350 quatuordecim

1865 2369 2260 2439 Epistolarum,
2291 2381 2461 2426 totam
2488 2372 2806 2426 hominibus
2824 2373 2949 2427 vitae
2977 2370 3235 2442 degenda:
3267 2369 3442 2423 ratio-

1863 2478 1984 2516 nem
2016 2463 2327 2532 descripsit.

2038 2603 2231 2671 Capita
2260 2605 2510 2657 Actorum
2546 2614 2855 2657 sanctorum
2881 2602 3262 2668 apostolorum.

1864 2745 1915 2798 1.
1949 2742 2024 2797 De
2053 2742 2293 2797 doctrina
2318 2741 2518 2798 Christi
2541 2753 2654 2810 post
2691 2744 3146 2809 resurrectionem,
3187 2749 3235 2795 et
3265 2756 3445 2811 quem-

1937 2835 2222 2900 admodum
2255 2851 2309 2887 se
2351 2834 2784 2903 conspiciendum
2835 2834 3118 2902 prabuerit
3144 2833 3439 2900 discipulis,

1939 2937 1988 2980 et
2010 2925 2073 2980 de
2091 2927 2356 2994 promisso
2377 2925 2518 2979 dono
2537 2924 2772 2996 Spiritus
2806 2925 2979 2979 sancti
3003 2941 3021 2978 :
3048 2932 3202 2992 atque
3234 2931 3442 2992 specta-

1934 3021 2055 3074 culo
2076 3030 2124 3074 et
2157 3022 2312 3073 modo
2350 3019 2560 3072 Domini
2590 3019 2969 3087 assumptionis
2995 3033 3012 3071 :
3048 3033 3110 3071 ac
3135 3016 3445 3087 deglorioso

1933 3114 2046 3183 ejus
2075 3115 2297 3167 adventu
2317 3112 2564 3166 secundo.

1865 3296 1921 3350 2.
1965 3295 2108 3349 Petri
2135 3295 2506 3348 sermocinatio
2537 3310 2652 3348 cum
2683 3293 2958 3363 discipulis
2997 3293 3060 3347 de
3085 3305 3251 3347 morte
3277 3302 3325 3347 et
3359 3307 3443 3346 re-

1927 3386 2162 3455 jectione
2185 3382 2345 3438 Iuda:
2370 3385 2683 3452 proditoris.

1863 3573 1918 3628 3.
1962 3572 2034 3626 De
2079 3573 2257 3626 rlivino
2300 3571 2523 3640 appulsu
2571 3579 2620 3624 et
2678 3586 2891 3624 accessu
2963 3568 3137 3622 sancti
3185 3566 3440 3636 Spiritus,

1933 3661 2025 3732 qui
2059 3661 2253 3714 accidit
2285 3659 2354 3713 ad
2404 3676 2490 3713 eos
2526 3659 2615 3728 qui
2653 3657 3010 3722 crediderant,
3051 3658 3106 3710 in
3134 3657 3219 3710 die
3255 3654 3442 3710 Pente-

1933 3768 2123 3809 COHPS.

1865 3849 1921 3903 4.
1968 3847 2043 3900 De
2076 3854 2264 3900 curato
2293 3846 2347 3898 in
2388 3844 2598 3898 nomine
2627 3843 2825 3897 Christi
2853 3859 2933 3906 eo,
2966 3842 3056 3911 qui
3085 3839 3309 3894 claudus
3339 3855 3441 3892 na-

1939 3947 2022 3991 tus
2054 3946 2193 4001 erat,
2227 3937 2292 3989 de
2324 3935 2573 3988 doctrina
2611 3937 2733 3988 item
2769 3933 2913 3988 Petri
2943 3947 3203 4000 prapensa
3240 3931 3310 3984 ad
3340 3933 3445 3983 mi-

1934 4027 2282 4082 scricordiam
2309 4035 2359 4080 et
2381 4025 2791 4088 condolentiam,
2819 4040 2924 4094 qua
2954 4023 3237 4076 consilium
3285 4037 3444 4074 suum

1941 4119 2156 4186 exponit
2188 4157 2203 4182 ,
2271 4117 2715 4187 quemadmodum
2777 4118 2846 4167 ad
2908 4115 3134 4168 salutem
3187 4111 3447 4180 perueniri

1933 4207 2120 4276 possit.

1867 4299 1920 4353 5.
1957 4298 2033 4352 De
2057 4298 2300 4352 unanimi
2328 4307 2373 4352 et
2412 4295 2702 4351 universali
2737 4308 2940 4358 eorum,
2971 4291 3061 4360 qui
3083 4287 3442 4353 crediderant,

1933 4390 2316 4444 communione.

181 4490 247 4547 ς’.
305 4485 434 4535 Ὅτι
489 4483 636 4547 τοὺς
695 4483 1082 4552 ἀποστόλους
1138 4487 1544 4559 ἐμϐληθέντος
1578 4494 1649 4546 ἐν
1680 4495 1752 4559 τῷ

1873 4483 1926 4539 6.
1975 4482 2043 4537 Ut
2087 4482 2354 4550 apostolos
2381 4483 2436 4535 in
2476 4495 2738 4535 carcerem
2779 4478 3039 4546 conjectos
3094 4474 3314 4544 angelus
3350 4471 3448 4527 Dei

248 4575 644 4643 δεσμωτηρίῳ
687 4574 945 4644 ἄγγελος
997 4577 1104 4631 τοῦ
1153 4579 1300 4632 Θεοῦ
1329 4581 1561 4650 νύκτωρ
1598 4583 1770 4648 ἐξέω-

243 4682 380 4728 σεν.
413 4666 744 4733 ἐπιτρέψας
779 4667 1099 4734 ἀκωλύτως
1135 4670 1477 4737 κηρύσσειν
1504 4673 1612 4727 τὸν
1660 4676 1770 4742 Ἰη-

247 4773 410 4812 σουν

185 4849 245 4911 ιζ’.
281 4848 429 4916 Περὶ
464 4852 835 4918 χειροτονίας
869 4851 990 4906 τῶν
1014 4852 1164 4906 ἑπτὰ
1191 4853 1504 4909 διακόνων.

187 5033 253 5101 η’.
290 5035 597 5088 Ἰουδαίων
624 5036 1040 5104 ἐπανάστασις
1077 5038 1178 5092 καί
1209 5043 1588 5110 συκοφαντία
1615 5047 1765 5101 κατὰ

249 5123 584 5192 Στεφάνου,
619 5126 806 5180 αὐτοῦ
839 5125 908 5179 δὲ
931 5127 1260 5199 δημηγορία
1305 5131 1436 5199 περὶ
1476 5131 1585 5202 τῆς
1617 5137 1766 5204 πρὸς

253 5215 508 5284 Ἀϐραὰμ
535 5217 828 5286 διαθήκης
859 5219 968 5274 τοῦ
995 5221 1166 5286 Θεοῦ,
1193 5223 1292 5277 καί
1322 5228 1455 5293 περὶ
1515 5224 1634 5282 τῶν
1688 5231 1765 5293 ιβ’

251 5308 652 5376 ωρωρκῶνο

192 5397 256 5454 θ’.
302 5399 448 5469 Περὶ
505 5400 766 5472 διωγμοῦ
824 5403 934 5473 τῆς
977 5407 1366 5476 Ἑκκλησίας,
1429 5409 1528 5464 καὶ
1572 5412 1769 5483 ταφῆς

255 5496 586 5564 Στεφάνου.

1982 4585 2102 4630 octu
2125 4574 2385 4641 eduxerit,
2407 4583 2563 4640 atque
2609 4569 2935 4638 prwceperit,
2969 4576 3026 4620 ut
3069 4566 3252 4635 palam
3283 4580 3345 4618 ac
3374 4565 3444 4617 li-

1950 4670 2068 4723 bere
2089 4667 2274 4723 Iesum
2314 4665 2688 4735 praedicarent.

1877 4855 1928 4906 7.
1968 4852 2043 4906 De
2071 4850 2347 4914 electione,
2390 4848 2656 4902 creatione
2685 4854 2840 4914 atque
2879 4842 3214 4897 ordinatione
3253 4846 3448 4908 septem

1945 4945 2323 4998 diaconorum.

1874 5040 1928 5094 8.
1972 5039 2310 5105 Importunas
2356 5035 2607 5087 adversus
2659 5029 2984 5098 Stephanum
3032 5028 3253 5094 impetus
3295 5031 3450 5092 atque

1948 5128 2217 5182 calumnia
2247 5123 2606 5176 1ιιάωονιιιη;
2644 5120 2758 5181 cius
2799 5119 2922 5172 item
2965 5116 3144 5170 concio
3176 5113 3241 5166 de
3288 5121 3452 5166 testae

1948 5231 2121 5276 mento
2155 5235 2216 5273 ac
2252 5216 2444 5287 [cedere
2488 5214 2582 5267 Dei
2631 5228 2752 5265 cum
2794 5209 3136 5263 Abrahamo:
3170 5205 3352 5259 adhwc
3385 5202 3450 5256 de

1946 5314 2221 5368 dmdecim
2257 5307 2602 5379 patriarcltis.

1874 5410 1928 5465 9.
1994 5408 2072 5462 De
2126 5403 2484 5476 persecutione
2550 5397 2799 5451 Ecclesia:
2870 5406 2922 5449 et
2995 5392 3269 5461 sepultura
3335 5387 3450 5444 Ste-

1941 5503 2124 5573 phant

1335 5672 1344 5679 '
1391 5665 1598 5728 Varia;
1630 5664 1938 5728 lectiones
1965 5671 2025 5726 et
2056 5666 2244 5723 noue.

266 5811 314 5889 ίξ
331 5809 484 5889 οὖτρς
513 5811 824 5889 habebatur.
871 5885 883 5889 Δ
920 5813 964 5846 ¹⁴
1001 5817 1146 5889 τρεῖς
1180 5814 1481 5886 Ταϐερνάς.
1562 5818 1714 5888 ίτγρ,
1753 5813 2159 5889 καθείρξαντες.
2240 5809 2286 5843 ¹⁸
2312 5805 2615 5880 προσετέθη
2649 5801 2906 5874 ἀλλαχοῦ·
2948 5800 3131 5869 Ἔκτῳ
3161 5796 3271 5851 τῶν
3308 5793 3448 5846 ὅλων

205 5879 324 5947 μηνὶ
349 5881 508 5935 τοῦτο
540 5883 842 5951 μαρτύριον
864 5879 1176 5954 ἑορτάζοντε
1191 5905 1229 5946 ξ.

514 5981 784 6040 ὶἈτιιοι..
818 5981 934 6040 Gil.
970 5979 1190 6039 CXXV
1206 6024 1223 6039 .

2944 5964 3010 6024 lb'
