4156 6440
151 446 236 508 (97
1078 446 1491 507 EXPOSITIO
1532 447 1611 506 ΙΝ
1635 446 1824 504 ACTA
1853 447 2435 512 APOSTOLORUM.

3286 460 3397 525 £93

209 558 278 609 Τὸ
320 557 375 609 δὲ
420 556 582 611 πλέον
645 558 756 611 τῶν
803 559 1038 613 ἐνταῦθα
1076 562 1438 630 ἐγκειμένων,
1490 560 1707 612 Παύλου

1883 560 2053 614 Porro
2080 564 2256 631 major
2280 580 2407 633 pars
2452 579 2670 629 eorum,
2698 581 2817 636 qua:
2868 570 2956 625 hic
3014 571 3393 637 continentur,

152 652 359 720 πράξεις
391 652 499 705 εἰσὶ
524 693 537 713 ,
574 651 669 704 τοῦ
722 653 1111 724 περισσότερον
1150 656 1371 708 πάντων
1407 655 1705 708 κοπιάσαν-

152 761 244 796 τοῖ,
293 744 366 795 Τὸ
401 743 459 795 δὲ
504 742 700 804 αἴτιον,
735 745 900 798 αὑτοῦ
935 747 1196 815 φοιτητὴς
1242 741 1308 816 ἦν
1346 749 1373 798 ὁ
1397 747 1457 797 τὸ
1505 746 1706 814 βιϐλίον

152 834 286 886 τοῦτο
323 835 558 901 συνθεὶς,
596 837 809 899 Λουκᾶς
846 838 873 890 ὁ
909 837 1179 906 μακάριος
1208 855 1222 868 ο
1264 831 1327 892 οῦ
1375 838 1475 908 τὴν
1508 837 1707 908 ἀρετὴν

157 927 472 996 πολλαχόθεν
506 928 607 997 μὲν
642 929 736 981 καὶ
764 928 1061 1000 ἀλλαχόθεν
1095 929 1242 982 ἐστιν
1284 930 1432 983 ίδεῖν·
1470 930 1707 995 μάλιστα

156 1021 236 1087 μὲν
269 1021 311 1051 ³³
344 1023 409 1073 ἐκ
468 1021 562 1074 τοῦ
617 1023 755 1091 πρὸς
805 1022 897 1076 τὸν
937 1022 1259 1077 διδάσκαλον
1316 1023 1704 1085 ἀδιασπέιστως

153 1113 297 1179 ἔχειν,
340 1114 437 1166 καὶ
486 1114 573 1165 διὰ
608 1114 811 1177 παντὸς
850 1114 1002 1185 αὑτῷ
1064 1113 1519 1185 παρακολουθεῖν.
1547 1115 1616 1167 ’⁸0
1649 1131 1708 1167 τε.

154 1204 265 1270 γοῦν
315 1207 508 1275 Δημᾶς
561 1208 653 1257 καὶ
687 1205 1025 1276 ’Ἑρμογένης
1075 1206 1241 1260 αὐτὸν
1273 1206 1652 1274 ἐγκατέλιπον·
1683 1208 1711 1259 ὀ

158 1298 242 1363 μὲν
289 1298 371 1359 εἰς
426 1296 719 1361 Γαλατίαν,
764 1300 791 1350 ὁ
849 1298 905 1351 δὲ
955 1301 1034 1361 εἰς
1075 1298 1388 1367 Δαλματίαν
1436 1298 1706 1352 ἀπελθών.

158 1388 424 1451 Ἄκουσον,
454 1389 507 1440 τί
540 1405 672 1458 φησι
717 1389 845 1459 περὶ
870 1389 1061 1442 τούτου
1095 1404 1108 1419 ⁸
1137 1391 1349 1452 Λουκᾶς
1385 1394 1501 1443 ἐστι
1551 1393 1713 1460 μόνος

158 1482 258 1548 μετ’
282 1480 441 1551 ἐμοῦ.
476 1482 583 1535 Καὶ
618 1482 929 1552 Κορινθίοις
958 1483 1015 1536 δὲ
1054 1483 1406 1546 ἐπιστέλλων,
1443 1485 1573 1555 περὶ
1616 1484 1713 1536 αὑ-

159 1576 229 1627 τοῦ
262 1593 445 1644 φησιν’
483 1574 556 1631 Οὗ
591 1579 813 1642 ἔπαινος
850 1580 907 1630 ὲν
952 1579 1031 1650 τῷ
1061 1579 1378 1649 Εὖαγγελίῳ
1410 1579 1497 1633 διὰ
1523 1579 1713 1633 πασῶν

158 1668 248 1720 τῶν
286 1670 644 1737 Ἐκκλησιῶν.
676 1673 785 1725 Καὶ
822 1672 949 1725 ὅταν
989 1673 1145 1745 λέγῃ,
1186 1673 1269 1726 ὅτι
1308 1673 1488 1743 Ὠφθη
1522 1673 1708 1744 Κηφᾷ,

158 1756 255 1811 εἶτα
283 1763 396 1823 τοῖς
443 1760 671 1817 δώδεκα·
703 1765 796 1816 καὶ
835 1764 976 1817 κατὰ
1017 1764 1078 1816 τὸ
1125 1766 1451 1833 Εὐαγγέλιον
1483 1765 1511 1818 ὃ
1568 1783 1711 1835 παρ·

159 1853 380 1914 ελάϐετε,
414 1854 476 1907 τὸ
506 1855 700 1908 τούτου
742 1855 911 1924 λέγει.
948 1856 1111 1909 Ὥστε
1147 1857 1245 1910 οὐκ
1268 1858 1333 1911 ἀν
1362 1874 1446 1920 τις
1474 1858 1710 1928 ἁμάρτοι

158 1943 237 2009 τὴν
276 1945 666 2013 πραγματείαν
700 1946 904 2016 ταύτην
962 1946 1113 2017 αὐτῷ
1173 1946 1390 2011 ἀναθείς
1420 1965 1433 1978 ·
1476 1949 1607 2001 ὅταν
1654 1949 1712 2000 δὲ

160 2033 275 2103 εἰτοῳ
292 2037 490 2103 τούτῳ,
548 2036 627 2102 τῷ
658 2036 876 2108 Χριστῶ
898 2036 1063 2103 λέγω.
1302 2050 1309 2056 ’
1480 2040 1483 2041 ⁷

216 2214 272 2266 ΕΞ
324 2214 381 2267 δέ
418 2232 503 2277 τις
550 2215 722 2284 λέγει·
753 2217 862 2270 Καὶ
894 2218 949 2270 τί
999 2217 1199 2288 δήποτε
1252 2220 1372 2290 οὐχὶ
1411 2219 1585 2273 πάντα
1625 2219 1716 2273 ἁν-

161 2305 340 2374 ἑγραψε
386 2307 557 2375 μέχρι
610 2307 803 2371 τέλους
846 2307 925 2361 ὢν
965 2308 1084 2378 μετ’
1149 2310 1355 2375 αὑτοῦ;
1399 2312 1601 2363 Ἐκεῖνο
1646 2310 1714 2363 ἂν

162 2396 405 2464 εἴποιμεν,
434 2398 521 2449 ὅτι
560 2399 659 2450 καὶ
707 2398 879 2452 ταῦτα
912 2399 1188 2469 ἀρκοῦντα
1213 2398 1281 2471 ἤν
1308 2404 1421 2465 τοῖς
1457 2402 1716 2473 βουλομέ-

161 2502 254 2547 νοις
302 2488 618 2558 προσέχειν⁹
653 2490 748 2543 καὶ
787 2491 869 2544 ὅτι
908 2493 1044 2561 πρὸς
1079 2492 1150 2545 τά
1195 2494 1596 2562 κατεπείγοντα
1629 2495 1716 2547 ἀεὶ

162 2576 338 2629 ἵστατο·
369 2580 466 2631 καὶ
507 2580 587 2632 ὅτι
629 2582 731 2633 οὐκ
762 2583 819 2633 ὲν
849 2581 926 2653 τῷ
962 2583 1325 2655 λογογραφεῖν
1359 2582 1428 2657 ἦν
1461 2587 1647 2649 αὐτοῖς
1680 2589 1714 2656 ἡ

164 2672 363 2742 σπουδήο
389 2674 564 2727 πολλά
594 2676 704 2744 γὰρ
738 2678 830 2729 καὶ¹
864 2678 1097 2748 ἀγράφῳ
1130 2680 1425 2749 παραδόσει
1460 2682 1711 2752 παρέδω-

164 2780 270 2817 καν.
293 2768 481 2821 Πάντα
508 2768 607 2837 μὲν
633 2767 727 2823 οὖν
747 2770 872 2835 ἀξια
901 2772 1202 2842 θαύματος,
1238 2774 1305 2827 τὰ
1331 2776 1389 2827 ὲν
1420 2774 1498 2845 τῷ
1526 2774 1715 2845 βιϐλίῳ

164 2855 313 2923 τούτῳ
344 2859 597 2926 κείμενα·
635 2860 870 2930 μάλιστα
910 2862 967 2915 δὲ
1006 2862 1117 2916 τῶν
1156 2865 1473 2918 ἀποστόλων
1505 2867 1538 2935 ή
1579 2883 1713 2934 συγ-

166 2949 470 3014 κατάϐασις,
506 2951 576 3021 ἢν
602 2953 695 3004 καὶ
727 2952 788 3005 τὸ
822 2954 1045 3024 Πνεῦμα
1082 2956 1266 3019 αὐτοῖς
1295 2958 1558 3024 ὑπέϐαλε,
1602 2978 1721 3025 παν

170 3041 504 3107 ρασκευάζων
536 3042 735 3106 αὐτοὺς
758 3044 837 3114 τῷ
866 3046 965 3114 τῆς
1003 3048 1321 3117 οἰκονομίας
1353 3050 1718 3117 ἐνδιατρίϐειν

166 3130 305 3198 λόγῳ·
331 3134 418 3187 διὰ
465 3134 531 3205 δὴ
566 3136 748 3201 τοῦτο,
782 3138 1021 3193 τοσαῦτα
1051 3141 1181 3209 περὶ
1203 3141 1371 3195 αὑτοῦ
1406 3143 1715 3213 διαλεχθέν-

1814 648 1961 702 Pauli
1995 660 2122 705 sunt
2148 655 2404 722 acta,qui
2454 656 2691 725 amplius
2743 672 2907 728 quam
2945 674 3138 714 omnes
3178 662 3394 715 labora-

1810 749 1904 802 vit.
1933 748 2061 815 Ejus
2089 757 2267 802 autem
2297 750 2373 803 rei
2406 765 2568 811 causa
2618 761 2722 815 est,
2771 754 2915 822 quod
2970 755 3277 825 discipulus
3329 759 3393 809 il—

1811 837 1917 891 lius
1967 848 2083 892 erat
2128 841 2196 901 is,
2233 842 2324 910 qui
2366 840 2515 895 hunc
2562 842 2759 896 librum
2820 848 3151 914 curiiposuit,
3200 864 3396 918 nempe

1814 926 2007 981 beatus
2038 926 2213 983 [meas
2244 942 2259 982 :
2286 929 2448 998 cujus
2484 929 2658 983 virtus
2686 948 2809 985 cum
2846 948 2910 986 ex
2947 933 3136 988 multis
3171 935 3393 1004 quidem

1813 1021 1978 1073 rebus
2023 1022 2167 1085 aliis,
2203 1032 2316 1075 tum
2352 1038 2481 1076 vero
2544 1024 2780 1078 maxime
2803 1040 2867 1079 ex
2895 1040 2982 1089 eo,
3024 1028 3168 1097 quod
3218 1044 3245 1080 a
3281 1046 3396 1084 ma.

1813 1114 1986 1182 gistro
2028 1128 2132 1166 non
2164 1115 2341 1182 potuit
2363 1112 2568 1178 divelli,
2595 1114 2689 1169 sed
2745 1116 3092 1173 continenter
3123 1134 3247 1173 eum
3307 1135 3396 1175 as-

1813 1212 2056 1258 sectatus
2082 1211 2188 1267 est,
2215 1203 2386 1258 videri
2420 1213 2619 1274 potest.
2651 1204 2787 1260 Nam
2824 1207 3018 1261 Demas
3040 1216 3094 1263 et
3164 1209 3395 1265 Hermo-

1815 1310 1980 1363 genes
1993 1311 2116 1349 eum
2134 1295 2516 1362 deseruerunt,
2544 1297 2863 1367 hicquidcm
2890 1299 2943 1353 in
2964 1299 3391 1371 Gallograeciam,

1816 1390 1905 1444 ille
1936 1390 1987 1442 in
2051 1388 2371 1443 Dalmatiam
2414 1388 2713 1459 profectus.
2748 1392 2889 1446 Audi
2954 1392 3087 1462 quid
3141 1395 3282 1448 dicat
3324 1395 3394 1450 de

1816 1483 1959 1537 hoc:
1994 1481 2169 1538 Lucas
2205 1497 2418 1537 mecum
2452 1494 2538 1538 est
2566 1483 2741 1537 solus.
2766 1485 2943 1554 Atque
2982 1486 3151 1541 etiam
3193 1485 3390 1541 Corin-

1816 1574 1947 1628 thiis
1972 1576 2216 1630 scribens
2246 1575 2314 1629 de
2333 1589 2399 1629 eo
2425 1574 2559 1628 dicit
2592 1592 2605 1628 :
2636 1574 2808 1644 Cujus
2865 1577 2985 1631 laus
3016 1587 3099 1631 est
3127 1578 3180 1632 in
3215 1580 3397 1634 Evan-

1815 1667 1953 1737 gelio
2001 1681 2098 1735 per
2136 1682 2330 1721 omnes
2382 1666 2658 1722 Ecclesias
2693 1685 2706 1721 :
2744 1674 2797 1721 et
2850 1682 2975 1722 cum
3007 1668 3142 1723 dicit
3177 1685 3191 1723 :
3228 1671 3393 1727 Visus

1814 1769 1895 1813 est
1929 1757 2144 1827 Cephaa,
2193 1757 2391 1813 deinde
2451 1757 2559 1812 illis
2609 1758 2897 1813 duodecim
2934 1776 2952 1812 :
2982 1768 3036 1813 et
3089 1763 3391 1816 secundum

1820 1847 2165 1919 Evangelium
2200 1848 2345 1919 quod
2412 1849 2735 1918 accepistis,
2775 1849 2938 1919 hujus
2970 1852 3103 1906 dicit
3149 1854 3396 1924 Evange-

1818 1941 1973 2020 lium.
2006 1942 2193 2012 ltaque
2227 1956 2385 1996 nemo
2410 1942 2696 2005 erraverit,
2734 1943 2880 1997 hunc
2934 1946 3391 2001 commentarium

1817 2033 1943 2087 huic
1972 2042 2255 2103 acceptum
2318 2032 2548 2089 ferens:
2591 2048 2718 2089 cum
2771 2042 2976 2100 autem,
3045 2036 3195 2103 huic,
3244 2037 3395 2103 dico,

1815 2126 2036 2181 Christo
2058 2125 2205 2180 dico.

1886 2217 2039 2284 Quod
2080 2219 2124 2273 si
2170 2218 2295 2290 quis
2327 2219 2470 2274 dicat
2501 2236 2515 2277 :
2550 2220 2615 2274 Et
2652 2235 2752 2275 cur
2798 2220 3019 2276 tandem
3080 2236 3186 2274 non
3211 2223 3393 2275 omnia

1814 2310 2008 2366 litteris
2034 2310 2467 2375 mandavit,cum
2496 2328 2667 2383 usque
2684 2312 2749 2367 ad
2781 2311 2939 2368 ﬁnem
2965 2323 3110 2369 esset
3136 2329 3241 2367 una
3266 2328 3391 2366 eum

1817 2404 2105 2459 illo?huic
2156 2403 2558 2475 responderim,
2600 2406 2746 2473 quod
2777 2406 2940 2460 etiam
3011 2406 3128 2459 haec
3175 2404 3394 2459 abunde

1816 2497 1953 2551 satis
1983 2498 2153 2551 multa
2183 2498 2294 2552 sint
2324 2498 2413 2564 iis,
2442 2500 2535 2568 qui
2572 2497 2860 2553 attendere
2904 2497 3078 2553 velint
3115 2516 3125 2549 :
3168 2507 3223 2553 et
3246 2499 3390 2567 quod

1817 2586 1883 2643 ad
1923 2603 2006 2653 ea,
2036 2602 2157 2657 quae
2193 2588 2480 2657 urgebant,
2512 2572 2727 2658 Setiiper
2786 2588 3155 2643 consisterent
3196 2606 3211 2642 :
3243 2588 3391 2657 quod

1816 2695 1925 2734 non
1954 2681 2008 2734 in
2037 2680 2190 2736 libris
2220 2679 2530 2735 scribendis
2557 2679 2806 2735 studium
2839 2695 3001 2733 suum
3037 2679 3392 2745 collocarent,

1816 2787 1940 2827 nam
1980 2773 2149 2826 multa
2236 2772 2401 2826 etiam
2434 2773 2555 2826 viva
2599 2786 2753 2835 voce,
2782 2786 2904 2841 quae
2927 2772 3131 2841 scripta
3157 2786 3265 2825 non
3299 2786 3394 2826 ex-

1817 2871 1983 2927 stant,
2008 2862 2315 2917 tradebant.
2345 2864 2526 2933 Atque
2554 2876 2676 2917 cum
2704 2862 2888 2917 omnia
2928 2862 3170 2932 quidem,
3201 2863 3394 2935 quain

1818 2954 1921 3012 hoc
1980 2958 2117 3011 libro
2165 2958 2541 3019 continentur,
2590 2955 2953 3010 admiratione
2999 2956 3159 3026 digna
3218 2966 3393 3011 sunt:

1816 3059 1929 3102 tum
1963 3063 2092 3101 vero
2123 3047 2357 3102 maxime
2397 3045 2768 3117 apostolorum
2841 3045 3281 3112 συγκατάϐασις,
3338 3045 3394 3100 id

1816 3148 1919 3201 est,
1950 3153 2014 3194 ea
2044 3139 2239 3203 virtus,
2280 3154 2389 3209 qua
2434 3154 2495 3194 sc
2528 3137 3019 3194 accommodabant
3051 3138 3117 3192 ad
3151 3146 3398 3207 tempora

166 3240 260 3288 τες,
286 3225 442 3294 ὀλίγα
470 3227 734 3299 περὶτῆς
780 3230 1033 3301 θεότητος
1083 3233 1251 3287 αὐτοῦ
1305 3236 1584 3306 εἰρήκασι.
1635 3236 1716 3289 Τὰ

1824 3236 1991 3299 atque
2011 3245 2304 3301 personas,
2332 3238 2384 3285 et
2425 3230 2585 3300 quasi
2615 3245 2722 3283 una
2752 3244 2879 3284 cum
2920 3229 3028 3284 illis
3058 3230 3397 3285 condescen-

166 3314 213 3365 δὲ
263 3317 456 3372 πλέονα
510 3320 642 3389 περὶ
691 3321 789 3391 τῆς
841 3322 1321 3396 ὲνανθρωπότητος
1378 3328 1715 3397 διελέγοντο,

169 3410 247 3460 καὶ
268 3410 354 3462 τοῦ
391 3412 623 3475 πάθους,
657 3415 753 3466 καὶ
782 3415 880 3484 τῆς
912 3417 1264 3481 ἀναστάσεως
1284 3460 1299 3483 ,
1334 3422 1426 3473 καὶ
1459 3421 1557 3491 τῆς
1594 3424 1721 3473 ἀνα-

168 3498 374 3565 ϐάσεως.
413 3505 492 3556 Τὸ
530 3504 640 3574 γὰρ
694 3504 1030 3577 ζητούμενον
1095 3511 1255 3575 τέως,
1303 3510 1463 3565 τοῦτο
1519 3507 1609 3583 ἦν,
1660 3514 1719 3565 τὸ

171 3594 507 3664 πιετευθῆναι
553 3597 637 3649 ὄτι
668 3598 893 3668 ἀνέστη,
923 3603 1019 3654 καὶ
1063 3601 1230 3671 ἀνέϐη
1264 3604 1344 3666 είς
1381 3605 1509 3667 τοὺς
1546 3605 1716 3675 οὐρα-

169 3683 293 3746 νοὺς.
320 3686 534 3755 Ὠσπερ
562 3684 657 3740 οὖν
697 3689 861 3752 αὐτὸς
896 3691 1176 3760 omne;
1232 3693 1467 3762 μάλιστα
1502 3696 1719 3748 πάντων

170 3776 443 3841 ἐσπούδαζε
472 3780 670 3845 δεῖξαι,
704 3781 785 3834 ὅτι
823 3783 976 3851 παρά
1012 3782 1107 3835 τοῦ
1154 3784 1367 3855 Πατρὸς
1403 3785 1556 3856 ἣκει,
1579 3786 1721 3839 οὕτω

170 3865 248 3917 καὶ
271 3861 441 3933 οὗτος,
496 3869 580 3921 ὃτι
629 3870 863 3941 ἀνέστη,
904 3874 1001 3925 καὶ
1039 3874 1316 3944 ἀνελήφθη
1347 3916 1361 3939 ,
1417 3875 1511 3928 καὶ
1573 3878 1713 3945 πρὸς

169 3962 307 4015 αὑτὸν
337 3964 578 4034 ἀπῆλθε,
612 3967 705 4019 καὶ
743 3968 875 4038 παρ’
905 3969 1073 4023 αὐτοῦ
1111 3970 1360 4038 ἀφίκετο.
1396 3972 1456 4024 Εἰ
1491 3972 1602 4043 γὰρ
1644 3975 1719 4045 μὴ

170 4055 305 4108 τοῦτο
352 4058 653 4129 ἐπιστεύθη
726 4060 994 4131 πρότερον
1023 4101 1038 4126 ,
1102 4063 1285 4132 πολλῴ
1344 4065 1572 4133 μᾶλλον,
1617 4068 1719 4135 τῆς

170 4148 464 4219 προσθήκης
510 4150 833 4220 γενομένης,
866 4153 967 4222 τῆς
1007 4154 1150 4207 κατά
1178 4156 1278 4224 τὴν
1299 4155 1599 4210 ἀνάστασιν
1627 4160 1721 4212 καὶ

168 4237 250 4306 τὴν
265 4241 552 4311 ἀνάληψιν,
578 4243 809 4297 ἄπιστον
840 4245 987 4299 ἀπαν
1013 4245 1074 4298 τὸ
1101 4247 1279 4317 δόγμα
1301 4249 1411 4311 τοῖς
1448 4248 1719 4315 Ἰουδαίοις

170 4330 321 4395 ἔδοξεν
346 4331 513 4389 εἶναι.
549 4337 641 4390 Διὸ
666 4338 849 4408 ἡρέμα
889 4339 980 4392 καὶ
1005 4341 1145 4392 κατά
1168 4339 1364 4409 μικρὸν
1396 4341 1595 4405 αὐτοὺς
1627 4343 1721 4395 ἐπὶ

168 4422 225 4473 τὰ
251 4425 555 4498 ὑψηλότερα
590 4429 803 4496 ἀνάγει·
835 4428 896 4483 ὲν
929 4431 986 4483 δὲ
1017 4430 1271 4501 Ἀθήναις
1304 4433 1399 4485 καὶ
1433 4432 1720 4503 ἄνθρωπον

169 4514 307 4569 αὑτὸν
324 4519 515 4583 ἁπλῶς
566 4523 593 4573 ό
644 4520 856 4583 Παῦλος
888 4524 1080 4586 καλεῖ,
1118 4523 1271 4577 οὐδὲν
1319 4523 1482 4577 πλέον
1524 4526 1714 4591 εἰπὼν,

133 4594 384 4673 ἐίκότως.
446 4614 512 4665 Et
560 4613 670 4682 γάρ
715 4614 877 4666 αὐτὸν
912 4613 1005 4667 τὸν
1038 4615 1295 4685 Χριστὸν.
1334 4616 1721 4687 διαλεγόμενον

170 4699 276 4767 περὶ
304 4706 401 4773 τῆς
423 4704 511 4767 είς
537 4703 631 4758 τὸν
674 4705 892 4775 Πατέρα
924 4707 1189 4773 ἰσότητος,
1216 4706 1435 4760 λιθάσαι
1463 4707 1721 4770 πολλάκις

170 4786 525 4860 ἐπεχείρησαν,
568 4794 666 4847 καὶ
728 4794 1050 4863 βλάσφημον
1102 4796 1191 4848 διὰ
1256 4796 1416 4850 τοῦτο
1458 4798 1719 4853 ὲκάλουν.⁵

169 4880 313 4950 Σχολῇ
347 4883 477 4951 γοῦν
521 4886 676 4955 παρά
723 4885 833 4939 τῶν
855 4885 1053 4939 ἀλιέων
1078 4886 1270 4940 τοῦτον
1300 4887 1393 4939 τὸν
1421 4887 1577 4953 λόγον
1606 4890 1719 4941 ὲδέ-

171 4966 323 5035 ξαντο,
358 4975 653 5029 καὶταῦτα
684 4975 778 5028 τοῦ
810 4975 1049 5045 σταυροῦ
1088 4977 1571 5046 προχωρήσαντος.

1821 3325 2023 3378 debant
2046 3339 2110 3378 ac
2143 3338 2265 3379 sese
2286 3323 2686 3379 demittebant:
2724 3337 2889 3393 quam
2932 3323 3190 3376 virtutem
3226 3320 3400 3383 Spiri-

1823 3425 1913 3470 tus
1939 3415 2019 3469 eis
2069 3413 2415 3485 suggerebat,
2458 3422 2617 3484 aptos
2662 3420 2716 3467 et
2767 3414 2994 3468 idoneos
3026 3428 3121 3468 eos
3157 3412 3400 3467 cmciens

1822 3510 1886 3562 ad
1917 3507 2039 3571 hoc,
2070 3517 2127 3561 ut
2148 3506 2526 3561 incumberent
2557 3506 2609 3559 in
2636 3506 2903 3559 rationem
2935 3504 3317 3575 dispositionis
3345 3512 3402 3560 et

1820 3598 2344 3655 administrationis.
2390 3596 2599 3652 Idcirco
2638 3597 2895 3651 nimirum
2950 3605 3059 3651 tam
3111 3597 3282 3651 multa
3330 3596 3400 3652 de

1820 3693 2041 3749 Christo
2068 3694 2255 3753 locuti,
2300 3707 2467 3759 pauca
2497 3692 2564 3747 de
2605 3691 2896 3746 divinitate
2933 3691 3053 3759 ejus
3094 3690 3397 3745 dixerunt:

1822 3784 2085 3854 majorem
2163 3792 2345 3838 autem
2400 3790 2607 3852 partem
2670 3782 2739 3836 de
2797 3782 3279 3836 hutnanaznatura:
3312 3795 3401 3834 as-

1821 3878 2155 3947 sumptione,
2177 3877 2245 3931 de
2279 3876 2553 3945 passione,
2580 3875 2649 3929 de
2683 3874 3092 3929 resurrectione
3122 3882 3177 3929 et
3204 3888 3402 3927 ascen-

1821 3969 1977 4023 sione
2002 3968 2386 4036 loquebantur.
2437 3964 2573 4019 Nam
2604 3965 2709 4020 hoc
2746 3974 2884 4027 erat,
2912 3965 3061 4034 quod
3124 3973 3255 4018 tunc
3290 3962 3400 4017 iui-

1821 4059 1900 4113 tio
1939 4057 2342 4127 requirebatur,
2373 4062 2434 4110 ut
2474 4054 2791 4110 crederetur
2842 4055 3212 4110 resurrexisse
3242 4064 3296 4108 ct
3341 4053 3396 4108 in

1822 4149 1993 4203 caelos
2018 4147 2355 4203 ascendisse.
2381 4145 2853 4212 Quemadmodum
2884 4146 3049 4215 igitur
3078 4146 3193 4214 ipse
3238 4143 3400 4197 Chri-

1823 4248 1949 4293 stus
1969 4241 2213 4291 omnium
2239 4238 2476 4291 maxime
2499 4235 2755 4291 studebat
2780 4235 3089 4300 ostendere,
3113 4252 3171 4290 se
3187 4252 3216 4287 a
3243 4236 3399 4291 Patre

1824 4331 2009 4384 venire
2043 4348 2055 4381 :
2094 4329 2175 4384 sic
2200 4329 2364 4383 etiam
2402 4328 2491 4381 hic
2528 4328 2909 4382 demonstrare
2944 4326 2997 4396 3
3025 4334 3258 4382 conatur
3273 4342 3395 4381 cum

1824 4422 2192 4475 resurrexisse
2208 4430 2262 4475 et
2279 4430 2623 4487 assumptum
2649 4434 2792 4484 esse,
2815 4426 2868 4472 et
2897 4419 2964 4472 ad
2996 4419 3144 4472 illum
3173 4418 3398 4481 abiisse,

1822 4514 1970 4568 etab
2004 4512 2097 4567 illo
2131 4514 2370 4566 venisse.
2421 4510 2537 4566 Nisi
2569 4512 2715 4566 enim
2750 4511 2884 4566 illud
2938 4512 3090 4581 prius
3128 4510 3399 4567 creditum

1827 4608 2044 4671 fuisset,
2076 4606 2250 4660 multo
2273 4604 2446 4675 magis
2471 4604 2778 4674 adjectione
2801 4604 2946 4658 facta
2981 4618 3167 4658 earum
3192 4618 3397 4666 rerum,

1817 4715 1941 4770 qua:
1964 4698 2113 4753 circa
2147 4696 2608 4752 resurrectionem
2657 4704 2711 4750 et
2742 4697 3179 4765 assumptionem
3253 4696 3399 4750 acci-

1817 4792 2039 4852 derunt,
2084 4787 2425 4844 incredibilis
2449 4801 2573 4842 esse
2632 4787 2754 4841 ﬁdei
2824 4787 3082 4840 universa
3148 4786 3397 4840 doctrina

1816 4879 2019 4935 Iudaeis
2053 4879 2169 4933 visa
2206 4877 2440 4932 fuisset:
2471 4876 2822 4946 quamobrem
2849 4876 3054 4930 sensim
3107 4891 3171 4930 ac
3205 4876 3400 4942 paula-

1819 4976 1915 5030 tim
1953 4987 2049 5027 eos
2107 4971 2175 5025 ad
2213 4970 2409 5023 altiora
2452 4968 2728 5033 subducit,
2765 4979 2928 5037 atque
2986 4968 3217 5022 Athenis
3247 4967 3398 5021 illum

171 5058 343 5116 l‘aulus
388 5067 555 5120 etiam
619 5068 941 5137 simplititer
1006 5068 1281 5122 hominem
1364 5078 1540 5133 vocat,
1597 5069 1745 5123 nulla
1820 5084 1879 5122 re
1928 5064 2164 5133 amplius
2214 5061 2448 5130 adjecta,
2499 5076 2565 5116 ac
2601 5061 2815 5113 merito.
2848 5058 2980 5113 Nam
3039 5059 3084 5115 si
3114 5058 3395 5115 Christum

171 5152 320 5221 ipsum
357 5161 523 5215 verba
573 5158 861 5215 facientem
904 5161 971 5217 de
1008 5177 1106 5216 sua
1135 5177 1261 5216 cum
1311 5166 1471 5220 Patre
1518 5164 1829 5231 aequalitate
1874 5159 2100 5229 parique
2164 5153 2499 5217 conditione,

2588 5151 2861 5220 lapidibus
2917 5153 3155 5206 obruere
3225 5168 3399 5222 sape—

172 5264 371 5308 numero
427 5264 801 5319 tentaveruut,
850 5266 905 5310 et
937 5256 1338 5327 blasphemum,
1368 5258 1420 5311 id
1471 5266 1577 5321 est,
1614 5259 1756 5312 laesa:
1784 5253 2086 5324 maiestatis
2130 5250 2330 5305 divine
2353 5262 2529 5311 reum,
2567 5247 2770 5301 idcirco
2801 5246 3076 5299 vocabant
3105 5264 3118 5299 :
3152 5247 3401 5316 profectu

172 5341 242 5395 vix
276 5358 384 5400 eam
424 5350 729 5402 orationem
790 5349 1158 5419 piscatoribus
1189 5351 1594 5419 proferentibus
1632 5352 1979 5419 probassent,
2016 5342 2320 5416 praesertim
2350 5357 2473 5397 cum
2515 5355 2651 5395 crux
2678 5340 3073 5408 praeessisset.

228 5438 325 5490 Kal.
347 5440 398 5492 τί
441 5441 527 5493 δεῖ
550 5441 732 5508 λέγειν
759 5443 884 5503 τοὺς
916 5442 1230 5507 Ἰουδαίους,
1274 5444 1409 5495 ὅπου
1444 5444 1714 5498 mla-310‘.

171 5524 399 5591 πολλάκις
424 5531 471 5581 oi
510 5528 750 5598 μαθηταὶ
769 5529 877 5583 τῶν
898 5530 1248 5601 ὑψηλοτέρων
1269 5530 1559 5594 ἀκούοντες
1586 5532 1711 5599 δογ-

177 5616 354 5683 μάτων,
382 5620 745 5691 ὲθορυϐοῦντο
774 5622 867 5675 καὶ
902 5622 1353 5687 ἐσκανδαλίζοντο
1379 5640 1395 5688 ;
1430 5624 1529 5676 Διά
1558 5622 1719 5676 τοῦτο

1898 5442 1959 5494 Ει
1991 5439 2121 5509 quid
2155 5437 2350 5491 attinet
2375 5434 2560 5489 dicere
2592 5433 2662 5487 de
2686 5430 2890 5486 ludatis
2912 5432 2935 5485 ?
2954 5433 3398 5501 quandoquidem

1825 5532 1990 5587 etiam
2020 5531 2121 5600 ipsi
2155 5541 2532 5599 saepenumero
2554 5525 2814 5596 discipuli
2845 5526 2914 5580 de
2946 5526 3234 5582 altioribus
3269 5541 3401 5580 sen-

1821 5626 2009 5680 tentiis
2040 5624 2347 5693 loquentem
2381 5619 2661 5676 Christum
2727 5618 3037 5685 audientes,
3099 5619 3400 5676 turbaban-

1376 5762 1577 5825 Varite
1605 5761 1918 5825 lectiones
1946 5766 2009 5823 et
2028 5766 2223 5821 notae.

236 5879 272 5910 "
300 5884 475 5951 μέντοι
506 5887 592 5938 lc.
