4156 6440
726 426 828 489 499

1598 430 1903 492 'IHEOPII
1914 432 2169 491 l’LACTl
2212 431 2620 491 BULGARl/E
2666 430 3016 490 ARCHIEP.

3872 430 3998 494 500

728 544 817 589 tur
832 544 885 589 et
904 534 1349 603 offende-bantur;
1368 548 1647 608 propterea
1672 541 1835 594 etiam
1856 542 2072 596 dicebat
2096 560 2109 596 :
2143 542 2297 596 Multa

2414 542 2505 593 καὶ
2529 540 2701 605 ἐλεγεο
2740 537 2916 591 Πολλά
2948 537 3056 606 ἔχω
3093 536 3270 604 λέγειν
3314 536 3464 605 ὑμῖν,
3496 534 3607 587 ἀλλ’
3647 537 3705 587 οὖ
3750 535 3999 590 δύνασθε

728 626 921 691 habeo,
948 643 1068 696 quae
1116 630 1294 682 dicam
1337 632 1509 695 vobis,
1546 632 1641 685 sed
1669 649 1774 686 non
1827 637 2053 704 potestis
2090 644 2305 703 portare

732 731 899 770 nunc.
925 716 1079 781 Quod
1110 718 1154 772 si
1201 719 1277 772 illi
1308 734 1415 773 non
1442 730 1713 789 poterant.
1756 726 1849 792 qui
1882 734 2034 778 tanto
2066 733 2307 793 tempore

729 823 837 861 una
856 822 977 860 cum
1001 822 1068 862 eo
1094 810 1358 874 vixerant,
1379 813 1471 879 qui
1496 820 1573 864 tot
1590 828 1915 867 arcanarum
1933 830 2113 868 rerum
2136 816 2301 884 parti-

731 900 879 966 cipes
906 896 1145 960 fuerant,
1173 901 1269 967 qui
1296 910 1375 954 tot
1399 903 1660 957 miracula
1678 904 1924 959 viderant
1950 924 1962 957 :
1986 906 2305 974 quipotnis-

729 997 850 1043 sent
873 989 970 1052 illi,
996 990 1089 1060 qui
1123 991 1192 1045 ab
1208 992 1475 1047 altaribus
1492 1002 1548 1048 et
1573 996 1879 1050 simulacris
1897 1005 1951 1050 et
1971 997 2233 1060 victimis,
2252 1004 2305 1050 et

730 1080 927 1136 felibus
949 1092 1004 1137 et
1034 1085 1325 1139 croeodilis
1354 1103 1369 1137 :
1404 1087 1535 1140 talia
1566 1088 1710 1141 enim
1762 1099 1918 1144 erant
1938 1105 2027 1153 ea,
2054 1105 2175 1159 qua:
2206 1107 2304 1160 pro

729 1174 1046 1229 numinibus
1100 1191 1127 1228 a
1169 1176 1375 1231 Graecis
1431 1187 1486 1232 et
1523 1180 1750 1248 paganis
1800 1182 2125 1237 colebantur
2187 1201 2201 1238 :
2249 1192 2297 1237 et

727 1265 849 1320 aliis
876 1268 1033 1321 malis
1047 1276 1181 1321 tunc
1206 1271 1444 1339 primum
1479 1272 1657 1328 avulsi
1679 1282 1855 1335 erant.
1880 1274 1948 1328 de
1976 1275 2303 1331 sublimibus

727 1357 1014 1411 sententiis
1047 1360 1212 1414 verba
1245 1369 1465 1429 repente
1500 1377 1719 1431 unoque
1766 1372 2044 1417 momento
2076 1364 2301 1433 probas-

728 1448 1005 1513 δοκιιῖρυί
1069 1451 1199 1504 item
1237 1451 1413 1506 Judari
1454 1468 1697 1523 quoque,
1747 1454 1841 1523 qui
1886 1456 2130 1518 quotidie
2186 1456 2301 1510 disc

728 1550 880 1606 eunt,
909 1558 1254 1612 quorumque
1309 1558 1472 1600 aures
1504 1546 1590 1599 his
1645 1546 1873 1601 vocibus
1904 1548 2036 1617 legis
2059 1548 2302 1617 undique

727 1631 1136 1689 circumsonant
1180 1652 1193 1688 :
1245 1636 1382 1691 Audi
1411 1635 1620 1691 Israel:
1668 1636 1929 1693 Dominus
1974 1638 2119 1693 Deus
2152 1648 2297 1702 tuus,

730 1742 872 1781 unus
894 1736 1012 1793 est,
1071 1743 1134 1781 ac
1156 1739 1353 1797 prmter
1382 1744 1504 1783 eum
1541 1745 1652 1783 non
1689 1739 1771 1783 est
1797 1729 1938 1785 alius
1982 1750 1994 1785 :
2036 1730 2129 1798 qui
2169 1732 2297 1784 item

730 1826 783 1876 in
826 1830 991 1870 cruce
1021 1815 1196 1871 clavis
1232 1817 1453 1871 aliixum
1488 1818 1639 1873 illum
1676 1830 2081 1890 conspexerant
2116 1841 2128 1876 :
2179 1837 2297 1874 ma-

2411 629 2703 698 βαστάζειν
2744 628 2893 695 ἄρτι.
2928 625 2992 677 Et
3026 626 3081 677 δὲ
3114 626 3309 677 ἐκεῖνοι
3338 626 3438 675 οὐκ
3458 623 3741 692 ἠδύναντο,
3772 624 3819 673 οἱ
3852 639 4001 687 συγ-

2409 723 2690 791 γενόμενοι
2719 721 2909 789 χρόνον
2943 718 3194 771 τοσοῦτον
3221 718 3391 788 αὐτῷ,
3426 718 3517 769 καὶ
3554 715 3823 767 τοσούτων
3858 730 3996 765 7.0L-

2409 812 2751 881 νωνήσαντες
2799 809 3131 879 ἀπορρήτων
3160 848 3174 867 ,
3216 808 3309 859 καὶ
3347 807 3583 858 τοσαῦτα
3642 806 3990 870 θεασάμενοι

2409 904 2664 974 Θαύματα
2689 942 2704 965 ,
2734 903 2850 963 πῶς
2897 902 2962 955 ἂν
2994 902 3043 953 οί
3091 900 3198 953 ἀπὸ
3227 899 3427 968 βωμῶν
3470 898 3565 950 καὶ
3611 896 3846 948 εἰδώλων
3888 897 3991 946 καὶ

2408 996 2606 1049 Θυσιῶν
2637 997 2732 1048 καὶ
2771 994 3035 1062 αἰλούρων
3071 994 3165 1045 καὶ
3194 992 3551 1061 κροκοδείλων
3577 1008 3589 1020 ·
3615 990 3835 1041 τοιαῦτα
3872 989 3988 1055 γὰρ

2405 1079 2473 1154 ἦν
2502 1084 2610 1136 τῶν
2678 1083 2946 1152 Ἑλλήνων
2994 1082 3059 1135 τὰ
3111 1081 3455 1149 σεϐάσματα·
3500 1078 3593 1131 καὶ
3641 1079 3748 1130 τῶν
3805 1078 3994 1131 ἄλλονυ

2406 1175 2594 1228 κακῶν
2623 1176 2745 1228 τότε
2800 1175 3015 1243 πρῶτον
3045 1174 3089 1205 ³⁸
3117 1172 3586 1233 ἀποσπασθέντες,
3630 1170 3823 1236 ἀθρόον
3850 1169 3997 1229 τοὺς

2407 1263 2643 1335 ὑψηλοὺς
2669 1264 2779 1317 τῶν
2808 1265 3096 1334 δογμάτων
3136 1264 3383 1327 ἐδέξαντο
3412 1262 3601 1327 λόγους
3628 1279 3641 1325 ;
3685 1260 3804 1322 Πῶς
3827 1260 3876 1311 δ’
3918 1262 3995 1312 ἂν

2406 1358 2499 1410 καὶ
2540 1358 2805 1421 Ἰουδαῖοι,
2840 1359 2889 1410 οἱ
2931 1359 3052 1411 καθ’
3084 1358 3323 1419 ἑκάστην
3362 1357 3575 1425 ἡμέραν
3614 1354 3995 1423 μανθάνοντες

2402 1450 2495 1500 καὶ
2516 1448 2865 1518 ὲνηχούμενοι
2889 1448 2993 1500 ὑπὸ
3031 1448 3123 1500 τοῦ
3159 1447 3323 1517 νόμου
3347 1447 3428 1511 τὸ,
3472 1448 3696 1509 Ἀκουε,
3735 1444 3988 1512 Ἰσραήλ·

2403 1542 2607 1614 Κύριος
2656 1546 2683 1596 ὁ
2725 1543 2855 1607 Θεός
2905 1560 2997 1596 σου
3057 1538 3138 1606 εἷς
3193 1544 3330 1606 ἐστι,
3363 1542 3455 1593 καὶ
3484 1540 3622 1607 πλὴν
3665 1539 3829 1593 αὑτοῦ
3878 1540 3992 1590 οὐκ

2400 1634 2547 1687 ἐστιν
2575 1634 2757 1697 ἄλλος’
2797 1635 2891 1687 καὶ
2933 1636 2990 1687 ὲν
3022 1634 3099 1703 τῷ
3132 1632 3350 1703 σταυρῷ
3384 1632 3579 1693 ἰδόντες
3612 1631 3773 1682 αὐτὸν
3803 1646 3988 1697 προσ-

2400 1725 2702 1795 ηλωμένον,
2742 1726 2978 1794 μάλιστα
3001 1725 3175 1778 δὲκαὶ
3208 1723 3618 1791 σταυρώσαντες
3649 1723 3739 1774 καὶ
3772 1720 3993 1787 Οάιξαν-

2404 1836 2496 1880 τες
2551 1819 2646 1871 καὶ
2706 1818 2827 1871 οὐδὲ
2880 1818 3190 1870 ἀναστάντα
3257 1816 3494 1877 ἰδόντες,
3549 1813 3835 1874 ἀκούοντες
3898 1814 3991 1864 ὅτι

730 1907 873 1960 xime
910 1922 1036 1962 vero
1071 1909 1166 1977 qui
1218 1909 1380 1962 etiam
1410 1910 1560 1963 illum
1607 1910 1991 1965 cruciﬁxerant
2066 1920 2120 1965 et
2157 1928 2297 1981 sepe-

2406 1910 2537 1972 Θεός
2577 1911 2722 1963 ἐστιν
2752 1908 2913 1970 αὐτὸς
2952 1902 3107 1969 οὗτος
3135 1908 3228 1959 καὶ
3257 1906 3334 1976 τῷ
3367 1905 3541 1975 lla-cpi.
3594 1906 3732 1966 ἶσος,
3776 1905 3877 1956 οὐκ
3918 1904 3990 1955 ἂν

729 2000 957 2053 livcrant
980 2014 1043 2053 ac
1075 2016 1142 2054 ne
1180 2002 1550 2055 resnrrexisse
1583 2001 1803 2070 quidem
1867 2016 1991 2056 eum
2027 2002 2296 2070 viderant,

730 2091 1016 2145 audientes
1037 2090 1185 2146 hunc
1220 2092 1395 2161 ipsum
1429 2092 1595 2146 Deum
1622 2108 1743 2147 esse
1761 2107 1823 2147 ac
1845 2093 1989 2148 Patri
2010 2096 2297 2163 aequalem,

728 2198 833 2235 non
872 2183 1115 2236 onmimn
1169 2183 1409 2237 maxime
1460 2184 1824 2248 resiluissent,
1857 2196 1913 2240 et
1974 2187 2187 2254 abrupti
2215 2203 2300 2240 es-

728 2272 885 2326 sent?
934 2272 1301 2337 Quamobrem
1364 2274 1630 2341 paulatim
1668 2289 1735 2328 ac
1803 2276 2006 2328 sensim
2048 2276 2170 2330 illos
2230 2276 2298 2330 ad

728 2361 833 2417 hoc
871 2362 1167 2425 adducunt,
1226 2378 1290 2417 ac
1326 2364 1493 2417 multa
1541 2364 1761 2432 quidem
1820 2366 2299 2421 condescensionis

724 2461 783 2506 et
842 2454 1366 2509 aecommodationis
1425 2455 1641 2509 ratione
1708 2466 1762 2511 et
1823 2456 2301 2512 administratione

727 2550 975 2609 utuntur,
1014 2543 1244 2614 largiore
1274 2554 1454 2600 autem
1479 2544 1719 2615 Spiritus
1760 2548 1931 2616 gratia
1972 2548 2294 2615 potiuntur:

728 2647 791 2687 ac
841 2636 1048 2703 majora
1092 2650 1254 2704 quam
1284 2637 1399 2704 ipse
1428 2637 1682 2691 Christus
1731 2638 1951 2701 fecerat,
1991 2638 2136 2690 illius
2202 2653 2301 2688 no-

728 2722 870 2778 mine
896 2734 1143 2795 gerunt:
1226 2738 1283 2780 ut
1336 2736 1569 2795 utroque
1638 2730 1797 2780 modo
1846 2729 1965 2780 illos
1997 2728 2149 2780 humi
2208 2730 2293 2794 ja-

726 2824 913 2871 eentes
978 2819 1301 2879 excitarent,
1340 2832 1403 2871 ac
1444 2818 1601 2871 fidem
1658 2818 1902 2873 facerent
1959 2818 2195 2871 orationi
2228 2817 2300 2869 de

725 2908 1151 2962 resurrectione.
1187 2908 1393 2962 Etenim
1429 2910 1479 2961 id
1508 2909 1854 2977 potissimum
1894 2915 1979 2961 est
2024 2909 2110 2960 hic
2138 2908 2296 2967 liber,

727 3013 924 3067 nempe
983 2999 1381 3053 demonstratio
1447 2999 1945 3069 documentumque
2026 3014 2302 3051 resurrec-

731 3091 901 3146 tionis
934 3109 947 3145 :
986 3093 1152 3161 hujus
1203 3108 1435 3161 namque
1462 3092 1534 3146 rei
1568 3092 1673 3147 [ide
1719 3092 1883 3157 facta,
1919 3092 2129 3161 reliqua
2168 3106 2302 3159 quo-

728 3194 834 3249 que
865 3196 1123 3253 prospere
1193 3182 1578 3238 succedebant.
1612 3183 1679 3235 Et
1742 3194 2121 3252 argumentum
2163 3185 2287 3252 qni-

2404 1999 2638 2067 μάλιστα
2672 1999 2886 2050 πάντων
2914 1998 3271 2067 ἀπεπήδησάν
3305 2014 3362 2048 τε
3399 1998 3491 2048 καὶ
3530 1994 3935 2066 ἀπερράγησαν
3970 2012 3987 2057 ;

2402 2091 2499 2143 Διὰ
2534 2092 2690 2143 τοῦτο
2718 2092 2901 2161 ἡρέμα
2946 2092 3038 2142 καὶ
3070 2089 3211 2143 κατὰ
3247 2088 3439 2157 μικρὸν
3473 2088 3668 2149 αὐτοὺς
3709 2085 3990 2155 προϐιϐάο

2400 2182 2574 2244 ζουσι,
2626 2183 2723 2234 καὶ
2771 2180 2941 2249 πολλῇ
2978 2180 3076 2248 μὲν
3116 2179 3411 2249 κέχρηνται
3455 2180 3520 2247 τῇ
3564 2180 3663 2246 τῆς
3702 2193 3988 2243 συγκαταο

2402 2273 2613 2335 ϐάσεως
2675 2271 2981 2341 οἰκονομίᾳ,
3019 2271 3408 2341 δαψιλεστέρας
3440 2287 3497 2322 τε
3552 2270 3595 2301 ³⁷
3643 2268 3986 2325 ἀπολαύουσι

2400 2364 2499 2431 τῆς
2549 2363 2644 2415 τοῦ
2680 2362 2998 2431 Πνεύματος
3027 2363 3269 2434 χάριτος·
3320 2365 3415 2415 καὶ
3456 2361 3680 2431 μείζονα
3708 2352 3780 2412 ὧν
3813 2360 3986 2421 αὐτῆς

2401 2454 2708 2523 πεποίηκεν
2757 2453 3083 2523 ἐργάζονται
3134 2453 3211 2524 τῷ
3250 2454 3412 2507 αὑτοῦ
3441 2454 3687 2523 ὀνόματι’
3727 2452 3815 2503 ἵνα
3847 2452 3987 2503 ἑκα-

2400 2546 2639 2616 τέρωθεν
2684 2546 2884 2608 αὐτοὺς
2931 2546 3105 2614 χαμαὶ
3155 2546 3440 2615 κειμένους
3476 2546 3846 2614 ἀναστήσωσι,
3883 2542 3987 2594 καὶ

2402 2639 2493 2689 τὸν
2523 2637 2649 2705 περὶ
2680 2638 2780 2708 τῆς
2825 2640 3181 2700 ἀναστάσεως
3235 2638 3633 2690 πιστώσωνται-
3660 2637 3837 2702 λόγον’
3886 2634 3986 2685 καὶ

2407 2729 2517 2797 γὰρ
2562 2727 2721 2780 τοῦτο
2778 2730 3013 2796 μάλιστά
3044 2731 3161 2780 ἐστι
3205 2729 3355 2780 τουτὶ
3404 2728 3464 2779 τὸ
3516 2727 3717 2796 βιϐλίον
3740 2726 3986 2779 ἀναστά-

2405 2838 2539 2882 σεως
2568 2820 2859 2884 ἀπόδειξις·
2888 2821 3078 2873 τούτου
3122 2821 3231 2888 γὰρ
3280 2819 3693 2883 πιστευθέντος,
3727 2817 3833 2885 ὁδῷ
3884 2818 3985 2868 καὶ

2403 2911 2471 2963 τὰ
2502 2912 2636 2964 ἄλλα
2666 2914 3015 2981 προῦεαινεν.
3057 2915 3118 2969 ἸΙ
3157 2918 3254 2985 μὲν
3283 2912 3377 2969 οὖν
3419 2915 3677 2977 ὑπόθεσις
3708 2914 3799 2966 καὶ
3825 2915 3851 2964 ὁ
3880 2911 3981 2964 τοῦ

2406 3005 2611 3072 βιϐλίου
2640 3006 2839 3066 σκοπὸς
2870 3008 3040 3068 ἆπας,
3083 3008 3157 3069 ὡς
3188 3010 3254 3061 ἄν
3286 3025 3370 3069 τις
3410 3005 3747 3075 παχυμερῶς
3782 3005 3983 3055 συλλα-

2403 3092 2513 3145 ϐὼν
2542 3095 2705 3155 εῐποι,
2756 3086 2913 3157 οὗτος
2967 3096 3014 3126 ³⁸
3059 3097 3299 3165 μάλιστά
3352 3101 3525 3148 ἐστιν’
3562 3094 3884 3163 ἀκούσωμεν
3922 3093 3984 3144 δὲ

2406 3186 2592 3238 λοιπὸν
2619 3186 2800 3238 αὐτῶν
2841 3186 2949 3240 τῶν
2993 3189 3320 3257 προοιμίων.

731 3272 849 3327 dem
888 3282 1049 3341 atque
1087 3273 1423 3344 propositum
1464 3275 1587 3328 libri
1626 3275 1961 3340 universum,
1991 3285 2049 3329 ut
2084 3277 2281 3346 aliquis
2304 3291 2361 3332 re
2396 3281 2643 3334 crassius
2704 3266 3102 3351 comprehensa
3162 3281 3383 3345 dixerit,
3456 3281 3561 3335 hoc
3629 3278 3980 3349 potiss’mium

726 3372 811 3422 est
852 3365 1185 3423 :audiamus
1222 3377 1402 3422 autem
1433 3368 1686 3435 deinceps
1714 3370 1830 3439 ipsa
1864 3370 2149 3439 principia.

1381 3479 1609 3535 CAPUT
1659 3481 1700 3533 Ι.

807 3589 967 3646 Vsus.
1013 3594 1063 3648 i.
1097 3592 1337 3646 Primum
1366 3592 1574 3660 quidem
1604 3593 1791 3645 librum
1822 3592 2041 3659 confeci,
2066 3607 2096 3643 o
2127 3591 2292 3644 Theo-

729 3680 892 3750 phila,
923 3682 986 3736 de
1006 3684 1265 3736 omnibus.

802 3774 1235 3831 Commonel‘acit
1262 3775 1621 3847 Theophilum
1648 3776 1943 3846 Evangelii,
1976 3785 2035 3831 ut
2052 3778 2294 3846 exquisi-

732 3876 841 3920 tam
880 3874 933 3920 et
959 3876 1267 3921 accuratam
1306 3883 1458 3921 suam
1484 3869 1815 3937 diligentiam
1878 3871 2145 3925 ostendat.
2171 3870 2297 3926 Ete-

730 3954 844 4007 nim
867 3955 921 4007 in
948 3956 1107 4011 initio
1127 3956 1272 4011 illius
1302 3958 1483 4025 operis
1514 3974 1528 4010 :
1562 3956 1749 4012 Visum
1779 3967 1880 4024 est,
1910 3959 2104 4028 inquit,
2128 3960 2293 4013 etiam

732 4049 886 4110 mihi,
919 4049 1011 4116 qui
1059 4051 1249 4102 omnia
1280 4066 1310 4102 a
1369 4051 1546 4119 capite
1594 4052 1880 4121 diligenter
1939 4054 2293 4124 investigavi,

732 4140 995 4209 deinceps
1030 4141 1125 4193 tibi
1154 4142 1394 4195 scribere
1424 4159 1438 4206 ;
1468 4157 1575 4195 non
1615 4141 1940 4211 simpliciter
1967 4153 2167 4207 autem,
2200 4145 2293 4199 sed

731 4233 1190 4301 quemadmodum
1235 4234 1586 4287 tradiderunt
1646 4236 1808 4290 nobis
1868 4238 1960 4305 qui
2014 4236 2085 4290 ab
2138 4236 2295 4290 initio

730 4334 1069 4391 spectatores
1088 4332 1142 4377 et
1181 4326 1414 4378 ministri
1449 4325 1605 4379 Verbi
1666 4329 1911 4385 fuerunt.
1964 4326 2293 4383 Mentionem

730 4411 900 4480 igitur
962 4411 1091 4464 facit
1132 4412 1278 4465 ill-ius
1324 4416 1721 4481 commentarii,
1775 4417 2134 4484 diligentiam.
2182 4432 2294 4486 qua

738 4515 869 4555 usus
901 4508 985 4553 est
1032 4501 1161 4565 illic,
1193 4502 1240 4555 ei
1279 4502 1530 4573 redigeus
1579 4505 1636 4557 in
1686 4509 2024 4561 memoriam.
2054 4508 2296 4576 vitigen-

734 4590 820 4643 tize
855 4599 1033 4645 autem
1060 4590 1214 4643 illum
1245 4594 1693 4661 conimonefaeit,
1717 4606 1780 4648 ut
1840 4598 1989 4650 illum
2022 4597 2217 4666 ipsam,
2240 4606 2295 4654 et

728 4699 874 4746 eam,
894 4697 999 4753 qua
1020 4700 1151 4739 usus
1168 4695 1260 4739 est
1286 4687 1340 4738 in
1370 4687 1469 4741 hoc
1485 4689 1624 4743 libro
1640 4700 1817 4745 mente
1841 4700 2003 4761 atque
2027 4698 2293 4749 memoria

730 4782 941 4833 tenens,
967 4772 1031 4825 ad
1063 4788 1125 4827 ea
1148 4789 1277 4842 qua:
1303 4777 1633 4838 scribuntur,
1663 4783 1895 4834 maxime
1928 4784 2168 4834 animum
2209 4793 2294 4835 at-

2988 3482 3246 3535 ΚΕΦΔΛ.
3286 3482 3366 3534 A'.

2478 3590 2591 3644 Τὸν
2620 3591 2739 3660 μὲν
2757 3593 2991 3660 πρῶτον
3023 3592 3209 3659 λόγον
3236 3591 3617 3661 ἐποιησάμην
3656 3592 3788 3658 περὶ
3828 3590 3979 3641 πάν-

2400 3700 2540 3751 των,
2560 3676 2611 3738 ὦ
2648 3685 2917 3751 Θεόφιλε.

2486 3775 2917 3844 ’Δναμιμνήσκει
2973 3777 3065 3829 τὸν
3119 3776 3377 3845 Θεόφιλον
3439 3774 3534 3827 τοῦ
3589 3773 3923 3840 Εὐαγγελίου
3957 3815 3973 3836 ,

2404 3864 2543 3916 ὥστε
2597 3864 2695 3933 τὴν
2750 3864 2959 3917 οἰκείαν
3016 3864 3304 3935 ἀκρίϐειαν
3326 3864 3699 3929 ἐνδείξασθαιο
3735 3862 3829 3915 καὶ
3860 3864 3977 3932 γὰρ

2401 3956 2700 4025 ἀρχόμενος
2717 3957 2761 3988 ⁸⁹
2786 3957 3002 4027 ἐκείνης
3026 3960 3124 4024 τῆς
3141 3956 3539 4026 πραγματείας.
3560 3956 3744 4023 φησίν·
3777 3954 3969 4018 Ἔδοξε

2404 4048 2576 4117 κάμοὶ
2658 4049 3174 4118 παρακολουθηκότι
3232 4049 3443 4103 ἀνωθεν
3511 4050 3678 4101 πᾶσιν
3728 4048 3975 4114 ἀκριϐῶς

2404 4139 2638 4209 καθεξῆς
2695 4156 2781 4192 σοι
2838 4140 3067 4209 γράψαι,
3116 4141 3215 4209 οὐχ
3268 4140 3457 4201 ἁπλῶς
3491 4139 3587 4204 δὲ,
3624 4140 3758 4193 ἀλλὰ
3783 4139 3976 4202 καθὼς

2402 4230 2711 4297 παρέδοσαν
2740 4230 2786 4262 ⁵⁸
2811 4232 2943 4298 ήμίν
2975 4232 3026 4283 oi
3064 4231 3330 4305 ἀπαρχῆς
3359 4230 3625 4283 αὐτόπται
3663 4232 3757 4282 κει)⁸
3818 4232 3970 4297 ὑπη-

2402 4322 2561 4390 ρέται
2579 4320 2857 4389 γενόμενοι
2881 4322 3192 4389 τοῦ.Λόγου.
3225 4324 3515 4391 Μέμνηται
3537 4321 3631 4375 οὖν
3663 4324 3766 4388 τῆς
3791 4340 3978 4392 πραγ-

2404 4411 2629 4477 ματείας
2650 4412 2994 4481 ἑκείνης,τῆς
3014 4415 3194 4467 ἐκεῖσε
3213 4415 3641 4483 ἀναμιμνήσκων
3664 4413 3974 4483 ἀκριϐείας·

2401 4501 2500 4569 τῆς
2517 4503 2800 4570 ἀκριϐείας
2819 4503 2875 4554 δὲ
2892 4506 3325 4573 ἀναμιμνήσκει,
3348 4506 3434 4558 ἴνα
3454 4507 3552 4576 τὴν
3577 4506 3746 4573 αὐτὴν
3766 4506 3978 4572 ταύτην

2404 4594 2497 4645 καὶ
2514 4594 2612 4663 τὴν
2639 4594 2733 4646 τοῦ
2758 4596 3022 4666 παρόντος
3044 4595 3247 4665 βιϐλίου
3270 4598 3513 4665 κατέχων
3535 4600 3651 4659 ταῖς
3674 4598 3964 4660 διανοίαις,

2404 4686 2652 4755 προσέχῃ
2688 4684 2731 4716 ⁴¹
2770 4685 3007 4753 μάλιστα
3066 4689 3179 4747 τοῖς
3242 4688 3643 4756 γραφομένοις·
3703 4690 3796 4740 Διὸ
3847 4690 3974 4741 οὐδὲ

2405 4775 2631 4844 ἐδεήθην
2676 4776 2719 4807 ⁸⁸
2772 4775 3010 4829 ἐνταῦθα
3065 4778 3257 4847 ἑτέρας
3304 4780 3635 4841 συστάσεως.
3675 4778 3733 4831 Ὀ
3773 4778 3817 4810 ⁸⁸
3859 4781 3975 4849 γάρ

731 4862 935 4915 tendat.
959 4862 1319 4927 Quamobrem
1343 4881 1415 4919 ne
1446 4880 1584 4933 opus
1607 4870 1826 4934 quidem
1855 4870 1941 4923 hic
1966 4873 2156 4926 habuit
2186 4875 2293 4925 alia

2404 4866 2547 4933 άπερ
2606 4867 2861 4934 ἡκουσεν.
2920 4868 3234 4932 ἀξιόπιστος
3292 4871 3583 4937 γενόμενος
3627 4870 3834 4938 γράψαι
3872 4847 3974 4922 καὶ

729 4952 1220 5007 commendatione.
1252 4954 1384 5007 Nam
1414 4958 1507 5023 qui
1523 4958 1757 5014 idoneus
1779 4974 1842 5014 ac
1860 4962 2043 5028 gravis
2065 4966 2300 5031 scriptor

735 5039 953 5092 habitus
994 5040 1087 5101 sit,
1126 5054 1189 5092 ac
1242 5040 1397 5094 fidem
1448 5041 1643 5097 fecerit
1682 5061 1868 5099 earnm
1923 5063 2125 5111 rerum,
2175 5067 2297 5118 qua:

733 5127 956 5188 audivit,
986 5127 1118 5180 huic
1142 5143 1234 5191 ea,
1260 5145 1379 5198 qua:
1413 5147 1520 5186 non
1561 5134 1628 5187 ab
1660 5135 1782 5189 aliis
1803 5138 2035 5205 accepit,
2057 5139 2155 5191 sed
2178 5140 2297 5207 ipse

734 5217 890 5281 vidit,
911 5219 1259 5286 componenti
1296 5227 1452 5290 longe
1488 5224 1657 5291 ttiajor
1674 5224 1813 5279 ﬁdes
1843 5226 2031 5279 haberi
2055 5226 2296 5281 debebit.

734 5306 946 5359 ideirco
984 5311 1243 5363 nondicit
1290 5328 1301 5363 :
1342 5311 1580 5365 Primum
1632 5316 1855 5381 quideni
1912 5317 2290 5384 Evangelium,

731 5399 877 5465 quod
910 5402 1206 5469 conscripsi
1237 5420 1251 5455 :
1286 5404 1404 5464 sed,
1440 5403 1681 5457 Primum
1708 5406 1924 5473 quidem
1964 5408 2163 5460 librum
2194 5426 2289 5461 seu

730 5491 1181 5545 commentarium
1218 5512 1230 5546 :
1262 5509 1369 5547 non
1414 5495 1566 5549 enim
1617 5507 1729 5549 erat
1754 5514 1943 5561 vanus,
1998 5507 2052 5550 et
2115 5498 2293 5551 inanis

2408 4956 2739 5020 πιστευθεὶς,
2778 4958 2956 5027 πολλῷ
2983 4959 3211 5028 μᾶλλον,
3250 4960 3287 5013 ἃ
3317 4960 3393 5030 μὴ
3417 4961 3548 5028 παρ’
3576 4962 3779 5030 ἑτέρων
3808 4962 3975 5029 ἡκου-

2400 5063 2515 5111 σεν,
2564 5048 2680 5100 ἀλλ’
2733 5050 2896 5110 αὐτὸς
2929 5048 3060 5113 εἶδε,
3093 5050 3267 5103 ταῦτα
3312 5051 3601 5113 συντιθεὶς,
3650 5052 3857 5114 δίκαιος
3900 5054 3973 5104 ἂν

2398 5139 2482 5205 είη
2515 5137 2893 5192 πιστεύεσθαι.
2921 5140 3024 5193 Διά
3048 5140 3206 5193 τοῦτο
3234 5142 3293 5195 οὺ
3325 5142 3495 5208 λέγει,
3516 5143 3588 5194 Τὸ
3621 5143 3719 5210 μὲν
3751 5144 3973 5211 πρῶτον

2399 5231 2754 5298 Εὑαγγέλιον,
2784 5232 2814 5284 ὃ
2852 5234 3319 5305 εὐηγγελισάμην,
3360 5236 3515 5297 ἀλλὰ,
3538 5236 3641 5287 Τὸν
3690 5236 3788 5305 μὲν
3820 5238 3975 5304 πρῶ-

2402 5340 2493 5375 τον
2539 5322 2716 5390 λόγον,
2754 5324 2841 5376 διὰ
2897 5326 2956 5377 τὸ
3009 5326 3212 5393 ἄτυφον
3246 5327 3408 5378 αὐτὸν
3451 5321 3593 5378 εἶναι
3619 5328 3711 5378 καὶ
3750 5327 3974 5396 μετριᾶο

2372 5432 2598 5483 κφρονα,
2655 5416 2749 5467 καὶ
2808 5415 3031 5482 μείζονα
3100 5415 3296 5469 ἑαυτοῦ
3353 5418 3596 5485 νομίζειν
3668 5412 3807 5467 εἶναι
3875 5417 3971 5468 τιιῦ

2404 5502 2742 5569 Εὖαγγελίου
2776 5503 2874 5572 τὴν
2905 5504 3298 5574 προσηγορίαν·
3331 5505 3510 5558 καίτοι
3531 5522 3592 5572 γε
3613 5508 3643 5557 ’ό
3668 5505 3969 5569 ἀπόστολος

1930 5661 2129 5726 Varia)
2155 5661 2463 5721 lectiones
2494 5668 2554 5721 et
2589 5668 2776 5721 notae.

807 5779 850 5809 ³⁸
894 5780 1126 5845 πρώτοις
1154 5792 1285 5832 erat.
1314 5782 1355 5811 ³⁷
1374 5799 1487 5848 pro,
1514 5784 1591 5845 τὲ,
1628 5785 1736 5851 (ego
1759 5785 1831 5835 δέ.
1895 5785 1937 5815 ³⁵
1965 5785 2156 5845 οὕτως,
2185 5795 2297 5835 era!

2402 5790 2406 5809 '
2446 5785 2915 5851 ἁργὸμενον,ρνίιι.
2981 5785 3025 5816 ⁵⁸
3056 5784 3396 5854 παρέδωσαν,
3426 5793 3560 5837 erat.
3615 5784 3655 5812 ⁸⁸
3687 5786 3964 5855 προσέχει,

739 5864 870 5906 erat.
946 5853 990 5882 δ’
1025 5850 1109 5903 lo’.
1145 5851 1355 5919 saetae.

1432 5855 1475 5884 "
1507 5853 1690 5916 ierat
1725 5870 1774 5905 ιη
1818 5855 2152 5923 apograplio;
2188 5856 2429 5907 existimo
2457 5856 2807 5921 scribendum,
2832 5856 2879 5907 ὁ.
