4156 6440
734 412 830 475 503

1606 414 2179 475 TllEOPIlYLACTl
2224 419 2634 479 BULGARl/E
2664 420 3013 480 ARCHIEP.

3878 420 3986 483 504

735 529 938 583 idcirco
965 528 1150 585 multis
1174 530 1225 583 in
1257 530 1392 585 locis
1425 532 1800 601 evangelistte,
1828 547 1891 585 ac
1917 548 2292 603 szepeumnero
2319 574 2331 596 λ

2430 536 2551 590 οὖτο
2572 537 2839 606 πολλαχοῦ
2876 539 2925 588 οἱ
2961 536 3348 603 εύαγγελισταὶ
3394 534 3489 588 καὶ
3514 534 3776 595 πολλάκις
3806 532 3874 599 δῆ
3886 550 3989 599 μον

735 634 873 674 to:as
906 631 1154 678 catervas
1181 636 1393 686 eorum,
1458 624 1550 691 qui
1587 624 1792 685 sanati,
1832 622 2074 688 luerunt,
2133 626 2301 679 silen-

740 716 814 766 tio
849 712 1291 780 praetermittunt,
1338 731 1399 769 ac
1429 716 1594 767 multa
1651 715 1919 769 miracula
1976 725 2301 771 transeunt:

737 807 1117 861 tantummodo
1150 806 1546 875 signiﬁcantes,
1597 807 1799 861 multos
1832 825 1859 860 a
1898 810 2063 863 rariis
2102 811 2305 865 morbis

740 900 1019 965 thcratos,
1069 909 1121 952 et
1151 899 1319 952 multa
1379 898 1518 951 facta
1555 914 1676 955 esse
1710 901 1996 963 miracula,
2032 910 2082 953 et
2112 902 2305 969 hujus-

738 990 906 1053 modi,
946 992 1315 1044 narrationem
1346 1000 1525 1045 autem
1561 1007 1670 1045 non
1717 1004 2017 1061 exponunt.
2063 992 2305 1047 Plttrium

737 1083 877 1135 enim
945 1083 1291 1152 particularis
1329 1085 1573 1137 narratio
1607 1084 1978 1138 crassiorihus
2027 1093 2081 1137 et
2120 1101 2309 1140 errore

738 1172 1155 1240 praeoccupatis,
1222 1172 1660 1225 incredulitatem
1692 1173 1873 1241 potius
1905 1185 2068 1240 atque
2094 1174 2307 1228 detrec-

740 1264 996 1317 tationem
1054 1274 1106 1317 et
1163 1266 1559 1319 aversationem
1624 1266 2077 1329 auscultationis,
2144 1282 2307 1335 quam

742 1356 899 1409 tidem
934 1365 985 1409 et
1018 1356 1356 1409 alacritatem
1387 1358 1449 1409 ad
1481 1356 1897 1411 auscultandum
1923 1357 2060 1412 solet
2092 1359 2312 1427 ingene-

741 1462 881 1500 1⁸31⁸0.

812 1540 943 1603 Qum
964 1538 1121 1592 Iesus
1156 1541 1313 1609 cwpit
1346 1551 1452 1592 tum
1492 1541 1684 1607 facere,
1703 1557 1863 1609 quam
1893 1540 2100 1596 docere.

812 1630 1071 1683 Miracula
1098 1640 1258 1699 atque
1290 1632 1595 1685 doctrinam
1649 1631 1820 1685 dicit:
1868 1647 1976 1684 non
2018 1632 2195 1686 solum
2216 1646 2314 1686 au-

742 1733 850 1775 tem
921 1726 1043 1787 hoc,
1100 1740 1288 1777 verum
1346 1725 1530 1785 ctiam,
1584 1723 1731 1793 quod
1776 1721 2029 1777 faciendo
2074 1724 2313 1779 doceret.

743 1812 858 1867 Non
911 1815 1053 1867 cnim
1084 1816 1265 1868 verbis
1313 1814 1529 1882 quidem
1566 1814 1881 1869 hominibus
1919 1815 2231 1877 mandabat,
2258 1825 2316 1868 ut

746 1906 1006 1967 tacerent,
1045 1906 1161 1972 ipse
1189 1918 1313 1957 vero
1348 1918 1455 1956 non
1492 1904 1752 1967 faciebat,
1810 1904 1901 1959 scd
1935 1920 2029 1972 per
2048 1918 2135 1965 ea,
2193 1919 2316 1973 quae

744 1998 859 2062 ipse
894 1994 1145 2059 faciebat,
1183 1994 1345 2047 etiam
1381 1994 1633 2048 homines
1661 1995 2009 2059 admonebat,
2039 2005 2098 2048 ut
2122 1996 2187 2045 ad
2231 1996 2314 2049 sui

748 2087 1111 2139 imitationem
1147 2095 1197 2139 et
1227 2087 1468 2139 studium
1512 2088 1736 2140 virtutis
1766 2102 1889 2141 sese
1935 2086 2314 2141 transferrent.

747 2177 1042 2231 Sciendum
1072 2188 1155 2233 cst
1190 2187 1372 2231 autem
1400 2177 1760 2248 Theophilum
1806 2195 1972 2232 unum
2032 2178 2203 2234 fuisse
2253 2179 2320 2233 de

748 2284 977 2321 numero
1037 2270 1271 2338 piorum,
1333 2270 1421 2335 qui
1472 2270 1541 2323 ah
1576 2270 1695 2339 ipso
1745 2269 1890 2323 Luca
1943 2270 2009 2323 ad
2064 2271 2320 2339 pietatem

746 2369 904 2413 erant
930 2361 1185 2415 instituti.
1231 2362 1306 2414 Ac
1343 2378 1411 2416 ne
1468 2363 1705 2427 mireris,
1770 2363 1814 2415 si
1870 2362 2035 2415 unius
2086 2363 2322 2415 hominis

748 2452 923 2519 gratia
958 2452 1092 2505 adeo
1117 2453 1392 2508 sollicitus
1425 2453 1548 2519 fuit,
1581 2468 1815 2521 eumque
1846 2455 1979 2506 tanti
2003 2454 2060 2523 6
2088 2452 2236 2518 fecit,
2264 2462 2324 2505 ut

748 2541 988 2612 integros
1039 2543 1207 2599 libros
1248 2551 1409 2613 atque
1438 2551 1701 2598 tractatus
1742 2545 2027 2599 scriberet.
2059 2542 2327 2598 Servahat

753 2635 899 2687 enim
938 2633 1281 2689 Dmninicam
1316 2651 1527 2700 vocem,
1562 2652 1683 2705 qua‘
1716 2636 1846 2689 dicit
1883 2655 1897 2691 :
1935 2635 2050 2690 Non
2084 2645 2170 2691 est
2230 2652 2326 2690 ro-

756 2727 942 2780 luntas
1000 2727 1182 2781 Patris
1232 2728 1359 2793 mei,
1424 2736 1480 2781 nt
1513 2737 1699 2798 pereat
1744 2745 1885 2784 unus
1911 2730 1979 2784 de
2013 2730 2196 2798 parvis
2216 2729 2322 2783 his.

756 2819 860 2873 Sed
898 2835 997 2872 cur
1030 2820 1124 2873 uni
1183 2834 1306 2872 cum
1358 2820 1620 2875 scriberet
1648 2820 1972 2891 TheOphilo,
1999 2838 2105 2875 non
2158 2838 2325 2875 unum

754 2912 956 2963 librum
990 2909 1137 2973 fecit,
1172 2910 1268 2964 sed
1300 2910 1353 2964 in
1376 2909 1516 2965 duas
1538 2920 1725 2980 partes
1745 2912 1935 2969 divisit
1955 2922 2271 2982 argumenta
2306 2913 2329 2965 ?

758 3001 991 3071 Propter
1018 3001 1495 3071 perspicuitatem,
1520 3010 1574 3055 et
1603 3010 1662 3055 ut
1692 3004 1943 3059 reﬁceret
2001 3004 2326 3067 auditorem,

760 3107 924 3163 atque
949 3095 1115 3147 etiam
1140 3101 1463 3162 argumento
1498 3094 1658 3148 divisi
1701 3101 1968 3149 tractatus
1998 3104 2178 3161 erant,
2228 3095 2329 3147 ita-

2406 630 2527 683 ὅλον
2556 630 2813 683 ίαθέντων
2839 630 3271 699 παρατρέχουσι,
3297 630 3393 681 καὶ
3423 628 3596 683 πολλα
3624 628 3730 681 τῶν
3758 628 3985 694 θαυμα-

2405 720 2805 789 τουργημάτων
2836 718 3245 784 ὑπερϐαίνουσι,
3275 721 3435 788 μόνον
3464 716 3989 787 ἐπισρμαινόμενοι,

2406 813 2486 864 ὅτι
2528 812 2709 864 πολλοὶ
2745 813 2808 864 ἐκ
2862 811 3120 863 ποικίλων
3172 809 3367 862 παθῶν
3408 810 3844 879 ἀπηλλάγησαν⁹
3891 810 3992 860 καὶ

2409 903 2578 955 πολλὰ
2612 902 2859 969 ἐγένοντο
2886 900 3159 969 θαύματα,
3199 900 3295 953 καὶ
3318 900 3561 953 τοιαῦτα·
3579 900 3676 969 τὴν
3697 900 3752 951 δὲ
3775 898 3991 967 ἐξήγη-

2410 1012 2495 1048 σιν
2523 995 2582 1046 οὗ
2614 994 2912 1045 ποιοῦνται.
2956 992 3079 1043 Τῶν
3120 993 3229 1059 γὰρ
3264 992 3529 1044 πλειόνων
3560 994 3593 1061 ἡ
3634 992 3775 1043 κατὰ
3812 991 3989 1059 μέρος

2410 1090 2661 1156 διήγησις
2683 1089 2795 1147 τοῖς
2832 1085 3032 1154 παχυτέ
3044 1102 3154 1155 ροις
3180 1086 3275 1138 καὶ
3296 1088 3362 1154 τῇ
3396 1085 3572 1154 πλάνῃ
3601 1100 3993 1155 προκατεσχηο

2414 1180 2615 1248 μένοις,
2672 1179 2929 1230 ἀπιστίαν
2972 1176 3170 1245 μᾶλλον
3198 1179 3290 1230 καὶ
3326 1177 3485 1230 δκνον
3511 1176 3611 1245 τῆς
3644 1177 3993 1246 ἀκροάσεως,

2411 1274 2445 1342 ἢ
2480 1273 2663 1324 πίστιν
2708 1273 2804 1324 καὶ
2849 1271 3161 1342 προθυμίαν
3190 1272 3268 1335 είς
3314 1270 3415 1341 τὴν
3438 1270 3705 1341 ἀκρόασιν
3735 1268 3999 1337 ἐμποιεῖν

2413 1364 2620 1417 εἴωθεν.

2486 1540 2598 1597 Ὧν
2621 1543 2846 1611 ἤρξατο
2877 1547 2909 1596 ὀ
2946 1542 3176 1608 Ἰησοῦς
3202 1539 3396 1593 ποιεῖν
3419 1556 3485 1592 τε
3519 1538 3619 1590 καὶ
3652 1534 3997 1589 διδάσκειν.

2486 1634 2569 1685 Ti
2598 1632 2851 1702 θαύματα
2883 1632 2975 1684 καὶ
3000 1633 3098 1693 τὰς
3132 1629 3480 1691 διδασκαλίας
3504 1628 3670 1697 φησίν
3700 1643 3714 1657 ⁸
3739 1627 3801 1678 οὗ
3827 1626 3999 1677 τοῦτο

2415 1726 2473 1778 δὲ
2522 1725 2683 1795 μόνον
2709 1766 2723 1787 ,
2759 1724 2872 1776 ἀλλ’
2908 1725 2988 1776 ὅτι
3020 1723 3115 1775 καὶ
3159 1724 3218 1774 ἐν
3243 1720 3321 1791 τῷ
3373 1721 3547 1772 ποιεῖν
3575 1714 3893 1771 ἐδίδασκέν·
3929 1718 3999 1767 οὐ

2420 1818 2528 1885 γὰρ
2581 1815 2725 1885 λόγῳ
2771 1814 2870 1884 μὲν
2923 1815 3194 1883 ἐπέτρεπε
3241 1816 3353 1875 τοῖς
3407 1812 3587 1873 ἄλλοις
3613 1811 3659 1841 ⁸⁸
3704 1809 4002 1878 πράττειν,

2422 1908 2585 1971 αὐτὸς
2611 1907 2668 1960 δὲ
2698 1907 2797 1959 οὐκ
2830 1906 3102 1973 ἔπραττεν
3125 1945 3140 1968 ,
3171 1904 3309 1957 ἀλλὰ
3332 1903 3401 1956 δι’
3426 1897 3502 1955 ῶν
3526 1902 3687 1963 αὐτὸς
3730 1899 4005 1968 ἔπραττε,

2420 2002 2507 2053 διὰ
2542 2000 2745 2053 τούτων
2767 1998 2996 2068 παρῄνει
3027 1999 3120 2050 καὶ
3148 1999 3273 2059 τοὺς
3303 1994 3622 2064 ἀνθρώπους
3652 1994 3731 2055 είς
3762 1992 4008 2061 μίμησιν

2422 2092 2615 2145 ἑαυτοῦ
2648 2092 2740 2144 καὶ
2764 2092 2967 2161 ἀρετῆς
2989 2089 3311 2159 ἐπιμέλειαν
3347 2086 3753 2157 μετατίθεσθαι.
3795 2085 4005 2137 Ἰστέον

2421 2184 2478 2236 δὲ
2513 2183 2595 2235 ὅτι
2632 2181 2935 2250 ὀΘεόφιλος
2998 2177 3075 2244 εἷς
3130 2177 3200 2251 ἦν
3234 2162 3341 2231 Ιζῶν
3395 2177 3655 2239 εὐσεϐῶν,
3690 2176 3799 2229 τῶν
3823 2194 4009 2245 κατη-

2423 2273 2697 2343 χηθέντων
2713 2272 2804 2324 ὑπ’
2822 2271 2989 2323 αὑτοῦ
3018 2272 3115 2340 τὴν
3136 2269 3439 2323 εὐσέϐειαν.
3472 2268 3578 2319 Καὶ
3600 2266 3673 2336 μὴ
3702 2266 4010 2334 θαυμασῃς

2424 2370 2472 2418 εί
2498 2367 2685 2419 ἕνεκεν
2713 2365 2903 2433 ἀνδρὸς
2925 2364 3040 2426 ἐνὸς
3062 2362 3331 2431 τοσαύτην
3354 2362 3609 2432 φροντίδα
3636 2360 4007 2419 κατεϐάλετο,

2423 2458 2497 2521 ὼς
2527 2458 2619 2511 δύο
2650 2457 2795 2525 αὖτῷ
2825 2456 3034 2525 γραψιι
3082 2455 3464 2522 πραγματείας
3510 2453 3864 2521 ὁλοκλήρους’
3910 2453 4015 2503 καὶ

2427 2552 2536 2618 γὰρ
2564 2548 2738 2618 φύλαξ
2758 2544 2827 2618 ἦν
2854 2549 2954 2614 τῆς
2979 2548 3312 2616 Δεσποτικῆς
3334 2545 3537 2613 φωνῆς,
3565 2544 3665 2611 τῆς
3694 2542 3961 2610 λεγούσης
3997 2561 4012 2573 ·

2430 2643 2547 2694 Οὐκ
2588 2641 2702 2693 ἐστι
2736 2640 2949 2707 θέλημα
2977 2636 3071 2690 τοῦ
3096 2639 3307 2707 Πατρός
3343 2654 3465 2705 μου,
3498 2637 3585 2688 in
3612 2635 3886 2702 ἀπὸληται
3924 2629 4017 2694 εἷς

2426 2734 2534 2785 τῶν
2571 2732 2781 2803 μικρῶν
2806 2732 3029 2784 τούτων.
3060 2731 3217 2792 Τίνος
3240 2730 3296 2781 δὲ
3319 2729 3505 2781 ἐνεκεν
3557 2730 3637 2781 ἐνὶ
3659 2729 3889 2797 γράφων
3920 2727 4008 2799 τῷ

2427 2826 2692 2895 Θεοφίλῳ,
2749 2825 2847 2893 οὐχ
2886 2824 2943 2875 ἒν
2997 2823 3199 2894 βιϐλίον
3258 2823 3556 2892 ἐποίησεν,
3606 2820 3725 2875 ἀλλ’
3773 2822 3854 2882 εἰς
3914 2820 4022 2873 δύ)

2429 2916 2591 2969 διεῖλε
2621 2916 2717 2977 τὰς
2749 2916 3053 2979 ὐποθέσεις;
3072 2914 3381 2984 Σαφηνείας
3405 2913 3615 2973 ἕνεκεν,
3643 2914 3738 2964 καὶ
3766 2911 3859 2963 τοῦ
3890 2912 4020 2963 δια-

2428 3005 2703 3060 ναπαῦσαι
2732 3006 2825 3058 τὸν
2854 3005 3165 3076 ἀκροατήνο
3210 3006 3289 3056 ἐτι
3326 3005 3421 3055 καὶ
3454 3003 3711 3056 ὑποθέσει
3743 3003 4023 3072 διῃρημέο

2430 3115 2519 3150 ναι
2547 3092 2688 3167 ἦσαν
2712 3099 2767 3149 αί
2797 3097 3196 3166 πραγματεῖαιν
3229 3095 3324 3146 καὶ
3354 3094 3582 3157 είκότως
3608 3094 3703 3146 καὶ
3727 3094 3891 3155 aint;
3930 3094 4019 3154 εἰς

757 3200 865 3253 que
894 3192 1045 3239 recte
1072 3185 1188 3249 ipse
1217 3200 1437 3254 quoque
1478 3185 1595 3239 haec
1657 3199 1824 3255 opera
1856 3187 1909 3239 in
1966 3187 2103 3241 duas
2148 3195 2329 3257 partes

2433 3188 2526 3242 δύο
2555 3186 2715 3241 διεῖλε
2738 3186 2945 3249 ταύτας
2978 3186 3077 3248 τὰς
3106 3184 3507 3255 πραγματείας.

756 3278 961 3332 divisit.

839 3366 1022 3429 νείκεε
1058 3367 1115 3419 2.
1161 3366 1331 3436 Usque
1386 3369 1454 3419 ad
1518 3384 1634 3420 eum
1671 3368 1833 3433 diem,
1866 3386 1967 3437 quo
1993 3379 2334 3439 posteaquam

760 3458 1016 3512 mandata
1037 3459 1177 3512 dedit
1210 3461 1464 3527 apostolis
1505 3475 1597 3527 per
1627 3460 1892 3528 Spiritum
1919 3471 2179 3526 sanctum,
2206 3478 2334 3530 quos

758 3552 1005 3620 elegerat,
1042 3560 1342 3618 assumptus
1366 3560 1415 3605 et
1458 3552 1730 3604 subvectus
1764 3562 1863 3606 est.

835 3642 1194 3712 Posteaquam
1268 3660 1361 3713 per
1432 3644 1697 3713 Spiritum
1759 3652 2007 3698 sanctum
2081 3645 2335 3699 mandata

762 3734 951 3789 dedit:
1007 3735 1057 3788 id
1120 3746 1223 3799 est,
1288 3746 1639 3804 posteaquam
1694 3734 1909 3788 locutus
1970 3744 2055 3789 est
2097 3735 2165 3788 ad
2235 3750 2337 3790 eos

763 3826 1069 3895 spiritualia
1124 3828 1309 3880 verba.
1369 3826 1513 3881 Nihil
1595 3828 1699 3879 hoc
1731 3827 1803 3880 sit
1836 3828 2159 3892 humanum,
2192 3829 2336 3896 quod

764 3935 864 3988 per
894 3918 1162 3986 Spiritum
1194 3919 1275 3973 eis
1306 3919 1588 3972 mandavit
1626 3936 1641 3977 ;
1673 3918 2133 3985 quemadmodum
2168 3920 2335 3972 etiam

764 4014 882 4080 ipse
912 4012 1179 4068 Dominus
1217 4013 1480 4067 humilius
1506 4024 1557 4067 et
1580 4015 1646 4067 ad
1680 4015 2097 4082 dispositionem
2152 4023 2205 4069 et
2242 4014 2339 4067 ad-

768 4105 1236 4160 ministrationem
1289 4106 1755 4160 accommodatius
1811 4108 2039 4175 loquens
2092 4107 2336 4162 dicebat:

767 4198 863 4252 Sin
897 4206 1078 4252 autem
1106 4212 1202 4266 per
1235 4197 1497 4266 Spiritum
1532 4196 1626 4250 Dei
1681 4212 1780 4266 ego
1828 4197 2093 4251 daemonia
2156 4198 2336 4267 ejicio.

763 4290 872 4341 Aut
903 4304 915 4339 :
943 4286 1042 4341 Per
1101 4287 1362 4357 Spiritum
1414 4289 1503 4341 ubi
1534 4290 1792 4343 mandata
1832 4289 2004 4351 dedit,
2032 4288 2184 4352 dicit,
2230 4304 2337 4343 non

764 4378 907 4447 quod
938 4378 1107 4435 Filius
1136 4380 1341 4449 Spiritu
1367 4380 1658 4450 indiguertt
1681 4399 1695 4434 :
1720 4382 1813 4435 sed
1858 4381 2004 4449 quod
2038 4381 2129 4433 ubi
2162 4379 2337 4450 (quid)

768 4472 942 4527 Filius
1002 4473 1224 4526 coniicit
1290 4482 1343 4527 et
1366 4474 1712 4543 exsequitur,
1739 4472 1852 4527 illic
1876 4474 2040 4527 etiam
2076 4471 2340 4543 Spiritus,

2513 3370 2674 3436 Ἄχρι
2708 3361 2784 3435 ἧς
2827 3364 3052 3433 ἡμέρας
3103 3364 3523 3432 ἐντειλάμενος
3575 3360 3699 3421 τοῖς
3749 3360 4026 3412 ἀπε-στό-

2437 3463 2569 3524 λοις
2598 3455 2696 3510 διὰ
2723 3455 3067 3525 Ηνεύματος
3098 3455 3294 3524 ἁγίου,
3326 3453 3433 3519 οὓς
3457 3449 3801 3517 ἐξελέξατο,
3870 3450 4023 3503 ἀνευ

2438 3549 2664 3619 λήφθη.

2509 3640 2607 3693 Διὰ
2639 3639 2951 3710 Πνεύματος
2968 3636 3626 3706 ἐντιιλάμενος,τουτέστι
3639 3637 4028 3703 ,πνευματικὰ

2441 3730 2577 3799 πρὸς
2639 3729 2835 3790 αὐτοὺς
2894 3727 3066 3780 εἰπὼν
3100 3728 3354 3797 ῥήματαο
3402 3726 3555 3778 οὐδὲν
3601 3725 3949 3794 ἀνθρώπινον

2439 3819 2618 3883 τοῦτο,
2651 3820 2733 3871 ὅτι
2756 3820 2815 3871 ἐν
2852 3817 3132 3887 Πνεύματι
3160 3817 3347 3878 αὐτοῖς
3372 3815 3415 3847 ⁸⁷
3446 3816 3770 3878 ἐνετείλατο,
3830 3814 4031 3877 καθὼς

2442 3912 2535 3964 καὶ
2554 3910 2716 3973 αὐτὸς
2735 3911 2765 3962 δ
2800 3909 3083 3978 Δεσπότης
3102 3907 3496 3977 ταπεινότερον
3524 3908 3617 3958 καὶ
3661 3906 4035 3972 οἰκονομικώ-

2440 4020 2600 4074 τερον
2650 4002 2875 4070 φάσκων
2930 4000 3132 4067 ἐλεγεψ
3167 3998 3227 4050 Εἰ
3251 3999 3309 4050 δὲ
3340 4000 3397 4049 ἐν
3433 3997 3711 4065 Πνεύματι
3742 3995 3881 4047 Θεοῦ
3911 3997 4033 4060 ἐγὼ

2442 4091 2758 4147 homo“
2787 4090 2857 4142 τὰ
2888 4090 3179 4158 δαιμόνιαι
3216 4088 3273 4157 ἢ,
3308 4087 3414 4139 Διὰ
3447 4087 3784 4154 Πνεύματος,
3829 4088 4032 4154 φησὶν.

2444 4183 2842 4253 ἐντειλάμενος,
2868 4182 2965 4251 οὐχ
2988 4181 3070 4233 ὅτι
3098 4181 3127 4232 ὁ
3157 4179 3286 4239 Υἱὸς
3313 4177 3507 4247 ἐδεήθη
3539 4177 3632 4229 τοῦ
3674 4176 4028 4244 Πνεύματος,

2444 4276 2559 4327 ἀλλ’
2610 4276 2694 4328 ὅτι
2732 4273 2860 4326 ἔνθα
2882 4272 2950 4325 ἂν
2984 4274 3013 4324 ὁ
3038 4272 3169 4332 Υἱὸς
3225 4269 3645 4337 διαπράττηται,
3687 4270 3805 4321 ἐκεῖ
3838 4269 4033 4322 καὶτὸ

2446 4367 2693 4436 Πνεῦμα,
2738 4365 2815 4428 ῶς
2840 4364 3095 4435 ὁμοφυές,
3142 4363 3235 4415 καὶ
3268 4363 3483 4431 ἐνεργεῖ
3514 4363 3609 4413 καὶ
3647 4362 4027 4430 συμπάρεστι.

2447 4463 2512 4513 Τί
2541 4460 2596 4513 δὲ.
2622 4460 2922 4514 ἐνετείλατο
2955 4475 2970 4522 ;
3004 4456 3370 4525 Πορευθέντες
3424 4453 3801 4523 μαθητεύσατε
3834 4455 4027 4507 πάντα

768 4573 955 4630 utpote
985 4564 1233 4632 ejusdem
1268 4580 1392 4619 eum
1413 4580 1480 4620 eo
1511 4574 1721 4618 naturae
1759 4572 1923 4634 atque
1974 4566 2328 4628 conditionis,

2443 4552 2512 4604 τα
2544 4552 2713 4619 ἔθνη,
2756 4548 3107 4620 βαπτίζοντες
3142 4547 3340 4606 αὐτοὺς
3362 4548 3441 4608 είς
3469 4545 3528 4597 τὸ
3558 4545 3731 4612 ὄνομα
3761 4545 3854 4597 τοῦ
3908 4546 4033 4598 Πα-

767 4665 819 4707 ct
889 4656 944 4709 in
1010 4671 1177 4725 opere
1233 4667 1507 4723 versatur,
1580 4663 1635 4711 et
1702 4671 1809 4710 una
1841 4657 2015 4711 adest.
2059 4657 2164 4712 Sed
2210 4657 2339 4727 quid

771 4748 1095 4802 mandavit?
1156 4749 1253 4814 Ite,
1320 4748 1511 4803 docete
1565 4763 1761 4803 omnes
1822 4749 2096 4812 nationes,
2137 4764 2343 4818 eosque

779 4843 1053 4911 haptizate
1087 4843 1141 4895 in
1174 4843 1399 4897 nomine
1460 4841 1664 4903 Patris,
1708 4850 1762 4895 et
1812 4841 1957 4903 Filii,
1990 4850 2045 4895 et
2102 4840 2344 4910 Spiritus

775 4933 946 4985 mrcti
984 4951 996 4985 :
1032 4947 1095 4985 ac
1126 4933 1316 4987 docete
1342 4947 1439 4987 eos
1470 4947 1685 4987 servare
1714 4946 2057 5001 quacunque
2090 4932 2345 4986 mandavi

772 5021 948 5076 vobis.
986 5023 1343 5093 Posteaquam
1374 5024 1632 5079 mandata
1657 5024 1827 5088 dedit,
1864 5025 2059 5093 inquit,
2092 5026 2143 5077 in
2172 5026 2345 5079 subli-

775 5131 860 5168 me
888 5126 1150 5185 exceptus
1177 5128 1227 5170 ct
1261 5118 1561 5172 subvectus
1575 5130 1679 5172 est.
1706 5116 1823 5171 Non
1846 5118 2007 5180 dixit,
2032 5118 2298 5171 Ascendit
2323 5134 2337 5182 ;

780 5204 873 5259 sed
913 5207 1092 5260 adhuc
1127 5217 1383 5277 tanquam
1418 5209 1484 5261 de
1507 5209 1727 5262 homine
1758 5209 2021 5278 loquitur.
2058 5208 2197 5262 Hinc
2246 5223 2348 5261 att-

778 5310 886 5351 tetn
924 5299 1303 5368 intelligimus,
1340 5300 1488 5370 quod
1514 5302 1676 5354 etiam
1705 5310 1830 5369 post
1862 5302 2343 5363 resurrectionem,

780 5388 1015 5442 docebat
1040 5391 1366 5459 discipulos.
1407 5391 1511 5445 Sed
1538 5400 1758 5460 tempus
1790 5392 1893 5444 hoc
1918 5406 2079 5443 nemo
2113 5392 2270 5460 plene
2292 5402 2346 5443 et

2440 4642 2590 4711 τρδς,
2630 4640 2725 4693 καὶ
2756 4638 2847 4691 τοῦ
2883 4638 3031 4699 Υἰοῡ,
3074 4638 3168 4688 καὶ
3235 4637 3329 4688 τοῦ
3362 4636 3518 4701 ἁγίου
3551 4635 3889 4704 Πνεύματος,
3939 4638 4033 4688 δι-

2444 4734 2738 4793 δάσκοντες
2766 4729 2964 4791 αὐτοὺς
3029 4730 3216 4797 τηρεῖν
3264 4728 3465 4788 πάντα,
3525 4728 3626 4778 ὅσα
3671 4727 4037 4795 ἐνετειλάμην

2448 4824 2589 4892 ὑμῖν.
2656 4820 3084 4889 Ἐντειλάμενος,
3133 4818 3319 4887 φησὶν,
3368 4818 3667 4885 ἀνελήφθη·
3691 4820 3792 4869 οὐκ
3846 4814 4036 4879 εἶπεν,

2460 4912 2681 4982 ’Λνέϐη·
2712 4912 2828 4965 ἀλλ’
2851 4912 2929 4963 ἔτι
2955 4910 3031 4972 ὡς
3053 4911 3181 4978 περὶ
3214 4909 3501 4977 ἀνθρώπου
3535 4909 3864 4975 διαλέγεται.
3907 4910 4036 4961 Ἐν-

2445 5003 2637 5056 τεῦθεν
2661 5004 2718 5055 δέ
2748 5002 3089 5072 μανθάνομεν
3121 5001 3205 5053 ὅτι
3246 5003 3341 5053 καὶ
3396 5002 3535 5069 μετὰ
3575 5000 3674 5069 τὴν
3726 5001 4039 5053 ἀνάστασιν

2449 5096 2695 5149 ἐδίδασκε
2736 5097 2855 5156 τοὺς
2876 5092 3143 5162 μαθητάς,
3162 5092 3296 5143 ἀλλὰ
3320 5090 3409 5143 τὸν
3433 5092 3620 5160 χρόνον
3642 5090 3829 5143 τοῦτον
3852 5092 4038 5155 οὐδεὶς

2451 5181 2573 5237 εἷπε
2611 5185 2750 5255 μετὰ
2781 5183 3092 5252 ἀκριϐείαςο
3149 5181 3265 5233 ἀλλ’
3316 5180 3619 5248 ἐγχρονίζει
3673 5180 3772 5247 μὲν
3818 5181 3970 5248 αὐτῷ
4007 5185 4039 5235 o'

2462 5277 2717 5345 Ἰωάννης
2761 5275 2871 5327 τῶν
2923 5274 3098 5329 ἄλλων
3141 5275 3359 5326 πάντων
3376 5274 3418 5303 ⁸³
3450 5290 3463 5302 ·
3535 5273 3711 5325 πάντα
3756 5273 3813 5324 δὲ
3840 5275 4039 5340 σαφῶς

2448 5368 2621 5429 οὐδεὶς
2638 5367 2965 5436 ἀπήγγειλε·
2998 5366 3134 5435 πρὸς
3159 5368 3268 5433 γὰρ
3296 5365 3482 5433 ἕτερον
3514 5364 3821 5431 ἠπείγοντο.

778 5490 965 5534 exacte
1025 5483 1340 5551 descripsit;
1407 5486 1503 5538 sed
1587 5483 1825 5539 Joannes
1881 5486 2099 5553 quidem
2156 5487 2328 5554 magis
2368 5500 2532 5553 quam
2582 5486 2765 5539 catteti
2806 5499 2995 5539 omnes
3027 5484 3352 5537 immoratur
3417 5483 3471 5535 in
3500 5496 3602 5536 co:
3650 5481 3835 5535 omnia
3927 5500 4038 5541 au-

780 5585 885 5631 tem
927 5593 1087 5631 nemo
1119 5580 1276 5632 olaue
1301 5581 1556 5649 exposuit
1592 5598 1605 5632 :
1650 5583 1717 5635 ad
1758 5582 1906 5635 aliud
1938 5583 2081 5636 enim
2123 5582 2471 5637 festinabant.

1971 5739 2170 5800 Variae
2204 5739 2509 5800 lectiones
2536 5745 2598 5800 et
2640 5746 2828 5800 notae.

857 5864 898 5887 "'
932 5862 1012 5913 ϊσ.
1040 5861 1363 5934 ἀνθρώποις.
1440 5862 1484 5896 ⁸⁷
1511 5864 1730 5927 αὐτοὺς,
1752 5876 1883 5918 erat.
1960 5866 2000 5896 δε
2036 5865 2270 5922 inﬁdam.
2304 5875 2437 5917 erat.

2538 5864 2579 5896 "9
2618 5865 2702 5916 ἵσ.
2740 5863 2919 5915 πλέον.
