4156 6440
698 377 799 441 5οἹ

1615 366 2192 427 TllEOPIlYLACTl
2222 364 2636 425 BULGARLE
2662 362 3012 422 ARCIIIEP.

3835 354 3953 415 508

700 488 862 543 medit
888 494 940 538 ct
970 482 1124 545 bibit,
1171 480 1271 535 sed
1332 481 1673 535 solummodo
1703 481 2055 535 ut.universts
2104 480 2262 532 ﬁdem

2386 479 2530 546 ρύτιν
2546 478 2640 529 τοῦ
2663 476 2911 546 σώματος
2936 476 3018 528 ὅτι
3039 472 3133 527 καὶ
3155 470 3423 525 πέπονθεν
3446 468 3606 532 ἑκὼν,
3626 468 3717 520 xz‘t
3738 468 3828 520 ἁνέ
3842 486 3946 535 ςτη

700 581 903 634 faceret
924 589 1061 628 verse
1095 573 1344 641 corporis
1394 579 1622 628 naturze.
1693 572 1837 637 quod
1908 580 1960 625 et
2000 571 2267 639 supplicio

702 672 889 723 volens
950 665 1173 716 alTectus
1220 676 1366 716 esset
1421 674 1473 717 et
1537 662 1796 717 divinitus
1860 663 2266 716 resnrn-xisset.

706 757 860 811 Ilttne
917 754 1079 821 igitur
1158 768 1353 804 novum
1442 754 1622 807 cibum
1680 761 1732 803 et
1792 762 1979 821 potum
2035 753 2268 816 vocatit,

704 850 904 918 quibus
937 865 1044 903 una
1101 863 1223 900 eum
1269 845 1553 912 discipulis
1613 851 1735 912 post
1795 843 2270 907 resurrectionem,

703 955 810 991 nott
845 938 1301 1007 quemadmodum
1361 938 1514 1004 prius
1559 945 1942 996 consueverat,
1977 950 2114 988 usus
2165 942 2270 989 est.

703 1028 914 1083 Etenim
996 1031 1050 1084 in
1133 1029 1491 1099 quadraginta
1574 1030 1805 1091 diebus,
1859 1030 2074 1098 inquit,
2152 1048 2275 1082 συνι-

701 1118 939 1199 nucem,
973 1117 1023 1171 id
1054 1126 1158 1181 est,
1198 1132 1304 1169 una
1344 1132 1467 1171 cum
1508 1118 1588 1170 eis
1620 1117 1961 1199 vescebatur,
2023 1118 2275 1173 videlicet

704 1187 983 1262 communi
1011 1217 1167 1266 utens
1196 1210 1307 1263 sale
1336 1219 1390 1262 et
1426 1223 1634 1262 mensa.
1684 1208 1789 1262 Sed
1847 1187 2141 1276 quomodo,
2178 1224 2277 1263 no-

706 1310 878 1352 strum
915 1315 1020 1353 non
1045 1308 1131 1353 est
1159 1300 1363 1353 dicere.
1432 1298 1554 1351 Ilzec
1573 1300 1718 1351 enim
1765 1316 1869 1352 non
1903 1300 2066 1353 solito
2099 1315 2273 1365 more,

706 1392 801 1446 sed
851 1392 1025 1460 magis
1070 1392 1378 1445 admirabili
1406 1391 1566 1444 modo
1591 1390 1909 1445 acciderunt
1942 1407 1957 1443 :
1996 1407 2102 1445 non
2132 1393 2275 1461 quod

705 1491 901 1536 natura
939 1482 1196 1552 deinceps
1222 1484 1361 1538 cibis
1390 1484 1673 1550 indigeret,
1731 1484 1825 1536 sed
1873 1484 2018 1553 quod
2069 1487 2275 1540 conde.

707 1576 922 1629 scensio
955 1585 1115 1643 atque
1141 1575 1571 1629 accommodatio
1596 1576 1746 1627 lieret
1794 1575 1859 1627 ad
1891 1575 2273 1630 demonstran-

708 1665 833 1716 dam
865 1664 1339 1721 resurrectionem.
1366 1664 1429 1717 Et
1455 1665 1787 1734 patefaciens
1817 1666 1875 1735 8
1902 1657 2278 1736 regni'myste-

708 1757 812 1817 ria,
846 1755 1120 1822 praecepit,
1143 1765 1247 1808 etc.
1276 1760 1386 1809 Cur
1405 1754 1622 1808 tandem
1662 1756 1766 1810 Itoc
1789 1757 1870 1809 eis
1897 1765 1955 1808 ut
2012 1755 2275 1819 facerent,

2374 572 2709 640 θεοπρεπῶς.
2732 569 2947 636 Ταύτην
2961 564 3054 621 οῦν
3078 566 3267 635 καινὴν
3289 564 3490 634 βρῶσιν
3515 566 3608 615 καὶ
3631 563 3785 614 πόσιν
3812 562 3952 612 ἐκά-

2371 663 2427 713 λε
2441 680 2513 725 τε,
2538 665 2635 731 τὴν
2654 662 2792 730 μετὰ
2818 659 3217 730 τὴνὰνάστασιν
3240 657 3612 724 γεγενημένην
3633 654 3781 720 αὑτῷ
3802 652 3952 719 μετὰ

2370 755 2480 806 τῶν
2515 754 2797 823 μαθητῶν,
2823 754 2881 806 οὔ
2909 755 3050 805 κατὰ
3084 750 3181 823 τὴν
3207 750 3478 816 προτέραν
3504 745 3810 812 συνήθειαν
3849 745 3953 795 καὶ

2375 846 2695 916 γὰμφησὶν,
2716 848 2773 897 ὲν
2789 844 3197 914 τεσσαράκοντα
3213 842 3448 911 ἡμέραις
3461 839 3642 898 αὐτοῖς
3662 835 3912 896 συνηλξζε
3924 864 3953 874 -

2375 955 2436 989 τι)
2455 940 2526 996 ⁸¹.
2552 938 2818 1000 τουτέστι,
2843 935 3113 988 κοινωνῶν
3130 932 3294 996 ἁλῶν,
3322 934 3417 985 xa‘t
3438 930 3710 983 κοινωνῶν
3733 928 3910 994 τραπέ
3922 956 3951 966 -

2378 1032 2493 1099 ζης,
2532 1030 2606 1083 Τὸ
2628 1030 2685 1082 δὲ
2715 1029 2854 1094 πῶς,
2876 1030 2975 1097 οὐχ
2998 1028 3267 1096 ἡμέτερον
3285 1028 3477 1079 εἰπεῖν.
3498 1025 3695 1093 Τρόπῳ
3712 1024 3817 1089 γάρ
3838 1038 3952 1072 τινι

2377 1121 2795 1191 παραδοξοτέρῳ
2840 1121 3015 1173 ταῦτα
3065 1120 3284 1187 ἐγένετο
3307 1134 3321 1147 ·
3355 1120 3455 1186 οὐχ
3495 1117 3570 1178 ὡς
3605 1118 3701 1183 τῆς
3730 1113 3954 1180 φύσεως

2376 1212 2636 1281 δεομένης
2686 1210 2991 1280 βρωμάτων
3047 1209 3255 1271 λοιπὸν,
3288 1207 3425 1260 ἀλλὰ
3478 1202 3952 1271 συγκαταὸἀσεως

2377 1303 2674 1372 γενομένης
2700 1302 2837 1371 πρὸς
2870 1301 3143 1364 ἀπόδειξιν
3171 1300 3272 1369 τῆς
3329 1298 3704 1355 ἀναστάσεως.
3742 1295 3850 1346 Καὶ
3880 1296 3954 1345 τὰ

2343 1405 2351 1412 ’
2381 1395 2510 1463 περὶ
2542 1394 2642 1462 τῆς
2693 1392 2971 1462 βασιλείας
3027 1391 3433 1446 ἀποκαλύπτων
3479 1390 3752 1459 μυστήρια
3782 1388 3852 1439 ⁸³.
3884 1386 3955 1437 Τί

2378 1486 2578 1553 δήποτε
2633 1486 3002 1556 παρήγγειλεν
3039 1487 3224 1547 αὐτοῖς
3273 1483 3432 1536 τοῦτο
3480 1485 3685 1544 ποιεῖνς
3724 1480 3955 1549 Πρῶτον

2385 1578 2484 1645 μὲν
2545 1573 2640 1630 οὖν
2684 1578 2881 1640 αὐτοὺς
2927 1577 3232 1640 δεδοικότας
3279 1577 3372 1629 καὶ
3413 1574 3717 1645 τρέμοντας
3744 1573 3820 1633 εἰς
3847 1572 3954 1636 τὴν

2386 1668 2671 1722 Γαλιλαίαν
2714 1670 3005 1738 ἐξήγαγεν,
3036 1669 3120 1721 ἵνα
3150 1668 3288 1736 μετά
3325 1667 3508 1727 ἀδείας
3536 1664 3810 1717 ἀκούσωσι
3841 1664 3955 1714 τῶν

2382 1758 2689 1828 λεγομένων
2711 1773 2726 1787 ·
2750 1758 2960 1826 ἕτοιμοι
2987 1757 3101 1827 γὰρ
3125 1753 3263 1826 ἦσαν
3294 1758 3374 1818 εἰς
3397 1754 3459 1807 τὸ
3499 1753 3951 1820 λειπτακτῆσαι·

710 1845 1034 1897 mandavit?
1066 1844 1198 1897 Nam
1231 1846 1467 1913 primum
1510 1845 1729 1911 quidem
1760 1860 1855 1900 eos
1886 1854 2029 1898 metu
2063 1846 2279 1914 percul-

2386 1843 2502 1903 εἶτα
2554 1848 2743 1918 ἐπειδὴ
2788 1849 3026 1918 ἥκουσαν
3076 1847 3170 1899 καὶ
3223 1845 3632 1913 τεσσαράκοντα
3663 1842 3952 1911 διέτριψαν

708 1950 801 1988 sos
834 1945 996 2004 atque
1048 1942 1339 1988 trementes
1371 1935 1423 1986 itt
1459 1934 1735 1987 Galilaam
1766 1934 1976 1999 eduxit,
2003 1942 2056 1990 at:
2097 1927 2277 1989 secut‘i

710 2040 798 2089 ea,
824 2041 943 2094 qua!
972 2026 1198 2090 diceret,
1239 2026 1490 2078 audirent
1534 2040 1549 2075 :
1584 2025 1756 2093 parati
1797 2026 1941 2078 enim
2003 2034 2159 2080 erant
2213 2028 2279 2081 ad

712 2116 890 2169 locum
916 2125 971 2169 et
1024 2130 1221 2169 munus
1249 2131 1409 2169 suum
1459 2116 1816 2169 deserendum
1849 2131 1863 2179 ;
1909 2116 2105 2171 deinde
2132 2126 2282 2186 post-

712 2220 943 2275 eaquam
1024 2206 1370 2271 audiverant,
1445 2221 1509 2259 ac
1592 2204 1951 2273 quadraginta
2007 2207 2123 2261 dies
2172 2223 2281 2262 una

712 2296 1017 2349 comet-sati
1081 2309 1257 2359 erant,
1319 2295 1595 2348 mandavit
1652 2311 1719 2350 ne
1766 2296 1839 2349 ab
1894 2296 2283 2365 Hierosolymis

714 2386 1083 2441 discederent.
1129 2388 1239 2440 Cur
1266 2386 1518 2455 tandem?
1544 2386 1678 2452 Quia
1708 2387 2162 2456 quemadmodum
2188 2388 2286 2442 mi-

714 2477 859 2538 lites,
894 2476 1037 2543 siqui
1068 2476 1719 2544 multitudiniobjiciendi
1764 2487 1912 2539 sunt,
1948 2493 2105 2531 nemo
2128 2488 2283 2533 ante-

715 2580 878 2631 quam
909 2581 1027 2619 sese
1046 2566 1404 2628 artnaverint,
1433 2566 1582 2619 exire
1623 2566 1755 2620 sinit
1781 2585 1794 2620 :
1818 2582 1994 2636 neque
2021 2583 2083 2621 ex
2108 2583 2286 2623 carce-

718 2657 872 2710 tibus
898 2672 1068 2724 equos
1096 2659 1347 2726 prosilire
1407 2668 1698 2730 antequam
1753 2661 1995 2727 aurigam
2056 2676 2284 2730 accepe-

718 2746 828 2800 rint
866 2764 878 2799 :
913 2748 984 2801 ita
1019 2748 1275 2801 nimirum
1306 2729 1470 2803 etiam
1526 2751 1668 2813 illos,
1711 2762 2002 2821 antequam
2050 2729 2285 2820 Spiritus

716 2837 1109 2904 descendisset,
1146 2855 1213 2894 ne
1244 2856 1275 2894 a
1308 2841 1651 2897 multitudine
1683 2841 1842 2897 fat-ile
1872 2845 1992 2913 capi
2022 2860 2085 2899 ac
2104 2845 2283 2915 subigi

717 2936 963 2995 possent,
997 2928 1049 2981 in
1102 2931 1216 2985 acie
1247 2932 1491 3001 conspici
1528 2946 1635 2985 non
1668 2933 1882 2987 sinebat
1911 2950 1927 2998 ;
1960 2949 2067 2987 non
2108 2938 2282 2989 solum

720 3026 901 3070 autem
950 3018 1176 3085 idcirco,
1206 3020 1301 3075 sed
1332 3022 1477 3090 quod
1518 3022 1672 3075 multi
1707 3024 1867 3076 etiam
1898 3023 2005 3077 illic
2028 3025 2287 3079 credituri

719 3117 896 3160 erant.
943 3109 1120 3178 Atque
1169 3111 1333 3164 etiam
1370 3111 1526 3165 tertia
1557 3127 1723 3165 causa
1750 3121 1858 3176 est,
1915 3130 1984 3168 ne
2015 3115 2105 3183 qui
2143 3115 2289 3169 dice-
2315 3149 2357 3206 ο

719 3212 864 3263 rent,
901 3216 1014 3265 eos,
1051 3203 1195 3257 notis
1228 3204 1454 3269 relictis,
1507 3204 1573 3258 ad
1613 3207 1928 3273 peregrinos
1958 3216 2286 3261 ostentatum

719 3297 779 3342 et
830 3291 1093 3358 jactatum
1124 3308 1246 3348 sese
1273 3293 1509 3355 venisse,
1551 3294 1757 3348 ideirco
1788 3297 1929 3365 apud
1968 3297 2087 3352 illos
2119 3298 2287 3367 ipsos,

720 3382 816 3450 qui
851 3385 1050 3438 caedem
1092 3383 1354 3448 fecerant,
1407 3386 1497 3453 qui
1530 3386 1935 3449 crucil‘txerant,
1965 3389 2057 3457 qui
2092 3389 2293 3456 sepeli-

720 3482 936 3537 verant,
990 3474 1046 3527 in
1109 3475 1229 3543 ipsa
1283 3476 1437 3541 urbe,
1487 3478 1540 3530 in
1586 3493 1693 3545 qua
1757 3476 2022 3532 nefarium
2081 3478 2292 3534 facinus

721 3565 1063 3618 committere
1103 3568 1223 3619 ausi
1255 3574 1433 3628 erant,
1467 3576 1785 3635 argumenta
1831 3582 1894 3622 ac
1926 3570 2078 3638 signa
2108 3568 2291 3639 profe-

721 3662 873 3713 runt,
915 3669 1036 3725 qua:
1074 3671 1182 3708 non
1225 3665 1474 3725 poterant
1499 3659 1690 3712 rel‘elli.
1729 3658 1833 3713 Sed
1867 3660 2083 3728 quando
2134 3661 2293 3713 audi-

720 3758 920 3800 verunt
988 3748 1138 3801 illum
1210 3749 1652 3816 promittentem?
1716 3751 1945 3816 Quando
1995 3752 2219 3807 dicebat
2274 3770 2289 3805 :

726 3838 958 3906 Expedit
996 3842 1151 3894 vobis
1186 3850 1243 3894 ut
1293 3856 1393 3910 ego
1424 3841 1761 3898 abeant.Nisi
1798 3845 1938 3897 enim
1966 3860 2065 3915 ego
2081 3845 2291 3911 abiero,

723 3931 1039 3986 Paracletus
1069 3934 1154 3987 ille
1182 3951 1286 3988 non
1322 3936 1497 3989 veniet
1518 3934 1585 3989 ad
1605 3951 1720 3991 vos.
1740 3935 1804 3991 Et
1820 3953 2039 4003 rursus,
2070 3938 2294 4008 Rogabo

723 4022 964 4087 Patrem,
996 4032 1049 4079 et
1078 4026 1244 4079 alium
1273 4026 1616 4082 Paracletutu
1648 4029 1821 4083 mittet
1848 4031 2019 4085 vobis.
2062 4031 2164 4085 Sed
2196 4047 2294 4086 cur

723 4130 832 4169 non
858 4116 947 4169 illo
968 4125 1253 4184 praesente.
1294 4133 1471 4187 neque
1503 4119 1750 4188 digresso
1792 4122 1971 4178 statim
2027 4122 2243 4176 advenit
2274 4164 2289 4187 ,

726 4207 821 4261 sed
847 4215 967 4277 post
997 4217 1121 4262 octo
1152 4218 1245 4262 aut
1301 4224 1489 4264 novem
1544 4210 1685 4277 dies,
1756 4212 1871 4265 sive
1902 4227 2023 4267 cum
2056 4216 2295 4281 comple-

730 4307 919 4351 rentur
969 4299 1087 4352 dies
1117 4301 1467 4356 Pentecostes
1510 4303 1625 4356 sive
1690 4303 2199 4373 quinquagesimre?
2228 4320 2292 4358 ac

725 4400 1008 4458 praeterea,
1056 4394 1350 4461 quomodo,
1379 4394 1425 4448 si
1467 4394 1707 4448 nondum
1764 4394 2001 4464 Spiritus
2054 4397 2291 4450 advene-
2331 4399 2356 4413 '

2384 1942 2617 2011 ἡμέρας,
2668 1939 3040 2007 παρήγγειλεν
3091 1939 3201 1997 ἀπὸ
3239 1936 3631 2006 Ἰεροσολύμων
3671 1934 3745 2002 μὴ
3779 1934 3949 2002 χωρί-

2384 2033 2594 2096 ζεσθαι.
2626 2032 2693 2084 Τί
2724 2032 2923 2099 δήποτε
2946 2048 2962 2095 ;
2987 2030 3110 2081 ὐτι
3149 2029 3397 2096 καθάπερ
3426 2027 3579 2088 τινὰς
3610 2024 3952 2094 στρατιώτας

2388 2126 2679 2196 μέλλοντας
2724 2126 2806 2187 εἰς
2858 2123 3062 2190 πλῆθος
3113 2121 3440 2191 ἐμπίπτειν,
3487 2119 3662 2180 οὐδεὶς
3723 2117 3954 2185 ἀφίησιν

2386 2218 2619 2281 ἐξελθεῖν
2652 2216 2756 2278 ἓως
2783 2215 2849 2268 ἂν
2880 2213 3228 2277 ὁπλίσωνται,
3286 2212 3406 2264 οὐδὲ
3438 2211 3635 2270 ῖτιπους
3666 2208 3955 2279 προπηδᾷ-ι

2383 2312 2482 2377 τῆς
2540 2306 2805 2375 βαλϐῖδος,
2845 2304 2951 2365 ἕως
2986 2304 3052 2357 ἂν
3082 2304 3175 2355 τὸν
3233 2302 3448 2371 ἡνίοχον
3498 2300 3735 2352 λάϐωσιν
3762 2317 3774 2328 ·
3810 2298 3955 2349 οὕτω

2383 2400 2446 2467 δὴ
2476 2400 2568 2451 καὶ
2616 2397 2817 2459 αὐτοὺς
2848 2395 2955 2464 πρὸ
2978 2395 3076 2463 τῆς
3102 2394 3195 2447 τοῦ
3248 2393 3565 2460 ῐινεύματος
3590 2392 3817 2443 καθόδου
3842 2409 3949 2457 (ραι

2386 2486 2543 2552 νῆναι
2590 2485 2683 2537 ἐπὶ
2706 2484 2805 2553 τῆς
2834 2482 3197 2550 παρατάξεως
3234 2482 3335 2534 οὐκ
3375 2482 3549 2548 ἀφίει,
3582 2480 3723 2533 ὥστε
3754 2479 3828 2549 μὴ
3860 2498 3953 2546 γε-

2385 2577 2570 2627 νέσθαι
2598 2573 2959 2643 εὐχειρώτους
2988 2575 3083 2625 καὶ
3121 2570 3428 2638 ἁλωσίμους
3449 2573 3561 2632 τοῖς
3597 2570 3811 2630 πολλοῖς
3843 2586 3855 2599 ·
3890 2571 3950 2619 ο)

2385 2666 2473 2718 διὰ
2502 2665 2659 2716 τοῦτο
2688 2664 2745 2715 δὲ
2773 2667 2964 2731 μόνον,
2999 2662 3113 2714 ἀλλ’
3138 2663 3221 2714 ὅτι
3245 2663 3338 2714 καὶ
3359 2661 3543 2713 πολλοὶ
3572 2656 3710 2729 ἦσαν
3742 2661 3791 2711 οἱ
3826 2661 3954 2727 μὲλ-

2385 2754 2569 2813 λοντες
2619 2753 2899 2804 πιστεύειν
2965 2751 3152 2803 αὐτόθι
3180 2769 3194 2781 ο
3226 2750 3320 2803 καὶ
3353 2751 3554 2817 τρίτον,
3602 2750 3685 2801 ῑνα
3712 2751 3783 2819 μή
3808 2767 3954 2809 τινες

2386 2846 2637 2911 λέγωσιν,
2686 2846 2768 2896 ὅτι
2818 2846 2943 2905 τοὺς
2993 2843 3303 2912 γνωρίμους
3353 2843 3605 2909 ἀφέντες,
3653 2843 3803 2910 παρὰ
3839 2847 3956 2904 τοῖς

2388 2939 2558 3003 ξένοις
2576 2939 2621 2969 ⁸⁵
2646 2933 2810 3006 ἦλθον
2836 2937 3140 3003 κομπᾶσαι,
3174 2934 3366 2987 τούτου
3409 2934 3571 3004 χάριν
3602 2936 3731 3005 παρ’
3766 2936 3953 2997 αὐτοῖς

2388 3030 2500 3089 τοῖς
2524 3029 2883 3093 πεφονευκόσι
2917 3026 3218 3095 παρέχουσι
3244 3024 3312 3077 τα
3347 3027 3648 3093 τεκμήρια·
3685 3027 3817 3092 παρ’
3844 3026 3947 3076 αύ-

2388 3121 2501 3180 τοῖς
2526 3121 2637 3180 τοῖς
2653 3117 3172 3186 ἐσταυρωκόσι,τοῖς
3194 3115 3449 3183 θάψασιν,
3469 3118 3525 3167 ὲν
3540 3117 3676 3185 αὐτῇ
3695 3118 3759 3185 τῇ
3777 3116 3953 3176 πόλει,

2391 3211 2447 3261 ἐν
2533 3210 2592 3261 τὸ
2617 3209 2933 3278 παράνομον
2981 3207 3274 3275 ἐτολμήθη.
3331 3207 3463 3258 Πότε
3495 3205 3551 3257 δὲ
3586 3207 3825 3276 ἥκουσαν
3854 3209 3958 3275 τὴν

2392 3301 2754 3367 ἐπαγγελίανς
2784 3300 2915 3350 Ὅτε
2947 3297 3123 3363 ἔλεγε·
3181 3297 3458 3365 Συμφέρει
3506 3298 3658 3364 ὑμῖν,
3712 3298 3797 3349 ἵνα
3825 3297 3957 3363 ’ἐγὼ

2392 3391 2609 3443 ἀπέλθω
2642 3407 2657 3421 ⁸
2721 3390 2814 3442 ἐὰν
2864 3392 2972 3457 γὰρ
3005 3388 3115 3455 ἐγὼ
3150 3389 3224 3458 μὴ
3262 3387 3505 3451 ἀπέλθω,
3535 3388 3563 3438 ὁ
3596 3387 3958 3454 Παρακλητος

2390 3485 2489 3535 οὑκ
2517 3480 2794 3533 ἐλεύσεται
2832 3480 2967 3548 πρὸς
2996 3480 3140 3545 ὑμᾶς
3165 3496 3177 3507 ·
3203 3479 3297 3529 καὶ
3321 3479 3507 3541 πάλιν,
3540 3476 3838 3546 Ἐρωτήσω
3863 3478 3958 3527 τὸν

2393 3574 2634 3642 Πατέρα,
2659 3573 2754 3624 καὶ
2776 3572 2932 3624 ἄλλον
2954 3569 3310 3639 Παρὰκλητον
3332 3567 3536 3637 πέμψει
3557 3569 3602 3599 ⁸⁸
3626 3568 3774 3635 ὑμῖν.
3798 3567 3959 3628 Τίνος

2391 3664 2447 3716 δὲ
2481 3664 2668 3716 ἕνεκεν
2714 3663 2835 3731 ούχὶ
2868 3662 3133 3732 παρόντος
3162 3658 3351 3725 αὑτοῦ,
3376 3659 3496 3712 οὐδὲ
3518 3657 3843 3719 ἀπελθόντος
3867 3658 3962 3709 εῦ-

2394 3755 2528 3817 θέως
2554 3754 2908 3823 παρεγένετο,
2967 3752 3103 3806 ἀλλὰ
3134 3753 3269 3821 μετὰ
3309 3750 3455 3804 ὀκτὼ
3480 3751 3511 3818 ἢ
3535 3750 3690 3801 ἐννέα
3717 3750 3959 3819 ἡμέρας,

2392 3846 2511 3915 ἦτοι
2536 3847 2594 3898 ἐν
2618 3844 2697 3913 τῷ
2730 3842 3186 3914 συμπληροῦσθαι
3206 3844 3308 3906 τὴν
3335 3840 3544 3910 ἡμέραν
3597 3841 3698 3904 τῆς
3742 3841 3958 3908 Πεντη-

2392 3936 2612 4005 κοστῆς;
2631 3935 2752 3987 Ἔτι
2785 3935 2842 3986 δὲ
2869 3934 3004 3995 πῶς,
3042 3935 3097 3985 ειν
3126 3933 3353 4002 μηδέπω
3379 3931 3439 3982 τὸ
3465 3929 3685 3999 Πνεῦμα
3708 3946 3959 3998 παρεγε-

2383 4029 2559 4095 γόνει,
2580 4024 2967 4094 ε).εγε,Λὰ6ετε
2996 4023 3217 4090 Πνεῦμα
3245 4022 3398 4089 ἅγιον
3418 4022 3632 4086 ςἘστιν
3652 4019 3743 4074 οὖν
3761 4024 3959 4086 εἰπεῖν,

2393 4120 2475 4173 ὅτι
2507 4120 2667 4171 τοῦτο
2694 4117 2794 4187 μὶν
2820 4116 2995 4183 ἔλεγε,
3015 4114 3296 4175 δεκτικοὺς
3321 4113 3519 4174 αὐτοὺς
3537 4113 3631 4164 καὶ
3658 4112 3963 4180 ἐπιτηδειο-

2392 4212 2592 4275 τάτους
2619 4208 3057 4280 παρασκευάζων
3105 4208 3199 4260 καὶ
3245 4205 3547 4277 ἀρκοῦντας
3583 4206 3661 4265 εἰς
3694 4204 3791 4273 τὴν
3821 4205 3959 4255 ὑπο-

2392 4304 2553 4373 δοχὴν
2584 4301 2679 4355 τοῦ
2747 4299 3085 4369 Πνεύματος·
3114 4297 3311 4351 ἔλαϐον
3342 4296 3421 4359 δὲ,
3455 4297 3543 4349 ὅτε
3571 4294 3838 4363 κατῆλθεν
3870 4293 3963 4345 ἐπ’

2394 4392 2590 4455 αὐτούς
2616 4408 2631 4424 ·
2683 4393 2739 4461 ἢ.
2774 4392 2855 4444 ὅτι
2888 4392 2950 4442 τὸ
2986 4390 3178 4460 μέλλον
3232 4386 3474 4443 ἔσεσθαι.
3518 4386 3591 4448 ὡς
3625 4388 3725 4456 ἥδη
3778 4385 3962 4455 παρὸ-ν

727 4491 831 4542 rat.
868 4485 1080 4538 dicebat
1111 4502 1124 4537 :
1159 4485 1403 4555 Accipite
1465 4484 1727 4554 Spiritum
1767 4488 2065 4541 sanctum?
2110 4488 2286 4541 Potest

2396 4483 2491 4535 καὶ
2549 4481 2859 4550 ἐνεστηκὸς,
2918 4478 3157 4548 εἴρηκεν,
3197 4477 3276 4539 ὼς
3328 4477 3457 4529 ὅταν
3506 4475 3670 4543 λέγῃ⁹
3731 4477 3967 4527 ιιατείτε

727 4575 890 4641 igitur
924 4576 1025 4631 dici
1071 4576 1172 4630 boc
1206 4576 1410 4643 idcirco
1462 4579 1529 4631 ab
1579 4579 1670 4631 illo
1712 4577 1914 4632 dictum
1964 4594 2105 4643 esse,
2148 4580 2293 4649 quod

727 4667 889 4719 vellet
921 4683 1015 4721 eos
1032 4682 1261 4735 capaces
1286 4669 1626 4738 maximeque
1661 4670 1884 4725 idoneos
1901 4669 2111 4725 ellicere
2134 4681 2295 4739 atque

728 4758 1058 4812 stillicientes
1078 4759 1142 4813 ad
1203 4758 1462 4827 Spiritum
1498 4760 1867 4830 recipiendum
1911 4776 1926 4814 :
1960 4770 2295 4830 acceperunt

727 4857 907 4902 autem
942 4850 1116 4915 illum,
1152 4866 1274 4904 cum
1305 4850 1372 4904 ad
1405 4867 1499 4913 eos
1542 4852 1826 4906 descendit
1889 4870 1903 4905 :
1979 4860 2098 4915 aut,
2145 4852 2291 4921 quod

728 4939 795 4993 de
832 4938 1039 5004 futuro,
1066 4950 1323 5009 tanquam
1358 4941 1424 4995 de
1461 4957 1519 4996 re
1555 4942 1664 5009 jam
1700 4951 1966 5012 praesente
1995 4951 2048 4998 et
2080 4945 2293 4997 instan-

728 5038 780 5083 te
825 5030 1036 5084 Iocutus
1095 5033 1166 5085 sit
1202 5050 1215 5084 ε
1265 5040 1325 5085 ιιι
1364 5046 1488 5086 cum
1518 5034 1690 5086 dicit:
1744 5034 1961 5087 Calcate
1992 5049 2156 5103 super
2184 5049 2294 5086 ser-

730 5130 918 5191 pentes
942 5132 994 5178 et
1018 5123 1341 5192 scorpiones
1364 5133 1417 5177 et
1444 5138 1609 5192 super
1638 5140 1829 5179 omnes
1853 5125 2039 5194 copias
2061 5125 2291 5179 inimici.

2400 4577 2584 4628 ὲπάνω
2636 4573 2812 4640 ὄψεων
2876 4572 2971 4623 καὶ
3020 4570 3318 4639 σκορπίων,
3363 4570 3458 4619 καὶ
3506 4567 3598 4618 ἐπὶ
3645 4567 3822 4618 πᾶσαν
3862 4567 3968 4631 τὴν

2399 4667 2628 4731 δύναμιν
2653 4663 2746 4716 τοῦ
2778 4661 2993 4732 ἐχθροῦ.
3034 4662 3191 4714 Ἐστι
3220 4661 3277 4712 δὲ
3306 4662 3397 4711 καὶ
3418 4659 3591 4719 ἄλλως
3617 4660 3823 4716 εἰπεῖν.
3879 4660 3970 4709 ὅτι

2398 4755 2494 4810 τοῦ
2548 4754 2865 4824 Πνεύματος
2898 4756 2931 4821 ἡ
2981 4753 3127 4814 δόσις
3168 4751 3385 4819 ποικωη
3415 4750 3495 4811 τίς
3526 4751 3639 4801 ἐστι
3668 4757 3763 4801 καὶ
3797 4749 3971 4799 1:0)»;-

2403 4849 2575 4917 μερὴς
2598 4866 2613 4878 ·
2642 4849 2676 4916 ὴ
2716 4849 2813 4915 μὲν
2832 4848 2940 4915 γὰρ
2964 4844 3294 4913 καθαρτικὴ,
3327 4845 3359 4912 ἡ
3390 4843 3445 4894 δὲ
3476 4842 3795 4909 τελειωτική
3829 4858 3842 4869 '
3870 4844 3971 4893 xu".

2398 4942 2433 5010 ἠ
2468 4939 2564 5007 μὲν
2593 4937 2912 5005 ἁγιάζουσα,
2944 4939 2977 5005 ὴ
3007 4937 3063 4987 δὲ
3090 4935 3443 5002 ἁγιαστικοὺς
3500 4933 3908 5001 δημιουργοῦσα
3952 4951 3968 4965 ·

2401 5036 2435 5101 ἡ
2467 5034 2563 5100 μὲν
2592 5029 2852 5098 γλωσσῶν
2906 5028 3217 5097 ποριστικὴ,
3250 5028 3283 5092 ἡ
3307 5026 3360 5077 δὲ
3390 5025 3749 5095 προφητείας
3779 5028 3812 5094 ἡ
3869 5026 3974 5091 μὲν

2400 5119 2954 5187 τερατουργηματων,
2977 5120 3009 5186 ὴ
3036 5117 3090 5168 δὲ
3142 5115 3440 5185 ἑρμηνείας
3491 5116 3802 5185 παρεκτική
3827 5130 3841 5142 '
3874 5117 3977 5167 καὶ

1955 5241 2154 5301 Variae
2184 5239 2490 5302 lectiones
2524 5245 2584 5296 et
2622 5241 2808 5295 noue.

840 5364 885 5394 "
967 5361 1187 5428 lii-rponit
1248 5362 1548 5421 dictionem,
1615 5362 2051 5427 συναλιζόμενος,

2130 5378 2286 5428 quam
2346 5361 2600 5413 Erasmus
2652 5360 2857 5428 vertit,_
2890 5376 2909 5406 ι
2957 5371 3299 5428 congregans.
3330 5372 3379 5428 Δι
3451 5352 3603 5428 Sane_
3645 5351 3807 5403 dicito
3836 5352 3973 5428 sim-

730 5436 846 5497 plex
908 5423 1076 5493 ἁλίζω
1147 5431 1280 5482 alios
1341 5433 1622 5499 significet
1687 5451 1705 5481 ι
1755 5423 2005 5499 rongh’cgo
2056 5451 2073 5482 ι
2142 5423 2188 5483 et
2230 5450 2268 5501 γι

2386 5429 2626 5488 cumulo;
2679 5446 2696 5477 ι
2755 5426 2889 5479 unde
2950 5423 3088 5485 ἃλις,
3119 5444 3136 5473 ι
3163 5425 3388 5485 abunde,
3426 5423 3730 5501 rttmnlrtle:
3771 5439 3788 5469 ι
3828 5423 3976 5473 uiuis

735 5494 753 5548 ί
798 5507 849 5555 in
877 5504 1083 5560 pulvere
1114 5502 1335 5575 volutor,
1357 5494 1561 5566 puli-ere
1586 5494 2187 5567 inquiner,invpulvere
2219 5500 2286 5551 lllt

2386 5516 2424 5563 ’;
2472 5518 2489 5549 ι
2549 5497 2688 5550 unde
2717 5500 2749 5565 ἡ
2775 5497 2937 5557 ἆὶως,
2975 5506 3020 5548 et
3048 5498 3079 5563 ὴ
3111 5494 3271 5575 αἶψ’),
3322 5513 3341 5542 ε
3374 5509 3526 5572 area,
3561 5510 3578 5540 ι
3610 5494 3662 5542 in
3690 5506 3794 5557 qua
3816 5506 3981 5575 spe-.1:

730 5584 1101 5625 toriserruntur
1130 5581 1177 5623 et
1223 5563 1543 5623 t'olttfantttr.
1583 5563 1863 5638 Signiﬁcat
1898 5563 2041 5626 item,
2080 5590 2096 5620 ι
2135 5574 2286 5623 sulec

2386 5584 2570 5635 :prrgo,
2613 5587 2630 5618 ι
2665 5578 2713 5619 et
2739 5563 2773 5615 ”‹
2806 5568 3012 5617 condio.
3065 5585 3081 5614 ι
3125 5563 3262 5614 Hinc
3296 5564 3641 5627 compositum
3678 5563 3977 5619 συναλίζω-

734 5659 852 5710 μαι,
886 5660 902 5689 ι
933 5642 1092 5693 simul
1122 5641 1390 5710 utin-sale,
1418 5642 1596 5693 eadem
1632 5636 1707 5692 uti
1734 5636 1932 5699 ntcnsa,
1976 5661 1991 5689 ι
2026 5642 2181 5708 quod.
2208 5650 2350 5693 retus
2407 5642 2660 5705 interpres
2707 5655 2725 5687 ι
2760 5636 2990 5710 τοριυεερξ
3030 5654 3048 5684 ν
3078 5636 3266 5710 dixit;
3298 5648 3470 5699 quem,
3512 5640 3688 5710 utpote
3752 5643 3977 5693 promus

738 5709 1060 5765 accedentem
1092 5712 1156 5761 ad
1184 5709 1660 5775 interpretationem
1704 5710 2085 5779 ΤΙιεορΙιυιαείὶ.
2130 5725 2221 5775 ego
2256 5724 2454 5775 quoque
2488 5722 2689 5777 sequor.

1367 5783 1411 5809 "‘
1440 5783 1517 5832 ισ.
1555 5780 1680 5841 τοὺς
1722 5780 1915 5843 ξένους,
1962 5782 2009 5811 δ’
2042 5780 2228 5847 πέμψῃ
2265 5790 2396 5831 erat.

733 5796 987 5849 interpies
1019 5781 1287 5846 supplerit.

2792 5707 2837 5737 ⁸³
2872 5703 3178 5758 Λάάιηιιειιηι
3228 5697 3362 5770 forte
3393 5697 3782 5769 παρήγγειλεν,
3822 5712 3967 5766 quoa
