4156 6440
648 427 748 492 511

1566 405 2144 475 TIIEOPIIYLACTI
2167 402 2578 462 nummus
2615 385 2969 460 Attcu'tEP.

3789 391 3908 454 51‘2

647 543 826 597 stabat
858 549 908 592 et
937 536 1199 606 liquebat,
1229 534 1405 600 ipsum
1443 533 1696 585 videlicet
1727 542 1873 586 esse,
1930 525 2020 593 qui
2085 521 2219 585 bap-

2340 517 2433 578 ῖων
2476 531 2490 545 ⁸
2526 515 2686 579 αὐτὸς
2713 516 2821 584 γὰρ
2869 515 3017 584 ἡμᾶς
3053 510 3301 581 βαπτίσει
3345 507 3402 558 ἐν
3433 504 3712 572 Πνεῦματι
3761 504 3911 569 ἁγίῳ

651 635 844 685 tizuret
886 650 898 682 :
946 630 1066 698 Ipse
1093 627 1236 680 enim
1286 641 1387 680 nos
1431 621 1725 692 baptizabit
1761 617 1971 688 Spiritu
2030 621 2223 668 sancto

649 737 702 779 et
734 725 877 794 igne.
904 723 1006 776 Sed
1045 721 1137 790 qui
1197 720 1356 780 dixit,
1416 715 1798 784 Baptizatnini,
1849 727 1952 766 seu
1998 707 2219 774 perfun-

651 815 872 878 demini,
923 830 1047 868 cum
1085 827 1224 882 aqua
1257 813 1309 864 in
1346 809 1627 863 eomacnlo
1679 822 1788 859 non
1851 803 2041 856 esset?
2087 798 2225 863 Quia

654 907 860 973 majore
913 905 966 958 vi
1024 919 1087 957 ac
1136 909 1403 972 potestate
1472 899 1714 968 Spiritus
1776 895 2037 964 praeditus
2097 901 2222 946 est:

651 1015 748 1069 per
803 1014 962 1067 quem
1020 996 1184 1050 etiam
1263 1009 1402 1061 aqua
1452 1000 1730 1060 operatur,
1770 987 2226 1057 quemadmodum

656 1091 913 1144 nimirum
938 1088 1104 1143 etiam
1131 1088 1247 1156 ipse
1278 1075 1478 1138 dicitur
1511 1092 1708 1136 unctus
1755 1097 1899 1142 esse,
1929 1094 2052 1131 cum
2086 1093 2226 1130 nus-

656 1165 818 1252 quam
847 1182 965 1234 oleo
989 1188 1188 1232 unctus
1217 1177 1416 1240 sit,sed
1441 1175 1702 1244 Spiritum
1732 1171 2038 1240 acceperit;
2065 1179 2226 1236 atque

651 1271 894 1339 alioquin
947 1273 1051 1341 ιο
1077 1273 1238 1326 etiam
1277 1284 1415 1337 aqua
1461 1268 1724 1336 baptizari
1751 1266 1871 1318 illos
1903 1265 1956 1316 in
1991 1262 2228 1315 diversis

655 1365 995 1433 temporibus
1019 1363 1244 1432 reperiri
1269 1369 1449 1431 potest
1495 1379 1508 1413 :
1549 1375 1673 1412 nam
1701 1358 1755 1410 in
1806 1357 1962 1409 nobis
1991 1364 2230 1420 utraque

655 1457 759 1509 sub
817 1474 984 1510 unum
1038 1455 1302 1523 temporis
1354 1452 1648 1506 articulum
1713 1449 1910 1502 cadere
1957 1447 2228 1517 possint:

652 1557 787 1600 tunc
817 1561 949 1599 vero
985 1545 1215 1599 diversis
1233 1547 1395 1597 etiam
1427 1540 1763 1608 temporibus
1798 1555 1857 1592 ac
1892 1537 2182 1607 separatim
2213 1555 2227 1602 ;

653 1652 778 1689 nam
827 1637 982 1689 initio
1012 1636 1247 1703 apostoli
1293 1649 1430 1702 aqua
1459 1630 1716 1699 baptizati
1754 1635 1883 1684 sunt
1905 1630 1970 1682 ab
1998 1628 2228 1691 Joanne,

657 1728 752 1780 sed
811 1737 998 1796 postea
1033 1727 1193 1778 etiam
1223 1724 1425 1792 Spiritu
1457 1729 1670 1776 sancto.
1698 1720 1802 1774 Sed
1840 1736 1940 1774 cur
1969 1719 2230 1775 Dominus

654 1835 764 1872 non
791 1819 951 1871 etiam
973 1817 1292 1878 declaravit,
1326 1817 1546 1884 quando
1579 1815 1814 1882 Spiritus
1864 1820 2229 1880 snperventu-
2257 1849 2305 1907 Β

657 1924 753 1962 rus
780 1918 926 1962 esset
961 1925 975 1960 :
1008 1908 1100 1961 sed
1123 1907 1464 1960 solummodo
1498 1908 1596 1968 ait,
1625 1905 1755 1958 Post
1784 1904 1900 1957 dies
1931 1904 2093 1954 liesce
2118 1915 2225 1953 non

657 2001 998 2054 multos?Ac
1053 2001 1182 2053 Post
1219 2001 1358 2052 haud
1396 2000 1596 2052 multos
1655 1997 1872 2066 quidem
1915 1997 1988 2047 ait
2025 1995 2228 2047 idcirco

657 2105 725 2141 ne
751 2089 1049 2142 inciderent
1079 2088 1132 2140 in
1161 2087 1596 2155 desperationem
1632 2104 1644 2138 :
1711 2087 1802 2140 sed
1845 2094 2089 2151 tempore
2120 2095 2227 2136 sta—

661 2187 798 2238 tuto.
829 2179 1074 2247 quando,
1120 2193 1227 2230 non
1256 2178 1415 2239 dixit,
1453 2185 1508 2229 ut
1538 2191 1752 2243 semper
1793 2174 2077 2241 vigilarent
2130 2187 2229 2224 ex-

665 2277 996 2338 spectantes.
1023 2267 1163 2333 Quid
1202 2269 1367 2338 igitur
1420 2267 1728 2327 admiraris.
1772 2267 1816 2319 si
1878 2280 2066 2334 pacem
2099 2281 2231 2319 cono

661 2361 1047 2416 summationis
1082 2360 1268 2414 saeculi
1299 2375 1405 2412 non
1435 2358 1821 2428 prresigniﬁcat
1851 2357 1966 2412 eis?
1992 2357 2234 2426 quando-

660 2454 876 2520 quidem
907 2452 1067 2505 ctiatn
1129 2451 1230 2505 hoc
1257 2451 1622 2520 praestitutum
1671 2461 1905 2520 tempus,
1936 2449 2080 2518 quod
2100 2449 2233 2502 adeo

663 2543 1033 2611 propiuqumn
1093 2551 1229 2604 erat,
1286 2548 1506 2610 propter
1559 2556 1700 2604 eam,
1761 2555 1923 2608 quam
1993 2540 2233 2593 diximus

661 2648 906 2704 causam,
935 2632 1311 2685 noluitl‘acere
1330 2631 1696 2684 manifestum.
1733 2629 1907 2685 Dictio
1943 2631 2232 2698 baptizari,

664 2725 718 2776 id
744 2732 847 2782 est,
887 2723 1158 2791 immergi,
1184 2723 1341 2789 litigi,
1380 2721 1653 2790 perfundi,
1705 2732 1759 2776 et
1817 2722 2018 2791 prolui,
2061 2723 2235 2776 abun-

666 2815 908 2867 dantiam
941 2822 995 2867 et
1019 2817 1175 2882 quasi
1208 2813 1426 2866 divitias
1460 2813 1974 2866 communicationis
2006 2822 2056 2867 et
2108 2828 2234 2881 par-

665 2907 997 2974 ticipationis
1033 2906 1209 2958 sancti
1243 2904 1484 2973 Spiritus
1515 2904 1785 2975 signiﬁcat
1816 2921 1829 2956 :
1885 2906 2238 2974 quemadmo-

665 3000 794 3051 dum
841 2999 1004 3050 etiam
1040 2998 1096 3048 in
1127 3014 1215 3062 eo,
1248 2998 1389 3066 quod
1417 3013 1583 3051 sensu
1615 2998 1931 3064 percipitur,
1986 3013 2044 3052 se
2078 2997 2240 3051 habet

666 3085 847 3153 aliquo
879 3087 1038 3139 modo
1072 3087 1138 3148 is,
1172 3086 1263 3154 qni
1298 3087 1630 3155 baptizatur,
1664 3087 1716 3140 id
1759 3095 1862 3152 est,
1890 3087 2239 3156 perfunditur

2332 611 2424 662 καὶ
2463 610 2624 678 πυρί.
2658 609 2779 670 Πῶς
2810 609 2867 661 δὲ
2899 605 3043 670 εἷπε,
3076 600 3542 670 Βαπτισοήσεσθε,
3585 597 3774 657 ὓδατος
3797 596 3908 646 οὐκ

2327 704 2476 765 ὄντος
2532 705 2589 754 ὲν
2638 720 2714 770 τῳ
2749 699 3010 771 ὑπερῴῳτ
3045 700 3168 750 ’Ὁτι
3204 694 3534 762 κυριώτερον
3584 691 3644 741 τὸ
3679 686 3906 755 Πνεῦμα

2327 798 2444 848 ἐστι
2475 813 2488 825 ’
2539 796 2606 846 δι’
2639 791 2698 848 οὗ
2731 796 2826 846 καὶ
2877 793 2948 846 τὸ,
2988 791 3135 860 ὕδωρ
3185 789 3418 857 ἐνεργεῖ,
3453 784 3641 850 ὥσπερ
3679 778 3771 833 οὖν
3806 783 3908 831 καὶ

2328 887 2486 947 αὐτὸς
2517 883 2803 954 κεχρίσθαι
2833 882 3072 948 λέγεται,
3100 876 3336 945 οὐδαμοῦ
3363 873 3692 943 χρισάμενος
3714 867 3904 933 ἐλαίῳ,

2328 978 2463 1032 ἀλλὰ
2499 977 2720 1044 Πνεῦμα
2743 975 3034 1040 δεξάμενος
3061 989 3074 1001 ·
3103 970 3278 1030 ἄλλως
3315 968 3372 1019 δὲ
3400 967 3490 1018 καὶ
3531 964 3680 1015 ὕδατι
3709 961 3876 1029 βαπτι
3897 990 3909 999 -

2329 1069 2588 1136 ζομένους
2625 1066 2821 1125 αὐτοὺς
2849 1064 2996 1114 ἐστιν
3037 1061 3215 1128 εὑρεῖν
3245 1060 3302 1109 ἐν
3331 1055 3611 1122 διαφόροις
3641 1052 3852 1118 καιροῖς
3891 1066 3906 1080 ·

2329 1163 2414 1230 ἐφ’
2468 1162 2598 1230 ἡμῖν
2645 1157 2753 1226 γὰρ
2799 1157 2966 1223 ἄμφω
3021 1153 3109 1221 ὑφ’
3155 1151 3212 1202 ἓν
3260 1150 3505 1217 γένηται,
3564 1145 3682 1196 τότε
3712 1144 3766 1194 δὲ
3807 1141 3908 1192 καὶ

2329 1253 2761 1318 διεσπαρμένως·
2796 1245 2949 1314 παρὰ
2981 1246 3089 1313 γὰρ
3132 1243 3232 1311 τὴν
3279 1239 3450 1310 ἀρχὴν
3504 1238 3554 1289 οἱ
3613 1233 3910 1286 ἁπέστολοι

2330 1344 2435 1400 ὑπὸ
2479 1342 2721 1396 Ἰωάννου
2756 1341 2908 1393 ὕδατι
2953 1337 3365 1403 ἐϐαπτίσθησαν
3391 1372 3406 1396 ,
3463 1333 3599 1400 μετὰ
3645 1327 3816 1378 ταῦτα
3846 1324 3910 1375 δὲ

2332 1438 2428 1492 καὶ
2488 1435 2627 1504 ἁγίῳ
2672 1433 2969 1502 Πνεύματι.
3034 1428 3129 1481 Διὰ
3160 1429 3211 1478 τί
3259 1427 3313 1478 δὲ
3339 1425 3437 1476 οὐκ
3458 1421 3724 1490 ἐδήλωσεν
3755 1418 3783 1469 ὁ
3811 1419 3913 1466 Δε-

2333 1530 2534 1598 σπότης
2565 1568 2580 1591 ,
2638 1526 2768 1577 πότε
2813 1522 3168 1575 ἐπελεύσεται
3209 1519 3305 1571 καὶ
3360 1516 3420 1567 τὸ
3461 1511 3682 1578 Πνεῦμα
3716 1551 3729 1570 ,
3771 1507 3914 1559 ἀλλὰ

2335 1622 2496 1690 μόνον
2535 1619 2718 1688 φησὶν,
2759 1617 2833 1668 Οὔ
2874 1614 3010 1684 μετὰ
3045 1611 3244 1672 πολλὰς
3293 1608 3498 1669 ταύτας
3538 1605 3787 1675 ἠμέραςς
3844 1600 3912 1651 τὸ

2334 1713 2436 1780 μέν
2465 1711 2671 1773 οὖν,οὑ
2711 1709 2844 1776 μετὰ
2877 1706 3095 1770 πολλὰς,
3129 1705 3313 1773 φησὶν,
3334 1701 3420 1752 ἵνα
3455 1699 3527 1767 μὴ
3558 1699 3636 1756 είς
3669 1691 3914 1760 ἀθυμίαν

2333 1803 2648 1872 ἐμπέσωσιν
2681 1818 2694 1829 ³
2738 1800 3057 1870 ὡρισμένως
3095 1797 3151 1849 δὲ
3197 1795 3328 1846 πότε
3351 1793 3422 1856 ⁸⁸,
3466 1790 3566 1841 οὐκ
3611 1783 3784 1843 εἶπέν,
3820 1784 3916 1834 ἵνα

2337 1895 2425 1948 ἀεὶ
2456 1892 2832 1963 ἐγρηγορῶσιν
2867 1887 3233 1955 ἐκδεχόμενοι.
3269 1883 3334 1935 Τί
3366 1880 3548 1934 τοίνυν
3581 1875 3912 1943 Θαυμάζεις,

2338 1988 2386 2039 εἰ
2431 1986 2530 2056 τὴν
2585 1986 2806 2054 εἰρήνην
2858 1984 2955 2050 τῆς
3010 1978 3319 2037 συντελείας
3386 1975 3460 2043 μὴ
3492 1972 3637 2039 λέγει
3681 1969 3912 2026 αὖτοί-;

2337 2081 2468 2132 ὅπου
2497 2095 2560 2146 γε
2593 2079 2686 2130 καὶ
2715 2075 2922 2142 ταύτην
2953 2072 3050 2138 τὴν
3084 2070 3254 2130 οὕτως
3287 2065 3450 2133 ἐγγὺς
3482 2063 3648 2116 οὖσαν
3711 2058 3918 2129 προλε-

2339 2171 2503 2240 σμίαν
2553 2171 2653 2220 οὐκ
2695 2167 2952 2234 ἠθέλησε,
2983 2165 3050 2217 δι’
3091 2164 3157 2233 ἢν
3201 2162 3425 2228 εἴπομεν
3450 2157 3651 2216 αἰτίαν,
3681 2152 3917 2219 ποιῆσαι.

2337 2259 2659 2327 κατάδηλον.
2703 2257 2771 2308 ’Π
2831 2253 3208 2321 Βαπτισθῆναι.
3255 2249 3400 2311 λέξις
3457 2245 3559 2313 τὴν
3609 2241 3917 2310 δαψίλειαν,

2339 2355 2433 2405 καὶ
2487 2351 2650 2404 οἱονεὶ
2699 2348 2792 2400 τὸν
2836 2345 3068 2397 πλοῦτον
3120 2343 3220 2410 τῆς
3279 2338 3573 2408 μετουσίας
3615 2334 3710 2386 τοῦ
3749 2333 3915 2399 ἁγίου

2341 2444 2654 2512 Πνεύματος
2683 2438 2938 2509 σημαίνει
2966 2453 2979 2466 ·
3021 2435 3095 2497 ὡς
3129 2433 3224 2487 καὶ
3253 2433 3345 2484 ἐπὶ
3380 2429 3476 2482 τοῦ
3512 2423 3772 2494 αἰσθητοῦ
3796 2423 3919 2491 ἔχει

2342 2555 2393 2589 τι
2427 2539 2455 2587 ὁ
2507 2531 2901 2602 βαπτιζόμενος
2934 2530 2990 2581 ἐν
3019 2527 3196 2586 ὕδατι,
3239 2524 3359 2576 ὅλον
3395 2522 3452 2573 τὸ
3481 2518 3644 2589 σῶμα
3675 2516 3915 2586 βρέχων,

2341 2628 2436 2681 τοῦ
2487 2626 2857 2696 λαμϐάνοντος
2888 2619 3074 2681 ἁπλῶς
3115 2616 3279 2684 ὕδωρ,
3312 2615 3372 2667 οὐ
3401 2613 3619 2673 πάντως
3651 2612 3917 2677 ὑγραινο-

2347 2719 2508 2788 μένου
2542 2716 2602 2779 ἐξ
2647 2716 2785 2767 ὅλων
2831 2713 2939 2763 τῶν
2971 2710 3153 2761 τόπων
3180 2723 3196 2738 ο
3240 2705 3340 2757 οὐκ
3372 2703 3516 2755 ἐστιν
3546 2700 3639 2752 οὖν
3673 2701 3884 2752 ἀπεναν
3904 2724 3922 2732 ο

2341 2811 2460 2871 τίας
2494 2809 2682 2877 ἔχοντα
2706 2809 2817 2866 τοῖς
2839 2804 3004 2864 θείοις
3033 2797 3380 2867 Εὑαγγελίοις
3404 2795 3470 2847 τὰ
3500 2792 3594 2845 νῦν
3620 2789 3916 2859 εἰρημένα.

2345 2898 2607 2969 Δηλοῦται
2629 2898 2735 2965 γὰρ
2762 2897 2836 2954 ὡς
2867 2896 2914 2945 εἰ
2939 2893 3034 2944 καὶ
3062 2891 3246 2959 εἴρητο
3271 2887 3408 2956 πρὸς
3428 2885 3553 2945 τοὺς
3582 2881 3924 2942 ἀποστόλους

2349 2990 2487 3061 μετὰ
2532 2989 2628 3058 τὴν
2681 2989 2743 3038 ἐκ
2795 2984 3000 3054 νεκρῶν
3056 2983 3353 3035 ἀνάστασιν
3398 2975 3492 3028 τοῦ
3526 2970 3764 3043 Χριστοῦ
3827 2970 3916 3034 τὸ,

2345 3081 2554 3136 Λάϐετε
2609 3079 2832 3146 Πνεῦμα
2880 3077 3034 3143 άγιον
3071 3091 3084 3105 ⁸
3135 3075 3229 3125 καὶ
3255 3069 3445 3123 ἔλαϐον
3477 3084 3490 3096 ·
3523 3065 3638 3120 ἀλλ’
3669 3065 3782 3115 ἐκεῖ
3818 3061 3924 3130 μὲν

665 3190 829 3244 aqua,
859 3176 986 3229 dum
1022 3185 1136 3229 toto
1179 3193 1412 3245 corpore
1449 3179 1693 3241 tnadelit,
1721 3193 1846 3232 eum
1866 3180 1931 3242 is,
1962 3180 2053 3248 qui
2073 3182 2236 3233 sumit

2346 3172 2622 3241 εἰληφέναι
2676 3169 2897 3237 Πνεῦμα
2943 3167 3096 3232 ᾶγιον
3150 3165 3387 3234 εἴρηται,
3440 3159 3677 3212 ἐνταῦθα
3701 3156 3921 3218 δὲ,Βα-

668 3282 864 3334 aquam
892 3270 1237 3336 simpliciter,
1271 3286 1378 3322 non
1414 3271 1630 3338 penitus
1654 3287 1720 3325 ex
1785 3273 2041 3326 omnibus
2095 3274 2236 3328 locis

669 3354 1036 3407 liumectetur.
1105 3356 1222 3410 Non
1276 3369 1403 3411 sunt
1459 3359 1625 3426 igitur
1677 3363 1952 3415 contraria
2037 3365 2237 3419 divinis

669 3441 982 3510 Evangeliis
1035 3461 1119 3509 ea,
1169 3464 1288 3511 qua:
1317 3463 1460 3500 nunc
1513 3449 1658 3503 dicta
1713 3461 1857 3504 sunt.
1888 3451 2240 3521 Signiﬁcatur

672 3535 820 3615 enim
851 3538 994 3605 quod
1027 3539 1070 3590 si
1129 3539 1291 3592 etiam
1358 3541 1563 3594 dictum
1634 3552 1752 3595 erat
1812 3544 1876 3597 ad
1942 3547 2236 3614 apostolos,

669 3634 1025 3693 posteaquam
1045 3627 1298 3681 Christus
1327 3644 1354 3680 a
1386 3632 1620 3684 mortuis
1685 3644 2059 3688 resurrexerat
2092 3653 2105 3688 :
2140 3639 2242 3690 Ac-

669 3716 834 3782 cipite
895 3717 1158 3785 Spiritum
1228 3730 1498 3783 sanctum,
1543 3723 1702 3774 etiam
1755 3725 1877 3777 illos
1921 3728 2238 3795 accepisse:

671 3805 761 3857 sed
793 3805 899 3859 illic
946 3809 1161 3876 quidem
1199 3825 1292 3862 eos
1332 3814 1608 3878 accepisse
1659 3813 1920 3881 Spiritum
1985 3831 2237 3871 sanctum

2344 3262 2714 3332 πτισθήσεσθε
2745 3277 2758 3290 ο
2793 3261 2932 3326 ὅπερ
2959 3258 3058 3328 τὴν
3093 3256 3344 3324 ἐπίχυσιν
3392 3253 3484 3304 καὶ
3541 3251 3631 3300 τὸν
3686 3246 3925 3299 πλοῦτον

2341 3357 2441 3424 τῆς
2473 3355 2738 3424 χορηγίας
2771 3350 3026 3418 σημαίνει
3058 3365 3072 3378 ·
3114 3342 3181 3416 ἦς
3207 3346 3437 3398 δέδωκεν
3468 3341 3649 3402 αὐτοῖς
3680 3333 3925 3392 ἀνελθὼν

2347 3449 2480 3516 πρὸς
2509 3447 2599 3498 τὸν
2627 3444 2862 3513 Πατέρα.
2892 3443 3103 3510 Ὠσπερ
3127 3439 3234 3507 γάρ
3279 3437 3493 3506 ἔχοντες
3543 3434 3723 3485 πίστιν
3747 3446 3925 3499 προσ-

2344 3540 2507 3608 ἦλθον
2556 3537 2824 3604 λέγοντες,
2883 3533 3122 3600 Πρόσθες
3162 3530 3294 3598 ἡμῖν
3320 3528 3522 3579 πίστιν·
3558 3524 3702 3576 οὕτω
3738 3521 3801 3590 δὴ
3831 3521 3927 3572 καὶ

2350 3628 2604 3688 ἐνταῦθα,
2641 3625 2779 3696 πρὸς
2809 3624 2876 3694 ἢν
2908 3623 3008 3691 ήδη
3054 3616 3197 3689 εἶχον
3227 3617 3512 3670 κοινωνίαν
3536 3611 3628 3664 τοῦ
3666 3608 3927 3677 Πνεῦμα-

2351 3741 2461 3785 τος,
2524 3718 2842 3790 προσθήκην
2889 3713 3281 3781 ἐπιτεταμένης
3352 3707 3643 3778 μετουσίας
3678 3703 3928 3772 ἐλάμϐα-

2351 3834 2442 3868 νον
2475 3813 2808 3877 ἐπελθούσης
2842 3808 2888 3840 ⁸⁷
2920 3808 3103 3866 αὐτοῖς
3133 3804 3226 3856 τοῦ
3255 3803 3412 3868 ἁγίου
3440 3799 3777 3865 Πνεῦματος.

669 3897 874 3949 dictum
903 3908 986 3951 cst
1008 3917 1019 3949 :
1045 3899 1129 3953 hic
1165 3917 1314 3961 vero,
1346 3900 1438 3967 Bal
1464 3902 1783 3966 tizabimini,
1806 3907 1917 3957 sive
1939 3905 2338 3972 perfundcmini
2371 3923 2432 3960 ac
2453 3902 2775 3975 proluctnini
2796 3915 2810 3952 :
2833 3897 2974 3967 quod
3007 3897 3226 3947 verbum
3266 3892 3582 3946 elIusiunem
3609 3905 3672 3942 ac
3709 3890 3930 3941 divitias

671 3991 920 4042 muneris
956 3990 1245 4056 significat,
1289 3993 1430 4059 quod
1467 3994 1615 4046 dedit
1688 3995 1794 4048 illis
1847 4008 2199 4068 posteaquam
2261 4000 2328 4052 ad
2369 4000 2585 4053 Patrem
2640 3993 2902 4048 ascendit.
2952 3987 3021 4040 Ut
3070 3988 3212 4039 enim
3247 4000 3369 4035 eum
3431 3983 3584 4035 lidetn
3645 3982 3930 4043 Imberm,

672 4080 992 4146 accedentes
1025 4080 1317 4134 dixerunt.’
1382 4082 1530 4134 Adde
1583 4085 1738 4136 nobis
1771 4085 1928 4138 [idem
1969 4104 1981 4140 :
2022 4092 2093 4141 ita
2165 4091 2426 4145 nimirum
2482 4089 2643 4142 etiam
2675 4085 2764 4138 hic
2806 4091 2995 4150 praeter
3025 4093 3166 4140 eam,
3223 4091 3386 4142 quam
3447 4075 3556 4143 jam
3633 4073 3931 4126 habebant.

672 4173 905 4240 Spiritus
951 4175 1519 4238 eommunicntioncm,
1547 4176 1973 4234 additamentum
2002 4183 2253 4237 adducue
2293 4179 2739 4250 partit-ipationis
2767 4174 3004 4243 Spiritus
3045 4169 3243 4233 sancti,
3279 4171 3373 4237 qui
3435 4167 3516 4220 eis
3584 4165 3925 4234 supervenit,

672 4266 1030 4333 accipiebant.

749 4355 905 4408 Vens.
940 4356 992 4408 6.
1021 4358 1187 4425 Atque
1212 4361 1290 4410 illi
1305 4361 1512 4426 quidem
1531 4379 1649 4413 cum
1669 4364 2026 4415 convenissent
2052 4367 2238 4419 scisci-

675 4454 845 4495 tantes
875 4449 938 4495 ab
965 4462 1020 4498 eo
1043 4447 1282 4498 dicebant
1309 4463 1325 4497 :
1350 4449 1588 4513 Domine,
1609 4468 1676 4503 an
1709 4453 1760 4504 in
1776 4453 1874 4504 hoc
1908 4463 2133 4514 temzmre
2157 4473 2240 4507 re-

671 4536 848 4587 stituis
866 4553 1075 4604 regnum
1097 4537 1328 4592 Israeli?

751 4626 914 4680 Vens.
953 4629 1006 4679 7.
1041 4630 1106 4681 At
1137 4630 1228 4682 ille
1254 4635 1319 4682 ad
1353 4648 1460 4696 eos,
1492 4631 1613 4685 Non
1653 4645 1728 4687 est
1753 4647 1998 4698 vestrum,
2056 4639 2244 4703 inquit,

678 4733 829 4768 nosse
862 4730 1118 4786 tempora,
1155 4732 1244 4770 aut
1290 4727 1549 4776 articulos
1581 4735 1864 4790 temporum
1896 4744 2022 4794 quos
2088 4727 2246 4779 Pater

678 4810 730 4853 it
772 4822 868 4855 sna
892 4818 1154 4872 potestate
1189 4810 1401 4874 posuit:

753 4893 914 4948 \‘Ens.
945 4898 998 4949 8.
1027 4896 1127 4950 Sed
1164 4902 1431 4966 accipietis
1474 4902 1718 4956 virtutem
1752 4907 2160 4972 supervenieuiis
2201 4907 2255 4958 iu

677 5001 764 5038 ros
799 4984 1027 5053 Spiritus
1049 4992 1240 5044 sancti.

749 5079 882 5129 Cum
916 5079 1245 5133 sciscitaturi
1274 5091 1475 5148 essent,
1496 5083 1657 5137 simul
1686 5084 1975 5146 accedunt,
2011 5094 2071 5138 ut
2115 5085 2257 5137 ntul—

683 5170 918 5222 titndine
969 5184 1250 5225 moverent
1326 5190 1449 5227 eum
1498 5184 1554 5228 et
1614 5187 1922 5229 exorarent.
1999 5177 2256 5230 Sciebant

685 5262 854 5321 enim,
914 5261 967 5313 id
1018 5265 1162 5328 quod
1193 5273 1320 5318 ante
1350 5265 1554 5318 dictum
1617 5277 1722 5327 est,
1755 5271 2153 5322 summoventis
2199 5280 2254 5322 et

688 5369 794 5405 non
827 5356 1146 5420 ignorantis,
1177 5357 1274 5409 sed
1302 5357 1604 5424 rejicientis
1637 5358 1782 5410 illam
1835 5359 2004 5413 fuisse
2035 5376 2260 5429 respon-

693 5444 924 5504 sionem,
946 5445 1234 5501 videlicet:
1269 5446 1438 5501 Nemo
1473 5451 1622 5502 novit
1645 5450 1821 5503 diem:
1853 5451 2052 5505 idcirco
2068 5469 2261 5507 rursus

689 5534 1501 5607 interrogant.Quandoquidem
1521 5540 1662 5592 enim
1688 5540 2029 5608 audiverant,
2052 5559 2110 5596 se
2135 5543 2261 5610 Spi-

2417 4361 2478 4410 (ξι
2501 4355 2614 4423 μὲν
2655 4349 2769 4407 οὖν
2807 4350 3211 4411 συνελθόντες
3255 4345 3572 4412 ἐπηρώτων
3605 4341 3791 4394 αὑτὸν
3823 4343 3928 4393 .ιέ-

2350 4466 2558 4522 γοντες
2586 4463 2599 4476 ο
2659 4446 2855 4511 Κύριε,
2885 4445 2934 4494 ει
2982 4443 3050 4492 ἐν
3079 4440 3158 4504 τῷ
3198 4439 3394 4507 χρόνῳ
3436 4437 3622 4501 τούτῳ
3644 4436 3934 4487 ἀποκαθι-

2355 4536 2598 4599 στάνεις
2629 4533 2743 4599 τὴν
2757 4531 3091 4595 βασιλείαν
3114 4527 3192 4590 τῷ
3226 4525 3472 4593 Ἰσραήλ
3499 4541 3516 4586 ;

2429 4622 2573 4678 Eine
2619 4623 2686 4674 δὲ
2721 4621 2870 4687 πρὸς
2906 4619 3125 4682 αὐτούς
3154 4632 3166 4643 ·
3198 4619 3320 4684 Οὐχ
3355 4613 3522 4683 ὑμῶν
3549 4613 3679 4666 ἐστι
3711 4611 3934 4681 γνῶναι

2352 4721 2611 4787 χρόνους
2668 4716 2705 4781 ἢ
2767 4713 3014 4779 καιρούς
3073 4711 3181 4774 οὓς
3228 4713 3259 4762 o'
3297 4709 3498 4775 Πατὴρ
3535 4707 3701 4761 ἔθετο
3747 4706 3814 4756 ἐν
3857 4703 3936 4769 τῇ

2352 4812 2472 4874 ἰδίᾳ
2502 4810 2753 4872 ἐξουσίᾳ
2782 4823 2794 4836 ·

2424 4902 2600 4954 Ἀλλὰ
2625 4899 2900 4965 λήψεσθε
2930 4897 3186 4964 δύναμιν
3216 4895 3581 4958 ἐπελθόντος
3614 4893 3718 4946 τοῦ
3761 4895 3937 4962 ἁγίου

2355 4993 2701 5059 Πιεύματος
2725 4989 2816 5055 ἐρ’
2852 4985 3027 5054 ὑμᾶς.

2431 5085 2598 5134 Ὅταν
2651 5082 2919 5150 μέλλωσιν
2966 5079 3197 5147 ἐρωτᾷν,
3243 5077 3378 5145 ὁμοῦ
3401 5074 3813 5145 προσέρχονται.
3848 5075 3937 5124 ἵνα

2355 5173 2435 5242 τῷ
2465 5173 2659 5242 πλήθει
2681 5172 3076 5248 δυσωπήσωσιν
3103 5185 3114 5197 ·
3150 5169 3368 5238 ᾔδεισαν
3402 5170 3510 5235 γὰρ
3535 5167 3615 5218 δτι
3649 5167 3707 5218 τὸ
3737 5164 3933 5234 πρώην

2360 5267 2667 5334 εἰρημένον,
2702 5263 3127 5333 διακρουομένου
3169 5261 3263 5312 καὶ
3295 5261 3395 5312 οὐκ
3437 5258 3780 5326 ἀγνοοῦντος,
3812 5258 3925 5307 ἀλλ’

2359 5360 2795 5428 ἀναϐαλλομένου
2822 5359 2921 5428 τὴν
2955 5357 3264 5426 ἀπόκρισιν·
3306 5351 3436 5415 οἷον,
3467 5353 3659 5414 Οὐδεὶς
3693 5350 3802 5402 οἶδε
3836 5352 3939 5419 τὴν

2361 5450 2608 5519 ἡμέραν·
2662 5450 2750 5502 διὰ
2797 5450 2960 5500 τοῦτο
3002 5448 3162 5500 πάλιν
3203 5445 3504 5515 ἐρωτῶσιν.
3561 5443 3780 5510 Ἐπειδὴ
3827 5445 3939 5509 γὰρ

2362 5542 2626 5608 ⁴ἤκουσαν,
2680 5541 2762 5592 ὅτι
2811 5540 2870 5593 τὸ
2909 5539 3134 5593 Πνεῦιια
3181 5537 3432 5591 μέλλουσι
3487 5534 3808 5604 λαμϐάνειν,
3858 5532 3936 5594 ὡς

1910 5718 2108 5778 Variae
2129 5719 2451 5780 lectiones
2483 5727 2543 5779 et
2573 5726 2759 5780 noue.

790 5808 834 5839 ""
865 5807 920 5859 δέ
951 5825 1098 5863 ποτε.
1129 5823 1261 5864 erat.
1341 5815 1382 5844 ⁸⁷
1412 5815 1520 5869 ῖσ..
1544 5815 1875 5875 ἐπελθόντος.
