4156 6440
180 468 276 530 513

941 461 1344 523 ΕΧΡΟΞΙΤΙΟ
1375 461 1455 521 1N
1491 462 1679 521 ACTA
1710 461 2287 523 APOS’I‘OLORUM.
2329 487 2392 496 -
2427 464 2587 548 CAP.
2625 465 2673 524 Ι.

3333 466 3436 533 514

179 580 314 643 ἄξιοι
343 576 530 628 λοιπὸν
582 574 774 644 ἤθελον
827 574 1019 642 μαθεῖν
1072 573 1164 624 καὶ
1202 572 1585 640 ἀπαλλαγῆναι
1640 573 1739 626 τῶν

1856 573 2019 625 ritum
2043 588 2162 626 esse
2187 581 2801 644 arcept'tros,tanqua:n
2831 572 2982 642 digni
3011 576 3272 647 deinceps
3291 580 3435 635 scire

175 669 443 737 δυσχερῶν
474 667 820 736 ἐπεθύμουν·
880 667 940 718 οὗ
979 667 1087 735 γάρ
1142 664 1426 717 ἐϐούλοντο
1457 667 1615 718 πάλιν
1666 667 1746 728 εἰς

175 764 292 823 τεὺς
354 762 620 830 ἐσχάτους
672 760 899 821 ἑαυτοὺς
961 760 1208 809 καθεῖναι
1271 758 1572 818 κινδύνους.
1631 758 1744 810 Οὔκ

176 852 395 921 ὴρώτων
428 852 512 913 δὲ,
551 853 726 916 Πότες
764 850 898 914 ἀλλ’,
932 851 993 902 Εἰ
1024 851 1081 901 ἐν
1113 849 1189 918 τῷ
1211 849 1386 919 χρόνῳ
1411 847 1585 918 τούτῳ
1610 849 1744 900 ἀπο-

173 944 505 1006 καθιστάνεις
534 944 633 1012 τὴν
690 943 969 1012 βασιλείαν
1029 943 1106 1013 τῷ
1180 943 1445 1012 ⁹Ισραήλ;
1505 941 1566 992 Εἰ
1628 940 1742 1004 νῦν,

174 1019 329 1106 φησίν
385 1037 432 1068 ⁸⁸
468 1052 480 1064 ·
527 1035 698 1098 οὕτως
771 1036 1081 1104 ἐπεθύμουν
1126 1035 1222 1099 τὴν
1282 1035 1517 1104 ἡμέραν.
1591 1033 1721 1102 Ἐμο

171 1129 219 1179 δέ
247 1127 415 1190 δοκεῖ,
485 1127 607 1179 οὐδὲ
651 1125 1029 1198 τετρανῶσθαι
1072 1125 1118 1155 ⁸⁸
1151 1125 1267 1188 πῶς
1305 1125 1352 1155 ⁶⁰
1405 1126 1613 1186 αὐτοῖς,
1662 1125 1742 1185 τίς

171 1237 288 1272 ποτε
330 1216 399 1289 ἦν
428 1223 462 1289 ἡ
505 1219 752 1288 βασιλεία
773 1236 786 1250 ·
815 1218 968 1272 οὔπω
1000 1219 1109 1288 γὰρ
1141 1214 1209 1288 ἦν
1246 1217 1308 1269 τὸ
1349 1215 1572 1285 Πνεῦμα
1604 1217 1745 1269 διδά-

176 1311 258 1374 Ξαν
283 1311 503 1373 αὐτούς.
537 1311 653 1363 Οὐκ
678 1306 829 1363 εἷπον
857 1311 1088 1373 δέ,Ι]ότε
1127 1310 1296 1373 ἐστὶν,
1329 1307 1466 1374 ἀλλ’,
1516 1309 1573 1360 Εἰ
1611 1311 1740 1359 ἀπο-

169 1402 504 1464 καθιστάνεις
536 1403 699 1464 αὑτός
723 1421 736 1432 ·
781 1402 924 1455 οὕτω
953 1401 1136 1454 λοιπὸν
1177 1401 1400 1470 μείζονα
1426 1402 1552 1470 περὶ
1577 1397 1743 1453 αὑτοῦ

169 1493 542 1561 ἐφαντάζοντο.
602 1495 705 1547 Διὰ
759 1495 917 1546 τοῦτο
967 1493 1062 1546 καὶ
1123 1491 1286 1556 αὐτὸς
1353 1493 1650 1562 ἀνειμένως
1697 1491 1739 1522 ⁸⁸

172 1589 341 1649 αὐτοῖς
393 1587 752 1654 διαλέγεται·
789 1586 972 1639 οὐκέτι
1022 1585 1130 1656 γάρ
1185 1585 1366 1652 λέγει,
1425 1585 1507 1638 ὅτι
1556 1583 1676 1635 οὐδὲ
1715 1584 1743 1635 ὁ

173 1681 287 1743 Υἱὸς
341 1676 452 1733 οἶδε
483 1679 584 1750 τὴν
623 1679 874 1751 ἡμέραν·
934 1679 1072 1731 ἀλλὰ
1127 1677 1214 1743 τί;
1283 1679 1394 1746 Οὐχ
1442 1677 1595 1746 ὑμῶν
1627 1677 1742 1728 ἐστι

172 1773 364 1840 γνῶναι
411 1772 638 1843 χρόνους
668 1773 702 1842 ἦ
759 1769 1008 1841 καιρούς.
1071 1771 1147 1822 Οὐ
1192 1770 1299 1839 γὰρ
1345 1769 1554 1835 ἁγνοων
1580 1767 1740 1828 αὐτὸς

172 1866 272 1919 τῶν
298 1867 511 1936 χρόνων
555 1865 617 1918 τ⁴δ
652 1863 1052 1933 συμπέρασμα,
1085 1860 1164 1931 τῷ
1197 1861 1368 1929 Πατρὶ
1401 1859 1498 1928 τὴν
1530 1859 1738 1928 εἴδησιν

1851 664 2132 726 volebant,
2173 666 2270 734 ιι
2303 675 2355 719 et
2391 666 2458 718 ab
2493 666 2753 721 teruniuis
2796 675 2849 719 et
2891 667 3156 723 molestiis
3208 671 3433 726 liberari

1852 767 2018 826 atque
2043 757 2263 827 defungi
2297 759 2616 826 cupiebant.
2642 755 2760 810 Non
2792 760 2934 811 enim
2962 776 3154 814 rursus
3182 763 3434 818 volebant

1851 865 1978 904 sese
2007 851 2274 904 extremis
2303 851 2563 918 periculis
2599 850 2818 904 oﬂ‘errc.
2855 849 2971 904 Non
3003 853 3433 908 sciscitabantur

1848 953 2050 1003 autem,
2083 939 2357 1006 Quando?
2400 941 2516 1004 sed,
2553 941 2632 996 An
2666 943 2720 996 in
2761 941 2866 996 hoc
2898 951 3142 1012 tempore
3182 946 3434 999 restituis

1848 1048 2074 1101 regnum
2110 1032 2298 1087 Israeli
2335 1031 2356 1084 ?
2414 1035 2496 1086 Au
2558 1049 2724 1097 nunc,
2788 1035 3083 1103 inquiunt:
3119 1035 3254 1089 adeo
3285 1037 3430 1090 diem

1848 1125 1990 1177 Scire
2056 1125 2370 1193 eripiebant.
2435 1124 2566 1178 Mihi
2630 1136 2810 1181 autem
2873 1128 3109 1192 videtur,
3176 1144 3245 1182 ne
3301 1139 3432 1183 tunc

1847 1213 2065 1283 quidem
2122 1216 2304 1270 adhuc
2357 1218 2582 1284 planum
2632 1216 2834 1271 factum
2892 1219 2999 1273 illis
3037 1218 3224 1284 fuisse,
3260 1224 3430 1290 quod.

1846 1321 1972 1359 nam
2031 1323 2258 1377 regnum
2319 1309 2537 1361 tandem
2575 1319 2716 1364 esset
2755 1327 2768 1362 :
2810 1311 3051 1363 nondum
3110 1311 3255 1366 enim
3314 1323 3432 1368 erat

1847 1397 2102 1466 Spiritus,
2151 1400 2242 1468 qui
2282 1399 2500 1454 doceret
2552 1401 2695 1455 illos.
2750 1398 2865 1454 Non
2917 1401 3172 1456 dixerunt
3220 1412 3428 1470 autem,

1845 1489 2078 1556 Quando
2108 1492 2213 1543 erit
2247 1509 2258 1543 :
2301 1491 2420 1554 sed,
2456 1492 2538 1545 An
2571 1493 2822 1547 restituis
2871 1493 3008 1562 ipse.
3040 1493 3190 1548 Adeo
3219 1495 3429 1566 majora

1845 1582 2104 1650 deinceps
2148 1581 2216 1635 de
2257 1582 2354 1634 illo
2409 1583 2853 1653 imaginabantur
2901 1593 2957 1638 ct
3019 1586 3203 1641 animo
3241 1589 3429 1642 conci-

1843 1675 2090 1741 pieliaut.
2124 1673 2332 1729 Idcirco
2360 1675 2528 1730 etiam
2568 1677 2683 1747 ipse
2724 1677 2934 1747 placide
2961 1688 3014 1733 et
3057 1681 3255 1734 leniter
3297 1696 3424 1736 cum

1844 1768 1952 1819 illis
1992 1769 2418 1824 sermocinatur.
2474 1768 2595 1823 Non
2655 1771 2802 1824 enim
2845 1771 2954 1838 jam
2987 1773 3221 1842 amplius
3245 1774 3422 1829 dicit:

1843 1856 1920 1914 Ne
1955 1857 2127 1915 Filius
2163 1861 2384 1929 quidem
2418 1862 2560 1916 diem
2592 1863 2742 1918 novit
2773 1880 2786 1917 :
2833 1865 2927 1918 sed
2959 1863 3086 1934 quid
3119 1865 3142 1917 ‘i
3186 1864 3306 1918 Non
3341 1875 3428 1921 est

173 1957 525 2028 παρέπεμψεν
556 1973 568 1986 ·
630 1955 746 2010 ἀλλ’
801 1955 992 2024 ἐπειδὴ
1028 1955 1258 2024 περιττή
1303 1970 1387 2016 τις
1428 1951 1670 2022 ὑπῆρχεν
1706 1953 1738 2018 ἡ

1845 1961 2089 2005 vestrunt
2121 1953 2266 2006 scire
2298 1960 2546 2022 tempora
2576 1962 2629 2008 et
2655 1963 2930 2008 momenta
2956 1962 3283 2025 temporum.
3305 1955 3425 2010 Non

175 2050 450 2119 ἐρώτησις,
495 2048 888 2118 συμφερόντως
914 2045 1328 2116 παρεσιώπησε.
1393 2045 1600 2106 Σκοπὸς
1629 2042 1738 2117 γὰρ

173 2139 231 2211 ἦν
256 2142 402 2211 αὐτῷ
437 2143 537 2210 τὴν
574 2143 653 2203 εἰς
692 2138 852 2192 τοῦτο
882 2136 1420 2208 πολυπραγμοσύνην
1469 2134 1738 2196 ἀνακόψαι

171 2238 267 2288 τῶν
314 2235 595 2306 μαθητῶν.
665 2233 971 2302 Κηρύττειν
1033 2232 1144 2300 γάρ
1199 2230 1395 2289 αὐτοὺς
1450 2227 1738 2282 ἀπέστειλε

170 2330 257 2400 τὴν
293 2328 574 2399 βασιλείαν
611 2326 722 2379 τῶν
749 2323 1022 2395 οὐρανῶν,
1068 2325 1126 2374 οὐ
1161 2323 1261 2390 τὴν
1308 2321 1584 2389 ποσότητα
1629 2318 1738 2371 τῶν

174 2421 364 2489 χρόνων
390 2419 848 2488 κατασημαίνειν.
893 2417 968 2468 Ού
999 2416 1150 2483 λέγει
1179 2414 1237 2466 δὲ
1278 2414 1462 2474 αὐτοῖς
1501 2413 1592 2464 τὸν
1617 2428 1738 2465 και-

174 2512 274 2580 ρδν,
328 2510 398 2563 τὰ
459 2509 640 2578 πολλῷ
683 2508 855 2578 μείζω
899 2505 1120 2570 διδάξας
1153 2521 1167 2536 ·
1214 2505 1323 2566 ἴνα,
1365 2505 1440 2565 ὡς
1475 2503 1736 2563 πολλάκις

171 2600 384 2670 ἔφαμεν,
425 2599 791 2670 ἐγρηγορότες
813 2591 918 2650 ὦσι
945 2613 958 2627 ·
995 2597 1090 2649 καὶ
1119 2597 1203 2648 ὅτι
1224 2595 1378 2647 οὐδὲν
1407 2593 1737 2647 ἐϐλάπτοντο

178 2691 242 2760 μὴ
269 2691 468 2753 εἰδότες
497 2705 514 2721 ο
568 2690 694 2742 ἐπεὶ
750 2687 932 2758 πολλῷ
965 2685 1187 2758 μείζονα
1229 2687 1420 2738 τούτου
1448 2684 1685 2748 ἐδίδαξεν
1718 2697 1730 2710 ·

172 2782 243 2833 ὅτι
264 2782 384 2844 Υἱός
407 2783 526 2833 ἐστι
566 2780 661 2832 τοῦ
684 2779 820 2832 Θεοῦ
844 2819 860 2843 ,
893 2781 987 2831 καὶ
1017 2779 1098 2831 ὅτι
1127 2778 1390 2847 ὁμότιμος
1416 2775 1494 2844 τῷ
1524 2774 1699 2842 Πατρί
1719 2788 1732 2802 ·

175 2873 242 2923 δτι
277 2872 497 2939 ἀνέστη,
545 2872 630 2924 δτι
675 2871 975 2932 ἀνάστασις
1013 2869 1189 2932 ἔσται,
1267 2869 1350 2920 ὅτι
1387 2869 1592 2937 κρίσις,
1651 2867 1734 2918 ὅτι

174 2962 404 3014 ἐκάθισεν
453 2963 512 3013 ἐν
559 2961 711 3030 δεξιᾷ
761 2959 858 3013 τοῦ
900 2958 1138 3028 Πατρός.
1180 2957 1246 3010 Τί
1287 2957 1416 3026 γάρ,
1451 2957 1570 3008 εἰπέ
1621 2970 1730 3023 μοι,

176 3053 384 3120 μεῖξονς
453 3051 515 3104 τὸ
569 3051 762 3121 μαθεῖν
811 3051 894 3102 ὅτι
947 3048 1298 3119 βασιλεύσει,
1359 3047 1393 3116 ἢ
1451 3052 1512 3097 τὸ
1558 3045 1730 3108 πότες

180 3143 370 3210 Ἐμαθε
407 3141 624 3204 Παῦλος
665 3141 702 3196 ἃ
746 3141 850 3194 οὐκ
906 3140 1025 3205 ἐξὸν
1063 3140 1338 3209 ἀνθρώπῳ
1387 3139 1566 3192 λαλεῖν
1591 3156 1604 3168 ·
1641 3140 1734 3191 καὶ

175 3233 391 3300 Μωῡσῆς
438 3231 614 3301 ἔμαθε
643 3229 741 3300 τὴν
775 3229 950 3299 ἀρχὴν
977 3228 1072 3283 τοῦ
1109 3231 1317 3299 κόσμου
1349 3246 1360 3260 ·
1407 3231 1500 3281 καὶ
1558 3230 1689 3280 πότε
1715 3246 1728 3259 ⁸

177 3325 257 3377 καὶ
286 3325 388 3394 πρὸ
419 3323 607 3376 πόσων
644 3324 855 3390 χρόνων
880 3338 895 3352 ·
944 3326 1038 3373 καὶ
1082 3321 1306 3390 ἀριθμεῖ
1329 3320 1396 3372 τὰ
1425 3321 1519 3388 ἔτη
1553 3337 1568 3352 ·
1601 3319 1726 3372 καί·

173 3431 246 3467 τοι
282 3417 490 3485 ή-ἁρχη
514 3412 612 3466 τοῦ
653 3413 840 3474 τέλους
873 3413 953 3475 εἰς
983 3411 1205 3478 γνῶσιν,
1237 3413 1312 3473 ὡς
1349 3412 1574 3474 ἐπίπαν,
1601 3414 1731 3464 δυσ-

173 3505 491 3576 κολώτερον·
569 3503 746 3565 ἄλλως
795 3503 872 3566 δὲ,
913 3502 1109 3554 ἐκεῖνοι
1141 3501 1260 3553 οὐδὲ
1315 3504 1443 3571 περὶ
1489 3503 1585 3572 τῆς
1628 3520 1729 3554 κα·-

179 3594 312 3646 Θόλου
348 3595 512 3648 αὑτὸν
538 3592 769 3662 ἠρώτων
801 3589 1138 3650 συντελείας·
1180 3589 1317 3653 ἀλλ’,
1355 3589 1417 3641 Εἰ
1451 3589 1527 3658 τῷ
1550 3590 1728 3658 χρόνῳ

176 3688 325 3757 τούτῳ
361 3685 829 3745 ἀποκαθιστάνεις
862 3682 962 3752 τὴν
1008 3681 1286 3750 βασιλείαν
1330 3681 1407 3750 τῷ
1470 3681 1727 3750 Ὶσραήλς

186 3778 235 3830 '0
260 3779 312 3830 δὲ
338 3778 458 3830 οὐδὲ
498 3775 662 3828 τοῦτο
714 3775 898 3836 αὐτοῖς
947 3771 1280 3840 ἐξεκάλυψεν
1313 3787 1328 3802 ο
1384 3771 1498 3823 ἀλλ’
1541 3770 1728 3840 ὥσπερ

177 3870 274 3921 ἐκεῖ
303 3867 642 3938 ἀπεκρίνατο
690 3865 920 3931 ἀπάγων
960 3864 1158 3924 αὐτοὺς
1195 3863 1287 3914 τοῦ
1342 3863 1584 3932 νομίζειν
1629 3863 1728 3932 τὴν

179 3959 470 4029 ἀπαλλαγὴν
499 3957 613 4011 τῶν
649 3955 927 4026 δυσχερῶν
965 3953 1105 4008 εἶναι
1149 3955 1375 4023 πλησίον
1408 3969 1421 3982 ·
1473 3955 1590 4007 ἀλλ’
1645 3955 1728 4006 ὅτι

180 4049 259 4100 καὶ
296 4048 506 4111 πολλοῖς
540 4045 966 4117 περιπεσώνται
1002 4043 1290 4104 κινδύνοις,
1335 4041 1476 4095 οὕτω
1519 4043 1609 4095 καὶ
1644 4044 1728 4094 ἐν·

177 4137 346 4199 ταῦθα,
380 4139 520 4207 πλὴν
563 4134 916 4206 ἡμερώτερον
946 4149 963 4164 ·
997 4133 1154 4196 ἀλλὰ,
1188 4131 1438 4202 Λήψεσθε
1474 4131 1722 4201 δύναμιν.

180 4223 310 4293 Εἶτα,
341 4229 426 4281 ἵνα
463 4228 544 4298 μὴ
574 4226 736 4280 πάλιν
768 4225 932 4276 αὐτὸν
964 4224 1265 4292 ἐρωτῶσιν,
1301 4223 1502 4282 εὐθέως
1530 4223 1722 4292 ἀνελή-

181 4317 292 4387 φθη.
316 4316 467 4384 Εἶτα,
507 4319 646 4390 [Ἕνα
677 4319 752 4387 μὴ
779 4317 996 4379 εἴπωσι,
1021 4316 1172 4367 Διατί
1197 4317 1442 4386 ἐπαίρεις
1456 4316 1516 4367 τὸ
1550 4318 1728 4386 πρᾶγ-

183 4427 244 4477 μα
270 4428 284 4476 ς
313 4409 497 4482 φη]σὶν
541 4411 572 4463 6
613 4410 742 4472 Υἱός
764 4425 780 4440 ·
827 4408 935 4471 Οὓς
961 4409 991 4460 6
1016 4408 1204 4476 Πατὴρ
1243 4407 1396 4459 ἔθετο
1433 4409 1492 4459 ἐν
1519 4410 1586 4479 τῇ
1620 4408 1728 4479 ίδίᾳ

182 4501 372 4572 ἐξουσίᾳ
396 4520 410 4534 ·
442 4505 477 4573 ἡ
504 4501 568 4555 δὲ
595 4501 690 4554 τοῦ
721 4499 936 4570 Πατρδς
966 4498 1207 4563 ἐξουσία,
1232 4498 1476 4568 δηλονότι
1511 4503 1604 4552 καὶ
1631 4500 1724 4552 τοῦ

181 4590 202 4632 ἴ
219 4590 290 4643 τοῦ
313 4609 325 4621 ·
360 4593 553 4664 ὥσπερ
574 4594 684 4663 γὰρ
714 4594 742 4644 6
790 4591 982 4660 Πατὴρ
1001 4590 1203 4658 ἐγείρει
1228 4591 1354 4650 τοὺς
1375 4590 1604 4658 νεκροὺς
1631 4590 1724 4641 καὶ

1837 4606 1990 4660 quam
2068 4591 2212 4658 quod
2280 4591 2518 4648 mitius:

179 4676 422 4748 ζωοποιεῖ,
445 4681 591 4734 οὕτω
615 4681 710 4733 καὶ
734 4681 762 4732 6
790 4679 934 4744 Υἱὸς,
965 4677 1057 4740 οὒς
1090 4677 1253 4739 ϐέλει,
1289 4676 1560 4740 ζωοποιεῖ.
1585 4677 1647 4731 Εἰ
1668 4677 1724 4729 δὲ

180 4766 288 4820 ἔνθα
311 4770 647 4837 ἐργάσασθαι
670 4769 750 4821 δεῖ
779 4769 845 4820 τά
867 4766 1115 4837 φρικώδη
1141 4768 1236 4818 καὶ
1264 4767 1553 4836 ἀπόρρητα
1585 4768 1725 4835 μετά

180 4858 264 4927 τῆς
292 4862 541 4927 ἔξουσίας
593 4864 622 4914 ὁ
659 4861 726 4914 θ’.
783 4862 812 4912 6
863 4859 1052 4928 Πατὴρ
1087 4861 1130 4890 ⁸³
1183 4860 1496 4927 ἐργάζεται,
1545 4859 1724 4929 πολλῷ

183 4953 376 5019 μᾶλλον,
409 4954 541 5008 ἔνθα
586 4953 668 5006 δεῖ
706 4953 922 5006 εἰδέναι.
969 4950 1156 5020 Πολλῷ
1204 4951 1312 5019 γὰρ
1348 4952 1532 5019 μεῖζον
1585 4951 1644 5002 τὸ
1679 4952 1724 4982 ⁸⁵

181 5046 377 5113 νεκροὺς
437 5045 681 5114 ἐγείρειν
735 5043 872 5113 μετὰ
915 5043 1018 5112 τῆς
1081 5044 1200 5109 ἴσης
1263 5046 1355 5094 καὶ
1401 5047 1500 5110 τῆς
1551 5045 1721 5111 αὐτῆς

183 5135 399 5200 ἐξουσίας
440 5138 522 5206 τῷ
577 5136 773 5205 Πατρὶ,
815 5135 850 5205 ἢ
887 5135 985 5203 τὴν
1013 5134 1229 5204 ἡμέραν
1275 5133 1493 5186 εἰδέναι.
1539 5137 1637 5186 Διά
1667 5136 1721 5187 τί

1841 2044 2013 2104 enim,
2043 2044 2170 2112 quia
2206 2044 2321 2112 ipsc
2353 2045 2630 2114 ignoraret
2662 2058 2966 2116 temporum
2989 2051 3424 2103 consummatio-

1840 2146 1963 2184 nem
2011 2133 2076 2185 ad
2126 2131 2342 2186 Patrem
2405 2134 2691 2189 scientiam
2757 2137 2977 2204 reiicit:
3029 2139 3122 2192 sed
3160 2141 3419 2208 quoniam

1840 2237 2184 2291 Supervacua
2216 2225 2439 2293 quidam
2488 2235 2605 2280 erat
2650 2229 3025 2298 interrogatio,
3061 2232 3266 2286 utiliter
3294 2232 3425 2286 reti-

1839 2315 1972 2368 cuit.
2008 2313 2140 2368 Nam
2181 2316 2230 2369 id
2262 2315 2476 2384 agebat,
2512 2328 2570 2372 ut
2606 2317 2724 2384 ejus
2763 2320 2840 2372 rei
2875 2320 3149 2374 curiosam
3176 2321 3424 2390 discipu-

1839 2406 2014 2460 lorum
2064 2407 2460 2461 scrutationem
2524 2411 2846 2478 reprimeret
2900 2423 3064 2482 atque
3127 2414 3420 2470 inhiberet.

1840 2494 2088 2549 Mittebat
2115 2496 2259 2551 enim
2278 2511 2396 2559 eas,
2424 2507 2483 2550 ut
2505 2498 2865 2566 prwdicarent
2886 2516 3108 2569 regnum
3131 2503 3421 2568 emTorum,

1838 2601 1946 2639 non
2014 2596 2071 2639 ut
2129 2588 2396 2640 rationem
2462 2597 2768 2656 temporum
2811 2599 3090 2644 notarent.
3139 2590 3259 2646 Non
3309 2595 3423 2647 edit

1839 2683 2024 2728 autem
2069 2674 2178 2729 illis
2214 2676 2506 2728 articulum
2541 2678 2829 2746 temporis,
2854 2693 2974 2731 cum
3015 2679 3188 2733 multo
3214 2681 3419 2748 majora

1837 2766 2138 2831 docuisset,
2166 2773 2250 2830 ut,
2277 2767 2738 2834 quemadmodum
2777 2783 2919 2836 smpe
2945 2770 3103 2833 dixit,
3134 2771 3420 2840 vigilantes

1835 2865 2060 2912 essent:
2102 2866 2157 2910 et
2185 2855 2336 2925 quod
2366 2858 2505 2910 nihil
2541 2858 2621 2912 eis
2654 2859 2746 2910 illa
2802 2859 3113 2930 ignorantia
3175 2872 3417 2926 noceret,

1834 2948 2097 3016 quoniam
2128 2947 2291 3016 longe
2349 2949 2580 3016 majora,
2617 2964 2784 3017 quam
2844 2950 2960 3003 lucc
3011 2965 3099 3005 res
3149 2959 3289 3012 erat,
3320 2953 3420 3005 do-

1835 3045 2062 3099 cuerat,
2116 3037 2264 3105 quod
2337 3035 2512 3090 Filius
2606 3035 2700 3089 Dci
2793 3046 2977 3103 esset,
3049 3039 3195 3109 qurd
3272 3040 3419 3096 Patri

1830 3128 2085 3197 aequalis,
2149 3126 2296 3195 quod
2351 3128 2794 3182 resurrexisset:
2858 3130 3003 3198 quod
3058 3135 3415 3195 resurrectio,

1835 3220 2269 3290 quodjudicium
2299 3219 2484 3274 futura
2514 3221 2628 3274 sint
2661 3237 2674 3273 :
2700 3223 2844 3289 quod
2877 3223 3106 3278 sedebat
3135 3225 3200 3279 ad
3232 3227 3420 3280 dexte-

1840 3328 1954 3365 ram
2021 3311 2220 3366 l’atris.
2275 3311 2416 3378 Quid
2467 3315 2634 3374 enim,
2666 3314 2755 3368 dic
2810 3315 2964 3378 mihi,
3010 3316 3230 3384 majus?
3276 3319 3420 3372 scire

1835 3403 1979 3472 quod
2011 3413 2338 3473 regnaturus
2371 3403 2465 3467 sit,
2533 3421 2626 3469 an,
2683 3407 2942 3474 quando?
2975 3407 3249 3464 Didicerat
3279 3409 3420 3464 Pau-

1833 3494 1940 3556 lus,
1967 3509 2086 3562 qua:
2107 3487 2314 3546 hoinini
2344 3493 2493 3562 loqui
2521 3509 2628 3546 non
2658 3494 2878 3556 licebat.
2927 3504 2982 3550 et
3028 3497 3244 3568 Moyses
3276 3498 3418 3554 didi-

1832 3594 1984 3639 cerat
2019 3584 2230 3638 initiqu
2265 3586 2451 3639 mundi
2488 3604 2500 3640 :
2557 3595 2633 3652 et,
2695 3589 2914 3658 quando
2947 3604 2960 3640 :
2990 3599 3064 3652 et,
3095 3600 3222 3644 ante
3249 3608 3414 3660 quani

1833 3678 2003 3729 multa
2027 3685 2312 3743 tempora:
2361 3683 2416 3729 et
2469 3686 2726 3730 numerat
2755 3693 2967 3732 annos:
3025 3683 3175 3750 atqui
3209 3684 3418 3751 princi-

1835 3768 1984 3838 pium
2037 3769 2090 3821 in
2157 3769 2474 3822 universum
2534 3769 2755 3838 cognitu
2791 3770 3064 3826 diﬂicilius
3119 3782 3204 3826 est
3249 3789 3415 3843 quam

1834 3861 1979 3914 ﬁnis.
2015 3861 2191 3928 Atque
2224 3859 2386 3912 aliter
2421 3877 2434 3912 :
2465 3859 2549 3913 Illi
2605 3876 2703 3914 nec
2734 3862 2800 3915 de
2851 3865 3146 3918 universali
3193 3867 3413 3934 quidem

1831 3955 2304 4009 consummatione
2335 3970 2458 4008 eum
2492 3955 2898 4025 interrogabant
2931 3974 2943 4009 :
2983 3958 3098 4021 sed,
3124 3963 3204 4012 An
3231 3959 3283 4012 in
3314 3959 3416 4032 hoc

1834 4055 2078 4114 tempore
2109 4045 2357 4099 restituis
2402 4061 2628 4114 regnum
2689 4047 2872 4100 lsraeli
2905 4049 2929 4101 ?
2983 4049 3052 4102 At
3099 4050 3189 4103 ille
3217 4065 3284 4104 ne
3312 4050 3416 4104 hoc

1829 4135 2051 4204 quidem
2111 4137 2192 4188 eis
2250 4136 2547 4203 patefecit:
2618 4137 2713 4191 sed
2774 4139 3232 4207 quemadmodum
3303 4141 3416 4195 illic

1833 4225 1904 4278 ita
1942 4225 2246 4292 respondit,
2282 4235 2336 4277 ut
2365 4224 2663 4278 abduceret
2687 4240 2781 4277 eos
2813 4226 2881 4279 ab
2913 4225 3004 4278 illa
3035 4226 3316 4290 Opinione,
3347 4242 3414 4279 nc

1831 4324 2084 4385 putarent
2117 4314 2277 4368 tinem
2311 4313 2682 4367 molestiarum
2727 4326 2778 4368 et
2811 4330 3182 4368 :erumnarum
3214 4329 3412 4384 appro-

1831 4406 2123 4475 pinquare,
2184 4405 2279 4459 sed
2314 4405 2560 4459 futurum
2592 4422 2736 4471 esse,
2767 4416 2826 4460 ut
2863 4407 2917 4460 in
2959 4407 3128 4461 multa
3153 4407 3411 4477 deinceps

1829 4498 1990 4551 etiam
2025 4498 2267 4566 pericula
2302 4497 2612 4553 inciderent
2636 4516 2650 4551 :
2678 4499 2750 4552 ita
2794 4499 2958 4553 etiam
3003 4499 3114 4562 hic,
3187 4507 3412 4569 praeter-

2589 4590 2695 4645 Sed
2763 4592 3048 4660 accipietis
3126 4591 3406 4647 virtutem.

1828 4682 2035 4734 Deinde
2074 4697 2142 4734 ne
2170 4696 2364 4736 rursus
2391 4698 2514 4734 eum
2541 4682 2944 4750 interrogarent
2979 4683 3163 4735 statim
3195 4698 3409 4736 assum-

1829 4780 1954 4841 ptus
1987 4781 2094 4826 est.
2129 4769 2423 4835 Praeterea,
2458 4787 2526 4826 ne
2563 4787 2759 4827 rursus
2791 4773 3036 4826 dicerent
3069 4791 3083 4828 :
3141 4772 3250 4827 Cur
3292 4789 3404 4827 rem

1829 4862 2016 4916 diﬂcrs
2069 4873 2124 4916 et
2176 4862 2512 4931 suspendis?
2566 4861 2762 4927 Filius,
2801 4862 2949 4928 Quos
2977 4861 3160 4928 Pater,
3207 4863 3403 4931 inquit,

1829 4954 2010 5021 posuit
2062 4955 2114 5006 in
2182 4969 2284 5008 sua
2339 4963 2628 5022 potestate.
2693 4953 2874 5008 Patris
2925 4963 3104 5006 autem
3164 4962 3406 5022 potestas

1828 5045 2083 5099 videlicet
2131 5046 2296 5099 etiam
2326 5045 2447 5097 Filii
2497 5055 2740 5115 potestas
2793 5054 2894 5100 est.
2937 5045 3407 5110 Quemadmodum

1827 5138 1970 5188 enim
2015 5135 2192 5198 Pater,
2235 5137 2308 5189 ita
2357 5135 2521 5188 etiam
2551 5135 2739 5207 Filius,
2788 5151 2928 5205 quos
2974 5136 3088 5190 vult
3119 5136 3410 5191 resuscitat

1341 5275 1540 5335 Variae
1575 5273 1878 5336 lectiones
1926 5284 1986 5337 et
2027 5287 2216 5337 nota}.

239 5373 406 5439 "10.,
447 5395 636 5446 φασιν.
713 5377 762 5408 ⁸³
795 5376 1105 5446 τρανῶσθαί
1132 5395 1266 5439 πως,
1299 5388 1436 5430 erat.

185 5441 333 5515 bendi,
367 5457 422 5498 ut
455 5441 631 5515 posui.

189 5514 286 5576 Υἱὸς
335 5519 424 5568 καὶ
451 5514 480 5569 6
512 5518 729 5587 Πατὴρ,
754 5517 809 5587 ἦ,
836 5518 908 5578 ὡς
943 5517 972 5566 6
1009 5518 1220 5584 Πατήρ.
1298 5517 1342 5545 ⁸⁸
1370 5520 1460 5570 τόν
1493 5528 1626 5570 erat.

245 5678 258 5692 '
294 5671 454 5729 Verba
483 5679 600 5731 haec
648 5676 923 5733 uneinulis
974 5677 1232 5730 conclusa
1285 5677 1484 5732 desunt
1531 5679 1583 5730 in
1614 5675 1731 5730 edi-

187 5742 571 5818 tioneb'ipliani.
613 5749 684 5800 lia
731 5749 1116 5814 proculdubio
1163 5748 1483 5818 typographi
1513 5748 1727 5800 incuria

187 5813 488 5888 eviderunt.
521 5818 654 5879 Nos,
681 5813 881 5886 quibus
910 5813 1354 5877 codicetnfuude
1392 5834 1454 5871 ea
1489 5821 1729 5870 manavit

187 5887 342 5955 Cdillt).
409 5889 681 5942 insoicerc
741 5903 846 5940 non
907 5888 1049 5946 licet.
1098 5905 1160 5942 ea
1220 5903 1285 5942 ex
1327 5889 1726 5946 Chrvsostomo

1516 5379 1560 5409 ⁶⁰
1598 5379 1683 5430 ἵσ.
1709 5395 1814 5432 πω.

710 5448 756 5478 ⁶²
789 5446 920 5500 Erat
953 5448 1088 5498 enim
1128 5447 1388 5512 ejusnuui
1417 5458 1566 5510 nam,
1611 5450 1854 5516 quoniam
1891 5466 1991 5501 non
2033 5462 2270 5515 poteram
2326 5449 2532 5516 assequi
2587 5448 2688 5499 nisi
2721 5451 3046 5512 conjectura.

1909 5380 1947 5409 ⁶¹
1974 5379 2304 5446 ἀνιγμένως,
2330 5387 2444 5430 erat
2475 5393 2492 5430 :
2528 5377 2578 5429 in
2613 5378 2846 5445 margine
2885 5384 3175 5428 correctum
3221 5375 3404 5437 deprc-

1909 5467 1991 5495 mn
2035 5462 2270 5495 poteram
2326 5449 2532 5495 asseuui
2587 5448 2688 5495 nisi
2721 5451 3046 5495 coniectura.
3162 5447 3205 5476 ⁶³
3260 5447 3346 5495 ἔσ.
3377 5445 3405 5495 ὁ

3263 5460 3346 5497 εσ.

1840 5681 2222 5734 restitnimus:
2275 5693 2400 5732 nam
2433 5695 2497 5733 ex
2523 5679 2714 5732 Latina
2747 5679 3216 5747 interpretatione,
3254 5689 3304 5732 et
3338 5696 3404 5734 ex

1839 5751 1904 5801 iis
1937 5766 2057 5817 quae
2086 5761 2414 5818 sequuntur,
2441 5759 2606 5817 patet,
2628 5748 3116 5818 TheOphylactnm,
3147 5751 3247 5804 hoc
3266 5752 3404 5814 loco,

1842 5823 1985 5872 sicut
2019 5821 2072 5871 in
2117 5821 2387 5886 plerisque
2440 5821 2585 5879 aliis,
2645 5821 2759 5888 ipsa
2808 5820 3183 5886 Cln'ysoswmi
3243 5823 3404 5876 verba

1841 5905 2156 5949 usurpasse.
2200 5888 2388 5942 Editur
2431 5890 2671 5941 l‘cncms.
