  <div class='ocr_page' id='page_1' title='image "/cluster/home/n/w/nwhite01/storage/ocr_20150623/125/nnc1.0046979794/261.png"; bbox 0 0 4156 6440; ppageno 0'>
   <div class='ocr_carea' id='block_1_1' title="bbox 654 390 759 454">
    <p class='ocr_par' dir='ltr' id='par_1_1' title="bbox 654 390 759 454">
     <span class='ocr_line' id='line_1_1' title="bbox 654 390 759 454; baseline 0 -1"><span class='ocrx_word' id='word_1_1' title='bbox 654 390 759 454; x_wconf 80' lang='grc'><strong>515</strong></span> 
     </span>
    </p>
   </div>
   <div class='ocr_carea' id='block_1_2' title="bbox 1575 382 2993 443">
    <p class='ocr_par' dir='ltr' id='par_1_2' title="bbox 1575 382 2993 443">
     <span class='ocr_line' id='line_1_2' title="bbox 1575 382 2993 443; baseline 0 -2"><span class='ocrx_word' id='word_1_2' title='bbox 1575 382 2161 442; x_wconf 71' lang='lat' dir='ltr'><strong>TIIEOPIIYLACTI</strong></span> <span class='ocrx_word' id='word_1_3' title='bbox 2194 383 2290 441; x_wconf 72' lang='lat' dir='ltr'><strong>DU</strong></span> <span class='ocrx_word' id='word_1_4' title='bbox 2304 382 2608 442; x_wconf 72' lang='lat' dir='ltr'><strong>LGARUE</strong></span> <span class='ocrx_word' id='word_1_5' title='bbox 2636 382 2993 443; x_wconf 78' lang='lat' dir='ltr'><strong>ARCHIEP.</strong></span> 
     </span>
    </p>
   </div>
   <div class='ocr_carea' id='block_1_3' title="bbox 3802 382 3910 449">
    <p class='ocr_par' dir='ltr' id='par_1_3' title="bbox 3802 382 3910 449">
     <span class='ocr_line' id='line_1_3' title="bbox 3802 382 3910 449; baseline 0.046 -6"><span class='ocrx_word' id='word_1_6' title='bbox 3802 382 3910 449; x_wconf 65' lang='grc'><strong>536</strong></span> 
     </span>
    </p>
   </div>
   <div class='ocr_carea' id='block_1_4' title="bbox 662 489 2227 563">
    <p class='ocr_par' dir='ltr' id='par_1_4' title="bbox 662 490 2227 560">
     <span class='ocr_line' id='line_1_4' title="bbox 662 490 2227 560; baseline -0.008 -6"><span class='ocrx_word' id='word_1_7' title='bbox 662 508 909 553; x_wconf 82' lang='lat' dir='ltr'><strong>mortuos</strong></span> <span class='ocrx_word' id='word_1_8' title='bbox 950 504 1003 549; x_wconf 88' lang='lat' dir='ltr'><strong>ct</strong></span> <span class='ocrx_word' id='word_1_9' title='bbox 1028 493 1280 547; x_wconf 68' lang='lat' dir='ltr'><strong>vit-ilicet.</strong></span> <span class='ocrx_word' id='word_1_10' title='bbox 1303 490 1455 556; x_wconf 86' lang='lat' dir='ltr'><strong>Quod</strong></span> <span class='ocrx_word' id='word_1_11' title='bbox 1481 492 1547 554; x_wconf 81' lang='lat' dir='ltr'><strong>si,</strong></span> <span class='ocrx_word' id='word_1_12' title='bbox 1584 492 1672 543; x_wconf 90' lang='lat' dir='ltr'><strong>ubi</strong></span> <span class='ocrx_word' id='word_1_13' title='bbox 1707 490 1918 544; x_wconf 71' lang='lat' dir='ltr'><strong>edicere</strong></span> <span class='ocrx_word' id='word_1_14' title='bbox 1959 507 2077 543; x_wconf 91' lang='lat' dir='ltr'><strong>cum</strong></span> <span class='ocrx_word' id='word_1_15' title='bbox 2132 507 2227 560; x_wconf 84' lang='lat' dir='ltr'><strong>po-</strong></span> 
     </span>
    </p>
   </div>
   <div class='ocr_carea' id='block_1_5' title="bbox 2333 489 3913 563">
    <p class='ocr_par' dir='ltr' id='par_1_5' title="bbox 2333 489 3913 563">
     <span class='ocr_line' id='line_1_5' title="bbox 2333 489 3913 563; baseline 0.004 -23"><span class='ocrx_word' id='word_1_16' title='bbox 2333 490 2386 541; x_wconf 85' lang='grc' dir='ltr'>δὲ</span> <span class='ocrx_word' id='word_1_17' title='bbox 2423 492 2497 557; x_wconf 80' lang='grc' dir='ltr'>μὴ</span> <span class='ocrx_word' id='word_1_18' title='bbox 2530 490 2666 558; x_wconf 71' lang='grc' dir='ltr'>πρὸς</span> <span class='ocrx_word' id='word_1_19' title='bbox 2708 489 2743 542; x_wconf 80' lang='grc' dir='ltr'>ἃ</span> <span class='ocrx_word' id='word_1_20' title='bbox 2796 491 3089 558; x_wconf 68' lang='grc' dir='ltr'>ἠρώτησαν</span> <span class='ocrx_word' id='word_1_21' title='bbox 3133 490 3179 542; x_wconf 79' lang='lat' dir='ltr'><strong>oi</strong></span> <span class='ocrx_word' id='word_1_22' title='bbox 3226 489 3498 559; x_wconf 78' lang='grc' dir='ltr'>μαθηταὶ,</span> <span class='ocrx_word' id='word_1_23' title='bbox 3554 491 3830 563; x_wconf 72' lang='grc' dir='ltr'>ἀπεκρίθη</span> <span class='ocrx_word' id='word_1_24' title='bbox 3883 496 3913 547; x_wconf 88' lang='grc' dir='ltr'>ὁ</span> 
     </span>
    </p>
   </div>
   <div class='ocr_carea' id='block_1_6' title="bbox 652 582 2227 654">
    <p class='ocr_par' dir='ltr' id='par_1_6' title="bbox 652 582 2227 654">
     <span class='ocr_line' id='line_1_6' title="bbox 652 582 2227 654; baseline -0.006 -10"><span class='ocrx_word' id='word_1_25' title='bbox 652 597 851 643; x_wconf 87' lang='lat' dir='ltr'><strong>testate</strong></span> <span class='ocrx_word' id='word_1_26' title='bbox 873 595 1086 654; x_wconf 81' lang='lat' dir='ltr'><strong>oportet</strong></span> <span class='ocrx_word' id='word_1_27' title='bbox 1114 582 1386 636; x_wconf 83' lang='lat' dir='ltr'><strong>horrenda</strong></span> <span class='ocrx_word' id='word_1_28' title='bbox 1426 591 1585 649; x_wconf 78' lang='lat' dir='ltr'><strong>atque</strong></span> <span class='ocrx_word' id='word_1_29' title='bbox 1626 597 1847 645; x_wconf 74' lang='lat' dir='ltr'><strong>arcana,</strong></span> <span class='ocrx_word' id='word_1_30' title='bbox 1894 584 2035 635; x_wconf 91' lang='lat' dir='ltr'><strong>sicut</strong></span> <span class='ocrx_word' id='word_1_31' title='bbox 2073 583 2227 635; x_wconf 79' lang='lat' dir='ltr'><strong>Pater</strong></span> 
     </span>
    </p>
   </div>
   <div class='ocr_carea' id='block_1_7' title="bbox 652 671 2227 745">
    <p class='ocr_par' dir='ltr' id='par_1_7' title="bbox 652 671 2227 745">
     <span class='ocr_line' id='line_1_7' title="bbox 652 671 2227 745; baseline -0.006 -14"><span class='ocrx_word' id='word_1_32' title='bbox 652 689 940 745; x_wconf 83' lang='lat' dir='ltr'><strong>operatur:</strong></span> <span class='ocrx_word' id='word_1_33' title='bbox 962 676 1129 728; x_wconf 85' lang='lat' dir='ltr'><strong>multo</strong></span> <span class='ocrx_word' id='word_1_34' title='bbox 1149 676 1344 734; x_wconf 67' lang='lat' dir='ltr'><strong>magis,</strong></span> <span class='ocrx_word' id='word_1_35' title='bbox 1361 672 1447 723; x_wconf 86' lang='lat' dir='ltr'><strong>ubi</strong></span> <span class='ocrx_word' id='word_1_36' title='bbox 1466 680 1677 739; x_wconf 81' lang='lat' dir='ltr'><strong>oportet</strong></span> <span class='ocrx_word' id='word_1_37' title='bbox 1699 674 1859 725; x_wconf 82' lang='lat' dir='ltr'><strong>scire.</strong></span> <span class='ocrx_word' id='word_1_38' title='bbox 1886 671 2064 741; x_wconf 74' lang='lat' dir='ltr'><strong>Longe</strong></span> <span class='ocrx_word' id='word_1_39' title='bbox 2082 673 2227 725; x_wconf 64' lang='lat' dir='ltr'><strong>enim,</strong></span> 
     </span>
    </p>
   </div>
   <div class='ocr_carea' id='block_1_8' title="bbox 656 764 2227 838">
    <p class='ocr_par' dir='ltr' id='par_1_8' title="bbox 656 764 2227 838">
     <span class='ocr_line' id='line_1_8' title="bbox 656 764 2227 838; baseline -0.005 -16"><span class='ocrx_word' id='word_1_40' title='bbox 656 769 836 838; x_wconf 74' lang='lat' dir='ltr'><strong>majus</strong></span> <span class='ocrx_word' id='word_1_41' title='bbox 867 778 969 831; x_wconf 90' lang='lat' dir='ltr'><strong>est,</strong></span> <span class='ocrx_word' id='word_1_42' title='bbox 1002 776 1246 819; x_wconf 82' lang='lat' dir='ltr'><strong>mortuos</strong></span> <span class='ocrx_word' id='word_1_43' title='bbox 1265 764 1502 818; x_wconf 79' lang='lat' dir='ltr'><strong>excitare</strong></span> <span class='ocrx_word' id='word_1_44' title='bbox 1536 779 1663 815; x_wconf 81' lang='lat' dir='ltr'><strong>cum</strong></span> <span class='ocrx_word' id='word_1_45' title='bbox 1684 765 1785 831; x_wconf 72' lang='lat'><strong>12</strong></span> <span class='ocrx_word' id='word_1_46' title='bbox 1819 765 1930 831; x_wconf 78' lang='lat' dir='ltr'><strong>pati</strong></span> <span class='ocrx_word' id='word_1_47' title='bbox 1957 773 2009 817; x_wconf 87' lang='lat' dir='ltr'><strong>ct</strong></span> <span class='ocrx_word' id='word_1_48' title='bbox 2042 766 2227 817; x_wconf 79' lang='lat' dir='ltr'><strong>eadem</strong></span> 
     </span>
    </p>
   </div>
   <div class='ocr_carea' id='block_1_9' title="bbox 655 855 2227 927">
    <p class='ocr_par' dir='ltr' id='par_1_9' title="bbox 655 855 2227 927">
     <span class='ocr_line' id='line_1_9' title="bbox 655 855 2227 927; baseline -0.004 -13"><span class='ocrx_word' id='word_1_49' title='bbox 655 877 781 916; x_wconf 90' lang='lat' dir='ltr'><strong>cum</strong></span> <span class='ocrx_word' id='word_1_50' title='bbox 807 859 968 912; x_wconf 82' lang='lat' dir='ltr'><strong>Patre</strong></span> <span class='ocrx_word' id='word_1_51' title='bbox 1006 866 1289 927; x_wconf 68' lang='lat' dir='ltr'><strong>potestate,</strong></span> <span class='ocrx_word' id='word_1_52' title='bbox 1326 872 1487 924; x_wconf 80' lang='lat' dir='ltr'><strong>quam</strong></span> <span class='ocrx_word' id='word_1_53' title='bbox 1520 856 1662 908; x_wconf 87' lang='lat' dir='ltr'><strong>diem</strong></span> <span class='ocrx_word' id='word_1_54' title='bbox 1708 858 1870 910; x_wconf 85' lang='lat' dir='ltr'><strong>scire.</strong></span> <span class='ocrx_word' id='word_1_55' title='bbox 1910 856 2014 909; x_wconf 74' lang='lat' dir='ltr'><strong>Sed</strong></span> <span class='ocrx_word' id='word_1_56' title='bbox 2040 871 2138 908; x_wconf 90' lang='lat' dir='ltr'><strong>cur</strong></span> <span class='ocrx_word' id='word_1_57' title='bbox 2163 855 2227 907; x_wconf 83' lang='lat' dir='ltr'><strong>ad</strong></span> 
     </span>
    </p>
   </div>
   <div class='ocr_carea' id='block_1_10' title="bbox 655 948 2233 1021">
    <p class='ocr_par' dir='ltr' id='par_1_10' title="bbox 655 948 2233 1021">
     <span class='ocr_line' id='line_1_10' title="bbox 655 948 2233 1021; baseline -0.003 -16"><span class='ocrx_word' id='word_1_58' title='bbox 655 971 737 1014; x_wconf 77' lang='lat' dir='ltr'><strong>ca,</strong></span> <span class='ocrx_word' id='word_1_59' title='bbox 756 968 876 1021; x_wconf 82' lang='lat' dir='ltr'><strong>qu:e</strong></span> <span class='ocrx_word' id='word_1_60' title='bbox 893 951 1144 1018; x_wconf 79' lang='lat' dir='ltr'><strong>discipuli</strong></span> <span class='ocrx_word' id='word_1_61' title='bbox 1174 948 1599 1015; x_wconf 77' lang='lat' dir='ltr'><strong>interrogabant,</strong></span> <span class='ocrx_word' id='word_1_62' title='bbox 1618 948 1984 1000; x_wconf 76' lang='lat' dir='ltr'><strong>ChrisluSnnn</strong></span> <span class='ocrx_word' id='word_1_63' title='bbox 2005 963 2233 1015; x_wconf 79' lang='lat' dir='ltr'><strong>respou-</strong></span> 
     </span>
    </p>
   </div>
   <div class='ocr_carea' id='block_1_11' title="bbox 652 1037 2232 1107">
    <p class='ocr_par' dir='ltr' id='par_1_11' title="bbox 652 1037 2232 1107">
     <span class='ocr_line' id='line_1_11' title="bbox 652 1037 2232 1107; baseline -0.004 -10"><span class='ocrx_word' id='word_1_64' title='bbox 652 1046 752 1105; x_wconf 91' lang='lat' dir='ltr'><strong>dit,</strong></span> <span class='ocrx_word' id='word_1_65' title='bbox 781 1043 1055 1097; x_wconf 67' lang='lat' dir='ltr'><strong>seddixit:</strong></span> <span class='ocrx_word' id='word_1_66' title='bbox 1084 1040 1633 1107; x_wconf 73' lang='lat' dir='ltr'><strong>Accipietisvirtutcm</strong></span> <span class='ocrx_word' id='word_1_67' title='bbox 1658 1039 1679 1088; x_wconf 86' lang='lat'><strong>?</strong></span> <span class='ocrx_word' id='word_1_68' title='bbox 1704 1037 2058 1104; x_wconf 83' lang='lat' dir='ltr'><strong>Respondens</strong></span> <span class='ocrx_word' id='word_1_69' title='bbox 2079 1038 2232 1091; x_wconf 60' lang='lat' dir='ltr'><strong>dixe.</strong></span> 
     </span>
    </p>
   </div>
   <div class='ocr_carea' id='block_1_12' title="bbox 655 1125 2231 1193">
    <p class='ocr_par' dir='ltr' id='par_1_12' title="bbox 655 1125 2231 1193">
     <span class='ocr_line' id='line_1_12' title="bbox 655 1125 2231 1193; baseline -0.004 -10"><span class='ocrx_word' id='word_1_70' title='bbox 655 1140 771 1183; x_wconf 85' lang='lat' dir='ltr'><strong>rat:</strong></span> <span class='ocrx_word' id='word_1_71' title='bbox 798 1131 912 1182; x_wconf 80' lang='lat' dir='ltr'><strong>Non</strong></span> <span class='ocrx_word' id='word_1_72' title='bbox 939 1139 1020 1183; x_wconf 88' lang='lat' dir='ltr'><strong>est</strong></span> <span class='ocrx_word' id='word_1_73' title='bbox 1053 1137 1291 1180; x_wconf 75' lang='lat' dir='ltr'><strong>vestrum</strong></span> <span class='ocrx_word' id='word_1_74' title='bbox 1321 1128 1480 1190; x_wconf 70' lang='lat' dir='ltr'><strong>scire,</strong></span> <span class='ocrx_word' id='word_1_75' title='bbox 1507 1136 1560 1179; x_wconf 89' lang='lat' dir='ltr'><strong>et</strong></span> <span class='ocrx_word' id='word_1_76' title='bbox 1610 1137 1739 1177; x_wconf 91' lang='lat' dir='ltr'><strong>tunc</strong></span> <span class='ocrx_word' id='word_1_77' title='bbox 1773 1125 2054 1193; x_wconf 72' lang='lat' dir='ltr'><strong>subiunxit</strong></span> <span class='ocrx_word' id='word_1_78' title='bbox 2090 1142 2101 1176; x_wconf 93' lang='lat'>:</span> <span class='ocrx_word' id='word_1_79' title='bbox 2136 1125 2231 1177; x_wconf 59' lang='lat' dir='ltr'><strong>sed</strong></span> 
     </span>
    </p>
   </div>
   <div class='ocr_carea' id='block_1_13' title="bbox 662 1217 2229 1291">
    <p class='ocr_par' dir='ltr' id='par_1_13' title="bbox 662 1217 2229 1291">
     <span class='ocr_line' id='line_1_13' title="bbox 662 1217 2229 1291; baseline -0.002 -19"><span class='ocrx_word' id='word_1_80' title='bbox 662 1223 951 1291; x_wconf 83' lang='lat' dir='ltr'><strong>accipietis</strong></span> <span class='ocrx_word' id='word_1_81' title='bbox 1001 1220 1275 1272; x_wconf 78' lang='lat' dir='ltr'><strong>virtutem.</strong></span> <span class='ocrx_word' id='word_1_82' title='bbox 1327 1218 1539 1271; x_wconf 84' lang='lat' dir='ltr'><strong>Etenim</strong></span> <span class='ocrx_word' id='word_1_83' title='bbox 1586 1220 1698 1269; x_wconf 76' lang='lat' dir='ltr'><strong>luce</strong></span> <span class='ocrx_word' id='word_1_84' title='bbox 1741 1217 1907 1269; x_wconf 79' lang='lat' dir='ltr'><strong>dictio</strong></span> <span class='ocrx_word' id='word_1_85' title='bbox 1947 1232 2229 1270; x_wconf 87' lang='lat' dir='ltr'><strong>accessum</strong></span> 
     </span>
    </p>
   </div>
   <div class='ocr_carea' id='block_1_14' title="bbox 659 1308 2229 1381">
    <p class='ocr_par' dir='ltr' id='par_1_14' title="bbox 659 1308 2229 1381">
     <span class='ocr_line' id='line_1_14' title="bbox 659 1308 2229 1381; baseline -0.004 -15"><span class='ocrx_word' id='word_1_86' title='bbox 659 1315 975 1381; x_wconf 79' lang='lat' dir='ltr'><strong>quemdam,</strong></span> <span class='ocrx_word' id='word_1_87' title='bbox 1025 1320 1097 1371; x_wconf 88' lang='lat' dir='ltr'><strong>et,</strong></span> <span class='ocrx_word' id='word_1_88' title='bbox 1135 1321 1193 1361; x_wconf 91' lang='lat' dir='ltr'><strong>ut</strong></span> <span class='ocrx_word' id='word_1_89' title='bbox 1232 1310 1304 1361; x_wconf 90' lang='lat' dir='ltr'><strong>ita</strong></span> <span class='ocrx_word' id='word_1_90' title='bbox 1354 1308 1553 1372; x_wconf 82' lang='lat' dir='ltr'><strong>diram,</strong></span> <span class='ocrx_word' id='word_1_91' title='bbox 1614 1308 1940 1361; x_wconf 82' lang='lat' dir='ltr'><strong>atilucntiam</strong></span> <span class='ocrx_word' id='word_1_92' title='bbox 1992 1309 2229 1377; x_wconf 76' lang='lat' dir='ltr'><strong>Spiritus</strong></span> 
     </span>
    </p>
   </div>
   <div class='ocr_carea' id='block_1_15' title="bbox 653 1400 2227 1472">
    <p class='ocr_par' dir='ltr' id='par_1_15' title="bbox 653 1400 2227 1472">
     <span class='ocr_line' id='line_1_15' title="bbox 653 1400 2227 1472; baseline -0.003 -14"><span class='ocrx_word' id='word_1_93' title='bbox 653 1403 946 1472; x_wconf 75' lang='lat' dir='ltr'><strong>signiﬁcat.</strong></span> <span class='ocrx_word' id='word_1_94' title='bbox 984 1402 1280 1454; x_wconf 82' lang='lat' dir='ltr'><strong>Dicendum</strong></span> <span class='ocrx_word' id='word_1_95' title='bbox 1314 1402 1476 1469; x_wconf 72' lang='lat' dir='ltr'><strong>igitur</strong></span> <span class='ocrx_word' id='word_1_96' title='bbox 1503 1400 1571 1453; x_wconf 85' lang='lat' dir='ltr'><strong>de</strong></span> <span class='ocrx_word' id='word_1_97' title='bbox 1612 1409 1759 1452; x_wconf 84' lang='lat' dir='ltr'><strong>secta</strong></span> <span class='ocrx_word' id='word_1_98' title='bbox 1810 1400 2102 1468; x_wconf 78' lang='lat' dir='ltr'><strong>Phrygum,</strong></span> <span class='ocrx_word' id='word_1_99' title='bbox 2136 1400 2227 1468; x_wconf 85' lang='lat' dir='ltr'><strong>qui</strong></span> 
     </span>
    </p>
   </div>
   <div class='ocr_carea' id='block_1_16' title="bbox 662 1488 2232 1559">
    <p class='ocr_par' dir='ltr' id='par_1_16' title="bbox 662 1488 2232 1559">
     <span class='ocr_line' id='line_1_16' title="bbox 662 1488 2232 1559; baseline -0.001 -16"><span class='ocrx_word' id='word_1_100' title='bbox 662 1500 851 1558; x_wconf 84' lang='lat' dir='ltr'><strong>putant</strong></span> <span class='ocrx_word' id='word_1_101' title='bbox 882 1499 1003 1559; x_wconf 89' lang='lat' dir='ltr'><strong>post</strong></span> <span class='ocrx_word' id='word_1_102' title='bbox 1054 1491 1319 1544; x_wconf 89' lang='lat' dir='ltr'><strong>ducentos</strong></span> <span class='ocrx_word' id='word_1_103' title='bbox 1356 1488 1467 1542; x_wconf 80' lang='lat' dir='ltr'><strong>fere</strong></span> <span class='ocrx_word' id='word_1_104' title='bbox 1524 1504 1697 1542; x_wconf 64' lang='lat' dir='ltr'><strong>annos</strong></span> <span class='ocrx_word' id='word_1_105' title='bbox 1753 1489 1821 1541; x_wconf 90' lang='lat' dir='ltr'><strong>ab</strong></span> <span class='ocrx_word' id='word_1_106' title='bbox 1854 1489 2232 1558; x_wconf 87' lang='lat' dir='ltr'><strong>assumptione</strong></span> 
     </span>
    </p>
   </div>
   <div class='ocr_carea' id='block_1_17' title="bbox 650 1581 2230 1651">
    <p class='ocr_par' dir='ltr' id='par_1_17' title="bbox 650 1581 2230 1651">
     <span class='ocr_line' id='line_1_17' title="bbox 650 1581 2230 1651; baseline 0.001 -18"><span class='ocrx_word' id='word_1_107' title='bbox 650 1582 854 1635; x_wconf 77' lang='lat' dir='ltr'><strong>Clu-isti</strong></span> <span class='ocrx_word' id='word_1_108' title='bbox 884 1582 1220 1635; x_wconf 80' lang='lat' dir='ltr'><strong>Paracletum</strong></span> <span class='ocrx_word' id='word_1_109' title='bbox 1247 1581 1472 1635; x_wconf 89' lang='lat' dir='ltr'><strong>missum</strong></span> <span class='ocrx_word' id='word_1_110' title='bbox 1507 1596 1628 1635; x_wconf 83' lang='lat' dir='ltr'><strong>esse</strong></span> <span class='ocrx_word' id='word_1_111' title='bbox 1654 1582 1707 1633; x_wconf 88' lang='lat' dir='ltr'><strong>in</strong></span> <span class='ocrx_word' id='word_1_112' title='bbox 1754 1581 2034 1645; x_wconf 75' lang='lat' dir='ltr'><strong>mulieres,</strong></span> <span class='ocrx_word' id='word_1_113' title='bbox 2091 1597 2230 1651; x_wconf 86' lang='lat' dir='ltr'><strong>quas</strong></span> 
     </span>
    </p>
   </div>
   <div class='ocr_carea' id='block_1_18' title="bbox 655 1672 2226 1742">
    <p class='ocr_par' dir='ltr' id='par_1_18' title="bbox 655 1672 2226 1742">
     <span class='ocr_line' id='line_1_18' title="bbox 655 1672 2226 1742; baseline -0.001 -14"><span class='ocrx_word' id='word_1_114' title='bbox 655 1684 850 1742; x_wconf 87' lang='lat' dir='ltr'><strong>putant</strong></span> <span class='ocrx_word' id='word_1_115' title='bbox 873 1689 996 1727; x_wconf 86' lang='lat' dir='ltr'><strong>esse</strong></span> <span class='ocrx_word' id='word_1_116' title='bbox 1023 1674 1422 1742; x_wconf 86' lang='lat' dir='ltr'><strong>prophetissas,</strong></span> <span class='ocrx_word' id='word_1_117' title='bbox 1444 1672 1747 1726; x_wconf 81' lang='lat' dir='ltr'><strong>Priscillam</strong></span> <span class='ocrx_word' id='word_1_118' title='bbox 1773 1681 1826 1726; x_wconf 88' lang='lat' dir='ltr'><strong>et</strong></span> <span class='ocrx_word' id='word_1_119' title='bbox 1853 1672 2226 1737; x_wconf 77' lang='lat' dir='ltr'><strong>Maximillam,</strong></span> 
     </span>
    </p>
   </div>
   <div class='ocr_carea' id='block_1_19' title="bbox 649 1760 2228 1833">
    <p class='ocr_par' dir='ltr' id='par_1_19' title="bbox 649 1760 2228 1833">
     <span class='ocr_line' id='line_1_19' title="bbox 649 1760 2228 1833; baseline 0.002 -18"><span class='ocrx_word' id='word_1_120' title='bbox 649 1774 702 1815; x_wconf 80' lang='lat' dir='ltr'><strong>ct</strong></span> <span class='ocrx_word' id='word_1_121' title='bbox 746 1765 796 1815; x_wconf 90' lang='lat' dir='ltr'><strong>in</strong></span> <span class='ocrx_word' id='word_1_122' title='bbox 842 1779 988 1826; x_wconf 89' lang='lat' dir='ltr'><strong>eum,</strong></span> <span class='ocrx_word' id='word_1_123' title='bbox 1039 1764 1132 1831; x_wconf 89' lang='lat' dir='ltr'><strong>qui</strong></span> <span class='ocrx_word' id='word_1_124' title='bbox 1175 1763 1365 1815; x_wconf 49' lang='lat' dir='ltr'><strong>«autem</strong></span> <span class='ocrx_word' id='word_1_125' title='bbox 1398 1778 1520 1816; x_wconf 89' lang='lat' dir='ltr'><strong>cum</strong></span> <span class='ocrx_word' id='word_1_126' title='bbox 1559 1762 1664 1816; x_wconf 89' lang='lat' dir='ltr'><strong>illis</strong></span> <span class='ocrx_word' id='word_1_127' title='bbox 1713 1760 1899 1817; x_wconf 78' lang='lat' dir='ltr'><strong>furore</strong></span> <span class='ocrx_word' id='word_1_128' title='bbox 1946 1773 2228 1833; x_wconf 76' lang='lat' dir='ltr'><strong>correptus</strong></span> 
     </span>
    </p>
   </div>
   <div class='ocr_carea' id='block_1_20' title="bbox 652 1854 2857 1926">
    <p class='ocr_par' dir='ltr' id='par_1_20' title="bbox 652 1854 2857 1926">
     <span class='ocr_line' id='line_1_20' title="bbox 652 1854 2857 1926; baseline 0.002 -18"><span class='ocrx_word' id='word_1_129' title='bbox 652 1857 788 1917; x_wconf 78' lang='lat' dir='ltr'><strong>fuit,</strong></span> <span class='ocrx_word' id='word_1_130' title='bbox 830 1856 1168 1909; x_wconf 76' lang='lat' dir='ltr'><strong>Montanum.</strong></span> <span class='ocrx_word' id='word_1_131' title='bbox 1206 1854 1360 1907; x_wconf 88' lang='lat' dir='ltr'><strong>Tune</strong></span> <span class='ocrx_word' id='word_1_132' title='bbox 1408 1855 1549 1907; x_wconf 90' lang='lat' dir='ltr'><strong>enim</strong></span> <span class='ocrx_word' id='word_1_133' title='bbox 1594 1855 1742 1909; x_wconf 88' lang='lat' dir='ltr'><strong>aiunt</strong></span> <span class='ocrx_word' id='word_1_134' title='bbox 1779 1858 2078 1924; x_wconf 74' lang='lat' dir='ltr'><strong>prmstitum</strong></span> <span class='ocrx_word' id='word_1_135' title='bbox 2109 1872 2229 1911; x_wconf 84' lang='lat' dir='ltr'><strong>esse</strong></span> <span class='ocrx_word' id='word_1_136' title='bbox 2265 1856 2398 1910; x_wconf 92' lang='lat' dir='ltr'><strong>illud</strong></span> <span class='ocrx_word' id='word_1_137' title='bbox 2472 1859 2805 1926; x_wconf 83' lang='lat' dir='ltr'><strong>promissum</strong></span> <span class='ocrx_word' id='word_1_138' title='bbox 2844 1876 2857 1912; x_wconf 89' lang='lat'><strong>:</strong></span> 
     </span>
    </p>
   </div>
   <div class='ocr_carea' id='block_1_21' title="bbox 2335 582 3916 654">
    <p class='ocr_par' dir='ltr' id='par_1_21' title="bbox 2335 582 3916 654">
     <span class='ocr_line' id='line_1_21' title="bbox 2335 582 3916 654; baseline 0.002 -20"><span class='ocrx_word' id='word_1_139' title='bbox 2335 583 2587 653; x_wconf 74' lang='grc' dir='ltr'>Χριστὸς,</span> <span class='ocrx_word' id='word_1_140' title='bbox 2651 582 2767 635; x_wconf 85' lang='grc' dir='ltr'>ἀλλ’</span> <span class='ocrx_word' id='word_1_141' title='bbox 2806 584 2907 651; x_wconf 70' lang='grc' dir='ltr'><strong>ἔφη</strong></span> <span class='ocrx_word' id='word_1_142' title='bbox 2937 624 2951 647; x_wconf 89' lang='grc'><strong>,</strong></span> <span class='ocrx_word' id='word_1_143' title='bbox 3004 584 3110 650; x_wconf 80' lang='grc' dir='ltr'>ὅτι,</span> <span class='ocrx_word' id='word_1_144' title='bbox 3141 584 3392 651; x_wconf 51' lang='lat' dir='ltr'><strong>Aid/solis</strong></span> <span class='ocrx_word' id='word_1_145' title='bbox 3438 584 3701 654; x_wconf 79' lang='grc' dir='ltr'>δύναμινς</span> <span class='ocrx_word' id='word_1_146' title='bbox 3747 588 3916 637; x_wconf 78' lang='grc' dir='ltr'>Ἀπε-</span> 
     </span>
    </p>
   </div>
   <div class='ocr_carea' id='block_1_22' title="bbox 2334 672 3913 744">
    <p class='ocr_par' dir='ltr' id='par_1_22' title="bbox 2334 672 3913 744">
     <span class='ocr_line' id='line_1_22' title="bbox 2334 672 3913 744; baseline 0.001 -19"><span class='ocrx_word' id='word_1_147' title='bbox 2334 672 2495 742; x_wconf 75' lang='grc' dir='ltr'>κρίθη</span> <span class='ocrx_word' id='word_1_148' title='bbox 2521 673 2690 725; x_wconf 85' lang='grc' dir='ltr'>εἰπών</span> <span class='ocrx_word' id='word_1_149' title='bbox 2712 687 2724 701; x_wconf 78' lang='grc'>⁸</span> <span class='ocrx_word' id='word_1_150' title='bbox 2762 674 2873 741; x_wconf 59' lang='grc' dir='ltr'><strong>Οὐχ</strong></span> <span class='ocrx_word' id='word_1_151' title='bbox 2902 672 3055 741; x_wconf 81' lang='grc' dir='ltr'>ὑμῶν</span> <span class='ocrx_word' id='word_1_152' title='bbox 3084 675 3201 724; x_wconf 86' lang='grc' dir='ltr'>ἐστι</span> <span class='ocrx_word' id='word_1_153' title='bbox 3236 675 3458 739; x_wconf 72' lang='grc' dir='ltr'>γνῶναιο</span> <span class='ocrx_word' id='word_1_154' title='bbox 3497 676 3587 727; x_wconf 72' lang='grc' dir='ltr'><strong>καὶ</strong></span> <span class='ocrx_word' id='word_1_155' title='bbox 3620 677 3738 726; x_wconf 87' lang='grc' dir='ltr'>τότε</span> <span class='ocrx_word' id='word_1_156' title='bbox 3771 677 3913 744; x_wconf 77' lang='grc' dir='ltr'>ἐπή-</span> 
     </span>
    </p>
   </div>
   <div class='ocr_carea' id='block_1_23' title="bbox 2335 761 3913 832">
    <p class='ocr_par' dir='ltr' id='par_1_23' title="bbox 2335 761 3913 832">
     <span class='ocr_line' id='line_1_23' title="bbox 2335 761 3913 832; baseline 0.001 -19"><span class='ocrx_word' id='word_1_157' title='bbox 2335 779 2529 828; x_wconf 81' lang='grc' dir='ltr'>γαγεν,</span> <span class='ocrx_word' id='word_1_158' title='bbox 2596 762 2753 827; x_wconf 79' lang='grc' dir='ltr'>ἀλλὰ,</span> <span class='ocrx_word' id='word_1_159' title='bbox 2808 761 3055 829; x_wconf 66' lang='grc' dir='ltr'>Λήιζνεσθε</span> <span class='ocrx_word' id='word_1_160' title='bbox 3111 761 3356 830; x_wconf 82' lang='grc' dir='ltr'>δύναμιν.</span> <span class='ocrx_word' id='word_1_161' title='bbox 3413 762 3685 832; x_wconf 78' lang='grc' dir='ltr'>Καὶαῦτη</span> <span class='ocrx_word' id='word_1_162' title='bbox 3721 765 3827 832; x_wconf 73' lang='grc' dir='ltr'><strong>γὰρ</strong></span> <span class='ocrx_word' id='word_1_163' title='bbox 3880 767 3913 831; x_wconf 83' lang='grc' dir='ltr'>ἡ</span> 
     </span>
    </p>
   </div>
   <div class='ocr_carea' id='block_1_24' title="bbox 2333 837 3910 923">
    <p class='ocr_par' dir='ltr' id='par_1_24' title="bbox 2333 851 3910 923">
     <span class='ocr_line' id='line_1_24' title="bbox 2333 851 3910 923; baseline 0.002 -21"><span class='ocrx_word' id='word_1_164' title='bbox 2333 852 2476 915; x_wconf 77' lang='grc' dir='ltr'>λέξις</span> <span class='ocrx_word' id='word_1_165' title='bbox 2509 852 2791 904; x_wconf 69' lang='grc' dir='ltr'>ἐπελευσίν</span> <span class='ocrx_word' id='word_1_166' title='bbox 2822 869 2964 915; x_wconf 76' lang='grc' dir='ltr'>τινα,</span> <span class='ocrx_word' id='word_1_167' title='bbox 2998 852 3093 903; x_wconf 75' lang='grc' dir='ltr'><strong>καὶ</strong></span> <span class='ocrx_word' id='word_1_168' title='bbox 3124 851 3190 903; x_wconf 75' lang='grc' dir='ltr'>ἶν’</span> <span class='ocrx_word' id='word_1_169' title='bbox 3218 851 3391 908; x_wconf 70' lang='grc' dir='ltr'>οὕτως</span> <span class='ocrx_word' id='word_1_170' title='bbox 3426 854 3583 905; x_wconf 76' lang='grc' dir='ltr'>είπω.</span> <span class='ocrx_word' id='word_1_171' title='bbox 3620 855 3910 923; x_wconf 76' lang='grc' dir='ltr'>ὲπίῤῥοιαν</span> 
     </span>
    </p>
   </div>
   <div class='ocr_carea' id='block_1_25' title="bbox 2333 941 3914 1015">
    <p class='ocr_par' dir='ltr' id='par_1_25' title="bbox 2333 941 3914 1015">
     <span class='ocr_line' id='line_1_25' title="bbox 2333 941 3914 1015; baseline 0.002 -23"><span class='ocrx_word' id='word_1_172' title='bbox 2333 943 2425 993; x_wconf 65' lang='grc' dir='ltr'><strong>τοῦ</strong></span> <span class='ocrx_word' id='word_1_173' title='bbox 2462 944 2775 1011; x_wconf 77' lang='grc' dir='ltr'>Πνεύματος</span> <span class='ocrx_word' id='word_1_174' title='bbox 2814 943 2983 1010; x_wconf 80' lang='grc' dir='ltr'>δηλοῖ.</span> <span class='ocrx_word' id='word_1_175' title='bbox 3016 944 3253 995; x_wconf 78' lang='grc' dir='ltr'><strong>Λεκτέον</strong></span> <span class='ocrx_word' id='word_1_176' title='bbox 3290 941 3385 995; x_wconf 73' lang='grc' dir='ltr'>οὖν</span> <span class='ocrx_word' id='word_1_177' title='bbox 3418 944 3526 995; x_wconf 81' lang='grc' dir='ltr'><strong>τῶν</strong></span> <span class='ocrx_word' id='word_1_178' title='bbox 3554 946 3781 1014; x_wconf 71' lang='grc' dir='ltr'>Φρυγῶν</span> <span class='ocrx_word' id='word_1_179' title='bbox 3810 948 3914 1015; x_wconf 81' lang='grc' dir='ltr'>τὴν</span> 
     </span>
    </p>
   </div>
   <div class='ocr_carea' id='block_1_26' title="bbox 2341 1035 3915 1104">
    <p class='ocr_par' dir='ltr' id='par_1_26' title="bbox 2341 1035 3915 1104">
     <span class='ocr_line' id='line_1_26' title="bbox 2341 1035 3915 1104; baseline 0.002 -19"><span class='ocrx_word' id='word_1_180' title='bbox 2341 1035 2559 1101; x_wconf 80' lang='grc' dir='ltr'>αἵρεσιν</span> <span class='ocrx_word' id='word_1_181' title='bbox 2592 1037 2855 1101; x_wconf 77' lang='grc' dir='ltr'><strong>οἰομένων</strong></span> <span class='ocrx_word' id='word_1_182' title='bbox 2910 1053 3012 1086; x_wconf 72' lang='grc' dir='ltr'>’που</span> <span class='ocrx_word' id='word_1_183' title='bbox 3052 1036 3187 1104; x_wconf 64' lang='grc' dir='ltr'>μετὰ</span> <span class='ocrx_word' id='word_1_184' title='bbox 3238 1035 3486 1087; x_wconf 73' lang='grc' dir='ltr'><strong>διακόσια</strong></span> <span class='ocrx_word' id='word_1_185' title='bbox 3518 1037 3613 1104; x_wconf 83' lang='grc' dir='ltr'>ἔτη</span> <span class='ocrx_word' id='word_1_186' title='bbox 3650 1037 3748 1102; x_wconf 76' lang='grc' dir='ltr'><strong>τῆς</strong></span> <span class='ocrx_word' id='word_1_187' title='bbox 3781 1039 3915 1089; x_wconf 87' lang='grc' dir='ltr'>ἀνα-</span> 
     </span>
    </p>
   </div>
   <div class='ocr_carea' id='block_1_27' title="bbox 2335 1126 3915 1197">
    <p class='ocr_par' dir='ltr' id='par_1_27' title="bbox 2335 1126 3915 1197">
     <span class='ocr_line' id='line_1_27' title="bbox 2335 1126 3915 1197; baseline 0.002 -21"><span class='ocrx_word' id='word_1_188' title='bbox 2335 1127 2551 1195; x_wconf 66' lang='grc' dir='ltr'>λήψεως</span> <span class='ocrx_word' id='word_1_189' title='bbox 2579 1128 2673 1179; x_wconf 83' lang='grc' dir='ltr'><strong>τοῦ</strong></span> <span class='ocrx_word' id='word_1_190' title='bbox 2709 1126 2951 1197; x_wconf 61' lang='grc' dir='ltr'>Χριστοῦ</span> <span class='ocrx_word' id='word_1_191' title='bbox 2996 1126 3315 1196; x_wconf 67' lang='grc' dir='ltr'>πεπέμφθαι</span> <span class='ocrx_word' id='word_1_192' title='bbox 3345 1126 3435 1177; x_wconf 78' lang='grc' dir='ltr'><strong>τὸν</strong></span> <span class='ocrx_word' id='word_1_193' title='bbox 3473 1129 3821 1197; x_wconf 76' lang='grc' dir='ltr'>Παράκλητον</span> <span class='ocrx_word' id='word_1_194' title='bbox 3854 1131 3915 1179; x_wconf 80' lang='grc' dir='ltr'>ἐν</span> 
     </span>
    </p>
   </div>
   <div class='ocr_carea' id='block_1_28' title="bbox 2336 1218 3913 1289">
    <p class='ocr_par' dir='ltr' id='par_1_28' title="bbox 2336 1218 3913 1289">
     <span class='ocr_line' id='line_1_28' title="bbox 2336 1218 3913 1289; baseline 0.002 -22"><span class='ocrx_word' id='word_1_195' title='bbox 2336 1227 2457 1277; x_wconf 71' lang='grc' dir='ltr'>ταῖς</span> <span class='ocrx_word' id='word_1_196' title='bbox 2498 1218 2765 1282; x_wconf 69' lang='grc' dir='ltr'>γυναιξὶν,</span> <span class='ocrx_word' id='word_1_197' title='bbox 2819 1218 2882 1279; x_wconf 77' lang='grc' dir='ltr'><strong>ἂς</strong></span> <span class='ocrx_word' id='word_1_198' title='bbox 2917 1219 3119 1270; x_wconf 74' lang='grc' dir='ltr'>ο²ὀνται</span> <span class='ocrx_word' id='word_1_199' title='bbox 3170 1221 3510 1288; x_wconf 74' lang='grc' dir='ltr'>προφήτιδας</span> <span class='ocrx_word' id='word_1_200' title='bbox 3562 1218 3734 1285; x_wconf 84' lang='grc' dir='ltr'>εἶναι,</span> <span class='ocrx_word' id='word_1_201' title='bbox 3771 1222 3913 1289; x_wconf 71' lang='grc' dir='ltr'>Πρι-</span> 
     </span>
    </p>
   </div>
   <div class='ocr_carea' id='block_1_29' title="bbox 2339 1307 3913 1380">
    <p class='ocr_par' dir='ltr' id='par_1_29' title="bbox 2339 1307 3913 1380">
     <span class='ocr_line' id='line_1_29' title="bbox 2339 1307 3913 1380; baseline 0.002 -22"><span class='ocrx_word' id='word_1_202' title='bbox 2339 1307 2528 1377; x_wconf 75' lang='grc' dir='ltr'>σκίλλῃ</span> <span class='ocrx_word' id='word_1_203' title='bbox 2557 1311 2648 1360; x_wconf 75' lang='grc' dir='ltr'>καὶ</span> <span class='ocrx_word' id='word_1_204' title='bbox 2682 1308 3015 1380; x_wconf 64' lang='grc' dir='ltr'>Μαξεμίὶλῃ,</span> <span class='ocrx_word' id='word_1_205' title='bbox 3043 1308 3137 1360; x_wconf 72' lang='grc' dir='ltr'><strong>καὶ</strong></span> <span class='ocrx_word' id='word_1_206' title='bbox 3162 1311 3218 1361; x_wconf 79' lang='grc' dir='ltr'>ὲν</span> <span class='ocrx_word' id='word_1_207' title='bbox 3246 1310 3323 1379; x_wconf 78' lang='grc' dir='ltr'>τῷ</span> <span class='ocrx_word' id='word_1_208' title='bbox 3357 1310 3694 1378; x_wconf 81' lang='grc' dir='ltr'>συμμανέντι</span> <span class='ocrx_word' id='word_1_209' title='bbox 3717 1311 3913 1373; x_wconf 73' lang='grc' dir='ltr'>αὐταῖς</span> 
     </span>
    </p>
   </div>
   <div class='ocr_carea' id='block_1_30' title="bbox 2335 1398 3908 1470">
    <p class='ocr_par' dir='ltr' id='par_1_30' title="bbox 2335 1398 3908 1470">
     <span class='ocr_line' id='line_1_30' title="bbox 2335 1398 3908 1470; baseline 0 -20"><span class='ocrx_word' id='word_1_210' title='bbox 2335 1398 2643 1467; x_wconf 81' lang='grc' dir='ltr'>Μοντανῷ·</span> <span class='ocrx_word' id='word_1_211' title='bbox 2707 1398 2825 1449; x_wconf 68' lang='grc' dir='ltr'>τότε</span> <span class='ocrx_word' id='word_1_212' title='bbox 2880 1401 2987 1467; x_wconf 67' lang='grc' dir='ltr'><strong>γὰρ</strong></span> <span class='ocrx_word' id='word_1_213' title='bbox 3050 1399 3273 1465; x_wconf 56' lang='grc' dir='ltr'>λέγουσι</span> <span class='ocrx_word' id='word_1_214' title='bbox 3338 1401 3729 1468; x_wconf 74' lang='grc' dir='ltr'><strong>πεπληρῶσθαι</strong></span> <span class='ocrx_word' id='word_1_215' title='bbox 3781 1401 3908 1470; x_wconf 73' lang='grc' dir='ltr'>τὴν,</span> 
     </span>
    </p>
   </div>
   <div class='ocr_carea' id='block_1_31' title="bbox 2334 1488 3911 1559">
    <p class='ocr_par' dir='ltr' id='par_1_31' title="bbox 2334 1488 3911 1559">
     <span class='ocr_line' id='line_1_31' title="bbox 2334 1488 3911 1559; baseline 0.003 -20"><span class='ocrx_word' id='word_1_216' title='bbox 2334 1488 2545 1558; x_wconf 67' lang='grc' dir='ltr'>Πέμψω</span> <span class='ocrx_word' id='word_1_217' title='bbox 2580 1491 2715 1558; x_wconf 86' lang='grc' dir='ltr'>ήμῖν</span> <span class='ocrx_word' id='word_1_218' title='bbox 2749 1489 2840 1541; x_wconf 72' lang='grc' dir='ltr'>τὸν</span> <span class='ocrx_word' id='word_1_219' title='bbox 2881 1490 3260 1559; x_wconf 81' lang='grc' dir='ltr'>Παράκλητον,</span> <span class='ocrx_word' id='word_1_220' title='bbox 3300 1492 3657 1557; x_wconf 73' lang='grc' dir='ltr'><strong>ἐπαγγελίαν.</strong></span> <span class='ocrx_word' id='word_1_221' title='bbox 3702 1492 3801 1543; x_wconf 76' lang='grc' dir='ltr'><strong>Διὰ</strong></span> <span class='ocrx_word' id='word_1_222' title='bbox 3856 1493 3911 1543; x_wconf 83' lang='grc' dir='ltr'><strong>τί</strong></span> 
     </span>
    </p>
   </div>
   <div class='ocr_carea' id='block_1_32' title="bbox 2331 1579 3908 1650">
    <p class='ocr_par' dir='ltr' id='par_1_32' title="bbox 2331 1579 3908 1650">
     <span class='ocr_line' id='line_1_32' title="bbox 2331 1579 3908 1650; baseline 0.001 -20"><span class='ocrx_word' id='word_1_223' title='bbox 2331 1579 2409 1645; x_wconf 83' lang='grc' dir='ltr'><strong>δὲ,</strong></span> <span class='ocrx_word' id='word_1_224' title='bbox 2438 1579 2466 1631; x_wconf 86' lang='grc' dir='ltr'><strong>ὃ</strong></span> <span class='ocrx_word' id='word_1_225' title='bbox 2492 1580 2593 1631; x_wconf 85' lang='grc' dir='ltr'>οὐκ</span> <span class='ocrx_word' id='word_1_226' title='bbox 2613 1579 3199 1649; x_wconf 73' lang='grc' dir='ltr'>ἠρώτησαν,διδάσκει,</span> <span class='ocrx_word' id='word_1_227' title='bbox 3231 1580 3337 1639; x_wconf 83' lang='grc' dir='ltr'>ὅτι,</span> <span class='ocrx_word' id='word_1_228' title='bbox 3365 1580 3617 1649; x_wconf 81' lang='grc' dir='ltr'>Λήψεσθε</span> <span class='ocrx_word' id='word_1_229' title='bbox 3643 1580 3908 1650; x_wconf 81' lang='grc' dir='ltr'>δύναμινς</span> 
     </span>
    </p>
   </div>
   <div class='ocr_carea' id='block_1_33' title="bbox 2332 1670 3909 1744">
    <p class='ocr_par' dir='ltr' id='par_1_33' title="bbox 2332 1670 3909 1744">
     <span class='ocr_line' id='line_1_33' title="bbox 2332 1670 3909 1744; baseline 0.003 -22"><span class='ocrx_word' id='word_1_230' title='bbox 2332 1672 2412 1722; x_wconf 81' lang='grc' dir='ltr'><strong>δτι</strong></span> <span class='ocrx_word' id='word_1_231' title='bbox 2446 1670 2767 1733; x_wconf 77' lang='grc' dir='ltr'>διδάσκαλός</span> <span class='ocrx_word' id='word_1_232' title='bbox 2809 1673 2980 1732; x_wconf 82' lang='grc' dir='ltr'>ἐστιν,</span> <span class='ocrx_word' id='word_1_233' title='bbox 3015 1674 3042 1724; x_wconf 90' lang='grc' dir='ltr'>ὁ</span> <span class='ocrx_word' id='word_1_234' title='bbox 3078 1673 3176 1741; x_wconf 81' lang='grc' dir='ltr'><strong>μὴ.</strong></span> <span class='ocrx_word' id='word_1_235' title='bbox 3227 1673 3262 1726; x_wconf 81' lang='grc' dir='ltr'>ἃ</span> <span class='ocrx_word' id='word_1_236' title='bbox 3294 1674 3545 1742; x_wconf 77' lang='grc' dir='ltr'>βούλεται</span> <span class='ocrx_word' id='word_1_237' title='bbox 3572 1675 3601 1726; x_wconf 84' lang='grc' dir='ltr'><strong>ὁ</strong></span> <span class='ocrx_word' id='word_1_238' title='bbox 3637 1673 3909 1744; x_wconf 73' lang='grc' dir='ltr'>μαθητὴς,</span> 
     </span>
    </p>
   </div>
   <div class='ocr_carea' id='block_1_34' title="bbox 2332 1763 3347 1834">
    <p class='ocr_par' dir='ltr' id='par_1_34' title="bbox 2332 1763 3347 1834">
     <span class='ocr_line' id='line_1_34' title="bbox 2332 1763 3347 1834; baseline 0.005 -18"><span class='ocrx_word' id='word_1_239' title='bbox 2332 1764 2468 1816; x_wconf 74' lang='grc' dir='ltr'>ἀλλὰ</span> <span class='ocrx_word' id='word_1_240' title='bbox 2510 1763 2778 1833; x_wconf 78' lang='grc' dir='ltr'><strong>συμφέρει</strong></span> <span class='ocrx_word' id='word_1_241' title='bbox 2811 1765 3026 1834; x_wconf 81' lang='grc' dir='ltr'>μαθεῖν,</span> <span class='ocrx_word' id='word_1_242' title='bbox 3059 1766 3347 1822; x_wconf 76' lang='grc' dir='ltr'><strong>διδάσκων.</strong></span> 
     </span>
    </p>
   </div>
   <div class='ocr_carea' id='block_1_35' title="bbox 2925 1857 3907 1915">
    <p class='ocr_par' dir='ltr' id='par_1_35' title="bbox 2925 1857 3907 1915">
     <span class='ocr_line' id='line_1_35' title="bbox 2925 1857 3907 1915; baseline -0.001 -2"><span class='ocrx_word' id='word_1_243' title='bbox 2925 1859 3131 1913; x_wconf 80' lang='lat' dir='ltr'><strong>Mittam</strong></span> <span class='ocrx_word' id='word_1_244' title='bbox 3186 1862 3338 1914; x_wconf 81' lang='lat' dir='ltr'><strong>vobis</strong></span> <span class='ocrx_word' id='word_1_245' title='bbox 3384 1860 3745 1915; x_wconf 63' lang='lat' dir='ltr'><strong>Pani-letum.</strong></span> <span class='ocrx_word' id='word_1_246' title='bbox 3797 1857 3907 1913; x_wconf 90' lang='lat' dir='ltr'><strong>Sed</strong></span> 
     </span>
    </p>
   </div>
   <div class='ocr_carea' id='block_1_36' title="bbox 650 1949 3906 2023">
    <p class='ocr_par' dir='ltr' id='par_1_36' title="bbox 650 1949 3906 2023">
     <span class='ocr_line' id='line_1_36' title="bbox 650 1949 3906 2023; baseline 0.001 -21"><span class='ocrx_word' id='word_1_247' title='bbox 650 1966 747 2004; x_wconf 85' lang='lat' dir='ltr'><strong>cur</strong></span> <span class='ocrx_word' id='word_1_248' title='bbox 772 1949 847 2015; x_wconf 86' lang='lat' dir='ltr'><strong>id,</strong></span> <span class='ocrx_word' id='word_1_249' title='bbox 882 1950 1024 2017; x_wconf 89' lang='lat' dir='ltr'><strong>quod</strong></span> <span class='ocrx_word' id='word_1_250' title='bbox 1052 1949 1311 2002; x_wconf 83' lang='lat' dir='ltr'><strong>sciscitati</strong></span> <span class='ocrx_word' id='word_1_251' title='bbox 1340 1963 1446 2001; x_wconf 93' lang='lat' dir='ltr'><strong>non</strong></span> <span class='ocrx_word' id='word_1_252' title='bbox 1482 1958 1660 2010; x_wconf 88' lang='lat' dir='ltr'><strong>erant,</strong></span> <span class='ocrx_word' id='word_1_253' title='bbox 1724 1951 1903 2014; x_wconf 81' lang='lat' dir='ltr'><strong>docet,</strong></span> <span class='ocrx_word' id='word_1_254' title='bbox 1938 1953 2188 2005; x_wconf 82' lang='lat' dir='ltr'><strong>videlicet</strong></span> <span class='ocrx_word' id='word_1_255' title='bbox 2232 1969 2245 2003; x_wconf 91' lang='lat'><strong>:</strong></span> <span class='ocrx_word' id='word_1_256' title='bbox 2289 1952 2590 2022; x_wconf 84' lang='lat' dir='ltr'><strong>Aceipietis</strong></span> <span class='ocrx_word' id='word_1_257' title='bbox 2633 1954 2909 2009; x_wconf 79' lang='lat' dir='ltr'><strong>virtutem.</strong></span> <span class='ocrx_word' id='word_1_258' title='bbox 2978 1954 3117 2020; x_wconf 79' lang='lat' dir='ltr'><strong>Quia</strong></span> <span class='ocrx_word' id='word_1_259' title='bbox 3164 1956 3421 2023; x_wconf 76' lang='lat' dir='ltr'><strong>magister</strong></span> <span class='ocrx_word' id='word_1_260' title='bbox 3483 1964 3589 2019; x_wconf 90' lang='lat' dir='ltr'><strong>est,</strong></span> <span class='ocrx_word' id='word_1_261' title='bbox 3633 1954 3725 2023; x_wconf 75' lang='lat' dir='ltr'><strong>Qui</strong></span> <span class='ocrx_word' id='word_1_262' title='bbox 3771 1968 3906 2018; x_wconf 89' lang='lat' dir='ltr'><strong>non,</strong></span> 
     </span>
    </p>
   </div>
   <div class='ocr_carea' id='block_1_37' title="bbox 648 2038 2211 2110">
    <p class='ocr_par' dir='ltr' id='par_1_37' title="bbox 648 2038 2211 2110">
     <span class='ocr_line' id='line_1_37' title="bbox 648 2038 2211 2110; baseline 0.002 -18"><span class='ocrx_word' id='word_1_263' title='bbox 648 2058 769 2110; x_wconf 70' lang='lat' dir='ltr'><strong>quae</strong></span> <span class='ocrx_word' id='word_1_264' title='bbox 804 2042 915 2092; x_wconf 88' lang='lat' dir='ltr'><strong>vult</strong></span> <span class='ocrx_word' id='word_1_265' title='bbox 944 2040 1267 2108; x_wconf 16' lang='lat' dir='ltr'><strong>discipulus,</strong></span> <span class='ocrx_word' id='word_1_266' title='bbox 1306 2040 1423 2101; x_wconf 75' lang='lat' dir='ltr'><strong>sed,</strong></span> <span class='ocrx_word' id='word_1_267' title='bbox 1449 2053 1570 2105; x_wconf 66' lang='lat' dir='ltr'><strong>quae</strong></span> <span class='ocrx_word' id='word_1_268' title='bbox 1599 2038 1816 2106; x_wconf 77' lang='lat' dir='ltr'><strong>expedit</strong></span> <span class='ocrx_word' id='word_1_269' title='bbox 1844 2042 2007 2105; x_wconf 88' lang='lat' dir='ltr'><strong>scire,</strong></span> <span class='ocrx_word' id='word_1_270' title='bbox 2030 2043 2211 2095; x_wconf 88' lang='lat' dir='ltr'><strong>docet.</strong></span> 
     </span>
    </p>
   </div>
   <div class='ocr_carea' id='block_1_38' title="bbox 728 2128 2227 2201">
    <p class='ocr_par' dir='ltr' id='par_1_38' title="bbox 728 2129 2226 2194">
     <span class='ocr_line' id='line_1_38' title="bbox 728 2129 2226 2194; baseline 0.001 -10"><span class='ocrx_word' id='word_1_271' title='bbox 728 2134 793 2185; x_wconf 80' lang='lat' dir='ltr'><strong>Et</strong></span> <span class='ocrx_word' id='word_1_272' title='bbox 833 2135 982 2185; x_wconf 80' lang='lat' dir='ltr'><strong>eritis</strong></span> <span class='ocrx_word' id='word_1_273' title='bbox 1022 2134 1149 2185; x_wconf 81' lang='lat' dir='ltr'><strong>mihi</strong></span> <span class='ocrx_word' id='word_1_274' title='bbox 1187 2143 1339 2185; x_wconf 69' lang='lat' dir='ltr'><strong>testes</strong></span> <span class='ocrx_word' id='word_1_275' title='bbox 1384 2146 1432 2184; x_wconf 83' lang='lat' dir='ltr'><strong>et</strong></span> <span class='ocrx_word' id='word_1_276' title='bbox 1463 2132 1516 2183; x_wconf 81' lang='lat' dir='ltr'><strong>in</strong></span> <span class='ocrx_word' id='word_1_277' title='bbox 1551 2129 1911 2194; x_wconf 72' lang='lat' dir='ltr'><strong>Hierusalem,</strong></span> <span class='ocrx_word' id='word_1_278' title='bbox 1942 2143 1990 2185; x_wconf 86' lang='lat' dir='ltr'><strong>et</strong></span> <span class='ocrx_word' id='word_1_279' title='bbox 2020 2135 2072 2186; x_wconf 89' lang='lat' dir='ltr'><strong>in</strong></span> <span class='ocrx_word' id='word_1_280' title='bbox 2114 2144 2226 2186; x_wconf 83' lang='lat' dir='ltr'><strong>tota</strong></span> 
     </span>
    </p>
   </div>
   <div class='ocr_carea' id='block_1_39' title="bbox 2333 2128 3910 2201">
    <p class='ocr_par' dir='ltr' id='par_1_39' title="bbox 2400 2128 3910 2201">
     <span class='ocr_line' id='line_1_39' title="bbox 2400 2128 3910 2201; baseline 0.001 -16"><span class='ocrx_word' id='word_1_281' title='bbox 2400 2131 2508 2185; x_wconf 80' lang='lat' dir='ltr'><strong>Kal</strong></span> <span class='ocrx_word' id='word_1_282' title='bbox 2560 2130 2778 2183; x_wconf 82' lang='grc' dir='ltr'>ἐσεσθέ</span> <span class='ocrx_word' id='word_1_283' title='bbox 2805 2147 2905 2198; x_wconf 77' lang='grc' dir='ltr'><strong>μοι</strong></span> <span class='ocrx_word' id='word_1_284' title='bbox 2946 2128 3240 2197; x_wconf 71' lang='grc' dir='ltr'>μάρτυρες</span> <span class='ocrx_word' id='word_1_285' title='bbox 3288 2131 3359 2183; x_wconf 78' lang='grc' dir='ltr'>ἐν</span> <span class='ocrx_word' id='word_1_286' title='bbox 3399 2146 3465 2182; x_wconf 79' lang='grc' dir='ltr'><strong>τε</strong></span> <span class='ocrx_word' id='word_1_287' title='bbox 3506 2131 3910 2201; x_wconf 71' lang='grc' dir='ltr'>Ἰερουσαλὴμ</span> 
     </span>
    </p>
   </div>
   <div class='ocr_carea' id='block_1_40' title="bbox 649 2220 2227 2291">
    <p class='ocr_par' dir='ltr' id='par_1_40' title="bbox 649 2220 2227 2291">
     <span class='ocr_line' id='line_1_40' title="bbox 649 2220 2227 2291; baseline 0.001 -17"><span class='ocrx_word' id='word_1_288' title='bbox 649 2220 843 2275; x_wconf 74' lang='lat' dir='ltr'><strong>Judwa</strong></span> <span class='ocrx_word' id='word_1_289' title='bbox 900 2221 1270 2291; x_wconf 81' lang='lat' dir='ltr'><strong>Samariaque,</strong></span> <span class='ocrx_word' id='word_1_290' title='bbox 1330 2228 1379 2272; x_wconf 86' lang='lat' dir='ltr'><strong>et</strong></span> <span class='ocrx_word' id='word_1_291' title='bbox 1437 2235 1602 2289; x_wconf 82' lang='lat' dir='ltr'><strong>usque</strong></span> <span class='ocrx_word' id='word_1_292' title='bbox 1654 2220 1724 2271; x_wconf 88' lang='lat' dir='ltr'><strong>ad</strong></span> <span class='ocrx_word' id='word_1_293' title='bbox 1784 2230 2044 2275; x_wconf 74' lang='lat' dir='ltr'><strong>extremos</strong></span> <span class='ocrx_word' id='word_1_294' title='bbox 2098 2224 2227 2290; x_wconf 73' lang='lat' dir='ltr'><strong>ﬁnes</strong></span> 
     </span>
    </p>
   </div>
   <div class='ocr_carea' id='block_1_41' title="bbox 652 2324 827 2366">
    <p class='ocr_par' dir='ltr' id='par_1_41' title="bbox 652 2324 827 2366">
     <span class='ocr_line' id='line_1_41' title="bbox 652 2324 827 2366; baseline 0.011 -2"><span class='ocrx_word' id='word_1_295' title='bbox 652 2324 827 2366; x_wconf 69' lang='lat' dir='ltr'><strong>terra.</strong></span> 
     </span>
    </p>
   </div>
   <div class='ocr_carea' id='block_1_42' title="bbox 719 2402 2232 2474">
    <p class='ocr_par' dir='ltr' id='par_1_42' title="bbox 719 2402 2232 2474">
     <span class='ocr_line' id='line_1_42' title="bbox 719 2402 2232 2474; baseline 0.001 -18"><span class='ocrx_word' id='word_1_296' title='bbox 719 2404 990 2469; x_wconf 86' lang='lat' dir='ltr'><strong>Quoniam</strong></span> <span class='ocrx_word' id='word_1_297' title='bbox 1038 2412 1196 2455; x_wconf 89' lang='lat' dir='ltr'><strong>antea</strong></span> <span class='ocrx_word' id='word_1_298' title='bbox 1254 2402 1468 2457; x_wconf 71' lang='lat' dir='ltr'><strong>dixerat</strong></span> <span class='ocrx_word' id='word_1_299' title='bbox 1494 2403 1520 2443; x_wconf 75' lang='grc' dir='ltr'><strong><em>ἀ</em></strong></span> <span class='ocrx_word' id='word_1_300' title='bbox 1558 2421 1570 2457; x_wconf 91' lang='lat'><strong>:</strong></span> <span class='ocrx_word' id='word_1_301' title='bbox 1624 2407 1682 2458; x_wconf 87' lang='lat' dir='ltr'><strong>In</strong></span> <span class='ocrx_word' id='word_1_302' title='bbox 1715 2406 1853 2458; x_wconf 87' lang='lat' dir='ltr'><strong>viam</strong></span> <span class='ocrx_word' id='word_1_303' title='bbox 1894 2406 2134 2474; x_wconf 80' lang='lat' dir='ltr'><strong>gentium</strong></span> <span class='ocrx_word' id='word_1_304' title='bbox 2167 2420 2232 2458; x_wconf 90' lang='lat' dir='ltr'><strong>ne</strong></span> 
     </span>
    </p>
   </div>
   <div class='ocr_carea' id='block_1_43' title="bbox 657 2494 2233 2563">
    <p class='ocr_par' dir='ltr' id='par_1_43' title="bbox 657 2494 2233 2563">
     <span class='ocr_line' id='line_1_43' title="bbox 657 2494 2233 2563; baseline 0 -16"><span class='ocrx_word' id='word_1_305' title='bbox 657 2495 923 2558; x_wconf 72' lang='lat' dir='ltr'><strong>abieritis,</strong></span> <span class='ocrx_word' id='word_1_306' title='bbox 951 2502 1003 2545; x_wconf 90' lang='lat' dir='ltr'><strong>et</strong></span> <span class='ocrx_word' id='word_1_307' title='bbox 1037 2494 1089 2545; x_wconf 91' lang='lat' dir='ltr'><strong>in</strong></span> <span class='ocrx_word' id='word_1_308' title='bbox 1117 2494 1388 2546; x_wconf 87' lang='lat' dir='ltr'><strong>civitatem</strong></span> <span class='ocrx_word' id='word_1_309' title='bbox 1421 2494 1891 2547; x_wconf 83' lang='lat' dir='ltr'><strong>Samaritanorum</strong></span> <span class='ocrx_word' id='word_1_310' title='bbox 1940 2511 2008 2549; x_wconf 91' lang='lat' dir='ltr'><strong>ne</strong></span> <span class='ocrx_word' id='word_1_311' title='bbox 2051 2498 2233 2563; x_wconf 82' lang='lat' dir='ltr'><strong>ingrc-</strong></span> 
     </span>
    </p>
   </div>
   <div class='ocr_carea' id='block_1_44' title="bbox 660 2582 2230 2654">
    <p class='ocr_par' dir='ltr' id='par_1_44' title="bbox 660 2582 2230 2654">
     <span class='ocr_line' id='line_1_44' title="bbox 660 2582 2230 2654; baseline 0.001 -18"><span class='ocrx_word' id='word_1_312' title='bbox 660 2586 910 2647; x_wconf 90' lang='lat' dir='ltr'><strong>diamini,</strong></span> <span class='ocrx_word' id='word_1_313' title='bbox 951 2585 1076 2652; x_wconf 90' lang='lat' dir='ltr'><strong>quia</strong></span> <span class='ocrx_word' id='word_1_314' title='bbox 1131 2585 1363 2651; x_wconf 90' lang='lat' dir='ltr'><strong>primum</strong></span> <span class='ocrx_word' id='word_1_315' title='bbox 1421 2582 1623 2639; x_wconf 65' lang='lat' dir='ltr'><strong>Judaeis</strong></span> <span class='ocrx_word' id='word_1_316' title='bbox 1667 2586 1892 2639; x_wconf 78' lang='lat' dir='ltr'><strong>verbum</strong></span> <span class='ocrx_word' id='word_1_317' title='bbox 1946 2585 2230 2654; x_wconf 68' lang='lat' dir='ltr'><strong>przcdicari</strong></span> 
     </span>
    </p>
   </div>
   <div class='ocr_carea' id='block_1_45' title="bbox 653 2676 2229 2738">
    <p class='ocr_par' dir='ltr' id='par_1_45' title="bbox 653 2676 2229 2738">
     <span class='ocr_line' id='line_1_45' title="bbox 653 2676 2229 2738; baseline 0.004 -14"><span class='ocrx_word' id='word_1_318' title='bbox 653 2676 887 2738; x_wconf 81' lang='lat' dir='ltr'><strong>volebat,</strong></span> <span class='ocrx_word' id='word_1_319' title='bbox 950 2678 1043 2728; x_wconf 87' lang='lat' dir='ltr'><strong>sed</strong></span> <span class='ocrx_word' id='word_1_320' title='bbox 1079 2676 1300 2727; x_wconf 89' lang='lat' dir='ltr'><strong>nuncin</strong></span> <span class='ocrx_word' id='word_1_321' title='bbox 1362 2677 1675 2730; x_wconf 71' lang='lat' dir='ltr'><strong>universum</strong></span> <span class='ocrx_word' id='word_1_322' title='bbox 1735 2678 1923 2729; x_wconf 88' lang='lat' dir='ltr'><strong>orbem</strong></span> <span class='ocrx_word' id='word_1_323' title='bbox 1962 2688 2229 2730; x_wconf 89' lang='lat' dir='ltr'><strong>terrarum</strong></span> 
     </span>
    </p>
   </div>
   <div class='ocr_carea' id='block_1_46' title="bbox 655 2765 2227 2836">
    <p class='ocr_par' dir='ltr' id='par_1_46' title="bbox 655 2765 2227 2836">
     <span class='ocr_line' id='line_1_46' title="bbox 655 2765 2227 2836; baseline 0.002 -18"><span class='ocrx_word' id='word_1_324' title='bbox 655 2768 1095 2836; x_wconf 78' lang='lat' dir='ltr'><strong>prtedicationem</strong></span> <span class='ocrx_word' id='word_1_325' title='bbox 1150 2765 1376 2819; x_wconf 78' lang='lat' dir='ltr'><strong>diﬂuudi</strong></span> <span class='ocrx_word' id='word_1_326' title='bbox 1427 2769 1761 2835; x_wconf 74' lang='lat' dir='ltr'><strong>oportebat:</strong></span> <span class='ocrx_word' id='word_1_327' title='bbox 1818 2768 2024 2820; x_wconf 82' lang='lat' dir='ltr'><strong>idcirco</strong></span> <span class='ocrx_word' id='word_1_328' title='bbox 2079 2778 2227 2822; x_wconf 89' lang='lat' dir='ltr'><strong>recte</strong></span> 
     </span>
    </p>
   </div>
   <div class='ocr_carea' id='block_1_47' title="bbox 653 2855 2231 2934">
    <p class='ocr_par' dir='ltr' id='par_1_47' title="bbox 653 2855 2231 2934">
     <span class='ocr_line' id='line_1_47' title="bbox 653 2855 2231 2934; baseline 0.001 -23"><span class='ocrx_word' id='word_1_329' title='bbox 653 2873 786 2911; x_wconf 90' lang='lat' dir='ltr'><strong>sane</strong></span> <span class='ocrx_word' id='word_1_330' title='bbox 824 2856 1027 2925; x_wconf 78' lang='lat' dir='ltr'><strong>adjicit,</strong></span> <span class='ocrx_word' id='word_1_331' title='bbox 1061 2866 1114 2909; x_wconf 81' lang='lat' dir='ltr'><strong>et</strong></span> <span class='ocrx_word' id='word_1_332' title='bbox 1143 2855 1342 2934; x_wconf 11' lang='lat' dir='ltr'><strong>ait,lEt</strong></span> <span class='ocrx_word' id='word_1_333' title='bbox 1398 2857 1449 2908; x_wconf 91' lang='lat' dir='ltr'><strong>in</strong></span> <span class='ocrx_word' id='word_1_334' title='bbox 1477 2855 1659 2910; x_wconf 66' lang='lat' dir='ltr'><strong>ludam</strong></span> <span class='ocrx_word' id='word_1_335' title='bbox 1719 2868 1770 2911; x_wconf 91' lang='lat' dir='ltr'><strong>et</strong></span> <span class='ocrx_word' id='word_1_336' title='bbox 1804 2856 2047 2910; x_wconf 71' lang='lat' dir='ltr'><strong>Samaria</strong></span> <span class='ocrx_word' id='word_1_337' title='bbox 2078 2875 2092 2924; x_wconf 89' lang='lat'><strong>;</strong></span> <span class='ocrx_word' id='word_1_338' title='bbox 2137 2858 2231 2912; x_wconf 89' lang='lat' dir='ltr'><strong>de-</strong></span> 
     </span>
    </p>
   </div>
   <div class='ocr_carea' id='block_1_48' title="bbox 652 2950 2231 3019">
    <p class='ocr_par' dir='ltr' id='par_1_48' title="bbox 652 2950 2231 3019">
     <span class='ocr_line' id='line_1_48' title="bbox 652 2950 2231 3019; baseline -0.001 -14"><span class='ocrx_word' id='word_1_339' title='bbox 652 2952 797 3014; x_wconf 89' lang='lat' dir='ltr'><strong>inde,</strong></span> <span class='ocrx_word' id='word_1_340' title='bbox 832 2950 891 3003; x_wconf 86' lang='lat' dir='ltr'><strong>Et</strong></span> <span class='ocrx_word' id='word_1_341' title='bbox 919 2966 1089 3019; x_wconf 90' lang='lat' dir='ltr'><strong>usque</strong></span> <span class='ocrx_word' id='word_1_342' title='bbox 1115 2951 1180 3004; x_wconf 90' lang='lat' dir='ltr'><strong>ad</strong></span> <span class='ocrx_word' id='word_1_343' title='bbox 1211 2960 1483 3004; x_wconf 78' lang='lat' dir='ltr'><strong>extremos</strong></span> <span class='ocrx_word' id='word_1_344' title='bbox 1511 2950 1647 3003; x_wconf 85' lang='lat' dir='ltr'><strong>lines</strong></span> <span class='ocrx_word' id='word_1_345' title='bbox 1682 2961 1861 3004; x_wconf 66' lang='lat' dir='ltr'><strong>terrae.</strong></span> <span class='ocrx_word' id='word_1_346' title='bbox 1901 2950 2070 3004; x_wconf 84' lang='lat' dir='ltr'><strong>Porro</strong></span> <span class='ocrx_word' id='word_1_347' title='bbox 2088 2950 2231 3019; x_wconf 87' lang='lat' dir='ltr'><strong>quod</strong></span> 
     </span>
    </p>
   </div>
   <div class='ocr_carea' id='block_1_49' title="bbox 657 3032 2227 3107">
    <p class='ocr_par' dir='ltr' id='par_1_49' title="bbox 657 3032 2227 3107">
     <span class='ocr_line' id='line_1_49' title="bbox 657 3032 2227 3107; baseline -0.003 -11"><span class='ocrx_word' id='word_1_348' title='bbox 657 3032 792 3096; x_wconf 82' lang='lat' dir='ltr'><strong>dicit</strong></span> <span class='ocrx_word' id='word_1_349' title='bbox 822 3061 836 3095; x_wconf 88' lang='lat'><strong>:</strong></span> <span class='ocrx_word' id='word_1_350' title='bbox 892 3042 1057 3095; x_wconf 78' lang='lat' dir='ltr'><strong>Etitis</strong></span> <span class='ocrx_word' id='word_1_351' title='bbox 1101 3043 1231 3093; x_wconf 85' lang='lat' dir='ltr'><strong>mihi</strong></span> <span class='ocrx_word' id='word_1_352' title='bbox 1265 3048 1454 3105; x_wconf 83' lang='lat' dir='ltr'><strong>testes,</strong></span> <span class='ocrx_word' id='word_1_353' title='bbox 1498 3040 1662 3093; x_wconf 82' lang='lat' dir='ltr'><strong>simul</strong></span> <span class='ocrx_word' id='word_1_354' title='bbox 1695 3049 1748 3093; x_wconf 90' lang='lat' dir='ltr'><strong>et</strong></span> <span class='ocrx_word' id='word_1_355' title='bbox 1782 3040 2090 3093; x_wconf 76' lang='lat' dir='ltr'><strong>adhortatio</strong></span> <span class='ocrx_word' id='word_1_356' title='bbox 2122 3048 2227 3107; x_wconf 84' lang='lat' dir='ltr'><strong>est,</strong></span> 
     </span>
    </p>
   </div>
   <div class='ocr_carea' id='block_1_50' title="bbox 652 3135 2231 3205">
    <p class='ocr_par' dir='ltr' id='par_1_50' title="bbox 652 3135 2231 3205">
     <span class='ocr_line' id='line_1_50' title="bbox 652 3135 2231 3205; baseline -0.001 -14"><span class='ocrx_word' id='word_1_357' title='bbox 652 3138 879 3191; x_wconf 85' lang='lat' dir='ltr'><strong>ctlirma</strong></span> <span class='ocrx_word' id='word_1_358' title='bbox 912 3144 1170 3203; x_wconf 89' lang='lat' dir='ltr'><strong>certaque</strong></span> <span class='ocrx_word' id='word_1_359' title='bbox 1210 3136 1495 3204; x_wconf 71' lang='lat' dir='ltr'><strong>prophetia</strong></span> <span class='ocrx_word' id='word_1_360' title='bbox 1528 3155 1540 3188; x_wconf 91' lang='lat'>:</span> <span class='ocrx_word' id='word_1_361' title='bbox 1580 3150 1702 3188; x_wconf 88' lang='lat' dir='ltr'><strong>nam</strong></span> <span class='ocrx_word' id='word_1_362' title='bbox 1737 3135 1922 3205; x_wconf 81' lang='lat' dir='ltr'><strong>Usque</strong></span> <span class='ocrx_word' id='word_1_363' title='bbox 1956 3137 2021 3190; x_wconf 85' lang='lat' dir='ltr'><strong>ad</strong></span> <span class='ocrx_word' id='word_1_364' title='bbox 2050 3146 2231 3191; x_wconf 78' lang='lat' dir='ltr'><strong>extre-</strong></span> 
     </span>
    </p>
   </div>
   <div class='ocr_carea' id='block_1_51' title="bbox 654 3227 2222 3297">
    <p class='ocr_par' dir='ltr' id='par_1_51' title="bbox 654 3227 2222 3297">
     <span class='ocr_line' id='line_1_51' title="bbox 654 3227 2222 3297; baseline -0.001 -16"><span class='ocrx_word' id='word_1_365' title='bbox 654 3242 776 3283; x_wconf 61' lang='lat' dir='ltr'><strong>me:</strong></span> <span class='ocrx_word' id='word_1_366' title='bbox 804 3227 1111 3281; x_wconf 77' lang='lat' dir='ltr'><strong>lincsterra:</strong></span> <span class='ocrx_word' id='word_1_367' title='bbox 1136 3229 1573 3297; x_wconf 67' lang='lat' dir='ltr'><strong>praedicationem</strong></span> <span class='ocrx_word' id='word_1_368' title='bbox 1594 3236 1845 3283; x_wconf 88' lang='lat' dir='ltr'><strong>testatam</strong></span> <span class='ocrx_word' id='word_1_369' title='bbox 1874 3229 2222 3297; x_wconf 80' lang='lat' dir='ltr'><strong>reliquerunt.</strong></span> 
     </span>
    </p>
   </div>
   <div class='ocr_carea' id='block_1_52' title="bbox 728 3319 2228 3389">
    <p class='ocr_par' dir='ltr' id='par_1_52' title="bbox 728 3319 2228 3389">
     <span class='ocr_line' id='line_1_52' title="bbox 728 3319 2228 3389; baseline -0.002 -17"><span class='ocrx_word' id='word_1_370' title='bbox 728 3319 895 3374; x_wconf 71' lang='lat' dir='ltr'><strong>Vsus.</strong></span> <span class='ocrx_word' id='word_1_371' title='bbox 928 3322 980 3374; x_wconf 88' lang='lat'><strong>9.</strong></span> <span class='ocrx_word' id='word_1_372' title='bbox 1030 3321 1194 3389; x_wconf 75' lang='lat' dir='ltr'><strong>Atque</strong></span> <span class='ocrx_word' id='word_1_373' title='bbox 1232 3321 1343 3372; x_wconf 81' lang='lat' dir='ltr'><strong>lucc</strong></span> <span class='ocrx_word' id='word_1_374' title='bbox 1383 3322 1612 3383; x_wconf 74' lang='lat' dir='ltr'><strong>locutus,</strong></span> <span class='ocrx_word' id='word_1_375' title='bbox 1649 3322 2060 3387; x_wconf 76' lang='lat' dir='ltr'><strong>inspectantibus</strong></span> <span class='ocrx_word' id='word_1_376' title='bbox 2098 3320 2228 3384; x_wconf 84' lang='lat' dir='ltr'><strong>illis,</strong></span> 
     </span>
    </p>
   </div>
   <div class='ocr_carea' id='block_1_53' title="bbox 653 3412 2225 3472">
    <p class='ocr_par' dir='ltr' id='par_1_53' title="bbox 653 3412 2225 3472">
     <span class='ocr_line' id='line_1_53' title="bbox 653 3412 2225 3472; baseline -0.002 -5"><span class='ocrx_word' id='word_1_377' title='bbox 653 3413 952 3467; x_wconf 75' lang='lat' dir='ltr'><strong>sublevatus</strong></span> <span class='ocrx_word' id='word_1_378' title='bbox 978 3421 1078 3472; x_wconf 81' lang='lat' dir='ltr'><strong>est,</strong></span> <span class='ocrx_word' id='word_1_379' title='bbox 1110 3423 1157 3465; x_wconf 87' lang='lat' dir='ltr'><strong>ct</strong></span> <span class='ocrx_word' id='word_1_380' title='bbox 1181 3412 1340 3465; x_wconf 79' lang='lat' dir='ltr'><strong>nubes</strong></span> <span class='ocrx_word' id='word_1_381' title='bbox 1363 3413 1517 3464; x_wconf 82' lang='lat' dir='ltr'><strong>illum</strong></span> <span class='ocrx_word' id='word_1_382' title='bbox 1544 3414 1709 3465; x_wconf 82' lang='lat' dir='ltr'><strong>oculis</strong></span> <span class='ocrx_word' id='word_1_383' title='bbox 1734 3429 1914 3465; x_wconf 77' lang='lat' dir='ltr'><strong>eorum</strong></span> <span class='ocrx_word' id='word_1_384' title='bbox 1943 3413 2225 3465; x_wconf 69' lang='lat' dir='ltr'><strong>subduxit:</strong></span> 
     </span>
    </p>
   </div>
   <div class='ocr_carea' id='block_1_54' title="bbox 729 3583 2228 3641">
    <p class='ocr_par' dir='ltr' id='par_1_54' title="bbox 729 3583 2228 3641">
     <span class='ocr_line' id='line_1_54' title="bbox 729 3583 2228 3641; baseline 0.001 -1"><span class='ocrx_word' id='word_1_385' title='bbox 729 3585 893 3640; x_wconf 73' lang='lat' dir='ltr'><strong>Vens.</strong></span> <span class='ocrx_word' id='word_1_386' title='bbox 929 3586 1013 3639; x_wconf 76' lang='grc'><strong>10.</strong></span> <span class='ocrx_word' id='word_1_387' title='bbox 1048 3583 1119 3639; x_wconf 84' lang='lat' dir='ltr'><strong>Et</strong></span> <span class='ocrx_word' id='word_1_388' title='bbox 1146 3596 1203 3638; x_wconf 88' lang='lat' dir='ltr'><strong>ut</strong></span> <span class='ocrx_word' id='word_1_389' title='bbox 1264 3585 1487 3639; x_wconf 83' lang='lat' dir='ltr'><strong>abeunte</strong></span> <span class='ocrx_word' id='word_1_390' title='bbox 1531 3587 1624 3639; x_wconf 86' lang='lat' dir='ltr'><strong>illo</strong></span> <span class='ocrx_word' id='word_1_391' title='bbox 1660 3588 1872 3640; x_wconf 80' lang='lat' dir='ltr'><strong>intentis</strong></span> <span class='ocrx_word' id='word_1_392' title='bbox 1921 3588 2086 3641; x_wconf 80' lang='lat' dir='ltr'><strong>oculis</strong></span> <span class='ocrx_word' id='word_1_393' title='bbox 2126 3604 2228 3641; x_wconf 74' lang='lat' dir='ltr'><strong>cce-</strong></span> 
     </span>
    </p>
   </div>
   <div class='ocr_carea' id='block_1_55' title="bbox 656 3676 1208 3730">
    <p class='ocr_par' dir='ltr' id='par_1_55' title="bbox 656 3676 1208 3730">
     <span class='ocr_line' id='line_1_55' title="bbox 656 3676 1208 3730; baseline 0.004 -2"><span class='ocrx_word' id='word_1_394' title='bbox 656 3677 765 3729; x_wconf 87' lang='lat' dir='ltr'><strong>lum</strong></span> <span class='ocrx_word' id='word_1_395' title='bbox 801 3676 1208 3730; x_wconf 83' lang='lat' dir='ltr'><strong>contuebantur.</strong></span> 
     </span>
    </p>
   </div>
   <div class='ocr_carea' id='block_1_56' title="bbox 728 3765 2227 3837">
    <p class='ocr_par' dir='ltr' id='par_1_56' title="bbox 728 3765 2227 3837">
     <span class='ocr_line' id='line_1_56' title="bbox 728 3765 2227 3837; baseline 0.002 -19"><span class='ocrx_word' id='word_1_396' title='bbox 728 3766 1170 3835; x_wconf 72' lang='lat' dir='ltr'><strong>lnspectaatibus</strong></span> <span class='ocrx_word' id='word_1_397' title='bbox 1210 3767 1316 3821; x_wconf 90' lang='lat' dir='ltr'><strong>illis</strong></span> <span class='ocrx_word' id='word_1_398' title='bbox 1364 3781 1471 3819; x_wconf 89' lang='lat' dir='ltr'><strong>non</strong></span> <span class='ocrx_word' id='word_1_399' title='bbox 1499 3768 1763 3832; x_wconf 79' lang='lat' dir='ltr'><strong>surrexit,</strong></span> <span class='ocrx_word' id='word_1_400' title='bbox 1794 3768 1887 3821; x_wconf 89' lang='lat' dir='ltr'><strong>sed</strong></span> <span class='ocrx_word' id='word_1_401' title='bbox 1911 3765 2227 3837; x_wconf 86' lang='lat' dir='ltr'><strong>lnspectan-</strong></span> 
     </span>
    </p>
   </div>
   <div class='ocr_carea' id='block_1_57' title="bbox 656 3858 2228 3926">
    <p class='ocr_par' dir='ltr' id='par_1_57' title="bbox 656 3858 2228 3926">
     <span class='ocr_line' id='line_1_57' title="bbox 656 3858 2228 3926; baseline 0.001 -14"><span class='ocrx_word' id='word_1_402' title='bbox 656 3860 802 3912; x_wconf 80' lang='lat' dir='ltr'><strong>tibus</strong></span> <span class='ocrx_word' id='word_1_403' title='bbox 843 3859 948 3912; x_wconf 89' lang='lat' dir='ltr'><strong>illis</strong></span> <span class='ocrx_word' id='word_1_404' title='bbox 1002 3858 1316 3912; x_wconf 83' lang='lat' dir='ltr'><strong>sublevatus</strong></span> <span class='ocrx_word' id='word_1_405' title='bbox 1341 3865 1448 3920; x_wconf 89' lang='lat' dir='ltr'><strong>est,</strong></span> <span class='ocrx_word' id='word_1_406' title='bbox 1478 3858 1737 3926; x_wconf 87' lang='lat' dir='ltr'><strong>quoniam</strong></span> <span class='ocrx_word' id='word_1_407' title='bbox 1768 3875 1836 3913; x_wconf 91' lang='lat' dir='ltr'><strong>ne</strong></span> <span class='ocrx_word' id='word_1_408' title='bbox 1873 3859 1961 3913; x_wconf 91' lang='lat' dir='ltr'><strong>hic</strong></span> <span class='ocrx_word' id='word_1_409' title='bbox 2009 3861 2228 3926; x_wconf 80' lang='lat' dir='ltr'><strong>quidem</strong></span> 
     </span>
    </p>
   </div>
   <div class='ocr_carea' id='block_1_58' title="bbox 659 3947 2229 4017">
    <p class='ocr_par' dir='ltr' id='par_1_58' title="bbox 659 3947 2229 4017">
     <span class='ocr_line' id='line_1_58' title="bbox 659 3947 2229 4017; baseline 0.001 -17"><span class='ocrx_word' id='word_1_410' title='bbox 659 3947 927 4016; x_wconf 83' lang='lat' dir='ltr'><strong>quidquid</strong></span> <span class='ocrx_word' id='word_1_411' title='bbox 965 3964 1050 4001; x_wconf 81' lang='lat' dir='ltr'><strong>res</strong></span> <span class='ocrx_word' id='word_1_412' title='bbox 1076 3949 1390 4016; x_wconf 80' lang='lat' dir='ltr'><strong>postulabat</strong></span> <span class='ocrx_word' id='word_1_413' title='bbox 1423 3949 1689 4016; x_wconf 79' lang='lat' dir='ltr'><strong>inspectio</strong></span> <span class='ocrx_word' id='word_1_414' title='bbox 1712 3960 1925 4016; x_wconf 86' lang='lat' dir='ltr'><strong>poterat</strong></span> <span class='ocrx_word' id='word_1_415' title='bbox 1947 3958 2229 4017; x_wconf 59' lang='lat' dir='ltr'><strong>prastare.</strong></span> 
     </span>
    </p>
   </div>
   <div class='ocr_carea' id='block_1_59' title="bbox 657 4038 2229 4107">
    <p class='ocr_par' dir='ltr' id='par_1_59' title="bbox 657 4038 2229 4107">
     <span class='ocr_line' id='line_1_59' title="bbox 657 4038 2229 4107; baseline 0.001 -17"><span class='ocrx_word' id='word_1_416' title='bbox 657 4038 874 4092; x_wconf 80' lang='lat' dir='ltr'><strong>Etenim</strong></span> <span class='ocrx_word' id='word_1_417' title='bbox 942 4038 1370 4092; x_wconf 79' lang='lat' dir='ltr'><strong>resurrectionis</strong></span> <span class='ocrx_word' id='word_1_418' title='bbox 1438 4038 1599 4091; x_wconf 91' lang='lat' dir='ltr'><strong>tinem</strong></span> <span class='ocrx_word' id='word_1_419' title='bbox 1673 4039 1892 4107; x_wconf 87' lang='lat' dir='ltr'><strong>quidem</strong></span> <span class='ocrx_word' id='word_1_420' title='bbox 1952 4040 2229 4102; x_wconf 86' lang='lat' dir='ltr'><strong>viderunt,</strong></span> 
     </span>
    </p>
   </div>
   <div class='ocr_carea' id='block_1_60' title="bbox 660 4129 2230 4198">
    <p class='ocr_par' dir='ltr' id='par_1_60' title="bbox 660 4129 2230 4198">
     <span class='ocr_line' id='line_1_60' title="bbox 660 4129 2230 4198; baseline 0.003 -16"><span class='ocrx_word' id='word_1_421' title='bbox 660 4129 986 4198; x_wconf 82' lang='lat' dir='ltr'><strong>principium</strong></span> <span class='ocrx_word' id='word_1_422' title='bbox 1020 4138 1199 4182; x_wconf 87' lang='lat' dir='ltr'><strong>autem</strong></span> <span class='ocrx_word' id='word_1_423' title='bbox 1238 4144 1345 4183; x_wconf 91' lang='lat' dir='ltr'><strong>non</strong></span> <span class='ocrx_word' id='word_1_424' title='bbox 1379 4129 1633 4182; x_wconf 87' lang='lat' dir='ltr'><strong>viderunt</strong></span> <span class='ocrx_word' id='word_1_425' title='bbox 1666 4148 1680 4182; x_wconf 89' lang='lat'><strong>:</strong></span> <span class='ocrx_word' id='word_1_426' title='bbox 1732 4139 1786 4183; x_wconf 89' lang='lat' dir='ltr'><strong>et</strong></span> <span class='ocrx_word' id='word_1_427' title='bbox 1835 4132 2230 4198; x_wconf 86' lang='lat' dir='ltr'><strong>assumptiouis</strong></span> 
     </span>
    </p>
   </div>
   <div class='ocr_carea' id='block_1_61' title="bbox 660 4219 2232 4289">
    <p class='ocr_par' dir='ltr' id='par_1_61' title="bbox 660 4219 2232 4289">
     <span class='ocr_line' id='line_1_61' title="bbox 660 4219 2232 4289; baseline 0.003 -18"><span class='ocrx_word' id='word_1_428' title='bbox 660 4221 992 4289; x_wconf 88' lang='lat' dir='ltr'><strong>principium</strong></span> <span class='ocrx_word' id='word_1_429' title='bbox 1026 4220 1247 4286; x_wconf 86' lang='lat' dir='ltr'><strong>quidem</strong></span> <span class='ocrx_word' id='word_1_430' title='bbox 1280 4220 1557 4284; x_wconf 90' lang='lat' dir='ltr'><strong>viderunt,</strong></span> <span class='ocrx_word' id='word_1_431' title='bbox 1588 4219 1748 4273; x_wconf 80' lang='lat' dir='ltr'><strong>linem</strong></span> <span class='ocrx_word' id='word_1_432' title='bbox 1781 4235 1914 4274; x_wconf 85' lang='lat' dir='ltr'><strong>vero</strong></span> <span class='ocrx_word' id='word_1_433' title='bbox 1940 4236 2050 4275; x_wconf 89' lang='lat' dir='ltr'><strong>non</strong></span> <span class='ocrx_word' id='word_1_434' title='bbox 2080 4222 2232 4276; x_wconf 86' lang='lat' dir='ltr'><strong>vide-</strong></span> 
     </span>
    </p>
   </div>
   <div class='ocr_carea' id='block_1_62' title="bbox 658 4307 2231 4379">
    <p class='ocr_par' dir='ltr' id='par_1_62' title="bbox 658 4307 2231 4379">
     <span class='ocr_line' id='line_1_62' title="bbox 658 4307 2231 4379; baseline 0 -16"><span class='ocrx_word' id='word_1_435' title='bbox 658 4320 784 4363; x_wconf 88' lang='lat' dir='ltr'><strong>runt</strong></span> <span class='ocrx_word' id='word_1_436' title='bbox 815 4307 997 4375; x_wconf 83' lang='lat' dir='ltr'><strong>Quare</strong></span> <span class='ocrx_word' id='word_1_437' title='bbox 1022 4310 1044 4361; x_wconf 88' lang='lat'><strong>?</strong></span> <span class='ocrx_word' id='word_1_438' title='bbox 1070 4309 1209 4374; x_wconf 81' lang='lat' dir='ltr'><strong>Quia</strong></span> <span class='ocrx_word' id='word_1_439' title='bbox 1236 4308 1367 4373; x_wconf 91' lang='lat' dir='ltr'><strong>illic,</strong></span> <span class='ocrx_word' id='word_1_440' title='bbox 1395 4324 1515 4361; x_wconf 84' lang='lat' dir='ltr'><strong>cum</strong></span> <span class='ocrx_word' id='word_1_441' title='bbox 1547 4310 1683 4379; x_wconf 87' lang='lat' dir='ltr'><strong>ipse,</strong></span> <span class='ocrx_word' id='word_1_442' title='bbox 1718 4311 1811 4377; x_wconf 90' lang='lat' dir='ltr'><strong>qui</strong></span> <span class='ocrx_word' id='word_1_443' title='bbox 1838 4320 2231 4377; x_wconf 84' lang='lat' dir='ltr'><strong>resurrexerat,</strong></span> 
     </span>
    </p>
   </div>
   <div class='ocr_carea' id='block_1_63' title="bbox 658 4399 2230 4470">
    <p class='ocr_par' dir='ltr' id='par_1_63' title="bbox 658 4399 2230 4470">
     <span class='ocr_line' id='line_1_63' title="bbox 658 4399 2230 4470; baseline 0.002 -17"><span class='ocrx_word' id='word_1_444' title='bbox 658 4416 843 4453; x_wconf 90' lang='lat' dir='ltr'><strong>coram</strong></span> <span class='ocrx_word' id='word_1_445' title='bbox 879 4414 1119 4468; x_wconf 69' lang='lat' dir='ltr'><strong>praesens</strong></span> <span class='ocrx_word' id='word_1_446' title='bbox 1154 4399 1393 4464; x_wconf 85' lang='lat' dir='ltr'><strong>adesset,</strong></span> <span class='ocrx_word' id='word_1_447' title='bbox 1432 4409 1596 4469; x_wconf 87' lang='lat' dir='ltr'><strong>atque</strong></span> <span class='ocrx_word' id='word_1_448' title='bbox 1626 4400 1763 4454; x_wconf 85' lang='lat' dir='ltr'><strong>adeo</strong></span> <span class='ocrx_word' id='word_1_449' title='bbox 1803 4402 2146 4470; x_wconf 86' lang='lat' dir='ltr'><strong>loqueretur,</strong></span> <span class='ocrx_word' id='word_1_450' title='bbox 2178 4413 2230 4456; x_wconf 91' lang='lat' dir='ltr'><strong>et</strong></span> 
     </span>
    </p>
   </div>
   <div class='ocr_carea' id='block_1_64' title="bbox 656 4490 2230 4559">
    <p class='ocr_par' dir='ltr' id='par_1_64' title="bbox 656 4490 2230 4559">
     <span class='ocr_line' id='line_1_64' title="bbox 656 4490 2230 4559; baseline 0.001 -16"><span class='ocrx_word' id='word_1_451' title='bbox 656 4499 1067 4543; x_wconf 87' lang='lat' dir='ltr'><strong>monumentum</strong></span> <span class='ocrx_word' id='word_1_452' title='bbox 1097 4491 1396 4544; x_wconf 88' lang='lat' dir='ltr'><strong>declararet</strong></span> <span class='ocrx_word' id='word_1_453' title='bbox 1414 4506 1538 4545; x_wconf 90' lang='lat' dir='ltr'><strong>eum</strong></span> <span class='ocrx_word' id='word_1_454' title='bbox 1566 4506 1672 4543; x_wconf 90' lang='lat' dir='ltr'><strong>non</strong></span> <span class='ocrx_word' id='word_1_455' title='bbox 1704 4490 1780 4543; x_wconf 90' lang='lat' dir='ltr'><strong>ibi</strong></span> <span class='ocrx_word' id='word_1_456' title='bbox 1802 4507 1943 4557; x_wconf 89' lang='lat' dir='ltr'><strong>esse,</strong></span> <span class='ocrx_word' id='word_1_457' title='bbox 1974 4507 2230 4559; x_wconf 85' lang='lat' dir='ltr'><strong>superva-</strong></span> 
     </span>
    </p>
   </div>
   <div class='ocr_carea' id='block_1_65' title="bbox 663 4580 2233 4651">
    <p class='ocr_par' dir='ltr' id='par_1_65' title="bbox 663 4580 2233 4651">
     <span class='ocr_line' id='line_1_65' title="bbox 663 4580 2233 4651; baseline 0.001 -18"><span class='ocrx_word' id='word_1_458' title='bbox 663 4595 893 4634; x_wconf 82' lang='lat' dir='ltr'><strong>caneum</strong></span> <span class='ocrx_word' id='word_1_459' title='bbox 926 4588 1065 4646; x_wconf 87' lang='lat' dir='ltr'><strong>erat,</strong></span> <span class='ocrx_word' id='word_1_460' title='bbox 1092 4582 1417 4651; x_wconf 88' lang='lat' dir='ltr'><strong>principium</strong></span> <span class='ocrx_word' id='word_1_461' title='bbox 1442 4580 1628 4635; x_wconf 89' lang='lat' dir='ltr'><strong>videre</strong></span> <span class='ocrx_word' id='word_1_462' title='bbox 1656 4598 1669 4633; x_wconf 88' lang='lat'><strong>:</strong></span> <span class='ocrx_word' id='word_1_463' title='bbox 1700 4581 1787 4636; x_wconf 87' lang='lat' dir='ltr'><strong>bic</strong></span> <span class='ocrx_word' id='word_1_464' title='bbox 1810 4596 1939 4635; x_wconf 88' lang='lat' dir='ltr'><strong>vero</strong></span> <span class='ocrx_word' id='word_1_465' title='bbox 1961 4597 2098 4651; x_wconf 86' lang='lat' dir='ltr'><strong>opus</strong></span> <span class='ocrx_word' id='word_1_466' title='bbox 2114 4590 2233 4636; x_wconf 86' lang='lat' dir='ltr'><strong>erat</strong></span> 
     </span>
    </p>
   </div>
   <div class='ocr_carea' id='block_1_66' title="bbox 653 4670 2225 4742">
    <p class='ocr_par' dir='ltr' id='par_1_66' title="bbox 653 4670 2225 4742">
     <span class='ocr_line' id='line_1_66' title="bbox 653 4670 2225 4742; baseline 0 -17"><span class='ocrx_word' id='word_1_467' title='bbox 653 4673 816 4725; x_wconf 85' lang='lat' dir='ltr'><strong>etiam</strong></span> <span class='ocrx_word' id='word_1_468' title='bbox 844 4671 1197 4725; x_wconf 84' lang='lat' dir='ltr'><strong>sciretlnem.</strong></span> <span class='ocrx_word' id='word_1_469' title='bbox 1235 4670 1353 4724; x_wconf 79' lang='lat' dir='ltr'><strong>Non</strong></span> <span class='ocrx_word' id='word_1_470' title='bbox 1401 4672 1551 4725; x_wconf 85' lang='lat' dir='ltr'><strong>enim</strong></span> <span class='ocrx_word' id='word_1_471' title='bbox 1599 4672 1745 4726; x_wconf 91' lang='lat' dir='ltr'><strong>oculi</strong></span> <span class='ocrx_word' id='word_1_472' title='bbox 1791 4677 2008 4740; x_wconf 78' lang='lat' dir='ltr'><strong>assequi</strong></span> <span class='ocrx_word' id='word_1_473' title='bbox 2060 4681 2225 4742; x_wconf 88' lang='lat' dir='ltr'><strong>atque</strong></span> 
     </span>
    </p>
   </div>
   <div class='ocr_carea' id='block_1_67' title="bbox 2332 2218 3911 2288">
    <p class='ocr_par' dir='ltr' id='par_1_67' title="bbox 2332 2218 3911 2288">
     <span class='ocr_line' id='line_1_67' title="bbox 2332 2218 3911 2288; baseline -0.001 -13"><span class='ocrx_word' id='word_1_474' title='bbox 2332 2222 2429 2275; x_wconf 79' lang='grc' dir='ltr'><strong>καὶ</strong></span> <span class='ocrx_word' id='word_1_475' title='bbox 2460 2222 2528 2273; x_wconf 85' lang='grc' dir='ltr'>ἐν</span> <span class='ocrx_word' id='word_1_476' title='bbox 2573 2221 2739 2288; x_wconf 79' lang='grc' dir='ltr'>πάσῃ</span> <span class='ocrx_word' id='word_1_477' title='bbox 2780 2218 2856 2287; x_wconf 77' lang='grc' dir='ltr'>τῇ</span> <span class='ocrx_word' id='word_1_478' title='bbox 2905 2219 3156 2287; x_wconf 80' lang='grc' dir='ltr'><strong>Ἰουδαίᾳ</strong></span> <span class='ocrx_word' id='word_1_479' title='bbox 3185 2221 3285 2273; x_wconf 76' lang='grc' dir='ltr'>καί</span> <span class='ocrx_word' id='word_1_480' title='bbox 3315 2222 3631 2288; x_wconf 79' lang='grc' dir='ltr'><strong>Σαμαρείᾳ,</strong></span> <span class='ocrx_word' id='word_1_481' title='bbox 3667 2222 3763 2275; x_wconf 76' lang='grc' dir='ltr'><strong>καὶ</strong></span> <span class='ocrx_word' id='word_1_482' title='bbox 3791 2222 3911 2288; x_wconf 83' lang='grc' dir='ltr'><strong>ἕως</strong></span> 
     </span>
    </p>
   </div>
   <div class='ocr_carea' id='block_1_68' title="bbox 2330 2310 2893 2381">
    <p class='ocr_par' dir='ltr' id='par_1_68' title="bbox 2330 2310 2893 2381">
     <span class='ocr_line' id='line_1_68' title="bbox 2330 2310 2893 2381; baseline -0.005 -15"><span class='ocrx_word' id='word_1_483' title='bbox 2330 2313 2594 2381; x_wconf 79' lang='grc' dir='ltr'><strong>ἐσχάτου</strong></span> <span class='ocrx_word' id='word_1_484' title='bbox 2626 2310 2736 2378; x_wconf 83' lang='grc' dir='ltr'>τῆς</span> <span class='ocrx_word' id='word_1_485' title='bbox 2762 2311 2893 2381; x_wconf 80' lang='grc' dir='ltr'>γῆς.</span> 
     </span>
    </p>
   </div>
   <div class='ocr_carea' id='block_1_69' title="bbox 2418 2400 3907 2473">
    <p class='ocr_par' dir='ltr' id='par_1_69' title="bbox 2418 2400 3907 2473">
     <span class='ocr_line' id='line_1_69' title="bbox 2418 2400 3907 2473; baseline 0.003 -21"><span class='ocrx_word' id='word_1_486' title='bbox 2418 2400 2635 2469; x_wconf 75' lang='grc' dir='ltr'>Ἐπειδὴ</span> <span class='ocrx_word' id='word_1_487' title='bbox 2689 2400 3000 2469; x_wconf 77' lang='grc' dir='ltr'>ἔμπροσθεν</span> <span class='ocrx_word' id='word_1_488' title='bbox 3051 2400 3247 2466; x_wconf 75' lang='grc' dir='ltr'>ἔλεγεν</span> <span class='ocrx_word' id='word_1_489' title='bbox 3278 2416 3295 2432; x_wconf 72' lang='grc' dir='ltr'>σ</span> <span class='ocrx_word' id='word_1_490' title='bbox 3344 2402 3437 2463; x_wconf 83' lang='grc' dir='ltr'>Είς</span> <span class='ocrx_word' id='word_1_491' title='bbox 3465 2402 3788 2457; x_wconf 64' lang='grc' dir='ltr'>ὁδὸνςὲθνῶν</span> <span class='ocrx_word' id='word_1_492' title='bbox 3822 2404 3907 2473; x_wconf 84' lang='grc' dir='ltr'>μὴ</span> 
     </span>
    </p>
   </div>
   <div class='ocr_carea' id='block_1_70' title="bbox 2330 2492 3906 2563">
    <p class='ocr_par' dir='ltr' id='par_1_70' title="bbox 2330 2492 3906 2563">
     <span class='ocr_line' id='line_1_70' title="bbox 2330 2492 3906 2563; baseline 0 -17"><span class='ocrx_word' id='word_1_493' title='bbox 2330 2493 2626 2557; x_wconf 78' lang='grc' dir='ltr'><strong>ἀπέλθητε,</strong></span> <span class='ocrx_word' id='word_1_494' title='bbox 2668 2496 2761 2544; x_wconf 68' lang='grc' dir='ltr'><strong>καὶ</strong></span> <span class='ocrx_word' id='word_1_495' title='bbox 2787 2493 2865 2555; x_wconf 88' lang='grc' dir='ltr'><strong>είς</strong></span> <span class='ocrx_word' id='word_1_496' title='bbox 2907 2492 3064 2544; x_wconf 81' lang='grc' dir='ltr'>πόλιν</span> <span class='ocrx_word' id='word_1_497' title='bbox 3104 2493 3460 2562; x_wconf 81' lang='grc' dir='ltr'>Σαμαρειτῶν</span> <span class='ocrx_word' id='word_1_498' title='bbox 3494 2494 3569 2563; x_wconf 82' lang='grc' dir='ltr'>μὴ</span> <span class='ocrx_word' id='word_1_499' title='bbox 3595 2495 3906 2562; x_wconf 74' lang='grc' dir='ltr'><strong>εἰσέλθητε,</strong></span> 
     </span>
    </p>
   </div>
   <div class='ocr_carea' id='block_1_71' title="bbox 2333 2585 3910 2657">
    <p class='ocr_par' dir='ltr' id='par_1_71' title="bbox 2333 2585 3910 2657">
     <span class='ocr_line' id='line_1_71' title="bbox 2333 2585 3910 2657; baseline 0.004 -24"><span class='ocrx_word' id='word_1_500' title='bbox 2333 2585 2653 2652; x_wconf 81' lang='grc' dir='ltr'>βουλόμενος</span> <span class='ocrx_word' id='word_1_501' title='bbox 2706 2585 2923 2652; x_wconf 78' lang='grc' dir='ltr'>πρῶτον</span> <span class='ocrx_word' id='word_1_502' title='bbox 2968 2586 3078 2647; x_wconf 83' lang='grc' dir='ltr'>τοῖς</span> <span class='ocrx_word' id='word_1_503' title='bbox 3111 2585 3386 2647; x_wconf 80' lang='grc' dir='ltr'>Ἰουδαίοις</span> <span class='ocrx_word' id='word_1_504' title='bbox 3412 2586 3503 2638; x_wconf 81' lang='grc' dir='ltr'><strong>τὸν</strong></span> <span class='ocrx_word' id='word_1_505' title='bbox 3533 2586 3689 2653; x_wconf 77' lang='grc' dir='ltr'>λόγον</span> <span class='ocrx_word' id='word_1_506' title='bbox 3732 2603 3910 2657; x_wconf 82' lang='grc' dir='ltr'>κηρυ-</span> 
     </span>
    </p>
   </div>
   <div class='ocr_carea' id='block_1_72' title="bbox 2331 2673 3910 2745">
    <p class='ocr_par' dir='ltr' id='par_1_72' title="bbox 2331 2673 3910 2745">
     <span class='ocr_line' id='line_1_72' title="bbox 2331 2673 3910 2745; baseline 0.001 -20"><span class='ocrx_word' id='word_1_507' title='bbox 2331 2675 2547 2743; x_wconf 75' lang='grc' dir='ltr'>χθῆναι,</span> <span class='ocrx_word' id='word_1_508' title='bbox 2598 2674 2692 2726; x_wconf 88' lang='grc' dir='ltr'><strong>νῦν</strong></span> <span class='ocrx_word' id='word_1_509' title='bbox 2735 2673 2793 2725; x_wconf 81' lang='grc' dir='ltr'>δὲ</span> <span class='ocrx_word' id='word_1_510' title='bbox 2845 2674 3029 2726; x_wconf 76' lang='grc' dir='ltr'>λοιπὸν</span> <span class='ocrx_word' id='word_1_511' title='bbox 3078 2677 3157 2736; x_wconf 81' lang='grc' dir='ltr'>εἰς</span> <span class='ocrx_word' id='word_1_512' title='bbox 3190 2675 3289 2744; x_wconf 80' lang='grc' dir='ltr'>τὴν</span> <span class='ocrx_word' id='word_1_513' title='bbox 3331 2676 3657 2745; x_wconf 79' lang='grc' dir='ltr'>οἰκουμένην</span> <span class='ocrx_word' id='word_1_514' title='bbox 3707 2677 3812 2729; x_wconf 78' lang='grc' dir='ltr'>ἔδει</span> <span class='ocrx_word' id='word_1_515' title='bbox 3841 2677 3910 2728; x_wconf 74' lang='grc' dir='ltr'>τὸ</span> 
     </span>
    </p>
   </div>
   <div class='ocr_carea' id='block_1_73' title="bbox 2331 2760 3910 2835">
    <p class='ocr_par' dir='ltr' id='par_1_73' title="bbox 2331 2760 3910 2835">
     <span class='ocr_line' id='line_1_73' title="bbox 2331 2760 3910 2835; baseline 0 -17"><span class='ocrx_word' id='word_1_516' title='bbox 2331 2769 2591 2835; x_wconf 81' lang='grc' dir='ltr'>κήρυγμα</span> <span class='ocrx_word' id='word_1_517' title='bbox 2649 2764 2920 2833; x_wconf 81' lang='grc' dir='ltr'>χὺθῆναι,</span> <span class='ocrx_word' id='word_1_518' title='bbox 2967 2764 3205 2831; x_wconf 81' lang='grc' dir='ltr'>εὐλόγως</span> <span class='ocrx_word' id='word_1_519' title='bbox 3274 2760 3368 2816; x_wconf 85' lang='grc' dir='ltr'><strong>οὖν</strong></span> <span class='ocrx_word' id='word_1_520' title='bbox 3440 2766 3761 2835; x_wconf 80' lang='grc' dir='ltr'>προστίθησι</span> <span class='ocrx_word' id='word_1_521' title='bbox 3807 2767 3910 2820; x_wconf 80' lang='grc' dir='ltr'>καί</span> 
     </span>
    </p>
   </div>
   <div class='ocr_carea' id='block_1_74' title="bbox 2332 2852 3907 2926">
    <p class='ocr_par' dir='ltr' id='par_1_74' title="bbox 2332 2852 3907 2926">
     <span class='ocr_line' id='line_1_74' title="bbox 2332 2852 3907 2926; baseline 0.002 -20"><span class='ocrx_word' id='word_1_522' title='bbox 2332 2873 2466 2925; x_wconf 72' lang='grc' dir='ltr'>φησι</span> <span class='ocrx_word' id='word_1_523' title='bbox 2494 2873 2509 2889; x_wconf 91' lang='grc'><strong>·</strong></span> <span class='ocrx_word' id='word_1_524' title='bbox 2552 2857 2650 2908; x_wconf 84' lang='grc' dir='ltr'>Ἔν</span> <span class='ocrx_word' id='word_1_525' title='bbox 2680 2873 2739 2907; x_wconf 86' lang='grc' dir='ltr'><strong>τε</strong></span> <span class='ocrx_word' id='word_1_526' title='bbox 2777 2856 3008 2926; x_wconf 76' lang='grc' dir='ltr'>Ἰουδαίᾳ</span> <span class='ocrx_word' id='word_1_527' title='bbox 3031 2858 3125 2906; x_wconf 81' lang='grc' dir='ltr'><strong>καὶ</strong></span> <span class='ocrx_word' id='word_1_528' title='bbox 3149 2856 3433 2925; x_wconf 66' lang='grc' dir='ltr'>Σαμαρείᾳ</span> <span class='ocrx_word' id='word_1_529' title='bbox 3456 2873 3471 2886; x_wconf 74' lang='grc' dir='ltr'><strong>ο</strong></span> <span class='ocrx_word' id='word_1_530' title='bbox 3503 2852 3643 2920; x_wconf 84' lang='grc' dir='ltr'>εἶτα,</span> <span class='ocrx_word' id='word_1_531' title='bbox 3663 2859 3771 2909; x_wconf 70' lang='grc' dir='ltr'>Καὶ</span> <span class='ocrx_word' id='word_1_532' title='bbox 3794 2858 3907 2920; x_wconf 73' lang='grc' dir='ltr'><strong>ἕως</strong></span> 
     </span>
    </p>
   </div>
   <div class='ocr_carea' id='block_1_75' title="bbox 2330 2947 3907 3019">
    <p class='ocr_par' dir='ltr' id='par_1_75' title="bbox 2330 2947 3907 3019">
     <span class='ocr_line' id='line_1_75' title="bbox 2330 2947 3907 3019; baseline 0.001 -20"><span class='ocrx_word' id='word_1_533' title='bbox 2330 2949 2560 3018; x_wconf 74' lang='grc' dir='ltr'>ἐσχάτου</span> <span class='ocrx_word' id='word_1_534' title='bbox 2595 2947 2695 3015; x_wconf 84' lang='grc' dir='ltr'>τῆς</span> <span class='ocrx_word' id='word_1_535' title='bbox 2724 2947 2845 3016; x_wconf 85' lang='grc' dir='ltr'>γῆς.</span> <span class='ocrx_word' id='word_1_536' title='bbox 2882 2948 2954 2999; x_wconf 81' lang='grc' dir='ltr'><strong>Τὸ</strong></span> <span class='ocrx_word' id='word_1_537' title='bbox 2983 2948 3311 3011; x_wconf 72' lang='grc' dir='ltr'>δὲ,”Εσεσθέ</span> <span class='ocrx_word' id='word_1_538' title='bbox 3342 2965 3435 3016; x_wconf 79' lang='grc' dir='ltr'><strong>μοι</strong></span> <span class='ocrx_word' id='word_1_539' title='bbox 3464 2950 3759 3019; x_wconf 80' lang='grc' dir='ltr'>μάρτυρες,</span> <span class='ocrx_word' id='word_1_540' title='bbox 3782 2948 3907 3016; x_wconf 68' lang='grc' dir='ltr'>ἃμα</span> 
     </span>
    </p>
   </div>
   <div class='ocr_carea' id='block_1_76' title="bbox 2331 3037 3903 3108">
    <p class='ocr_par' dir='ltr' id='par_1_76' title="bbox 2331 3037 3903 3108">
     <span class='ocr_line' id='line_1_76' title="bbox 2331 3037 3903 3108; baseline -0.001 -17"><span class='ocrx_word' id='word_1_541' title='bbox 2331 3040 2426 3091; x_wconf 75' lang='grc' dir='ltr'>καὶ</span> <span class='ocrx_word' id='word_1_542' title='bbox 2479 3039 2761 3108; x_wconf 82' lang='grc' dir='ltr'>προτροπή</span> <span class='ocrx_word' id='word_1_543' title='bbox 2815 3040 2932 3089; x_wconf 78' lang='grc' dir='ltr'>ἐστι</span> <span class='ocrx_word' id='word_1_544' title='bbox 2983 3038 3076 3088; x_wconf 60' lang='grc' dir='ltr'><strong>καί¹</strong></span> <span class='ocrx_word' id='word_1_545' title='bbox 3136 3037 3479 3099; x_wconf 74' lang='grc' dir='ltr'><strong>ἀδιάπτωτος</strong></span> <span class='ocrx_word' id='word_1_546' title='bbox 3544 3040 3848 3107; x_wconf 75' lang='grc' dir='ltr'>προφητεία</span> <span class='ocrx_word' id='word_1_547' title='bbox 3885 3056 3903 3071; x_wconf 78' lang='grc' dir='ltr'><strong><em>ο</em></strong></span> 
     </span>
    </p>
   </div>
   <div class='ocr_carea' id='block_1_77' title="bbox 2335 3128 3906 3201">
    <p class='ocr_par' dir='ltr' id='par_1_77' title="bbox 2335 3128 3906 3201">
     <span class='ocr_line' id='line_1_77' title="bbox 2335 3128 3906 3201; baseline 0 -18"><span class='ocrx_word' id='word_1_548' title='bbox 2335 3131 2481 3192; x_wconf 83' lang='grc' dir='ltr'><strong>Ἕως</strong></span> <span class='ocrx_word' id='word_1_549' title='bbox 2514 3129 2622 3199; x_wconf 72' lang='grc' dir='ltr'>γὰρ</span> <span class='ocrx_word' id='word_1_550' title='bbox 2650 3130 2882 3198; x_wconf 80' lang='grc' dir='ltr'>ἐσχάτου</span> <span class='ocrx_word' id='word_1_551' title='bbox 2920 3129 3019 3197; x_wconf 75' lang='grc' dir='ltr'>τῆς</span> <span class='ocrx_word' id='word_1_552' title='bbox 3063 3130 3167 3199; x_wconf 83' lang='grc' dir='ltr'>γῆς</span> <span class='ocrx_word' id='word_1_553' title='bbox 3212 3128 3272 3182; x_wconf 84' lang='grc' dir='ltr'>τὸ</span> <span class='ocrx_word' id='word_1_554' title='bbox 3306 3131 3567 3200; x_wconf 76' lang='grc' dir='ltr'>κήρυγμα</span> <span class='ocrx_word' id='word_1_555' title='bbox 3606 3131 3906 3201; x_wconf 77' lang='grc' dir='ltr'>διεμαρτύ-</span> 
     </span>
    </p>
   </div>
   <div class='ocr_carea' id='block_1_78' title="bbox 2371 3239 2517 3274">
    <p class='ocr_par' dir='ltr' id='par_1_78' title="bbox 2371 3239 2517 3274">
     <span class='ocr_line' id='line_1_78' title="bbox 2371 3239 2517 3274; baseline 0.014 -2"><span class='ocrx_word' id='word_1_556' title='bbox 2371 3239 2517 3274; x_wconf 67' lang='grc' dir='ltr'>αντο.</span> 
     </span>
    </p>
   </div>
   <div class='ocr_carea' id='block_1_79' title="bbox 2402 3313 3904 3385">
    <p class='ocr_par' dir='ltr' id='par_1_79' title="bbox 2402 3313 3904 3385">
     <span class='ocr_line' id='line_1_79' title="bbox 2402 3313 3904 3385; baseline 0.002 -19"><span class='ocrx_word' id='word_1_557' title='bbox 2402 3313 2508 3366; x_wconf 77' lang='grc' dir='ltr'><strong>Καὶ</strong></span> <span class='ocrx_word' id='word_1_558' title='bbox 2551 3313 2736 3385; x_wconf 74' lang='grc' dir='ltr'>ταῦτα</span> <span class='ocrx_word' id='word_1_559' title='bbox 2766 3313 2968 3375; x_wconf 78' lang='grc' dir='ltr'>εἰπὼν,</span> <span class='ocrx_word' id='word_1_560' title='bbox 3006 3315 3365 3376; x_wconf 74' lang='grc' dir='ltr'><strong>βλεπόντων</strong></span> <span class='ocrx_word' id='word_1_561' title='bbox 3399 3315 3598 3368; x_wconf 80' lang='grc' dir='ltr'>αὐτῶν</span> <span class='ocrx_word' id='word_1_562' title='bbox 3628 3314 3855 3383; x_wconf 69' lang='grc' dir='ltr'>ἐπήρθη</span> <span class='ocrx_word' id='word_1_563' title='bbox 3885 3334 3904 3350; x_wconf 78' lang='grc' dir='ltr'><strong>ο</strong></span> 
     </span>
    </p>
   </div>
   <div class='ocr_carea' id='block_1_80' title="bbox 2330 3402 3910 3474">
    <p class='ocr_par' dir='ltr' id='par_1_80' title="bbox 2330 3402 3910 3474">
     <span class='ocr_line' id='line_1_80' title="bbox 2330 3402 3910 3474; baseline 0.001 -19"><span class='ocrx_word' id='word_1_564' title='bbox 2330 3403 2425 3455; x_wconf 77' lang='grc' dir='ltr'><strong>καὶ</strong></span> <span class='ocrx_word' id='word_1_565' title='bbox 2459 3403 2686 3470; x_wconf 65' lang='grc' dir='ltr'>νεφέλη</span> <span class='ocrx_word' id='word_1_566' title='bbox 2728 3404 3029 3456; x_wconf 69' lang='grc' dir='ltr'>ὑπέλαϐεν</span> <span class='ocrx_word' id='word_1_567' title='bbox 3055 3403 3240 3456; x_wconf 81' lang='grc' dir='ltr'>αὐτὸν</span> <span class='ocrx_word' id='word_1_568' title='bbox 3278 3404 3395 3457; x_wconf 77' lang='grc' dir='ltr'><strong>ἀπὸ</strong></span> <span class='ocrx_word' id='word_1_569' title='bbox 3425 3402 3545 3457; x_wconf 85' lang='grc' dir='ltr'>τῶν</span> <span class='ocrx_word' id='word_1_570' title='bbox 3579 3402 3910 3474; x_wconf 68' lang='grc' dir='ltr'>ὀφθαλμῶν</span> 
     </span>
    </p>
   </div>
   <div class='ocr_carea' id='block_1_81' title="bbox 2255 3471 2550 3549">
    <p class='ocr_par' dir='ltr' id='par_1_81' title="bbox 2255 3471 2550 3549">
     <span class='ocr_line' id='line_1_81' title="bbox 2255 3471 2550 3549; baseline -0.003 0"><span class='ocrx_word' id='word_1_571' title='bbox 2255 3471 2295 3526; x_wconf 77' lang='lat' dir='ltr'><strong><em>C</em></strong></span> <span class='ocrx_word' id='word_1_572' title='bbox 2332 3494 2550 3549; x_wconf 81' lang='grc' dir='ltr'>αὐτῶν.</span> 
     </span>
    </p>
   </div>
   <div class='ocr_carea' id='block_1_82' title="bbox 2407 3583 3908 3657">
    <p class='ocr_par' dir='ltr' id='par_1_82' title="bbox 2407 3583 3908 3657">
     <span class='ocr_line' id='line_1_82' title="bbox 2407 3583 3908 3657; baseline 0.003 -19"><span class='ocrx_word' id='word_1_573' title='bbox 2407 3587 2511 3639; x_wconf 80' lang='lat' dir='ltr'><strong>Kal.</strong></span> <span class='ocrx_word' id='word_1_574' title='bbox 2559 3586 2637 3649; x_wconf 87' lang='grc' dir='ltr'>ὡς</span> <span class='ocrx_word' id='word_1_575' title='bbox 2695 3586 3061 3652; x_wconf 75' lang='grc' dir='ltr'>ἀτενίζοντες</span> <span class='ocrx_word' id='word_1_576' title='bbox 3110 3583 3310 3657; x_wconf 79' lang='grc' dir='ltr'>ἦσαν,</span> <span class='ocrx_word' id='word_1_577' title='bbox 3348 3590 3435 3654; x_wconf 78' lang='grc' dir='ltr'><strong>είς</strong></span> <span class='ocrx_word' id='word_1_578' title='bbox 3486 3587 3595 3641; x_wconf 84' lang='grc' dir='ltr'>τὸν</span> <span class='ocrx_word' id='word_1_579' title='bbox 3640 3588 3908 3656; x_wconf 76' lang='grc' dir='ltr'>οἰῬανὸν</span> 
     </span>
    </p>
   </div>
   <div class='ocr_carea' id='block_1_83' title="bbox 2332 3678 2979 3744">
    <p class='ocr_par' dir='ltr' id='par_1_83' title="bbox 2332 3678 2979 3744">
     <span class='ocr_line' id='line_1_83' title="bbox 2332 3678 2979 3744; baseline 0 -14"><span class='ocrx_word' id='word_1_580' title='bbox 2332 3678 2737 3744; x_wconf 80' lang='grc' dir='ltr'>πορευομένου</span> <span class='ocrx_word' id='word_1_581' title='bbox 2770 3679 2979 3731; x_wconf 75' lang='grc' dir='ltr'>αὐτοῦ.</span> 
     </span>
    </p>
   </div>
   <div class='ocr_carea' id='block_1_84' title="bbox 2402 3767 3908 3839">
    <p class='ocr_par' dir='ltr' id='par_1_84' title="bbox 2402 3767 3908 3839">
     <span class='ocr_line' id='line_1_84' title="bbox 2402 3767 3908 3839; baseline 0.005 -22"><span class='ocrx_word' id='word_1_582' title='bbox 2402 3767 2717 3818; x_wconf 84' lang='grc' dir='ltr'>Βλεπόντων</span> <span class='ocrx_word' id='word_1_583' title='bbox 2769 3767 2949 3819; x_wconf 81' lang='grc' dir='ltr'>αὐτῶν</span> <span class='ocrx_word' id='word_1_584' title='bbox 3015 3767 3115 3821; x_wconf 81' lang='grc' dir='ltr'>οὐκ</span> <span class='ocrx_word' id='word_1_585' title='bbox 3173 3768 3373 3839; x_wconf 80' lang='grc' dir='ltr'>ἀνέστη</span> <span class='ocrx_word' id='word_1_586' title='bbox 3403 3786 3417 3799; x_wconf 89' lang='grc'><strong>·</strong></span> <span class='ocrx_word' id='word_1_587' title='bbox 3474 3769 3790 3823; x_wconf 84' lang='grc' dir='ltr'>Βλεπόντων</span> <span class='ocrx_word' id='word_1_588' title='bbox 3842 3774 3908 3825; x_wconf 78' lang='grc' dir='ltr'>δὲ</span> 
     </span>
    </p>
   </div>
   <div class='ocr_carea' id='block_1_85' title="bbox 2333 3858 3909 3931">
    <p class='ocr_par' dir='ltr' id='par_1_85' title="bbox 2333 3858 3909 3931">
     <span class='ocr_line' id='line_1_85' title="bbox 2333 3858 3909 3931; baseline 0.004 -21"><span class='ocrx_word' id='word_1_589' title='bbox 2333 3858 2512 3910; x_wconf 79' lang='grc' dir='ltr'>αὐτῶν</span> <span class='ocrx_word' id='word_1_590' title='bbox 2545 3859 2757 3929; x_wconf 82' lang='grc' dir='ltr'>ἐπήρθη</span> <span class='ocrx_word' id='word_1_591' title='bbox 2788 3872 2802 3890; x_wconf 76' lang='grc' dir='ltr'><strong>ο</strong></span> <span class='ocrx_word' id='word_1_592' title='bbox 2850 3859 2972 3911; x_wconf 76' lang='grc' dir='ltr'>ἐπεὶ</span> <span class='ocrx_word' id='word_1_593' title='bbox 3018 3860 3137 3912; x_wconf 84' lang='grc' dir='ltr'>οὐδὲ</span> <span class='ocrx_word' id='word_1_594' title='bbox 3188 3861 3421 3913; x_wconf 77' lang='grc' dir='ltr'>ἐνταῦθα</span> <span class='ocrx_word' id='word_1_595' title='bbox 3456 3862 3658 3931; x_wconf 76' lang='grc' dir='ltr'>ήιῦψις</span> <span class='ocrx_word' id='word_1_596' title='bbox 3699 3864 3759 3915; x_wconf 83' lang='grc' dir='ltr'><strong>τὸ</strong></span> <span class='ocrx_word' id='word_1_597' title='bbox 3792 3865 3909 3917; x_wconf 80' lang='grc' dir='ltr'>πᾶν</span> 
     </span>
    </p>
   </div>
   <div class='ocr_carea' id='block_1_86' title="bbox 2336 3948 3901 4020">
    <p class='ocr_par' dir='ltr' id='par_1_86' title="bbox 2336 3948 3901 4020">
     <span class='ocr_line' id='line_1_86' title="bbox 2336 3948 3901 4020; baseline 0.005 -20"><span class='ocrx_word' id='word_1_598' title='bbox 2336 3949 2524 4019; x_wconf 76' lang='grc' dir='ltr'>ἴσχυσε</span> <span class='ocrx_word' id='word_1_599' title='bbox 2558 3964 2571 3977; x_wconf 73' lang='grc'><strong><em>⁸</em></strong></span> <span class='ocrx_word' id='word_1_600' title='bbox 2606 3953 2701 4001; x_wconf 83' lang='grc' dir='ltr'><strong>καὶ</strong></span> <span class='ocrx_word' id='word_1_601' title='bbox 2730 3948 2837 4018; x_wconf 81' lang='grc' dir='ltr'>γὰρ</span> <span class='ocrx_word' id='word_1_602' title='bbox 2863 3950 2961 4017; x_wconf 84' lang='grc' dir='ltr'>τῆς</span> <span class='ocrx_word' id='word_1_603' title='bbox 2987 3949 3337 4013; x_wconf 82' lang='grc' dir='ltr'>ἀναστάσεως</span> <span class='ocrx_word' id='word_1_604' title='bbox 3356 3952 3416 4003; x_wconf 83' lang='grc' dir='ltr'><strong>τὸ</strong></span> <span class='ocrx_word' id='word_1_605' title='bbox 3448 3952 3546 4020; x_wconf 83' lang='grc' dir='ltr'>μὲν</span> <span class='ocrx_word' id='word_1_606' title='bbox 3564 3953 3713 4016; x_wconf 86' lang='grc' dir='ltr'>τέλος</span> <span class='ocrx_word' id='word_1_607' title='bbox 3733 3950 3901 4019; x_wconf 72' lang='grc' dir='ltr'>εἶδον,</span> 
     </span>
    </p>
   </div>
   <div class='ocr_carea' id='block_1_87' title="bbox 2331 4034 3907 4113">
    <p class='ocr_par' dir='ltr' id='par_1_87' title="bbox 2331 4034 3907 4113">
     <span class='ocr_line' id='line_1_87' title="bbox 2331 4034 3907 4113; baseline 0.003 -22"><span class='ocrx_word' id='word_1_608' title='bbox 2331 4040 2429 4107; x_wconf 80' lang='grc' dir='ltr'><strong>τὴν</strong></span> <span class='ocrx_word' id='word_1_609' title='bbox 2460 4039 2516 4091; x_wconf 85' lang='grc' dir='ltr'>δὲ</span> <span class='ocrx_word' id='word_1_610' title='bbox 2548 4039 2721 4108; x_wconf 80' lang='grc' dir='ltr'>ἀρχὴν</span> <span class='ocrx_word' id='word_1_611' title='bbox 2770 4038 2871 4090; x_wconf 78' lang='grc' dir='ltr'>οὐκ</span> <span class='ocrx_word' id='word_1_612' title='bbox 2921 4034 3099 4090; x_wconf 79' lang='grc' dir='ltr'>εἷδον⁴</span> <span class='ocrx_word' id='word_1_613' title='bbox 3151 4040 3245 4092; x_wconf 82' lang='grc' dir='ltr'><strong>καὶ</strong></span> <span class='ocrx_word' id='word_1_614' title='bbox 3299 4039 3402 4109; x_wconf 80' lang='grc' dir='ltr'>τῆς</span> <span class='ocrx_word' id='word_1_615' title='bbox 3449 4041 3768 4113; x_wconf 79' lang='grc' dir='ltr'><strong>ἀναλήψεως</strong></span> <span class='ocrx_word' id='word_1_616' title='bbox 3799 4047 3907 4113; x_wconf 55' lang='grc' dir='ltr'><strong>τήν</strong></span> 
     </span>
    </p>
   </div>
   <div class='ocr_carea' id='block_1_88' title="bbox 2337 4126 3907 4201">
    <p class='ocr_par' dir='ltr' id='par_1_88' title="bbox 2337 4126 3907 4201">
     <span class='ocr_line' id='line_1_88' title="bbox 2337 4126 3907 4201; baseline 0.007 -23"><span class='ocrx_word' id='word_1_617' title='bbox 2337 4129 2437 4196; x_wconf 77' lang='grc' dir='ltr'><strong>μὲν</strong></span> <span class='ocrx_word' id='word_1_618' title='bbox 2466 4130 2639 4197; x_wconf 74' lang='grc' dir='ltr'>ἀρχὴν</span> <span class='ocrx_word' id='word_1_619' title='bbox 2668 4126 2827 4189; x_wconf 81' lang='grc' dir='ltr'>εἶδον,</span> <span class='ocrx_word' id='word_1_620' title='bbox 2860 4128 2920 4181; x_wconf 84' lang='grc' dir='ltr'>τὺ</span> <span class='ocrx_word' id='word_1_621' title='bbox 2953 4129 3011 4181; x_wconf 83' lang='grc' dir='ltr'>δὲ</span> <span class='ocrx_word' id='word_1_622' title='bbox 3051 4130 3205 4192; x_wconf 80' lang='grc' dir='ltr'>τέλος</span> <span class='ocrx_word' id='word_1_623' title='bbox 3232 4131 3332 4183; x_wconf 76' lang='grc' dir='ltr'>οὐκ</span> <span class='ocrx_word' id='word_1_624' title='bbox 3363 4128 3522 4198; x_wconf 72' lang='grc' dir='ltr'>εἶδον,</span> <span class='ocrx_word' id='word_1_625' title='bbox 3542 4134 3631 4186; x_wconf 78' lang='grc' dir='ltr'>διὰ</span> <span class='ocrx_word' id='word_1_626' title='bbox 3658 4134 3749 4201; x_wconf 76' lang='grc' dir='ltr'><strong>τίς</strong></span> <span class='ocrx_word' id='word_1_627' title='bbox 3779 4136 3907 4189; x_wconf 88' lang='grc' dir='ltr'>Ὀτι</span> 
     </span>
    </p>
   </div>
   <div class='ocr_carea' id='block_1_89' title="bbox 2335 4214 3909 4291">
    <p class='ocr_par' dir='ltr' id='par_1_89' title="bbox 2335 4214 3909 4291">
     <span class='ocr_line' id='line_1_89' title="bbox 2335 4214 3909 4291; baseline 0.007 -22"><span class='ocrx_word' id='word_1_628' title='bbox 2335 4220 2451 4270; x_wconf 78' lang='grc' dir='ltr'>ἐκεῖ</span> <span class='ocrx_word' id='word_1_629' title='bbox 2475 4220 2746 4286; x_wconf 79' lang='grc' dir='ltr'>παρέλκον</span> <span class='ocrx_word' id='word_1_630' title='bbox 2804 4214 2871 4289; x_wconf 83' lang='grc' dir='ltr'>ἦν</span> <span class='ocrx_word' id='word_1_631' title='bbox 2904 4220 3005 4289; x_wconf 83' lang='grc' dir='ltr'><strong>τὴν</strong></span> <span class='ocrx_word' id='word_1_632' title='bbox 3049 4222 3222 4291; x_wconf 84' lang='grc' dir='ltr'>ἀρχὴν</span> <span class='ocrx_word' id='word_1_633' title='bbox 3266 4224 3413 4285; x_wconf 80' lang='grc' dir='ltr'>ἰδεῖν,</span> <span class='ocrx_word' id='word_1_634' title='bbox 3448 4225 3613 4278; x_wconf 84' lang='grc' dir='ltr'>αὐτοῦ</span> <span class='ocrx_word' id='word_1_635' title='bbox 3643 4226 3738 4279; x_wconf 80' lang='grc' dir='ltr'><strong>τοῦ</strong></span> <span class='ocrx_word' id='word_1_636' title='bbox 3770 4230 3909 4282; x_wconf 78' lang='grc' dir='ltr'>ἀνα-</span> 
     </span>
    </p>
   </div>
   <div class='ocr_carea' id='block_1_90' title="bbox 2336 4310 3904 4383">
    <p class='ocr_par' dir='ltr' id='par_1_90' title="bbox 2336 4310 3904 4383">
     <span class='ocr_line' id='line_1_90' title="bbox 2336 4310 3904 4383; baseline 0.007 -22"><span class='ocrx_word' id='word_1_637' title='bbox 2336 4314 2561 4371; x_wconf 82' lang='grc' dir='ltr'>στάντος</span> <span class='ocrx_word' id='word_1_638' title='bbox 2595 4310 2880 4379; x_wconf 83' lang='grc' dir='ltr'>παρόντος,</span> <span class='ocrx_word' id='word_1_639' title='bbox 2929 4316 3023 4364; x_wconf 67' lang='lat' dir='ltr'><strong>aut</strong></span> <span class='ocrx_word' id='word_1_640' title='bbox 3080 4312 3252 4365; x_wconf 88' lang='grc' dir='ltr'>ταῦτα</span> <span class='ocrx_word' id='word_1_641' title='bbox 3275 4314 3649 4383; x_wconf 75' lang='grc' dir='ltr'>φθεγγομένου</span> <span class='ocrx_word' id='word_1_642' title='bbox 3677 4320 3773 4371; x_wconf 76' lang='grc' dir='ltr'>καὶ</span> <span class='ocrx_word' id='word_1_643' title='bbox 3802 4319 3904 4372; x_wconf 91' lang='grc' dir='ltr'><strong>τοῦ</strong></span> 
     </span>
    </p>
   </div>
   <div class='ocr_carea' id='block_1_91' title="bbox 2340 4400 3905 4471">
    <p class='ocr_par' dir='ltr' id='par_1_91' title="bbox 2340 4400 3905 4471">
     <span class='ocr_line' id='line_1_91' title="bbox 2340 4400 3905 4471; baseline 0.008 -22"><span class='ocrx_word' id='word_1_644' title='bbox 2340 4400 2622 4468; x_wconf 85' lang='grc' dir='ltr'>μνήματος</span> <span class='ocrx_word' id='word_1_645' title='bbox 2672 4400 2979 4471; x_wconf 82' lang='grc' dir='ltr'>δηλοῦντος,</span> <span class='ocrx_word' id='word_1_646' title='bbox 3028 4402 3111 4454; x_wconf 82' lang='grc' dir='ltr'>ὅτι</span> <span class='ocrx_word' id='word_1_647' title='bbox 3141 4404 3240 4455; x_wconf 84' lang='grc' dir='ltr'>οὐκ</span> <span class='ocrx_word' id='word_1_648' title='bbox 3272 4403 3421 4457; x_wconf 70' lang='grc' dir='ltr'>ἔστιν</span> <span class='ocrx_word' id='word_1_649' title='bbox 3445 4407 3581 4460; x_wconf 66' lang='grc' dir='ltr'>ἐκεῖ.</span> <span class='ocrx_word' id='word_1_650' title='bbox 3635 4408 3905 4462; x_wconf 83' lang='grc' dir='ltr'>Ἐνταῦθα</span> 
     </span>
    </p>
   </div>
   <div class='ocr_carea' id='block_1_92' title="bbox 2332 4490 3905 4568">
    <p class='ocr_par' dir='ltr' id='par_1_92' title="bbox 2332 4490 3905 4568">
     <span class='ocr_line' id='line_1_92' title="bbox 2332 4490 3905 4568; baseline 0.007 -27"><span class='ocrx_word' id='word_1_651' title='bbox 2332 4492 2389 4543; x_wconf 79' lang='grc' dir='ltr'>δὲ</span> <span class='ocrx_word' id='word_1_652' title='bbox 2429 4491 2584 4560; x_wconf 83' lang='grc' dir='ltr'>χρεία</span> <span class='ocrx_word' id='word_1_653' title='bbox 2618 4490 2818 4561; x_wconf 82' lang='grc' dir='ltr'>μαθεῖν</span> <span class='ocrx_word' id='word_1_654' title='bbox 2846 4494 2939 4545; x_wconf 77' lang='grc' dir='ltr'><strong>καὶ</strong></span> <span class='ocrx_word' id='word_1_655' title='bbox 2966 4493 3027 4544; x_wconf 86' lang='grc' dir='ltr'>τὸ</span> <span class='ocrx_word' id='word_1_656' title='bbox 3061 4493 3213 4556; x_wconf 80' lang='grc' dir='ltr'>τέλος</span> <span class='ocrx_word' id='word_1_657' title='bbox 3241 4510 3257 4525; x_wconf 76' lang='grc' dir='ltr'><strong><em>ο</em></strong></span> <span class='ocrx_word' id='word_1_658' title='bbox 3300 4495 3363 4547; x_wconf 77' lang='grc' dir='ltr'><strong>οὐ</strong></span> <span class='ocrx_word' id='word_1_659' title='bbox 3396 4496 3505 4566; x_wconf 78' lang='grc' dir='ltr'><strong>γάρ</strong></span> <span class='ocrx_word' id='word_1_660' title='bbox 3535 4497 3801 4568; x_wconf 63' lang='grc' dir='ltr'>ἐξήρκουν</span> <span class='ocrx_word' id='word_1_661' title='bbox 3846 4502 3905 4553; x_wconf 85' lang='grc' dir='ltr'><strong>οί</strong></span> 
     </span>
    </p>
   </div>
   <div class='ocr_carea' id='block_1_93' title="bbox 2335 4580 3910 4658">
    <p class='ocr_par' dir='ltr' id='par_1_93' title="bbox 2335 4580 3910 4658">
     <span class='ocr_line' id='line_1_93' title="bbox 2335 4580 3910 4658; baseline 0.006 -26"><span class='ocrx_word' id='word_1_662' title='bbox 2335 4580 2603 4649; x_wconf 80' lang='grc' dir='ltr'>ὀφθαλμοὶ</span> <span class='ocrx_word' id='word_1_663' title='bbox 2647 4580 2817 4644; x_wconf 81' lang='grc' dir='ltr'>δεῖξαι</span> <span class='ocrx_word' id='word_1_664' title='bbox 2860 4582 2920 4633; x_wconf 83' lang='grc' dir='ltr'><strong>τὸ</strong></span> <span class='ocrx_word' id='word_1_665' title='bbox 2964 4580 3120 4651; x_wconf 76' lang='grc' dir='ltr'>ὕψος.</span> <span class='ocrx_word' id='word_1_666' title='bbox 3162 4583 3285 4636; x_wconf 83' lang='grc' dir='ltr'>οὐδὲ</span> <span class='ocrx_word' id='word_1_667' title='bbox 3319 4584 3530 4649; x_wconf 82' lang='grc' dir='ltr'>διδάξαι</span> <span class='ocrx_word' id='word_1_668' title='bbox 3565 4587 3793 4658; x_wconf 82' lang='grc' dir='ltr'>πότερον</span> <span class='ocrx_word' id='word_1_669' title='bbox 3817 4592 3910 4652; x_wconf 77' lang='grc' dir='ltr'>εἰς</span> 
     </span>
    </p>
   </div>
   <div class='ocr_carea' id='block_1_94' title="bbox 2334 4670 3905 4748">
    <p class='ocr_par' dir='ltr' id='par_1_94' title="bbox 2334 4670 3905 4748">
     <span class='ocr_line' id='line_1_94' title="bbox 2334 4670 3905 4748; baseline 0.006 -25"><span class='ocrx_word' id='word_1_670' title='bbox 2334 4671 2496 4723; x_wconf 85' lang='grc' dir='ltr'>αὐτὸν</span> <span class='ocrx_word' id='word_1_671' title='bbox 2530 4672 2729 4741; x_wconf 73' lang='grc' dir='ltr'>ἀνῆλθε</span> <span class='ocrx_word' id='word_1_672' title='bbox 2759 4670 2854 4723; x_wconf 77' lang='grc' dir='ltr'>τὸν</span> <span class='ocrx_word' id='word_1_673' title='bbox 2884 4672 3135 4741; x_wconf 78' lang='grc' dir='ltr'>οὐρανὸν.</span> <span class='ocrx_word' id='word_1_674' title='bbox 3179 4674 3213 4743; x_wconf 86' lang='grc' dir='ltr'>ἢ</span> <span class='ocrx_word' id='word_1_675' title='bbox 3259 4673 3354 4726; x_wconf 77' lang='grc' dir='ltr'><strong>καὶ</strong></span> <span class='ocrx_word' id='word_1_676' title='bbox 3381 4676 3545 4745; x_wconf 85' lang='grc' dir='ltr'>μέχρι</span> <span class='ocrx_word' id='word_1_677' title='bbox 3574 4677 3718 4739; x_wconf 76' lang='grc' dir='ltr'>τινὸς</span> <span class='ocrx_word' id='word_1_678' title='bbox 3743 4677 3905 4748; x_wconf 79' lang='grc' dir='ltr'>ἔστη.</span> 
     </span>
    </p>
   </div>
   <div class='ocr_carea' id='block_1_95' title="bbox 654 4762 2227 4850">
    <p class='ocr_par' dir='ltr' id='par_1_95' title="bbox 654 4764 2223 4833">
     <span class='ocr_line' id='line_1_95' title="bbox 654 4764 2223 4833; baseline 0.002 -18"><span class='ocrx_word' id='word_1_679' title='bbox 654 4773 911 4833; x_wconf 68' lang='grc' dir='ltr'>ρτωειοτθ</span> <span class='ocrx_word' id='word_1_680' title='bbox 942 4771 1211 4832; x_wconf 87' lang='lat' dir='ltr'><strong>poterant,</strong></span> <span class='ocrx_word' id='word_1_681' title='bbox 1260 4770 1319 4815; x_wconf 92' lang='lat' dir='ltr'><strong>ut</strong></span> <span class='ocrx_word' id='word_1_682' title='bbox 1362 4764 1719 4816; x_wconf 88' lang='lat' dir='ltr'><strong>ostenderent</strong></span> <span class='ocrx_word' id='word_1_683' title='bbox 1758 4764 2099 4818; x_wconf 86' lang='lat' dir='ltr'><strong>altitudinem</strong></span> <span class='ocrx_word' id='word_1_684' title='bbox 2140 4775 2223 4819; x_wconf 84' lang='lat' dir='ltr'><strong>at-</strong></span> 
     </span>
    </p>
   </div>
   <div class='ocr_carea' id='block_1_96' title="bbox 2333 4762 3907 4850">
    <p class='ocr_par' dir='ltr' id='par_1_96' title="bbox 2333 4762 3907 4829">
     <span class='ocr_line' id='line_1_96' title="bbox 2333 4762 3907 4829; baseline 0.004 -14"><span class='ocrx_word' id='word_1_685' title='bbox 2333 4765 2429 4815; x_wconf 76' lang='grc' dir='ltr'><strong>Διὰ</strong></span> <span class='ocrx_word' id='word_1_686' title='bbox 2456 4763 2614 4815; x_wconf 85' lang='grc' dir='ltr'>τοῦτο</span> <span class='ocrx_word' id='word_1_687' title='bbox 2648 4763 2869 4829; x_wconf 81' lang='grc' dir='ltr'>ἄγγελοι</span> <span class='ocrx_word' id='word_1_688' title='bbox 2904 4762 3225 4825; x_wconf 74' lang='grc' dir='ltr'>ἐπιστάντες</span> <span class='ocrx_word' id='word_1_689' title='bbox 3257 4764 3623 4829; x_wconf 80' lang='grc' dir='ltr'>διδάσκουσιν,</span> <span class='ocrx_word' id='word_1_690' title='bbox 3660 4769 3697 4820; x_wconf 76' lang='grc' dir='ltr'>ἃ</span> <span class='ocrx_word' id='word_1_691' title='bbox 3730 4786 3907 4823; x_wconf 79' lang='grc' dir='ltr'>κατα-</span> 
     </span>
    </p>
   </div>
   <div class='ocr_carea' id='block_1_97' title="bbox 654 4853 2222 4923">
    <p class='ocr_par' dir='ltr' id='par_1_97' title="bbox 654 4853 2222 4923">
     <span class='ocr_line' id='line_1_97' title="bbox 654 4853 2222 4923; baseline 0.001 -15"><span class='ocrx_word' id='word_1_692' title='bbox 654 4870 762 4923; x_wconf 90' lang='lat' dir='ltr'><strong>quc</strong></span> <span class='ocrx_word' id='word_1_693' title='bbox 788 4854 1070 4917; x_wconf 87' lang='lat' dir='ltr'><strong>docerent,</strong></span> <span class='ocrx_word' id='word_1_694' title='bbox 1108 4864 1289 4906; x_wconf 90' lang='lat' dir='ltr'><strong>utrum</strong></span> <span class='ocrx_word' id='word_1_695' title='bbox 1323 4854 1377 4907; x_wconf 90' lang='lat' dir='ltr'><strong>in</strong></span> <span class='ocrx_word' id='word_1_696' title='bbox 1411 4853 1587 4922; x_wconf 86' lang='lat' dir='ltr'><strong>ipsum</strong></span> <span class='ocrx_word' id='word_1_697' title='bbox 1630 4855 1829 4907; x_wconf 79' lang='lat' dir='ltr'><strong>erelum</strong></span> <span class='ocrx_word' id='word_1_698' title='bbox 1868 4855 2222 4922; x_wconf 84' lang='lat' dir='ltr'><strong>ascendisset,</strong></span> 
     </span>
    </p>
   </div>
   <div class='ocr_carea' id='block_1_98' title="bbox 656 4946 2226 5015">
    <p class='ocr_par' dir='ltr' id='par_1_98' title="bbox 656 4946 2226 5015">
     <span class='ocr_line' id='line_1_98' title="bbox 656 4946 2226 5015; baseline 0.001 -17"><span class='ocrx_word' id='word_1_699' title='bbox 656 4963 725 5000; x_wconf 87' lang='lat' dir='ltr'><strong>au</strong></span> <span class='ocrx_word' id='word_1_700' title='bbox 758 4948 921 4999; x_wconf 88' lang='lat' dir='ltr'><strong>etiam</strong></span> <span class='ocrx_word' id='word_1_701' title='bbox 950 4947 1299 5015; x_wconf 85' lang='lat' dir='ltr'><strong>aliquatenus</strong></span> <span class='ocrx_word' id='word_1_702' title='bbox 1339 4946 1639 4998; x_wconf 81' lang='lat' dir='ltr'><strong>subvectus</strong></span> <span class='ocrx_word' id='word_1_703' title='bbox 1670 4948 1980 5000; x_wconf 83' lang='lat' dir='ltr'><strong>restitisset.</strong></span> <span class='ocrx_word' id='word_1_704' title='bbox 2019 4947 2226 5001; x_wconf 85' lang='lat' dir='ltr'><strong>Idcirco</strong></span> 
     </span>
    </p>
   </div>
   <div class='ocr_carea' id='block_1_99' title="bbox 655 5036 2223 5109">
    <p class='ocr_par' dir='ltr' id='par_1_99' title="bbox 655 5036 2223 5109">
     <span class='ocr_line' id='line_1_99' title="bbox 655 5036 2223 5109; baseline -0.002 -17"><span class='ocrx_word' id='word_1_705' title='bbox 655 5038 832 5109; x_wconf 79' lang='lat' dir='ltr'><strong>angeli</strong></span> <span class='ocrx_word' id='word_1_706' title='bbox 858 5038 1177 5091; x_wconf 78' lang='lat' dir='ltr'><strong>assistentes</strong></span> <span class='ocrx_word' id='word_1_707' title='bbox 1209 5038 1414 5109; x_wconf 82' lang='lat' dir='ltr'><strong>docent</strong></span> <span class='ocrx_word' id='word_1_708' title='bbox 1438 5050 1524 5099; x_wconf 88' lang='lat' dir='ltr'><strong>ea,</strong></span> <span class='ocrx_word' id='word_1_709' title='bbox 1553 5052 1673 5105; x_wconf 70' lang='lat' dir='ltr'><strong>qua:</strong></span> <span class='ocrx_word' id='word_1_710' title='bbox 1705 5051 1800 5105; x_wconf 88' lang='lat' dir='ltr'><strong>per</strong></span> <span class='ocrx_word' id='word_1_711' title='bbox 1829 5036 2223 5104; x_wconf 87' lang='lat' dir='ltr'><strong>inspectionem</strong></span> 
     </span>
    </p>
   </div>
   <div class='ocr_carea' id='block_1_100' title="bbox 661 5106 2227 5198">
    <p class='ocr_par' dir='ltr' id='par_1_100' title="bbox 661 5106 2227 5198">
     <span class='ocr_line' id='line_1_100' title="bbox 661 5106 2227 5198; baseline -0.003 -15"><span class='ocrx_word' id='word_1_712' title='bbox 661 5106 768 5183; x_wconf 82' lang='lat' dir='ltr'><strong>non</strong></span> <span class='ocrx_word' id='word_1_713' title='bbox 822 5136 1077 5198; x_wconf 86' lang='lat' dir='ltr'><strong>poterant</strong></span> <span class='ocrx_word' id='word_1_714' title='bbox 1124 5106 1531 5196; x_wconf 73' lang='lat' dir='ltr'><strong>comprehendi.</strong></span> <span class='ocrx_word' id='word_1_715' title='bbox 1584 5125 1766 5179; x_wconf 66' lang='lat' dir='ltr'><strong>Nubes</strong></span> <span class='ocrx_word' id='word_1_716' title='bbox 1796 5134 1978 5179; x_wconf 85' lang='lat' dir='ltr'><strong>autem</strong></span> <span class='ocrx_word' id='word_1_717' title='bbox 2014 5128 2227 5194; x_wconf 80' lang='lat' dir='ltr'><strong>excepit</strong></span> 
     </span>
    </p>
   </div>
   <div class='ocr_carea' id='block_1_101' title="bbox 659 5214 2227 5288">
    <p class='ocr_par' dir='ltr' id='par_1_101' title="bbox 659 5214 2227 5288">
     <span class='ocr_line' id='line_1_101' title="bbox 659 5214 2227 5288; baseline -0.003 -14"><span class='ocrx_word' id='word_1_718' title='bbox 659 5236 825 5274; x_wconf 87' lang='lat' dir='ltr'><strong>cum:</strong></span> <span class='ocrx_word' id='word_1_719' title='bbox 877 5219 1004 5288; x_wconf 87' lang='lat' dir='ltr'><strong>quia</strong></span> <span class='ocrx_word' id='word_1_720' title='bbox 1060 5219 1174 5271; x_wconf 60' lang='lat' dir='ltr'><strong>hac</strong></span> <span class='ocrx_word' id='word_1_721' title='bbox 1228 5220 1441 5285; x_wconf 76' lang='lat' dir='ltr'><strong>signum</strong></span> <span class='ocrx_word' id='word_1_722' title='bbox 1498 5224 1582 5270; x_wconf 90' lang='lat' dir='ltr'><strong>est</strong></span> <span class='ocrx_word' id='word_1_723' title='bbox 1641 5214 2000 5280; x_wconf 89' lang='lat' dir='ltr'><strong>Dominicum,</strong></span> <span class='ocrx_word' id='word_1_724' title='bbox 2067 5226 2227 5285; x_wconf 83' lang='lat' dir='ltr'><strong>atque</strong></span> 
     </span>
    </p>
   </div>
   <div class='ocr_carea' id='block_1_102' title="bbox 662 5306 2225 5375">
    <p class='ocr_par' dir='ltr' id='par_1_102' title="bbox 662 5306 2225 5375">
     <span class='ocr_line' id='line_1_102' title="bbox 662 5306 2225 5375; baseline -0.003 -12"><span class='ocrx_word' id='word_1_725' title='bbox 662 5310 856 5363; x_wconf 69' lang='lat' dir='ltr'><strong>divina:</strong></span> <span class='ocrx_word' id='word_1_726' title='bbox 881 5310 1168 5375; x_wconf 88' lang='lat' dir='ltr'><strong>potestatis</strong></span> <span class='ocrx_word' id='word_1_727' title='bbox 1197 5326 1209 5362; x_wconf 92' lang='lat'><strong>:</strong></span> <span class='ocrx_word' id='word_1_728' title='bbox 1240 5322 1503 5375; x_wconf 88' lang='lat' dir='ltr'><strong>nusquam</strong></span> <span class='ocrx_word' id='word_1_729' title='bbox 1535 5306 1680 5360; x_wconf 86' lang='lat' dir='ltr'><strong>enim</strong></span> <span class='ocrx_word' id='word_1_730' title='bbox 1710 5307 1892 5375; x_wconf 88' lang='lat' dir='ltr'><strong>aliqua</strong></span> <span class='ocrx_word' id='word_1_731' title='bbox 1935 5306 2039 5359; x_wconf 83' lang='lat' dir='ltr'><strong>alia</strong></span> <span class='ocrx_word' id='word_1_732' title='bbox 2071 5320 2225 5372; x_wconf 83' lang='lat' dir='ltr'><strong>pate-</strong></span> 
     </span>
    </p>
   </div>
   <div class='ocr_carea' id='block_1_103' title="bbox 662 5396 2229 5467">
    <p class='ocr_par' dir='ltr' id='par_1_103' title="bbox 662 5396 2229 5467">
     <span class='ocr_line' id='line_1_103' title="bbox 662 5396 2229 5467; baseline -0.002 -13"><span class='ocrx_word' id='word_1_733' title='bbox 662 5410 774 5454; x_wconf 85' lang='lat' dir='ltr'><strong>stas</strong></span> <span class='ocrx_word' id='word_1_734' title='bbox 818 5400 871 5452; x_wconf 93' lang='lat' dir='ltr'><strong>in</strong></span> <span class='ocrx_word' id='word_1_735' title='bbox 905 5401 1047 5452; x_wconf 89' lang='lat' dir='ltr'><strong>nube</strong></span> <span class='ocrx_word' id='word_1_736' title='bbox 1083 5406 1327 5467; x_wconf 80' lang='lat' dir='ltr'><strong>apparet.</strong></span> <span class='ocrx_word' id='word_1_737' title='bbox 1370 5396 1732 5462; x_wconf 85' lang='lat' dir='ltr'><strong>Quamobrem</strong></span> <span class='ocrx_word' id='word_1_738' title='bbox 1775 5397 1936 5451; x_wconf 90' lang='lat' dir='ltr'><strong>etiam</strong></span> <span class='ocrx_word' id='word_1_739' title='bbox 1966 5397 2135 5451; x_wconf 80' lang='lat' dir='ltr'><strong>David</strong></span> <span class='ocrx_word' id='word_1_740' title='bbox 2162 5398 2229 5451; x_wconf 90' lang='lat' dir='ltr'><strong>de</strong></span> 
     </span>
    </p>
   </div>
   <div class='ocr_carea' id='block_1_104' title="bbox 662 5486 2225 5557">
    <p class='ocr_par' dir='ltr' id='par_1_104' title="bbox 662 5486 2225 5557">
     <span class='ocr_line' id='line_1_104' title="bbox 662 5486 2225 5557; baseline -0.002 -15"><span class='ocrx_word' id='word_1_741' title='bbox 662 5490 821 5543; x_wconf 86' lang='lat' dir='ltr'><strong>l&#39;atre</strong></span> <span class='ocrx_word' id='word_1_742' title='bbox 847 5490 980 5543; x_wconf 87' lang='lat' dir='ltr'><strong>dicit</strong></span> <span class='ocrx_word' id='word_1_743' title='bbox 1012 5506 1024 5540; x_wconf 90' lang='lat'><strong>:</strong></span> <span class='ocrx_word' id='word_1_744' title='bbox 1070 5488 1169 5557; x_wconf 80' lang='lat' dir='ltr'><strong>l3</strong></span> <span class='ocrx_word' id='word_1_745' title='bbox 1216 5489 1321 5553; x_wconf 84' lang='lat' dir='ltr'><strong>Qui</strong></span> <span class='ocrx_word' id='word_1_746' title='bbox 1351 5490 1493 5555; x_wconf 83' lang='lat' dir='ltr'><strong>ponit</strong></span> <span class='ocrx_word' id='word_1_747' title='bbox 1529 5488 1690 5542; x_wconf 79' lang='lat' dir='ltr'><strong>nubes</strong></span> <span class='ocrx_word' id='word_1_748' title='bbox 1731 5486 2141 5542; x_wconf 77' lang='lat' dir='ltr'><strong>ambulationem</strong></span> <span class='ocrx_word' id='word_1_749' title='bbox 2175 5497 2225 5542; x_wconf 88' lang='lat' dir='ltr'><strong>et</strong></span> 
     </span>
    </p>
   </div>
   <div class='ocr_carea' id='block_1_105' title="bbox 728 5603 1137 5667">
    <p class='ocr_par' dir='ltr' id='par_1_105' title="bbox 728 5603 1137 5667">
     <span class='ocr_line' id='line_1_105' title="bbox 728 5603 1137 5667; baseline 0.005 -12"><span class='ocrx_word' id='word_1_750' title='bbox 728 5603 753 5641; x_wconf 79' lang='grc'><strong>(¹</strong></span> <span class='ocrx_word' id='word_1_751' title='bbox 783 5604 969 5657; x_wconf 78' lang='lat' dir='ltr'><strong>Matth.</strong></span> <span class='ocrx_word' id='word_1_752' title='bbox 1002 5620 1055 5667; x_wconf 70' lang='grc' dir='ltr'>ς,</span> <span class='ocrx_word' id='word_1_753' title='bbox 1086 5604 1137 5657; x_wconf 77' lang='grc'><strong>5.</strong></span> 
     </span>
    </p>
   </div>
   <div class='ocr_carea' id='block_1_106' title="bbox 2332 4852 3907 4927">
    <p class='ocr_par' dir='ltr' id='par_1_106' title="bbox 2332 4852 3907 4927">
     <span class='ocr_line' id='line_1_106' title="bbox 2332 4852 3907 4927; baseline 0.004 -21"><span class='ocrx_word' id='word_1_754' title='bbox 2332 4855 2516 4907; x_wconf 77' lang='grc' dir='ltr'>λαϐεῖν</span> <span class='ocrx_word' id='word_1_755' title='bbox 2548 4856 2647 4906; x_wconf 82' lang='grc' dir='ltr'><strong>οὐκ</strong></span> <span class='ocrx_word' id='word_1_756' title='bbox 2684 4855 2811 4922; x_wconf 79' lang='grc' dir='ltr'>ὲνῆν</span> <span class='ocrx_word' id='word_1_757' title='bbox 2855 4852 2943 4905; x_wconf 84' lang='grc' dir='ltr'>διὰ</span> <span class='ocrx_word' id='word_1_758' title='bbox 2983 4854 3080 4922; x_wconf 81' lang='grc' dir='ltr'>τῆς</span> <span class='ocrx_word' id='word_1_759' title='bbox 3129 4852 3325 4922; x_wconf 79' lang='grc' dir='ltr'>ὅψεως.</span> <span class='ocrx_word' id='word_1_760' title='bbox 3372 4855 3589 4927; x_wconf 71' lang='grc' dir='ltr'>Νεφέλη</span> <span class='ocrx_word' id='word_1_761' title='bbox 3632 4858 3691 4911; x_wconf 74' lang='grc' dir='ltr'>δὲ</span> <span class='ocrx_word' id='word_1_762' title='bbox 3733 4860 3907 4914; x_wconf 77' lang='grc' dir='ltr'>αὐτὸν</span> 
     </span>
    </p>
   </div>
   <div class='ocr_carea' id='block_1_107' title="bbox 2335 4943 3907 5017">
    <p class='ocr_par' dir='ltr' id='par_1_107' title="bbox 2335 4943 3907 5017">
     <span class='ocr_line' id='line_1_107' title="bbox 2335 4943 3907 5017; baseline 0.004 -19"><span class='ocrx_word' id='word_1_763' title='bbox 2335 4946 2623 5010; x_wconf 78' lang='grc' dir='ltr'>ὑπέλαϐεν,</span> <span class='ocrx_word' id='word_1_764' title='bbox 2656 4945 2735 4997; x_wconf 84' lang='grc' dir='ltr'>ὅτι</span> <span class='ocrx_word' id='word_1_765' title='bbox 2767 4943 3032 5012; x_wconf 82' lang='grc' dir='ltr'>σύμδολόν</span> <span class='ocrx_word' id='word_1_766' title='bbox 3067 4947 3216 4998; x_wconf 77' lang='grc' dir='ltr'>ἐστιν</span> <span class='ocrx_word' id='word_1_767' title='bbox 3247 4945 3386 5017; x_wconf 80' lang='grc' dir='ltr'>αὕτη</span> <span class='ocrx_word' id='word_1_768' title='bbox 3410 4948 3755 5014; x_wconf 80' lang='grc' dir='ltr'>Δεσποτικδν,</span> <span class='ocrx_word' id='word_1_769' title='bbox 3804 4954 3907 5005; x_wconf 66' lang='grc' dir='ltr'><strong>καὶ</strong></span> 
     </span>
    </p>
   </div>
   <div class='ocr_carea' id='block_1_108' title="bbox 2334 5033 3905 5108">
    <p class='ocr_par' dir='ltr' id='par_1_108' title="bbox 2334 5033 3905 5108">
     <span class='ocr_line' id='line_1_108' title="bbox 2334 5033 3905 5108; baseline 0.003 -19"><span class='ocrx_word' id='word_1_770' title='bbox 2334 5037 2484 5095; x_wconf 82' lang='grc' dir='ltr'>θείας</span> <span class='ocrx_word' id='word_1_771' title='bbox 2510 5036 2791 5104; x_wconf 86' lang='grc' dir='ltr'>δυνάμεως</span> <span class='ocrx_word' id='word_1_772' title='bbox 2819 5048 2831 5061; x_wconf 90' lang='grc'>·</span> <span class='ocrx_word' id='word_1_773' title='bbox 2864 5033 3104 5102; x_wconf 79' lang='grc' dir='ltr'>οὐδαμοῦ</span> <span class='ocrx_word' id='word_1_774' title='bbox 3134 5034 3240 5106; x_wconf 84' lang='grc' dir='ltr'>γὰρ</span> <span class='ocrx_word' id='word_1_775' title='bbox 3266 5035 3403 5104; x_wconf 80' lang='grc' dir='ltr'>ἄλλη</span> <span class='ocrx_word' id='word_1_776' title='bbox 3438 5054 3520 5099; x_wconf 85' lang='grc' dir='ltr'><strong>τις</strong></span> <span class='ocrx_word' id='word_1_777' title='bbox 3543 5037 3773 5108; x_wconf 84' lang='grc' dir='ltr'>δύναμις</span> <span class='ocrx_word' id='word_1_778' title='bbox 3803 5042 3905 5094; x_wconf 74' lang='grc' dir='ltr'><strong>ἐπὶ</strong></span> 
     </span>
    </p>
   </div>
   <div class='ocr_carea' id='block_1_109' title="bbox 2335 5123 3904 5200">
    <p class='ocr_par' dir='ltr' id='par_1_109' title="bbox 2335 5123 3904 5200">
     <span class='ocr_line' id='line_1_109' title="bbox 2335 5123 3904 5200; baseline 0.001 -21"><span class='ocrx_word' id='word_1_779' title='bbox 2335 5126 2561 5194; x_wconf 81' lang='grc' dir='ltr'>νεφέλης</span> <span class='ocrx_word' id='word_1_780' title='bbox 2590 5127 2857 5192; x_wconf 82' lang='grc' dir='ltr'>φαίνεται.</span> <span class='ocrx_word' id='word_1_781' title='bbox 2905 5123 2997 5175; x_wconf 76' lang='grc' dir='ltr'><strong>Διὸ</strong></span> <span class='ocrx_word' id='word_1_782' title='bbox 3030 5127 3122 5176; x_wconf 74' lang='grc' dir='ltr'>καὶ</span> <span class='ocrx_word' id='word_1_783' title='bbox 3158 5127 3186 5177; x_wconf 88' lang='grc' dir='ltr'>ὁ</span> <span class='ocrx_word' id='word_1_784' title='bbox 3211 5126 3376 5179; x_wconf 74' lang='grc' dir='ltr'>Δαδὶδ</span> <span class='ocrx_word' id='word_1_785' title='bbox 3403 5129 3532 5196; x_wconf 85' lang='grc' dir='ltr'>περὶ</span> <span class='ocrx_word' id='word_1_786' title='bbox 3560 5127 3653 5180; x_wconf 83' lang='grc' dir='ltr'><strong>τοῦ</strong></span> <span class='ocrx_word' id='word_1_787' title='bbox 3687 5131 3904 5200; x_wconf 81' lang='grc' dir='ltr'>Πατρδς</span> 
     </span>
    </p>
   </div>
   <div class='ocr_carea' id='block_1_110' title="bbox 2332 5212 3905 5281">
    <p class='ocr_par' dir='ltr' id='par_1_110' title="bbox 2332 5212 3905 5281">
     <span class='ocr_line' id='line_1_110' title="bbox 2332 5212 3905 5281; baseline 0.004 -14"><span class='ocrx_word' id='word_1_788' title='bbox 2332 5217 2480 5281; x_wconf 83' lang='grc' dir='ltr'>λέγει</span> <span class='ocrx_word' id='word_1_789' title='bbox 2505 5233 2517 5243; x_wconf 90' lang='grc'><strong>·</strong></span> <span class='ocrx_word' id='word_1_790' title='bbox 2564 5215 2627 5265; x_wconf 90' lang='lat'><strong>&#39;0</strong></span> <span class='ocrx_word' id='word_1_791' title='bbox 2662 5213 2840 5276; x_wconf 79' lang='grc' dir='ltr'>τιθείς</span> <span class='ocrx_word' id='word_1_792' title='bbox 2896 5212 3052 5281; x_wconf 76' lang='grc' dir='ltr'>νέφη</span> <span class='ocrx_word' id='word_1_793' title='bbox 3090 5214 3204 5279; x_wconf 83' lang='grc' dir='ltr'>τὴν</span> <span class='ocrx_word' id='word_1_794' title='bbox 3231 5214 3512 5270; x_wconf 79' lang='grc' dir='ltr'>ἐπίϐασιν</span> <span class='ocrx_word' id='word_1_795' title='bbox 3553 5219 3775 5273; x_wconf 77' lang='grc' dir='ltr'>αὐτοῦ’</span> <span class='ocrx_word' id='word_1_796' title='bbox 3804 5223 3905 5275; x_wconf 78' lang='grc' dir='ltr'><strong>καὶ</strong></span> 
     </span>
    </p>
   </div>
   <div class='ocr_carea' id='block_1_111' title="bbox 2333 5305 3903 5377">
    <p class='ocr_par' dir='ltr' id='par_1_111' title="bbox 2333 5305 3903 5377">
     <span class='ocr_line' id='line_1_111' title="bbox 2333 5305 3903 5377; baseline 0.002 -15"><span class='ocrx_word' id='word_1_797' title='bbox 2333 5308 2504 5369; x_wconf 82' lang='grc' dir='ltr'>ἄλλως</span> <span class='ocrx_word' id='word_1_798' title='bbox 2522 5307 2567 5338; x_wconf 78' lang='grc'>⁸⁵</span> <span class='ocrx_word' id='word_1_799' title='bbox 2593 5322 2608 5336; x_wconf 87' lang='grc'><strong>·</strong></span> <span class='ocrx_word' id='word_1_800' title='bbox 2637 5305 2766 5359; x_wconf 81' lang='grc' dir='ltr'><strong>Ἐπὶ</strong></span> <span class='ocrx_word' id='word_1_801' title='bbox 2791 5305 3053 5372; x_wconf 69' lang='grc' dir='ltr'>νεφέλης</span> <span class='ocrx_word' id='word_1_802' title='bbox 3104 5306 3338 5373; x_wconf 70' lang='grc' dir='ltr'>κούφης</span> <span class='ocrx_word' id='word_1_803' title='bbox 3378 5310 3410 5360; x_wconf 83' lang='grc' dir='ltr'><strong>ό</strong></span> <span class='ocrx_word' id='word_1_804' title='bbox 3442 5308 3585 5375; x_wconf 82' lang='grc' dir='ltr'>Θεὸς</span> <span class='ocrx_word' id='word_1_805' title='bbox 3608 5310 3859 5377; x_wconf 78' lang='grc' dir='ltr'>κάθηται</span> <span class='ocrx_word' id='word_1_806' title='bbox 3886 5331 3903 5345; x_wconf 67' lang='grc' dir='ltr'><em>υ</em></span> 
     </span>
    </p>
   </div>
   <div class='ocr_carea' id='block_1_112' title="bbox 2332 5395 3902 5469">
    <p class='ocr_par' dir='ltr' id='par_1_112' title="bbox 2332 5395 3902 5469">
     <span class='ocr_line' id='line_1_112' title="bbox 2332 5395 3902 5469; baseline 0.003 -19"><span class='ocrx_word' id='word_1_807' title='bbox 2332 5400 2424 5451; x_wconf 79' lang='grc' dir='ltr'>καὶ</span> <span class='ocrx_word' id='word_1_808' title='bbox 2461 5397 2627 5468; x_wconf 86' lang='grc' dir='ltr'>μυρία</span> <span class='ocrx_word' id='word_1_809' title='bbox 2652 5397 2805 5453; x_wconf 77' lang='grc' dir='ltr'>ἄλλα.</span> <span class='ocrx_word' id='word_1_810' title='bbox 2850 5395 3060 5458; x_wconf 83' lang='grc' dir='ltr'>Ἀλλως</span> <span class='ocrx_word' id='word_1_811' title='bbox 3088 5396 3209 5448; x_wconf 71' lang='grc' dir='ltr'>οὐδὲ</span> <span class='ocrx_word' id='word_1_812' title='bbox 3246 5397 3403 5451; x_wconf 89' lang='grc' dir='ltr'>τοῦτο</span> <span class='ocrx_word' id='word_1_813' title='bbox 3435 5400 3558 5469; x_wconf 83' lang='grc' dir='ltr'><strong>εἱκῆ</strong></span> <span class='ocrx_word' id='word_1_814' title='bbox 3590 5404 3685 5455; x_wconf 80' lang='grc' dir='ltr'><strong>καὶ</strong></span> <span class='ocrx_word' id='word_1_815' title='bbox 3710 5403 3902 5468; x_wconf 68' lang='grc' dir='ltr'>άπλῶς</span> 
     </span>
    </p>
   </div>
   <div class='ocr_carea' id='block_1_113' title="bbox 2332 5487 3902 5565">
    <p class='ocr_par' dir='ltr' id='par_1_113' title="bbox 2332 5487 3902 5565">
     <span class='ocr_line' id='line_1_113' title="bbox 2332 5487 3902 5565; baseline 0.004 -23"><span class='ocrx_word' id='word_1_816' title='bbox 2332 5489 2653 5557; x_wconf 80' lang='grc' dir='ltr'>πεποίηκεν.</span> <span class='ocrx_word' id='word_1_817' title='bbox 2711 5487 2876 5550; x_wconf 82' lang='grc' dir='ltr'>Εἰδὼς</span> <span class='ocrx_word' id='word_1_818' title='bbox 2912 5487 3018 5558; x_wconf 73' lang='grc' dir='ltr'><strong>γὰρ</strong></span> <span class='ocrx_word' id='word_1_819' title='bbox 3065 5489 3094 5541; x_wconf 88' lang='grc' dir='ltr'>ὁ</span> <span class='ocrx_word' id='word_1_820' title='bbox 3122 5487 3325 5558; x_wconf 76' lang='grc' dir='ltr'>Κύριος</span> <span class='ocrx_word' id='word_1_821' title='bbox 3382 5490 3464 5544; x_wconf 86' lang='grc' dir='ltr'>ὅτι</span> <span class='ocrx_word' id='word_1_822' title='bbox 3505 5492 3600 5546; x_wconf 77' lang='grc' dir='ltr'><strong>ἐὰν</strong></span> <span class='ocrx_word' id='word_1_823' title='bbox 3652 5494 3902 5565; x_wconf 67' lang='grc' dir='ltr'>ἀοράτως,</span> 
     </span>
    </p>
   </div>
   <div class='ocr_carea' id='block_1_114' title="bbox 1836 5696 2700 5761">
    <p class='ocr_par' dir='ltr' id='par_1_114' title="bbox 1836 5696 2700 5761">
     <span class='ocr_line' id='line_1_114' title="bbox 1836 5696 2700 5761; baseline -0.01 -1"><span class='ocrx_word' id='word_1_824' title='bbox 1836 5700 2036 5761; x_wconf 71' lang='lat' dir='ltr'><strong>Variae</strong></span> <span class='ocrx_word' id='word_1_825' title='bbox 2070 5696 2379 5759; x_wconf 86' lang='lat' dir='ltr'><strong>lectiones</strong></span> <span class='ocrx_word' id='word_1_826' title='bbox 2413 5699 2475 5755; x_wconf 90' lang='lat' dir='ltr'><strong>et</strong></span> <span class='ocrx_word' id='word_1_827' title='bbox 2509 5698 2700 5753; x_wconf 64' lang='lat' dir='ltr'><strong>notae.</strong></span> 
     </span>
    </p>
   </div>
   <div class='ocr_carea' id='block_1_115' title="bbox 733 5802 1108 5855">
    <p class='ocr_par' dir='ltr' id='par_1_115' title="bbox 733 5802 1108 5855">
     <span class='ocr_line' id='line_1_115' title="bbox 733 5802 1108 5855; baseline -0.005 -2"><span class='ocrx_word' id='word_1_828' title='bbox 733 5803 774 5836; x_wconf 78' lang='lat'><strong><em>&quot;&#39;</em></strong></span> <span class='ocrx_word' id='word_1_829' title='bbox 800 5802 882 5854; x_wconf 82' lang='grc' dir='ltr'><strong>ἴσ.</strong></span> <span class='ocrx_word' id='word_1_830' title='bbox 909 5802 1108 5855; x_wconf 79' lang='grc' dir='ltr'>ἄλλοθι.</span> 
     </span>
    </p>
   </div>
  </div>
