4156 6440
161 453 249 512 bl?

949 447 1348 507 FXPOSlTIO
1378 447 1458 506 IN
1485 448 1665 506 ACTA
1711 448 2352 512 APOSTOI.0RU}I.—
2388 452 2542 511 (IAl‘.
2593 453 2635 510 Ι.

3287 454 3392 518 518

162 564 325 622 αὑτοῖς
365 559 563 628 ἀναϐῇ,
592 556 667 619 ὡς
701 555 791 610 καὶ
823 557 1025 624 κατέϐη
1051 597 1066 620 ,
1107 556 1305 625 μᾶλλον
1345 556 1400 606 δὲ
1426 597 1438 619 ,
1480 557 1553 617 ὡς
1588 572 1721 622 συγ·
1756 563 1777 614 ἐ

1835 561 2186 612 ascensionem
2220 577 2392 621 artant,
2425 570 2585 628 atque
2617 560 2740 614 alibi
2773 580 2784 614 :
2811 560 2980 627 Super
3017 563 3201 618 nubent
3235 569 3394 621 levem

161 652 368 717 νατέϐη,
401 651 525 701 οὔτε
559 648 886 717 φαινομένου
916 645 1008 698 τοῦ
1044 645 1357 712 Πνεύματος
1389 647 1722 708 πιστεύεται,

165 746 230 805 ὡς
280 744 408 795 αὐτὸ
451 741 624 794 ἐκεῖνό
686 740 854 802 ἐστιν,
897 740 923 790 ὃ
966 738 1070 809 πρὸ
1119 737 1313 804 ὀλίγων
1370 736 1573 788 τούτων
1615 737 1724 791 τῶν

164 833 371 902 ἡμερῶν
407 830 775 898 ἐπηγγείλατο
828 829 1009 891 αὐτοῖς
1068 829 1308 896 πέμψειν
1335 845 1349 858 '
1393 830 1484 879 ml
1534 830 1724 882 ἑαυτὸν

165 926 252 975 οὐκ
304 921 412 974 ἀπὸ
455 920 566 972 τῶν
617 918 863 988 οὐρανῶν
917 917 1216 986 ἐληλυθότα
1274 915 1726 985 παρασκευάζειν

165 1012 516 1072 ὑπονοεῖσθαι,
565 1011 659 1063 καὶ
703 1011 785 1062 ὅτι
830 1007 940 1061 οὔτ’
992 1009 1059 1062 ἂν
1112 1008 1250 1076 μετᾶ
1293 1005 1465 1059 ταῦτα
1518 1007 1727 1059 ἄνωθεν

165 1105 354 1172 καλέσῃ
408 1101 662 1154 Παῦλον⁹
704 1099 816 1152 οὔτ’
868 1097 934 1151 ἂν
992 1100 1206 1150 ἐκεῖθεν
1260 1098 1557 1169 ἀποστείλῃ
1626 1098 1725 1168 τὴν

163 1196 564 1264 ἀχειρότευκτον
596 1194 786 1262 Πέτρῳ
816 1192 1047 1256 σινδόνα,
1085 1191 1414 1251 πιστεύοιτο,
1451 1192 1533 1243 ὅτι
1565 1191 1726 1253 αὐτὸς

164 1287 325 1337 ταῦτα
349 1285 489 1352 μετὰ
509 1285 609 1352 τὴν
639 1283 1000 1353 ἀποφοίτησιν
1043 1285 1190 1334 ποιεῖ
1236 1284 1333 1350 τὴν
1377 1283 1722 1350 σωματικὴν,

167 1379 340 1445 ἀνέϐη,
368 1377 683 1429 Βλεπόντων
714 1374 891 1427 αὐτῶν
923 1391 934 1404 ·
957 1373 1065 1426 ἀπδ
1087 1375 1314 1442 νεφέλης
1350 1373 1406 1426 δὲ
1447 1375 1543 1440 τῆς
1576 1375 1724 1443 Πειρ-

165 1470 303 1522 θένου
335 1472 416 1532 εἰς
467 1469 699 1538 νεφέλην
745 1463 874 1536 ἦλθε
925 1467 1020 1518 καὶ
1071 1465 1160 1519 διὰ
1201 1465 1432 1534 νεφέλης
1471 1466 1722 1535 ἀνῆλθεν.

175 1560 296 1614 ὃποῦ
330 1557 400 1630 ἦν
428 1560 488 1612 τὸ
515 1561 806 1630 πρότερον.
865 1557 938 1609 Τὸ
961 1557 1038 1625 δέ,
1074 1557 1208 1608 ὅπου
1245 1552 1334 1627 ἦν,
1378 1557 1452 1627 μὴ
1483 1557 1726 1618 τυπικῶς

164 1653 373 1723 ἐκδέχου
403 1693 420 1718 ,
482 1653 621 1722 μήτε
673 1650 772 1720 τὴν
836 1648 1017 1720 σάρκα
1065 1649 1440 1718 ἀποθέμενον,
1485 1648 1724 1717 ἄσαρκον

165 1745 316 1812 ἔχειν,
341 1746 415 1807 ὡς
443 1745 502 1796 τὸ
537 1743 686 1813 πρὶν,
719 1743 818 1810 τὴν
846 1740 1042 1794 ἑαυτοῦ
1072 1741 1449 1809 σαρκωθεῖσαν
1477 1739 1722 1811 θεότητα,

165 1838 286 1889 ἀλλὰ
312 1837 394 1901 τὸ,
419 1838 553 1888 'r'mou
597 1830 686 1906 ἦν,
720 1834 828 1886 νόει
861 1849 973 1902 μοι,
1013 1833 1091 1894 εἰς
1120 1832 1181 1882 τὸ
1212 1829 1347 1899 ὕψος
1382 1831 1479 1898 τῆς
1499 1833 1723 1902 ἀσωμα-

163 1925 369 1987 τώσεως
385 1927 476 2001 ⁸ἐν
514 1928 582 1995 τῇ
617 1921 966 1992 σωματὼσει,
1009 1923 1090 1983 εἰς
1121 1920 1219 1990 τὴν
1249 1920 1728 1990 μεγαλοπρέπειαν
1762 1909 1799 1963 Β

165 2016 250 2084 τῆς
280 2014 648 2086 ἀσαρκὼσεως
677 2015 733 2065 ὲν
773 2014 838 2082 τῇ
871 2013 1149 2081 σαρκώσει
1180 2026 1194 2040 ·
1233 2011 1313 2072 εἰς
1343 2009 1437 2078 τὴν
1487 2010 1722 2062 αὑτοΰπσ

165 2124 348 2174 apum
405 2106 506 2176 τῆς
564 2102 967 2164 ἁναλλοιώσεως
1046 2101 1485 2171 σεσαρκωμένης
1560 2100 1726 2154 αὑτοῦ

163 2199 324 2262 ἀξίαν,
373 2199 477 2266 τῆς
519 2196 768 2250 ἑκουσίου
806 2194 972 2247 αὑτοῦ
1023 2190 1413 2252 ταπεινώσεως
1447 2208 1462 2223 ’
1537 2194 1618 2255 εἰς
1667 2193 1730 2244 τὸ

167 2290 350 2357 μηκέτι
403 2288 718 2358 ἀνθρώποις
779 2283 1321 2355 συναναστρέφεσθαι
1378 2282 1732 2353 ὀφθαλμοφαο

164 2382 277 2443 νὼς,
304 2381 337 2449 ἡ
382 2377 823 2443 συναυλίζεσθαι.

1828 665 1890 701 ac
1925 660 2126 703 tenuem
2156 653 2295 705 sedet
2341 651 2500 713 Deus,
2555 667 2616 705 ac
2668 664 2926 708 sexi-enta
2989 657 3117 710 alia.
3176 657 3393 728 Alioqui

1831 755 1901 793 ne
1961 741 2062 794 lzoe
2108 743 2326 810 quidem
2379 755 2580 796 temere
2621 759 2683 797 ac
2716 745 3035 814 sinrp‘ieiter
3068 747 3211 802 fecit.
3261 751 3395 805 Nam

1826 845 1951 884 cum
1985 833 2149 887 sciret
2183 832 2466 897 Dominus,
2519 835 2665 903 quod
2723 836 2767 888 si
2825 853 2930 890 non
2968 839 3395 908 inSpectantibus

1826 921 1934 976 illis
1976 923 2336 987 ascendisset,
2376 927 2834 992 quemadnmdum
2873 928 3034 981 etiam
3095 931 3393 995 descendit,

1827 1014 1938 1068 imo
1971 1031 2099 1069 vero
2129 1016 2542 1078 condescendit,
2601 1017 2736 1082 fore,
2782 1027 2840 1072 nt
2892 1035 3065 1088 neque
3101 1032 3397 1090 apparente

1831 1105 2035 1174 Spiritu
2055 1110 2371 1160 crederetur
2395 1109 2546 1161 illmn
2575 1108 2748 1178 ipsum
2778 1127 2897 1164 esse
2923 1111 3211 1180 Spiritum,
3234 1131 3392 1180 quem

1827 1203 1953 1250 ante
2011 1213 2215 1265 paucos
2275 1199 2396 1253 illos
2455 1200 2570 1253 dies
2630 1200 2709 1253 eis
2772 1203 3115 1269 promisisset
3181 1219 3239 1258 se
3275 1220 3398 1258 esw

1827 1290 2176 1346 missurum:
2223 1300 2270 1346 et
2332 1294 2678 1346 occasionem
2739 1293 3054 1362 suspicandi
3109 1296 3398 1363 prmbitum

1829 1380 1893 1433 iri
1959 1397 2015 1435 se
2077 1399 2182 1436 non
2216 1383 2282 1437 de
2307 1384 2461 1438 cmlis
2494 1383 2894 1439 descendisse:
2956 1384 3192 1438 futurum
3246 1387 3397 1450 item,

1829 1482 1888 1525 ut
1939 1489 2116 1541 neque
2175 1475 2218 1526 si
2283 1485 2469 1544 postea
2531 1491 2768 1545 superne
2832 1477 3055 1531 Paulum
3127 1491 3394 1542 vocasset,

1827 1579 2001 1631 neque
2041 1565 2087 1618 si
2137 1565 2286 1618 illine
2324 1567 2486 1619 Petro
2527 1569 2812 1622 sindonem
2853 1584 2959 1622 non
2999 1583 3158 1622 manu
3198 1569 3395 1623 factam

1827 1655 2092 1719 misisset,
2155 1657 2471 1712 crederetur
2535 1660 2711 1728 ipsum
2746 1660 2858 1713 haec
2890 1669 3012 1729 post
3058 1663 3396 1730 corporalem

1827 1743 2215 1800 habitationem
2253 1746 2465 1801 facere:
2497 1750 2768 1814 ascendit,
2801 1750 3237 1818 lnspectantibus
3266 1753 3391 1806 illis.

1829 1834 1867 1885 A
1919 1837 2064 1890 nube
2125 1847 2305 1890 autem
2363 1838 2603 1908 Virginis
2637 1839 2689 1891 in
2728 1840 2926 1894 nubem
2962 1841 3127 1904 venit,
3187 1857 3250 1896 ac
3301 1858 3400 1912 per

1829 1923 2026 1976 nubem
2090 1927 2355 1988 ascendit,
2406 1927 2494 1980 ubi
2529 1937 2645 1982 erat
2674 1930 2846 1996 prius.
2897 1927 3136 1984 Verbum
3191 1939 3395 1997 autem,

1830 2013 1921 2064 ubi
1952 2023 2090 2078 erat,
2121 2030 2185 2066 ne
2211 2013 2278 2068 de
2310 2016 2430 2068 loco
2467 2017 2709 2085 accipias
2735 2034 2748 2070 :
2788 2033 2990 2086 neque,
3018 2029 3076 2070 ut
3104 2019 3397 2087 intelligas,

1783 2099 1979 2184 .illum
2036 2103 2277 2171 deposita
2335 2120 2521 2168 carne,
2575 2121 2740 2162 carne
2791 2117 3089 2174 carentem,
3124 2119 3183 2162 ut
3221 2112 3396 2180 prius,

1830 2192 2031 2246 habere
2080 2209 2234 2247 suam
2271 2197 2604 2250 incarnatam
2653 2198 2904 2252 deitatem
2941 2218 2955 2254 :
3010 2201 3105 2255 scd
3149 2202 3397 2266 verbum,

1828 2287 1918 2340 ubi
1951 2296 2087 2349 erat,
2119 2288 2360 2356 intellige
2385 2289 2516 2341 mibi
2548 2306 2561 2342 :
2607 2289 2665 2342 In
2714 2291 3100 2345 sublimitatem
3145 2293 3401 2361 incorpo-

1829 2376 2061 2430 ralitatis
2092 2377 2144 2430 in
2195 2378 2582 2446 corporalitate
2617 2396 2630 2432 :
2686 2381 2740 2433 in
2791 2396 2933 2448 eam,
2981 2399 3102 2451 qua:
3134 2399 3230 2453 per
3263 2399 3320 2438 se
3346 2393 3402 2437 et

166 2472 225 2526 ab
250 2489 307 2526 se
335 2474 554 2527 initium
611 2480 664 2525 et
701 2467 1114 2524 subsistentiam
1164 2466 1328 2520 habet
1397 2467 1742 2521 alterationis
1808 2471 2131 2533 calentiam,
2206 2469 2485 2524 incarnata
2552 2471 2697 2527 illius
2750 2473 3034 2543 dignitate,
3095 2476 3400 2530 voluntaria

168 2568 270 2629 ejus
313 2574 482 2634 atque
516 2573 819 2632 spontanea

917 2560 1306 2615 bumiliatione
1360 2569 1523 2630 atque
1569 2561 1956 2616 demissione;
2013 2562 2066 2615 in
2149 2579 2268 2617 eam
2335 2565 2700 2620 conditionem
2781 2577 2834 2620 et
2892 2577 3117 2632 statum,
3173 2579 3232 2623 nt
3286 2586 3402 2624 non

169 2659 388 2726 amplius
447 2659 614 2726 (quod
665 2655 838 2709 oculis
865 2668 1129 2722 apparere
1151 2663 1205 2706 et
1233 2653 1468 2722 judicari
1499 2655 1700 2723 possit)
1765 2669 1889 2707 cum
1937 2655 2192 2710 omnibus
2244 2667 2624 2725 conversetur,
2706 2666 2800 2711 aut
2849 2659 3038 2713 eodem
3123 2659 3404 2716 domicilio

171 2769 279 2806 cum
316 2755 384 2806 iis
424 2767 587 2820 atque
621 2748 987 2802 colitubernio
1024 2753 1227 2798 utatur.

231 2848 332 2898 Kal
371 2844 505 2897 ἰδοὺ
540 2843 752 2908 ἇνδρες
801 2841 908 2894 δύο
952 2837 1464 2907 ,παρειστήκεισαν
1520 2838 1725 2905 αὐτοῖς

173 2939 230 2989 ὲν
254 2936 464 3002 ἐσθῆτι
494 2933 708 3000 λευκῇ,

235 3030 297 3081 Οῖ
317 3031 416 3082 καὶ
449 3024 624 3081 εἷπον
649 3042 662 3055 ⁸
703 3024 942 3091 Ἄνδρες
980 3024 1029 3074 Γ
1033 3020 1318 3083 aiataiat,
1352 3022 1407 3074 τί
1437 3022 1729 3086 ἑστήκατε

170 3120 497 3182 ,ϐλέποντες
515 3118 560 3148 ⁸⁸
591 3118 678 3180 εἰς
710 3116 816 3167 τὸν
843 3111 1104 3178 οὐρανόν
1130 3126 1149 3173 ;
1197 3106 1376 3174 οὗτος
1403 3114 1434 3162 ό
1468 3111 1728 3176 Ἰησοῦς,

1895 2835 1966 2890 Et
2001 2853 2116 2892 ecce
2149 2841 2248 2892 tiri
2297 2841 2402 2894 duo
2456 2841 2520 2892 iis
2555 2841 2839 2894 astiterunt
2887 2842 2939 2893 in
2976 2841 3201 2895 restibus
3247 2842 3401 2897 albis.

1900 3020 2065 3078 γωδ.
2135 3024 2222 3075 H.
2278 3022 2382 3087 Qui
2441 3024 2602 3075 etimn
2656 3024 2954 3076 dixerunt:
3004 3022 3115 3076 Viri
3169 3025 3404 3089 Galilei,

1827 3113 1951 3182 quid
2006 3113 2161 3167 statis
2219 3114 2403 3164 coctum
2437 3113 2781 3166 contuentes?
2808 3110 2910 3166 Ηιε
2934 3111 3113 3173 Iesus,
3145 3115 3233 3182 qui
3269 3131 3410 3167 rece-

175 3214 202 3263 ό
236 3209 604 3277 ἀναληφθεὶς
650 3205 751 3274 ἀφ’
783 3202 951 3272 ἡμῶν
977 3205 1066 3266 εἰς
1102 3201 1208 3254 τὸν
1239 3203 1513 3268 οὐρανὸν,
1544 3202 1730 3265 οὕτως
1758 3237 1777 3294 (

1835 3214 1949 3273 ptus
1978 3213 2055 3256 est
2089 3220 2121 3256 a
2153 3203 2293 3256 vobis
2320 3204 2373 3255 in
2399 3203 2607 3264 eretum,
2638 3204 2713 3255 ita
2748 3205 2930 3267 veniet,
2965 3205 3406 3273 quemadmodum

175 3301 480 3353 ἐλεύσεται
534 3299 604 3350 ἓν
644 3296 867 3364 τρόπον
899 3292 1232 3347 ἐθεάσασθε
1262 3293 1447 3346 αὑτὸν
1487 3291 1734 3359 πορευό-

172 3409 340 3460 μενον
362 3395 454 3456 εις
486 3390 593 3444 τὸν
625 3388 906 3452 οὺμινόν.

236 3481 531 3541 Δεικτικῶς
565 3478 870 3547 ἐχρήσαντο
903 3479 966 3546 τῇ
1001 3478 1142 3542 λέξει
1177 3474 1420 3534 εἰπόντες
1447 3491 1462 3505 ·
1502 3466 1668 3533 Οὗτος
1707 3473 1736 3523 ὁ

187 3571 399 3639 Ἰησοῦς,
457 3570 490 3620 ὁ
548 3567 876 3636 ἀναληφθεὶς
910 3567 1004 3634 ἀφ’
1039 3566 1192 3633 ὑμῶν
1225 3565 1301 3626 εἰς
1362 3564 1450 3616 τὸν
1483 3563 1731 3631 οὐρανὸν,

178 3665 331 3725 οὕτως
363 3661 672 3720 ἐλεύσεται,
733 3658 792 3710 ὃν
840 3659 1039 3726 τρόπον
1074 3656 1372 3708 ἐθεάσασθε
1421 3654 1584 3706 αὐτὸν
1633 3668 1733 3704 πο-

180 3756 456 3823 ρευόμενον
489 3753 570 3812 εἰς
597 3751 686 3802 τὸν
712 3749 966 3816 οὐρανόν.
999 3749 1112 3800 Οὐκ
1152 3743 1272 3798 εἶπε
1296 3748 1336 3777 ⁸⁷
1365 3745 1442 3812 δὲ,
1467 3744 1736 3814 Ἀναλαμ-

179 3845 483 3913 ίανόμενον,
511 3841 629 3894 οὐδὲ
659 3840 1077 3910 βασταζόμενον,
1110 3839 1267 3900 ἀλλὰ,
1337 3836 1732 3904 Πορευὸμενον·

180 3937 219 3985 εἰ
242 3936 343 4001 γὰρ
373 3933 485 4001 πρὸ
530 3929 626 3983 τοῦ
665 3930 900 3998 σταυροῦ
947 3930 1040 3980 ἐπὶ
1090 3929 1198 3979 τῶν
1237 3927 1441 3978 ὑδάτων
1487 3925 1734 3992 ἐφέρετο,

180 4025 468 4092 παθητικὸν
499 4022 582 4074 ἔτι
608 4020 702 4072 καὶ
733 4019 870 4089 βαρὺ
904 4018 1282 4085 περικείμενος
1312 4015 1471 4083 σῶμα
1493 4031 1506 4044 ·
1548 4015 1739 4082 μηδεὶς

180 4115 464 4179 ἀπορεῖ-ιω,
532 4113 583 4164 εἰ
636 4112 777 4179 μετὰ
822 4110 884 4162 τὸ
940 4108 1218 4178 ἄφθαρτον
1245 4106 1376 4158 αὐτὸ
1411 4105 1614 4167 λαϐεῖν,
1646 4104 1736 4157 τὸν

181 4207 300 4274 ἀέρα
329 4206 550 4272 ἔτεμεν.
571 4199 885 4253 Ἐλεύσεται
914 4199 993 4263 δὲ,
1013 4199 1198 4266 φησὶν,
1217 4197 1300 4261 οὐ,
1331 4195 1737 4264 Πεμφθήσεται.

183 4297 349 4358 οὔτως
396 4294 726 4347 ἐλεύσεται·
765 4289 1008 4343 τουτέστι
1052 4290 1188 4358 μετὰ
1212 4289 1497 4357 σώματος’
1555 4286 1583 4338 ὃ
1613 4286 1738 4338 ἐπό-

189 4387 300 4438 θουν
369 4384 652 4439 ἀκοῦσαι*
703 4383 796 4434 καὶ
841 4381 922 4433 ὅτι
969 4379 1132 4432 πάλιν
1182 4370 1336 4447 οὗτος
1355 4377 1400 4407 ⁸⁸
1432 4375 1550 4445 ἥξει
1583 4377 1640 4425 ἐν
1672 4378 1739 4444 τῇ

183 4477 340 4546 κρίσει
395 4477 496 4527 ἐπὶ
551 4471 804 4540 νεφέλης.
859 4470 1095 4538 ’Δνδρας
1131 4467 1188 4519 δὲ
1218 4466 1414 4527 αὐτοὺς
1449 4466 1624 4526 καλεῖ,
1681 4464 1740 4516 τὸ

1836 3295 2112 3362 spectastis
2143 3307 2261 3345 eum
2299 3292 2569 3345 abeuntem
2613 3293 2666 3344 in
2706 3294 2911 3345 cwlnm.

1911 3466 2348 3522 Delnonstrative
2378 3467 2462 3521 usi
2505 3477 2630 3520 sunt
2661 3467 2920 3530 dictione,
2952 3483 3075 3520 cum
3110 3470 3353 3523 dicerent
3387 3485 3402 3522 :

1839 3560 1936 3613 llic
1959 3557 2142 3623 Jesns,
2171 3559 2264 3627 qui
2299 3567 2552 3627 receptus
2587 3567 2670 3612 est
2705 3574 2733 3610 a
2769 3560 2922 3611 vobis
2956 3560 3008 3612 in
3062 3561 3282 3624 cmlum,
3335 3560 3408 3613 ita

1838 3652 2035 3715 veniet,
2061 3651 2519 3720 quemadmodum
2551 3652 2897 3719 spectaristis
2923 3652 3072 3704 illum
3117 3655 3407 3706 abeuntem

1840 3745 1893 3796 in
1922 3750 2142 3797 emtum.
2175 3742 2290 3795 Non
2317 3743 2574 3796 dixerunt
2596 3752 2798 3807 autem,
2823 3759 2970 3808 eum,
3005 3743 3096 3809 qui
3125 3743 3407 3811 recipitur,

1840 3844 1933 3888 aut
1965 3851 2109 3899 eum,
2144 3834 2236 3903 qui
2270 3842 2518 3902 portatur
2558 3843 2612 3888 et
2641 3835 2855 3887 vehitur
2885 3853 2897 3888 :
2942 3836 3035 3888 sed
3075 3834 3404 3889 Abeuntem.

1838 3925 1973 3979 Nam
2017 3925 2062 3978 si
2102 3935 2227 3978 ante
2257 3938 2473 3978 crucem
2506 3922 2781 3977 ferebatur
2815 3939 2978 3994 super
3035 3940 3225 3993 aquas,
3277 3929 3413 3995 pati-

1842 4017 1933 4070 bili
1975 4017 2137 4070 etiam
2186 4029 2330 4068 nunc
2369 4023 2421 4068 et
2461 4015 2612 4083 gravi
2669 4015 2881 4068 obsitus
2929 4030 3201 4083 corpore:
3251 4033 3410 4070 nemo

1842 4107 2073 4170 dubitet,
2097 4122 2186 4169 an,
2208 4109 2559 4173 posteaquam
2579 4105 2994 4174 incorrupti'bile
3014 4107 3144 4161 illud
3171 4105 3409 4176 (corpus)

1841 4198 2070 4265 accepit,
2114 4209 2292 4250 aerem
2321 4195 2581 4249 secuerit.
2613 4194 2805 4250 Veniet
2826 4207 3033 4261 autem,
3065 4199 3198 4251 dixit
3226 4216 3238 4251 :
3277 4214 3410 4261 non,

1843 4290 2109 4340 mittetur.
2153 4288 2236 4338 Ita
2275 4285 2453 4339 veniet
2489 4299 2504 4336 :
2542 4285 2598 4339 id
2630 4294 2738 4347 est,
2784 4301 2906 4340 cum
2957 4303 3208 4357 corpore,
3262 4289 3412 4356 quod

1843 4380 2036 4434 audire
2074 4377 2466 4432 desiderabant
2497 4395 2510 4431 :
2548 4387 2602 4430 et
2627 4379 2773 4446 quod
2816 4393 3010 4433 rursus
3033 4382 3112 4434 sic
3147 4393 3414 4435 venturus

1845 4472 1911 4525 sit
1951 4473 2003 4522 in
2045 4469 2256 4536 judicio
2287 4484 2452 4537 super
2480 4469 2643 4522 nube.
2679 4469 2832 4524 Viros
2865 4479 3046 4523 autem
3080 4471 3200 4525 illos
3233 4482 3412 4535 vocat,

183 4567 395 4634 ἐναργὲς
423 4563 531 4630 τῆς
561 4561 739 4630 ὅψεως
769 4557 944 4628 δηλῶν
971 4573 984 4587 ο
1039 4557 1132 4608 καὶ
1176 4557 1285 4625 γὰρ
1312 4556 1404 4607 καὶ
1434 4555 1512 4616 εἰς
1543 4553 1742 4621 ἄνδρας
1775 4562 1777 4569 ‘

1847 4562 2049 4614 claram
2081 4568 2134 4614 et
2167 4559 2474 4612 evidentem
2526 4559 2840 4627 significans
2871 4561 3283 4629 inspectionem.
3321 4561 3416 4615 Et-

180 4657 394 4719 ἑαυτοὺς
443 4656 495 4707 οἱ
552 4651 779 4719 ἄγγελοι
833 4648 1076 4719 ἀκριϐῶς
1108 4646 1555 4706 ὲναπετύπωσαν,
1601 4645 1740 4697 ὥστε

189 4747 252 4814 μὴ
273 4745 533 4815 πτοῆσαι.
567 4741 675 4794 Δύο
707 4741 764 4794 δὲ
787 4742 1138 4809 παρέστησαν
1171 4737 1382 4807 ἄνδρες,
1420 4736 1500 4788 ὅτι
1534 4735 1628 4788 ἐπὶ
1650 4735 1743 4787 δύο

190 4836 217 4903 ἢ
246 4836 409 4906 τριῶν
441 4831 744 4904 μαρτύρων
770 4832 1036 4899 στόματος
1067 4831 1174 4881 πᾶν
1212 4829 1361 4897 ῥῆμα
1393 4827 1740 4895 σταθήσεται.

189 4926 430 4985 Sinone;
459 4925 542 4986 δὲ,
564 4924 632 4974 Τί
659 4923 924 4989 ἑστήκατε
961 4917 1250 4988 βλέποντες
1274 4919 1353 4979 εἰς
1378 4916 1469 4968 τὸν
1498 4917 1746 4986 οὐρανὸν,

190 5015 353 5069 οὐκέτι
394 5015 596 5067 εἴασαν
639 5013 835 5074 αὐτοὺς
880 5011 1308 5080 προσκαρτερεῖν
1336 5008 1413 5078 τῷ
1443 5009 1614 5076 τόπῳ,
1656 5009 1749 5060 καὶ

192 5108 482 5178 προσδοκᾷν
522 5105 689 5157 αὐτὸν
727 5103 953 5170 δψεσθαι
987 5101 1148 5154 πάλιν
1175 5117 1188 5130 ·
1243 5099 1356 5152 ἀλλ’
1409 5099 1749 5167 ἐπέστρεψαν

192 5197 370 5260 αὐτοὺς
406 5196 520 5250 ἁπδ
549 5195 650 5262 τῆς
696 5196 820 5255 Οέας
877 5194 1090 5260 ἐκείνης
1118 5191 1208 5243 ἐπὶ
1240 5191 1338 5260 τὴν
1374 5189 1745 5259 Ἰερουσαλὴμ,

197 5288 275 5337 ἐπὶ
303 5289 392 5340 τὸν
432 5288 533 5340 τοῦ
591 5285 942 5354 κηρὺγματος
995 5284 1181 5336 λοιπὸν
1211 5283 1410 5335 σκοπὸν
1441 5284 1532 5334 καὶ
1571 5282 1745 5348 λόγον.

197 5377 461 5449 Πανταχοῦ
518 5379 579 5430 δὲ
608 5378 826 5444 ἄγγελοι
857 5377 931 5438 ὡς
986 5375 1233 5447 Δεσπότῃ
1263 5373 1615 5442 ὑπηρετοῦσι,
1659 5373 1750 5424 καὶ

196 5469 245 5517 ἐν
290 5473 352 5538 τῇ
394 5469 680 5540 γεννήσει,
731 5471 823 5520 καὶ
878 5471 936 5520 ἐν
987 5471 1052 5538 τῇ
1105 5467 1419 5531 ἀναστάσει,
1473 5465 1568 5518 καὶ
1595 5466 1653 5517 ἐν
1683 5468 1748 5534 τῇ

196 5559 438 5628 ἀναλῂψει
465 5577 479 5590 ·
508 5563 610 5612 καί
638 5559 741 5627 πρό
769 5576 830 5625 γε
863 5559 1088 5623 τούτων,
1118 5559 1204 5610 ὅτε
1245 5559 1533 5625 ἐπιδημεῖν
1560 5556 1748 5625 ἔμελλε

1849 4653 1990 4706 enim
2028 4651 2230 4719 ﬁguras
2268 4650 2508 4704 virorum
2537 4651 2711 4721 angeli
2743 4666 2961 4720 quoque
2992 4652 3272 4706 absolutas
3309 4653 3413 4706 sibi

1850 4750 2198 4813 sumpserant
2219 4751 2275 4797 et
2307 4743 2626 4806 induerant,
2665 4758 2733 4796 ne
2758 4743 3267 4811 perterrefacerent.
3301 4745 3417 4798 Ca3-

1855 4845 2029 4889 terum
2057 4835 2168 4890 duo
2198 4834 2294 4887 viri
2323 4835 2615 4889 astiterunt
2649 4852 2660 4885 :
2687 4833 2944 4902 quoniam
2978 4834 3031 4887 in
3058 4849 3152 4889 ore
3180 4835 3414 4890 duorum

1853 4937 1946 4980 aut
1979 4929 2141 4980 trium
2178 4927 2397 4980 testium
2429 4940 2591 4978 omne
2618 4926 2845 4978 verbum
2873 4926 3222 4980 consisteret.
3246 4926 3418 4979 Porro

1847 5031 1970 5070 cum
2012 5017 2282 5078 dicerent,
2318 5016 2459 5081 Quid
2491 5017 2651 5070 statis
2699 5016 2899 5069 coelum
2961 5017 3255 5079 intuentes,
3307 5030 3416 5069 non

1848 5105 2081 5172 amplius
2111 5105 2214 5176 14
2238 5106 2493 5159 sinebant
2527 5120 2622 5158 eos
2661 5104 2714 5156 in
2774 5105 2866 5156 illo
2908 5104 3028 5157 loco
3072 5119 3416 5173 permanere,

1847 5204 1899 5248 et
1948 5211 2168 5264 Sperare
2214 5211 2272 5249 se
2319 5211 2511 5248 rursus
2571 5195 2719 5246 illum
2754 5210 2874 5248 esse
2906 5196 3122 5249 visuros
3158 5213 3170 5248 :
3210 5196 3307 5250 sed
3349 5199 3419 5250 ab

1849 5285 1942 5338 illo
2005 5287 2321 5355 spectaculo
2386 5285 2817 5353 Hierosolymam
2878 5285 2944 5338 ad
3012 5285 3418 5352 pradieationis

1860 5377 2119 5445 deinceps
2143 5376 2452 5430 institutum
2485 5391 2546 5428 ac
2571 5379 2833 5428 rationem
2866 5376 2987 5429 illos
3009 5384 3418 5430 converterunt.

1863 5465 2073 5530 Ubique
2105 5475 2284 5519 autem
2309 5464 2483 5532 angeli
2541 5473 2798 5528 tanquam
2832 5461 3058 5514 Domino
3086 5462 3418 5522 ministrant,

1861 5566 1912 5611 et
1950 5559 2002 5610 in
2033 5555 2339 5617 nativitale,
2371 5565 2424 5608 et
2457 5555 2508 5606 in
2546 5552 2967 5618 resurrectione,
3007 5559 3062 5605 et
3112 5551 3166 5604 in
3201 5565 3418 5604 assum-

1372 5713 1575 5774 Varize
1599 5715 1909 5775 lectiones
1932 5722 1993 5774 et
2023 5721 2214 5775 notae.

264 5838 301 5867 ⁸⁸
331 5837 552 5892 Codices
589 5836 788 5904 vulgati
815 5835 1026 5893 habent,
1060 5834 1443 5901 ἐμϐλέποντες.

1523 5835 1563 5865 ⁶⁷
1603 5837 1687 5889 io‘.
1727 5828 1898 5890 εἶπον,

1977 5835 2019 5865 ⁸⁸
2049 5835 2134 5886 ἴσ.
2171 5833 2229 5888 οὖ
2243 5852 2359 5895 τως.
