4156 6440
724 436 828 497 519

1646 423 2229 507 ἸΊΙΕΟΡΙΙΥΙΛΠΤΙ
2277 424 2687 485 BULGARle
2735 424 3093 485 ARCHIEP.

3886 421 4012 484 520

724 552 873 605 tione
905 567 917 601 :
952 562 1001 603 et
1032 548 1249 617 quidem
1279 554 1459 607 antea,
1486 559 1609 597 ruzu
1645 543 1700 596 iu
1736 543 2002 595 mundum
2044 557 2142 610 per
2171 556 2301 594 ear-

2423 542 2487 610 τῷ
2512 542 2701 611 κόσμῳ
2719 540 2803 592 διὰ
2834 540 3058 609 σαρκός.
3086 536 3245 591 Οὕτω
3269 538 3324 591 δὲ
3357 536 3638 606 ἐφαίνοντο
3665 537 3711 588 οἱ
3740 535 4015 601 ἄγγελοι.

725 657 847 697 trem
905 642 1221 710 proditurus
1270 648 1324 691 et
1388 646 1710 691 versaturus
1775 644 1945 687 esset.
1995 636 2072 686 lla
2124 643 2307 686 autem

726 735 901 802 angeli
949 730 1304 801 apparebant,
1338 726 1802 799 quemadmodum
1839 728 1953 778 lieri
1986 733 2217 791 poterat,
2253 736 2311 778 ut

728 826 805 876 iiii
856 825 925 876 ab
971 822 1288 874 hominibus
1348 822 1686 871 viderentur.
1739 815 1935 880 Porro,
1977 816 2031 869 In
2066 816 2310 870 vestibus

729 915 888 976 albis,
918 915 1061 982 quod
1096 914 1252 974 dii-it,
1279 922 1371 965 aut
1413 912 1705 979 puritatem
1737 911 2061 979 angelorum
2095 908 2305 976 signili-

730 1015 819 1058 rat
874 1023 888 1059 :
939 1014 1033 1059 aut
1088 1021 1228 1068 eam,
1280 1021 1441 1072 quam
1507 1004 1681 1057 sancti
1737 1001 1969 1071 apostoti
2026 1001 2305 1071 accepturi

725 1107 904 1160 erant,
943 1098 1426 1149 illuminatimtem.
1460 1095 1636 1164 Atque
1675 1095 1834 1147 aliter
1878 1094 1941 1147 ad
1986 1095 2307 1156 diminuam,

730 1188 1185 1255 luspectantibus.
1224 1185 1491 1252 Quoniam
1524 1187 1732 1239 sciebat
1768 1185 2029 1238 Dominus
2051 1192 2308 1251 corrupta

728 1289 908 1334 mente
938 1280 1199 1348 praeditos
1226 1280 1476 1332 homines
1532 1279 1666 1343 fore,
1708 1281 1801 1350 qui
1860 1295 1921 1333 se
1947 1286 2308 1347 apponereut,

728 1387 791 1425 ac
820 1370 1090 1434 dicereut,
1123 1386 1300 1438 neque
1325 1372 1389 1422 de
1421 1368 1562 1422 cmlo
1601 1370 1754 1422 illum
1786 1385 1908 1423 esse
1941 1371 2023 1422 vel
2057 1366 2310 1433 venisse,

729 1480 905 1533 neque
946 1472 1305 1533 assumptum,
1340 1462 1393 1513 in
1424 1462 1623 1515 coelum
1667 1476 1789 1516 esse
1833 1476 2110 1529 receptum
2138 1501 2154 1525 ,
2212 1460 2309 1514 sed

735 1558 923 1624 procul
957 1558 1009 1610 in
1043 1556 1276 1624 aliquem
1306 1556 1489 1608 locum
1522 1555 1691 1609 situm
1720 1564 1876 1610 extra
1907 1557 2097 1609 orbem
2130 1562 2309 1609 terra-

735 1664 856 1702 rum
911 1649 1226 1702 translatum
1263 1664 1275 1700 :

736 1741 848 1797 lurn
870 1743 1045 1797 oculis
1081 1742 1308 1797 intentis
1339 1743 1732 1796 contuentibus
1769 1741 1927 1810 ipsis,
1958 1741 2233 1795 ascendit.

807 1834 971 1888 Vens.
1024 1835 1112 1887 12.
1171 1833 1319 1886 Tunc
1375 1834 1568 1886 reversi
1633 1844 1755 1885 sunt
1806 1831 2228 1900 Hierosolymam
2279 1847 2313 1883 a

734 1936 927 1989 monte,
956 1927 1047 1995 qui
1104 1936 1321 1978 uocatur
1362 1924 1595 1979 Oliveti:
1644 1927 1731 1995 qui
1763 1940 1919 1995 prope
1958 1925 2022 1977 ab
2056 1925 2313 1977 Hierusa-

738 2020 836 2073 lem
859 2021 1023 2081 abest,
1053 2020 1149 2072 iter
1174 2018 1454 2088 (videlicet)
1493 2017 1736 2071 Sabbati.

810 2111 985 2175 Tunc,
1014 2110 1280 2179 quando?
1309 2111 1443 2163 Cum
1476 2110 1769 2162 audissent.
1817 2106 1935 2161 Non
1966 2107 2112 2161 enim
2154 2108 2318 2161 susti-

736 2203 1006 2266 nuissent,
1037 2202 1140 2255 nisi
1169 2202 1221 2254 in
1270 2203 1432 2253 alium
1476 2202 1598 2255 illos
1643 2200 1940 2254 adventum
1976 2200 2315 2266 reiecissent.

739 2291 1009 2349 Videntur
1036 2302 1216 2347 autem
1245 2294 1376 2346 mihi
1417 2294 1531 2347 haec
1564 2294 1729 2347 etiam
1778 2294 1834 2345 in
1880 2290 2123 2345 Sabbato
2176 2291 2322 2345 acci-

738 2386 888 2441 disse
921 2403 936 2440 :
975 2401 1080 2437 non
1133 2385 1279 2438 enim
1317 2384 1389 2435 ita
1421 2384 1679 2451 spatium,
1717 2381 1863 2450 quod
1922 2382 2319 2447 intercedebat,

736 2476 999 2533 edidisset
1030 2491 1044 2529 :
1078 2491 1106 2527 a
1135 2484 1339 2539 monte,
1386 2476 1478 2542 qui
1512 2483 1741 2527 vocatur
1782 2472 2001 2535 Oliveti,
2027 2472 2121 2541 qui
2154 2485 2322 2541 prope

738 2570 806 2623 ab
846 2568 1186 2622 Hierusalem
1218 2566 1373 2620 abest
1419 2568 1522 2619 iter
1576 2565 1823 2622 Sabbati.
1856 2564 2069 2619 Etenim
2094 2564 2321 2618 deﬁnita

736 2669 856 2715 erat
890 2660 1176 2730 longitudo
1208 2659 1443 2721 itineris,
1486 2660 1629 2727 quod
1664 2660 1717 2711 in
1750 2658 1841 2713 die
1873 2658 2100 2713 Sabbati
2122 2656 2324 2711 Juda‘is

739 2752 921 2806 facere
955 2754 1171 2806 licebat.
1226 2750 1358 2804 Nam
1426 2751 1701 2821 Joseplins
1728 2767 1947 2819 quoque
1976 2752 2029 2804 in
2058 2752 2324 2806 vicesimo

737 2843 884 2897 libro
944 2860 1126 2897 rerum
1188 2844 1544 2911 antiquarum
1603 2844 1773 2899 tradit
1815 2846 1885 2897 ab
1926 2844 2323 2910 Hierosolymis

741 2935 933 2987 abesse
990 2934 1167 2986 stadia
1222 2946 1450 3003 septem,
1513 2941 1680 3000 atque
1733 2933 1897 2985 etiam
1950 2932 2215 3003 Origenes
2267 2934 2322 2985 in

736 3026 934 3093 quinto
965 3024 1264 3089 volumine,
1308 3027 1412 3079 Iter
1436 3023 1681 3088 Sabbati,
1730 3024 1908 3091 inquit
1937 3027 1979 3085 ',
2014 3026 2177 3077 triqu
2228 3038 2325 3076 eu-

741 3118 982 3171 bitoruiu
1012 3125 1148 3170 erat.
1180 3118 1293 3169 lmo
1332 3132 1461 3168 Vero
1519 3116 1935 3168 tabernaculum
1987 3124 2241 3169 sanctum
2271 3125 2325 3168 et

740 3221 867 3259 arca
905 3212 1118 3258 tantum
1155 3206 1504 3259 intervallum
1542 3206 1961 3273 prmoecupabat
2015 3219 2079 3258 ac
2128 3219 2325 3272 prace-

736 3298 901 3350 debat
931 3305 1055 3350 ante
1082 3306 1286 3357 castra,
1311 3306 1368 3350 et
1399 3298 1468 3350 ab
1504 3306 1657 3351 tanto
1691 3301 1870 3367 spatio
1905 3298 2322 3351 collocabatur:

737 3385 889 3454 quod
912 3386 1147 3455 spatium
1195 3386 1557 3440 adorantibus
1603 3388 2020 3441 tabernaculqu
2068 3397 2322 3441 sanctum

737 3476 974 3547 pedibus
1024 3478 1300 3531 coniicere
1340 3476 1394 3529 iu
1457 3476 1706 3532 Sabbato
1763 3478 1980 3542 licebat,
2032 3479 2183 3547 quod
2237 3487 2325 3533 est

739 3568 972 3623 tnilliare
1013 3583 1205 3623 unum.

814 3657 979 3713 Vens.
1028 3658 1115 3713 15.
1174 3657 1243 3711 Et
1278 3674 1399 3712 cum
1453 3661 1675 3729 ingressi
1726 3672 1923 3725 essent,
1975 3663 2323 3717 ascenderunt

740 3753 795 3805 in
842 3752 1191 3816 cmnaculum,
1220 3753 1309 3806 ubi
1344 3770 1555 3807 manere
1582 3755 1820 3808 solebant
1848 3756 2041 3810 Petrus
2069 3766 2119 3810 et
2159 3757 2323 3811 Jaco-

740 3845 853 3908 bus,
882 3853 931 3896 et
966 3842 1199 3898 Joannes
1229 3855 1276 3898 et
1324 3847 1589 3911 Andreas,
1643 3847 1919 3917 Philippus
1967 3860 2011 3903 ει
2070 3850 2323 3913 Thomas,

738 3936 1162 3990 Bartholoma'us
1216 3949 1263 3989 et
1331 3937 1637 4003 Mattha'us,
1705 3939 1939 3996 Iacobus
1992 3943 2196 4010 Alpltai
2275 3950 2324 3994 et

739 4026 921 4081 Simon
949 4031 1163 4090 zelotes,
1186 4038 1234 4080 et
1259 4025 1432 4082 ludas
1462 4027 1674 4082 Jacobi.

815 4118 975 4171 Vens.
1010 4118 1095 4171 Η.
1138 4116 1210 4169 1Ιὶ
1251 4134 1427 4172 omnes
1467 4122 1789 4175 unanimiter
1830 4128 2229 4190 persererabant
2269 4128 2324 4180 in

742 4209 1039 4277 precatione
1093 4217 1142 4259 et
1217 4209 1455 4262 oratione
1532 4226 1639 4263 una
1711 4227 1828 4264 cum
1916 4216 2226 4270 mulieribus
2275 4228 2325 4271 et

745 4298 922 4352 Maria
947 4297 1121 4350 Matre
1152 4295 1305 4361 Jesu,
1335 4308 1384 4352 et
1421 4315 1525 4353 una
1561 4317 1678 4352 cum
1714 4302 1973 4369 fratribus
2013 4305 2181 4360 illius.

818 4475 983 4529 Recte
1021 4476 1353 4530 mentionem
1408 4478 1536 4531 fecit
1568 4479 1966 4549 discipulorum
2005 4502 2017 4537 :
2062 4487 2322 4554 quoniam

744 4569 886 4622 alius
944 4570 1164 4637 quidem
1218 4569 1578 4638 prodiderat:
1616 4575 1757 4627 alius
1799 4575 1902 4644 15
1936 4589 2116 4630 autem
2146 4580 2319 4632 alme-

2407 634 2479 696 ὠ;
2534 634 2761 686 δυνατὸν
2818 629 2887 703 ἦν
2944 634 3073 694 τοὺς
3122 631 3443 700 ἀνθρώπους
3478 631 3624 682 ἰδεῖν.
3666 630 3737 680 Τὸ
3786 629 3867 689 δὲ,
3905 628 4016 679 Ἑλ

2408 726 2593 791 ἐσθῆτι
2630 725 2819 794 λευκῇ,
2849 725 2881 792 ἢ
2918 724 2978 775 τὸ
3011 723 3251 790 καθαρόν
3282 723 3390 774 τῶν
3420 720 3670 789 ἀγγέλων
3706 722 4018 788 σημαίνει,

2408 820 2441 889 ἦ
2472 819 2559 869 τὸν
2594 817 2854 884 μέλλοντα
2882 816 3207 884 δοθήσεσθαι
3233 816 3277 845 θ’
3306 817 3414 871 τοῖς
3443 814 3619 880 ἁγίοις
3667 811 4017 871 ἀποστόλοις

2409 910 2725 978 φωτισμόν·
2763 912 2853 961 καὶ
2905 908 3081 970 ἄλλως
3130 910 3208 970 εἰς
3260 907 3339 971 τὸ,
3372 908 3704 959 Βλεπόντων.
3742 907 3916 967 Εἰδὼς
3980 906 4017 954 ὀ

2420 1002 2621 1073 Κύριος
2653 1003 2736 1054 ὃτι
2773 1004 3126 1071 ἐνστήσονται
3172 1000 3452 1072 ἄνθρωποι
3489 1000 3865 1069 πειξθαρμένοι
3907 997 4017 1049 τὸν

2418 1095 2564 1155 νοῦν,
2598 1095 2848 1160 λέγοντες
2883 1095 3020 1163 μήτε
3073 1094 3171 1147 ἀπ’
3219 1093 3450 1162 οὐρανοῦ
3499 1088 3639 1144 εἶναι
3672 1090 4017 1160 ἣὲληλυθέ-

2418 1189 2575 1239 vat"
2610 1188 2794 1254 αὑτὸν,
2868 1191 3006 1259 μήτε
3042 1186 3418 1257 ἀναληφθέντα
3440 1228 3454 1251 ,
3487 1187 3563 1247 εἰς
3595 1186 3823 1253 οὐρανὸν
3862 1185 4019 1236 ἀνα-

2416 1280 2713 1349 ληφθῆναι,
2776 1282 2893 1335 ἀλλ’
2942 1283 2984 1313 ⁷⁸
3042 1280 3420 1348 ἀπεκτοπίσθη
3461 1282 3540 1341 εἰς
3590 1296 3711 1331 τινα
3753 1279 3861 1342 ἔξω
3900 1277 4017 1346 τῆς

2419 1372 2750 1443 οἰκουμένης
2782 1376 2969 1439 τόπον,
3009 1368 3085 1428 ὧν
3131 1376 3239 1426 εἰσι
3274 1373 3369 1425 καὶ
3402 1375 3451 1425 ol
3485 1373 3583 1439 τῆς
3618 1368 3870 1423 Βιταλίου
3904 1370 4012 1420 αἱ-

2423 1463 2623 1533 ρέσεως
2647 1481 2661 1494 ·
2700 1467 2822 1519 κατ’
2852 1466 3169 1535 ὀφθαλμοὺς
3201 1466 3385 1518 αὐτῶν
3411 1463 3772 1526 ἀτενιζόντων
3814 1461 4016 1513 αὐτῶν

2419 1559 2500 1618 εἰς
2526 1555 2619 1609 τὸν
2643 1557 2874 1628 οὐρανὸν
2898 1557 3219 1629 ἀνελήλυθε.

1328 1664 1561 1718 quorum
1612 1649 1679 1703 de
1737 1662 1970 1701 numero
2023 1655 2154 1701 sunt
2204 1647 2300 1715 qui
2344 1645 2543 1703 Vitalis
2569 1661 2731 1703 sectae
2759 1650 3086 1703 adita-rem:
3130 1650 3186 1702 in
3218 1655 3517 1717 conspectu
3581 1645 3821 1709 illorum,
3886 1662 4022 1701 co.-

2498 1830 2640 1883 To’rs
2678 1830 3073 1898 ὑπέστρεψαν
3115 1830 3203 1894 εις
3240 1825 3638 1894 Ἰερουσαλὴμ
3669 1826 3785 1879 ἀπὸ
3818 1826 4013 1894 ὄρους

2422 1922 2525 1975 τοῦ
2553 1938 2627 1974 κα
2642 1922 2933 1983 λουμένου
2952 1920 3298 1987 Ἐλαιῶνος·
3329 1921 3361 1974 ὃ
3384 1922 3557 1975 ἐστιν
3589 1920 3768 1989 ἐγγὺς
3794 1920 4012 1989 Ἰερου-

2350 2009 2387 2060 IS
2419 2014 2628 2081 σαλὴμ
2660 2014 2965 2066 Σαόὅάτου
2988 2014 3318 2082 ἐχονύὸόν.

2490 2106 2647 2169 Τότε,
2673 2108 2840 2171 πότε;
2874 2107 3005 2159 Ὀτε
3038 2108 3304 2176 ἤκουσαν.
3346 2109 3421 2160 Οὐ
3444 2108 3550 2177 γὰρ
3584 2108 3653 2162 ἂν
3679 2109 4006 2178 ἠνέσχοντο,

2419 2198 2468 2247 εἰ
2525 2197 2599 2265 μὴ
2645 2199 2725 2259 εἰς
2779 2198 2974 2264 ἑτέραν
3027 2198 3226 2260 αὐτοὺς
3275 2201 3581 2269 παρουσίαν
3644 2200 4004 2269 ὑπερέθεντο.

2419 2288 2578 2339 Δοκεί
2619 2286 2677 2338 δέ
2712 2304 2799 2355 μοι
2829 2288 2917 2339 καὶ
2963 2288 3021 2338 ἐν
3071 2288 3335 2358 Σαὸὁάτῳ
3374 2291 3659 2356 γεγονέναι
3690 2290 3900 2343 ταῦτα·
3935 2290 4004 2341 οὐ

2421 2380 2531 2447 γὰρ
2556 2380 2621 2431 ἂν
2645 2377 2792 2431 οὕτω
2811 2378 2871 2430 τὸ
2895 2379 3169 2448 διάστημα
3200 2377 3375 2432 εἶπεν
3398 2380 3531 2432 Ἀπὸ
3559 2380 3740 2450 ὅρους,
3770 2381 3865 2433 τοῦ
3901 2399 4011 2434 κα-

2420 2471 2684 2538 λουμένου
2710 2470 3027 2533 Ἐλαιῶνος·
3089 2473 3117 2523 ὃ
3172 2474 3320 2524 ἐστιν
3390 2472 3556 2540 ἔγγὺς
3596 2471 3960 2541 Ἰερουσαλήμ
3988 2489 4005 2505 ·

2422 2563 2704 2617 Σαϐϐἀτου
2733 2562 2856 2633 ἔχον
2880 2562 3021 2617 ὁδόν.
3072 2564 3182 2615 Καὶ
3235 2566 3343 2633 γὰρ
3394 2565 3703 2635 ὡρισμένον
3731 2565 3790 2617 τὸ
3819 2566 4011 2633 μῆκος

2421 2655 2522 2723 τῆς
2553 2655 2862 2725 ὁδοιπορίας
2896 2651 2966 2726 ἦν
2990 2694 3006 2719 ,
3062 2656 3091 2707 ὃ
3126 2655 3257 2726 ἐξῆν
3311 2656 3545 2724 βαδίζειν
3574 2660 3685 2719 τοῖς
3724 2656 4012 2718 Ἰουὸαξοτς

2425 2748 2482 2799 ὲν
2505 2749 2571 2815 τῇ
2604 2749 2789 2816 ἡμέρᾳ
2820 2746 2913 2799 τοῦ
2947 2747 3252 2802 Σαδσάτου.
3292 2748 3517 2818 Ἰστορεί
3546 2750 3601 2801 δὲ
3633 2754 3725 2802 καὶ
3770 2751 4013 2817 Ἰώσηπ-

2425 2856 2525 2900 ato;
2560 2842 2619 2892 ὲν
2642 2839 2720 2908 τῷ
2752 2840 2984 2909 εἰκοστῷ
3021 2841 3165 2910 λόγῳ
3194 2840 3295 2909 τῆς
3330 2842 3739 2909 ἀρχαιολογίας,
3770 2843 4016 2912 ἀπέχειν

2424 2930 2532 2981 ἀπὸ
2574 2929 2969 2998 Ἰεροσολύμων
3000 2930 3189 2982 στάδια
3243 2931 3401 2981 ὲπτά.
3459 2931 3570 2982 Καὶ
3622 2932 3902 2999 Ὠριγένης
3946 2933 4013 2983 δέ

2427 3038 2591 3088 φησιν
2622 3023 2678 3072 ὲν
2704 3021 2779 3089 τῷ
2813 3023 3051 3089 πέμπτῳ
3099 3020 3419 3090 στρώματι·
3473 3023 3506 3089 ἡ
3571 3022 3665 3073 τοῦ
3718 3022 4014 3074 Σαῧϐατου

3380 3114 3492 3167 Καὶ
3534 3116 3733 3183 μᾶλλον
3864 3117 4016 3181 ἁγία

2427 3204 2607 3273 Σκηνὴ
2640 3207 2732 3256 καὶ
2826 3203 3071 3265 Κιὸωτὸς
3134 3204 3386 3256 τοσοῦτον
3414 3204 3688 3273 διάστημα
3724 3206 4019 3275 προελάμ-

2430 3300 2559 3348 ϐανε
2591 3297 2688 3364 τὴν
2720 3297 3075 3364 παρεμϐολὴν
3098 3298 3193 3348 καὶ
3221 3296 3327 3348 ἀπὸ
3348 3297 3605 3349 τοσούτου
3633 3298 4018 3366 διαστήματος

2429 3391 2696 3455 ἐσκήνουο
2755 3389 2783 3439 ὃ
2826 3389 3102 3458 διάστημα
3154 3388 3283 3457 ἐξῆν
3330 3392 3442 3451 τοῖς
3493 3392 3859 3459 προσκυνοῦσι
3893 3393 4007 3460 τὴν

2427 3480 2592 3546 ἁγίαν
2639 3481 2844 3549 σκηνὴν
2908 3479 3146 3549 βαδίζειν
3181 3482 3237 3532 ἐν
3289 3480 3591 3551 Σαϐϐάτῳ·
3644 3482 3673 3535 ὃ
3727 3482 3850 3535 ἐστι
3916 3486 4017 3552 μί-

2428 3575 2539 3623 λιον
2562 3572 2640 3623 ἓν.

2499 3665 2604 3716 Καὶ
2633 3664 2731 3716 ὅτε
2758 3664 3069 3731 εἰσῆλθον,
3114 3664 3423 3731 ἀνέϐησαν
3458 3668 3548 3731 εις
3577 3667 3644 3719 τὸ
3690 3665 3972 3733 ὑπερῷον
3995 3708 4011 3728 ,

2428 3748 2500 3807 οὗ
2531 3752 2696 3820 ἦσαν
2736 3754 3171 3821 καταμένοντες
3214 3758 3246 3807 ό
3269 3756 3545 3823 Πέτροςη
3576 3757 3675 3810 καὶ
3711 3757 4013 3821 Ἰάκωϐος,

2428 3846 2836 3913 καὶ-ἰωὼανης
2868 3846 2965 3897 καὶ
2999 3846 3293 3914 Ἀνδρέας,
3318 3850 3615 3914 Φίλιππος
3647 3850 3744 3901 καὶ
3772 3849 4012 3917 Θωμᾶς.

2430 3938 2878 4005 Βαρθολομαῖος
2901 3938 2998 3989 καὶ
3026 3938 3345 4004 Ματθαῖος,
3388 3940 3667 4005 Ἰάκωϐος
3712 3942 4015 4009 Ἀλφιιίσυ

2428 4028 2529 4082 καὶ
2558 4031 2754 4096 Σίμων
2779 4032 2812 4081 ὀ
2841 4028 3129 4095 ζηλωτής,
3168 4030 3267 4082 καὶ
3297 4030 3529 4095 Ἰούδας
3556 4030 3854 4086 Ἰακώϐου.

2503 4117 2677 4175 Οὗτοι
2697 4120 2921 4185 πάντες
2952 4116 3114 4189 ἦσαν
3161 4124 3751 4189 προσκαρτεροῦντες
3784 4128 4013 4192 ὀμοθυ·

2423 4211 2621 4281 μαδὸν
2648 4212 2723 4278 τῇ
2756 4211 2911 4280 εὐχῇ
2937 4212 2981 4243 ⁷³
2997 4212 3094 4265 καὶ
3132 4204 3205 4279 τῇ
3232 4212 3460 4281 δεήσει,
3483 4214 3606 4266 σὺν
3638 4217 3874 4284 γυναιξὶ
3903 4219 4014 4270 καὶ

2428 4306 2626 4371 Μαρίᾳ
2660 4303 2733 4371 τῇ
2756 4305 2950 4372 Μητρὶ
2980 4305 3084 4359 τοῦ
3121 4304 3341 4371 Ἰησοῦ,
3399 4306 3499 4359 καὶ
3530 4307 3652 4360 σὺν
3673 4307 3794 4373 τοῖς
3825 4309 4015 4363 ἀδελ-

2425 4396 2561 4464 φοῖς
2588 4396 2796 4447 αὐτοῦ.

2502 4486 2697 4549 Καλῶς
2733 4486 3107 4555 ἐμνημόνευσε
3137 4486 3246 4540 τῶν
3285 4490 3550 4557 μαθητῶν
3576 4506 3590 4521 ·
3614 4490 3801 4560 ἐπειδὴ
3837 4494 3863 4543 6
3902 4493 4013 4560 μὲν

2431 4574 2764 4646 προῦδωκεν·
2807 4578 2834 4627 6
2864 4577 2921 4628 δὲ
2948 4578 3224 4647 ἠρνήσατο
3248 4593 3262 4608 ·
3288 4580 3316 4630 6
3338 4578 3395 4630 δὲ
3432 4579 3721 4651 ﬁniat-nas.
3750 4583 4011 4636 Δείκνυσι

2424 3115 2539 3175 ὁδὸς
2604 3114 2767 3181 τριῶν
2826 3113 3019 3181 πηχῶν
3073 3114 3307 3181 ὑπῆρχε.

746 4668 969 4729 gaverat
1003 4677 1017 4713 :
1052 4660 1191 4715 alius
1235 4663 1361 4717 item
1404 4677 1509 4716 non
1545 4666 1883 4719 crediderat.
1916 4666 2023 4722 Sed
2055 4672 2318 4736 ostendit,

2427 4670 2485 4722 δὲ
2513 4670 2618 4732 ὅτι,
2652 4668 2791 4736 πλὴν
2818 4668 2915 4720 τοῦ
2959 4670 3239 4739 προδότου,
3270 4673 3477 4735 πάντες
3506 4668 3648 4743 ἦσαν
3694 4674 3844 4727 σῶοι.
3873 4675 4012 4738 Πῶς

746 4753 919 4820 quod,
962 4762 1327 4821 praeterquam
1389 4755 1661 4823 proditor,
1706 4772 1901 4813 omnes
1948 4772 2107 4815 erant
2157 4764 2320 4817 salvi.

748 4842 852 4908 Qui
903 4856 1033 4909 ergo
1066 4843 1227 4907 dixit,
1258 4844 1376 4899 Una
1419 4861 1543 4899 cum
1573 4847 1742 4903 Matre
1763 4847 1945 4903 Jesu?
1995 4857 2145 4922 atqui
2192 4856 2329 4909 dixit

748 4934 992 4990 Joannes
1022 4934 1125 4989 :Et
1150 4951 1211 4990 ex
1245 4937 1338 4991 illo
1364 4948 1606 5009 tempore
1633 4943 1839 5011 recepit
1867 4958 1987 4997 eam
2022 4945 2324 5015 discipulus

749 5024 803 5077 in
866 5026 1087 5079 domum
1150 5028 1357 5081 suam?
1410 5026 1764 5099 Nequaquam
1826 5037 2160 5089 contrarium
2217 5047 2324 5091 est.

748 5111 879 5166 Nam
915 5116 960 5167 si
994 5116 1108 5184 ipse
1132 5132 1351 5187 quoque
1376 5119 1684 5187 discipulus
1710 5139 1817 5176 una
1842 5133 1986 5187 erat,
2009 5128 2145 5180 nibil
2199 5139 2319 5182 erat

754 5208 875 5275 quid
909 5217 1114 5262 vetaret
1131 5210 1291 5261 etiam
1320 5210 1465 5263 illam
1494 5228 1599 5264 una
1630 5214 1845 5270 adesse.
1878 5219 1980 5282 Qui
2007 5233 2139 5286 ergo
2163 5219 2321 5274 Jnse-

748 5300 840 5369 plii
876 5300 1202 5355 mentionem
1241 5300 1329 5356 hic
1376 5318 1483 5356 non
1535 5303 1709 5359 facit?
1732 5306 1869 5372 Quia
1897 5319 2147 5366 mortuus
2178 5326 2315 5367 erat.

746 5388 882 5444 Nam
911 5392 955 5445 si
988 5390 1187 5445 fratres
1235 5393 1610 5460 crediderant,
1643 5407 1699 5450 et
1731 5399 1990 5467 aderant,
2040 5404 2133 5471 qui
2193 5414 2320 5458 ante

745 5492 1124 5548 mpenumcro
1156 5496 1265 5535 non
1317 5484 1687 5553 crediderant,
1751 5491 1929 5545 multo
1979 5493 2154 5562 magis
2207 5494 2317 5555 ille,

2422 4759 2515 4811 οὖν
2545 4759 2715 4827 λέγει,
2766 4762 2874 4813 Σὺν
2905 4763 2970 4830 τῇ
2999 4763 3184 4832 Μητρὶ
3234 4763 3330 4814 τοῦ
3369 4764 3543 4832 Ἰησοῦ
3569 4782 3584 4830 ;
3622 4767 3798 4818 καίτοι
3832 4761 3957 4818 εἷπε
3988 4784 4007 4798 ο

2425 4853 2523 4904 καὶ
2560 4853 2669 4904 ἀπὸ
2711 4853 2832 4904 τότε
2882 4853 3073 4905 ἐλαϐεν
3100 4853 3269 4923 αὐτὴν
3303 4856 3331 4906 6
3364 4855 3611 4924 μαθητὴς
3640 4858 3721 4920 εἰς
3750 4860 3818 4910 τὰ
3848 4858 3955 4910 ἴδια
3985 4876 4004 4923 ;

2425 4944 2674 5011 οὐδαμῶς
2698 4944 2844 4995 ἐστιν
2874 4944 3116 4995 ἐναντίον
3141 4960 3153 4972 ’
3174 4948 3220 4996 ei
3247 4944 3357 5013 γὰρ
3392 4946 3488 4997 καὶ
3509 4947 3671 5007 αὐτὸς
3694 4950 3721 4999 6
3751 4948 4006 5019 μαθητὴς

2428 5036 2614 5104 συνῆν,
2648 5036 2801 5087 οὐδὲν
2834 5031 2903 5105 ἦν
2941 5035 3001 5087 τὸ
3030 5035 3238 5088 κωλύον
3300 5037 3393 5088 καὶ
3415 5037 3584 5107 αὐτὴν
3609 5042 4004 5108 συμπαρεῖναι.

2430 5127 2553 5190 Πῶς
2588 5127 2682 5179 οὖν
2736 5127 2830 5179 τοῦ
2872 5127 3067 5195 Ἰωσὴφ
3100 5128 3336 5181 ἐνταῦθα
3364 5130 3426 5181 οὐ
3471 5130 3837 5198 μνημονεύει;
3874 5131 4008 5184 Ὅτι

2428 5219 2829 5286 τετελευτηκὼς
2854 5214 2943 5289 ἦν.
2982 5220 3043 5271 El
3087 5221 3196 5287 γὰρ
3218 5222 3266 5273 οἱ
3295 5221 3515 5287 ἀδελφοὶ
3544 5222 3867 5274 ἐπίστευσαν
3907 5226 4008 5276 καὶ

2428 5312 2718 5381 παρῆσαν,
2784 5313 2834 5363 οἱ
2886 5311 3143 5374 πολλάκις
3202 5312 3655 5383 διαπιστήσαντες
3709 5316 4002 5388 πρότερον,

2433 5402 2612 5473 πολλῷ
2643 5403 2845 5472 μᾶλλον
2873 5404 3102 5467 ἐκεῖνος,
3134 5405 3183 5456 εἰ
3218 5404 3298 5456 ἔτι
3323 5401 3391 5476 ἦν
3423 5408 3481 5458 ὲν
3513 5406 3635 5475 βίῳ,
3680 5406 3774 5459 καὶ
3806 5409 4007 5461 ὲπεπι-

2432 5494 2691 5559 στεύκει,
2768 5496 2863 5547 καὶ
2925 5498 3039 5558 τοῖς
3100 5495 3354 5567 τοιαύτης
3409 5496 3509 5550 οὐκ
3584 5498 4005 5568 ἀπελιμπάνιτο

1942 5610 2146 5671 Variae
2178 5610 2491 5673 lectiones
2526 5620 2587 5673 et
2626 5619 2817 5675 notae.

888 5696 1193 5784 δοθήσεται,
1223 5706 1367 5782 (ει-ηιξ
1432 5700 1477 5729 ⁷⁸
1499 5700 1978 5768 ἠληλυθέναι.ει·αι.
2037 5714 2079 5745 ’⁷⁸
2122 5714 2318 5769 Videtur

2423 5716 2659 5770 αἰτιατοτί
2684 5715 2868 5779 dictio,
2896 5714 3008 5770 οὖν.
3081 5718 3125 5752 ⁷³
3148 5714 3212 5770 In
3234 5715 3463 5787 Vulgatit
3490 5724 3563 5770 es
3613 5717 3641 5772 ὅ
3684 5734 3742 5771 τε
3771 5718 4002 5789 Πέτρος.

742 5766 789 5796 ⁷³
830 5766 888 5813 ἔνι
924 5766 1144 5835 ruigatis
1173 5778 1269 5827 est,
1308 5768 1372 5834 τῇ
1401 5766 1702 5843 προσευχῇ.

814 5883 827 5894 ⁶
863 5876 1031 5929 Locus
1065 5883 1240 5943 procul
1274 5882 1428 5932 dubio
1460 5897 1750 5954 corruptus.
