4156 6440
172 439 267 500 525

925 431 1328 495 EXPOSITIO
1359 430 1440 490 IN
1477 430 1660 491 ACTA
1701 428 2278 492 APOSTOLORUM.
2316 457 2384 468 -
2414 433 2570 496 CAP.
2604 437 2654 496 Ῑ.

3311 437 3414 500 526

175 554 331 607 παντὶ
382 553 602 624 χρόνῳ·
652 551 810 605 τοῦτο
855 553 964 620 γὰρ
1020 549 1336 615 ἀναγκαίως
1383 549 1476 600 καὶ
1509 545 1737 616 ὤφειλεν

1847 548 1940 616 qui
2004 548 2288 603 nobiscum
2339 549 2392 603 in
2437 549 2868 619 omnitempore
2919 553 3226 606 conversati
3263 560 3416 605 sunt.

174 640 327 696 εἶναι.
371 643 480 696 Kal
515 644 616 695 οὐκ
672 638 848 705 εἶπεν,
901 643 964 694 ἐκ
1033 639 1142 692 τῶν
1191 636 1451 690 ἐπιεικῶν
1503 637 1610 687 τῶν
1645 635 1740 687 σὺν

175 737 298 803 ἡμῖν
326 752 339 765 ·
377 737 504 796 τοὺς
552 733 747 796 ἄλλους
785 735 894 802 γὰρ
924 733 990 785 ἂν
1024 731 1194 794 οὕτως
1239 730 1410 783 ἐδόκει
1453 727 1697 796 ὑϐρίζειν
1723 743 1736 756 ο

170 827 258 878 νῦν
288 827 345 878 δὲ
374 824 454 894 τῷ
483 827 658 896 χρόνῳ
679 825 728 856 ⁸⁸
776 825 837 876 τὸ
880 827 1111 894 πρᾶγμα
1147 821 1436 891 ἐπέτρεψε.
1471 820 1742 886 Μάρτυρα

170 919 260 986 τῆς
305 918 656 978 ἀναστάσεως
703 915 867 969 αὑτοῦ
900 915 1157 982 γενέσθαι
1192 914 1290 966 σὺν
1331 913 1461 980 ἡμῖν
1486 929 1497 941 ·
1535 911 1620 962 ἵνα
1666 908 1740 978 μὴ

167 1009 667 1080 ἀκροτηριασμένος
773 1008 801 1058 6
829 1007 938 1060 τῶν
974 1005 1234 1078 μαθητῶν
1259 1005 1440 1074 χορός.
1479 1003 1589 1071 Τῆς
1614 1003 1743 1055 ἀνα-

171 1101 408 1164 στάσεως
465 1118 601 1172 φησι
642 1100 920 1168 γενέσθαι,
956 1100 1017 1152 οὐ
1051 1098 1160 1152 τῶν
1225 1097 1403 1151 ἀλὶων
1459 1096 1735 1165 μάρτυρα.

173 1193 270 1244 Καὶ
300 1192 411 1261 γὰρ
441 1193 471 1244 6
504 1191 675 1245 ταῦτα
713 1192 1027 1258 ἀξιόπιστος
1083 1190 1270 1258 φανεὶς
1298 1189 1618 1257 μαρτυρεῖν,
1653 1187 1735 1239 ὃτι

170 1285 389 1345 ἐκεῖνος.
419 1285 448 1336 6
479 1282 672 1352 φαγὼν
695 1283 790 1335 καὶ
819 1281 961 1334 πιὼν
996 1280 1113 1351 μεθ’
1138 1278 1316 1348 ἡμῶν,
1354 1278 1449 1330 καὶ
1490 1293 1734 1346 σταυρω-

171 1373 293 1436 θεὶς,
323 1374 490 1436 αὐτὸς
543 1375 766 1444 ἀνέστη,
820 1371 1230 1442 εὑπαράδεκτος
1254 1368 1321 1422 ἂν
1341 1367 1450 1438 εἴη,
1481 1367 1526 1396 ⁸⁶
1552 1367 1732 1437 πο).λῷ

169 1467 250 1518 καὶ
282 1467 413 1537 περὶ
441 1467 550 1518 τῶν
588 1465 765 1520 ἄλλων
796 1466 1117 1534 μαρτυρεῖν.
1145 1461 1218 1514 Τὸ
1238 1463 1347 1532 γὰρ
1376 1459 1730 1530 ζητούμενον,

172 1555 529 1620 ἡάνάστασις
564 1550 671 1624 ἦν·
723 1553 896 1626 λάθρα
949 1555 1057 1621 γὰρ
1113 1551 1254 1618 αῦτη
1309 1551 1532 1618 γέγονε·
1583 1550 1651 1601 τὰ
1685 1548 1730 1600 δ’

169 1645 291 1698 ἄλλα
322 1647 462 1714 δῆλα
492 1642 581 1716 ἦν.

1839 639 1970 690 Nam
2027 640 2130 693 hoc
2182 640 2298 694 ﬁeri
2330 643 2494 696 etiam
2547 643 2855 696 necessario
2889 643 3140 698 debebat.
3187 645 3263 697 Ac
3307 660 3416 697 non

1841 730 1979 784 dixit
2011 747 2024 783 :
2067 730 2142 786 Ex
2171 735 2306 788 viris
2329 735 2486 788 bonis
2521 750 2584 789 ac
2610 734 2820 804 probis,
2867 737 2958 804 qui
2988 753 3094 789 una
3124 734 3415 790 nobiscum

1839 833 1988 878 sunt.
2021 822 2152 879 Nam
2183 827 2255 879 ita
2280 827 2428 880 visus
2455 837 2598 882 esset
2627 827 2763 881 alios
2794 826 3007 880 allicere
3039 827 3369 881 contumelia
3395 842 3410 877 :

1841 929 1988 968 nunc
2046 931 2176 970 vero
2228 917 2456 986 tempori
2510 933 2622 971 rem
2666 918 2939 988 permisit.
2977 915 3090 971 Una
3129 918 3412 974 nobiscum

1841 1015 2039 1060 testem
2074 1007 2189 1062 fieri
2222 1009 2646 1062 resurrectionis
2692 1010 2860 1064 illius.
2893 1007 2972 1063 Ne
2997 1023 3104 1078 qua
3135 1019 3288 1078 parte
3320 1023 3416 1063 ca-

1847 1104 2012 1161 reret,
2065 1109 2118 1152 et
2149 1101 2306 1167 quasi
2336 1100 2614 1155 mutilatus
2658 1108 2804 1155 esset
2845 1099 3241 1171 discipulorum
3285 1101 3422 1153 clio-

1846 1204 1961 1242 rus.
2000 1188 2464 1253 Resurrectionis,
2502 1207 2609 1245 non
2649 1191 2878 1244 aliarum
2908 1207 3092 1246 rermn
3136 1200 3418 1262 gestarum

1845 1276 1958 1331 lieri
2002 1288 2196 1334 testem
2247 1280 2378 1334 dicit
2401 1292 2670 1348 Oportere.
2698 1281 2911 1336 Etenim
2947 1286 2992 1336 si
3019 1283 3154 1337 ﬁdes
3185 1283 3334 1336 illius
3360 1283 3417 1336 in

1785 1438 1793 1445 _
1841 1369 2064 1425 dubium
2099 1387 2206 1426 non
2239 1375 2468 1440 venerit,
2509 1377 2598 1443 qui
2629 1375 2741 1429 haec
2769 1389 2868 1444 pro
2901 1375 3215 1430 testimonio
3247 1375 3415 1438 dicat,

1838 1462 1933 1518 llle
1959 1463 2076 1532 ipse
2109 1463 2199 1532 qui
2236 1465 2522 1518 nobiscum
2555 1465 2690 1519 bibit
2723 1473 2777 1520 et
2802 1466 3060 1529 comedit,
3096 1473 3259 1534 atque
3282 1465 3418 1519 adeo

1839 1555 2138 1611 cruciﬁxus
2189 1566 2294 1622 est,
2347 1557 2632 1615 surrexit:
2682 1559 2851 1613 multo
2912 1559 3086 1628 magis
3141 1556 3306 1612 etiam
3349 1554 3417 1608 de

1841 1646 1966 1700 aliis
2008 1648 2382 1702 testimonium
2421 1649 2614 1703 dicens
2645 1649 2856 1703 admitti
2888 1658 3052 1718 atque
3074 1647 3296 1719 probari
3317 1647 3419 1699 de-

172 1739 265 1792 lu'i.
299 1739 437 1792 Nam
479 1741 530 1794 id
595 1738 738 1808 quod
803 1737 1238 1808 qurerebatur'et
1280 1737 1332 1788 in
1380 1733 1606 1788 dubium
1645 1735 1916 1806 veniebat,
1952 1743 2282 1796 resurrectio
2337 1749 2474 1796 erat.
2543 1742 2694 1795 Clam
2737 1742 2880 1796 enim
2951 1742 3263 1796 acciderat:
3327 1754 3416 1796 re-

170 1835 301 1902 liqua
336 1848 469 1888 vero
498 1841 686 1902 aperta
721 1840 774 1888 et
796 1833 944 1886 clara
981 1841 1160 1885 erant.

230 1927 330 1981 Kal
385 1928 659 1993 ἔστησαν
710 1926 841 1988 δύο.
905 1926 1140 1994 Ἰωσὴφ,
1198 1925 1304 1979 τὸν
1357 1929 1734 1993 καλούμενον

1913 1929 2058 1984 VBRS
2108 1929 2198 1983 23.
2242 1927 2310 1982 Et
2345 1937 2645 1983 statuerunt
2681 1930 2837 1991 duos,
2871 1925 3180 1996 Josephstm,
3204 1926 3294 1996 qui
3323 1942 3410 1980 eo-

172 2016 502 2086 Βαρσαεᾶν,
531 2017 599 2082 ὃς
624 2015 930 2084 ἐπεκλήθη
951 2013 1232 2080 Ἰοῦστος,
1257 2015 1356 2068 καὶ
1377 2013 1645 2068 Ματθίαν
1668 2013 1734 2065 ⁸⁷.

236 2197 334 2251 Kal
374 2197 882 2266 προσευξάμενοι,
934 2193 1148 2249 εἷπον·
1193 2195 1296 2261 Σὺ,
1348 2197 1548 2263 Κύριε,
1600 2211 1739 2264 καρ-

171 2285 494 2355 διογνῶστα
553 2286 815 2351 πάντων,
869 2286 1193 2350 ἀνάδειξον
1243 2287 1317 2338 ὃν
1363 2287 1624 2350 ἐξελέξω
1671 2288 1738 2340 ἐκ

172 2378 379 2429 τούτων
418 2375 542 2428 τῶν
561 2375 694 2431 δύο.

233 2467 380 2520 Ἐνα
419 2465 630 2520 λαϐεῖν
683 2467 792 2518 τὸν
843 2465 1075 2533 κλῆρον
1107 2466 1216 2534 τῆς
1254 2466 1563 2531 διακονίας
1599 2467 1739 2518 ταί-

173 2568 266 2616 της
293 2553 390 2604 καὶ
422 2552 800 2619 ἀποστολῆς,
847 2552 914 2616 ἐξ
955 2549 1030 2622 ἧς
1061 2554 1290 2622 παρέϐη
1351 2554 1592 2620 Ἰούδας,
1631 2571 1736 2605 πο-

175 2642 438 2709 ρευθῆναι
455 2647 538 2708 εἰς
566 2643 674 2696 τὸν
691 2645 878 2696 τόπον
894 2644 998 2697 τὸν
1025 2644 1202 2700 lator.

237 2735 339 2786 Καὶ
391 2733 628 2786 ἔδωκαν
687 2733 953 2800 κλήρους
994 2735 1230 2789 αὐτῶν·
1280 2737 1380 2790 καὶ
1436 2737 1666 2789 ἔπεσεν.
1705 2739 1738 2789 d

179 2823 386 2891 κλῆρος
413 2824 511 2878 ἐπί
551 2825 825 2878 Ματθίαν
855 2841 868 2854 ·
901 2825 1000 2879 καὶ
1025 2828 1572 2896 συγκατεψηφίσθη
1591 2828 1740 2896 μετὰ

179 2915 280 2967 τῶν
307 2916 523 2971 ἕνδεκα
555 2919 931 2972 ἀποστόλων.

1843 2018 2066 2069 cabatur
2100 2015 2391 2077 Barsabas.
2431 2019 2519 2085 qui
2565 2017 2970 2086 cognominatus
3013 2023 3091 2069 est
3123 2014 3335 2080 Justus,
3363 2023 3415 2068 et

1842 2108 2148 2161 Malthiam.

1914 2196 2082 2252 \‘sns.
2119 2198 2213 2250 '26.
2257 2197 2321 2250 Et
2351 2199 2404 2250 in
2445 2199 2581 2251 {tunc
2621 2197 2832 2250 modum
2875 2197 3076 2264 precati
3113 2205 3276 2249 sunt:
3311 2195 3412 2258 Tu,

1846 2284 2093 2346 Domine,
2122 2287 2210 2356 qui
2244 2285 2406 2339 corda
2446 2289 2681 2340 omnium
2722 2288 2929 2356 cognita
2960 2287 3141 2351 habes,
3173 2285 3414 2355 desigua,

1842 2388 2018 2431 utram
2043 2381 2260 2449 elegeris
2295 2395 2358 2431 ea:
2384 2380 2465 2432 Itis
2492 2381 2718 2433 duobus.

1915 2471 2078 2526 Vitis.
2112 2472 2200 2525 25.
2257 2471 2322 2524 Ut
2363 2473 2621 2524 alteruter
2659 2471 2886 2539 accipiat
2924 2479 3117 2524 sortem
3141 2479 3192 2524 et
3226 2469 3416 2523 condi-

1843 2568 2036 2618 tionem
2068 2565 2350 2618 ministerii
2385 2565 2539 2631 hujus
2563 2573 2610 2617 et
2641 2563 2974 2632 apostolatus
3001 2577 3017 2614 :
3045 2576 3110 2615 ea:
3131 2578 3232 2630 quo
3272 2577 3414 2630 prte-

1844 2669 2132 2726 tergressus
2165 2657 2361 2711 excidit
2384 2655 2418 2709 .l
2426 2658 2581 2720 udas,
2612 2665 2667 2708 ut
2692 2656 2857 2708 abiret
2887 2655 2943 2706 in
2970 2655 3140 2707 locum
3168 2669 3344 2708 suum.

1918 2748 2082 2803 Vsus.
2123 2737 2212 2801 96.
2255 2750 2324 2801 Et
2373 2746 2627 2801 dederunt
2670 2756 2839 2799 sortes
2882 2761 3063 2800 eorum
3096 2761 3114 2802 :
3150 2754 3200 2796 et
3228 2743 3419 2797 recidit

1840 2858 1954 2895 sors
1982 2856 2135 2908 super
2162 2838 2468 2905 Matthiam,
2506 2845 2554 2892 et
2582 2839 2796 2892 additus
2825 2847 2900 2892 est
2925 2841 2994 2890 ad
3026 2851 3300 2890 numerum
3322 2851 3419 2888 un-

1839 2933 2004 2987 decim
2029 2933 2406 3001 apostolorum.

238 3023 340 3075 Ka‘t
381 3023 623 3094 ἔστησαν
677 3024 792 3078 δύο.
842 3025 942 3078 Διὰ
982 3026 1034 3078 τί
1075 3025 1151 3097 μὴ
1190 3027 1460 3092 πολ>.ο;5ς;
1496 3027 1608 3078 Ἵνα
1661 3025 1734 3094 μὴ

1911 3036 1976 3089 Et
2010 3043 2321 3089 statuerunt
2361 3035 2519 3088 deos.
2550 3033 2664 3088 Cur
2708 3049 2816 3087 non
2849 3032 3093 3089 multos?
3119 3030 3196 3087 Ne
3240 3032 3418 3101 major

182 3113 362 3181 μείζων
398 3116 446 3147 ⁸⁸
497 3117 530 3184 ὴ
577 3116 788 3186 ἀθυμία
858 3116 1130 3186 γένηται,
1191 3117 1326 3186 μηδὲ
1378 3119 1458 3179 εἰς
1505 3115 1736 3178 πολλοὺς

181 3209 411 3277 περιστῇ.
447 3207 735 3276 Εὐκαίρως
763 3206 821 3259 δὲ
845 3206 940 3260 νῦν
967 3207 1250 3276 εὐχόμενοι
1284 3206 1737 3277 Καρδιογνώστην

1840 3124 2149 3177 animorum
2182 3124 2561 3177 consternatio
2585 3123 2896 3186 exsisteret,
2953 3136 3059 3177 neu
3109 3122 3176 3176 ad
3213 3125 3419 3176 multos

1841 3229 1932 3268 res
1976 3215 2337 3281 redigeretur.
2364 3213 2684 3283 Opportune
2717 3222 2896 3266 autem
2945 3227 3092 3268 nunc
3132 3221 3419 3283 precantes

181 3297 433 3350 καλοῦσιν.
461 3293 597 3350 Εἶτα
625 3298 686 3348 οὐ
729 3295 1000 3364 λέγουσιν,
1029 3296 1306 3361 Ἔκλεξαι·
1331 3298 1469 3362 ἀλλ’,
1510 3296 1737 3369 meae:-

1851 3303 2302 3373 Cardiognosten,
2333 3303 2384 3358 id
2410 3313 2494 3359 est
2528 3304 2864 3374 cognitorem
2899 3313 2954 3357 et
2983 3319 3264 3360 censorem
3291 3318 3422 3358 cor-

182 3386 254 3448 Ew
279 3389 365 3439 τὸν
397 3387 716 3454 ἐκλεγέντα,
761 3387 962 3450 εἰδότες
1003 3387 1084 3440 ὃτι
1118 3388 1295 3441 πάντα
1337 3391 1490 3460 παρὰ
1519 3389 1595 3460 τῷ
1625 3390 1744 3460 Θεῷ

181 3481 259 3529 καὶ
297 3479 401 3548 πρὸ
438 3478 544 3547 τῆς
576 3478 686 3529 τῶν
719 3475 1024 3546 ἀνθρώπων
1074 3458 1430 3547 ἐνθυμήσεως
1489 3458 1738 3550 ὥρισται.

182 3569 375 3639 κλῆρον
405 3567 461 3620 δὲ
498 3567 664 3620 αὐτὸν
705 3565 982 3635 πανταχοῦ
1013 3565 1171 3618 καλεί
1201 3582 1212 3593 ·
1245 3566 1462 3631 δεικνὺς
1507 3571 1606 3640 τῆς
1645 3569 1741 3622 τοῦ

184 3660 301 3714 Θεοῦ
325 3662 518 3729 φιλανθ
529 3660 744 3731 ρωπίας
789 3660 851 3712 τὸ
880 3660 990 3712 πᾶν
1017 3658 1078 3712 ὃν
1110 3659 1157 3691 ⁸⁸
1183 3661 1279 3712 καὶ
1301 3661 1399 3728 τῆς
1421 3661 1649 3732 ἐκλογῆς
1671 3665 1737 3696 ⁸⁸·

184 3755 264 3804 καὶ
308 3753 743 3822 ἀναμιμνήσκων
783 3750 981 3814 αὐτοὺς
1026 3751 1136 3804 τῶν
1183 3752 1477 3818 παλαιῶνλ
1517 3755 1599 3806 ὅτι
1645 3772 1742 3806 κα-

186 3846 338 3914 θάπερ
375 3845 506 3906 τοὺς
540 3843 801 3907 Λευῖτας,
834 3841 980 3896 οὕτω
1007 3844 1105 3896 καὶ
1133 3843 1333 3907 αὐτοὺς
1363 3845 1542 3914 ἑαυτῷ
1583 3847 1743 3916 ἐκλη-

188 3937 458 4004 ρώσατο⁹¹.
492 3934 653 3997 Τίνες
683 3933 738 3986 δὲ
764 3929 907 4004 ἦσαν
929 3933 980 3987 οἱ
1007 3934 1198 4005 ἄνδρες
1222 3952 1238 4002 ;
1267 3935 1425 3997 Ἴσως
1456 3936 1562 3988 τῶν
1602 3939 1742 4006 μετὰ

184 4031 274 4082 τῶν
303 4029 510 4084 δώδεκα
560 4029 612 4080 οι
650 4027 1047 4096 ἐϐδομήκοντα,
1095 4028 1192 4080 καὶ
1240 4027 1348 4080 τῶν
1405 4027 1580 4081 ἄλλων
1633 4028 1740 4080 τῶν

188 4122 576 4174 πιστευσάντων
639 4118 689 4171 οι
748 4117 1074 4186 θερμότεροι
1135 4120 1229 4171 καὶ
1293 4119 1690 4188 ἐπιεικέστεροι
1723 4135 1738 4150 ο

186 4207 278 4276 οἷος
305 4208 369 4284 ἦν
400 4212 460 4279 ἐξ
487 4210 669 4265 αὐτῶν
695 4210 786 4262 καὶ
809 4210 839 4261 6
877 4208 1071 4280 Ἰωσὴφ
1094 4211 1188 4262 καὶ
1213 4211 1242 4263 6
1268 4211 1536 4272 Ματθίας.
1572 4212 1743 4264 Καλεῖ

186 4305 232 4354 δὲ
251 4305 333 4356 τὸν
375 4302 577 4373 Ἰωσὴφ
602 4302 696 4354 καὶ
729 4300 1019 4371 Μρσαὸᾰν
1057 4300 1152 4352 καὶ
1197 4299 1447 4364 Ἰοῦστον,
1482 4301 1610 4363 ἴσως
1643 4300 1742 4369 μὲν

192 4396 272 4446 καὶ
313 4396 398 4448 διὰ
448 4395 553 4454 τὰς
601 4395 660 4446 ὲν
708 4393 890 4454 αὐτοῖς
929 4391 1285 4460 ὁμωνυμίαςο
1338 4392 1512 4453 ἄλλως
1541 4393 1598 4445 δὲ
1648 4394 1742 4446 καὶ

191 4487 469 4558 μεταϐολῆς
519 4486 640 4555 βίου
667 4500 683 4517 ο
721 4485 846 4547 ἴσως
889 4484 948 4537 δὲ
993 4484 1089 4536 καὶ
1137 4485 1510 4554 προαιρέσεως
1551 4487 1586 4555 ἡ
1627 4486 1741 4538 ὀνο-

192 4580 342 4644 μασία
368 4576 456 4649 ἦν.
491 4577 652 4638 Τίνος
682 4575 739 4628 δὲ
767 4577 952 4628 ἕνεκεν
990 4575 1248 4636 Ἰάκωϐος
1287 4579 1383 4644 τὴν
1414 4577 1472 4628 ἐν
1512 4577 1739 4645 Ἱεροσο-

192 4671 354 4738 λύμοις
383 4670 694 4738 ἐπισκοπὴν
727 4667 926 4731 λαὸὼν,
950 4667 1048 4719 οὐκ
1099 4668 1405 4738 ἀπάρχεται
1436 4668 1530 4720 τοῦ
1555 4669 1736 4736 λόγου,

187 4761 302 4812 ἀλλὰ
333 4762 522 4830 Πέτρῳ
554 4760 877 4829 παραχωρεί
914 4758 1014 4826 τὴν
1039 4757 1418 4828 δημηγορίανς
1460 4760 1581 4812 Ὅτι
1613 4764 1738 4814 ὲπιο

191 4854 321 4922 εικὴς
362 4849 448 4924 ἦν·
486 4854 571 4905 ὅτι
613 4851 762 4904 οὐδὲν
783 4849 1122 4920 ἀνθρώπινον
1165 4851 1446 4920 ἐφρόνουν,
1511 4852 1647 4904 ἀλλὰ
1679 4852 1738 4905 τὸ

191 4948 320 5013 κοινῇ
353 4941 672 4996 λυσιτελοῦν
719 4941 985 4995 ἐσκόπουν
1015 4959 1030 4974 ·
1064 4941 1159 4994 καὶ
1208 4942 1316 5009 γὰρ
1359 4943 1602 4996 κάκεῖνοι
1647 4943 1738 4997 διὰ

189 5036 271 5104 τὴν
295 5036 455 5105 αὐτὴν
489 5033 674 5090 αἰτίαν
716 5029 1136 5100 παραχωροῦσιν
1181 5029 1330 5100 αὑτῷ
1357 5032 1450 5084 τοῦ
1495 5032 1684 5100 θρόνου
1719 5047 1732 5062 ·

193 5128 272 5178 καὶ
330 5129 388 5180 οὐ
433 5124 834 5196 φιλονεικοῦσιν
882 5124 1005 5176 οὐδὲ
1050 5123 1290 5192 ἐρίζουσι
1353 5124 1490 5191 πρὸς
1550 5125 1734 5180 αὐτόν.

193 5218 496 5290 negauerunt
547 5219 630 5279 εἰς
681 5217 773 5270 τὸν
815 5217 980 5269 τόπον
1025 5218 1116 5268 τὸν
1169 5215 1318 5269 ἴδιον.
1373 5217 1532 5269 Ἰδιον
1572 5218 1736 5270 τόπον

192 5310 339 5374 καλεῖ,
364 5312 421 5363 ὃν
452 5309 683 5378 ἔμελλεν
711 5307 875 5374 ἀξίως
897 5309 924 5360 6
954 5307 1202 5370 Ματθίας
1223 5309 1492 5376 κατέχειν.
1523 5309 1732 5376 ’Ὠσπερ

193 5401 280 5466 γὰρ
306 5402 392 5454 τοῦ
432 5401 608 5454 Ἰούδα.
636 5398 914 5468 ἀλλότριος
947 5399 1132 5465 γέγονε
1168 5398 1262 5449 καὶ
1301 5399 1485 5466 πρὶνῆ
1523 5397 1733 5450 ἐκεῖθεν

195 5489 392 5563 ἒκπέσῃ,
424 5491 516 5560 ᾁφ’
545 5485 609 5543 οὗ
650 5489 718 5542 τὰ
755 5489 852 5557 τῆς
893 5487 1256 5557 φιλαργυρίας
1299 5488 1394 5539 καὶ
1443 5487 1730 5557 προδοσίας

1764 4635 1818 4695 D

1845 3396 1934 3450 dis
1965 3395 2182 3466 (Deum)
2214 3405 2428 3450 vocant.
2456 3394 2662 3449 Deinde
2687 3409 2799 3450 non
2831 3395 3044 3458 dicunt,
3065 3395 3214 3464 Elige
3247 3413 3261 3448 :
3299 3394 3416 3455 sed.

1845 3487 2078 3557 Designa
2110 3487 2364 3549 electum,
2397 3487 2526 3556 quia
2555 3495 2821 3540 noverant
2847 3487 3028 3541 omnia
3075 3483 3217 3556 apud
3248 3481 3420 3540 Deum

1843 3577 2009 3631 etiam
2045 3586 2170 3630 ante
2206 3577 2596 3644 cogitationem
2649 3577 2934 3631 hominum
2975 3576 3244 3631 destinata
3272 3591 3416 3632 esse.

1848 3667 2062 3722 Sortem
2087 3673 2267 3720 autem
2303 3681 2420 3720 eam
2453 3667 2656 3736 ubique
2682 3675 2864 3730 vocat,
2917 3667 3212 3720 ostendens
3243 3673 3417 3723 totum

1845 3757 2121 3826 negotium
2170 3757 2408 3826 pendere
2441 3756 2510 3809 ab
2544 3757 2886 3810 humanitate
2931 3754 3043 3817 Dei,
3082 3765 3138 3809 et
3165 3755 3416 3809 eumdem

1845 3856 2126 3900 auctorem
2170 3860 2294 3899 esse
2337 3846 2628 3900 electionis
2663 3861 2676 3898 :
2711 3846 2873 3901 simul
2916 3844 3418 3900 commonefaciens

1844 3951 1939 3992 eos
1978 3951 2160 3990 rerum
2199 3935 2576 4004 antitntarum,
2629 3935 2772 4004 quod
2819 3933 3276 4003 quemadmodum
3312 3934 3417 3989 Le-

1844 4027 2008 4089 vitas,
2039 4026 2110 4079 ita
2143 4027 2242 4080 hos
2264 4041 2479 4095 quoque
2507 4025 2609 4079 sibi
2644 4026 2878 4080 sortitus
2918 4028 3009 4078 sit.
3048 4024 3282 4089 Quinam
3320 4039 3418 4077 au-

1847 4131 1952 4173 tem
1984 4127 2142 4172 erant
2171 4120 2248 4171 illi
2282 4119 2416 4173 viri?
2445 4117 2703 4172 Fortasse
2727 4132 2796 4171 ex
2821 4118 2960 4180 illis,
2995 4117 3090 4186 qui
3129 4131 3255 4171 cum
3277 4117 3417 4169 duo-

1843 4210 2020 4266 decim
2067 4211 2289 4264 luerunt
2334 4212 2701 4280 septuaginta,
2753 4221 2808 4264 et
2846 4226 2912 4264 ex
2941 4211 3080 4272 aliis,
3112 4211 3206 4280 qui
3239 4208 3420 4264 credi-

1844 4305 2060 4370 derant,
2113 4304 2327 4358 creteris
2374 4303 2714 4357 ardentiores
2766 4317 2830 4355 ac
2887 4303 3192 4371 probiores,
3238 4304 3423 4372 qualis

1843 4407 1963 4453 erat
2003 4413 2068 4452 ex
2107 4398 2216 4450 illis
2240 4397 2404 4450 etiam
2443 4394 2643 4465 Joseph
2693 4403 2749 4450 ct
2793 4395 3066 4449 Matthias.
3107 4395 3216 4464 18
3247 4394 3419 4449 Vocat

1843 4497 2024 4544 autem
2045 4488 2342 4555 Josepbum
2367 4487 2531 4541 etiam
2560 4496 2616 4541 et
2633 4488 2909 4541 Barsaban
2937 4496 2991 4542 et
3020 4487 3256 4542 iustum.
3285 4487 3418 4542 For-

1845 4561 1991 4634 tasse
2039 4579 2258 4648 quidem
2304 4579 2472 4632 etiam
2522 4587 2743 4646 propter
2799 4593 2884 4640 ea,
2935 4592 3055 4645 qua:
3112 4577 3254 4632 inter
3294 4579 3418 4633 illos

1843 4677 2001 4726 erant
2034 4667 2345 4724 communia
2372 4669 2591 4720 nomina
2629 4683 2644 4719 :
2680 4675 2842 4735 atque
2866 4668 3024 4721 aliter
3054 4667 3216 4722 etiam
3249 4681 3417 4720 causa

1843 4761 1966 4814 vita:
1991 4758 2340 4812 mutationis:
2373 4757 2622 4811 lortassis
2644 4764 2824 4810 autem
2851 4758 3015 4809 etiam
3041 4756 3277 4810 instituti
3296 4767 3417 4810 erat

1844 4849 1932 4902 illa
1969 4848 2358 4902 nomenclatio.
2387 4846 2491 4899 Sed
2527 4860 2625 4899 cur
2656 4844 2916 4908 Jacobus,
2947 4847 3092 4914 quod
3125 4847 3414 4915 episc0pa-

1845 4946 1959 4992 tum
1995 4936 2550 5005 Hierosolymitanum
2602 4943 2908 5002 acceperat,
2942 4934 3248 4988 orationem
3306 4951 3414 4988 non

1841 5027 2150 5091 exorditur,
2206 5025 2303 5079 sed
2363 5024 2526 5078 Petro
2571 5027 2890 5079 concionem
2928 5025 3232 5094 permittit?
3275 5023 3414 5089 Quia

1843 5120 1926 5173 vir
1963 5119 2165 5186 probus
2191 5126 2245 5170 et
2281 5117 2560 5169 modestus
2594 5125 2735 5171 erat.
2763 5116 2901 5181 Quia
2937 5117 3070 5169 nibil
3113 5119 3412 5170 humanum

1845 5212 2161 5281 cogitabant
2192 5220 2248 5262 et
2275 5209 2567 5271 curabant,
2602 5207 2697 5260 scd
2733 5221 3077 5262 communem
3116 5205 3411 5259 utilitatem

1844 5303 2179 5373 propositam
2235 5300 2534 5354 habebant.
2591 5298 2800 5352 Etenim
2847 5300 3010 5352 etiam
3060 5298 3137 5350 illi
3191 5307 3415 5366 propter

1840 5395 2088 5448 eamdem
2139 5407 2358 5444 causam
2395 5392 2444 5445 ci
2503 5390 2720 5466 solium.
2751 5388 3146 5449 concedebant,
3195 5399 3248 5440 et
3303 5402 3408 5439 non

1842 5487 2264 5548 contendebant,
2316 5499 2491 5551 neque
2524 5481 2876 5536 decertabant
2919 5481 3186 5535 adversus
3234 5481 3408 5532 illum.

1326 5662 1525 5723 Variae
1558 5662 1868 5725 lectiones
1899 5673 1959 5724 et
1984 5671 2174 5724 notae.

252 5795 414 5858 "10.,
445 5797 522 5866 τῷ
556 5795 765 5864 κλήρῳ,
813 5793 964 5866 sorti.
1016 5792 1423 5866 rf‘_Desiderari
1455 5794 1660 5848 videtur
1710 5799 1737 5847 ά

1847 5813 1894 5855 0,
1953 5795 2169 5861 μᾶλλον,
2205 5801 2294 5845 aut
2327 5792 2632 5860 aliudquid.
2709 5789 2851 5866 "‘Il‘l
2885 5789 3132 5866 vulgatis,
3174 5787 3412 5839 Μαθίαν.

198 5860 234 5894 ⁸⁸
259 5869 445 5934 μεῖζον,
488 5860 626 5919 erat.

703 5859 748 5894 ε’
775 5865 857 5917 ia.
1010 5863 1053 5894 9°
1081 5863 1252 5918 Locus
1286 5867 1501 5920 mutilus
1530 5869 1732 5920 videtur

1845 5859 2276 5930 tt‘lll‘CUlljt‘CllU'tl
2309 5859 2503 5914 ductus
2529 5877 2688 5916 verto.

2767 5863 2806 5891 9‘
2841 5861 3056 5929 ἐκῗςηρώ
3069 5875 3241 5916 παντο,
3276 5866 3410 5907 erat.
