4156 6440
718 395 817 454 527

1665 392 1759 450 ΤΗ
1778 390 2232 449 ΕΟΡΗΥἰΑΕἨ
2285 387 2613 447 Βιέωλιιι
2724 388 3077 449 ΑΠΟΠΙΕΡ.

3858 393 3967 454 528

710 503 971 559 btabiret
1001 502 1051 555 in
1086 502 1260 556 locum
1296 517 1473 555 suum.
1519 502 1687 556 Suum
1727 518 1819 555 seu
1865 504 2142 570 proprium
2188 506 2261 551 to-

2374 498 2651 568 ἐνόσησεν,
2696 499 2867 563 οὖτως
2910 502 2956 531 θ’
3001 501 3132 562 ἴδιος
3174 498 3362 569 γέγονε
3400 504 3492 555 τοῦ
3550 504 3810 567 ΜατΟῖου,
3868 513 3967 561 καὶ

707 613 826 651 eum
860 605 1041 659 vocat,
1074 612 1229 664 quem
1252 594 1506 650 Mattliias
1532 598 1625 661 ita,
1653 604 1710 648 ut
1743 597 1962 662 dignum
1993 606 2041 649 ei
2064 610 2275 663 αιιμιιιιιι

705 694 844 751 erat,
870 686 1192 739 obtenhnus
1241 698 1377 739 erat.
1414 685 1881 750 Quemadmodum
1931 700 2074 737 enim
2110 684 2277 736 Jinlzis

707 775 920 829 alienus
953 775 1082 835 fuit.
1111 778 1271 830 etiam
1296 778 1467 845 prius,
1500 792 1659 846 quam
1693 777 1841 829 illinc
1866 776 2178 838 exeidissa,
2211 790 2275 827 ex

705 882 814 936 quo
865 869 1074 932 morbo,
1133 869 1410 934 nimirum,
1466 870 1705 922 avaritiae
1745 878 1905 937 atque
1955 868 2275 936 proditionis

706 956 957 1011 laborare
1003 958 1142 1025 cepit
1182 976 1195 1011 :
1254 959 1327 1011 ita
1373 959 1622 1026 proprius
1672 958 1770 1011 fuit
1820 957 2059 1011 Mattliia‘.
2110 957 2271 1010 etiam

702 1050 857 1115 prius
886 1039 1045 1116 quam
1097 1048 1247 1101 illum
1287 1048 1635 1113 obtinuisset,
1670 1064 1731 1102 ex
1770 1064 1878 1117 quo
1909 1050 2129 1117 dignum
2157 1063 2277 1103 sese

707 1140 960 1207 prmsﬁtit
1013 1150 1163 1193 tanto
1205 1155 1446 1193 munere.
1495 1141 1605 1193 Cur
1659 1142 1855 1193 sortito
1900 1141 2080 1210 potius
2128 1142 2275 1194 cele-

702 1232 859 1283 brant
899 1231 1263 1285 electionem?
1294 1231 1428 1296 Quia
1484 1232 1723 1285 nomlum
1762 1248 1881 1287 sese
1924 1232 2118 1300 dignos
2162 1232 2277 1284 exi-

704 1323 1023 1386 stimabant,
1079 1323 1165 1392 qui
1206 1340 1299 1391 per
1348 1323 1564 1392 aliquod
1614 1325 1833 1391 signum
1886 1324 2151 1376 certiores
2184 1324 2275 1376 lie-

704 1422 843 1464 renl.
878 1412 1019 1479 Quin
1050 1414 1212 1466 etiam
1260 1413 1495 1481 Spiritus
1521 1414 1759 1467 nondum
1801 1423 2186 1481 supervenerat
2220 1414 2271 1465 in

706 1506 851 1571 illos,
900 1522 1078 1575 neque
1136 1522 1273 1575 opus
1332 1514 1470 1570 erat,
1542 1507 1669 1575 quia
1722 1506 2059 1559 tantumdem
2108 1506 2276 1558 valuit

706 1614 849 1651 sors.
880 1596 1013 1651 Nam
1044 1598 1111 1662 si,
1151 1598 1237 1651 ubi
1262 1613 1436 1667 neque
1488 1598 1730 1667 precatio
1760 1605 2138 1667 prmcesserat,
2174 1612 2269 1651 ne-

705 1708 811 1760 que
861 1692 1092 1761 alicujus
1132 1691 1291 1760 pretii
1342 1691 1590 1743 homines
1636 1699 1813 1755 erant,
1866 1703 2072 1745 tantum
2108 1691 2274 1744 valuit

705 1799 847 1847 sors,
879 1794 1161 1853 propterea
1187 1780 1329 1851 quod
1362 1798 1425 1835 ex
1481 1793 1629 1836 recto
1677 1784 1861 1836 animo
1897 1784 2192 1837 accidisset
2218 1782 2268 1835 in

706 1878 841 1927 Jona
878 1894 890 1928 :
934 1875 1092 1943 longe
1124 1875 1305 1943 potius
1332 1875 1442 1928 hic.
1478 1876 1653 1943 Atque
1683 1875 1879 1927 aliter:
1918 1874 2119 1928 Locum
2148 1889 2273 1943 pro-

706 1967 903 2035 prium.
937 1965 1322 2034 Unusquisque
1348 1966 1504 2019 factis
1535 1967 1648 2019 suis
1675 1974 1769 2019 aut
1801 1966 1999 2018 bonum
2026 1966 2151 2029 sibi,
2181 1974 2274 2018 aut

708 2058 906 2110 malum
946 2057 1201 2110 conciliat
1245 2072 1308 2111 ac
1347 2066 1500 2126 parat
1525 2058 1724 2111 locum.
1772 2056 1886 2111 Hoc
1934 2059 2099 2126 igitur
2119 2058 2269 2120 dicit,

703 2152 847 2221 quod
878 2151 1043 2206 ,Ιιιςίειε
1078 2153 1272 2206 abierit
1322 2154 1374 2205 in
1430 2154 1582 2206 illum
1616 2155 1795 2206 locum
1848 2154 2072 2217 malum,
2109 2170 2268 2222 quem

704 2244 919 2311 prodito
963 2242 1088 2297 Jesu
1133 2244 1235 2298 sibi
1289 2245 1666 2297 mdilicavcrat.
1723 2244 1839 2297 Non
1874 2247 2017 2297 enim
2081 2258 2269 2297 natura

705 2335 861 2387 nobis
889 2334 988 2387 loci
1019 2343 1111 2386 aut
1144 2334 1263 2387 boui
1297 2343 1389 2387 aut
1415 2333 1537 2386 mali
1572 2342 1718 2396 sunt,
1746 2334 1837 2387 sed
1891 2334 2047 2388 factis
2069 2335 2272 2388 nostris

704 2424 881 2476 locum
928 2424 1085 2478 nobis
1129 2425 1487 2479 exstruinius.
1554 2424 1629 2477 Ita
1674 2428 1994 2479 obstetrices
2052 2441 2271 2495 quoque

705 2515 1053 2568 Heln-morum
1088 2514 1254 2569 Deum
1308 2516 1582 2580 timentes,
1618 2517 1719 2571 sibi
1770 2516 2048 2571 domicilia
2099 2522 2271 2573 :rdifi-

701 2617 981 2662 eaverunt.
1040 2608 1131 2661 Ita:
1161 2609 1322 2662 etiam
1367 2608 1513 2674 impii
1572 2609 1795 2662 audient
1827 2628 1838 2661 :
1873 2609 1949 2662 Ite
1984 2612 2037 2663 in
2091 2613 2269 2665 luim-n

703 2698 843 2763 ignis
878 2696 1086 2761 vestri,
1129 2704 1181 2750 et
1231 2695 1499 2749 flammam
1529 2714 1689 2766 quam
1738 2699 2037 2754 excitastis.
2088 2699 2260 2753 Vosa-

700 2788 884 2841 bulum
934 2789 1085 2842 locus
1134 2789 1302 2841 multa
1357 2788 1649 2857 significat,
1702 2800 1864 2858 atque
1900 2792 2041 2844 inter
2078 2805 2270 2847 czetera

697 2877 859 2929 etiam
896 2877 1141 2930 ordinem
1190 2878 1481 2946 quemdam
1528 2876 1824 2944 significat.
1862 2879 1935 2931 Ita
1964 2881 2105 2933 enim
2133 2883 2271 2934 ilici-

697 2985 818 3023 inus
852 2970 1030 3023 locum
1082 2970 1346 3040 episcopi,
1399 2977 1563 3039 atque
1607 2971 1770 3024 etiam
1826 2972 2136 3042 przesbyteri
2175 2989 2267 3027 seu

695 3062 947 3125 senioris,
982 3069 1148 3129 atque
1175 3062 1341 3115 etiam
1377 3062 1429 3114 in
1466 3062 1741 3115 contrario
1774 3063 1914 3115 idem
1948 3074 2124 3131 potest
2152 3082 2269 3133 spe-

2384 592 2511 660 πρὶν
2560 593 2593 663 ἢ
2646 593 2833 645 τοῦτον
2874 596 3189 663 κατασχεῖν,
3219 594 3314 661 ἀφ’
3343 590 3403 647 οῦ
3448 595 3596 660 ἄξιον
3648 600 3809 651 αὐτὸν
3862 602 3966 667 τῆς

2380 682 2712 754 τηλικαύτης
2743 684 2952 755 δωρεᾶς
2978 686 3384 756 παρεσκεύασε.
3417 687 3572 751 Τίνος
3606 690 3792 745 ἕνεκεν
3822 693 3963 761 κλή-

2381 794 2509 846 ρους
2546 778 2594 811 ”
2640 778 2841 845 μᾶλλον
2868 779 2966 849 τὴν
3010 782 3242 853 ἐκλογὴν
3279 783 3558 836 ποιοῦνται
3589 802 3603 849 ;
3649 786 3765 838 Ὂτι
3804 786 3966 839 οὔπω

2378 867 2561 931 ἀξίους
2592 869 2824 938 ἡγοῦντο
2866 872 3098 935 ἑαυτοὺς
3132 870 3268 925 εἶναι
3302 874 3395 926 τοῦ
3431 875 3519 928 διά
3540 893 3689 938 τινος
3732 880 3964 947 σημείου

2382 959 2572 1026 μαθεῖν
2596 974 2609 987 ’
2642 959 2702 1011 οὐ
2738 959 2845 1028 μὴν
2881 961 3001 1013 οὐδὲ
3034 962 3094 1013 τὸ
3132 962 3356 1032 Πνεῦμα
3387 959 3455 1033 ἦν
3494 964 3717 1016 ἐπελθὸν
3758 968 3957 1029 αὐτοῖς

2378 1049 2551 1102 οῦπω.
2595 1050 2671 1101 Οὐ
2711 1049 2791 1102 δεῖ
2825 1051 2873 1083 ³⁸
2908 1052 2988 1115 δὲ,
3023 1053 3104 1105 ὅτι
3133 1054 3386 1105 τοσοῦτον
3408 1054 3596 1123 ἴσχυσε
3627 1056 3845 1126 κλῆρος.
3892 1060 3958 1109 ΕΞ

2378 1144 2487 1212 γὰρ
2516 1142 2646 1195 ἔνθα
2672 1142 2800 1195 οὔτε
2832 1143 2987 1212 εὐχὴ,
3025 1143 3147 1196 οὔτε
3187 1146 3455 1214 ἀξιόλογοι
3487 1146 3699 1216 ἄνδρες,
3754 1149 3963 1217 κλῆρος

2377 1231 2630 1283 τοσοῦτον
2664 1231 2852 1299 ἴσχυσε
2900 1231 2989 1283 διὰ
3024 1232 3084 1283 τὸ
3135 1232 3193 1297 ἐξ
3231 1233 3395 1302 ὀρθῆς
3441 1232 3692 1299 γενέσθαι
3730 1232 3961 1301 γνώμης

2378 1322 2471 1373 ἐπὶ
2503 1320 2594 1373 τοῦ
2650 1322 2826 1385 Ἰωνᾶ,
2854 1322 3031 1392 πολλῷ
3074 1324 3277 1392 μᾶλλον
3308 1324 3563 1378 ἐνταῦθα.
3611 1326 3717 1378 Καὶ
3754 1325 3956 1388 ἄλλως.

2377 1415 2481 1466 Τὸν
2518 1414 2683 1466 τόπον
2733 1414 2824 1467 τὸν
2877 1415 3006 1467 ῖδιον
3035 1430 3048 1444 ·
3102 1416 3333 1478 ἕκαστος
3382 1417 3478 1484 ἀφ’
3531 1410 3605 1469 ὧν
3653 1418 3882 1485 πράττει
3922 1418 3955 1484 ἥ

2376 1506 2540 1559 καλὸν
2590 1506 2789 1577 ἐαυτῷ,
2826 1507 2860 1575 ἢ
2902 1508 3071 1560 κακὸν
3122 1507 3375 1577 προξενεί
3399 1508 3585 1562 τόπον.
3631 1508 3802 1560 Τοῦτο
3860 1504 3958 1559 οὖν

2377 1615 2545 1667 φησιν
2582 1599 2665 1650 ὅτι
2717 1598 2990 1667 ἐπορεύθη
3036 1600 3236 1661 Ἰούδας
3273 1602 3352 1660 εἰς
3398 1601 3605 1650 ἐκεῖνον
3640 1599 3730 1651 τὸν
3764 1599 3913 1651 τόπο-
3939 1638 3954 1659 ,

2373 1691 2465 1742 τὸν
2493 1691 2725 1760 πονηρόν
2756 1707 2768 1719 ·
2803 1692 2861 1743 ὃν
2885 1694 2949 1761 τῇ
2976 1692 3235 1761 προδοσίᾳ
3260 1691 3350 1744 τοῦ
3397 1690 3572 1759 Ἰησοῦ
3601 1692 3777 1760 ἑαυτῷ
3810 1692 3955 1760 ᾠκο-

2374 1780 2628 1850 δόμησεν.
2659 1782 2733 1833 Οὐ
2764 1783 2873 1853 γὰρ
2904 1786 3044 1834 κατά
3086 1782 3248 1850 φύσιν
3280 1784 3410 1851 ἡμῖν
3445 1782 3496 1833 οἱ
3535 1782 3685 1834 τόποι
3722 1784 3755 1852 ἢ
3798 1784 3955 1835 καλοὶ

2376 1872 2408 1939 ἦ
2438 1872 2597 1925 κακοί
2625 1888 2638 1902 ⁶
2678 1874 2794 1925 ἀλλ’
2837 1874 2929 1941 ἀφ⁸
2960 1869 3034 1926 ὧν
3065 1873 3343 1941 ποιοῦμεν,
3368 1873 3529 1924 τόπον
3570 1875 3778 1935 ἑαυτοῖς
3806 1876 3953 1935 ἐγεί-

2379 1982 2565 2033 ρομεν.
2594 1965 2751 2019 Οὕτω
2774 1968 2868 2018 καὶ
2897 1968 2953 2017 αἱ
2985 1968 3141 2035 μαῖαι
3166 1966 3275 2015 τῶν
3316 1964 3585 2035 Ἑϐραίων
3629 1966 3955 2033 φοὸηῢεῖσαι

2374 2058 2467 2107 τὸν
2507 2057 2663 2119 Θεὸν,
2700 2056 3059 2126 ᾠκοδόμησαν
3098 2058 3317 2116 ἑαυταῖς
3357 2056 3533 2118 οἰκίας
3561 2056 3605 2087 ⁸⁵
3635 2073 3647 2085 ·
3683 2057 3824 2108 οὕτω
3855 2060 3955 2109 καὶ

2375 2148 2425 2199 οἱ
2452 2147 2669 2210 ἀσεϐεῖς
2698 2147 2955 2201 ἀκούουσι
2992 2164 3007 2177 °
3057 2147 3361 2216 Πορεύεσθε
3389 2147 3464 2215 τῷ
3493 2149 3629 2215 φωτὶ
3660 2148 3755 2200 τοῦ
3780 2148 3955 2217 πυρὶς

2376 2239 2527 2306 ὑμῶν
2556 2275 2573 2300 ,
2626 2238 2719 2289 καὶ
2772 2241 2839 2307 τῇ
2901 2238 3059 2305 φλογὶ
3184 2238 3535 2301 ὲξεκαύσατε.
3578 2237 3954 2309 [ΔΙΔΥΜΟΙ“.]

2390 2329 2448 2380 Ἡ
2482 2330 2643 2391 τόπος
2681 2330 2831 2395 φωνὴ
2860 2329 3033 2381 πολλὰ
3070 2329 3344 2397 σημαίνει.
3383 2329 3544 2397 Δηλοῖ
3580 2329 3714 2398 πρὸς
3742 2330 3951 2398 ἑτέροις

2382 2422 2475 2473 καὶ
2497 2422 2650 2486 τάξιν
2668 2423 2788 2473 τινά
2820 2437 2832 2450 ·
2872 2420 3015 2472 οὕτω
3038 2420 3143 2490 γὰρ
3173 2420 3401 2487 λέγομεν
3436 2421 3596 2473 τόπον
3618 2420 3916 2472 ἐπισκόπου
3935 2460 3950 2479 .

2374 2514 2506 2565 ἀλλὰ
2532 2515 2628 2567 καὶ
2659 2513 3035 2581 πρεσϐυτέρου
3073 2529 3085 2541 ·
3122 2513 3213 2563 καὶ
3248 2512 3339 2564 ἐπὶ
3372 2512 3433 2563 τὸ
3464 2512 3701 2564 ἐναντίον
3733 2513 3790 2564 τὸ
3818 2514 3955 2564 αῦ.ὸ

2374 2607 2491 2657 ἔστι
2540 2605 2763 2657 σκοπεῖν
2793 2646 2810 2670 ,
2852 2606 3085 2656 ἑκάστου
3121 2604 3188 2657 δι’
3228 2604 3301 2656 ὢν
3351 2605 3582 2673 πράττει
3622 2605 3785 2657 τόπον
3815 2604 3952 2656 ἴδιον

2374 2697 2568 2748 ἑαυτοῦ
2614 2696 2916 2758 ποιοῦντος.
2953 2695 3112 2747 υῦτω
3145 2695 3276 2761 γοῦν
3306 2697 3472 2747 τόπον
3517 2712 3603 2757 τις
3644 2694 3953 2763 ψευδοδιδα-

2374 2790 2575 2842 σκαλου
2626 2789 2721 2840 καὶ⁵
2767 2788 3207 2857 ψευδαποστόλου
3261 2790 3489 2856 σχήσει.
3542 2788 3676 2841 ἀλλά
3714 2790 3807 2839 καὶ
3852 2803 3953 2838 τυ·-

2376 2882 2569 2953 ράννου
2593 2882 2810 2932 καὶτῶν
2832 2880 3009 2932 ἄλλων
3037 2880 3280 2948 φαύλων.
3327 2880 3479 2930 Ἐπεὶ
3504 2879 3598 2930 νῦν
3627 2880 3716 2930 καὶ
3751 2879 3953 2939 Ἰούδας

2374 2972 2523 3041 πόθῳ
2558 2971 2637 3040 τῷ
2673 2971 2809 3041 πρὸς
2856 2972 3096 3041 ἀργύρια
3144 2969 3510 3040 προαιρετικῴ
3560 2971 3949 3035 συναρπαγεὶς,

2372 3064 2470 3133 τὴν
2522 3062 2783 3131 προδότου
2836 3062 2988 3125 τάξιν
3023 3061 3221 3122 εἵλετο,
3273 3060 3495 3120 εἰκότως
3551 3060 3628 3119 εἰς
3678 3058 3767 3108 τὸν
3819 3056 3954 3107 ἴδιον

694 3153 850 3215 etari,
889 3167 1216 3221 unoquoque
1248 3152 1385 3205 actis
1422 3152 1537 3206 suis
1566 3153 1743 3205 locum
1775 3152 1879 3206 sibi
1907 3155 2180 3223 proprium
2218 3165 2268 3209 et

2377 3155 2542 3205 τόπον
2578 3152 2910 3221 πορεύεσθαι
2950 3152 3186 3221 εἴρηται.
3243 3149 3540 3209 ’Λπολέσας
3574 3148 3619 3177 ⁸⁵
3644 3148 3748 3216 γὰρ
3776 3147 3839 3198 δι’
3874 3140 3953 3198 ὧν

694 3259 854 3297 suum
891 3244 1143 3299 faciente.
1210 3243 1304 3298 Sic
1348 3244 1512 3312 igitur
1544 3244 1743 3313 aliquis
1774 3246 1950 3298 locum
1984 3246 2109 3300 falsi
2170 3248 2267 3303 do-

694 3334 865 3389 ctoris
903 3342 957 3388 et
1007 3333 1133 3389 falsi
1170 3334 1404 3402 apostoli
1455 3334 1810 3402 adipiscetur,
1844 3336 2147 3402 quinetiam
2183 3348 2256 3408 ty.

2377 3243 2579 3313 ἔπραξε
2613 3244 2673 3294 τὸ
2736 3238 2879 3294 εἶναι
2928 3243 3064 3311 μετὰ
3114 3240 3221 3292 τῶν
3270 3238 3602 3303 ἀποστόλων,
3663 3236 3956 3301 συνέταξεν

2379 3334 2557 3404 ἑαυτῷ
2589 3336 2718 3387 ἴδιον
2758 3335 2942 3387 τόπον.

695 3434 874 3487 ranni.
913 3442 964 3483 et
1004 3430 1237 3485 aliarum
1269 3443 1445 3481 rerum
1483 3429 1767 3482 malarum.
1799 3430 2066 3494 Quoniam
2103 3449 2249 3489 nunc
2287 3437 2450 3490 etiam
2498 3429 2669 3484 Judas
2741 3430 2933 3498 sponie
2982 3443 3082 3483 sua
3149 3427 3423 3482 desiderio
3500 3425 3744 3495 pecuniae
3784 3431 3958 3491 atque

692 3521 921 3576 avaritia

1012 3531 1317 3590 c<-rreptu.-:,
1372 3521 1671 3589 proditoris
1722 3524 1976 3579 ordinem
2049 3540 2113 3580 ac
2152 3540 2334 3595 partes
2375 3525 2642 3593 suscepit,
2697 3532 2847 3578 recte
2898 3522 2952 3576 in
3008 3523 3186 3576 locum
3240 3537 3399 3575 suum
3436 3521 3585 3575 abire
3623 3520 3803 3573 dictus
3844 3527 3956 3579 est,

693 3611 830 3667 Cum
863 3612 1009 3669 enim
1044 3610 1205 3669 factis
1233 3615 1347 3668 suis
1373 3615 1646 3669 amisisset
1670 3616 1867 3682 locum,
1899 3627 1959 3671 ut
1990 3628 2139 3673 esset
2164 3635 2270 3674 una
2311 3636 2439 3675 cum
2476 3617 2761 3685 apostolis,
2787 3622 3095 3671 construxit
3130 3614 3233 3667 sibi
3267 3614 3544 3682 proprium
3580 3613 3782 3667 locum.

1243 3706 1349 3777 19
1384 3706 1611 3762 CAPUT
1654 3710 1714 3764 Il.

764 3803 931 3856 Vens.
976 3802 1025 3853 l.
1081 3803 1149 3853 Et
1198 3816 1315 3853 cum
1359 3801 1712 3869 compleretur
1753 3803 1863 3859 dies
1909 3805 2259 3873 Pentecostcs,

694 3904 842 3945 rrum
877 3907 1054 3945 omnes
1086 3890 1246 3945 simul
1268 3893 1323 3943 in
1354 3892 1535 3945 eodem
1570 3892 1702 3947 loco.

767 4078 930 4132 Vsus.
968 4078 1022 4131 ‘2.
1060 4076 1130 4129 Et
1164 4076 1337 4145 factus
1365 4086 1440 4130 est
1473 4086 1675 4144 repente
1702 4078 1764 4131 de
1795 4082 1921 4131 caelo
1948 4096 2106 4132 sonus
2143 4088 2261 4131 tan-

695 4184 853 4235 quam
890 4168 1088 4219 ruentis
1118 4166 1279 4234 ﬂatus
1320 4168 1676 4220 vehementis:
1723 4177 1771 4220 el
1824 4168 2032 4233 replevit
2095 4177 2260 4219 totam

694 4273 907 4310 comunt
930 4259 1017 4310 ubi
1052 4257 1409 4311 considebant.

770 4353 935 4406 Vatis.
972 4353 1023 4405 5.
1064 4350 1127 4403 Et
1159 4352 1281 4404 visa:
1313 4359 1430 4402 sunt
1476 4351 1583 4402 illis
1628 4349 1824 4419 linguae
1858 4350 2013 4417 quasi
2072 4351 2256 4419 ignem,

693 4456 811 4509 qua:
843 4439 1304 4507 dispertiebantur,
1337 4438 1669 4507 conseditque
1694 4456 1850 4508 super
1902 4456 2251 4509 unumquem-

694 4548 791 4599 quo
821 4548 1001 4584 εονιιηι
1012 4572 1025 4585 .

771 4621 938 4676 Vens.
976 4623 1030 4674 4.
1065 4620 1131 4673 Et
1167 4622 1351 4688 repleti
1371 4631 1491 4674 sunt
1518 4638 1701 4675 omnes
1743 4620 1945 4689 Spiritu
1988 4629 2191 4687 sancto,
2214 4634 2262 4676 et

695 4723 962 4781 turparunt
988 4712 1131 4781 loqui
1153 4713 1373 4766 diversis
1409 4713 1625 4782 linguis,
1655 4720 1809 4779 prout
1844 4711 2074 4779 Spiritus
2092 4712 2257 4765 dabat

694 4805 826 4866 illis,
864 4814 917 4856 ιιι
940 4805 1325 4872 eloquerentur.

767 4896 974 4959 Quare,
1000 4908 1123 4946 cum
1156 4893 1522 4961 complerelur
1552 4893 1669 4947 dies
1697 4891 2082 4946 Pcntecostes?
2106 4892 2265 4957 Quia,

694 4986 915 5054 quando
969 4985 1161 5037 falcem
1217 4984 1268 5036 in
1312 4998 1544 5049 messem
1593 4983 1887 5037 immittere
1940 4987 2262 5052 oportebat,

696 5077 917 5147 quando
958 5077 1140 5144 fruges
1165 5074 1421 5143 colligere
1457 5074 1840 5137 conveniebat,
1905 5084 2035 5129 tunc
2063 5075 2258 5130 falcem

703 5169 979 5223 sermonis
1018 5181 1237 5235 quoque
1268 5166 1525 5219 adbibere
1552 5166 1839 5235 oportebat
1864 5184 1877 5219 :
1906 5168 2259 5236 (lllelnzltllllo.

697 5262 826 5315 dum
885 5260 1048 5314 etiam
1098 5260 1218 5312 loco
1275 5257 1428 5311 falcis
1475 5256 1715 5326 Spiritus
1783 5268 2009 5311 sanctus
2068 5269 2261 5315 acutus

695 5352 1003 5406 adrolabat.
1034 5351 1098 5403 Et
1123 5349 1493 5428 Οιιιὶειυεοοίι
1549 5368 1561 5401 :
1596 5349 1787 5403 Mcssis
1822 5350 2040 5418 quidem
2094 5352 2262 5408 multa

695 5456 810 5498 est:
843 5444 1078 5514 operarii
1127 5452 1307 5495 autem
1344 5440 1499 5509 pauci
1553 5451 1699 5505 sunt,
1737 5449 1791 5493 ct
1840 5440 2007 5503 alibi,
2046 5442 2252 5508 Videte,

697 5535 890 5603 inquit,
926 5546 1085 5602 agros
1130 5545 1144 5582 ε
1200 5529 1326 5597 quia
1374 5528 1485 5595 jaui
1534 5527 1641 5580 albi
1699 5535 1825 5579 sunt
1885 5526 1950 5578 ad
1996 5542 2247 5581 messeni.

2985 3711 3237 3763 ΚΕΦΔΔ.
3277 3708 3353 3762 Β’.

2449 3806 2559 3859 Kal
2612 3806 2683 3857 ἐν
2723 3803 2805 3868 τῷ
2842 3801 3349 3871 συμπληροῦσθαι
3410 3800 3526 3867 τὴν
3568 3798 3795 3866 ἡμέραν
3836 3797 3957 3864 τῆς

2371 3894 2825 3963 Πεντηκοστῆς,
2876 3890 3038 3963 ἦσαν
3090 3892 3355 3957 ἅπαντες
3411 3890 3791 3959 ὁμοθυμαδὸν
3846 3889 3952 3942 ἐπὶ

2370 3989 2438 4041 τὸ
2454 3989 2622 4042 αὑτό.

2440 4080 2553 4133 Kal
2616 4078 2854 4145 ἐγένετο
2916 4077 3087 4143 ἄφνω
3141 4075 3211 4127 ἐκ
3275 4073 3383 4127 τοῦ
3446 4073 3711 4141 οὐρανοῦ
3772 4068 3951 4139 ἦχος,

2366 4168 2570 4237 ὥσπερ
2596 4167 2931 4236 φερομένης
2960 4165 3155 4232 πνοῆς
3176 4166 3385 4231 ,βιαίας
3414 4180 3428 4195 ο
3467 4166 3567 4218 καὶ
3594 4163 3956 4231 ἐπλήρωσεν

2368 4260 2517 4314 ὅλον
2542 4263 2644 4312 τὸν
2686 4256 2875 4323 οἶκον,
2913 4255 2983 4312 οὗ
3024 4254 3186 4325 ἦσαν
3216 4258 3560 4325 καθήμενοι.

2439 4350 2548 4404 Καὶ
2569 4349 2861 4417 ὤφθησαν
2905 4347 3109 4411 αὐτοῖς
3140 4347 3603 4415 διαμεριζόμεναι
3649 4344 3950 4414 γλῶσσαι,

2367 4442 2508 4494 ὡσεὶ
2538 4441 2751 4507 πυρὸς,
2784 4438 3026 4492 ἐκάθισέ
3064 4456 3125 4491 τε
3156 4440 3249 4506 ἐφ’
3293 4439 3403 4492 ἕνα
3435 4438 3696 4491 ἕκαστον
3723 4437 3951 4493 αὐτῶν.

2446 4622 2554 4675 Καὶ
2584 4620 2988 4687 ἐπλήσθησαν
3031 4621 3295 4687 ἅπαντες
3332 4623 3679 4689 Πνεύματος
3717 4625 3891 4690 ἁγίου
3935 4641 3947 4653 ο

2370 4713 2469 4765 ml
2517 4711 2780 4778 ἤρξαντο
2828 4712 3042 4764 ,λαλεῖν
3093 4713 3319 4779 ἑτέραις
3355 4712 3680 4781 γλώσσαις,
3753 4717 3951 4779 «addc

2368 4806 2435 4857 τὸ
2468 4804 2708 4871 Πνεῦμα
2736 4802 2939 4856 ἐδίδου
2977 4805 3181 4869 αὐτοῖς
3214 4804 3712 4871 ἀποφθέγγεσθαι.

2443 4895 2543 4946 Διὰ
2596 4896 2650 4945 τι
2699 4896 2756 4946 ὲν
2809 4893 2885 4961 τῷ
2942 4893 3394 4965 συμπληροῦσθαι
3440 4894 3539 4964 τὴν
3594 4896 3806 4964 ἡμέραν
3847 4899 3949 4964 τῇς

2372 4984 2752 5053 ΙΙεντηκοστῆς
2780 5001 2795 5048 ;
2834 4986 2976 5047 Ὅτι,
3009 4985 3099 5035 ὃτε
3122 4985 3182 5035 τὸ
3209 4985 3471 5054 δρέπανον
3507 4986 3817 5039 ἐπιϐάλλειν
3839 4989 3951 5039 ἔδῃ

2363 5074 2442 5142 τῷ
2474 5074 2693 5142 ἀμητῷ,
2732 5074 2821 5125 ὅτε
2859 5074 2985 5135 τοὺς
3020 5076 3267 5143 καρποὺς
3322 5076 3574 5145 συνάγειν
3604 5080 3792 5147 ἐχρῆν,
3824 5082 3949 5130 τότε

2368 5166 2464 5216 καὶ
2485 5164 2545 5215 τὸ
2574 5165 2841 5232 δρέπανον
2865 5165 3174 5217 ἐπιϐάλλειν
3203 5167 3308 5217 ἔδει
3339 5167 3427 5219 τοῦ
3462 5169 3641 5234 λόγου.
3673 5170 3947 5239 Καῢὰπερ

2366 5256 2474 5326 γὰρ
2492 5258 2534 5288 ⁸⁷
2558 5256 2679 5308 ἀντὶ
2703 5256 2971 5325 δρεπάνου
3004 5258 3063 5308 τὸ
3099 5258 3321 5324 Πνεῦμα
3344 5259 3403 5309 τὸ
3428 5258 3579 5326 ἅγιον
3606 5262 3948 5329 ἠκονημένον

2367 5347 2653 5415 ὲφίπτατο.
2713 5348 2820 5399 Καί
2870 5364 3034 5415 φησιν
3078 5350 3106 5400 ὁ
3138 5350 3367 5413 Χριστός
3395 5366 3406 5377 ·
3453 5352 3509 5401 ’0
3551 5353 3648 5419 μὲν
3679 5352 3947 5421 Θερισμὸς

2366 5439 2693 5503 πολὺς,οἱόὲ
2709 5438 2934 5508 ἐργάται
2996 5439 3166 5507 ὀλίγοι
3201 5442 3293 5492 καὶ
3347 5440 3577 5510 ἀλλαχοῦ
3607 5459 3618 5469 ·
3659 5442 3946 5499 Θεάσασῢε

2366 5530 2466 5592 τὰς
2481 5531 2683 5600 χώρας,
2713 5531 2793 5583 ὅτι
2829 5530 3018 5583 λευκαί
3049 5533 3154 5582 εἰσι
3186 5533 3320 5602 πρὸς
3343 5533 3597 5603 θερισμὸν
3615 5536 3865 5608 ἤδη,ἰ“ὴν
3884 5540 3948 5593 δὲ

1874 5712 2072 5773 Variae
2106 5712 2412 5773 lectiones
2440 5736 2452 5771 i
2478 5722 2497 5772 t
2521 5721 2705 5774 nota).

768 5842 814 5873 "
840 5836 1013 5905 οὗτος,
1052 5855 1186 5895 erat.
1259 5839 1307 5874 "
1339 5838 1422 5893 τον.
1455 5838 1755 5908 κληρωτήν.

1837 5841 1880 5871 9‘
1918 5841 2001 5892 ἴσ.
2028 5841 2134 5895 οὐδ’
2172 5840 2299 5896 ἔδει.

2378 5842 2421 5873 ’⁵
2454 5842 2673 5905 οἰκίαις,
2701 5853 2833 5896 erat.
2912 5845 2957 5876 "
3002 5841 3309 5907 ἀπωλέσας,
3336 5850 3468 5895 erat.
3546 5843 3587 5873 ”’
3619 5844 3701 5896 ἵσ.
3748 5845 3867 5901 καί.
