4156 6440
716 419 817 485 531

1666 411 2241 473 THEOPHYLAC'I‘I
2272 411 2679 471 BULGAliI/E
2712 414 3065 474 ARClllEP.

3861 422 3969 482 ωε

716 529 982 601 manipuli
1020 527 1376 598 cogebantur,
1408 535 1460 580 et
1491 524 1590 579 sub
1626 540 1794 579 unum
1826 535 2106 593 aspectum
2141 538 2275 578 con-

2397 525 2584 586 παντὸς
2622 526 2807 589 ἔθνους
2844 525 2953 579 τῶν
2997 528 3017 557 ¹
3058 527 3160 579 ὑπὸ
3198 528 3287 580 τὸν
3321 528 3545 595 οὐρανὸν
3582 530 3645 580 ἐκ
3694 531 3968 599 διαφόρων

720 623 1011 679 veniebant
1040 620 1199 675 divisi
1234 627 1399 688 atque
1451 617 1676 682 diversi,
1723 617 2077 686 futurumque
2141 623 2279 681 erat,

718 728 772 770 ut
814 718 918 771 hoc
950 715 1038 769 die
1062 729 1125 767 cx
1164 713 1313 766 omni
1346 712 1563 765 natione
1620 710 1962 765 diversarum
2019 711 2280 779 gentium,

716 824 839 877 qua:
870 806 973 861 sub
996 805 1136 859 cmlo
1168 812 1316 867 sunt,
1346 804 1398 856 in
1449 816 1615 856 unum
1667 803 2004 871 manipulum
2065 801 2283 870 pietatis

722 908 1026 957 conventus
1068 898 1242 961 ﬁeret,
1281 896 1375 965 qui
1418 912 1514 966 per
1566 895 1920 965 apostolicam
1976 894 2283 949 orationem

721 994 831 1048 Deo
854 991 1179 1047 oﬂ'erretur:
1208 1005 1307 1060 pro
1336 989 1502 1043 futuri
1537 988 1705 1057 ﬁgura
1755 987 1994 1042 instituit
2033 986 2284 1056 manipu-

721 1090 833 1138 lum
869 1085 1167 1153 spicarnm,
1201 1090 1258 1135 ut
1307 1081 1754 1149 prmsigniﬁcaret
1804 1079 2111 1147 manipulos
2164 1078 2283 1131 ani-

719 1193 955 1241 marum,
985 1190 1105 1245 qua
1128 1190 1193 1229 ex
1241 1174 1472 1228 diversis
1502 1173 1717 1243 quidem
1748 1174 2064 1242 regionibus
2094 1187 2279 1226 sume-

718 1279 926 1331 rentur,
982 1282 1087 1321 una
1135 1274 1314 1320 autem
1375 1265 1427 1319 in
1458 1265 1726 1334 primitias
1772 1263 1879 1319 Deo
1936 1264 2282 1320 offerrentur.

715 1359 895 1425 Quare
952 1373 1059 1410 non
1103 1356 1223 1411 sine
1265 1356 1456 1425 signis,
1492 1370 1614 1423 qua
1661 1370 1821 1409 sensu
1878 1355 2280 1425 percipiuntur,

716 1451 955 1520 Spiritus
986 1451 1187 1504 accidit
1211 1447 1515 1504 accessus?
1542 1449 1691 1518 quia,
1720 1451 1763 1504 si
1811 1449 1913 1504 hoc
1948 1450 2111 1503 etiam
2143 1448 2284 1503 facto

715 1540 992 1606 dicebant,
1022 1541 1160 1595 Vino
1192 1540 1381 1609 repleti
1437 1548 1605 1595 sunt:
1666 1542 1712 1595 si
1771 1540 1874 1595 hoc
1919 1540 2123 1594 factum
2178 1556 2285 1594 non

716 1632 1039 1701 esset,quid
1065 1646 1169 1683 non
1203 1630 1509 1685 dixissent?
1561 1628 1677 1684 Non
1731 1630 2053 1700 simpliciter
2098 1638 2281 1683 autem

717 1724 933 1776 sonitus
1000 1722 1179 1778 factus
1237 1733 1357 1787 est,
1422 1724 1515 1777 sed
1570 1722 1635 1777 de
1694 1724 1856 1788 cmlo,
1904 1732 2068 1793 atque
2119 1724 2281 1777 etiam

717 1816 1076 1884 repentinus,
1142 1831 1251 1885 quo
1310 1816 1483 1883 magis
1536 1818 1952 1879 excitarentur,
2026 1826 2295 1886 tanquam‘

2388 617 2557 671 ἐθνῶν
2601 620 2683 680 είς
2728 619 2784 671 ἓν
2825 619 3047 689 δράγμα
3079 619 3357 683 εὐσεϐείας
3413 620 3767 690 συνέρχεσθαι
3795 638 3808 650 ’
3871 624 3968 673 καὶ

2386 708 2475 763 διὰ
2504 710 2597 762 τοῦ
2622 711 2981 765 ἀποστολικοῦ
3004 713 3160 780 λόγου
3182 712 3261 781 τῷ
3281 711 3401 782 θεῷ
3443 713 3892 782 προσαγαγέσθαι
3919 716 3963 774 ³,

2387 804 2743 873 προετῦπωσε
2771 803 2833 855 τὸ
2866 803 3087 876 δράγμα
3126 804 3235 855 τῶν
3270 803 3557 873 ἀσταχύων
3590 821 3605 835 ο
3642 806 3728 857 ῖνα
3757 821 3966 875 προερ-

2390 893 2636 965 μηνεύσῃ
2666 895 2731 946 τὰ
2756 892 3048 965 δράγματα
3077 893 3186 947 τῶν
3211 894 3425 965 ψυχῶν,
3457 894 3566 947 τῶν
3595 896 3660 947 ἐκ
3690 894 3968 965 διαφόρων

2391 986 2489 1057 μὲν
2520 987 2713 1057 χωρῶν
2754 986 3269 1057 ἐκλαμϐανομένων,
3324 987 3405 1051 είς
3452 988 3580 1057 μίαν
3618 986 3675 1040 δὲ
3708 988 3967 1059 ἀπαρχὴν

2389 1080 2636 1149 σταχύων
2691 1079 2769 1149 τῷ
2820 1079 2941 1149 Θεῷ
2968 1078 3418 1149 προσαγομένων.
3457 1079 3557 1131 Διὰ
3598 1078 3650 1131 τί
3690 1081 3767 1149 μὴ
3795 1079 3969 1149 χωρὶς

2391 1172 2673 1242 συμσόλων
2720 1172 2993 1241 αἰσθητῶν
3037 1169 3192 1241 ήτοῦ
3223 1170 3540 1240 Πνεύματος
3580 1170 3802 1239 γέγονεν
3845 1173 3971 1221 ἐπι-

2389 1265 2679 1333 φοίτησις;
2729 1265 2874 1329 Ὅτι,
2911 1265 2958 1317 εί
3015 1263 3110 1317 καὶ
3156 1262 3347 1316 τούτου
3407 1262 3704 1332 γενομένου
3757 1260 3967 1329 ἔλεγον,

2388 1355 2469 1408 ὅτι
2522 1354 2789 1416 Γλεύκους
2842 1353 3257 1425 μεμεστωμένοι
3313 1354 3493 1406 είσίνο
3552 1354 3601 1406 εί
3666 1353 3744 1422 μὴ
3805 1353 3971 1403 τοῦτο

2389 1448 2631 1515 ἐγένετο,
2656 1448 2709 1501 τί
2734 1448 2834 1499 οὐκ
2862 1446 2927 1500 ἂν
2962 1442 3113 1498 εἷπον
3146 1463 3161 1511 ;
3200 1445 3313 1514 Οὐχ
3349 1444 3534 1504 ἁπλῶς
3557 1443 3613 1495 δέ
3646 1438 3780 1513 ἦχος
3808 1443 3970 1509 γέγο-

2390 1557 2501 1604 νεν,
2536 1538 2651 1592 ἀλλ’
2690 1541 2754 1591 ἐκ
2796 1538 2891 1591 τοῦ
2929 1536 3184 1608 οὐρανοῦ,
3224 1537 3319 1589 καὶ
3364 1536 3425 1588 τὸ
3470 1535 3732 1603 αἰφνίδιον
3768 1534 3847 1598 δέ,
3888 1534 3970 1595 είς

2390 1632 2450 1684 τὸ
2505 1631 2707 1701 μᾶλλον
2741 1630 3091 1699 διαναστῆναι
3132 1630 3370 1693 αὐτοὺς,
3422 1627 3614 1696 ὥσπερ
3662 1624 3972 1695 φερομένης

2390 1724 2559 1792 πνοῆς
2597 1723 2795 1793 βιαίας.
2838 1722 3049 1792 Πολλὴν
3078 1723 3173 1776 καὶ
3208 1720 3447 1791 σφοδρὰν
3474 1720 3574 1788 τὴν
3608 1717 3788 1788 ῥύμην
3820 1716 3973 1783 λέγει

2389 1816 2484 1867 τοῦ
2516 1814 2833 1884 Πνεύματος
2860 1832 2873 1846 ·
2920 1816 3014 1867 καὶ
3064 1816 3270 1877 πάντας
3306 1814 3485 1865 ἐκεῖσε
3517 1812 3845 1883 συνδραμεῖν
3875 1810 3977 1862 καὶ

719 1910 933 1963 ruentis
964 1914 1016 1961 ct
1056 1906 1363 1977 ingruentis
1420 1906 1582 1961 ﬂatus
1612 1908 1860 1961 violenti.
1925 1907 2176 1976 Magnum
2231 1915 2285 1961 et

2397 1902 2664 1955 συνελθεῖν
2710 1904 2951 1972 ἐποίησε.
3002 1903 3113 1956 Καὶ
3156 1902 3479 1972 ἐπλήρωσεν
3510 1901 3630 1954 ὅλον
3671 1903 3763 1953 τὸν
3803 1896 3973 1952 οἷκον.

719 1999 1093 2053 vehementem
1132 1997 1392 2067 impetum
1431 1998 1671 2067 Spiritus
1696 1998 1864 2052 dicit:
1896 2000 1989 2068 qui
2020 1997 2205 2064 edicit,
2231 2006 2290 2052 ut

719 2104 912 2144 omnes
942 2090 1035 2143 illo
1061 2098 1451 2144 concurverent
1480 2097 1535 2144 et
1579 2090 1960 2148 convenirent.
2009 2091 2075 2144 Et
2110 2091 2291 2159 reple-

720 2179 821 2242 vit,
847 2188 956 2233 etc.
991 2177 1181 2232 Totam
1213 2178 1433 2233 domum
1479 2179 1747 2248 replebat,
1801 2190 1859 2234 ut
1904 2180 2289 2236 ostenderetur

722 2270 926 2324 donum
960 2285 1068 2323 non
1099 2270 1426 2340 quibusdam
1481 2272 1887 2341 particulariter
1939 2288 2003 2327 ac
2033 2274 2291 2344 speciali-

721 2370 826 2429 ter,
862 2362 957 2419 sed
989 2364 1085 2417 toti
1118 2364 1331 2432 corpori
1382 2362 1639 2418 Ecclesia:
1666 2365 1852 2418 datum
1894 2380 2036 2420 esse.
2088 2365 2292 2421 Domus

719 2454 870 2507 enim
906 2454 1092 2507 mundi
1134 2454 1348 2523 signum
1402 2465 1539 2520 erat,
1590 2456 2047 2525 quemadmodum
2075 2438 2289 2513 'etiam

724 2542 932 2611 piscina
961 2543 1061 2596 fuit
1120 2557 1297 2611 aquae,
1326 2544 1430 2597 hoc
1479 2553 1658 2598 autem
1689 2544 1985 2600 aﬂlucntiaa
2029 2555 2082 2602 et
2133 2547 2293 2601 vehe-

724 2634 943 2689 mentia:
970 2635 1209 2700 signum.
1239 2632 1355 2687 Non
1385 2636 1526 2704 ignis
1548 2643 1727 2690 autem
1756 2636 1979 2691 domum
2036 2636 2291 2707 replevit.

722 2723 865 2779 Metu
906 2738 1141 2793 namque
1189 2724 1468 2793 perculsos
1499 2723 1763 2793 fugasset.
1792 2724 1920 2790 Sed,
1945 2727 2089 2795 quod
2121 2727 2291 2780 mira-

724 2816 887 2870 bilius
946 2823 1052 2881 est,
1109 2815 1242 2884 ipsa:
1299 2815 1497 2884 lingua:
1558 2816 1793 2869 dividua:
1824 2817 1874 2882 ιι,
1956 2832 2077 2886 qua:
2128 2834 2293 2887 super

726 2919 1169 2973 unumquemque
1210 2904 1601 2959 consederunt.
1647 2903 1882 2961 Pulchre
1932 2917 2114 2961 autem
2140 2908 2291 2974 dicit,

726 2994 1054 3065 dispertita,
1081 2995 1185 3063 21
1224 3003 1281 3049 ut
1314 2997 1479 3060 scias,
1505 2998 1751 3051 eamdem
1777 3013 1902 3052 esse
1924 2998 2291 3064 efﬁcientiam,

724 3101 904 3157 quam
959 3086 1243 3141 Paracleto
1290 3088 1457 3141 missa
1514 3095 1617 3141 est.
1666 3087 1900 3143 Pulchre
1950 3106 2081 3145 sane
2137 3090 2292 3155 dicit,

721 3176 882 3246 quasi
930 3176 1124 3247 ignem,
1177 3184 1251 3239 et,
1283 3184 1539 3244 tanquam
1601 3176 1788 3243 tlatus,
1832 3194 1899 3231 ne
1944 3179 2096 3248 quid,
2146 3178 2290 3249 quod

723 3283 886 3322 sensu
919 3267 1123 3337 percipi
1158 3267 1353 3338 possit,
1388 3267 1455 3320 de
1488 3266 1695 3337 Spiritu
1747 3270 1955 3337 cogites
2012 3280 2066 3325 et
2098 3272 2292 3341 imagi-

722 3359 893 3414 neris.
955 3358 1071 3413 Non
1130 3358 1295 3428 igitur
1353 3359 1674 3427 simpliciter
1732 3370 1927 3417 ventus
1998 3370 2147 3427 erat,
2199 3373 2295 3417 aut

724 3452 889 3520 ignis,
934 3451 1028 3506 sed
1060 3450 1295 3520 Spiritus
1350 3459 1597 3515 sanctus,
1661 3452 1751 3521 qui
1806 3453 1917 3505 illic
1974 3456 2290 3523 apparebat.

722 3542 859 3596 Vide
893 3551 1102 3605 autem,
1136 3540 1280 3611 quod
1309 3540 1528 3610 quando
1566 3539 1765 3596 Joanni
1796 3544 2014 3613 quidem
2078 3556 2297 3615 oporte-

724 3636 818 3690 bat
878 3624 1142 3702 Spiritum
1210 3642 1397 3687 notum
1432 3632 1569 3699 ﬁeri,
1620 3636 1981 3691 conveniebat
2034 3646 2292 3709 tanquam

726 3728 927 3797 ignem.
960 3725 1327 3793 Conseditque
1376 3740 1539 3794 super
1584 3743 2028 3801 unumquemque
2080 3748 2290 3785 eorum.

729 3816 788 3870 Μ
816 3824 924 3881 est,
957 3815 1161 3869 mansit
1186 3814 1328 3883 apud
1354 3814 1497 3880 illos,
1534 3823 1589 3868 et
1617 3817 1881 3884 requievit
1927 3834 2094 3889 super
2147 3821 2291 3879 illos.

731 3908 935 3961 Sedere
962 3906 1107 3960 enim
1134 3905 1454 3959 stabilitatis
1506 3914 1561 3960 et
1624 3910 1878 3962 manendi
1939 3910 2292 3979 signiﬁcatio-

727 4013 853 4054 nem
911 3998 1097 4052 habet.
1148 3995 1327 4066 Super
1386 4012 1525 4066 quos
1578 4006 1760 4052 autem
1819 3998 2058 4069 Spiritus
2116 4004 2294 4057 sedit?

729 4091 907 4162 Super
935 4091 1222 4146 duodecim
1256 4089 1532 4160 apostolos
1565 4091 1851 4158 duntaxat,
1892 4108 1958 4147 an
1988 4111 2153 4164 super
2175 4098 2293 4152 illos

729 4194 946 4239 centum
979 4181 1210 4252 viginti?
1246 4182 1495 4237 videlicet
1524 4197 1687 4252 super
1733 4199 1940 4239 omnes.
1987 4184 2104 4241 Non
2148 4188 2293 4241 enim

732 4275 1060 4344 simpliciter
1088 4289 1153 4326 ac
1183 4284 1388 4328 temere
1412 4275 1608 4329 Petrus
1654 4275 1978 4345 prophetam
2014 4280 2293 4346 produxit,

730 4380 857 4419 cum
890 4363 1131 4419 diceret:
1159 4362 1224 4417 Et
1247 4362 1351 4418 erit
1382 4363 1437 4416 in
1458 4364 1720 4419 extremis
1760 4365 1985 4429 diebus,
2022 4366 2294 4423 ell‘undam

729 4455 797 4510 de
832 4453 1040 4524 Spiritu
1076 4471 1195 4509 meo
1220 4470 1386 4523 super
1406 4468 1623 4509 omnem
1651 4469 1893 4510 carnem.
1925 4456 1990 4511 Et
2019 4473 2125 4512 non
2165 4461 2295 4514 sim-

2394 1995 2498 2049 Τὸν
2528 1990 2676 2050 οἷκον
2710 1996 2831 2048 ὅλον
2862 1995 3125 2065 ἐπλήρου,
3149 1995 3215 2048 ἵν’
3248 1998 3279 2063 ἠ
3304 1994 3483 2064 δωρεὰ
3502 1993 3759 2063 δεδομένη
3783 1993 3975 2061 δειχθῇ

2395 2087 2470 2158 μὴ
2507 2088 2748 2158 μερικῶς
2787 2088 2869 2150 τίς
2905 2089 3051 2139 ἐστιν
3095 2086 3117 2117 δ
3143 2128 3157 2151 ,
3194 2086 3311 2141 ἀλλ’
3346 2087 3452 2156 ὅλῳ
3488 2084 3566 2155 τῷ
3596 2085 3694 2154 τῆς
3742 2081 3978 2151 Ἐκκλη-

2394 2178 2514 2241 σίας
2552 2179 2907 2249 πληρώματι.
2936 2178 2999 2231 'H
3032 2179 3177 2255 οίκία
3198 2178 3307 2249 γὰρ
3330 2177 3425 2231 τοῦ
3456 2177 3661 2247 κόσμου
3699 2174 3978 2245 σύμϐολον

2391 2262 2480 2343 ἦν’,
2498 2270 2749 2339 καθάπερ
2768 2266 2877 2340 γάρ
2910 2270 2931 2302 ⁸
2962 2269 3319 2340 κολυμϐήθρα
3351 2268 3574 2338 γέγονεν
3611 2268 3801 2329 ὕδατος
3826 2282 3841 2296 ο
3877 2266 3979 2333 τῆς

2392 2364 2671 2432 δαψιλείας
2706 2364 2761 2416 δέ
2778 2362 2936 2415 τοῦτο
2953 2364 3253 2432 τεκμήριον
3271 2368 3362 2415 καὶ
3378 2362 3477 2429 τῆς
3496 2359 3876 2431 σφοδρότητος.
3900 2358 3977 2409 Οὔ

2392 2451 2453 2504 τὸ
2488 2450 2597 2519 πῦρ
2626 2451 2681 2503 δὲ
2726 2450 2818 2503 τὸν
2841 2446 2987 2503 οἷκον
3037 2450 3356 2521 ἐπλήρωσεν
3379 2465 3391 2479 ·
3436 2448 3693 2519 ἐξέστησε
3734 2448 3839 2517 γὰρ
3871 2449 3936 2499 ἄν
3960 2463 3976 2477 ·

2394 2543 2532 2607 ἀλλ’,
2564 2544 2592 2597 ὅ
2613 2560 2664 2595 τι
2693 2543 3145 2613 θαυμασιώτερον
3166 2584 3181 2609 ,
3208 2543 3271 2595 τδ
3298 2532 3737 2612 διαμερισθῆναι
3762 2542 3856 2593 καὶ
3890 2539 3981 2606 ἐφ’

2394 2637 2489 2689 ἕνα
2523 2637 2752 2689 ἕκαστον
2788 2636 2967 2691 αὐτῶν
2995 2635 3337 2689 ἐπικαθίσαι.
3367 2635 3565 2696 Καλῶς
3580 2635 3637 2687 δέ
3670 2651 3821 2704 φησι,
3860 2633 3985 2685 δια-

2400 2729 2831 2798 μεμερισμέναι·
2893 2728 2981 2781 ἵνα
3053 2727 3251 2799 μάθῃς,
3315 2728 3398 2779 ὅτι
3454 2725 3708 2796 ἐνέργειά
3752 2727 3904 2777 ἐστιν
3944 2725 3983 2793 ἡ

2395 2821 2533 2891 αὑτὴ
2571 2820 2678 2874 ἀπὸ
2727 2820 2823 2872 τοῦ
2867 2820 3228 2889 Παρακλήτου
3270 2819 3603 2888 πεμφθεῖσα.
3640 2816 3837 2879 Καλῶς
3881 2815 3984 2869 οῦν

2396 2926 2551 2980 φησι,
2612 2909 2746 2962 ὡσεὶ
2779 2909 2987 2979 πυρός·
3046 2907 3141 2961 καὶ
3185 2906 3435 2977 καθάπερ
3481 2907 3689 2975 πνοῆςο
3756 2906 3844 2958 ἵνα
3901 2904 3982 2973 μὴ

2398 3000 2656 3070 αἰσθητόν
2714 3018 2765 3052 τι
2819 3000 2948 3069 περὶ
2980 3000 3075 3051 τοῦ
3108 2998 3428 3069 Πνεόματος
3467 2999 3683 3067 νοήσῃς.
3719 2996 3831 3047 Οὐκ
3867 2998 3987 3065 ἄρα.

2398 3093 2585 3155 ἁπλῶς
2613 3092 2809 3161 ἄνεμος
2829 3086 2918 3161 ἦν,
2941 3091 3064 3142 οὐδὲ
3094 3089 3203 3159 πῦρ
3229 3128 3243 3153 ,
3274 3089 3411 3141 ἀλλὰ
3456 3088 3517 3140 τὸ
3571 3088 3726 3153 ἅγιον
3749 3084 3987 3153 Πνεῦμα

2398 3184 2632 3239 ἐνταῦθα
2655 3182 3093 3253 ἐπιφαινόμενον.
3115 3182 3312 3233 Σκόπει
3331 3180 3386 3231 δὲ
3409 3181 3490 3233 ὃτι
3512 3179 3597 3231 ὅτε
3622 3178 3719 3247 μὲν
3752 3174 3987 3247 Ἰωάννῃ

2402 3278 2509 3330 ἔδει
2552 3278 2572 3307 ⁸
2600 3278 2659 3327 τὸ
2698 3274 2921 3343 Πνεῦμα
2960 3273 3352 3343 γνωρισθῆναι,
3390 3272 3580 3342 ἐχρῆν,
3611 3270 3744 3323 ὡσεὶ
3775 3268 3889 3339 πῦρ
3935 3268 3984 3322 ⁷.

2415 3368 2664 3422 Ἐκάθισέ
2687 3385 2744 3419 τε
2784 3366 2869 3434 ἐφ’
2893 3366 2989 3417 ἕνα
3005 3366 3243 3416 ἕκαστον.
3262 3363 3462 3416 αὐτῶν.
3496 3363 3753 3415 Τουτέστι
3774 3376 3789 3390 ⁸
3829 3378 3983 3429 παρ-

2365 3496 2369 3498 ν
2403 3462 2639 3531 έμεινεν,
2668 3458 3107 3519 Δἐπανεπαύσσ.το.
3147 3454 3220 3507 Τὸ
3251 3456 3357 3524 γὰρ
3387 3453 3607 3507 καθίσαι
3636 3452 3729 3505 τοῦ
3760 3451 3985 3521 ἑδραίου

2405 3539 2739 3623 σημαντικὸν
2792 3551 2886 3603 καὶ
2942 3534 3052 3601 τοῦ
3078 3550 3279 3616 μεῖναι.
3330 3546 3452 3599 Ἐπὶ
3495 3544 3729 3608 τίναςδέ
3756 3544 3987 3598 ἐκάθισε

2402 3649 2462 3699 τὸ
2498 3643 2742 3714 Πνεῦμα,
2776 3642 2870 3694 ἐπὶ
2924 3641 3049 3702 τοὺς
3096 3638 3161 3707 ιβ’
3220 3641 3411 3709 μόνον,
3440 3638 3474 3706 ἢ
3544 3639 3636 3690 ἐπὶ
3682 3638 3808 3700 τοὺς
3858 3634 3984 3705 ρκ’;

2404 3739 2655 3810 Δηλονότι
2697 3738 2787 3788 ἐπὶ
2815 3735 3044 3795 πάντας.
3077 3733 3153 3785 Οὐ
3202 3733 3309 3801 γὰρ
3348 3718 3412 3786 ἂν
3466 3729 3652 3793 ἁπλῶς
3684 3730 3989 3797 παρήγαγε

2402 3831 2495 3895 τὸν
2531 3828 2815 3898 προφήτην
2861 3826 2888 3877 ὁ
2930 3825 3133 3894 Πέτρος
3190 3823 3361 3889 λέγων
3388 3839 3400 3852 ·
3436 3822 3544 3874 Καὶ
3574 3821 3724 3873 ἔσται
3759 3822 3817 3872 ἐν
3854 3822 3990 3883 ταῖς

2403 3920 2659 3988 ἐσχάταις
2690 3917 2925 3986 ἡμέραις
2949 3958 2963 3981 ,
2996 3913 3172 3983 ἐκχεῶ
3205 3912 3315 3965 ἀπὸ
3369 3912 3460 3965 τοῦ
3513 3910 3832 3979 Πνεῦματός
3875 3926 3988 3978 μου

2404 4013 2495 4064 ἐπὶ
2554 4012 2733 4062 πᾶσαν
2788 4008 2985 4076 σάρκα.
3049 4005 3157 4057 Καὶ
3213 4006 3311 4073 οὐχ
3362 4003 3547 4064 ἁπλῶς
3586 4002 3816 4065 ἔλαϐον,
3859 4001 3987 4054 ἀλλ’

2404 4103 2755 4171 ἐπλήσθησαν
2776 4116 2789 4129 ⁸
2830 4100 2923 4151 καὶ
2954 4098 3213 4159 ἅπαντες,
3256 4097 3417 4164 φησίν
3440 4113 3453 4127 ο
3478 4096 3576 4165 οὐχ
3609 4095 3659 4147 οι
3692 4094 3987 4146 ἀπόστολοι

2409 4194 2591 4264 μόνον.
2618 4193 2819 4243 Σκόπει
2840 4190 2918 4253 δὲ,
2945 4190 3070 4242 ὅταν
3100 4187 3553 4257 προσκαρτερῶσι
3586 4190 3651 4257 τῇ
3697 4189 3985 4256 προσευχῇ

2405 4288 2499 4341 καὶ
2524 4290 2589 4357 τῇ
2619 4287 2800 4353 δεήσει
2818 4326 2831 4348 ,
2856 4286 2984 4337 ὅταν
3007 4284 3228 4351 ἀγάπην
3255 4282 3439 4351 ἔχωσι,
3492 4281 3615 4335 τότε
3650 4282 3711 4334 τὸ
3756 4279 3991 4349 Πνεῦμα

2404 4378 2789 4449 παραγίνεται.
2817 4376 2915 4428 Διὰ
2950 4375 3003 4427 τί
3054 4372 3129 4427 δὲ’
3156 4376 3215 4426 ἐν
3266 4374 3397 4426 εῖδει
3441 4374 3611 4442 πυρὸς
3643 4372 3833 4441 ὤφθης
3862 4374 3990 4425 Ἰνα

2404 4468 2552 4541 δείξῃ
2575 4511 2586 4530 ,
2616 4469 2696 4521 ὃτι
2725 4470 2823 4535 τῆς
2852 4466 3019 4535 αὐτῆς
3052 4468 3200 4518 ἐστιν
3230 4464 3417 4526 οὐσίας
3438 4464 3532 4515 τοῦ
3557 4463 3811 4532 ὀφθέντος
3841 4463 3862 4494 ⁸
3888 4464 3990 4517 ἐπὶ

729 4548 948 4618 pliciter
974 4553 1343 4618 acceperunt,
1376 4546 1471 4601 sed
1504 4547 1695 4616 repleti
1750 4558 1897 4603 sunt.
1946 4548 2033 4615 Et,
2084 4566 2290 4616 omnesl

2402 4562 2501 4631 τῆς
2543 4560 2705 4629 βάτου
2742 4560 2797 4610 ἐν
2834 4559 2961 4610 εῖδει
2988 4558 3176 4626 πυρός.
3217 4556 3326 4608 Καὶ
3372 4553 3595 4608 ἐκάθισε
3630 4554 3729 4624 μὲν
3759 4554 3852 4606 ἐπί⁸
3880 4555 3989 4624 τὴν

732 4639 931 4709 inquit,
996 4654 1104 4692 non
1158 4638 1388 4706 apostoli
1417 4638 1541 4692 soli.
1610 4637 1854 4693 Observa
1897 4650 2293 4707 autem:,cum

731 4730 1110 4785 incumberent
1134 4719 1369 4783 orationi
1390 4744 1455 4782 ac
1481 4729 1813 4798 precationi:
1845 4747 1969 4786 cum
2006 4732 2298 4788 dilecuone

728 4820 941 4891 νηξόίιὶ
966 4827 1184 4875 essent:
1221 4828 1351 4872 tunc
1377 4818 1613 4888 Spiritus
1643 4821 1873 4875 accedit.
1935 4821 2042 4877 Sed
2102 4840 2201 4876 cur
2238 4826 2291 4878 in

735 4909 921 4980 specie
942 4908 1086 4980 ignis
1132 4908 1423 4978 apparuit?
1470 4908 1541 4963 Ut
1586 4910 1901 4965 ostenderit
1950 4929 2008 4968 se
2052 4915 2297 4983 ejusdem

730 5018 852 5059 esse
880 5012 1086 5056 naturae
1128 5016 1253 5055 cum
1284 5001 1397 5065 illo,
1439 5001 1531 5071 qui
1564 5016 1731 5071 super
1783 5003 1976 5057 rubum
2017 5007 2169 5061 visus
2217 5018 2301 5062 est

730 5096 787 5150 in
815 5096 998 5165 specie
1019 5094 1180 5165 ignis.
1204 5093 1283 5146 Ac
1312 5095 1449 5146 sedit
1473 5091 1689 5162 quidem
1716 5110 1878 5161 super
1901 5107 2087 5164 caput,
2108 5113 2294 5151 verum

731 5197 885 5243 totus
922 5186 1084 5242 homo
1144 5186 1388 5256 repletus
1420 5195 1524 5239 est.
1587 5184 1881 5241 Videbatur
1930 5191 2075 5242 enim
2135 5206 2299 5259 super

734 5288 900 5350 caput
928 5280 1149 5334 illorum
1180 5279 1345 5347 ignis,
1374 5292 1479 5331 n0n
1520 5278 1871 5343 comburens,
1922 5280 2015 5335 sed
2049 5284 2295 5337 sanctiﬁ-

2404 4651 2667 4719 κεφαλήν,
2690 4649 2799 4703 ἀπὸ
2838 4648 2894 4699 δέ
2928 4649 3023 4716 τῆς
3053 4646 3295 4716 κεφαλῆς
3317 4645 3609 4715 ἐπληρώθη
3642 4647 3671 4697 ὁ
3694 4645 3990 4715 ἄνθρωπος

2403 4744 2520 4804 ὅλος
2542 4758 2554 4770 ·
2598 4737 2666 4809 ἦν
2686 4739 2793 4809 γὰρ
2826 4739 2955 4791 ίδεῖν
2987 4739 3127 4808 ὺπέρ
3154 4738 3253 4806 τῆς
3283 4736 3521 4807 κεφαλῆς
3540 4736 3720 4789 αὐτῶν
3752 4736 3887 4805 πῦρ,
3921 4738 3986 4790 οὐ

2406 4836 2578 4896 καῖον,
2612 4831 2725 4884 ἀλλ’
2762 4829 2989 4898 ἁγιάζον
3028 4831 3122 4882 καὶ
3174 4828 3555 4898 καταλάμπον.
3588 4829 3687 4881 Διὰ
3709 4829 3760 4881 τί
3786 4828 3845 4882 δέ
3886 4830 3990 4890 τὰς

2407 4923 2658 4990 γλώσσας
2688 4923 2790 4975 οὐκ
2825 4923 2918 4975 ἐπὶ⁵
2952 4922 3045 4973 τοῦ
3092 4922 3380 4991 στόματος,
3414 4922 3529 4975 ἀλλ’
3562 4921 3657 4973 ἐπὶ
3685 4925 3781 4989 τῆς
3813 4940 3990 4991 κεφα-

2406 5016 2502 5083 λῆς
2543 5016 2823 5080 ἐδέξαντο;
2862 5016 2975 5067 Οὐκ
3010 5016 3088 5077 είς
3123 5014 3220 5084 τὴν
3273 5015 3544 5082 γλῶσσαν,
3589 5014 3869 5067 τουτέστιν
3903 5018 3988 5079 είς

2406 5106 2464 5156 τὸ
2494 5106 2594 5173 τῆς
2624 5105 2839 5173 φύσεως
2872 5104 3105 5175 ὄργανον
3136 5103 3290 5171 ἐδόθη
3317 5104 3376 5155 τὸ
3399 5104 3623 5173 Πνεῦμα
3643 5120 3655 5132 ·
3679 5104 3765 5155 ἵνα.
3791 5106 3867 5172 μὴ
3899 5122 3990 5155 νο-

2410 5195 2675 5263 μισθῶσιν
2708 5198 2771 5248 ἐκ
2835 5196 2943 5247 τῶν
2988 5196 3133 5249 ἰδίων
3198 5194 3440 5262 λαγόνων
3482 5196 3576 5248 καὶ
3608 5196 3671 5246 ἐκ
3717 5192 3812 5245 τοῦ
3849 5194 3986 5247 ἰδίου

2404 5289 2669 5358 στόματος
2710 5288 3006 5357 προφέρειν
3060 5288 3095 5341 a
3155 5288 3229 5358 μῆ
3278 5284 3421 5357 εἶχον
3448 5304 3461 5317 ·
3506 5288 3619 5341 ἀλλ’
3679 5285 3869 5356 ὥσπερ
3906 5289 3988 5349 εἰς

1918 5400 2118 5460 Variae
2159 5400 2466 5467 lectiones
2499 5413 2559 5465 et
2593 5412 2783 5466 notae.

830 5506 845 5528 ‘
880 5504 1166 5567 τηνκσταί.
1245 5500 1269 5533 ³
1297 5496 1745 5567 προσαγαγέσθαι
1773 5510 1906 5559 erat,
1982 5501 2003 5530 ‘
2040 5502 2149 5563 im,
2181 5504 2342 5557 τισίν.

2422 5508 2441 5535 ⁵
2470 5506 2579 5567 ἵσ.,
2608 5507 2723 5559 καί.
2804 5508 2823 5535 ⁸
2851 5509 2935 5559 ἶσ.
2972 5502 3099 5559 εἶδε.
3182 5509 3199 5535 ⁷
3229 5505 3396 5559 Locus
3425 5505 3575 5558 valde
3622 5512 3903 5564 corruptus
3932 5510 3983 5553 ct

732 5570 969 5644 mutilus.
996 5566 1110 5620 Hoc
1131 5566 1413 5644 enim‘veile
1429 5569 1603 5621 dicere
1633 5567 1865 5621 videtur:
1895 5587 1917 5644 _c
1944 5569 2165 5633 Quando
2193 5572 2424 5627 Joannes
2453 5566 2659 5644 quidem
2691 5576 2819 5628 vidit
2853 5576 3132 5644 Spiritum,
3191 5578 3318 5628 vidit
3355 5587 3603 5643 tanquam
3642 5573 3942 5644 columbam
3965 5585 3983 5621 :

734 5638 983 5714 apostolis
1016 5648 1197 5714 autent
1220 5638 1372 5714 illum
1419 5654 1673 5705 apparere
1704 5640 1971 5703 oportebat
2008 5644 2058 5693 in
2091 5645 2254 5708 specie
2303 5638 2483 5712 ignis}
2535 5667 2550 5695 ι
2594 5657 2748 5713 atque
2802 5638 3079 5699 ita-multa
3121 5638 3401 5714 defuerint.
3459 5638 3500 5676 ’⁸
3544 5646 3628 5697 Io.
3654 5643 3732 5712 τῷ
3760 5642 3990 5710 ὀφθέντι

732 5716 846 5770 aut,
874 5709 941 5775 τῇ
976 5706 1068 5759 τοῦ
1101 5706 1377 5775 ὀφθέντος.

809 5824 832 5861 ε
863 5822 1025 5877 Locus
1070 5834 1344 5893 corruptus
1401 5826 1546 5881 valde
1576 5838 1621 5879 rt
1663 5828 1891 5883 mutilus.
1972 5834 1992 5869 ιι
2030 5830 2194 5885 Lerna
2230 5836 2346 5886 tlt’tn
2400 5836 2695 5902 corruptus.
