4156 6440
156 383 264 445 533

910 378 1318 441 EXPOSI'I'IO
1359 379 1439 440 IN
1482 381 1668 440 ACTA
1700 379 2274 446 APOSTOLORUM.
2313 410 2377 418 —
2403 386 2561 448 CAP.
2599 388 2680 448 ΙΙ.

3313 387 3419 450 534

155 492 384 561 οὐρανὸν
449 493 517 544 τὰ
565 493 729 544 ῦδατα
753 491 1166 562 λαμϐανόμενα,
1198 492 1296 554 τὰς
1346 492 1591 560 κορυφὰς
1633 489 1742 542 τῶν

1852 505 1980 545 rans
2008 501 2056 545 ct
2093 493 2427 550 illuminans.
2464 496 2575 548 Cur
2601 497 2727 548 item
2780 496 2992 565 linguas
3044 511 3148 550 non
3207 495 3258 548 in
3301 508 3418 548 ore.

156 586 323 652 ὀρέων
355 585 835 654 καταλαμϐάνουσι
861 625 877 650 ,
901 584 998 638 καὶ
1026 585 1134 638 ἀπὸ
1160 585 1268 637 τῶν
1295 584 1605 653 ὑψωμάτων
1645 583 1739 634 ἐπὶ

156 674 254 736 τὶς
307 677 605 742 φάραγγας
657 677 1094 746 καταφέρονταιο
1129 674 1276 729 οὕτω
1325 676 1423 746 τὴν
1470 676 1734 744 κορυφὴν,

158 766 228 825 ὡς
290 767 421 835 ὅρος
468 767 966 836 καταλαμϐάνουσα
1013 770 1046 838 ἡ
1073 768 1166 821 τοῦ
1204 769 1521 836 Πνεύματος
1555 767 1737 837 χάρις,

157 860 539 928 ἐπεχορήγησε
567 859 755 912 λοιπὸν
769 860 882 912 ἀπὸ
909 861 1010 928 τῆς
1033 859 1277 930 κορυφῆς
1303 859 1381 929 τῷ
1415 858 1736 928 ἐγκεφάλῳ,

158 947 276 1004 εἶτα
301 952 379 1021 τῷ
416 952 654 1019 στόματι
686 951 781 1005 καλ⁵
829 955 895 1022 τῇ
950 952 1181 1022 καρδία,
1225 953 1318 1004 κατ⁵
1355 951 1476 1004 ὅλον
1518 950 1584 1002 δι’
1615 950 1738 1003 ὅλου

159 1044 246 1095 τὸν
284 1042 575 1112 ἄνθρωπον
611 1043 930 1113 ἐπλήρωσεν
985 1041 1094 1096 ἀπὸ
1122 1043 1219 1109 τῆς
1255 1041 1522 1110 κεφαλῆς.
1558 1042 1656 1094 Διά
1686 1041 1740 1093 τί

157 1133 210 1185 δὲ
274 1135 441 1187 πάλιν
491 1136 586 1186 ἐπὶ
643 1135 744 1204 τὴν
790 1135 1072 1204 κεφαλήνς
1103 1133 1324 1202 Ἐπειδὴ
1348 1134 1400 1186 οι
1449 1133 1740 1188 ἀπόστολοι

162 1225 596 1294 ἐχειροτονοῦντο
655 1227 758 1296 τῆς
788 1227 1116 1296 οἰκουμένης
1170 1225 1500 1280 διδάσκαλοι.
1551 1225 1743 1294 Χειρο-

160 1318 391 1370 τονίαδὲ
421 1317 610 1382 ἁπλῶς
662 1319 724 1372 οὺ
778 1319 1012 1388 γίνεται,
1049 1321 1098 1372 εί
1165 1320 1240 1389 μὴ
1291 1319 1348 1370 ἐν
1390 1320 1460 1386 τῇ
1504 1316 1738 1387 κεφαλῇ.

161 1410 230 1461 Τὸ
253 1407 350 1463 οῦν
381 1411 484 1474 τὰς
519 1411 770 1479 γλώσσας
793 1411 890 1464 ἐπὶ
909 1410 1020 1463 τῶν
1040 1410 1294 1480 κεφαλῶν
1340 1405 1478 1463 εἶναι
1499 1409 1743 1463 δείκνυσι

162 1504 501 1572 χειροτονίας
533 1504 750 1575 σχῆμα.
788 1504 961 1574 ’Υπὲρ
991 1506 1091 1572 τῆς
1114 1504 1361 1574 κεφαλῆς
1391 1505 1500 1574 γὰρ
1533 1503 1742 1556 τίθεται

164 1597 194 1664 tl;
247 1598 590 1664 χειροτονία·
655 1596 842 1662 καθὼς
904 1597 1002 1650 καὶ
1044 1597 1150 1660 ἕως
1203 1596 1298 1650 νῦν
1350 1596 1627 1667 ἐκράτησε
1681 1594 1744 1648 τὸ

163 1689 415 1754 πρᾶγμα.
470 1687 692 1758 Ἐπειδὴ
747 1688 852 1760 γὰρ
892 1687 1135 1758 ἀόρατός
1183 1688 1332 1742 ἐστιν
1377 1688 1411 1758 ἡ
1460 1685 1557 1740 τοῦ
1585 1685 1742 1754 ἁγίου

167 1782 482 1849 Ηνεύματος
536 1783 900 1852 ἐπιφοίτησις,
943 1782 1248 1836 ἐπιτίθεται
1287 1783 1353 1852 τῇ
1387 1781 1596 1852 κεφαλῇ
1646 1779 1742 1833 τοῦ

1846 585 1940 638 sed
1973 587 2024 637 in
2051 586 2231 654 capite
2252 598 2584 658 acceperunt
2611 589 2633 640 ?
2663 588 2781 641 Non
2809 590 2862 642 in
2891 590 3154 659 linguam,
3185 587 3286 640 hoc
3309 595 3418 649 est,

1849 679 1898 729 in
1935 678 2068 732 illud
2099 680 2524 735 instrumentum
2554 691 2764 736 natura:
2809 682 2971 736 datus
3009 690 3095 736 est
3142 681 3417 752 Spiritus:

1847 783 1916 821 ne
1943 769 2396 824 existimarentur
2425 788 2491 825 ex
2548 773 2664 828 suis
2699 773 2962 826 lateribus
3015 781 3069 824 et
3101 787 3164 825 ex
3202 787 3305 826 suo
3327 785 3423 823 ore

1845 858 2116 926 prolerre,
2144 875 2266 929 quae
2293 875 2402 914 non
2436 861 2728 926 habebant,
2753 861 2846 916 sed
2876 859 3335 931 quemadmodum
3364 859 3419 912 in

1847 951 2071 1015 cmlum,
2094 965 2221 1006 cum
2249 967 2406 1022 aquae
2437 953 2822 1022 suscipiuntur
2874 953 3144 1006 montium
3189 953 3422 1005 vertices

1847 1051 2141 1113 occupant,
2194 1053 2309 1098 eta
2363 1046 2778 1100 summitatibus
2808 1045 3131 1099 deferuntur
3183 1045 3237 1096 in
3291 1061 3422 1095 eon-

1848 1135 2060 1190 valles:
2096 1135 2287 1192 eodem
2318 1139 2481 1193 modo
2530 1138 2708 1209 gratia
2762 1138 3000 1206 Spiritus
3041 1139 3328 1202 verticem,
3365 1149 3424 1189 ut

1846 1237 2086 1284 montem
2135 1243 2436 1300 occupans,
2497 1230 2568 1284 de
2611 1230 2818 1284 vertice
2875 1231 3139 1299 deinceps
3196 1230 3424 1283 cerebro

1849 1320 2248 1389 suppeditavit,
2285 1320 2484 1376 deinde
2513 1322 2594 1376 ori
2625 1331 2679 1377 et
2707 1321 2885 1386 cordi,
2920 1330 2975 1377 et
3001 1331 3176 1398 totum
3205 1324 3425 1391 penitus

1850 1408 2124 1464 hominem
2155 1425 2184 1464 a
2209 1411 2387 1481 capite
2415 1411 2665 1480 replevit.
2691 1412 2796 1466 Sed
2833 1428 2955 1478 cur,
2989 1413 3232 1482 inquam,
3260 1428 3426 1480 super

1849 1511 2014 1572 caput
2033 1504 2059 1557 ἳ
2093 1503 2230 1570 Quia
2253 1505 2486 1576 apostoli
2516 1504 2669 1562 orbis
2701 1514 2974 1560 terrarum
3001 1505 3255 1561 doctores
3279 1505 3426 1560 desi-

1849 1595 2166 1662 gnabantur
2198 1603 2254 1652 et
2287 1597 2711 1653 ordinabantur.
2740 1595 3060 1668 Designatio
3082 1606 3289 1662 autem,
3327 1613 3423 1653 seu
3460 1649 3467 1656 .

1848 1685 2129 1742 ordinatio
2162 1688 2488 1757 simpliciter
2519 1703 2627 1743 non
2665 1688 2744 1752 lit,
2782 1688 2890 1744 nisi
2941 1688 2992 1742 in
3024 1689 3225 1759 capite.
3253 1688 3426 1756 Igitur

1854 1796 1950 1851 per
1980 1781 2106 1845 hoc,
2131 1781 2278 1851 quod
2308 1780 2506 1852 lingua:
2556 1792 2718 1836 erant
2747 1796 2917 1852 super
2948 1783 3149 1852 capita,
3178 1781 3426 1840 ostendi-

168 1869 455 1937 μέλλοντος
488 1871 915 1940 χειροτονεζσθαι
946 1871 1247 1942 ἀρχιερέως
1277 1870 1342 1924 τό
1379 1870 1746 1939 Εὐαγγιλιον,

1852 1883 1946 1930 tur
1967 1874 2140 1945 ﬁgura
2185 1874 2572 1930 ordinationis.
2623 1875 2802 1945 Super
2845 1884 3011 1946 caput
3062 1875 3210 1930 enim
3255 1891 3425 1930 manu

169 1962 253 2013 καὶ
281 1963 413 2015 ὅταν
439 1963 692 2036 ὲπιτεθῇ,
749 1963 904 2018 οὐδὲν
957 1965 1090 2020 ἄλλο
1122 1965 1275 2020 ἐστιν
1327 1963 1475 2029 ίδεῖν,
1506 1963 1541 2035 ἢ
1573 1964 1751 2032 γλῶσ-

171 2068 262 2103 σαν
281 2052 488 2123 πυρὸς,
518 2055 880 2125 ἐπικειμένην
901 2058 965 2126 τῇ
1007 2055 1217 2126 κεφαλῇ
1253 2056 1529 2124 γλῶσσαν,
1567 2055 1659 2108 διὰ
1682 2055 1751 2108 τὸ

169 2147 428 2214 κήρυγμα
459 2145 651 2216 πυρὸς,
674 2145 761 2198 διά
781 2147 873 2200 τὸν
903 2146 1131 2214 λέγοντα
1147 2162 1162 2178 ο
1188 2147 1314 2215 Πῦρ
1337 2143 1753 2216 ἦλθονβαλεῖν

170 2235 261 2288 ἐπὶ
291 2235 413 2304 τὴν
436 2235 572 2305 γῆν.
591 2239 717 2291 υύκ
747 2233 866 2292 εἷπε
902 2238 980 2304 δὲ,
1021 2239 1286 2310 ήδράσθη,
1318 2239 1352 2311 ἢ
1385 2241 1749 2311 κατήντησεν.

171 2328 299 2392 ἀλλ’,
329 2329 612 2397 ἐκάθισεν,
637 2329 777 2395 οὐδὲ,
805 2331 1162 2396 ἐπεπόλασεν,
1202 2332 1342 2399 ἀλλ’,
1365 2330 1618 2386 ἐκάθισεν
1652 2333 1752 2385 s1:-

172 2421 302 2472 ἀνω·
334 2422 429 2474 ἶνα
458 2421 608 2492 δείξῃ
645 2422 728 2475 ὅτι
763 2425 870 2486 πᾶς
902 2424 1044 2494 ἀνὴρ
1071 2424 1357 2494 δεχόμενος
1390 2422 1751 2495 λειτουργίαν,

175 2513 350 2582 θρόνος
384 2516 504 2566 ἐστὶ
533 2516 693 2570 Θεοῦ.
723 2518 834 2569 Καὶ
861 2518 1098 2588 ἧρξαντο
1137 2518 1318 2572 λαλεῖν
1338 2519 1552 2588 ἑτέραις
1569 2517 1752 2587 γλώσ-

175 2622 304 2669 σαις.
357 2607 426 2661 Ἦ
461 2607 550 2660 τοῦ
577 2610 722 2662 Θεοῦ
755 2611 916 2681 χάρις
937 2612 1288 2682 ᾡκονόμησεν
1317 2612 1413 2666 ἀπ’
1434 2612 1612 2682 ἀρχῆς
1638 2613 1752 2674 τοῖς

175 2704 492 2766 ἀποστόλοις
525 2705 843 2776 ἔμπρακτον
872 2703 1121 2760 εἶναιτδν
1138 2705 1316 2774 λόγον.
1341 2707 1439 2770 Τίς
1455 2707 1564 2777 γάρ
1594 2707 1753 2777 χρεία

176 2786 236 2858 ἦν
261 2793 544 2863 κηρύκων,
593 2796 705 2848 τῶν
732 2797 1040 2850 ἀκουόντων
1075 2797 1177 2850 οὐκ
1218 2796 1427 2862 δντωνς
1474 2797 1629 2851 Ἐπεὶ
1653 2796 1751 2850 οὖν

177 2886 330 2956 ἐχρῆν
355 2888 464 2955 τὴν
507 2888 762 2958 ἀπαρχὴν
804 2889 913 2942 τῶν
938 2888 1107 2942 ἐθνῶν
1141 2889 1198 2955 ἐξ
1227 2889 1410 2942 αὐτῶν
1437 2888 1547 2942 τῶν
1571 2906 1755 2960 προοι-

182 2978 306 3044 μίων
331 2979 492 3042 τάξιν
512 2978 720 3044 λαϐεῖν,
741 2981 937 3048 ἐπάγει
961 2984 990 3034 ό
1009 2981 1380 3050 συγγραφεὺς,
1397 2982 1504 3034 Καὶ
1523 2979 1754 3050 ἤρξαντο

180 3069 344 3124 λαλεῖν
374 3071 598 3141 ἑτέραις
631 3070 924 3140 γλώσσαις.
977 3073 1135 3135 Τίνος
1163 3074 1218 3126 δὲ
1251 3074 1459 3136 ἕνεκεν,
1508 3074 1612 3143 πρὸ
1647 3073 1754 3127 τῶν

179 3159 338 3214 ἄλλων
368 3165 754 3232 χαρισμάτων,
782 3164 844 3218 τὸ
875 3165 984 3218 τῶν
1013 3165 1274 3232 γλωσσῶν
1305 3163 1494 3218 ἔλαϐον
1532 3166 1582 3218 οί
1615 3165 1749 3218 ἀπόο
1775 3197 1820 3256 c

181 3253 379 3319 στολοι;
412 3255 639 3323 Ἐπειδὴ
696 3257 970 3326 πανταχοῦ
1009 3256 1318 3327 διέρχεσθαι
1371 3257 1619 3326 ἔμελλον,
1657 3259 1749 3310 καὶ

180 3347 351 3414 ῶσπερ
380 3349 440 3399 ἐν
482 3347 561 3416 τῷ
600 3347 776 3416 καιρῷ
805 3349 902 3416 τῆς
942 3349 1306 3418 πυργοποιίας
1337 3351 1368 3417 ἡ
1415 3351 1511 3418 μία
1536 3349 1749 3416 γλῶττα

180 3437 250 3498 tl;
283 3439 490 3500 πολλὰς
517 3439 848 3508 διετὲμνετο,
884 3440 1026 3494 οὕτω
1049 3443 1169 3494 τότε
1201 3443 1256 3494 αἱ
1280 3442 1473 3495 πολλαὶ
1507 3441 1749 3508 γλῶσσαι

184 3527 251 3589 tl;
275 3528 368 3582 ἕνα
405 3528 703 3599 ἄνθρωπον
749 3531 941 3600 ᾔεσαν,
982 3535 1077 3584 καὶ
1110 3532 1139 3585 ό
1175 3534 1337 3596 αὐτὸς
1371 3534 1468 3588 καὶ
1509 3536 1575 3603 τῇ
1610 3533 1750 3601 Περ-

186 3621 300 3684 σῶν,
331 3623 425 3675 καὶ
466 3625 532 3692 τῇ
579 3622 891 3692 Ῥωμαίων,
928 3626 1024 3678 καὶ
1053 3627 1120 3696 τῇ
1173 3625 1373 3688 Ἰνδῶν,
1409 3625 1500 3678 καὶ
1532 3625 1750 3694 ἑτέραις

184 3714 384 3777 πολλαῖς
411 3714 691 3782 διελέγετο
711 3713 1004 3782 γλώσσαις,
1039 3715 1133 3768 τοῦ
1156 3715 1472 3784 Πνεῦματος
1495 3716 1751 3786 ἐνηχοῦν-

185 3822 261 3870 τος
296 3808 468 3876 αύτῷ.
502 3807 612 3861 Καὶ
660 3809 722 3859 τὸ
746 3807 994 3878 χάρισμα
1021 3809 1269 3860 ἐκαλεῖτο
1303 3809 1548 3877 χάρισμα
1578 3807 1753 3874 γλωτ-

184 3893 294 3952 τῶν,
333 3894 529 3964 ἐπειδὴ
577 3893 801 3957 πολλαῖς
862 3894 1058 3964 ἀθρόον
1097 3895 1366 3964 ἠδύναντο
1408 3895 1589 3950 λαλεῖν
1637 3912 1752 3962 φωο

185 3987 308 4048 ναξ,
327 3986 516 4046 καθὼς
535 3986 598 4040 τδ
630 3985 857 4056 Πνεῦμα
877 3986 1046 4039 ἔδιδον
1075 3989 1260 4050 αὐτοῖς
1272 3987 1742 4056 ἀποφθέγγεσθαι.

189 4077 251 4127 ο)
284 4077 387 4146 γάρ
414 4079 511 4145 ἀφ’
545 4077 758 4129 ἑαυτῶν
790 4063 1140 4144 ἐφθέγγοντο,
1175 4079 1290 4130 ἀλλ’
1324 4080 1432 4132 ἀπὸ
1463 4079 1559 4132 τοῦ
1591 4081 1750 4148 ἁγίου

187 4169 488 4239 Πνεῦματος
547 4168 964 4238 ἀπεφθέγγοντο
1023 4172 1501 4240 προφητεύοντες,
1559 4175 1750 4244 ήγουν,

1848 1978 2075 2026 extensa
2104 1969 2283 2039 posita
2321 1968 2598 2022 ordinatio
2633 1968 2711 2022 (lt.
2751 1967 3230 2035 Quemadmodum
3259 1969 3427 2024 etiam

1851 2062 1917 2117 ad
1943 2063 2047 2116 hoc
2067 2074 2250 2130 usque
2285 2067 2502 2128 tempus
2527 2074 2617 2113 res
2649 2059 2907 2114 obtinuit.
2965 2057 3424 2130 Quandoquidem

1850 2152 1998 2208 enim
2029 2150 2327 2206 invisibilis
2375 2157 2464 2206 est
2500 2148 2676 2203 sancti
2722 2147 2957 2218 Spiritus
3003 2164 3283 2212 accessus,
3329 2151 3431 2202 im-

1852 2243 2079 2314 ponitur
2115 2242 2285 2312 capiti
2351 2239 2642 2296 ordinandi
2697 2239 2976 2308 pontilieis
3029 2237 3426 2309 Erangelium:

1850 2333 1996 2404 quod
2031 2349 2158 2387 eum
2201 2332 2366 2386 fuerit
2414 2331 2756 2400 impositum,
2803 2329 2942 2383 nihil
2995 2328 3148 2382 aliud
3183 2330 3423 2390 videtur,

1851 2441 2014 2497 quam
2051 2425 2235 2494 lingua
2274 2425 2432 2494 ignea
2467 2421 2716 2476 insidens
2737 2421 2902 2488 capiti
2932 2443 2941 2475 :
2968 2421 3177 2491 lingua,
3205 2431 3432 2490 pr0ptrr

1854 2518 2341 2588 praedicationem:
2392 2515 2548 2583 ignea
2587 2525 2812 2583 propter
2863 2529 3010 2578 eum,
3055 2515 3144 2584 qui
3182 2514 3429 2569 dicebat:

1859 2630 1878 2664 ι
1903 2609 2084 2680 Ignem
2113 2609 2228 2662 veni
2269 2617 2324 2660 nt
2365 2608 2573 2660 mittant
2590 2607 2642 2659 in
2669 2617 2914 2661 terram.»
2937 2605 3052 2662 Non
3071 2606 3208 2662 dixit
3226 2618 3429 2673 autem,

1855 2703 2141 2757 Fundatus
2158 2717 2252 2756 seu
2284 2701 2590 2756 collocatus
2615 2709 2699 2754 est
2722 2719 2735 2753 :
2770 2711 2884 2763 aut,
2919 2698 3210 2754 Descendit
3229 2708 3285 2754 et
3310 2715 3432 2765 pcr-

1853 2796 2036 2850 vcnit:
2063 2794 2182 2860 sed,
2211 2791 2497 2859 Consedit,
2535 2807 2713 2862 neque
2760 2793 2815 2846 in
2857 2790 3147 2861 superﬁcie
3191 2790 3427 2855 exstitit,

1853 2897 1907 2946 et
1937 2889 2094 2960 quasi
2129 2887 2376 2949 emicuit,
2417 2886 2514 2942 s‘ed
2540 2886 2678 2944 sedit
2718 2902 2912 2957 supra:
2943 2887 3048 2956 22
3084 2893 3141 2940 ut
3172 2885 3431 2940 ostende-

1854 2991 1960 3045 ret,
1994 2980 2248 3050 quemvis
2307 2979 2610 3041 hominem,
2661 2977 2753 3047 qui
2809 2977 3046 3046 alicujus
3091 2976 3337 3030 muneris
3381 2983 3435 3028 et

1853 3075 2038 3143 operis
2068 3072 2606 3126 administrationem
2662 3078 2826 3140 atque
2877 3069 3221 3123 sanctionem
3256 3068 3435 3123 susci-

1858 3166 1960 3237 pit,
1996 3181 2120 3220 esse
2155 3164 2354 3220 solium
2405 3163 2520 3220 Dei.
2573 3161 2638 3214 Et
2676 3169 2963 3228 reaper-unt
3000 3159 3148 3230 loqui
3198 3159 3436 3216 diversis

1859 3259 2081 3330 linguis.
2107 3257 2297 3311 Divina
2322 3260 2493 3326 gratia
2521 3256 2588 3308 ab
2625 3254 2784 3308 initio
2804 3252 3076 3322 disposuit
3106 3260 3161 3306 et
3208 3253 3436 3307 ordina-

1858 3351 1954 3413 vit,
1993 3358 2051 3403 ut
2086 3349 2456 3418 apostolorum
2491 3361 2672 3401 sermo
2697 3344 2883 3399 eﬂicax
2908 3353 3075 3399 esset.
3106 3343 3245 3410 Quis
3280 3345 3430 3398 enim

1859 3455 1994 3494 usus
2015 3447 2162 3494 esset
2197 3453 2531 3508 praeconum,
2585 3437 2630 3490 si
2663 3436 2848 3490 desint
2879 3435 2970 3505 qui
2997 3435 3260 3489 audiant?
3283 3433 3433 3502 Quo~

1858 3530 2007 3583 niam
2044 3529 2212 3597 igitur
2232 3528 2522 3597 oportebat
2555 3525 2831 3595 primitias
2882 3526 3128 3594 gentium
3182 3526 3251 3580 ab
3299 3525 3436 3595 ipsis

1859 3620 2146 3690 principiis
2177 3621 2425 3673 ordinem
2478 3625 2532 3672 et
2587 3618 2766 3672 locum
2819 3617 3093 3686 accipere,
3146 3616 3436 3686 subjungit

1859 3713 2132 3780 scriptor:
2172 3709 2238 3762 Et
2269 3719 2556 3778 eruperunt
2586 3709 2733 3778 loqui
2777 3709 3013 3764 diversis
3057 3709 3275 3780 linguis.
3330 3707 3436 3762 Sed

1858 3804 2020 3871 cuius
2056 3803 2131 3856 rei
2162 3803 2339 3870 gratia
2375 3810 2502 3856 ante
2535 3809 2730 3856 caetera
2766 3799 2910 3855 dona
2961 3799 3167 3854 donum
3219 3800 3436 3869 lingua-

1859 3910 1980 3948 rum
2017 3893 2264 3962 Apostoli
2289 3905 2621 3961 acceperunt
2640 3893 2813 3961 {quia
2841 3906 3036 3946 omnes
3064 3896 3250 3960 partes
3272 3906 3434 3958 pera-

1857 3986 2066 4056 graturi
2121 3991 2315 4039 erant:
2366 3998 2430 4037 ac
2488 3981 2950 4052 quemadmodum
3009 3997 3121 4050 quo
3190 3991 3436 4052 tempore

1857 4077 2023 4132 turris
2047 4077 2456 4137 exstrucbatur,
2489 4090 2598 4129 una
2622 4075 2802 4144 lingua
2831 4075 2885 4128 in
2931 4075 3137 4129 multas
3186 4075 3434 4128 disseca-

1859 4171 2044 4235 batur,
2098 4172 2170 4223 ita
2198 4179 2329 4223 tunc
2364 4170 2550 4222 multa:
2580 4168 2777 4236 lingua
2829 4166 2884 4222 in
2929 4181 3100 4221 unum
3154 4166 3436 4220 hominem

191 4263 452 4326 συνιξντες
478 4262 579 4316 καὶ
604 4261 852 4330 λέγοντες
883 4261 953 4316 τά
975 4261 1065 4315 διὰ
1093 4263 1200 4318 τῶν
1243 4266 1413 4335 ἁγίων
1459 4268 1748 4338 προφητῶν

1861 4267 2120 4324 coibant:
2151 4277 2202 4322 et
2225 4268 2314 4322 ille
2337 4266 2482 4320 idem
2511 4275 2569 4321 et
2595 4266 2909 4327 Persarum,
2943 4272 3000 4318 et
3039 4265 3435 4323 Romanorum,

191 4355 268 4410 ἐπὶ
286 4357 505 4428 Χριστῷ
534 4356 830 4428 μαρτύρια.

1862 4368 1916 4414 ct
1943 4359 2228 4422 Indorum,
2257 4369 2312 4412 et
2337 4357 2462 4412 aliis
2490 4357 2726 4412 diversis
2778 4357 2965 4410 multis
2995 4356 3198 4428 linguis
3251 4357 3437 4423 laque-

192 4459 350 4515 ωιυτ.
387 4451 604 4522 Spiritu
632 4453 894 4508 nimirum
966 4455 1043 4509 illi
1079 4454 1372 4509 insonante
1453 4461 1507 4506 et
1560 4452 1964 4507 insusurrantc.
2037 4451 2116 4506 Ac
2163 4451 2396 4512 donum,
2450 4449 2754 4504 vocabatur
2811 4449 3015 4503 donum
3100 4448 3433 4518 linguarum,

190 4539 631 4610 Quandoquidem
660 4545 846 4601 multis
869 4556 1093 4616 repente
1118 4555 1174 4601 et
1210 4546 1265 4600 in
1310 4559 1420 4599 uno
1466 4545 1734 4613 temporis
1775 4554 2052 4598 momento
2132 4551 2382 4612 poterant
2427 4541 2574 4609 loqui
2658 4539 2898 4610 linguis:
2965 4541 3430 4608 quemadmodum

192 4634 411 4704 Spiritus
435 4637 608 4694 dabat
631 4640 763 4708 illis,
793 4652 855 4697 ut
908 4643 1328 4713 eloquerentur.
1403 4641 1521 4696 Non
1566 4641 1712 4695 enim
1747 4641 1817 4694 ab
1856 4640 2168 4711 semetipsis
2199 4637 2599 4708 loquebantur,
2641 4636 2736 4690 sed
2773 4652 2803 4687 a
2834 4643 3026 4692 sancto
3073 4634 3279 4705 Spiritu
3322 4636 3434 4689 elo-

191 4732 505 4799 quebantur,
565 4735 982 4805 prophelantcs,
1052 4736 1170 4792 sive
1243 4735 1610 4805 intelligentes
1676 4741 1731 4789 et
1788 4735 2035 4790 dicentes
2111 4745 2196 4798 ca,
2259 4747 2379 4802 quae
2444 4746 2536 4800 per
2599 4735 2825 4782 sanctos
2865 4728 3159 4796 prophetas
3220 4728 3433 4798 prodita

190 4838 300 4882 sunt
321 4831 638 4885 testimonia
672 4831 742 4886 de
771 4830 1012 4886 Christo.

249 4916 443 4979 Ἦσαν
467 4925 540 4978 δὲ
585 4925 656 4978 ἐν
707 4925 1107 4994 Ἰερουσαλὴμ
1146 4925 1566 4991 κατοικοῦντες
1612 4927 1748 4979 ’1ου-

1931 4922 2096 4976 Vens.
2167 4918 2218 4971 5.
2291 4915 2462 4968 Erant
2523 4924 2694 4968 autem
2747 4913 3125 4984 Hierosolymis
3189 4914 3436 4982 inquilini

192 5013 344 5080 δαῖοι,
394 5016 616 5085 ἄνδρες
671 5017 947 5082 εὐλαϐεῖς
979 5016 1097 5072 ἀπὸ
1133 5018 1361 5082 παντὸς
1387 5017 1600 5083 ἔθνους
1636 5015 1748 5070 τῶν

1857 5014 2034 5069 Judaei
2065 5012 2301 5064 homines
2334 5009 2570 5079 religiosi
2601 5024 2665 5060 ea:
2696 5006 2839 5059 omni
2869 5007 3081 5060 natione
3107 5023 3312 5065 eorum,
3347 5008 3438 5074 qni

191 5105 294 5157 ὑπὸ
319 5107 420 5160 τὸν
451 5108 741 5175 οὐρανόν.

1858 5107 1952 5161 sub
1982 5106 2108 5159 (mlo
2137 5113 2278 5157 sunt.

250 5197 586 5265 Γενομένης
607 5197 674 5250 δὲ
697 5197 809 5266 τῆς
838 5197 1039 5267 φωνῆς
1087 5198 1327 5265 ταύτης,
1369 5197 1641 5266 συνῆλθε
1685 5196 1748 5250 τὸ

1933 5197 2091 5250 Vens.
2117 5193 2170 5247 ϐ.
2205 5191 2382 5261 Igitur
2413 5191 2511 5242 huc
2545 5205 2599 5242 re
2647 5187 2940 5257 divulgata,
2973 5187 3206 5240 conrenil
3252 5187 3434 5238 mn'li-

194 5283 401 5352 πλῆθος
432 5288 535 5340 και
565 5289 874 5357 συνεχύθη
917 5289 1005 5343 ὅτι
1029 5289 1259 5357 ἤκουον
1285 5287 1374 5356 εἷς
1400 5289 1654 5354 ἕκαστος
1678 5288 1748 5356 τῇ

1858 5287 2006 5349 ludo,
2047 5296 2094 5340 et
2148 5285 2370 5352 confusa
2414 5293 2513 5347 est,
2572 5280 2709 5352 quod
2774 5278 3019 5332 audirent
3080 5280 3435 5349 unusquisque

199 5370 296 5438 ἰδίᾳ
319 5374 611 5440 διαλέκτῳ
635 5381 992 5432 λαλούντων
1015 5379 1234 5435 αὐτῶν.

1859 5399 1957 5434 sua
1984 5380 2194 5448 propria
2226 5377 2406 5446 lingua
2449 5375 2571 5429 illos
2603 5384 2826 5428 utentes.

256 5464 480 5535 Ἄνδρες
502 5469 802 5536 εὐλαϐεῖς.
828 5472 935 5525 Καὶ
957 5472 1087 5526 αὐτὸ
1107 5473 1167 5524 τὸ
1213 5476 1488 5527 κατοικεῖν
1512 5474 1629 5526 ἐκεῖ
1662 5491 1748 5527 κα-

1945 5468 2057 5521 Viri
2079 5468 2333 5536 religiosi.
2372 5469 2550 5535 Atque
2576 5466 2626 5518 id
2652 5466 2851 5535 ipsum,
2871 5464 3015 5535 quod
3044 5464 3232 5519 relicta
3260 5468 3433 5533 patria

197 5553 490 5621 ταλιπὸντας
519 5561 803 5631 πατρίδας,
835 5562 1118 5625 εὐλαϐείας
1146 5558 1212 5631 ἦν
1251 5567 1493 5633 σημεῖον,
1521 5564 1748 5633 μάλιστά

1865 5562 1974 5615 illie
2018 5560 2366 5624 habitabant,
2409 5560 2624 5630 signum
2667 5565 2788 5613 erat
2837 5558 3152 5627 religionis‘,
3201 5557 3435 5609 maxime

199 5655 248 5704 γε
271 5645 326 5697 ὲκ
338 5646 609 5719 διαφόρων
625 5649 792 5706 ἐθνῶν
815 5653 1152 5724 ἀπάραντας,
1181 5654 1272 5707 καὶ
1288 5654 1519 5720 ἀφέντας
1546 5654 1748 5716 οἰκίας¹

1867 5665 2034 5714 certe,
2069 5651 2212 5720 quod
2253 5668 2320 5705 ex
2358 5650 2592 5706 diversis
2621 5650 2936 5706 nationibus
2961 5647 3214 5720 proiecti,
3247 5646 3431 5710 domo.

1365 5751 1563 5811 Variae
1609 5751 1912 5812 lectiones
1955 5758 2008 5811 el
2041 5756 2225 5810 lltllil‘.

259 5815 275 5845 '
306 5821 383 5874 Ζσ.
415 5825 675 5888 οἰκείους.
