4156 6440
700 376 809 443 535

1620 379 2190 441 THEOPIIYLACLI
2237 380 2644 440 BULGARIA‘I
2672 387 2713 442 Α
2726 384 3029 444 RCUIEP.

3838 382 3949 445 536

706 484 1051 555 prepinquis,
1075 476 1460 548 familiaribus,
1480 486 1808 541 necessariis
1842 492 2003 555 atque
2020 486 2265 553 cognatis

2388 486 2463 540 (αἱ
2488 492 2786 557 συγγενεῖς,
2838 493 2895 543 έν
2928 490 3279 561 Ἰερουσαλὴμ
3326 491 3613 543 κατοικεῖν.
3635 491 3704 542 T‘.
3738 491 3813 553 δὲ,
3855 484 3969 543 ἁηὸ

700 576 932 641 relictis,
985 576 1035 627 in
1062 572 1364 629 Jerusalem
1392 576 1729 633 habitabant.
1788 574 2039 628 [Sx-omni
2083 586 2261 627 autem

698 668 926 721 natione
951 665 1090 719 dixit
1122 683 1239 736 pro,
1273 666 1552 721 estuultis
1586 666 1926 722 nationibus.
1968 664 2265 720 Dictionem

698 760 873 822 cnim,
935 762 1108 823 omni,
1171 775 1288 829 pro,
1336 744 1543 825 multis,
1594 759 2006 830 ὑπερϐολικῶς,
2074 760 2125 813 id
2188 767 2268 813 est

708 851 1101 906 incredibiliter
1151 850 1413 917 tollendo,
1454 850 1737 921 Scriptura
1806 852 1969 905 sumit
2016 860 2069 905 et
2108 867 2271 906 usur-

704 953 813 1012 pat.
849 945 924 998 Ita
960 947 1147 1009 etiam,
1179 945 1548 1014 ὑδερὸολικῶς
1604 946 1886 1007 nimirum,
1940 944 2146 998 dictum
2190 955 2274 999 est

703 1035 836 1088 illud
873 1054 884 1087 :
921 1034 1212 1101 E/fundam
1248 1036 1310 1087 de
1333 1032 1536 1101 Spiritu
1576 1050 1687 1086 meo
1716 1050 1872 1102 super
1906 1050 2107 1087 onmem
2150 1050 2272 1085 car-

706 1144 858 1189 nem;
893 1136 945 1180 et
1001 1127 1167 1180 illud:
1196 1126 1388 1179 Omnes
1434 1143 1518 1185 ea.
1550 1141 1665 1194 qua:
1704 1142 1823 1189 sua,
1864 1142 1966 1179 non
1996 1140 2112 1195 qua:
2148 1123 2274 1178 Jesu

704 1217 905 1269 Christi
944 1227 1087 1281 sunt,
1124 1227 1404 1286 qua'runt:
1440 1226 1492 1271 ct
1517 1216 1687 1271 illud:
1726 1216 1846 1269 Non
1872 1226 1944 1270 est
1977 1218 2179 1285 justus,
2212 1232 2274 1269 ne

711 1324 847 1361 mins
898 1310 1129 1377 quidem.
1186 1308 1287 1363 Per
1346 1308 1655 1363 universale
1706 1310 1849 1363 enim
1899 1323 1961 1360 ac
2020 1308 2276 1376 generale

713 1399 912 1452 inn-llos
976 1398 1270 1467 signiﬁcat.
1331 1398 1537 1453 Deinde
1568 1402 1668 1453 bac
1700 1414 1759 1452 re
1809 1399 2275 1468 divulgata,'~con-

709 1490 865 1542 lluxit
922 1489 1235 1551 multitudo,
1267 1498 1319 1542 et
1372 1491 1601 1543 confusa
1650 1498 1754 1553 est,
1794 1488 1845 1541 id
1901 1497 2005 1555 est,
2059 1490 2275 1544 turbata

707 1593 813 1642 est,
848 1580 1042 1633 mirata
1074 1590 1176 1634 est.
1212 1580 1439 1645 Quando
1496 1581 1714 1649 quidem
1773 1580 1920 1633 enim
1963 1580 2014 1634 in
2071 1580 2276 1634 aedibus

710 1677 913 1724 laetum
946 1682 1084 1735 erat,
1147 1672 1289 1740 quod
1328 1672 1545 1734 accidit,
1571 1671 1704 1726 foris
1760 1672 2039 1736 nimirum,
2094 1670 2277 1727 multi-

709 1764 838 1819 tudo
871 1766 1252 1819 concurrebat.
1296 1763 1452 1829 Quod
1497 1764 1751 1820 audirent
1797 1766 2027 1835 quisque
2057 1764 2274 1833 propria

2377 577 2574 637 παντὸς
2606 578 2813 643 ἔθνους,
2861 579 2981 631 ἀντὶ
3019 578 3134 641 τοῦ,
3169 580 3277 631 ἀπὸ
3298 580 3506 632 πολλῶν
3528 579 3712 633 ἐθνῶν.
3732 582 3774 631 Τ
3779 582 3804 631 ὸ
3828 581 3963 647 γὰρ,

2376 669 2594 733 παντὸς,
2624 670 2715 722 ἐπὶ
2744 670 2953 723 πολλῶν
2971 670 3304 738 ἐκλαμϐάνει
3325 673 3357 741 ἡ
3380 672 3568 740 Γραφὴ
3588 671 3968 740 ὑπερϐολικῶς

2374 760 2648 830 χρωμένη.
2669 760 2855 824 Οὕτως
2867 762 3182 830 εἴρηταικαὶ
3194 763 3271 814 τό·
3292 762 3504 830 Ἑκχεὼ
3522 763 3639 815 ἀπὸ
3656 763 3761 814 τοῦ
3785 765 3968 815 ﬁrst?"

2371 853 2558 919 μίιτός
2582 870 2700 920 μου
2726 852 2822 905 ἐπὶ
2855 852 3062 908 πᾶσαν
3114 852 3311 920 σάρκα
3333 872 3347 885 ·
3385 855 3477 906 καὶ
3523 855 3582 905 τό
3605 869 3617 881 ·
3650 856 3713 905 Ol
3736 854 3967 915 πάντες

2376 945 2447 997 τὰ
2468 945 2699 997 ἑαυτῶν
2735 944 3038 1010 ζητοῦσιν,
3068 948 3142 999 οὐ
3180 948 3251 999 τὰ
3280 945 3388 997 τοῦ
3426 945 3628 1012 ἰησοῦ
3660 946 3917 1012 Χριστοῦ
3947 961 3960 973 ο

2378 1037 2472 1103 καὶ
2507 1037 2567 1089 τό
2587 1055 2601 1068 ·
2634 1038 2755 1090 Οὐκ
2791 1036 2922 1091 ἔστι
2943 1036 3172 1103 δίκαιος
3201 1037 3345 1091 οὐδὲ
3369 1034 3455 1103 εἷς
3481 1055 3495 1069 ·
3537 1037 3644 1095 ἀπὸ
3674 1036 3767 1089 τοῦ
3799 1036 3967 1089 x296-

2377 1102 2472 1177 λλον
2498 1125 2625 1187 τοὺς
2663 1125 2893 1189 πολλοὺς
2948 1102 3309 1195 σημαίνουσα.
3363 1102 3494 1177 Εἶτα
3543 1125 3839 1192 γενομένης
3862 1128 3965 1191 τῆς

2378 1215 2588 1285 φωνῆς,
2647 1216 2878 1286 συνῆλθε
2932 1217 2992 1267 τὸ
3038 1215 3245 1285 πλῆθος
3298 1216 3394 1268 καὶ
3446 1216 3732 1284 συνεχύθη,
3786 1215 3961 1282 ήγουν

2377 1307 2689 1377 ἐταράχθη,
2711 1306 3048 1377 ὲθαύμασεψ
3097 1306 3287 1373 ἐπειδὴ
3331 1306 3441 1376 γὰρ
3477 1309 3533 1359 ἐν
3562 1305 3710 1375 οἰκίᾳ.
3741 1306 3965 1372 ἐγένετο

2376 1400 2439 1453 τὸ
2508 1401 2818 1468 γενόμενον,
2898 1401 3125 1463 εἰκότως
3194 1400 3392 1464 ἔξωθεν
3474 1399 3813 1468 συνέδραμε,
3873 1399 3962 1451 ὅτι

2350 1492 2576 1559 εῆκουον
2611 1491 2841 1554 ἕκαστος
2864 1495 2930 1562 τῇ
2960 1492 3066 1561 ἰδίᾳ
3110 1490 3399 1575 διαλέκτῳ.
3435 1490 3697 1561 ’ῌδεισαν
3732 1490 3836 1557 γὰρ
3875 1490 3962 1543 ὅτι

2379 1582 2654 1635 Γαλιλαῖοι
2716 1583 2889 1645 ὄντες,
2948 1585 3041 1636 καὶ
3080 1582 3314 1652 μάλιστα
3343 1583 3392 1635 οἱ
3442 1581 3731 1635 ἀπόστολοι
3762 1596 3776 1609 ·
3820 1581 3961 1649 πρὸς

2383 1675 2491 1745 γὰρ
2544 1675 2786 1737 έκείνους
2827 1674 3028 1743 μᾶλλον
3076 1673 3286 1744 ἑώρων·
3326 1674 3441 1737 τὰς
3493 1673 3693 1743 μυρίας
3741 1671 3961 1734 ὲκείνας

2386 1764 2609 1817 ἐλάλουν
2639 1766 2913 1832 γλώσσας.
2945 1764 3222 1833 Συνεχύθη
3252 1765 3309 1817 δὲ
3338 1764 3399 1815 τὸ
3444 1762 3666 1831 πλῆθος,
3697 1764 3923 1822 εἰκότως
3944 1777 3958 1791 ·

709 1871 807 1909 sua
864 1857 1067 1925 lingua.
1130 1855 1389 1910 Sciebant
1448 1857 1634 1920 enim,
1678 1858 1822 1925 quod
1891 1870 2014 1911 cum
2075 1855 2280 1910 Galilmi

2388 1856 2635 1925 ἐνόμιζον
2665 1856 2775 1925 γὰρ
2838 1857 3023 1920 αὐτοῖς
3075 1858 3341 1928 παρέχειν
3390 1856 3693 1925 πράγματα
3734 1854 3822 1906 διὰ
3857 1855 3963 1920 τὴν

711 1957 921 2010 essent,
972 1954 1026 2002 et
1080 1949 1313 2000 maxime
1367 1948 1595 2014 apostoli
1674 1948 1821 2017 (illos
1881 1949 2027 2002 enim
2084 1949 2277 2017 magis,

710 2055 873 2106 quam
913 2048 1140 2092 exteros
1172 2039 1544 2107 spectabant),
1578 2040 1685 2109 23
1723 2042 1993 2094 sexcentis
2030 2040 2136 2094 illis
2178 2040 2281 2093 lin-

708 2130 829 2198 guis
888 2131 1199 2185 utebantur.
1269 2130 1517 2185 Confusa
1593 2144 1676 2186 est
1746 2140 1925 2186 autem
1985 2133 2278 2186 multitudo

717 2220 859 2272 baud
897 2220 1189 2274 immerito.
1226 2218 1789 2276 Existitnabantenim
1818 2223 1941 2277 illos
1972 2224 2075 2277 sibi
2111 2226 2279 2278 Inole~

710 2310 871 2361 stiam
896 2310 1239 2365 exbibtturos
1274 2326 1395 2366 esse
1428 2319 1646 2380 propter
1696 2315 2045 2368 temerarium
2090 2315 2279 2368 adver-

711 2411 808 2451 sus
840 2396 1119 2450 Christum
1156 2398 1370 2453 facinus
1410 2400 1805 2456 commissum:
1856 2410 1908 2454 et
1939 2402 2278 2456 conscientia

714 2488 930 2543 animos
964 2504 1152 2543 eorum
1206 2492 1581 2555 concutiebat,
1632 2508 1756 2547 cum
1796 2492 2048 2547 manibus
2104 2492 2281 2548 caedes

720 2580 1039 2634 etiamnunc
1089 2588 1404 2635 teneretur:
1457 2593 1509 2637 et
1572 2585 1754 2638 omnia
1807 2584 1929 2639 illos
1981 2586 2276 2639 terrebant.

715 2671 819 2723 Sed
860 2672 915 2724 id
940 2674 1215 2740 apostolos
1242 2675 1667 2738 corroborabat,
1721 2676 1863 2745 quod
1898 2676 1965 2730 ab
2012 2677 2281 2731 auditori-

717 2762 816 2813 bus
845 2762 1011 2813 etiant
1064 2762 1271 2816 denunt
1310 2764 1597 2817 mirilicntn
1648 2779 1774 2819 esse
1807 2764 2113 2820 discebant.
2145 2764 2279 2818 Nam

713 2852 857 2917 quod
890 2854 1165 2917 Pattltiee,
1210 2856 1357 2909 verbi
1388 2856 1585 2924 gratia,
1612 2855 1897 2911 dicebatur
1945 2858 2045 2926 ipsi
2078 2857 2282 2911 nescie-

714 2944 883 3006 bant,
920 2944 1014 2998 sed
1038 2945 1105 2999 ab
1139 2945 1245 3001 illis
1276 2948 1579 3001 discebant.
1615 2946 1857 3002 Meminit
1882 2958 2063 3003 autem
2095 2948 2277 3001 natio-

716 3056 868 3102 num,
896 3052 1016 3105 qua‘.
1040 3038 1147 3092 illis
1174 3047 1331 3093 erant
1360 3040 1584 3095 hostiles
1659 3052 1712 3097 et
1777 3042 2010 3096 inimicae
2059 3059 2072 3095 :

2387 1948 2687 2017 γενομένην
2715 1948 2919 2015 τόλμαν
2962 1946 3105 2000 κατὰ
3152 1947 3245 2000 τοῦ
3284 1946 3561 2018 Χριστοῦ·
3607 1946 3701 1999 καὶ
3752 1946 3811 1999 τὸ
3840 1963 3967 1997 συν·

2386 2039 2526 2100 ειδὸς
2555 2039 2839 2091 κατέσειεν
2880 2038 3059 2091 αὐτῶν
3107 2038 3208 2101 τὰς
3252 2038 3453 2107 ψυχὰς,
3490 2040 3548 2091 ὲν
3576 2038 3764 2107 χερσὶν
3790 2036 3964 2102 οῠσης

2386 2131 2466 2183 ἔτι
2492 2130 2592 2198 τῆς
2624 2131 2838 2198 σφαγῆς
2865 2146 2880 2161 ’
2905 2131 3000 2183 καὶ
3034 2131 3214 2184 πάντα
3237 2131 3434 2191 αὐτοὺς
3461 2129 3665 2181 ἐπτόει.
3703 2126 3873 2179 Τοῦτο
3902 2127 3964 2178 δὲ

2384 2222 2511 2284 τοὺς
2535 2222 2862 2283 ἀποστόλους
2882 2222 3141 2291 ὲνεύρου,
3172 2222 3254 2274 ὅτι
3311 2222 3405 2274 καὶ
3436 2219 3587 2289 παρὰ
3616 2219 3725 2271 τῶν
3755 2219 3965 2285 ἀκροα-

2379 2314 2488 2365 τῶν
2517 2312 2821 2382 ἐμάνθανον
2848 2312 2944 2365 τοῦ
2981 2312 3259 2381 θαύματος
3280 2312 3377 2382 τὴν
3407 2311 3568 2381 χάριν
3588 2328 3602 2341 ·
3634 2311 3716 2362 ὅτι
3746 2310 3852 2377 γὰρ
3886 2302 3961 2376 ἦν

2379 2404 2541 2473 τυχὸν
2571 2404 2862 2473 Παρθιστὶ,
2893 2404 3050 2455 αὐτοὶ
3064 2404 3164 2455 οὐκ
3189 2403 3431 2473 ᾔδεισαν,
3476 2402 3612 2454 ἀλλὰ
3647 2402 3778 2468 παρ’
3814 2399 3965 2451 ὲκεί-

2382 2513 2489 2548 νων
2520 2494 2843 2562 ἐμάνθανον.
2884 2494 3086 2546 Ἐθνῶν
3130 2495 3187 2545 δὲ
3238 2495 3511 2563 μέμνηται
3542 2490 3814 2560 πολεμίων
3854 2489 3963 2542 αὐ-

2382 2587 2519 2648 τοῖς,
2552 2586 2807 2654 Κρητῶν,
2854 2585 3099 2654 ’Δράὸων
3142 2585 3238 2639 καὶ
3283 2586 3392 2636 τῶν
3441 2584 3649 2636 enm-
3682 2583 3773 2634 καὶ
3802 2580 3969 2634 τοῦτο

2388 2673 2656 2742 σύμϐολον
2686 2669 2755 2743 ἦν
2776 2675 2857 2726 ὅτι
2892 2674 3111 2727 πάντων
3158 2674 3543 2744 κρατήσουσιν.
3600 2672 3749 2724 Ἐκεῖ
3794 2671 3852 2722 δὲ
3902 2671 3966 2722 ἐν

2387 2766 2739 2835 αἰχμαλωσίᾳ
2770 2763 2911 2835 ἦσαν
2955 2766 3157 2816 πολλοί.
3194 2765 3468 2818 Πάντοθεν
3494 2764 3672 2816 τοίνυν
3726 2764 3757 2831 ὴ
3811 2779 3965 2831 μαρ-

2383 2856 2547 2923 τυρία
2603 2854 3080 2924 παρὰιπολιτῶν,
3122 2858 3273 2924 παρὰ
3331 2855 3515 2917 ξένων,
3584 2853 3736 2922 παρὰ
3783 2869 3966 2921 προσ-

2384 2956 2617 3011 ηλυτων.

2139 3039 2506 3105 Cretensium,
2574 3038 2814 3093 Arabum
2886 3048 2940 3093 et
2987 3038 3254 3092 aliorum:
3308 3048 3470 3106 atque
3550 3037 3651 3091 hoc
3742 3036 3965 3105 signum

714 3137 852 3191 erat,
895 3129 1041 3199 quod
1097 3130 1339 3184 muniqu
1402 3133 1637 3187 victores
1689 3143 1847 3188 erant
1907 3135 2099 3189 futuri.
2157 3133 2272 3187 Illic
2345 3141 2527 3187 autem
2595 3132 2757 3186 multi
2818 3138 2974 3186 erant
3026 3130 3082 3184 in
3148 3130 3483 3199 captivitate.

3576 3129 3653 3182 Ex
3701 3128 3965 3183 omnibus

716 3223 880 3291 ἰείιτιι·
915 3223 1187 3290 partibus,
1217 3222 1591 3279 testimonium
1622 3228 1940 3295 perhibetur
1982 3226 2263 3289 acivibus,
2309 3223 2378 3277 ab
2412 3225 2736 3294 peregrinis,
2796 3238 2826 3277 a
2871 3222 3180 3293 proselytis,
3212 3223 3264 3276 id
3308 3232 3391 3276 est
3455 3222 3676 3276 advenis
3741 3219 3969 3276 Judais-

717 3331 861 3367 mum
895 3315 1178 3382 professis.

790 3406 949 3459 \"Ens.
988 3407 1032 3458 7.
1074 3406 1309 3460 Perculsi
1334 3417 1505 3461 autent
1535 3419 1582 3462 et
1606 3412 1818 3462 attoniti
1841 3410 2053 3465 stabant
2084 3425 2282 3472 omnes,
2313 3408 2358 3469 ο

715 3510 761 3550 et
784 3498 1107 3551 admirantes
1154 3500 1299 3552 aliud
1330 3500 1398 3553 ad
1423 3501 1587 3553 alium
1629 3503 1909 3557 dicebant:
1943 3504 2131 3557 Annon
2173 3520 2285 3557 ecce

719 3606 894 3643 mines
920 3591 1030 3654 isti,
1055 3592 1143 3659 qui
1176 3591 1479 3657 loquuntur,
1509 3591 1715 3647 Galilwi
1742 3595 1906 3646 sunt?

792 3698 948 3753 Vens.
974 3701 1025 3753 8.
1058 3700 1121 3753 Et
1156 3703 1328 3770 quiﬁt
1360 3720 1451 3753 nos
1476 3703 1756 3757 audiamus
1782 3721 1865 3758 eos
1898 3706 2112 3772 propria
2136 3707 2281 3775 quis-

719 3808 814 3859 que.
841 3792 1023 3859 lingua
1047 3808 1168 3854 sua,
1193 3796 1247 3845 in
1286 3811 1387 3864 qua
1428 3796 1542 3846 nati
1564 3811 1767 3858 sumus,
1795 3796 2038 3850 utentes?

796 3880 959 3935 Vens.
989 3883 1041 3935 9.
1080 3882 1267 3936 Part/ti
1291 3894 1340 3938 et
1373 3884 1539 3948 Medi,
1569 3895 1617 3938 et
1661 3884 1930 3949 Elamitw,
1960 3895 2008 3938 et
2029 3886 2118 3953 qui
2140 3886 2284 3940 inco-

723 3975 876 4024 limus
898 3973 1350 4041 Mesopotamiam,
1372 3974 1617 4032 Indicam
1646 3985 1693 4030 et
1710 3975 2118 4044 Cappadociam,
2147 3977 2289 4030 Pon-

723 4074 899 4117 tumet
930 4064 1135 4127 Asiam,

802 4154 959 4208 Vatis.
996 4154 1081 4207 10.
1124 4154 1411 4224 Phrygiam
1455 4168 1503 4210 et
1557 4158 1958 4228 Pamphyliam,
1992 4158 2287 4229 Egyptum

725 4258 771 4301 et
798 4255 971 4312 partes
1001 4246 1205 4315 Libym,
1243 4264 1359 4316 qua:
1401 4250 1623 4316 pertinet
1654 4248 1722 4302 ad
1756 4248 2012 4319 Cyrenas,
2047 4259 2095 4303 et
2130 4249 2287 4302 adve-

725 4357 805 4391 na:
834 4337 1075 4403 Romani,
1108 4338 1288 4393 Judai
1319 4350 1478 4409 atque
1506 4341 1781 4411 prosalyti,

807 4512 963 4568 Vens.
1005 4516 1085 4568 ll.
1124 4515 1395 4572 Cretenses
1418 4527 1465 4572 et
1488 4518 1689 4572 Arabes
1718 4518 1963 4572 audimus
1989 4534 2075 4572 eos
2093 4520 2287 4572 nostris

729 4607 919 4675 linguis
945 4609 1208 4676 loquentes
1239 4611 1521 4680 magni/ica
1550 4626 1707 4679 opera
1739 4611 1852 4665 Dei.

803 4777 963 4834 Vsus.
1003 4781 1087 4834 12.
1126 4782 1311 4853 Itaque
1358 4789 1569 4840 attoniti
1610 4798 1764 4857 atque
1808 4790 2036 4857 perculsi
2077 4790 2290 4842 stabant

729 4886 904 4922 omnes
952 4882 1000 4923 et
1031 4877 1373 4944 ambigentes,
1395 4895 1712 4947 causamque
1740 4880 1881 4934 alius
1927 4896 1990 4933 ea:
2012 4880 2119 4933 alio
2144 4896 2289 4949 qua!-

732 4970 897 5013 rentes
927 4960 1168 5016 dicebant
1203 4983 1219 5017 :
1261 4968 1398 5033 Quid
1430 4971 1523 5022 hoc
1550 4970 1650 5023 sibi
1684 4972 1835 5026 vult?

802 5053 969 5108 Vens.
1007 5057 1095 5111 14.
1117 5058 1225 5111 Alii
1256 5061 1561 5116 cavillantes
1584 5062 1867 5117 dicebant:
1899 5064 2077 5118 Musto
2114 5065 2292 5133 repleti

731 5155 871 5199 sunt.

810 5236 1021 5308 Ubique
1050 5243 1235 5295 Virtuti
1276 5246 1513 5313 nequitia
1557 5248 1813 5315 adjuncta
1845 5260 1947 5304 est.
1984 5249 2043 5301 lli
2076 5250 2294 5318 quidem

738 5328 1076 5383 mirabantur
1107 5371 1121 5395 ,
1168 5333 1242 5385 illi
1292 5349 1418 5388 vero
1450 5337 1845 5393 cavillabantur
1878 5350 1929 5393 ct
1973 5340 2294 5393 irridebant.

738 5413 942 5470 Revera
972 5420 1047 5473 illi
1102 5421 1339 5490 religiosi
1386 5436 1564 5481 erant.
1602 5427 1812 5483 Etenim
1845 5430 2049 5484 ideirco
2083 5429 2297 5483 habita—

2474 3402 2827 3466 Ἐξίσταντο
2849 3401 2917 3453 δὲ
2940 3402 3161 3465 πάντες
3184 3400 3279 3453 καὶ
3303 3398 3649 3468 ἐθαύμαζον,
3678 3401 3971 3469 λέγοντες

2390 3496 2534 3564 πρὸς
2566 3494 2882 3561 ἀλλήλους
2905 3507 2918 3519 ·
2954 3495 3075 3545 Οὐκ
3110 3492 3239 3545 ἰδοὺ
3268 3491 3490 3554 πάντες
3518 3487 3685 3546 οὗτοι
3710 3495 3871 3545 εἰσιν
3903 3497 3961 3546 οἱ

2385 3585 2721 3648 ,λαλοῦντες
2754 3582 3061 3635 Γαλιλαῖοι
3083 3596 3102 3643 ;

2456 3698 2565 3753 Καὶ
2596 3698 2722 3761 πῶς
2762 3696 2934 3765 ἡμεῖς
2963 3696 3260 3763 ἀκούομεν
3287 3694 3546 3759 ἕκαστος
3568 3694 3640 3761 τῇ
3677 3695 3792 3759 ἰδίᾳ
3833 3694 3968 3749 δια-

2389 3790 2580 3855 λέκτῳ
2614 3787 2803 3857 ἡμῶν,
2830 3789 2897 3841 ἑν
2928 3782 2967 3858 ᾖ
2996 3788 3401 3855 ἐγεννήθημεν
3418 3804 3437 3851 ;

2459 3881 2675 3948 Πάρθοι
2703 3880 2801 3932 καὶ
2824 3880 3036 3945 Μῆδοι,
3061 3878 3158 3931 καὶ
3198 3877 3515 3946 Excutitur,
3540 3876 3638 3930 καὶ
3664 3880 3717 3930 οἱ
3767 3893 3970 3928 κατοι-

2391 3973 2642 4036 κοῦντες
2685 3970 2801 4037 τὴν
2858 3970 3393 4037 Μεσοποταμίαννιθ
3418 3985 3482 4021 τε
3515 3970 3611 4021 καὶ
3643 3968 3968 4021 Καππαδο-

2390 4066 2548 4129 κίαν,
2584 4064 2813 4117 Πόντον
2839 4061 2937 4115 καὶ
2970 4061 3083 4127 τὴν
3122 4061 3342 4123 Ἀσίαν,

2462 4155 2725 4222 Φρυγίαν
2776 4170 2839 4205 τε
2888 4152 2985 4204 καὶ
3018 4152 3399 4219 Παμφυλίαν,
3427 4151 3731 4213 Αἴγυπτον
3765 4150 3860 4202 καὶ
3893 4152 3970 4203 τὰ

2385 4246 2537 4314 μέρη
2567 4243 2676 4309 τῆς
2714 4244 2958 4307 Λιϐύης,
2995 4240 3105 4306 τῆς
3135 4242 3285 4292 κατὰ
3313 4240 3613 4305 Κυρήνην,
3646 4239 3744 4291 καὶ
3769 4241 3821 4291 ol
3847 4239 3972 4290 ἑπιο

2391 4336 2721 4405 δημοῦντες
2793 4332 3056 4401 Ῥωμαῖοι
3086 4372 3101 4395 ,
3188 4331 3452 4391 Ἰουδαῖρί
3509 4348 3573 4384 τε
3630 4332 3743 4385 καὶι
3778 4346 3971 4395 προσ-

2391 4428 2601 4493 ήλυτοι
2611 4466 2623 4478 .

2464 4516 2693 4584 Ιφῆτες
2739 4515 2837 4568 καὶ
2867 4515 3144 4581 Ἀρῤαϐες
3181 4516 3220 4544 ¹⁸
3270 4514 3567 4582 ἀκούομεν
3613 4502 3970 4568 λαλούντων
4052 4562 4057 4565 .

2394 4609 2593 4664 αὐτῶν
2622 4608 2749 4672 ταῖς
2782 4604 3090 4674 ἡμετέραις
3115 4604 3423 4671 γλώσσαις
3451 4606 3521 4657 τὰ
3543 4606 3829 4673 μεγαλεῖα
3859 4608 3970 4661 τοῦ

2400 4701 2549 4755 Θεοῦ
2559 4740 2572 4752 .

2483 4793 2827 4856 Ἑξίσταντο
2864 4790 2931 4843 δὲ
2954 4790 3170 4854 πάντες
3191 4790 3283 4842 καὶ
3304 4790 3653 4856 διηπόρουν,
3689 4790 3835 4857 πρός
3855 4791 3969 4843 ιὶηι-
4052 4817 4061 4829 ·

2401 4886 2635 4952 λήλους
2672 4886 2715 4915 ¹¹
2751 4882 3071 4950 ,λέγοντεςσ
3112 4883 3172 4935 Τί
3233 4882 3309 4935 ἂν
3356 4882 3519 4935 θέλοι
3570 4882 3744 4936 τοῦτο
3780 4883 3971 4945 cluat;

2474 5070 2704 5136 Ἐτεροι
2742 5068 2807 5119 δὲ
2847 5066 3232 5134 χλευάζοντες
3262 5069 3495 5136 ἔλεγον,
3537 5067 3623 5119 ὅτι
3658 5069 3972 5134 Γλεύκους

2403 5159 2846 5229 μεμεστωμένοι
2886 5158 3006 5211 εἰσί
3012 5198 3026 5212 .

2479 5247 2761 5315 Πανταχοῦ
2787 5247 2925 5316 μετὰ
2958 5246 3057 5315 τῆς
3111 5246 3309 5314 ἀρετῆς
3345 5247 3380 5315 ἡ
3406 5245 3693 5316 μοχθηρία.
3753 5246 3815 5296 Οἱ
3870 5246 3973 5311 μὶν

2405 5330 2846 5407 ἐθαύμαζον,ὀὶ
2910 5338 2965 5389 δὲ
3023 5335 3349 5404 ἐχλεύαζον·
3418 5336 3571 5398 ὄντες
3634 5336 3676 5366 ⁸⁸
3723 5334 3973 5397 εὐλαϐεῖς

2406 5432 2605 5483 ἑκεῖνοι
2646 5426 2823 5500 ἦσαν’
2877 5430 2971 5482 καί
3018 5428 3125 5495 γὰρ
3159 5430 3246 5481 διὰ
3293 5427 3453 5481 τοῦτο
3501 5426 3677 5496 ᾤκουν
3713 5428 3849 5491 ἐκεῖ,
3882 5425 3973 5478 ἵνα

1928 5584 2128 5643 Varia}
2162 5585 2469 5645 lectiones
2496 5589 2557 5644 et
2588 5591 2774 5645 notae.

788 5692 864 5767 _‘°
900 5694 963 5747 In
1003 5695 1323 5771 uulgatisltic
1352 5707 1708 5771 tnterpositant
1756 5717 1849 5769 est,
1892 5706 2163 5761 Ἰολδαίαν.

747 5761 920 5816 ἀλλον,
1003 5761 1166 5832 "ita,
1204 5768 1387 5832 ὄντως.

2274 5710 2310 5741 ¹¹
2350 5706 2413 5759 1η
2447 5708 2669 5777 vulgatis
2699 5707 2947 5776 Ἄραϐες.

3072 5706 3432 5775 “Intnlgatis
3488 5717 3582 5771 est,
3639 5706 3791 5773 ἀλλος
3834 5710 3969 5778 πρὸ,
