4184 6458
731 399 835 463 539
1654 408 2233 471 TlIEOPllYLACTI
2274 408 2681 470 BULGARUE
2723 408 3074 470 ARCHIEP.
3878 404 3998 466 540

733 514 907 568 rieulo
952 529 1015 567 ac
1065 524 1206 567 metu
1259 515 1464 568 versari
1519 525 1819 578 constaret,
1875 518 2127 585 qualitati
2187 532 2301 570 rem

2420 518 2462 569 Ξὲ
2504 519 2557 570 τί
2606 519 3007 581 κατασκευάζει
3037 518 3166 580 Θεός
3195 534 3208 547 ·
3252 519 3298 568 εἰ
3332 520 3407 586 μὴ
3449 518 3719 582 ὑπενοήθη
3754 515 3992 584 fuistin,

732 621 947 657 omnem
982 605 1302 659 ascribunt:
1353 605 1547 668 Musto,
1581 606 1856 674 inquiunt,
1892 608 2085 676 repleti
2144 616 2294 661 sunt.

2420 610 2757 677 παρῃτοῦντο
2825 612 2873 662 οἱ
2940 607 3180 661 Ἰουδαῖοι
3234 608 3498 660 εἰσελθεῖν
3570 608 3663 659 καὶ
3726 606 3990 661 ἀκοῦσαι.

735 697 1054 766 Ubicunque
1114 699 1257 751 enim
1314 698 1611 766 petulantia
1658 710 1764 761 est,
1813 716 1980 751 unum
2036 700 2301 751 duntaxat

2420 699 2793 769 Συνεχώρησεν
2828 701 2855 751 ὀ
2897 698 3064 763 Θεὸς,
3123 697 3215 750 Iv:
3268 699 3301 766 ή
3338 697 3503 767 χλεύη
3570 696 3796 757 πολλοὺς
3852 713 3992 747 συν-

732 792 924 858 qumrit
956 790 1103 858 quod
1135 790 1303 850 dicat,
1334 790 1587 859 quodcun
1612 806 1700 859 lue
1730 792 1946 845 tandem
1979 789 2160 844 fuerit:
2189 807 2298 844 non
2410 792 2618 861 αγάγῃ.

736 894 796 938 ιιι
823 884 1025 951 aliquid
1078 884 1242 944 dicat,
1280 884 1423 953 quod
1474 885 1684 939 ratione
1729 886 1978 938 nitatur:
2012 893 2296 954 propterea
2337 887 2503 939 etiam
2541 886 2594 939 id
2614 886 2763 953 quod
2787 884 3043 939 videntur
3072 883 3399 937 obumbrate
3430 898 3493 937 ac
3553 890 3693 937 tecte
3749 882 3987 944 dixisse,

734 975 919 1027 multa:
948 976 1197 1029 amentite
1220 985 1381 1044 atque
1423 977 1560 1029 adeo
1589 977 1788 1031 furoris
1832 980 2050 1046 plenum
2079 986 2182 1032 est.
2212 977 2344 1033 Vide
2382 986 2565 1033 autem
2596 979 2881 1038 malitiam.
2910 993 3032 1046 qua!
3054 988 3103 1032 et
3134 994 3163 1032 a
3204 985 3452 1046 tempore
3480 976 3634 1038 anni,
3656 985 3711 1027 ct
3744 976 3812 1028 ab
3843 976 3989 1027 hora

738 1069 1089 1123 convincitur
1131 1069 1239 1139 25
1274 1078 1325 1124 et
1380 1069 1668 1125 refutatur.
1721 1072 1778 1125 In
1833 1073 1920 1127 die
1952 1071 2306 1129 Pentecostcs
2349 1074 2493 1129 unde
2557 1072 2835 1127 mustum?
2882 1072 3118 1126 Mustum
3189 1072 3333 1125 enim
3375 1070 3578 1124 dicitur
3650 1084 3847 1122 novum
3893 1070 3988 1121 vi.

739 1174 889 1212 num.
924 1158 1128 1214 Deinde
1160 1161 1397 1215 ebrietas
1440 1172 1621 1216 utrum
1674 1163 1919 1217 diversas
1966 1163 2183 1234 linguas
2215 1166 2463 1235 largitur,
2514 1181 2584 1220 an
2620 1168 2785 1221 etiam
2818 1180 2960 1230 eam,
3036 1179 3159 1234 qua:
3236 1166 3498 1233 suppetit,
3555 1163 3858 1231 corrumpit
3930 1174 3991 1224 et

739 1252 1071 1307 labefactat?
1104 1255 1235 1307 Vide
1291 1268 1469 1309 autem
1521 1258 1651 1325 quid
1694 1260 1947 1311 moliatur
2002 1258 2162 1319 Deus.
2195 1258 2308 1316 Nisi
2352 1261 2627 1315 cavillatio
2674 1269 2929 1330 suSpecta
2984 1257 3200 1321 luisset,
3249 1256 3423 1311 Judaei
3493 1261 3840 1310 recusassent
3903 1252 3992 1305 in-

738 1355 886 1400 trare
912 1355 965 1399 et
999 1344 1207 1400 audire.
1249 1346 1497 1401 Permisit
1536 1349 1697 1413 Deus,
1734 1359 1788 1401 ut
1821 1352 2099 1406 cavillatio
2131 1354 2329 1410 multos
2367 1362 2744 1423 congregaret.

808 1454 971 1507 Vens.
1016 1455 1102 1507 Η.
1134 1456 1292 1510 Stans
1318 1470 1488 1510 autem
1523 1459 1706 1511 Petrus
1736 1477 1840 1513 una
1875 1479 1992 1514 cum
2019 1463 2126 1516 illis
2152 1465 2315 1517 unde-

737 1547 859 1609 (ἔφη,
899 1547 1010 1601 alta
1030 1565 1148 1602 rore
1183 1548 1320 1602 dixit
1357 1552 1424 1602 ad
1458 1568 1541 1604 eos
1568 1569 1587 1605 :
1620 1552 1943 1621 Viriludazi,
1989 1566 2038 1609 et
2079 1558 2313 1612 universi

739 1638 1061 1692 habitatores
1108 1640 1616 1712 Hierosolymorum,
1654 1646 1750 1700 hoc
1786 1647 1927 1703 vobis
1987 1660 2166 1705 notum
2218 1654 2307 1717 sit,

738 1740 786 1781 et
815 1731 1031 1783 auribus
1061 1733 1311 1800 percipite
1343 1734 1494 1787 verba
1526 1753 1665 1789 mea.

812 1927 974 1981 Vens.
1010 1930 1095 1983 15.
1131 1929 1272 1985 Ναηι
1298 1933 1389 1986 isti
1416 1950 1539 1999 non,
1574 1945 1631 1987 ut
1662 1951 1750 1989 vos
1789 1939 2157 2005 suspicamini,
2177 1941 2310 1995 ebrii

740 2028 894 2072 sunt:
919 2030 996 2073 cst
1025 2024 1162 2077 enim
1190 2024 1319 2078 [tam
1350 2026 1456 2078 diei
1474 2028 1651 2080 tertia.

814 2130 1006 2186 Vidisti
1036 2134 1145 2187 illic
1175 2137 1573 2205 providentiam
1614 2150 1668 2194 et
1699 2142 2120 2199 sollicitudinem
2148 2161 2166 2197 :
2192 2147 2315 2203 vide

743 2225 868 2279 item
922 2226 1299 2284 fortitudinem
1346 2232 1451 2287 hic.
1516 2231 1649 2287 Nam
1705 2236 1749 2289 si
1790 2252 1983 2291 omnes
2030 2239 2314 2297 auditores

741 2315 1074 2373 admirantes
1102 2319 1400 2385 habuisset,
1436 2337 1617 2377 annon
1657 2326 1821 2379 etiam
1847 2328 1925 2382 sic
1954 2329 2202 2385 miranda
2229 2348 2315 2387 res

743 2406 961 2470 fuisset,
993 2413 1037 2464 si
1081 2412 1245 2487 homo
1277 2413 1581 2469 litterarum
1632 2418 1917 2486 imperitus
1967 2431 2021 2475 et
2063 2422 2228 2478 idiota
2261 2425 2315 2479 in

742 2508 891 2552 tanta
918 2501 1265 2557 multitudine
1294 2520 1477 2558 vocem
1523 2507 1802 2575 rupisset?
1835 2509 1940 2563 Sed
1970 2526 2097 2565 cum
2136 2513 2311 2566 etiam

743 2590 1041 2649 irridentes
1065 2602 1117 2647 et
1147 2595 1212 2647 ad
1245 2596 1446 2651 caedem
1480 2613 1779 2668 pr0pensos
1814 2601 2039 2656 haberet
2088 2605 2310 2660 audito-

743 2698 852 2747 res,
877 2684 972 2753 qui
1002 2687 1176 2753 potuit
1204 2701 1291 2741 res
1323 2704 1430 2743 non
1462 2705 1585 2744 esse
1632 2707 1795 2759 super
1836 2693 2128 2747 Immanam
2184 2710 2317 2750 con-

742 2777 1038 2833 ditionem?
1065 2779 1168 2834 Sed
1202 2781 1346 2847 vide,
1374 2792 1431 2835 ut
1464 2786 1646 2838 statim
1679 2786 1841 2839 simul
1887 2802 1951 2841 ac
1983 2803 2171 2842 vocem
2200 2789 2317 2844 edi-

742 2869 843 2930 dit,
863 2869 1194 2925 calumniam
1227 2872 1447 2937 refutet,
1474 2884 1524 2928 et
1542 2876 1839 2933 ostendens
1860 2877 1985 2933 illos
2003 2893 2111 2932 non
2136 2878 2319 2934 ebrios

745 2977 889 3027 esse,
935 2978 997 3017 ac
1027 2980 1095 3018 ne
1125 2966 1358 3019 alienata
1386 2967 1606 3035 quidem
1643 2985 1765 3025 esse
1798 2981 2003 3039 mente,
2052 2972 2318 3039 quemad-

742 3056 963 3109 modum
1024 3056 1239 3112 furiosi.
1294 3057 1433 3124 Quid
1468 3068 1552 3113 est
1594 3071 1803 3123 autem,
1864 3078 1968 3114 una
2025 3078 2148 3116 cum
2212 3062 2319 3118 illis

746 3147 1034 3201 undecim?
1055 3148 1412 3205 Communem
1456 3153 1737 3219 proposuit
1771 3154 2096 3206 sententiam
2130 3162 2184 3206 et
2215 3170 2311 3210 vo-

745 3255 860 3291 rem
888 3258 900 3292 :
932 3248 985 3295 et
1020 3242 1261 3295 omnium
1304 3244 1420 3311 ipse
1450 3253 1639 3298 orator
1663 3254 1802 3298 erat.
1836 3246 2184 3300 Assistebam
2213 3264 2305 3299 au-

746 3339 854 3381 tem
890 3330 1082 3399 reliqui
1117 3332 1394 3397 undecim,
1432 3349 1494 3387 ea
1534 3350 1655 3400 qua:
1688 3335 2033 3398 dicebantur,
2065 3338 2317 3390 testimo-

748 3422 840 3475 nio
869 3436 972 3476 suo
990 3424 1427 3493 eontprobantes.
1451 3424 1604 3490 Quod
1638 3434 1817 3479 autem
1840 3428 1994 3488 dicit,
2028 3427 2137 3479 alta
2160 3442 2316 3491 voce,

746 3511 800 3565 id
831 3520 939 3575 cst,
964 3528 1089 3567 cum
1118 3515 1288 3567 multa
1314 3514 1543 3568 fiducia:
1574 3524 1631 3568 ut
1650 3516 1829 3568 statim
1863 3517 1916 3569 in
1938 3516 2091 3571 initio
2116 3518 2321 3569 scirent

748 3601 977 3669 gratiam
1002 3600 1262 3671 Spiritus.
1286 3602 1387 3668 Qui
1416 3604 1557 3657 enim
1584 3619 1690 3658 non
1716 3606 2052 3658 sustinuerat
2085 3605 2321 3658 interro-

748 3693 1021 3761 gationem
1056 3693 1176 3747 vilis
1204 3694 1417 3763 puellm,
1466 3694 1553 3749 hic
1584 3695 1637 3748 in
1677 3696 1854 3748 medio
1902 3696 2317 3749 multitudinum

754 3784 818 3839 ad
852 3785 1052 3838 caedem
1080 3784 1472 3839 inclinatarum
1495 3803 1619 3841 cum
1641 3794 1789 3840 tanta
1824 3787 2019 3839 fiducia
2049 3787 2212 3839 verba
2246 3786 2325 3838 fa-

748 3874 842 3927 cit.
868 3876 1169 3945 Antequam
1202 3878 1503 3945 accepisset
1528 3876 1731 3931 donum
1758 3877 2086 3947 linguarum,
2114 3876 2313 3932 Petrus

750 3980 875 4019 cum
923 3966 992 4019 ab
1046 3980 1154 4019 una
1210 3966 1385 4035 puella
1438 3967 1891 4036 interrogaretur,
1938 3967 2164 4022 territus
2197 3976 2320 4031 est,

752 4071 814 4108 ac
844 4053 1014 4109 dixit:
1046 4054 1161 4109 Non
1188 4058 1313 4110 novi
1343 4057 1641 4111 hominem.
1675 4057 1792 4110 Illic
1818 4073 1923 4111 una
1951 4058 2128 4127 puella
2158 4068 2323 4126 atque

752 4145 1016 4199 timiditas
1060 4148 1263 4211 multa;
1297 4148 1385 4201 hic
1418 4148 1629 4201 infinita
1665 4149 1977 4211 multitudo,
2004 4156 2057 4201 et
2088 4163 2188 4200 vos
2243 4148 2324 4199 in-

753 4237 965 4307 trepida
1003 4249 1166 4306 atque
1221 4237 1430 4291 fiducia:
1472 4239 1651 4307 plena.
1682 4237 1801 4291 Non
1832 4238 1967 4291 dixit
2012 4250 2189 4292 autem
2214 4279 2229 4303 ,
2266 4246 2324 4291 ut

752 4342 849 4381 vos
881 4327 1229 4392 cavillamini,
1262 4328 1347 4381 isti
1381 4328 1513 4381 ebrii
1558 4344 1661 4380 non
1687 4337 1852 4380 sunt:
1897 4327 2013 4390 sed,
2054 4335 2109 4379 ut
2148 4327 2326 4394 suspi-

2483 1465 2729 1530 Σταθεὶς
2750 1465 2819 1517 δὲ
2846 1463 3061 1533 Πέτρος
3094 1462 3217 1517 σὺν
3238 1463 3362 1529 τοῖς
3392 1461 3628 1521 ἕνδεκα,
3658 1458 3848 1526 ἐπῆρε
3871 1459 3994 1524 τὴν

2414 1556 2628 1624 φωνὴν
2654 1556 2867 1617 αὑτοῦ.
2896 1558 2996 1609 καὶ
3027 1554 3443 1624 ἀπεφθέγξατο
3470 1553 3707 1619 αὐτοῖς’
3734 1553 3993 1620 ’Ἄνδρες

2424 1649 2688 1703 Ἰουδαῖοι
2717 1647 2814 1701 καὶ
2840 1652 2895 1702 οι
2919 1648 3341 1712 κατοικοῦντες
3370 1646 3766 1715 Ἰερουσαλὴμ
3792 1646 3990 1699 ᾶπαν-

2336 1737 2384 1796 Β
2413 1757 2510 1805 τες
2532 1780 2547 1804 ,
2578 1742 2755 1794 τοῦτο
2790 1740 2933 1810 ὑμῖν
2958 1742 3231 1810 γνωστὸν
3260 1740 3418 1793 ἔστω
3446 1778 3461 1804 ,
3490 1737 3589 1791 καὶ
3616 1738 3993 1792 ἐνωτίσασθε

2413 1832 2486 1885 τὰ
2508 1832 2750 1900 ῥήματά
2769 1850 2911 1902 μου.

2487 1943 2570 1996 Οὐ
2604 1942 2732 2010 γὰρ.
2755 1942 2837 2008 ὡς
2860 1943 3027 2011 ὑμεῖς
3047 1942 3522 2011 ὑπολαμϐάνετε,
3542 1937 3707 1997 οὗτοι
3732 1942 3992 2012 μεθύου-

2414 2049 2553 2087 σιν’
2580 2034 2713 2088 ἐστι
2744 2036 2853 2103 γὰρ
2874 2034 2993 2102 ὥρα
3023 2036 3187 2102 τρίτη
3219 2034 3328 2103 τῆς
3360 2034 3602 2103 ἡμέρας.

2489 2141 2646 2210 Εἶδες
2692 2148 2810 2200 ἐκεῖ
2856 2147 3211 2217 κηδεμονίαν’
3242 2146 3345 2216 ὅρα
3390 2147 3571 2216 δὲτὴν
3604 2147 3850 2217 ἀνδρείαν
3897 2150 3994 2200 ἐν-

2415 2236 2609 2291 ταῦοα.
2668 2239 2731 2291 Et
2785 2238 2893 2308 γὰρ
2947 2237 3323 2308 θαυμάζοντας
3368 2234 3483 2307 εἶχε
3532 2240 3659 2301 τοὺς
3715 2241 3994 2308 ἀκροατὰς

2420 2328 2650 2392 πάντας,
2686 2328 2807 2399 οὐχὶ
2840 2329 2935 2382 καὶ
2982 2328 3125 2381 οὕτω
3167 2328 3477 2396 θαυμαστὸν
3513 2324 3581 2397 ἦν
3622 2329 3823 2398 μεταξὺ
3863 2348 3998 2381 τοσ-

2418 2419 2594 2474 ούτων
2643 2420 2803 2491 ῥῆξαι
2868 2422 3051 2492 φωνὴν
3121 2420 3411 2490 ἄνθρωπον
3468 2421 3829 2491 ἀγράμματον
3898 2425 3999 2475 καὶ

2423 2511 2642 2583 ἰδιώτην
2666 2530 2682 2579 ;
2711 2513 2799 2565 ὅτε
2824 2512 2879 2565 δὲ
2912 2512 3006 2567 καὶ⁸
3034 2510 3310 2580 γελῶντας
3350 2512 3443 2566 καὶ
3473 2511 3754 2581 φανὼντας
3780 2513 3845 2574 "’,
3880 2514 3999 2576 πῶς

2421 2604 2542 2674 οὐχὶ
2586 2603 2726 2672 ὑπὲρ
2780 2603 3100 2673 ἄνθρωπονς
3159 2603 3299 2656 Ἀλλ’
3325 2604 3448 2672 δρα,
3477 2603 3679 2668 εὐθέως
3732 2603 3839 2657 ἀπὸ
3889 2604 3999 2671 τῆς

2422 2697 2609 2764 φωνῆς
2656 2694 2868 2764 ὲλέγχει
2894 2693 2995 2763 τὴν
3040 2694 3424 2763 συκοφαντίαν,
3462 2695 3543 2747 ὅτι
3588 2694 3647 2746 οὺ
3681 2693 3999 2763 μεθύουσιν.

2434 2785 2577 2838 Ἀλλ’
2615 2786 2735 2838 οὐδὲ
2764 2787 2845 2838 ὃτι
2880 2786 3229 2855 ὲξεστήκασι,
3261 2784 3512 2853 καθάπερ
3543 2786 3591 2837 οἱ
3626 2786 3903 2853 μανέντες.
3930 2786 4002 2835 Τί

2422 2876 2480 2929 δέ
2513 2878 2650 2942 ἐστι,
2682 2878 2780 2929 σὺν
2798 2879 2911 2940 τοῖς
2936 2876 3157 2940 ἓνδεκα;
3185 2877 3385 2947 Κοινὴν
3408 2876 3743 2947 προεδάλετο
3767 2875 4003 2944 γνώμην

2427 2968 2519 3020 καί
2551 2972 2737 3037 φωνήν
2759 2983 2773 2996 °
2825 2967 2922 3019 καὶ
2954 2968 3171 3021 πάντων
3206 2965 3370 3028 αὐτὸς
3402 2962 3470 3036 ἦν
3516 2966 3577 3018 τὸ
3618 2965 3809 3035 στόμα.
3844 2965 4007 3037 Παρ-

2346 3093 2389 3151 C
2423 3060 2769 3129 ειστὴκεισαν
2806 3058 2861 3110 δὲ
2912 3058 2963 3109 οἱ
3020 3058 3234 3124 ἕνδεκα,
3261 3060 3374 3119 τοῖς
3423 3057 3735 3126 λεγομένοις
3785 3074 4003 3126 μαρτυ-

2424 3151 2667 3223 ροῦντες.
2698 3149 2772 3202 To
2804 3148 2882 3213 δὲ,
2917 3148 3092 3217 ἐπῆρε
3137 3148 3236 3218 τὴν
3267 3149 3451 3218 φωνὴν
3478 3147 3677 3214 αὑτοῦ,
3721 3148 4000 3211 τουτέστι,

2426 3239 2567 3309 μετὰ
2617 3238 2820 3306 πολλῆς
2868 3237 3214 3307 παρῤησίας’
3265 3237 3352 3290 ἴνα
3410 3236 3611 3299 εὐθέως
3665 3236 4000 3305 ἀρχομένου,

2427 3331 2640 3399 μάθωσι
2696 3328 2790 3382 τοῦ
2867 3328 3185 3398 Πνεύματος
3245 3328 3346 3397 τὴν
3405 3328 3583 3397 χάριν.
3640 3328 3697 3380 '0
3754 3328 3860 3396 γὰρ
3922 3330 4007 3399 μὴ

2424 3422 2663 3489 ἐνεγκὼν
2686 3422 2953 3492 ἐρώτησιν
2983 3420 3243 3491 κορασίου
3274 3420 3544 3485 εὐτελοῦς,
3568 3416 3721 3482 οὗτος
3754 3422 3811 3473 ἐν
3845 3422 4009 3489 μέσῳ

2422 3516 2613 3585 δήμων
2647 3515 2934 3583 φονώντων
2977 3516 3115 3583 μετὰ
3148 3514 3417 3581 τοσαύτης
3451 3513 3753 3580 διαλέγεται
3780 3515 4011 3582 παρρη-

2426 3604 2567 3664 σίας.
2599 3602 3118 3674 [ΣΕΥΗΡΙΑΝΟΥ.]
3151 3603 3263 3673 ΙΙρὸ
3292 3601 3386 3654 τοῦ
3420 3601 3673 3664 δέξασθαι
3702 3603 3799 3664 τὰς
3826 3602 4012 3669 γλώσ-

2431 3711 2552 3755 σας,
2592 3695 2621 3744 ὁ
2674 3694 2879 3763 Πέτρος
2923 3692 3029 3745 ὑπὸ
3078 3694 3207 3761 μιᾶς
3247 3690 3539 3760 παιδίσκης
3579 3690 3936 3762 ἐρωτώμενος
3964 3691 4014 3720 ιο

2426 3783 2709 3853 ἐφοϐήθη,
2781 3784 2875 3836 καὶ
2953 3783 3124 3851 λέγει’
3186 3782 3301 3835 Οὐκ
3357 3777 3475 3835 οἶδα
3538 3780 3629 3833 τὸν
3694 3781 4011 3850 ἄνθρωπον.

2437 3876 2583 3927 Ἐκεῖ
2617 3874 2715 3943 μία
2760 3875 3020 3943 παιδίσκη
3063 3875 3157 3928 καὶ
3193 3875 3365 3929 δειλία
3396 3874 3566 3940 πολλή
3591 3890 3604 3904 ·
3650 3868 3752 3927 ὧδε
3799 3875 4013 3944 πλῆθος

2430 3966 2678 4037 ἄπειρον,
2714 3967 2810 4018 καὶ
2851 3968 3000 4034 φωνὴ
3039 3966 3534 4037 εὐπαρῥησίαστος.
3565 3965 3679 4017 Οὐκ
3708 3962 3827 4016 εἶπε
3853 3963 3910 4016 δὲ
3937 3966 4014 4031 ¹⁹,

2438 4060 2528 4121 Ὠς
2554 4060 2708 4127 ὑμεῖς
2728 4057 3035 4128 χλευάζετε,
3071 4055 3217 4110 οὗτοι
3251 4057 3538 4127 μεθύουσιν
3558 4072 3572 4086 ·
3611 4056 3747 4122 ἀλλ’,
3768 4056 3843 4117 ὡς
3866 4056 4014 4107 ὐπο-

2430 4150 2779 4217 λαμὸάνετε,
2837 4149 3242 4219 ἐπιεικέστερον
3293 4148 3705 4218 φθεγγόμενος,
3762 4149 3858 4200 καὶ
3904 4149 4019 4200 οὐκ

2427 4242 2681 4312 ἐπίτηδες
2699 4240 2808 4295 ἁπδ
2831 4240 3169 4310 κακουργίας
3199 4240 3518 4309 βουλόμενος
3550 4240 3595 4269 ὀ
3620 4238 3814 4299 αὐτοὺς
3836 4236 4018 4299 δεῖξαι

2427 4334 2588 4387 τοῦτο
2657 4333 2943 4401 λέγοπας⁶
2996 4333 3134 4387 ἀλλὰ
3205 4334 3343 4394 τέως
3411 4330 3754 4401 περιτίθησιν
3821 4330 4018 4390 αὐτοῖς

752 4424 982 4477 camini:
1027 4424 1214 4477 mitius
1240 4425 1384 4477 enim
1411 4424 1734 4501 loquebatur
1755 4464 1769 4487 ,
1797 4432 1851 4477 et
1880 4424 2095 4475 nolebat
2126 4431 2312 4476 osten-

2420 4426 2665 4492 ἄγνοιαν,
2708 4426 2770 4477 οὑ
2804 4425 3073 4495 πονηρίας
3104 4423 3377 4493 ἔγκλημα,
3422 4423 3793 4493 πρωδοποιῶν
3820 4424 4019 4486 αὐτοῖς

750 4514 901 4577 dere,
938 4513 1116 4567 dedita
1154 4528 1316 4581 opera
1349 4521 1511 4583 atque
1539 4498 1772 4582 maligne
1801 4513 1923 4566 illos
1953 4513 2055 4566 hoc
2078 4512 2264 4566 dicere
2291 4528 2305 4564 :

752 4605 845 4659 sed
891 4606 1046 4659 initio
1080 4605 1443 4673 ignorantiam
1480 4604 1584 4658 illis
1607 4604 1877 4668 attribuit,
1916 4621 2024 4658 non
2058 4604 2319 4674 improbi-

751 4701 880 4753 tatis
918 4700 1120 4768 arguit,
1152 4700 1293 4753 viam
1328 4700 1695 4767 prsemuniens
1730 4699 1838 4753 illis
1885 4699 1951 4753 ad
1992 4700 2317 4754 conversio-

752 4804 897 4843 nem.
947 4791 1009 4842 Ει
1049 4790 1179 4858 quid
1234 4790 1335 4843 hoc
1372 4800 1489 4851 est,
1525 4806 1631 4842 non
1680 4790 1859 4843 solent
1910 4791 2158 4845 homines
2186 4791 2322 4844 ebrii

2424 4517 2521 4594 τὴν
2552 4518 2909 4585 ἐπιστροφήν.
2951 4518 3061 4570 Καὶ
3113 4518 3165 4570 τί
3204 4516 3383 4579 τοῦτο,
3409 4517 3523 4570 Οὐκ
3556 4516 3635 4568 ενι
3669 4515 3790 4586 ὥρᾳ
3836 4517 4016 4585 τρίτῃ

2430 4606 2688 4675 μεθύειν;
2726 4606 2864 4658 Ἀλλ’
2898 4608 2997 4659 οὐκ
3039 4607 3190 4659 ἔσται
3219 4610 3261 4638 ’⁸
3312 4606 3449 4674 πρὸς
3489 4606 3681 4658 τοῦτο·
3726 4606 3848 4659 οὐδὲ
3898 4609 4016 4678 γὰρ

2435 4702 2636 4751 ἐκεῖνοι
2664 4698 2835 4762 οὕτως
2867 4697 3013 4769 εἶχον
3058 4700 3187 4767 περὶ
3222 4698 3431 4751 αὐτῶν·
3476 4700 3611 4753 ἀλλὰ
3661 4698 4017 4768 διασύροντες

2433 4792 2527 4845 καὶ
2561 4792 2913 4861 χλευάζοντες
2945 4791 3117 4854 οὕτως
3142 4792 3348 4859 ἔλεγον.

752 4896 878 4936 esse
906 4881 1039 4934 hora
1073 4882 1270 4936 tertia?
1294 4881 1401 4936 Sed
1443 4882 1497 4935 in
1527 4884 1630 4936 hoc
1662 4896 1772 4936 non
1809 4882 2157 4937 immoratur.
2186 4880 2373 4952 Neque
2397 4883 2543 4939 enim
2584 4884 2661 4938 illi
2696 4885 2770 4937 ita
2800 4884 3109 4939 sentiebant
3140 4882 3209 4938 de
3246 4883 3313 4937 iis
3341 4899 3354 4934 :
3392 4881 3489 4937 sed
3517 4882 3893 4937 obtt'cctantes
3954 4879 4012 4938 (ιι

753 4974 1071 5029 cavillantes
1099 4976 1171 5029 ita
1201 4976 1474 5032 dicebant.

823 5068 991 5121 Vens.
1026 5067 1111 5123 16.
1147 5068 1249 5123 Sed
1281 5070 1374 5123 hoc
1393 5079 1493 5136 est,
1525 5070 1662 5139 quod
1705 5069 1906 5123 dictum
1950 5078 2025 5121 est
2048 5083 2139 5134 per
2201 5085 2325 5137 pro-

753 5158 959 5224 phetam
980 5156 1181 5213 Joefem
1211 5175 1229 5213 :

827 5269 990 5323 Vens.
1029 5271 1113 5325 17.
1144 5271 1209 5325 Et
1233 5274 1433 5327 accidet
1459 5274 1511 5326 in
1536 5274 1781 5327 extremis
1812 5271 2017 5335 diebus,
2058 5272 2185 5323 dicit
2218 5269 2321 5323 Do-

757 5364 949 5425 minus,
972 5364 1239 5431 e/fundam
1253 5366 1317 5419 de
1330 5366 1535 5429 Spiritu
1553 5382 1663 5419 meo
1678 5382 1832 5431 super
1848 5380 2051 5417 omne»:
2070 5379 2279 5414 carnem
2299 5376 2316 5412 .'

756 5463 803 5504 ct
834 5454 1214 5521 propltetabunt
1236 5455 1334 5521 filii
1361 5456 1538 5519 vestri,
1561 5466 1610 5509 et
1634 5456 1763 5522 ﬁlia:
1794 5464 1997 5512 resto-te,
2030 5462 2080 5504 et
2096 5453 2313 5519 jurencs

2518 5064 2703 5118 Ἀλλὰ
2736 5061 2913 5116 τοῦτό
2959 5062 3090 5114 ἐστι
3139 5061 3204 5113 τὸ
3243 5060 3559 5129 εἰρημένον
3596 5058 3693 5113 διὰ
3728 5058 3833 5113 τοῦ
3862 5076 4016 5127 προ·

2434 5155 2628 5225 φήτου
2671 5152 2846 5217 Ἰωήλ
2868 5168 2881 5183 ο

2506 5267 2614 5320 Καὶ
2645 5265 2819 5317 ἔσται
2855 5264 2924 5316 ἐν
2961 5263 3089 5328 ταῖς
3128 5262 3414 5331 ἐσχάταις
3461 5262 3727 5330 ἡμέραις,
3760 5262 3925 5330 λέγει
3980 5266 4016 5316 ὀ

2427 5355 2593 5421 Θεὸς,
2635 5355 2822 5421 ἑλιχεῶ
2874 5354 2991 5406 ἀπὸ
3025 5353 3129 5406 τοῦ
3174 5354 3520 5423 Πνεύματός
3536 5370 3657 5421 μου
3686 5352 4014 5407 ἐπίπασται·

2425 5447 2642 5514 σάρκα,
2666 5446 2765 5499 καὶ
2797 5446 3329 5513 προφητεύσουσιν
3364 5448 3418 5499 οἱ
3452 5445 3567 5499 vlo!
3610 5443 3773 5514 ὑμῶν
3806 5446 3899 5499 καὶ
3948 5449 4012 5499 αἱ

1941 5630 2138 5688 Var-im
2164 5627 2474 5689 lectiones
2512 5635 2574 5688 et
2603 5634 2795 5688 notae.

835 5752 873 5780 ⁸⁷
911 5754 1220 5822 φωνῶντας,
1271 5768 1402 5813 erat.

1509 5759 1551 5791 ¹³
1595 5759 1986 5830 ἐρωτιιιιέένως,
2036 5768 2167 5809 erat.

763 5822 915 5891 tarn.

2279 5756 2321 5787 ”
2366 5753 2579 5807 Videtur
2625 5752 2935 5815 desiderari,
2968 5750 3085 5819 οὐχ.

3191 5750 3234 5780 ¹⁰
3265 5747 3577 5816 βαλόμενος,
3620 5755 3753 5799 crat.
3835 5745 3876 5774 "
3912 5745 3998 5796 it'.
