4184 6458
191 422 282 484 Η]
905 418 1312 479 EXPOSITIO
1347 416 1424 476 ΙΝ
1467 417 1656 476 ACTA
1685 414 1843 476 ΑΡα

1788 411 2263 477 σςῑοωιιυλι.
2302 444 2366 453 ··-
2402 419 2561 482 CAP.
2608 420 2690 479 ll.
3337 419 3440 480 542

189 532 498 602 θυγατέρες
525 531 712 601 ὑμῶν,
760 531 858 584 καὶ
883 531 938 584 οι
982 529 1294 595 νεανίσκοι
1325 527 1492 596 ὑμῶν
1516 526 1756 594 ὁράσεις
1793 534 1833 586 Α

1802 534 1833 586 Α
1865 528 2022 580 vestri
2055 527 2164 596 26
2198 527 2420 581 visiones
2460 527 2728 593 videbunt,
2771 539 2818 582 et
2849 532 3081 585 seniores
3120 529 3276 586 vestri
3304 546 3454 585 som-

187 629 433 693 ὄψονται
459 663 475 687 ,
535 625 633 678 καὶ
694 626 747 678 ol
807 624 1196 698 πρεσϐύτεροι
1249 620 1447 692 ,ὑμῶν
1513 621 1767 675 ἐνύπνια

809 624 1196 698 πρεσϐύτεροι
1249 620 1447 692 ,ὑμῶν
1513 621 1767 675 ἐνύπνια
1870 621 1970 672 niis
1999 620 2394 688 occupabuntur
2423 621 2461 672 ί.

187 719 332 769 arva
340 716 796 779 νιασθήσονται.

255 811 366 862 Καί
391 826 456 876 γε
497 808 615 840 ⁸¹·⁸³
645 809 742 860 ἐπὶ
779 808 923 874 τοὺς
951 807 1217 872 δούλους
1254 823 1372 876 μου
1407 805 1503 859 καί
1536 805 1633 858 ἐπὶ
1660 804 1765 870 τὰς
1865 805 1902 874 ἦ

1865 805 1902 874 ιζ
1945 804 2110 860 Vens.
2149 805 2235 858 l8.
2269 802 2338 857 Et
2375 803 2581 872 quidem
2607 819 2767 874 super
2797 820 2973 859 servos
3017 822 3154 860 meos
3213 815 3262 861 et
3293 821 3446 872 super

188 900 409 963 δούλας
433 915 558 968 μου
587 899 658 951 ἐν
691 897 819 965 ταῖς
852 899 1103 970 ἡμέραις
1131 897 1390 961 ἐκείναις
1421 894 1610 964 ἐκχεῶ
1645 895 1763 950 ἀπὸ

1867 897 2091 951 ancillas
2128 914 2269 952 meas
2322 898 2376 950 in
2419 894 2601 950 diebus
2650 897 2758 950 illis
2814 896 3084 965 effundant
3129 896 3192 952 de
3239 897 3443 968 Spiritu

188 991 289 1046 τοῦ
320 992 670 1060 Πνεύματός
700 1009 820 1060 μου
845 1030 860 1054 ,
899 991 1000 1045 καὶ
1031 991 1585 1060 προφητεύσουσιν.

899 991 1000 1045 καὶ
1031 991 1585 1060 προφητεύσουσιν.
1867 1007 2001 1056 meo,
2033 998 2082 1044 et
2109 990 2513 1059 prOphetabunt.

251 1083 506 1153 οὐδαμοῦ
531 1085 669 1146 τέως
693 1084 866 1152 ὄνομα
891 1083 986 1136 τοῦ
1014 1083 1251 1154 Χριστοῦ
1267 1123 1283 1146 ,
1311 1083 1431 1136 οὐδὲ
1458 1081 1761 1151 ἐπαγγελία

1936 1082 2216 1152 Nusquam
2250 1083 2466 1136 interim
2502 1097 2698 1137 nomen
2733 1081 2959 1145 Christi,
3001 1097 3177 1151 neque
3216 1083 3440 1152 promis-

187 1174 376 1237 αὐτοῦ,
403 1176 548 1228 ἀλλὰ
583 1175 678 1229 τοῦ
711 1175 927 1244 Πατρδς
951 1176 982 1245 ἡ
1010 1174 1336 1242 ἐπαγγελία.
1375 1175 1517 1244 Ὅρα
1545 1173 1602 1227 δὲ
1635 1172 1760 1224 σύν-

1863 1189 1983 1228 sum
2035 1172 2206 1234 illius.
2275 1172 2368 1227 sed
2405 1171 2580 1227 Patris
2641 1173 2999 1242 promissum.
3055 1171 3188 1228 Vide
3254 1183 3434 1225 autem

188 1278 312 1314 εσιν.
358 1263 433 1315 Οὐ
481 1263 732 1334 παρῆλθε
777 1263 873 1317 καὶ
901 1259 1057 1316 εἶπεν
1093 1262 1297 1326 εὐθέως
1333 1264 1401 1317 τὰ
1441 1265 1581 1316 κατὰ
1623 1263 1758 1330 Χρι-

1863 1265 2234 1334 prudentiam.
2334 1263 2450 1316 Non
2523 1264 2722 1330 prodiit
2779 1279 2841 1318 ac
2909 1263 3093 1318 statim
3157 1263 3296 1318 dixit
3353 1279 3439 1328 ea,

188 1356 302 1407 στὸν
321 1395 336 1416 ,
361 1357 443 1408 ὅτι
475 1357 714 1419 Ἐκεῖνος
750 1359 886 1425 ἡμῖν
919 1357 1059 1426 μετὰ
1085 1357 1146 1409 τὸ
1177 1355 1555 1425 σταυρωθῆναι
1587 1354 1759 1407 ταῦτα

1861 1373 1983 1426 quae
2029 1357 2094 1410 ad
2140 1357 2423 1410 Christum
2461 1355 2843 1425 pertinebant,
2879 1370 3108 1424 nempe:
3154 1355 3247 1409 Ille
3285 1357 3440 1409 nobis

186 1447 572 1514 ἐπηγγείλατο.
603 1449 675 1500 Ἦ
710 1448 818 1519 γὰρ
851 1450 918 1502 ἂν
962 1447 1135 1512 οὕτως
1172 1441 1364 1510 εἰπὼν,
1411 1448 1586 1501 πάντα
1635 1445 1758 1499 ἀνέο

1860 1465 1967 1512 εκ,
2011 1464 2120 1519 quo
2185 1449 2484 1504 cruciﬁxus
2549 1456 2668 1513 est,
2750 1450 2863 1504 hare
2946 1448 3217 1518 promisit.
3307 1446 3437 1499 Nam

186 1543 343 1610 τρέψε
363 1560 377 1572 ’
407 1543 615 1613 καίπερ
647 1544 809 1597 ἱκανὰ
845 1537 914 1614 ἦν
943 1543 1113 1611 δεῖξαι
1157 1542 1322 1597 αὑτοῦ
1372 1543 1470 1614 τὴν
1505 1541 1755 1612 θεότητα,

1861 1539 2129 1612 proiecto,
2184 1540 2228 1594 si
2268 1542 2340 1596 ita
2366 1541 2616 1605 dixisset,
2659 1540 2843 1594 omnia
2899 1538 3208 1599 evertisset.
3250 1553 3443 1608 quam-

187 1632 309 1684 ἀλλὰ
363 1633 766 1705 ἀπιστούμενα.
801 1637 873 1688 Τὸ
916 1635 974 1688 δὲ
1009 1634 1367 1706 ζητούμενον,
1396 1632 1756 1702 πιστευθῆναι

1859 1649 2022 1704 quam
2063 1632 2388 1688 sutlicientia
2426 1641 2587 1687 erant
2643 1630 2710 1685 ad
2761 1630 3255 1684 demonstrandum
3295 1629 3439 1682 illitis

183 1716 270 1787 ἦν·
310 1721 390 1792 μὴ
432 1725 807 1793 πιστευόμενα
855 1724 937 1788 δὲ,
975 1724 1414 1793 καταλευσθῆναι
1447 1723 1514 1777 ἃν
1559 1722 1756 1784 αὐτοὺς

1860 1726 2147 1788 Deitatem,
2186 1724 2279 1780 sed
2307 1740 2417 1778 non
2467 1723 2857 1779 credebantur.
2891 1722 3084 1788 Porro,
3122 1723 3264 1791 quod
3293 1722 3439 1775 desi-

181 1813 415 1884 ἐποίησε.
458 1815 572 1878 Τὰς
619 1816 853 1886 ἀπορίας
901 1816 1032 1870 ἄλλο
1073 1817 1135 1870 ού
1193 1817 1330 1882 λύει,
1384 1817 1416 1886 ἢ
1477 1815 1752 1887 μαρτυρία
1786 1873 1826 1887 __

1786 1873 1826 1887 __
1859 1817 2172 1883 derabatur,
2230 1817 2334 1872 hoc
2376 1824 2494 1871 erat
2544 1815 2826 1880 nimirum,
2873 1814 3087 1868 utlides
3121 1813 3435 1875 haberetur,

183 1907 507 1976 προφητική.
559 1907 732 1961 Ὅταν
786 1903 880 1962 οὖν
933 1909 1219 1978 ἀνακύπτῃ
1269 1925 1323 1961 τι
1355 1908 1466 1961 τῶν
1522 1907 1747 1976 ἀπόρων
1782 1903 1828 1934 ⁸³

1782 1903 1828 1934 ⁸³
1855 1919 1909 1967 et
1939 1910 2293 1966 crederentur
2337 1925 2460 1966 esse
2499 1923 2652 1972 vera,
2710 1923 2833 1978 qua:
2895 1905 3242 1960 dicebautur.
3281 1905 3434 1970 Quod

182 1994 543 2064 ζητημάτων,
597 1997 673 2067 μὴ
720 1999 1076 2070 καταφεύγῃς
1116 1999 1209 2051 ἐπὶ
1256 1999 1386 2060 τοὺς
1430 1997 1747 2067 λογισμούς.

1855 2004 1901 2060 si
1940 2019 2077 2058 vera
2124 2018 2248 2060 esse
2286 2019 2396 2057 non
2430 2001 2810 2067 crederentur,
2859 1999 2975 2054 ﬁeri
3027 1999 3316 2068 potuisset,
3382 2008 3439 2050 ιιι

194 2087 546 2158 Ἐνθυμήσεις
603 2090 714 2159 γὰρ
758 2091 1034 2160 λογισμῶν
1090 2090 1182 2143 καὶ
1228 2090 1626 2160 ἀνατρέπονται
1655 2089 1751 2142 καὶ

1854 2097 2130 2167 lapidibus
2186 2094 2573 2150 obruerentur.
2636 2093 3036 2162 Ambigituates
3090 2090 3226 2144 nihil
3289 2089 3434 2142 aliud

182 2177 542 2242 συνίστανται,
589 2179 726 2233 Θεοῦ
764 2179 821 2233 δὲ
886 2179 1070 2250 φωνὴν
1112 2181 1198 2242 τίς
1253 2179 1408 2245 λύεις
1473 2179 1750 2249 Λογισμδς

1852 2182 2036 2245 solvit,
2061 2195 2226 2251 quam
2260 2179 2644 2234 testimonium
2675 2178 3078 2246 propheticum.
3108 2174 3242 2229 Cum
3274 2174 3437 2243 igitur

181 2268 390 2320 λύεται·
436 2268 628 2340 Γραφὴ
662 2271 723 2322 οὐ
784 2269 993 2324 λύεται.
1033 2272 1147 2324 Οὐκ
1187 2266 1378 2334 εἶπεν,
1443 2270 1647 2340 Ἐκχεῶ
1687 2269 1750 2322 τὸ

1850 2273 2072 2328 exsistit
2097 2272 2279 2341 aliqua
2320 2269 2555 2340 quaestio
2590 2267 3012 2338 inexplicabilis,
3058 2282 3125 2320 ne
3151 2263 3437 2332 coniugias

180 2359 395 2429 Πνεῦμα
427 2377 564 2430 μου,
599 2360 716 2414 ἀλλ’
777 2361 884 2415 ἀπὸ
912 2360 1006 2414 τοῦ
1050 2361 1370 2429 Πνεύματός
1403 2378 1530 2432 μου.
1571 2361 1648 2413 Οὐ
1687 2361 1749 2414 τὸ

1852 2365 1921 2418 ad
1962 2366 2222 2418 rationes.
2261 2361 2523 2416 Rationes
2587 2361 2732 2415 enim
2767 2359 3089 2428 excogitata-
3123 2364 3233 2410 tam
3278 2371 3434 2410 ever-

179 2451 394 2521 Πνεῦμα
422 2454 689 2522 ἐκχεῖται,
726 2453 841 2505 ἀλλ’
875 2454 908 2522 ἡ
941 2453 1124 2523 δωρεὰ
1150 2453 1245 2505 τοῦ
1280 2453 1616 2523 Πνεῦματος,
1656 2453 1748 2506 ἐπὶ

1852 2465 2062 2520 tuntur,
2095 2470 2262 2525 quam
2316 2453 2720 2524 approbantur,
2774 2451 2868 2504 sed
2927 2449 3021 2503 Dei
3071 2463 3256 2501 vorem
3311 2446 3433 2514 quis

179 2543 345 2593 πᾶσαν
379 2542 582 2610 σάρκα,
631 2541 834 2612 δηλαδὴ
863 2533 964 2613 τὴν
1009 2543 1405 2608 πιστεύσασαν,
1441 2543 1744 2608 τουτέστιν,

1847 2547 2048 2602 solvit?
2072 2545 2234 2601 Ratio
2253 2545 2516 2600 solvitur:
2567 2543 2848 2613 Scriptura
2880 2556 2990 2596 non
3022 2541 3275 2596 solvitur.
3315 2537 3431 2590 Non

180 2634 260 2685 ἐπὶ
285 2633 356 2686 τὰ
382 2633 515 2703 ἔθνη
539 2651 555 2666 ο
588 2633 719 2687 ἀλλ”
749 2634 960 2688 οὐδέπω
985 2635 1127 2698 τέως
1155 2635 1535 2689 ἀποκαλύπτει
1560 2636 1746 2700 αὐτοῖς

1845 2637 2016 2692 dixit:
2067 2636 2356 2691 Eﬂ'undam
2393 2635 2659 2706 Spiritum
2695 2649 2899 2698 meum,
2947 2633 3070 2696 sed,
3116 2633 3184 2687 de
3218 2630 3430 2701 Spiritu

178 2723 338 2777 τοῦτο.
380 2725 457 2778 Τὸ
495 2725 576 2792 δὲ,
603 2724 695 2778 ἐπὶ
739 2726 925 2780 πᾶσαν
971 2724 1171 2797 σάρκα,
1203 2726 1388 2780 δίδωσι
1436 2727 1532 2781 καὶ
1562 2728 1746 2790 αὐτοῖς

1847 2743 1989 2782 meo.
2025 2728 2267 2798 Spiritus
2301 2742 2411 2782 non
2450 2725 2767 2790 eﬂ‘unditur,
2797 2725 2893 2780 sed
2924 2725 3127 2780 donum
3165 2723 3428 2792 Spiritus.

178 2815 381 2880 ἐλπίδας
409 2816 676 2886 χρηστάς.
703 2817 816 2870 Καὶ
838 2817 939 2870 οὐκ
967 2817 1194 2887 ἀφίησιν
1213 2817 1345 2872 ίδιον
1365 2818 1547 2872 αὐτῶν
1581 2819 1744 2888 μόνον

1847 2821 2024 2892 Super
2061 2835 2281 2875 omnem
2335 2835 2596 2885 carnem,
2631 2819 2886 2874 videlicet
2939 2833 3061 2888 qua:
3109 2815 3427 2878 crediderit,

177 2902 300 2960 εἶναι
327 2908 393 2960 τὸ
437 2906 846 2977 πλεονέκτημα,
883 2908 1056 2982 ταύτῃ
1094 2909 1193 2962 καὶ
1247 2909 1340 2962 τὸν
1389 2909 1582 2979 φθόνον
1610 2912 1743 2964 ὕπο-

1846 2917 1948 2970 hoc
1985 2924 2091 2982 est,
2127 2929 2299 2983 super
2321 2922 2552 2983 gentes:
2581 2911 2676 2967 sed
2711 2911 2926 2965 interim
2953 2909 3197 2962 nondum
3227 2906 3431 2974 detegit

175 2997 514 3065 τεμνόμενος.
541 2997 681 3067 Ὅρα
700 2998 758 3050 δὲ
783 2999 899 3062 πῶς
923 2999 1179 3071 διάφορος
1200 3002 1232 3070 ή
1257 3000 1350 3054 τοῦ
1383 3003 1538 3068 ἁγίου
1570 3002 1743 3054 Πνεύ-

1845 3006 1952 3060 illis
1976 3005 2099 3060 hoc.
2134 3004 2248 3060 Hoc
2284 3014 2489 3068 autem,
2517 3003 2660 3074 quod
2688 3003 2840 3067 dicit,
2863 2999 3040 3071 Super
3069 3013 3284 3054 onmem
3310 3012 3429 3051 car-

179 3105 329 3155 ματος
359 3090 730 3159 ἀποκάλυψις.
792 3091 854 3144 '0
890 3092 989 3161 μὲν
1049 3093 1408 3164 προφητεύει,
1452 3094 1590 3163 ἔχων
1643 3093 1740 3146 τοῦ

1843 3115 1990 3161 netu,
2036 3099 2200 3153 etiam
2245 3098 2381 3167 ipsis
2429 3098 2629 3151 bonam
2665 3111 2818 3166 spem
2858 3095 3011 3159 facit,
3045 3100 3099 3148 et
3147 3107 3254 3146 non
3295 3089 3428 3143 sinit

180 3181 480 3251 Ππύματος
503 3184 603 3252 τὴν
619 3183 817 3253 χάριν
848 3183 1005 3246 ἄλλος
1034 3185 1242 3251 ἀτονῶν
1268 3185 1407 3256 “Pb;
1432 3186 1494 3238 τδ
1531 3185 1741 3256 ﬁmi?”
1768 3214 1811 3272 C

1775 3214 1811 3272 α
1846 3189 2090 3260 ipsorum
2127 3189 2391 3242 duntaxat
2425 3189 2702 3258 proprium
2749 3202 2872 3242 esse
2905 3185 3288 3247 commodum,
3325 3183 3427 3236 hoc

176 3275 424 3342 τήσασθαι
455 3276 691 3347 τοιούτῳ
730 3277 1042 3345 πράγματι,
1077 3277 1342 3346 λαμϐάνει
1375 3281 1437 3332 τὸ
1473 3281 1584 3333 τῶν
1610 3281 1743 3351 ὁρά-

1846 3280 2009 3336 modo
2038 3281 2202 3335 etiam
2230 3281 2490 3334 invidiam
2525 3281 2846 3349 przecidens.
2881 3278 3015 3332 Vide
3049 3287 3226 3332 autem
3260 3291 3423 3346 quam

178 3378 295 3415 σεων
317 3382 330 3394 ·
362 3366 441 3427 ὡς
480 3361 622 3419 εἶδεν
641 3366 790 3441 -ἒκτῃ
821 3366 940 3437 ὥρᾳ
973 3366 1073 3437 τὴν
1111 3368 1294 3420 εἰκόνα
1331 3371 1360 3420 ό
1392 3369 1596 3439 Πέτρος
1616 3387 1631 3402 ο
1667 3371 1744 3434 ὼς

1842 3374 2060 3427 diversa
2098 3388 2159 3425 ac
2191 3373 2341 3426 varia
2391 3372 2459 3426 sit
2504 3373 2680 3426 sancti
2713 3371 2952 3440 Spiritus
2994 3370 3281 3424 revelatio.
3324 3368 3425 3423 llic

176 3454 198 3502 ὁ
232 3455 526 3529 Κορνήλιος
558 3457 756 3526 εννὰτῃ
782 3457 901 3528 ὥρᾳ
931 3455 1038 3512 εἶδε
1061 3459 1153 3511 τὸν
1189 3459 1444 3528 ἄγγελον.
1479 3461 1552 3515 Τὸ
1582 3462 1640 3515 έν
1676 3465 1740 3532 τῇ

1842 3465 2058 3534 quidem
2081 3463 2312 3534 adeptus
2334 3464 2564 3534 gratiam
2601 3463 2862 3533 Spiritus,
2896 3463 3223 3531 prophetat:
3260 3460 3426 3522 alius,

177 3547 347 3617 καρδξει
371 3548 439 3600 ού·
469 3549 696 3630 λέγεται
729 3551 936 3621 ὅραμα,
973 3552 1088 3605 ἀλλ’
1113 3553 1323 3621 ὅρασις.
1357 3553 1590 3617 Ἀλλως,
1614 3555 1738 3624 βλέ-

1839 3555 1929 3610 cui
1967 3556 2113 3610 vires
2143 3571 2251 3609 non
2290 3563 2612 3626 suppetunt,
2649 3564 2706 3609 ut
2740 3556 2830 3608 tali
2868 3542 3192 3608 ministerio
3230 3551 3424 3621 iunga-

176 3654 252 3688 πει
277 3656 354 3701 τις
378 3641 607 3723 ὅρασιν,
628 3637 705 3703 ὥς
735 3659 899 3711 φησιν
926 3641 1142 3712 όιόρῶν·
1187 3643 1402 3708 Βάδιζε,
1438 3645 1615 3709 ἄλλως
1653 3647 1731 3711 δὲ,

1843 3659 1953 3714 tur,
1999 3649 2434 3718 accipitdonum
2462 3649 2768 3702 visionum:
2810 3655 2868 3700 ut
2899 3645 3037 3699 vidit
3085 3645 3220 3698 hora
3269 3650 3420 3696 sexta

175 3729 222 3778 oi
248 3732 307 3799 τῇ
336 3730 461 3796 ὕψει
493 3731 718 3801 θεωρῶν
747 3733 808 3784 τὸ
830 3727 833 3730 ’
857 3731 1157 3803 Θεώρημα,
1189 3734 1386 3800 ἄλλως,
1431 3736 1560 3790 ὅταν
1607 3737 1732 3790 ὲνύ-

1841 3738 2038 3795 Petrus
2088 3740 2378 3808 imaginem
2419 3739 2613 3792 lintei:
2650 3745 2708 3791 ut
2743 3736 3034 3792 Cornelius
3083 3736 3215 3789 hora
3274 3746 3419 3787 nona

178 3837 306 3874 πλον
332 3825 400 3891 τῇ
433 3823 1083 3897 φαντασίᾳπαιδεύηται.
1157 3846 1159 3849 ·

1841 3833 1972 3886 vidit
2033 3833 2308 3902 angelum.
2361 3831 2516 3898 Quod
2574 3840 2661 3886 est
2710 3831 2763 3884 in
2809 3830 3017 3893 corde,
3073 3843 3181 3881 non
3227 3826 3425 3878 dicitur

175 3916 349 3985 ὅραμα,
377 3919 430 3972 id
470 3926 558 3973 est
597 3920 797 3982 visum,
823 3921 938 3976 sive
964 3931 1257 3990 aspectus,
1295 3923 1389 3978 sed
1422 3925 1630 3995 ὅρασις,
1672 3927 1722 3980 id
1765 3936 1851 3984 est
1908 3929 2068 3983 visio.
2123 3930 2316 3992 Aliter,
2361 3928 2502 3982 videt
2538 3928 2663 3997 quis
2694 3927 2996 3981 visionem:
3072 3933 3128 3978 ut
3214 3921 3422 3991 inquit,

175 4010 250 4069 qui
277 4010 535 4065 videbat:
567 4009 757 4075 Vade;
799 4012 957 4067 aliter
987 4024 1191 4080 autem,
1225 4032 1331 4069 non
1380 4017 1500 4070 visu
1536 4019 1828 4086 speculans
1894 4031 1947 4074 et
1981 4021 2360 4090 contemplans
2389 4019 2886 4089 speculamentum,
2947 4031 3046 4072 seu
3107 4029 3224 4070 rem
3290 4026 3432 4068 con-

178 4100 557 4167 templanda"):
594 4101 772 4167 aliter,
808 4119 932 4158 cum
972 4105 1096 4175 quis
1124 4110 1177 4160 in
1213 4123 1429 4163 summo
1460 4125 1555 4180 per
1589 4111 2033 4182 imaginationem
2071 4114 2321 4168 eruditur
2360 4123 2522 4180 atque
2559 4110 2812 4165 docetur.

233 4195 328 4251 Kal
365 4196 545 4249 δώσω
586 4196 798 4264 τέρατα
825 4199 896 4252 ἐν
943 4199 1022 4266 τῷ
1051 4203 1286 4269 οὐρανῷ
1315 4204 1458 4266 ἅνω,
1496 4207 1595 4258 καὶ
1624 4223 1735 4273 ση-

1910 4207 2068 4263 Vsrs.
2105 4208 2192 4262 i9.
2255 4207 2322 4261 Et
2363 4208 2544 4262 eadem
2587 4205 2829 4276 prodigia
2876 4207 2928 4258 iu
2975 4207 3103 4258 caelo
3143 4220 3323 4266 supra,
3372 4211 3421 4255 et

178 4287 288 4350 μεῖα
311 4289 404 4341 ἐπὶ
424 4287 543 4358 τῆς
566 4288 680 4358 γῆς
705 4289 883 4357 κάτω,
906 4288 1070 4360 αἷμα,
1096 4295 1195 4348 καί
1220 4296 1364 4364 πῦρ,
1395 4298 1492 4352 καὶ
1519 4298 1737 4369 ἀτμίδα

1835 4302 1986 4371 signa
2016 4302 2066 4354 in
2097 4311 2239 4355 terra
2267 4302 2445 4355 subter
2464 4302 2774 4371 sanguinem
2802 4308 2852 4352 et
2887 4300 3056 4368 ignem
3089 4307 3139 4351 et
3177 4313 3419 4367 uapomn

179 4381 409 4434 καπνοῦ.
1840 4393 1995 4462 fumi.

246 4470 302 4523 '0
331 4473 512 4539 ἣλιος
542 4473 1106 4542 μεταστραφήσεται
1153 4479 1242 4542 είς
1269 4480 1508 4546 σκότος,
1553 4481 1653 4535 καὶ
1696 4483 1734 4550 ἡ

1905 4483 2179 4540 Vens.20.
2215 4483 2310 4539 Sol
2345 4485 2670 4540 convertitur
2719 4487 2774 4538 in
2814 4484 3076 4545 tenebras,
3124 4492 3172 4535 et
3217 4482 3341 4536 luna
3365 4484 3419 4535 in

181 4561 382 4630 σελήνη
411 4567 504 4627 εἰς
537 4558 703 4632 αἷμα,
739 4565 883 4631 πρὶν
914 4565 952 4631 ἢ
987 4565 1185 4620 ἐλθεῖν
1222 4569 1337 4636 τὴν
1369 4571 1599 4640 ἡμέραν
1624 4576 1738 4627 Κυ-

1837 4579 2170 4648 sanguinem,
2195 4588 2477 4648 antequam
2510 4579 2683 4632 veniat
2712 4577 2824 4630 dies
2845 4574 3060 4629 Domini
3088 4574 3177 4627 ille
3197 4589 3416 4643 magnus

179 4654 308 4718 ρὀυ,
337 4655 453 4724 τὴν
482 4655 764 4724 μεγάλην
793 4656 891 4710 καὶ
919 4659 1206 4728 ἐπιφανῆ.
1764 4658 1810 4714 1)

515 4655 764 4724 tersum-
793 4656 891 4710 καὶ
919 4659 1206 4728 ἐπιφανῆ.
1764 4658 1810 4714 1)
1837 4680 1886 4724 et
1921 4671 2167 4724 illustris.

236 4747 328 4800 Kal
359 4750 557 4810 ἔσται,
584 4747 705 4815 πᾶς
731 4749 798 4815 ὃς
827 4749 903 4804 ἂν
923 4750 968 4782 ’⁵
992 4751 1421 4822 ἐπικαλέσηται
1452 4757 1518 4811 τό
1548 4757 1736 4828 ὄνομα

1907 4756 2069 4810 Vens.
2105 4758 2196 4811 2|.
2236 4757 2304 4811 Et
2341 4758 2582 4828 futurum
2609 4770 2708 4824 est,
2741 4769 2795 4812 ut
2820 4760 2991 4814 omnis
3020 4760 3313 4830 quicunque
3338 4755 3419 4808 in-

183 4835 399 4902 lwplov,
436 4838 787 4904 σωθήσεται
799 4878 811 4892 .

1837 4849 2094 4901 vocarerit
2123 4865 2310 4902 nomen
2355 4848 2590 4915 Domini,
2621 4862 2873 4905 servetur.

234 4926 406 4980 Ταῦτα
434 4931 535 4982 καὶ
565 4929 696 4998 περὶ
717 4928 817 5000 τῆς
851 4928 1156 5003 μελλούσης
1177 4934 1449 5005 κρίσεως’,
1484 4938 1580 4989 καὶ
1606 4938 1735 5007 περὶ

1908 4939 2031 4996 llam
2060 4950 2114 4996 et
2140 4942 2208 4995 de
2270 4943 2458 4996 futuro
2507 4943 2740 5012 judicio,
2775 4954 2831 4999 et
2869 4943 2937 4999 de
2999 4939 3414 5012 Hierosolymis,

181 5013 272 5115 abv-
298 5016 692 5087 Ἰεροσολύμων
735 5021 831 5074 καὶ
889 5021 989 5088 τῆς
1026 5023 1144 5075 τότε
1202 5025 1604 5093 αἰχμαλωσίας,
1641 5028 1735 5080 καὶ

1837 5047 2026 5100 eaque,
2056 5049 2177 5101 quae
2209 5043 2339 5087 tunc
2373 5033 2580 5089 Iudaeis
2611 5035 2838 5098 accidit,
2874 5034 3215 5102 captivitate,
3249 5039 3302 5084 et
3327 5045 3411 5091 ea,

182 5105 234 5153 τὰ
259 5105 340 5157 ἐπὶ
364 5107 442 5177 τῷ
475 5109 700 5179 σταυρῷ
731 5110 826 5162 τοῦ
865 5111 1101 5179 Χριστοῦ
1127 5115 1466 5184 γενησόμενα
1488 5157 1502 5182 ,
1549 5117 1734 5187 προδι-

1835 5139 1956 5194 qua:
1985 5133 2206 5193 propter
2235 5124 2343 5194 27
2379 5140 2596 5179 crucem
2623 5125 2827 5180 Christi
2853 5124 3036 5180 futura
3073 5134 3249 5187 erant,
3289 5132 3416 5176 ante

181 5201 341 5250 ιάπκει
375 5201 596 5268 σαφῶς,
633 5203 727 5253 καὶ
766 5202 832 5254 τὰ
863 5203 929 5255 δι’
957 5205 1117 5257 αὑτὸν
1145 5208 1254 5269 τοῖς
1293 5209 1568 5272 Ἰουδαίοις
1597 5226 1734 5278 συμ-

1835 5217 2036 5271 docent
2059 5229 2242 5282 aperte
2273 5224 2366 5270 :et
2401 5233 2489 5282 ea,
2522 5235 2643 5288 qua:
2667 5229 2885 5288 propter
2909 5219 3056 5272 illum
3081 5215 3284 5270 Judmis
3319 5228 3414 5283 per

182 5290 405 5347 ξαίνοντα
429 5294 522 5347 διὰ
579 5294 672 5346 me
716 5295 1004 5362 Ῥωμαίων
1034 5296 1308 5368 πολέμιον’
1364 5301 1598 5370 αἵματος
1636 5302 1735 5368 μὲν

1834 5306 2034 5364 bellum
2088 5305 2458 5362 Romanorum
2489 5310 2829 5373 acciderunt,
2864 5325 2986 5364 cum
3037 5308 3262 5379 sanguis
3293 5309 3413 5375 qui-

183 5379 268 5432 ὑπὸ
283 5383 480 5438 τούτων
501 5383 766 5436 πλείστου
790 5385 1118 5454 ἐκχεομένου
1143 5389 1283 5440 κατὰ
1306 5388 1405 5458 τὴν
1435 5389 1694 5442 Ἰουδαίαν
1720 5431 1734 5455 ,
1834 5429 1835 5434 η

1834 5397 1956 5451 dem
2019 5398 2088 5452 ah
2146 5399 2252 5454 illis
2291 5400 2564 5470 plurimus
2602 5417 2699 5472 per
2738 5400 2980 5455 Judaeam
3016 5401 3409 5461 ell'umleretur,

182 5472 359 5526 καπνοῦ
389 5474 448 5528 δὲ
481 5476 866 5546 ἐγγινομένου,
893 5476 1000 5529 τῶν
1028 5477 1233 5531 πόλεων
1266 5481 1361 5532 καὶ
1401 5480 1506 5533 τῶν
1533 5481 1736 5552 κωμῶν

1840 5489 2022 5544 l'umus
2079 5491 2204 5545 item
2247 5491 2686 5564 ingeneraretur,
2719 5495 2936 5566 Oppidis
2971 5504 3020 5550 et
3052 5493 3185 5548 vicis
3217 5491 3410 5545 incen-

1344 5594 1542 5656 ναι-ιω
1577 5597 1880 5665 lectiones
1921 5613 1980 5667 et
2027 5617 2212 5670 noue.

878 5681 887 5699 ι

253 5709 352 5741 ’³³⁸³
379 5715 564 5766 xui-:0:
607 5713 658 5765 in
686 5714 933 5783 vulgatis.
1013 5717 1054 5746 ²’⁸
1079 5716 1138 5770 In
1176 5719 1397 5788 ru'gatis
1433 5731 1530 5782 est,
1567 5723 1675 5774 ἐάν.

248 5845 412 5919 iVulg
474 5849 681 5901 somnia
722 5849 1073 5905 stimulabant.
