4184 6458
692 390 798 451 543

1612 386 1912 445 TllEOPll
1927 386 2187 445 YLACTl
2230 387 2471 446 BULGA
2486 389 2637 448 [lle
2668 392 2867 451 ARCll
2883 394 2895 448 Ι
2910 393 3020 451 ΕΡ.

3846 390 3951 450 ειι

690 503 793 558 sis.
831 512 1017 566 pinnas
1044 498 1097 550 in
1127 497 1401 550 Christum
1431 496 1741 565 petulantia:
1778 496 2137 563 pendentibus
2181 494 2276 548 Ju-
2304 550 2306 554 ,

2414 503 2817 569 μπιπραμένων
2836 518 2848 529 ⁵
2878 501 3035 568 δίκην
3064 500 3385 552 τιννυόντων
3415 500 3523 550 τῶν
3558 500 3825 551 Ὶουδαέων
3856 501 3954 566 τῆς

694 590 827 644 ιιινίς
869 605 884 642 ;
925 603 1087 656 quam
1121 585 1475 655 petulantiam
1502 602 1624 638 eum
1662 602 1759 637 nee
1791 586 1905 653 ipse
1945 585 2165 653 quidem
2195 585 2274 637 sol

697 680 1024 741 sustineret,
1077 675 1297 728 oculum
1359 690 1544 737 suum,
1588 674 2028 726 illuminatricem
2066 672 2277 726 scilicet

710 768 1246 832 vim,contrahebat,
1302 775 1354 818 et
1395 766 1521 817 luna
1561 765 1613 816 in
1648 764 1904 818 ruborem
1960 771 2277 830 argenteam

702 877 857 915 suam
924 860 1161 927 speciem
1216 857 1592 911 convertebat.
1632 856 1804 924 Atque
1841 856 2003 909 etiam
2057 871 2119 908 ex
2154 854 2282 908 affe-

702 954 883 1004 elione
912 949 1241 1019 patientium
1280 947 1331 1001 id
1361 949 1579 1001 accidit.
1610 947 1875 999 Dicuntur
1906 955 2085 999 tamen
2114 948 2279 1001 etiam

708 1048 880 1099 multa
924 1046 1051 1099 talia
1089 1044 1229 1097 facta
1264 1061 1386 1100 esse
1416 1047 1469 1099 in
1506 1046 1653 1099 emlo
1686 1044 1830 1097 circa
1863 1055 2073 1111 tempus
2109 1046 2283 1113 capti-

704 1140 887 1193 \ilatis
938 1146 992 1192 et
1064 1138 1261 1191 excidii
1319 1138 1868 1206 Hierosolymorum,
1912 1144 1971 1187 ut
2014 1134 2285 1204 Josephus

706 1244 958 1287 testatur.
996 1234 1173 1302 Atque
1197 1232 1439 1301 alioquin
1462 1248 1548 1297 eo,
1582 1233 1725 1300 quod
1755 1231 1827 1282 ait
1854 1230 2033 1283 lunam
2074 1231 2126 1281 in
2160 1244 2286 1281 san-

706 1326 926 1392 guinem
964 1339 1087 1379 esse
1118 1340 1464 1388 conversam,
1524 1324 1939 1377 immoderatam
1972 1333 2025 1375 et
2060 1325 2287 1375 inexsu-

710 1418 1004 1485 perabilem
1072 1416 1416 1470 mactationis
1468 1417 1809 1471 atrocitatem
1860 1415 2122 1469 declarat.
2182 1414 2286 1467 Sed

710 1526 808 1561 cur
836 1510 946 1562 hrec
980 1509 1115 1561 (iniit
1156 1508 1289 1562 hora
1320 1509 1523 1562 tertia?
1551 1508 1690 1572 Quia
1728 1518 1855 1560 tunc
1886 1507 2112 1560 claritas
2144 1506 2285 1574 ignis

710 1600 1037 1665 ostenditur,
1070 1614 1193 1652 cum
1229 1600 1374 1653 clara
1406 1607 1489 1653 est
1535 1598 1671 1659 dies,
1708 1614 1831 1651 eum
1862 1612 2060 1652 omnes
2087 1606 2213 1651 sunt
2238 1597 2289 1648 in

713 1692 854 1743 loro.
890 1690 957 1742 At
992 1692 1230 1758 scriptor
1264 1691 1589 1759 hymnorum
1623 1690 1782 1743 aliter
1810 1690 2010 1758 accipit
2064 1689 2165 1742 hoc
2209 1687 2291 1741 di-

717 1791 866 1833 ctum
918 1798 930 1834 :
965 1780 1311 1850 sanguinem,
1350 1796 1448 1849 pro
1480 1781 1861 1833 incarnatione
1903 1780 2151 1846 :ignem,
2194 1792 2293 1848 pro

714 1874 915 1925 deitate
950 1891 961 1925 :
1012 1886 1267 1940 vaporem
1293 1882 1472 1925 autem
1508 1871 1663 1932 fumi,
1731 1886 1827 1941 pro
1856 1870 2059 1939 Spiritu
2086 1881 2297 1935 sancto,

717 1968 809 2031 qui
853 1982 1089 2035 superne
1124 1967 1269 2019 venit
1311 1966 1361 2019 in
1405 1964 1700 2035 Virginem,
1744 1976 1796 2019 et
1826 1963 2089 2019 mundum
2118 1964 2300 2018 odoris

722 2058 993 2111 sumilate
1022 2057 1243 2125 replevit
1292 2074 1304 2109 :
1336 2056 1478 2109 diem
1517 2063 1700 2109 autem
1748 2056 1982 2118 Domini,
2030 2054 2172 2108 diem
2208 2068 2298 2107 re-

728 2148 1088 2201 surrectionis
1122 2148 1402 2216 intelligit.
1440 2146 1580 2201 Deus
1604 2157 1786 2199 autem
1822 2155 1929 2209 est,
1968 2146 2062 2213 qui
2119 2144 2246 2199 dicit
2282 2162 2295 2198 :

722 2239 1013 2293 ISiTuudam
1045 2240 1113 2294 de
1165 2238 1372 2308 Spiritu
1427 2254 1547 2291 meo
1600 2240 1917 2307 priusquam
1976 2239 2155 2293 veniat
2184 2239 2303 2292 dies

731 2331 965 2385 Domini.
1005 2330 1099 2383 Dic
1128 2328 1317 2385 Judmo
1351 2348 1363 2383 :
1400 2328 1456 2382 Si
1487 2344 1591 2383 una
1643 2345 1876 2399 persona
1908 2340 2012 2393 est,
2048 2340 2099 2384 et
2138 2345 2302 2383 unum

728 2424 819 2475 Dei
854 2437 1073 2485 nomen,
1104 2430 1158 2475 et
1200 2422 1317 2492 ipse
1360 2422 1601 2489 loquitur
1628 2421 1695 2475 de
1726 2436 1868 2484 sese,
1936 2437 2035 2474 cur
2082 2437 2187 2474 non
2222 2421 2307 2475 di-

727 2516 827 2579 xit,
889 2514 1209 2583 priusquam
1240 2514 1423 2567 veniat
1454 2514 1571 2568 dies
1636 2512 1833 2567 meus?
1895 2512 2053 2579 Cum,
2109 2513 2304 2582 inquit,

729 2608 954 2675 impune
1002 2622 1146 2659 nunc
1172 2606 1435 2674 peccatis,
1469 2621 1537 2659 ne
1587 2606 1795 2659 idcirco
1826 2607 2010 2660 animo
2066 2607 2308 2659 obmisso

731 2710 895 2764 atque
948 2697 1147 2750 lidueia
1184 2698 1392 2766 przediti
1440 2698 1581 2752 sitis.
1647 2696 1770 2751 [hec
1830 2700 1975 2751 enim
2042 2698 2311 2767 principia

734 2800 864 2843 sunt
900 2791 1078 2858 magni
1125 2788 1411 2855 cujusdam
1469 2798 1521 2842 et
1577 2788 1759 2842 acerbi
1826 2788 2121 2857 gravisque
2178 2789 2309 2841 diei.

737 2880 941 2933 Deinde
983 2896 1105 2933 eum
1134 2880 1217 2932 his
1251 2880 1433 2934 verbis
1464 2880 1849 2935 concussissct
1880 2895 1943 2934 ac
1973 2880 2308 2950 perterrele-

735 2972 903 3025 cisset
932 2971 1098 3025 corda
1132 2971 1372 3035 illorum,
1413 2971 1677 3039 permittit
1712 2974 1812 3035 eis,
1862 2980 1920 3026 ut
1949 2974 2223 3041 respirent
2260 2982 2312 3026 et

739 3064 975 3116 habeant
1006 3064 1204 3116 bonam
1238 3078 1410 3133 spem.
1458 3062 1522 3115 Et
1572 3066 1815 3118 futurum
1852 3073 1957 3125 est.
2018 3073 2075 3119 ut
2130 3065 2312 3119 omnis

2380 593 2456 653 εὶς
2502 592 2735 661 Χριστὸν
2793 594 3082 660 παροινὶας
3118 594 3196 623 ³⁵·
3240 593 3309 659 ἣν
3344 593 3453 643 οὐδ’
3514 592 3676 653 αὐτὸς
3724 595 3753 643 ὁ
3804 592 3956 657 ἣλιος

2380 683 2771 752 ἀνασχόμενος,
2819 684 2910 734 τὸν
2947 684 3077 734 ῖδ;ον
3127 682 3425 750 ὀφθαλμὸν,
3465 682 3563 749 τὴν
3622 683 3960 748 φωτιστικὴν

2381 773 2610 842 δύναμιν
2638 774 2956 826 συνέστελλε
2979 790 2993 802 °
3030 776 3125 827 καὶ
3156 777 3188 841 ὴ
3220 775 3415 842 σελήνη
3443 775 3523 836 εἰς
3560 774 3811 842 ἐρύθημα
3861 773 3959 840 τὴν

2383 866 2714 934 ἀργυροειδῆ
2767 867 3069 935 μετέϐαλεν
3121 867 3291 933 αὐτῆς
3348 867 3511 918 ἰδέαν.
3548 867 3653 917 Καὶ
3700 866 3807 917 ἀπὸ
3856 865 3958 931 τῆς

2384 956 2675 1018 διαθέσεως
2700 959 2755 1010 δὲ
2784 956 2890 1010 τῶν
2924 957 3245 1026 πασχόντων
3275 958 3434 1009 τοῦτο
3468 958 3677 1024 γίνεται
3700 974 3711 985 ·
3744 956 3963 1021 λέγεται

2390 1047 2576 1115 μέντοι
2615 1050 2708 1100 καὶ
2746 1050 2919 1101 πολλά
2946 1051 3172 1103 τοιαῦτα
3205 1052 3543 1120 γεγενῆσθαι
3570 1054 3625 1102 ἐν
3652 1051 3727 1118 τῷ
3750 1050 3967 1119 οὐρανῷ

2389 1138 2530 1189 κατᾶ
2560 1139 2651 1190 τὸν
2693 1139 2791 1207 τῆς
2834 1140 3087 1202 ἁλώσεως
3114 1142 3345 1210 καιρὸν,
3392 1142 3467 1199 ὼς
3514 1139 3770 1207 Ἰώσηπος
3820 1157 3965 1207 μαρ-

2388 1235 2559 1299 τυρεῖ.
2593 1234 2798 1295 Ἄλλως
2828 1251 2888 1287 τε
2913 1236 3007 1286 καὶ
3030 1235 3108 1303 τῷ
3136 1234 3233 1302 τὴν
3262 1235 3493 1301 σελήνην
3520 1234 3967 1300 μεταστραφῆιεαι

2390 1323 2467 1382 εἰς
2491 1315 2631 1389 αἷμα
2659 1324 2908 1390 φάσκειν,
2938 1326 3036 1391 τῆς
3068 1325 3285 1391 σφαγῆς
3317 1325 3466 1393 δηλοῖ
3494 1326 3594 1390 τὴν
3634 1322 3967 1391 ὑπερϐολήν.

2392 1413 2489 1465 Διά
2522 1415 2573 1466 τί
2615 1416 2672 1467 δὲ
2704 1420 2761 1469 ὲν
2791 1416 2946 1487 τρίτῃ
2967 1416 3087 1486 ὦρᾳ
3110 1416 3280 1469 ταῦτα
3314 1417 3561 1483 vivatur;
3594 1417 3712 1466 ’Ὁτι
3748 1415 3869 1465 τότε
3909 1414 3973 1465 τὸ

2393 1508 2646 1578 λαμπρὸν
2684 1508 2777 1560 τοῦ
2801 1511 2969 1579 πυρὸς
2991 1510 3285 1573 δείκνυται,
3316 1510 3404 1561 ὅτε
3437 1508 3662 1575 λαμπρὰ
3696 1508 3727 1575 ἡ
3755 1508 3961 1575 ἡμέρας

2392 1601 2483 1651 ὅτε
2534 1601 2732 1663 πάντες
2795 1601 2933 1653 εἰσὶν
2983 1601 3068 1653 ἐπ’
3116 1602 3341 1669 ἀγορᾶς.
3388 1600 3446 1651 '0
3509 1598 3565 1651 δὲ
3620 1597 3973 1667 ὑμνογράφος

2394 1692 2570 1754 ἄλλως
2603 1693 2663 1744 τὸ
2695 1693 2859 1763 ῥητὸν
2902 1693 3235 1761 ἐκλαμϐάνει
3270 1692 3460 1745 τοῦτο’
3498 1688 3659 1760 αἷμα,
3699 1691 3796 1760 τὴν
3830 1692 3975 1759 Σάρ-

2400 1799 2568 1834 κωσιν
2595 1798 2607 1811 ·
2652 1782 2782 1851 πῦρ,
2837 1782 2934 1852 τὴν
2970 1784 3239 1851 Θεότητα·
3266 1783 3465 1851 ἀτμίδα
3525 1782 3581 1834 δὲ
3632 1780 3864 1844 καπνοῦ,
3912 1780 3979 1831 τὺ

2405 1874 2628 1942 Πνεῦμα
2658 1876 2718 1925 τὸ
2756 1876 2935 1941 ἅγιον,
2977 1876 3039 1927 τὸ
3085 1874 3310 1927 ἐπελθὸν
3341 1878 3408 1944 τῇ
3440 1874 3703 1944 Παρθένῳ
3752 1871 3851 1925 καὶ
3888 1872 3977 1923 κό-

2404 1984 2542 2037 σμον
2562 1965 2863 2019 εὐωδιάσαν
2886 1984 2897 1994 ·
2924 1968 3137 2036 ἡμέραν
3161 1967 3218 2019 δὲ
3250 1967 3475 2035 Κυρίου,
3506 1966 3603 2033 τῆς
3631 1964 3982 2025 ἀναστάσεως

2406 2059 2559 2129 φησί.
2594 2060 2727 2121 Θεὸς
2746 2059 2803 2110 δέ
2836 2062 2983 2111 ἐστιν
3013 2061 3041 2111 ὁ
3067 2059 3240 2124 λέγων
3260 2075 3273 2090 ο
3314 2056 3520 2126 Ἐκχεῶ
3550 2057 3658 2110 ἀπὸ
3687 2054 3778 2108 τοῦ
3806 2054 3980 2107 Πνεῦ-

2408 2152 2579 2219 ματός
2617 2168 2720 2218 μου
2756 2150 2940 2219 πρὶνῆ
2978 2150 3155 2202 ἐλθεῖν
3186 2150 3283 2219 τὴν
3328 2150 3542 2219 ἡμέραν
3577 2148 3802 2216 Κυρίου.
3843 2146 3985 2198 Εἰπὲ

2404 2242 2483 2312 τῷ
2517 2242 2786 2312 Ἰουδαίῳ’
2823 2245 2882 2295 Ei
2930 2243 2987 2294 ἓν
3040 2242 3332 2311 πρόσωπόν
3377 2242 3517 2301 ἐστι,
3566 2242 3659 2293 καὶ
3702 2239 3759 2291 ἓν
3800 2238 3985 2290 θεῖκόν

2408 2334 2554 2385 ἐστιν
2586 2333 2787 2401 δνομα·
2830 2332 2926 2385 καὶ
2979 2333 3139 2394 αὐτὸς
3192 2334 3343 2403 λαλεῖ
3373 2334 3501 2401 περὶ
3543 2330 3740 2384 ἑαυτοῦ
3762 2348 3779 2361 θ
3812 2330 3904 2382 διὰ
3929 2328 3987 2381 τί

2412 2424 2487 2493 μὴ
2536 2422 2697 2477 εἴπεο
2766 2426 2904 2493 Πρὶν
2937 2426 2969 2495 ἢ
3006 2424 3187 2478 ἐλθεῖν
3242 2427 3343 2493 τὴν
3406 2425 3617 2494 ἡμέραν
3649 2422 3747 2489 τὴν
3803 2420 3983 2490 ὲμήνς

2409 2518 2500 2587 Μὴ
2554 2518 2778 2585 ἐπειδὴ,
2840 2517 3040 2584 φησὶν,
3098 2517 3412 2587 ἀτιμωρητὶ
3458 2514 3553 2568 νῦν
3605 2513 3987 2583 ἁμαρτάνετε,

2412 2612 2699 2678 θαρσεῖτε·
2734 2608 2909 2659 ταῦτα
2941 2610 3050 2678 γὰρ
3084 2608 3349 2677 προοίμιά
3393 2609 3511 2658 ὲστι
3552 2605 3796 2675 μεγάλης
3836 2602 3990 2661 τινὸς

2413 2702 2626 2772 ἡμέρας
2651 2701 2747 2753 καὶ
2772 2700 3039 2769 χαλεπῆς.
3060 2697 3191 2753 Εἶτα
3221 2699 3550 2759 κατασείσας
3578 2697 3757 2750 αὐτῶν
3776 2693 3992 2757 τούτοις

2416 2796 2509 2847 καὶ
2543 2792 2855 2861 ἐκφοϐήσας
2885 2792 2983 2854 τὰς
3015 2793 3263 2864 καρδίας,
3292 2792 3507 2843 δίδωσιν
3540 2786 3872 2843 ἀναπνεῦσαι
3897 2786 3997 2835 καὶ

2414 2888 2635 2947 ἐλπίδας
2686 2887 2828 2953 ἔχειν
2857 2886 3120 2955 χρηστάς.
3152 2884 3263 2936 Καὶ
3309 2883 3482 2939 ἔσται.
3532 2884 3638 2941 πᾶς
3669 2881 3728 2941 ὃς
3762 2882 3825 2931 ἂν
3869 2879 3998 2928 ὲπι-

2415 2978 2717 3045 καλὲσηται
2756 2978 2816 3029 τὸ
2850 2978 3021 3045 ὄνομα
3050 2975 3282 3044 Κυρίου,
3318 2972 3704 3042 σωθήσεται¹⁶,
3730 2968 3833 3022 κᾶν
3871 2966 3999 3020 δοῦο

2416 3072 2529 3133 λος,
2562 3072 2665 3123 κᾶν
2722 3070 3031 3139 ἐλεύθερος,
3087 3068 3189 3120 κᾶν
3230 3067 3431 3137 ἱερεὺς,
3477 3066 3581 3117 κᾶν
3621 3063 3839 3128 Ἕλλην,
3888 3061 4000 3114 κᾶν

738 3158 1054 3225 quicunque
1109 3156 1446 3209 invocaverit
1488 3171 1687 3209 nomen
1749 3157 1985 3221 Domini,
2041 3168 2306 3221 servetur,

2433 3162 2699 3225 Ἰουδαῖος.
2750 3164 2836 3213 Ἐν
2870 3160 3095 3230 Χριστῷ
3150 3158 3326 3228 Ἰησοῦ
3374 3159 3473 3210 οὐκ
3514 3158 3699 3226 ἄρσεν,
3734 3156 3795 3206 οὐ
3838 3155 4005 3224 θῆλυ,

738 3248 854 3299 sive
897 3262 1111 3311 servus,
1142 3247 1257 3300 sive
1298 3246 1453 3311 liber,
1483 3248 1597 3302 sive
1630 3250 1905 3315 sacerdos,
1934 3253 2049 3305 sive
2093 3250 2315 3304 Grmcus

739 3354 794 3396 et
825 3342 1103 3405 ethnicus,
1132 3342 1248 3397 sive
1273 3340 1501 3395 Judaaus
1538 3342 1721 3396 fuerit.
1754 3342 1909 3408 Quod
1942 3344 2089 3397 enim
2123 3344 2317 3395 attinet

740 3435 807 3487 ad
839 3434 1121 3488 Christum
1159 3431 1365 3498 Jesum,
1393 3449 1499 3487 non
1523 3442 1610 3490 est
1641 3435 2029 3497 masculinum,
2080 3449 2187 3487 non
2241 3432 2319 3487 fe-

744 3524 1009 3577 mininmn
1048 3538 1241 3592 genus,
1280 3538 1387 3575 non
1443 3538 1654 3586 servus,
1690 3540 1799 3577 non
1840 3524 1995 3579 liber.
2028 3524 2322 3577 lnvocavc-

742 3616 818 3669 rit
877 3628 1079 3667 autem.
1123 3614 1238 3668 Non
1306 3614 1626 3681 simpliciter
1694 3616 1962 3668 videlicet.
2016 3613 2133 3667 Non
2176 3615 2320 3668 enim

743 3710 942 3771 omnis,
978 3706 1170 3774 inquit,
1196 3704 1283 3772 qui
1318 3704 1450 3756 dicit
1486 3706 1638 3768 mihi,
1670 3704 1917 3769 Domine,
1949 3708 2191 3769 UOmine,
2220 3716 2327 3760 etc.

743 3800 840 3853 sed
900 3814 1023 3852 cum
1061 3797 1369 3859 aﬂ‘ertione,
1404 3813 1526 3848 eum
1557 3798 1760 3864 optima
1784 3798 1907 3850 vita.
1954 3798 2071 3866 Ipse
2105 3814 2231 3852 vero
2274 3798 2326 3851 in

751 3893 1041 3959 prazseutia
1068 3894 1239 3946 levem
1280 3890 1455 3942 reddit
1502 3891 1833 3949 orationem,
1898 3894 2165 3944 rationein
2203 3890 2325 3944 ﬁdei

744 3970 1105 4039 introdueens
1159 4001 1171 4037 :

2416 3256 2476 3307 οὔ
2523 3254 2731 3316 δοῦλος,
2767 3254 2868 3305 οὐκ
2913 3252 3223 3320 ἐλεύθερος.
3268 3249 3754 3303 Ἐπικαλιὲσεται²⁷
3783 3247 3861 3307 δὲ,
3901 3248 4007 3315 οὐχ

2417 3345 2605 3408 ἁπλῶς
2643 3345 2913 3412 δηλονότι·
2946 3345 3021 3395 Οὐ
3051 3343 3161 3413 γὰρ
3202 3344 3333 3407 πᾶς,
3366 3341 3555 3408 φησὶν,
3584 3344 3611 3393 ὁ
3656 3340 3831 3406 λέγων
3887 3356 4008 3407 μοι,

2418 3437 2617 3507 Κύριε,
2670 3436 2886 3504 Κύριε’
2939 3435 3075 3488 ἀλλὰ
3128 3434 3267 3501 μετά
3321 3434 3632 3495 διαθέσεως.
3695 3431 3831 3500 μετά
3887 3429 4011 3498 βίου

2418 3530 2662 3597 ἀρίστου.
2691 3527 2861 3588 Αὐτὸς
2890 3526 2944 3578 δὲ
2970 3526 3106 3589 τέως
3148 3525 3349 3592 κοῦφον
3404 3526 3549 3577 ποιεῖ
3582 3522 3673 3575 τδν
3720 3522 3900 3587 λόγον,
3944 3521 4010 3572 τὸ

2427 3620 2526 3687 τῆς
2560 3619 2793 3680 πίστεως
2827 3618 3065 3684 εἰσάγων
3094 3657 3109 3679 ,
3146 3620 3230 3669 ὅτι
3264 3620 3322 3669 ὲν
3352 3614 3637 3683 ἐπικλήσει
3676 3614 3709 3681 ἠ
3740 3612 4012 3679 σωτηρία.

2429 3712 2503 3763 Τὸ
2530 3711 2587 3763 δὲ
2625 3712 2793 3778 ὃνομα
2819 3711 3024 3779 Κυρίου
3089 3711 3305 3779 εἴρηται
3352 3707 3449 3776 μὲν
3483 3704 3633 3775 παρὰ
3656 3703 3703 3735 ⁸⁸
3746 3703 3839 3754 τοῦ
3873 3703 4018 3771 Χρι-

2433 3801 2592 3863 στοῦ,
2636 3800 2820 3863 καθὼς
2866 3800 3075 3862 Παῦλος
3119 3800 3432 3868 διατρανοῖ·
3472 3790 3627 3859 οὗτος
3661 3795 3719 3847 δὲ
3768 3794 3902 3855 τέως
3950 3794 4018 3846 οὐ

2434 3891 2782 3961 τεθάρρηκεν
2815 3893 3000 3955 αὐτοῖς
3033 3890 3384 3957 ἀποκαλύψαι
3418 3888 3594 3942 τοῦτο.

1231 4000 1427 4054 nempe
1478 4000 1571 4053 per
1626 3982 2023 4035 invocationem
2074 3982 2323 4036 homines
2358 3986 2618 4050 consequi
2651 3987 2908 4037 salutem.
2941 3983 3150 4037 Nomen
3202 3991 3383 4035 autem
3442 3980 3654 4033 Domini
3721 3978 3787 4032 de
3854 3978 4022 4031 Chri-

750 4086 837 4131 sto
905 4077 1123 4147 quidem
1155 4077 1363 4130 dictum
1423 4085 1530 4141 est,
1610 4074 2067 4145 queinmlmedum
2122 4073 2324 4129 Paulus
2363 4077 2619 4145 explanat
2657 4093 2671 4132 :
2707 4078 2802 4131 sed
2836 4077 2925 4131 hic
2965 4076 3076 4129 illis
3110 4076 3211 4130 hoc
3246 4085 3375 4128 tunc
3404 4089 3508 4127 nou
3540 4087 3710 4127 ausus
3768 4080 3852 4126 est
3920 4089 4022 4127 re-

753 4172 949 4222 \‘elare.

827 4264 987 4316 Vens.
1023 4262 1111 4315 ‘22.
1149 4261 1263 4313 Viri
1295 4259 1578 4321 lsrrtelita’.
1616 4260 1793 4313 audite
1852 4263 2004 4312 verba
2044 4261 2178 4311 lm‘c.
2238 4257 2328 4311 Je-

756 4374 868 4409 sum
900 4358 1255 4417 Nazarenam,
1283 4354 1448 4406 virum
1478 4370 1508 4403 a
1542 4351 1649 4404 Deo
1709 4361 2032 4403 ostentatum
2070 4351 2208 4403 inter
2243 4364 2329 4401 vos

2516 4256 2769 4320 Ἀνδρες
2826 4254 3208 4321 Ἰσραηλῖται,
3243 4252 3545 4306 ἀκούσατε
3605 4250 3745 4315 τοὺς
3794 4253 4027 4318 λόγους

2428 4337 2713 4408 ἳούτους.
2757 4343 3001 4408 Ἰησοῦν
3028 4344 3137 4395 τὸν
3162 4340 3516 4409 Ναζωραῖον,
3545 4340 3733 4406 ἄνδρα
3764 4341 3880 4393 ἀπὸ
3908 4342 4028 4394 τοῦ

758 4448 1041 4501 virtutibus
1074 4456 1120 4497 et
1171 4444 1423 4512 prodigiis
1474 4460 1534 4496 ac
1594 4444 1781 4511 signis.
1850 4458 1965 4509 qua:
2024 4456 2114 4508 per
2178 4441 2306 4493 illun

2443 4437 2591 4490 Θεοῦ
2625 4433 3126 4502 ὐποδεδειγμένον
3159 4433 3202 4463 ’⁸
3230 4434 3317 4496 εις
3361 4430 3517 4499 ὑμᾶς
3568 4428 3883 4497 δυνάμεσι,
3916 4432 4026 4483 καὶ

763 4541 883 4598 fecit
941 4538 1079 4591 Deus
1136 4538 1190 4589 iu
1246 4537 1415 4589 medio
1477 4546 1726 4600 vestrum,
1783 4536 1918 4587 sicut
1975 4542 2023 4585 et
2080 4533 2178 4600 ipsi
2235 4548 2331 4584 no-

760 4633 855 4684 stis
882 4645 899 4681 :

833 4721 945 4788 28
968 4720 1135 4773 Vens.
1175 4718 1265 4771 2'5.
1300 4716 1451 4769 llutic
1507 4728 1647 4769 certo
1698 4715 2066 4782 destinatoque
2116 4714 2336 4767 consitio

765 4822 922 4880 atque
974 4810 1303 4877 providentia
1348 4809 1756 4877 prwjudicioque
1800 4807 1896 4860 Dei
1934 4806 2169 4859 deditqu
2215 4822 2334 4858 cum

767 4903 1120 4970 necepissetis,
1150 4918 1242 4970 per
1275 4918 1465 4953 manus
1494 4904 1874 4954 sceleratorum
1914 4899 2127 4966 aﬂixum
2154 4910 2337 4952 sustu-

769 4994 910 5047 listis
948 5009 965 5047 :

842 5084 1007 5138 Vens.
1038 5086 1127 5139 Ἡ.
1163 5084 1330 5149 Quem
1372 5082 1513 5137 Dcus
1545 5082 1735 5137 solutis
1764 5082 2086 5135 cruciatibus
2145 5081 2335 5133 mortis

773 5178 974 5230 enasci
981 5178 1129 5229 tavit.

852 5264 969 5317 Non
994 5275 1078 5321 est
1107 5266 1181 5330 id,
1214 5265 1359 5335 quod
1392 5265 1545 5326 dicit,
1606 5263 1868 5328 adulatio,
1902 5262 1994 5316 sed
2055 5271 2342 5331 postquam

778 5355 901 5408 illos
930 5355 1277 5409 vehementer
1312 5352 1662 5423 reprehendit
1685 5360 1738 5403 et
1777 5349 2107 5419 objurgavit,
2137 5347 2348 5415 mitigat

781 5454 835 5497 et
858 5444 1061 5499 excitat
1088 5460 1203 5509 eos,
1245 5455 1297 5500 et
1326 5446 1512 5513 redigit
1546 5444 1654 5496 illis
1690 5442 1743 5493 in
1786 5439 2102 5494 memoriam
2135 5438 2351 5508 generis

784 5546 1060 5601 auctores,
1104 5536 1409 5591 adhortans
1439 5552 1557 5599 eos,
1591 5545 1649 5588 ut
1687 5533 1904 5587 illorum
1939 5531 2095 5585 ﬁdem
2129 5532 2348 5585 imiten-

2438 4529 2667 4595 τέρασι,
2700 4526 2802 4578 καὶ
2850 4525 3148 4593 σημείοις.
3183 4518 3271 4587 οἷς
3321 4524 3574 4588 ἐποίησε
3623 4521 3698 4573 δι’
3753 4520 3944 4574 αὐτοῦ
3993 4525 4030 4575 ό

2442 4622 2584 4684 Θεές
2606 4621 2675 4671 ἐν
2702 4617 2869 4687 μέσφ
2897 4615 3081 4685 ὑμῶν,
3118 4614 3310 4679 καθὼς
3338 4614 3433 4667 καὶ
3472 4614 3641 4666 αὐτοὶ
3672 4612 3899 4666 οἴδατε·

2521 4712 2744 4765 Τοῦτον
2772 4711 2844 4777 τῇ
2873 4710 3176 4778 ὡρισμένῃ
3196 4705 3402 4773 ,Βουλῇ
3436 4706 3533 4758 καὶ
3556 4705 3885 4773 προγνώσει
3915 4706 4031 4758 τοῦ

2446 4802 2593 4855 Θεοῦ
2622 4801 2873 4853 ἔκδοτον
2897 4800 3187 4864 λαϐόντες
3206 4798 3303 4850 διὰ
3341 4795 3554 4865 χειρῶν
3576 4796 3815 4863 ἀνόμων
3833 4809 4033 4861 προσ-

2448 4893 2755 4962 πήξαντες
2789 4891 3060 4947 ἀνείλετε
3082 4906 3095 4918 ⁸

2525 5075 2632 5125 ‘Or
2671 5074 2703 5125 ό
2738 5069 2886 5135 Θεὸς
2921 5070 3226 5137 ἀνέστησε
3276 5068 3479 5131 λύσας
3516 5066 3623 5131 τὰς
3660 5064 3877 5131 ὠδῖνας
3916 5066 4035 5118 τοῦ

2450 5163 2733 5219 θανάτου.

2524 5257 2641 5307 Οὐκ
2689 5255 2805 5306 ἔστι
2862 5251 3120 5306 κολακεία
3164 5249 3224 5301 τὸ
3282 5250 3465 5318 ῥῆμα·
3500 5250 3613 5301 ἀλλ’
3672 5248 3860 5317 ἐπειδὴ
3896 5250 4041 5299 καθ-

2453 5348 2629 5416 ήψατο
2682 5343 2862 5397 αὐτῶν
2918 5340 3203 5410 σφοδρῶς,
3264 5340 3479 5409 ἀνίησιν
3527 5339 3571 5369 ³ο
3620 5339 3865 5400 αὐτοὺς,
3936 5337 4040 5388 καὶ

2455 5438 2865 5505 ἀναμιμνήσκει
2924 5434 3050 5494 τοὺς
3120 5430 3515 5500 προπάτορας,
3584 5427 4040 5498 προτρεπόμενος

2458 5532 2638 5590 αὐτοῖς
2686 5529 2728 5557 ³¹
2785 5528 2992 5578 τούτων
3050 5523 3360 5592 μεμνῆσθαι
3405 5522 3449 5552 ³¹
3508 5522 3607 5590 τὴν
3651 5520 3876 5571 πίστιν·
3936 5522 4043 5571 καὶ

1976 5648 2175 5708 Variae
2204 5647 2514 5707 lectiones
2546 5652 2605 5706 et
2641 5652 2827 5705 nota).

860 5759 907 5789 "
948 5758 1273 5824 παροινοίας,
1294 5766 1426 5810 erat.

1503 5756 1548 5785 ’°
1573 5754 1823 5823 σωθήσει.
1857 5762 1991 5805 crat.

794 5828 1095 5893 δειγμένσιν.

1172 5829 1213 5859 ³⁸
1240 5828 1486 5895 ἀνῦησιν,
1526 5835 1658 5879 erat.
1708 5822 1777 5855 7"
1815 5823 1924 5888 ἴση,
1953 5822 2168 5884 αὐτούς.

2068 5753 2109 5781 ⁸⁷
2144 5750 2587 5805 ἐπικαλέσεσται,
2628 5759 2762 5800 erat.

2247 5822 2289 5851 ³²
2321 5822 2401 5873 ἴσ.
2448 5820 2751 5889 μιμεῖσθαι.

2846 5748 2887 5777 ’⁸
2921 5749 3003 5798 TC.
3048 5743 3192 5813 περέ.
3272 5743 3316 5773 θ’
3350 5741 3412 5794 In
3447 5738 3669 5806 vulgatis
3702 5748 3801 5798 cst,
3834 5734 4039 5788 ἀποδει
