4184 6458
194 408 288 470 5ίὸ

893 409 1300 470 EXPGSITID
1341 407 1418 467 IN
1453 407 1640 468 ACTA
1689 408 2260 470 APOSTOLORUM.
2301 436 2364 444 -
2391 411 2546 470 CAP.
2595 411 2680 472 Π.

3334 417 3436 480 Siti

197 521 348 573 πάλιν
371 523 478 574 ἀπὸ
505 521 794 590 προοιμίου
831 525 1060 592 ἄρχεται
1081 562 1096 580 .
1130 523 1217 576 ἵνα
1246 523 1320 591 μὴ
1347 520 1724 592 θορυϐηθῶσιν
1745 536 1759 550 ’
1791 521 1816 580 ιλ

1873 531 1978 584 tur,
2017 536 2080 575 ac
2111 538 2301 576 rursm:
2351 522 2543 590 incipit
2577 535 2606 574 a
2641 523 2934 591 prowmiu,
2991 538 3056 577 uc
3091 526 3436 580 tumultuen—

197 611 372 680 ἐπειδὴ
419 611 644 680 ἔμελλεν
677 613 872 674 αὐτοὺς
917 613 1010 666 τοῦ
1075 613 1246 681 Ἰησοῦ
1305 613 1762 682 ἀναμιμνήσκειν.

197 704 479 770 ,Ἅνωῖέρω
519 704 616 771 μὲν
651 707 760 774 γὰρ
795 705 893 758 οὐκ
948 706 1016 758 ἂν
1058 705 1466 774 ἐθορυϐήθησαν
1499 705 1590 756 τοῦ
1631 706 1764 786 ῌρο-

197 796 356 862 ςιήτου
385 795 678 857 ἀκούοντες
705 797 770 849 ³³.
821 797 930 848 Καὶ
975 797 1078 866 ὅρα
1118 797 1232 858 πῶς
1279 796 1434 849 οὐδὲν
1475 787 1765 863 λέγει’τῶν

197 887 442 954 ὑψηλῶν,
484 887 600 941 ἀλλ’
630 889 740 942 ἀπὸ
791 889 899 940 τῶν
940 889 1146 958 σφόδρα
1203 889 1476 942 ταπεινῶν
1513 889 1758 960 ἄρχεται.

197 978 288 1028 Τὸν
311 979 656 1046 Ναζωραῖον,
685 978 870 1049 φησιν’
906 981 1014 1032 ἀπὸ
1041 981 1143 1048 τῆς
1173 981 1426 1050 πατρίδος
1457 981 1758 1050 ὀνομάζων,

193 1073 300 1137 ἣτις
348 1071 576 1141 εὐτελὴς
625 1073 804 1124 ἐδόκει
845 1069 1006 1126 εἶναι.
1035 1073 1248 1143 Ὠσπερ
1285 1073 1396 1142 γὰρ
1459 1075 1486 1126 ὁ
1527 1075 1760 1144 Χριστὸς

194 1160 262 1211 δῖ’
287 1161 354 1213 ἂν
383 1163 612 1231 λέγηται
657 1163 888 1232 δύναμις
921 1165 1077 1228 Θεοῦ,
1111 1167 1208 1220 καὶ
1247 1165 1382 1218 Θεοῦ
1407 1167 1591 1235 σοερία,
1630 1170 1760 1237 περὶ

193 1257 280 1320 τῆς
327 1253 591 1320 θεότητος
633 1255 800 1306 αὐτοῦ
857 1255 927 1306 τὰ
980 1255 1251 1324 λεγόμενα
1303 1257 1753 1328 ἐκλαμϐάνομεν,

194 1343 372 1407 οὕτως,
428 1345 559 1398 ὅταν
595 1344 822 1414 λέγηται
847 1346 988 1417 ἀνὴρ
1011 1347 1106 1398 καὶ
1153 1347 1430 1416 τεθνηκὼς
1480 1349 1616 1419 ὑπὲρ
1648 1351 1756 1404 τῶν

195 1435 472 1504 ἁμαρτιῶν
515 1437 692 1506 ἡμῶν,
729 1438 858 1508 περὶ
904 1439 1003 1506 τῆς
1046 1439 1248 1510 σαρκὸς
1297 1441 1462 1494 αὐτοῦ
1495 1442 1558 1494 τὸ
1597 1443 1754 1510 λεγό-

197 1546 340 1596 μενον
379 1529 818 1599 ἐκλαμϐανομεν.
856 1531 996 1600 Ὅρα
1031 1530 1140 1600 γὰρ
1177 1533 1270 1584 καὶ
1299 1533 1459 1586 αὐτὸν
1492 1534 1620 1586 ποτὲ
1658 1535 1754 1604 μὲν

207 1618 439 1685 λέγοντα·
475 1621 696 1686 Ζητεῖτέ
735 1638 800 1688 με
853 1623 1174 1674 ἀποκτεῖναι
1219 1623 1524 1692 ἄνθρωπον,
1567 1625 1624 1686 ὃς
1655 1626 1755 1694 τὴν

193 1709 436 1778 ἀλήῦειαν
465 1711 594 1780 ὑμῖν
618 1711 916 1781 λελάληκα·
945 1713 1074 1766 ποτὲ
1100 1712 1178 1774 δὲ.
1211 1713 1354 1780 Ἐγὼ
1393 1713 1488 1766 καὶ
1516 1715 1542 1766 ὀ
1563 1715 1752 1784 Πατὴρ

193 1801 244 1851 ἓν
273 1803 457 1869 ἐσμεν.
505 1803 790 1854 Ἰ-Σντεῦθεν
838 1805 1099 1871 μανέντες
1145 1805 1194 1857 οἱ
1243 1805 1354 1857 ἀπὸ
1399 1806 1642 1875 Ἄρτεμᾶ
1669 1802 1750 1870 οἷς

192 1892 556 1962 ἠκολούθησαν
579 1895 674 1947 καὶ
697 1896 746 1947 οἱ
772 1896 880 1948 ἀπὸ
911 1896 1268 1964 Σαμοσάτων,
1293 1897 1495 1950 οἴονται
1524 1898 1570 1928 ³³
1595 1899 1750 1966 ψιλὸν

193 1984 462 2053 ἄνθρωπον
496 1985 588 2038 τὸν
631 1984 864 2056 Ἰησοῦν,
907 1987 996 2038 διὰ
1030 1987 1128 2056 τὴν
1171 1989 1544 2057 προκειμένην
1573 1989 1748 2053 τάξιν.

193 2074 450 2140 Δννάμεσι
497 2075 590 2126 καὶ
619 2077 814 2142 τέρασι
851 2075 948 2126 καὶ
987 2075 1258 2142 σημείοις.
1305 2074 1446 2143 Πρὸς
1471 2073 1676 2144 ταύτην
1706 2075 1750 2106 ³³

193 2163 274 2229 τὴν
299 2163 540 2216 διάνοιαν
599 2166 764 2216 τείνει
814 2166 908 2218 καὶ
968 2165 1028 2218 τὸ
1070 2165 1360 2235 εἰρημένον
1403 2167 1462 2216 ἐν
1511 2169 1578 2234 τῇ
1615 2166 1752 2235 πρὸς

203 2249 495 2320 Ῥωμαίους
518 2253 806 2324 Ἐπιστολῇ
827 2269 840 2281 ’
869 2255 960 2306 τοῦ
985 2254 1292 2322 ὁρισθέντος
1320 2253 1449 2306 Υιοῦ
1490 2253 1581 2304 τοῦ
1613 2253 1748 2306 Θεοῦ

193 2345 240 2393 ἐν
259 2343 480 2413 δυνάμει
503 2364 516 2375 ·
550 2345 820 2406 τουτέστι,
845 2345 936 2398 τοῦ
959 2346 1046 2398 διὰ
1069 2345 1178 2398 τῶν
1207 2345 1383 2416 ἔργων
1411 2345 1752 2416 ἀποδειχθέν-

191 2449 270 2494 to;
313 2436 408 2486 καὶ
469 2438 570 2505 τῆς
615 2436 898 2502 δυνάμεως
952 2437 1061 2488 τῶν
1121 2436 1450 2504 Οαυμάτων·
1485 2435 1558 2498 ὡς
1601 2435 1750 2488 ἔστιν

195 2523 392 2591 ἀληθῶς
425 2525 552 2587 Υἱὸς
595 2525 688 2576 τοῦ
723 2527 952 2595 Πατρός.
993 2527 1125 2578 Κατ’
1161 2527 1312 2578 οὐδὲν
1342 2525 1450 2596 γὰρ
1500 2527 1748 2594 διαφέρει

193 2615 242 2664 τ).
275 2617 470 2678 εἰπεῖν,
519 2616 806 2684 ὁρισθῆναι
861 2617 1026 2670 αὐτὸν
1059 2617 1182 2668 Υἱὸν
1210 2615 1346 2668 Θεοῦ
1396 2620 1453 2670 ἐν
1482 2617 1709 2686 δυνάμει
1731 2659 1744 2680 ,

195 2707 274 2756 καὶ
323 2707 380 2758 τὸ
435 2707 646 2770 εἰπεῖν,
681 2707 1066 2778 ἀποδειχθῆναι
1117 2709 1280 2762 αὑτὸν
1339 2709 1624 2779 δυνάμεσι,
1654 2711 1748 2762 καὶ

193 2794 382 2861 τέρασι,
437 2797 533 2846 καὶ
595 2797 876 2863 σημείοις,
945 2791 1024 2857 οἷς
1085 2797 1309 2866 ἐποίησε
1371 2797 1436 2849 δι’
1495 2798 1661 2850 αὐτοῦ
1720 2801 1748 2851 ὁ

193 2885 304 2946 Θεὸς
337 2887 396 2937 ἐν
421 2889 576 2954 μέσῳ
607 2885 782 2954 ὑμῶν.
824 2885 970 2946 Τέως
1001 2889 1028 2938 ὁ
1059 2887 1188 2948 Θεὸς
1219 2887 1464 2958 καθάπερ
1488 2889 1555 2941 δι’
1593 2889 1744 2942 Υἰοῦ.

193 2977 258 3025 Δι’
279 2975 438 3028 αὐτοῦ
472 2977 582 3046 γὰρ
628 2975 946 3045 Θεοπρεπῶς
979 2977 1070 3030 καὶ
1107 2978 1231 3040 τοὺς
1263 2977 1464 3042 αἰῶνας
1499 2981 1744 3048 ἐποίησε.

193 3069 274 3120 Διά
307 3069 360 3120 δὲ
397 3069 493 3121 τοῦ
516 3086 530 3098 ·
575 3071 662 3122 Ἐν
687 3069 840 3140 μέσῳ
871 3068 1045 3136 ὑμῶν,
1090 3069 1372 3140 μάρτυρας
1406 3071 1614 3137 αὐτοὺςξ
1641 3073 1748 3124 τῶν

191 3157 480 3230 λεγομένων
507 3162 691 3215 καλεῖ·
723 3163 766 3193 ⁸⁸
796 3164 854 3214 οὗ
891 3161 1087 3228 λάθρα,
1129 3164 1248 3216 οὐδὲ
1295 3165 1352 3216 ὲν
1391 3165 1582 3234 γωνίᾳ.
1611 3159 1746 3218 Εἶτα
1775 3190 1816 3249 C

193 3253 426 3316 ἐμπεσὼν
465 3255 550 3315 εἰς
580 3253 642 3304 τὸ
691 3253 946 3322 τόλμημα
988 3255 1190 3317 αὐτῶν,
1233 3257 1494 3324 πειρᾶται
1551 3257 1746 3320 αὐτοὺς

192 3343 536 3396 ἀπαλλάττειν
565 3345 754 3408 αὑτοῦ,
808 3345 900 3398 καί
935 3362 1097 3414 φησι·
1132 3347 1209 3416 Τῇ
1241 3347 1522 3420 ὡρισμένῃ
1559 3349 1744 3419 βουλῇ,

190 3432 380 3496 δεικνὺς
396 3437 482 3488 δτι
515 3436 575 3488 οὺ
600 3437 665 3504 τῇ
702 3435 882 3488 αὐτῶν
917 3435 1062 3504 ἰσχύϊ
1088 3435 1332 3504 ἔπραξαν
1361 3439 1495 3506 ὅπερ
1521 3439 1748 3510 ἐτόλμη-

191 3540 298 3587 σαν,
347 3527 462 3578 ἀλλ’
499 3527 584 3577 ὅτι
628 3525 846 3589 ἑκόντος
876 3527 1084 3580 ἐκείνου
1105 3566 1120 3590 ,
1147 3527 1240 3579 καὶ
1268 3529 1350 3580 ὅτι
1385 3527 1586 3581 ἄνωθεν
1617 3531 1748 3598 ὠρι-

193 3617 366 3680 σμὲνον
393 3611 486 3686 ἦν.
535 3612 690 3678 Εἶτα,
729 3616 816 3668 ἵνα
869 3617 944 3686 μὴ
1001 3615 1164 3682 πάλιν
1203 3615 1371 3670 ἀθῶοι
1400 3617 1626 3684 δόξωσιν
1652 3635 1665 3648 ’
1700 3619 1748 3672 ει

192 3705 284 3774 γὰρ
315 3709 406 3760 καὶ
455 3708 794 3776 ὡρισμένον,
827 3707 976 3775 ὅμως
1027 3708 1181 3760 οὐδὲν
1225 3704 1390 3780 ⁴ἧττον
1441 3710 1639 3764 ἐκεῖνοι
1663 3713 1752 3766 ἀν-

191 3795 416 3862 ἱροφόνοι
445 3797 488 3828 ³⁷
527 3792 686 3866 ἦσαν·
728 3797 952 3861 ἑπάγειο
981 3797 1079 3850 Διά
1107 3798 1307 3867 χειρῶν
1341 3799 1562 3868 ἀνόμων
1585 3815 1598 3828 '
1631 3801 1751 3871 ἤτοι

191 3889 264 3940 διὰ
287 3888 374 3940 τοῦ
405 3889 742 3958 παραδόντος
774 3887 942 3940 Ἰούδα
963 3904 976 3918 ·
1004 3887 1035 3958 ἢ
1061 3887 1150 3940 διὰ
1179 3887 1287 3942 τῶν
1315 3889 1750 3958 σταυρωσάντων

194 3981 544 4046 στρατιωτῶν.
588 3976 652 4030 Εἰ
679 3977 737 4030 δὲ
780 3977 971 4048 ἄνομοι
1009 3979 1059 4030 oi
1101 3979 1537 4048 προσπήξαντες,
1574 3979 1670 4030 και⁹
1697 3980 1748 4032 οι

192 4071 446 4131 ἀνελόντες
497 4067 694 4136 δῆλον·
759 4067 896 4130 τέως
958 4066 1015 4120 δὲ
1077 4067 1556 4137 συνεσκιασμένως
1617 4069 1749 4122 αὐτὸ

193 4159 344 4227 λέγει,
381 4161 468 4212 ἵνα
507 4159 588 4229 μὴ
621 4157 820 4219 αὐτοὺς
861 4159 942 4221 εἰς
974 4158 1282 4224 ἀπόγνωσιν
1311 4159 1545 4230 ἐμϐάλῃ.
1585 4160 1680 4212 Ὃν
1722 4161 1750 4212 ὁ

191 4250 300 4312 (θεὸς
331 4253 624 4318 ἀνέστησε.
657 4249 831 4301 Βαΰαὶ
863 4245 973 4302 οἷον
1005 4249 1304 4319 ἐτόλμησεν
1335 4251 1509 4303 εἰπεῖν
1543 4251 1748 4319 μεταξὺ

193 4341 282 4392 τὼν
310 4341 622 4412 φονώντων,
662 4341 744 4394 δτι
795 4339 1016 4409 ἀνέστη.
1051 4341 1122 4392 Τὸ
1151 4340 1206 4392 δὲ
1241 4341 1539 4412 ὲγηγέρθαι
1587 4343 1748 4396 αὑτὸν

195 4433 280 4484 ὑπὸ
325 4435 416 4486 τοῦ
473 4432 694 4502 Πατρδς
744 4431 1032 4498 λέγεσθαι,
1073 4431 1161 4485 διὰ
1189 4431 1296 4484 τῶν
1351 4433 1659 4484 ἀκουόντων
1688 4433 1747 4484 τὸ

195 4521 393 4587 ἀσθενές
415 4541 428 4553 ⁸

193 4616 346 4686 οἰκείᾳ
381 4615 618 4684 δυνάμει
662 4615 939 4684 δηλονότι·
983 4613 1212 4684 δύναμις
1249 4614 1303 4668 δὲ
1335 4614 1426 4667 τοῦ
1459 4615 1688 4679 Πατρὸς,
1725 4619 1751 4668 ὁ

193 4703 422 4772 Χριστός.
467 4703 685 4758 Οὐκοῦν
742 4703 931 4756 ἑαυτὸν
987 4703 1287 4772 ἀνέστησε,
1349 4705 1442 4758 καὶ
1504 4705 1608 4757 ὑπὸ
1655 4705 1750 4756 τοῦ

195 4796 376 4866 Πεῖρος
406 4795 716 4866 ὲγηγέρθαι
739 4795 1050 4864 λεγόμενος.
1091 4795 1272 4858 Δύσας
1304 4797 1400 4856 τὰς
1432 4795 1624 4858 ὠδῖνας
1655 4795 1748 4848 τοῦ

195 4887 418 4944 ῦαιιάτου.
443 4891 740 4941 Δεξκνυσιν
765 4889 844 4940 ὅτι
869 4887 960 4940 καὶ
985 4887 1012 4939 ὀ
1053 4887 1280 4950 Θάνατος
1312 4887 1467 4940 ὧδινε
1505 4889 1749 4957 κατέχων

197 4981 332 5032 αὐτὴν
371 4983 466 5036 καὶ
511 4983 582 5032 τα
615 4980 766 5032 δεινὰ
815 4979 1042 5048 ἔπασχε.
1085 4979 1260 5031 Ὠδῖνσ.
1305 4979 1415 5048 γὰρ
1455 4979 1682 5030 Θανάτου
1719 4980 1746 5048 ἡ

197 5073 370 5125 παλαιὰ
415 5073 664 5126 κίνδυνον
709 5071 802 5123 καὶ
878 5069 1160 5138 συμφοράν
1211 5086 1396 5138 φησιν.
1439 5071 1496 5122 ’0
1545 5069 1750 5122 ὠδίνων

197 5163 243 5214 οὐ
273 5167 484 5236 κατέχει
511 5165 577 5218 τὸ
627 5162 1015 5232 κατεχόμενον,
1052 5160 1176 5214 οὐδὲ
1211 5161 1312 5232 δρᾷ
1335 5199 1348 5224 ,
1385 5161 1518 5214 ἀλλὰ
1550 5162 1750 5230 πάσχει

199 5256 274 5306 καὶ
305 5257 452 5326 ῥίψαι
481 5255 735 5308 σπεύδει.
763 5251 835 5306 Εὖ
864 5252 920 5306 δὲ
963 5253 1117 5306 λύσιν
1146 5251 1352 5305 ὠδίνων
1377 5251 1471 5304 τοῦ
1520 5251 1747 5306 θανάτου

197 5349 277 5414 τὴν
319 5350 620 5403 ἀνάστασιν
661 5347 1129 5419 προσηγόρευσεν,
1170 5345 1258 5397 ἵνα
1506 5345 1744 5416 Ἐρῤηξε

201 5437 276 5488 καὶ
320 5439 587 5510 ἀνέρρηξε
633 5439 731 5508 τὴν
779 5436 976 5504 ἔγκυον
1023 5437 1067 5468 ³⁸
1125 5438 1216 5489 καὶ
1266 5436 1590 5506 ὀγκωμένην
1647 5436 1743 5488 καὶ

499 4525 558 4576 ἐν
607 4523 714 4575 τίνι
767 4521 876 4591 γὰρ
923 4525 949 4575 ὁ
1005 4522 1194 4591 Πατὴρ
1251 4523 1504 4592 ὲνεργεί;
1553 4524 1638 4574 Ἐν
1681 4527 1746 4594 τῇ
1781 4519 1824 4576 ι)

1867 623 1976 680 tur,
2009 613 2268 683 quoniam
2299 615 2364 668 de
2397 611 2526 668 Jcsu
2561 614 2684 668 illos
2715 613 3254 670 commonefacturus
3293 630 3434 674 erat.

1865 705 1998 758 Nam
2033 707 2199 776 paulo
2238 715 2384 770 ante,
2421 721 2542 760 cum
2576 705 2895 774 prophetam
2927 706 3201 770 audirent,
3229 709 3426 762 nullan:

1863 811 2086 851 causam
2122 797 2448 859 habuerunt,
2505 813 2603 852 cur
2640 799 3133 852 tumultuarentur.
3179 801 3258 854 Ac
3288 800 3430 868 vide,

1867 891 2258 944 utniltildicat
2292 890 2594 950 excelsum.
2629 893 2724 946 sed
2758 907 2788 944 a
2819 891 3174 945 vehementer
3211 893 3430 946 humili-

1861 981 1966 1036 bus
1987 981 2294 1036 exorditur.
2331 979 2672 1034 Nazarenum
2703 981 2854 1044 dicit,
2884 995 3190 1050 cognomen
3217 997 3439 1038 sumens

1861 1088 1892 1126 a
1929 1073 2126 1141 patria,
2185 1089 2308 1142 quae
2335 1073 2458 1128 vilis
2480 1087 2604 1128 esse
2629 1072 2935 1126 videbatur.
2961 1072 3434 1137 Quemadmodum

1859 1163 2032 1228 enim,
2069 1177 2194 1216 cum
2255 1163 2514 1219 Christus
2563 1163 2766 1218 dicitur
2812 1165 3056 1232 potentia
3101 1163 3196 1218 Dei
3237 1174 3288 1218 et
3346 1163 3437 1219 Dei

1861 1256 2156 1324 sapientia,
2201 1256 2268 1310 de
2313 1255 2517 1308 deitate
2573 1256 2718 1309 illius
2763 1271 2826 1310 ea
2869 1255 3031 1308 verba
3079 1256 3382 1324 accipimus
3420 1278 3434 1310 :

1859 1346 1932 1399 ita
1959 1347 2175 1413 quando
2207 1345 2430 1410 dicitur,
2477 1347 2558 1396 vir
2590 1357 2652 1398 ac
2681 1354 2921 1398 mortuus
2943 1359 3040 1414 pro
3069 1346 3308 1414 peccatis
3335 1361 3434 1400 uo-

1857 1436 2020 1498 stris,
2069 1435 2137 1490 de
2192 1450 2357 1490 carne
2411 1435 2560 1489 illius
2619 1435 2764 1503 quod
2821 1435 3045 1498 dicitur.
3110 1435 3436 1504 accipimus.

1861 1527 1994 1582 Vide
2019 1530 2165 1581 enim
2199 1528 2360 1580 etiam
2415 1529 2568 1582 illum
2613 1528 2788 1597 ipsum
2827 1527 2964 1580 alias
2997 1528 3214 1596 quidem
3245 1529 3436 1584 dicen-

1855 1629 1960 1672 tem
2027 1635 2040 1672 :
2095 1619 2382 1675 Conamini
2439 1635 2528 1674 me
2609 1619 2860 1673 occidere
2941 1619 3242 1684 hominem,
3331 1624 3424 1690 qui

1853 1708 2136 1764 veritatem
2189 1709 2346 1763 vobis
2397 1709 2508 1762 dixi
2547 1731 2556 1763 :
2599 1709 2735 1764 alias
2775 1719 2956 1764 autem
2995 1727 3010 1764 :
3043 1709 3156 1779 Ego
3183 1721 3236 1765 et
3269 1709 3432 1764 Pater

1857 1817 2024 1854 unum
2086 1815 2299 1855 sumus.
2371 1799 2508 1854 Hinc
2561 1801 2898 1855 insanientes
2945 1801 3040 1870 qui
3081 1802 3150 1855 ab
3205 1803 3430 1856 Artema

1855 1893 2080 1962 protecti
2115 1899 2244 1946 sunt
2283 1891 2442 1961 (quos
2497 1889 2913 1948 Samosatenses
2935 1907 3157 1963 quoque
3183 1909 3426 1963 sequuti-

1861 1983 1995 2054 tur),
2033 1983 2236 2038 nudum
2270 1984 2544 2037 hominem
2575 1999 2699 2038 esse
2729 1992 2924 2053 putant
2968 1983 3176 2050 Jesum,
3212 1995 3435 2054 propter

1851 2075 2190 2144 propositum
2213 2074 2416 2126 locum.
2435 2073 2761 2138 Virtutibus,
2782 2081 2834 2128 et
2855 2073 3142 2144 prodigiis,
3161 2083 3216 2128 et
3239 2077 3429 2142 signis.

1851 2167 1930 2218 Ad
1971 2167 2110 2219 hanc
2141 2167 2471 2220 sententiam
2507 2166 2742 2234 pertinet
2773 2167 2934 2219 etiam
2971 2167 3103 2220 illud
3131 2167 3338 2222 dictum
3367 2168 3422 2220 itt

1851 2256 2094 2325 iﬁpistola
2125 2256 2190 2309 ad
2211 2253 2508 2320 lietuanos,
2531 2255 2808 2308 declarato
2829 2252 2969 2308 Filio
3001 2255 3090 2308 ltei
3117 2271 3214 2325 per
3241 2263 3430 2326 poten-

1853 2347 2004 2410 tiam,
2062 2347 2162 2399 hoc
2197 2355 2302 2409 est,
2339 2361 2433 2414 per
2468 2359 2632 2413 opera
2689 2353 2852 2413 atque
2889 2345 3204 2400 facultatem
3264 2348 3400 2398 mira

1839 2439 2100 2492 "culorum
2138 2437 2534 2494 demonstrato.
2563 2444 2728 2490 utest
2779 2449 2960 2489 rerera
3023 2433 3194 2488 Filius
3225 2436 3427 2492 Patris.

1849 2527 1982 2580 Nam
2041 2529 2186 2580 nulla
2241 2529 2450 2579 ratione
2490 2527 2764 2580 diversum
2805 2534 2918 2588 est,
2955 2526 3071 2579 sive
3103 2526 3227 2594 quis
3261 2527 3429 2589 dicat,

1850 2617 2003 2670 illum
2049 2617 2384 2670 declaratum
2423 2631 2544 2668 esse
2577 2613 2770 2668 Filium
2815 2614 2908 2668 Dei
2943 2630 3034 2682 per
3077 2617 3374 2682 potentiam
3411 2657 3426 2679 ,

1849 2711 1962 2764 sive
1992 2709 2422 2762 demonstratum
2449 2722 2568 2762 esse
2605 2708 2754 2760 illum
2791 2707 3088 2760 virtutibus
3122 2721 3218 2760 seu
3251 2707 3430 2760 lacul-

1853 2801 2063 2854 tatibus
2093 2809 2148 2853 et
2179 2797 2446 2868 prodigiis
2477 2814 2543 2852 ac
2570 2799 2762 2867 signis,
2800 2812 2920 2868 quae
2959 2813 3052 2866 per
3083 2797 3233 2850 illum
3294 2798 3424 2852 fecit

1851 2892 1993 2946 Deus
2026 2893 2078 2946 in
2111 2891 2290 2944 medio
2323 2899 2586 2944 vestrum.
2631 2892 2834 2943 ltevcra
2875 2889 3019 2943 Deus
3045 2897 3300 2958 tanquam
3333 2905 3428 2959 per

1853 2983 2068 3038 Filium.
2095 2981 2194 3038 Per
2219 2983 2368 3036 illum
2399 2983 2544 3036 enim
2574 2982 2834 3036 divinitus
2861 2983 3022 3034 etiam
3056 2983 3250 3034 saecula
3281 2981 3424 3034 l'ecit.

1851 3073 2022 3128 l’erro
2046 3090 2140 3144 per
2171 3073 2246 3140 id,
2283 3073 2430 3142 quod
2469 3073 2604 3126 dicit
2643 3089 2656 3125 :
2697 3073 2750 3126 in
2790 3071 2971 3126 medio
3030 3073 3220 3132 vestri,
3261 3082 3427 3128 testes

1851 3165 2088 3220 illosmct
2113 3167 2262 3234 ipsos
2295 3165 2534 3234 appellat
2558 3178 2770 3227 eorum,
2799 3179 2920 3234 qua:
2945 3163 3098 3218 dicit.
3132 3164 3187 3218 In
3207 3165 3384 3220 medio
3411 3179 3426 3222 :

1853 3273 1964 3312 non
1996 3259 2158 3322 clam,
2191 3272 2368 3327 neque
2402 3258 2455 3310 in
2483 3256 2704 3324 angulo.
2739 3253 2944 3310 Deinde
2983 3270 3108 3308 cum
3141 3255 3425 3310 incidisset

1851 3349 1906 3405 in
1938 3350 2286 3404 temerarium
2318 3348 2451 3402 illud
2481 3347 2694 3400 facinus
2717 3361 2931 3412 eorum,
2967 3355 3201 3400 conatur
3226 3361 3323 3400 eos
3353 3348 3422 3398 ali

1853 3442 1946 3496 illo
2001 3440 2289 3494 absolvere
2345 3451 2508 3510 atque
2571 3439 2824 3502 liberare,
2861 3445 2916 3492 et
2979 3439 3056 3491 ait
3094 3454 3108 3490 :
3141 3437 3425 3490 destinam

1851 3541 2112 3600 certoque
2144 3531 2378 3586 consilio
2413 3548 2428 3586 :
2468 3538 2524 3585 et
2559 3529 2799 3584 ostendit
2832 3529 2954 3582 illos
2986 3543 3093 3582 non
3123 3529 3240 3582 suis
3275 3527 3423 3597 ipse-

1856 3639 1972 3678 rum
2003 3623 2214 3676 viribus
2243 3623 2441 3692 egisse,
2482 3621 2630 3690 quod
2661 3622 2778 3674 ausi
2823 3629 2974 3684 sunt,
3039 3617 3136 3674 sed
3191 3619 3282 3673 illo
3331 3633 3424 3670 vo-

1853 3715 2018 3778 lente,
2053 3721 2108 3766 et
2141 3713 2284 3782 quod
2340 3713 2642 3781 antiquitus
2683 3711 2756 3764 ita
2798 3710 3132 3766 destinatum
3187 3719 3254 3764 et‘
3293 3725 3426 3762 cun-

1851 3806 2110 3860 stitutum
2174 3810 2313 3858 erat.
2379 3803 2600 3867 Postea,
2669 3816 2742 3856 ne
2822 3815 3019 3854 rursus
3103 3801 3426 3864 innocentes

1852 3897 2168 3951 viderentur
2199 3913 2212 3948 :
2265 3909 2389 3948 nam
2419 3893 2634 3948 etiamsi
2665 3902 2930 3948 statutum
2973 3905 3038 3944 ac
3090 3889 3424 3944 destinatum

1851 3995 1986 4051 erat,
2043 3985 2403 4040 nihilominus
2430 3985 2506 4036 illi
2539 3985 2824 4038 homicida:
2861 3991 3039 4048 erant,
3089 3979 3371 4048 subjuugit
3409 3995 3422 4032 :

1851 4094 1944 4148 per
1983 4093 2176 4132 manus
2205 4077 2596 4131 sceleratorum
2633 4093 2646 4128 :
2687 4075 2800 4128 sive
2827 4089 2921 4142 per
2947 4071 3282 4142 proditorem
3325 4067 3422 4122 .lu-

1851 4171 1998 4235 dam,
2055 4181 2150 4222 aut
2185 4184 2279 4238 per
2308 4168 2532 4230 milites,
2579 4167 2672 4236 qui
2732 4165 3146 4218 crueiiixeruut.
3186 4161 3342 4227 Quod
3379 4161 3426 4214 si

1853 4263 2102 4318 scelerati
2139 4270 2290 4325 sunt,
2315 4260 2408 4330 qui
2435 4258 2746 4324 aliixerunt,
2777 4271 2938 4312 nemo
2967 4255 3262 4319 dubitabit,
3292 4253 3426 4322 quin

1851 4355 2014 4410 etiam
2055 4354 2156 4420 illi,
2186 4352 2284 4422 qui
2333 4350 2672 4406 sustulerunt
2705 4356 2759 4402 et
2791 4345 3204 4402 interfecerunt.
3247 4345 3429 4414 Atque

1855 4445 1904 4498 id
1929 4445 2144 4499 interim
2179 4444 2288 4513 29
2326 4445 2378 4497 in
2410 4443 2570 4496 initio
2597 4449 2736 4496 tecte
2761 4440 2914 4505 dicit,
2978 4455 3043 4494 ne
3071 4436 3430 4506 illosinjiciat

1855 4537 1908 4588 in
1933 4536 2398 4605 desperationem.
2435 4535 2606 4596 Quem
2639 4531 2785 4586 Deus
2825 4529 3208 4586 exsuscitavit.
3241 4527 3424 4598 Papae,

1855 4627 2016 4696 quale
2066 4625 2292 4679 verbum
2346 4625 2490 4678 inter
2541 4621 2707 4678 cadis
2754 4621 2943 4676 avidos
2980 4635 3146 4676 ausus
3179 4630 3262 4674 est
3301 4633 3428 4688 pro-

1861 4721 2026 4780 lerre,
2061 4717 2213 4770 illum
2237 4715 2494 4769 videlicet
2521 4712 2924 4768 resurrexisse.
2972 4711 3139 4764 Porro
3165 4709 3310 4778 quod
3341 4709 3426 4761 di-

1855 4810 2000 4862 citur
2026 4823 2054 4862 a
2089 4807 2248 4860 Patre
2299 4805 2673 4860 exsuscitatus
2707 4817 2851 4866 esse,
2885 4801 2937 4854 id
2985 4800 3044 4853 lit
3077 4809 3295 4869 propter
3331 4815 3427 4852 au-

1853 4897 2117 4952 dientium
2181 4894 2576 4947 inﬁrmitatem.
2637 4891 2740 4944 Per
2815 4904 2978 4958 quem
3059 4889 3204 4942 enim
3265 4885 3428 4938 Pater

1851 4985 2148 5055 Operatur?
2181 4983 2281 5036 Per
2307 4983 2580 5052 propriam
2606 4980 2858 5034 videlicet
2892 4977 3211 5046 potentiam.
3257 4977 3428 5028 Porro

1852 5077 2088 5146 potentia
2122 5073 2299 5126 Patris
2333 5081 2417 5126 est
2475 5073 2752 5125 Christus.
2783 5071 2953 5140 Igitur
2994 5069 3232 5137 seipsum
3279 5069 3428 5120 exei-

1853 5170 2004 5230 ta‘.it,
2060 5165 2274 5220 etiamsi
2307 5179 2334 5216 a
2373 5161 2532 5216 Patre
2566 5163 2940 5216 exsuscitatus
3005 5175 3128 5212 csse
3183 5159 3422 5211 dicatur.

1856 5259 2062 5312 Salutis
2087 5255 2422 5310 cruciatibus
2454 5255 2668 5308 mortis.
2702 5250 2954 5306 Ostendit
2983 5251 3145 5304 etiam
3172 5259 3422 5310 mortem,

1854 5367 1978 5404 eum
2013 5349 2162 5402 illum
2194 5347 2482 5410 detineret,
2517 5346 2676 5414 quasi
2715 5343 3049 5412 parturiisse
3083 5350 3136 5394 et
3197 5340 3426 5393 acerbos

1852 5443 2070 5496 dolores
2123 5440 2476 5494 sustinuisse.
2519 5437 2804 5490 Parturam
2837 5435 3007 5496 enim,
3043 5447 3138 5486 seu
3173 5431 3422 5485 dolorem

1365 5619 1562 5682 Varim
1607 5617 1915 5682 lectiones
1947 5627 2006 5682 et
2035 5631 2224 5681 nota).

281 5771 318 5801 ³⁸
345 5773 658 5830 ἀκούοντος,
685 5779 822 5822 erat.
899 5769 942 5799 ³³
965 5763 1074 5820 οῧὸν
1112 5790 1189 5836 τε,
1215 5783 1346 5828 erat.

205 5841 361 5906 ςέιιοπ,
387 5859 522 5896 erat.
634 5842 676 5872 ³⁸⁵
709 5843 924 5907 ἔγγυον,
957 5851 1090 5892 crat.

1427 5775 1468 5807 ³⁸
1491 5773 1680 5836 ταῦτα,
1711 5785 1816 5826 ενοι

1925 5775 1966 5806 ³⁵
1989 5771 2218 5840 fortasse
2253 5769 2604 5841 repetendum,
2635 5769 2691 5819 ἐν
2737 5765 2890 5834 μέσῳ
2916 5763 3090 5834 ὑμῶν.
3168 5765 3209 5795 ³⁷
3241 5761 3428 5834 ἀνδρο-
