4184 6458
750 424 849 488 54⁸1

1666 413 2245 480 THEOPHYLACTI
2272 406 2685 471 BULGARL’E
2716 403 3068 464 ARCIIIEP.
3896 395 4003 457 548

752 539 940 593 martis
963 536 1317 607 parturientis
1361 535 1525 590 Vetus
1555 533 1965 591 Testamentum
2024 533 2322 603 periculum

2441 527 2722 580 ὦδίνουσαν
2768 524 3011 591 γαστέρα
3065 519 3157 573 τοῦ
3192 520 3423 573 Θανάτου
3471 516 3659 582 ὥσπερ
3701 514 3763 565 ὲκ
3795 511 4005 570 κοιλίας

748 641 801 685 et
828 632 1196 685 calamitatem
1225 631 1479 697 appellat.
1513 630 1613 694 Qui
1661 631 1915 697 parturit,
1950 644 2057 681 non
2109 628 2316 679 detinet

752 726 826 785 id,
860 722 1003 791 quod
1062 722 1356 782 detinetur,
1424 738 1599 789 neque
1654 720 1784 788 agit,
1842 722 1935 774 sed
1997 719 2222 787 patitur,
2262 726 2316 770 et

750 816 951 882 ejicere
985 813 1227 867 festinat.
1283 812 1447 865 llccte
1489 821 1669 865 autem
1732 813 2061 866 solutionem
2125 810 2317 863 mortis

750 904 1102 972 parturientis
1148 906 1392 955 dolorum
1467 903 1926 956 resurrectionem
1983 900 2316 968 appellavit,

748 1004 809 1048 ut
843 995 991 1048 dicat
1042 1013 1054 1048 :
1102 994 1268 1061 Rupit
1308 1002 1359 1046 et
1393 995 1575 1062 erupit
1613 1008 1675 1045 ex
1723 992 1944 1059 gravido
2006 1001 2060 1044 ct
2115 990 2323 1043 tumido

2422 622 2565 684 τινος
2585 619 2902 687 ώδινούσης,
2925 619 3068 686 φημὶ
3091 616 3155 685 δὴ
3178 615 3284 665 τῶν
3306 613 3398 666 τοῦ
3420 613 3648 664 θανάτου
3668 609 3883 677 δεσμῶν
3910 606 4008 656 καὶ

2424 714 2532 766 τῶν
2556 712 2651 764 τοῦ
2694 711 2821 781 ᾅδου
2856 709 3044 778 μυχῶν
3066 745 3084 771 ,
3129 703 3417 765 ἀναδύντος
3450 702 3543 753 τοῦ
3577 699 3829 765 Σωτῆρος
3867 698 4005 762 Χριτ

2425 810 2589 872 στοῦ,
2628 808 2723 859 καὶ
2780 803 3137 873 προελθόντος
3185 801 3259 861 ὡς
3312 801 3376 849 ὲκ
3428 794 3651 848 τοκετοῦ
3704 792 3856 858 ξένου
3902 789 4006 853 τῆς

2427 902 2801 961 ἀναστάσεως.
2830 896 3018 966 Ταύτῃ
3054 910 3139 946 τοι
3178 896 3273 945 καὶ
3298 891 3615 959 ὠνόμασται
3663 883 4008 953 πρωτότοκος

2428 994 2491 1044 ἐκ
2521 992 2755 1061 νεκρῶν.

744 1097 915 1156 atque
962 1088 1299 1157 parturieulc
1338 1097 1524 1140 ventre
1557 1085 1769 1143 mortis,
1796 1094 2051 1151 tanquam
2077 1097 2140 1135 ex
2167 1092 2322 1135 utero
2361 1086 2595 1152 quodam
2630 1084 2988 1153 parturiente.
3035 1076 3446 1146 Intelligendum
3516 1081 3649 1142 puto
3720 1068 4007 1125 nimirum,

750 1180 1072 1233 exrinculis
1108 1178 1303 1231 mortis
1336 1186 1387 1232 et
1418 1178 1541 1231 Orci
1619 1176 1925 1229 recessibus
1998 1187 2061 1223 ac
2131 1176 2505 1241 penetralibus
2577 1175 2867 1228 Servatore
2915 1172 3139 1227 Christo
3198 1175 3510 1236 emergente
3558 1182 3621 1219 ac
3671 1163 4006 1233 prodeunte,

764 1287 1020 1341 tanquam
1053 1287 1115 1324 ex
1160 1281 1317 1340 partu
1350 1269 1633 1338 peregrino
1659 1263 2091 1320 resurrectionis.
2122 1263 2328 1319 Idcirco
2372 1267 2626 1319 nimirum
2651 1267 2814 1320 etiam
2847 1272 3073 1317 vocatus
3127 1270 3211 1314 est
3272 1256 3672 1328 primogenitus
3710 1269 3771 1307 cx
3858 1266 4015 1303 mor-

751 1381 881 1423 lUlS.

827 1458 1112 1524 Propterea
1137 1453 1273 1523 quod
1299 1453 1415 1521 ﬁeri
1451 1470 1552 1506 non
1582 1462 1809 1518 poterat,
1854 1464 1911 1505 ut
1969 1462 2231 1506 teneretur
2258 1451 2320 1502 ab

752 1553 871 1605 illa.

828 1641 991 1694 Vens.
1024 1639 1113 1690 ‘25.
1159 1636 1325 1689 David
1348 1636 1487 1688 enim
1516 1635 1643 1686 dicit
1672 1634 1735 1687 de
1769 1651 1826 1686 co
1870 1652 1887 1688 :
1925 1634 2321 1700 Prospiciebam

760 1734 1039 1786 Dominum
1071 1740 1194 1782 ante
1222 1746 1298 1781 me
1347 1742 1549 1792 semper
1579 1742 1597 1779 :
1646 1726 1895 1794 quoniam
1938 1744 1969 1777 a
2001 1726 2196 1778 dextris
2246 1732 2323 1776 est

758 1826 906 1887 mihi,
940 1840 999 1876 ne
1020 1822 1315 1875 concutiar.

835 1922 858 1967 \
879 1932 994 1969 ERS.
1027 1914 1120 1967 9.6.
1163 1911 1374 1965 Idcirco
1406 1910 1643 1963 lwtatum
1674 1922 1753 1964 est
1785 1927 1874 1963 cor
1914 1926 2107 1972 meum,
2151 1919 2198 1963 et
2237 1925 2327 1963 ex-

761 2012 976 2064 sultavit
1012 2010 1193 2078 lingua
1220 2022 1354 2057 mea.
1394 2004 1658 2058 Prwterea
1686 2020 1803 2058 vero
1827 2021 1952 2057 caro
1978 2020 2179 2074 quoque
2215 2020 2331 2057 mea

758 2104 1045 2171 «requiescet
1077 2103 1127 2153 in
1161 2118 1271 2167 spe.

832 2196 997 2249 Vens.
1028 2195 1120 2247 27.
1151 2195 1292 2257 Quia
1327 2189 1775 2258 nonderelinques
1810 2190 2043 2240 animam
2079 2203 2246 2241 meam
2279 2188 2330 2238 in

763 2291 990 2357 inferno,
1025 2304 1116 2340 nec
1145 2287 1459 2347 committes,
1491 2292 1546 2333 ut
1594 2291 1809 2334 sanctus
1845 2290 1962 2332 tam
1998 2280 2168 2332 videat
2211 2294 2331 2332 cor-

761 2381 1075 2442 rnptioncm.

837 2470 995 2522 Vens.
1019 2470 1110 2522 28.
1142 2468 1313 2523 Notas
1333 2470 1503 2536 fecisti
1527 2469 1651 2521 mihi
1677 2467 1790 2519 vias
1813 2466 1968 2518 ritw:
2002 2462 2221 2529 repiebis
2252 2479 2335 2516 me

762 2562 949 2614 ia'titia
984 2575 1100 2612 cum
1137 2558 1271 2624 [acie
1294 2570 1405 2614 tua.

836 2649 1117 2717 Propterea
1162 2649 1300 2718 quod
1348 2649 1465 2715 ﬁeri
1511 2663 1613 2700 non
1645 2656 1869 2714 poterat.
1897 2644 2127 2697 Athletae
2164 2642 2207 2695 si
2242 2657 2335 2693 un-

763 2749 980 2810 gantur,
1015 2740 1084 2793 ab
1126 2738 1451 2793 adversariis
1484 2736 1744 2808 prehendi
1794 2744 1846 2787 et
1891 2734 2008 2802 capi
2041 2747 2149 2785 non
2210 2746 2336 2799 pos-

761 2838 889 2883 sant
926 2847 939 2883 :
970 2837 1023 2882 et
1055 2828 1421 2881 incantatores
1446 2827 1617 2889 uncti,
1655 2826 1726 2878 ita
1760 2823 1953 2877 muniti
1979 2833 2033 2876 et
2062 2822 2164 2873 tuti
2209 2834 2337 2874 eva-

761 2923 922 2985 dunt,
980 2928 1037 2973 ut
1093 2934 1123 2971 a
1191 2919 1448 2972 dentihus
1506 2917 1773 2986 serpentis
1846 2929 1946 2969 nec
2009 2922 2337 2983 appetuntur

765 3023 865 3062 nec
928 3008 1298 3075 attingantur;
1354 3007 1537 3059 itidem
1591 3019 1719 3058 cum
1772 3003 1837 3057 ad
1893 3003 2197 3064 Christum,
2245 3000 2335 3070 qui

764 3117 865 3154 suo
886 3099 1093 3169 Spiritu
1124 3106 1318 3152 unctus
1340 3112 1464 3149 cum
1506 3110 1679 3150 morte
1728 3094 1968 3150 conﬂixit
2010 3109 2073 3149 ac
2126 3104 2333 3163 pestem

772 3191 921 3243 illam
954 3189 1192 3257 subegit,
1229 3187 1578 3241 adversarius
1608 3187 1957 3249 accessisset,
1986 3186 2193 3238 fractus
2222 3194 2327 3238 est.
2354 3164 2401 3224 Ο

765 3286 959 3349 ferro,
993 3284 1137 3351 quod
1178 3283 1331 3345 dicit,
1367 3290 1652 3350 propterea
1686 3281 1830 3350 quod
1870 3280 1986 3333 ﬁeri
2024 3295 2129 3333 non
2183 3289 2337 3348 pote-

764 3386 872 3441 rat,
904 3388 1014 3430 etc.
1046 3376 1453 3443 intelligendum
1495 3373 1754 3426 nimirum
1801 3381 1907 3435 est,
1943 3381 2215 3441 quatenus
2256 3373 2340 3426 in-

764 3481 966 3524 ventus
996 3476 1082 3522 est
1116 3467 1258 3521 Deus
1308 3480 1371 3519 ex
1416 3465 1525 3518 Deo
1566 3473 1747 3527 natus,
1779 3474 1833 3517 et
1880 3465 1946 3530 is,
1981 3465 2073 3534 qui
2133 3464 2338 3518 nullius

766 3575 940 3630 capax
967 3568 1113 3613 esset
1154 3558 1499 3620 mutationis,
1536 3557 1650 3610 sive
1683 3557 1735 3608 in
1761 3556 2011 3610 deterius
2038 3556 2340 3610 traductio-

770 3654 893 3709 nis:
930 3662 982 3706 et
1010 3650 1153 3720 quod
1199 3651 1270 3703 ita
1322 3648 1585 3712 surrexit,
1629 3658 1688 3700 ut
1718 3648 1812 3715 qui
1844 3647 2078 3716 amplius
2112 3647 2339 3715 posthac

769 3745 1071 3799 moriturus
1109 3756 1217 3794 non
1254 3740 1347 3794 sit.
1383 3738 1587 3794 Deinde
1632 3737 1885 3807 producit
1926 3738 2206 3801 Davidem,
2245 3738 2337 3808 qui

768 3835 911 3888 tollit
948 3848 1164 3887 onmem
1204 3833 1467 3883 rationem
1504 3830 1819 3886 humanam.
1882 3829 2029 3886 Talis
2063 3833 2205 3885 enim
2251 3849 2340 3887 res

766 3935 849 3980 est
883 3924 1186 3993 prophetia,
1217 3930 1270 3973 et
1296 3921 1371 3973 ait
1406 3940 1419 3975 :
1462 3921 1627 3974 David
1659 3922 1803 3975 enim
1829 3922 1960 3975 dicit
1988 3926 2053 3976 de
2086 3924 2200 3987 illo,
2228 3939 2337 3977 non

771 4019 839 4072 de
868 4017 1066 4084 seipso.
1096 4016 1169 4067 Ac
1212 4030 1405 4067 rursus
1437 4013 1545 4082 3o
1586 4014 1653 4066 ab
1681 4013 2067 4069 humiliorilms
2113 4015 2336 4070 exordi-

766 4120 882 4162 tur.
907 4106 1038 4160 Nam
1068 4106 1281 4161 etiamsi
1317 4120 1481 4168 nunc,
1519 4105 1715 4173 inquit,
1742 4103 1945 4159 factum
1969 4118 2070 4169 est,
2099 4116 2339 4161 attamen

770 4199 1057 4266 antiquum
1084 4204 1190 4259 est,
1224 4205 1278 4247 et
1305 4194 1371 4247 ab
1393 4194 1548 4246 initio
1584 4193 1727 4247 Deus
1776 4194 1889 4247 haec
1916 4197 2151 4257 volebat,
2182 4205 2230 4250 et
2269 4197 2340 4249 ita

768 4287 1097 4355 dispositum
1126 4293 1181 4338 ct
1233 4285 1595 4337 Constitutum
1625 4292 1765 4337 erat.
1798 4283 2203 4354 Prospicieham
2236 4286 2342 4339 Do-

766 4376 981 4430 minum
1010 4382 1138 4425 ante
1168 4386 1256 4425 me
1304 4386 1539 4439 semper.
1576 4369 1865 4423 Dominum
1919 4388 2077 4426 suum
2125 4374 2340 4428 Patrem

770 4473 953 4529 vocat,
987 4471 1270 4532 propterea
1293 4465 1435 4532 quod
1481 4462 1597 4530 ipse
1619 4463 1854 4530 sumpsit
1900 4462 2130 4517 formam
2172 4468 2337 4519 servi.

771 4554 950 4608 Porro
974 4552 1120 4621 quod
1150 4552 1353 4604 dicitur
1380 4550 1703 4605 Patcrstare
1736 4568 1879 4606 nunc
1906 4568 1935 4605 a
1963 4554 2171 4609 dextris
2196 4555 2337 4619 Filii,

774 4655 939 4714 atque
970 4646 1107 4697 alias
1163 4659 1357 4696 rursus
1398 4658 1425 4695 a
1454 4644 1659 4697 dextris
1705 4642 1884 4698 Patris
1922 4644 2094 4701 Filius
2128 4649 2338 4713 sedere,

773 4737 1136 4806 aequalitatem
1161 4749 1222 4787 ac
1248 4750 1431 4804 parem
1467 4734 1736 4803 signiﬁcat
1766 4735 2160 4791 conditionem.
2200 4737 2341 4791 Prte-

776 4842 923 4883 tcrea
955 4843 1089 4881 vero
1122 4842 1254 4880 caro
1314 4842 1536 4895 quoque
1570 4843 1687 4881 mea
1744 4830 2057 4897 acquiescet
2115 4833 2167 4884 in
2223 4848 2339 4901 spe.

776 4920 946 4986 Quam
976 4918 1159 4982 Jesus,
1199 4929 1327 4970 tunc
1366 4934 1488 4970 cum
1524 4930 1754 4971 mortem
1785 4921 2065 4985 sustinuit,
2099 4938 2342 4985 carnem,

772 5024 940 5080 quam
971 5010 1123 5077 juxta
1158 5007 1580 5075 dispositionem
1606 5021 1944 5078 sumpserat,
1975 5012 2245 5079 deposuit,
2285 5021 2342 5065 ut

776 5116 973 5156 rursus
1005 5114 1126 5153 eam
1157 5114 1187 5152 a
1217 5110 1391 5153 morte
1424 5100 1688 5154 excitaret
1720 5118 1732 5152 :
1761 5112 1910 5156 recte
1942 5103 2082 5157 hanc
2117 5119 2338 5157 carnem

772 5209 934 5249 suam
966 5196 1044 5246 ait
1070 5192 1123 5244 in
1154 5206 1251 5260 spe
1282 5191 1646 5260 acquiet-isse,
1705 5203 1926 5261 propter
1970 5198 2339 5263 exspectatio—

778 5303 900 5341 nem
929 5281 1369 5338 resurrectionis.
1397 5283 1531 5335 lllud
1564 5292 1747 5336 autem
1791 5302 1804 5337 :
1840 5283 1953 5337 Non
1994 5285 2341 5355 derclinqucs

774 5372 1017 5424 animum
1041 5385 1216 5422 meam
1243 5369 1387 5438 apud
1416 5369 1641 5423 Orcum.
1673 5370 1785 5424 Etsi
1833 5374 2076 5425 nonnulli
2120 5390 2182 5427 ex
2223 5391 2346 5440 prr-

780 5478 912 5519 sona
934 5462 1155 5518 Davidis
1189 5462 1391 5515 dictum
1420 5477 1543 5517 esse
1575 5463 1627 5515 id
1664 5465 1963 5531 accipiunt,
1993 5467 2093 5518 etsi
2120 5466 2344 5519 demon-

2504 1447 2713 1500 Καθότι
2743 1447 2854 1497 οὐκ
2889 1439 2969 1511 ἦν
2999 1439 3264 1496 δυνατὸν
3302 1438 3641 1505 κρατεῖσθαι
3684 1433 3872 1487 αὐτὸν
3906 1415 4014 1487 ὑπ’

2429 1538 2637 1592 αὐτοῦ.

2500 1627 2682 1681 Δαυῒδ
2714 1626 2824 1696 γὰρ
2873 1625 3031 1693 λέγει
3073 1626 3159 1689 εὶς
3212 1622 3432 1675 αὐτόν·
3487 1617 3857 1686 Προωρώμην
3902 1619 4013 1670 τείν

2432 1722 2651 1788 Κύριον
2687 1719 2943 1772 ἐνώπιόν
2989 1734 3110 1786 μου
3157 1714 3516 1776 διαπαντός·
3554 1711 3645 1763 ὅτι
3687 1710 3755 1762 ἐκ
3795 1709 4016 1771 δεξιῶν

2358 1830 2403 1888 Β
2425 1814 2543 1881 μού
2574 1813 2745 1864 ἐστιν
2770 1811 2839 1875 ³³,
2879 1811 2979 1861 ἵνα
3013 1808 3097 1876 μὴ
3134 1805 3431 1860 σαλευθῶ.

2502 1903 2605 1957 Διὰ
2634 1902 2811 1956 τοῦτο
2838 1899 3147 1969 εὐφράνθη
3178 1900 3215 1965 ἢ
3255 1896 3466 1967 καρδία
3505 1913 3647 1965 μου,
3682 1895 3780 1947 καὶ
3818 1894 4019 1961 ἠγαλ-

2431 1998 2686 2050 λιάσατο
2716 1995 2754 2059 ἡ
2790 1992 3045 2061 γλῶσσά
3073 2008 3226 2060 μου·
3265 1991 3353 2043 ἐτι
3397 1989 3464 2042 δὲ
3500 1990 3595 2041 καὶ
3628 1988 3666 2055 ὴ
3708 1986 3867 2054 σάρξ
3893 2004 4019 2056 μου

2432 2085 2891 2153 κατασκηνώσει
2919 2084 3011 2136 ἐπ’
3042 2084 3183 2136 ἐλπί
3188 2082 3222 2135 δ
3227 2101 3241 2135 ι
3253 2123 3265 2135 .

2508 2181 2638 2231 Ὀτι
2696 2180 2807 2231 οὐκ
2857 2175 3317 2243 ἐγκαταλείψεις
3352 2173 3468 2240 τὴν
3517 2172 3733 2240 ψυχήν
3774 2188 3897 2238 μου
3927 2171 4021 2234 εις

2434 2273 2589 2339 ᾅδην
2606 2272 2680 2305 ⁸⁸·
2727 2270 2870 2324 οὐδὲ
2918 2269 3135 2333 δώσεις
3171 2267 3280 2321 τὸν
3327 2268 3499 2321 ὅσιόν
3535 2282 3651 2318 σου
3690 2264 3839 2317 ἰδεῖν
3887 2263 4022 2315 δια-

2435 2362 2682 2430 φθοράν.

2520 2452 2879 2523 Ἐγνώρισάς
2926 2470 3026 2520 μοι
3080 2451 3260 2516 ὀδοὺς
3319 2450 3503 2518 ζωῆς·
3559 2448 3899 2515 πληρώσεις
3942 2461 4027 2515 με

2437 2545 2824 2611 εὐφροσύνης
2873 2542 3021 2611 μετὰ
3066 2542 3173 2595 τοῦ
3205 2540 3533 2607 προσώπου
3592 2555 3731 2594 σου.

2508 2636 2723 2689 Καθότι
2786 2635 2897 2687 οὐκ
2956 2630 3032 2703 ἦν
3070 2633 3351 2686 δυνατόν.
3401 2634 3463 2684 Οῐ
3506 2631 3736 2701 ἀθληταὶ
3800 2629 4030 2699 (3.15196-

2441 2744 2612 2798 μενοι,
2650 2726 2879 2795 ἇληπτοί
2915 2727 3022 2777 εἰσι
3066 2727 3179 2787 τοῖς
3237 2724 3590 2785 ἀντιπάλοις’
3644 2723 3739 2776 καὶ
3779 2723 3829 2775 οἱ
3875 2724 4029 2775 ἐπα-

2438 2820 2571 2871 οιδοὶ
2634 2818 2957 2886 ἠλειμμένοι
2992 2856 3006 2879 ,
3079 2817 3289 2869 ἀθικτοι
3348 2814 3586 2883 γίνονται
3657 2814 3752 2867 καὶ⁵
3809 2815 4030 2882 ἀπροα-

2443 2909 2701 2961 πέλαστοι
2761 2910 2870 2969 τοῖς
2918 2906 3100 2958 ὀδοῦσι
3160 2906 3255 2958 τοῦ
3295 2906 3487 2974 ὄφεος·
3544 2906 3624 2974 τῷ
3682 2906 3737 2957 δὲ
3797 2905 4030 2975 Χριστῷ

2438 2999 2754 3069 ὴλειμμένῳ
2804 2998 3081 3067 μυστικῶς
3144 2998 3222 3067 τῷ
3284 2996 3479 3049 ἑαυτοῦ
3543 2997 3818 3065 ῐΙνεύματι
3880 3014 4031 3066 συμ-

2443 3088 2703 3140 πλακέντι
2762 3086 2841 3157 τῷ
2920 3087 3135 3155 θανάτῳ
3200 3087 3294 3137 καὶ
3352 3086 3680 3150 ὑποτάξαντι
3750 3087 3841 3140 τὸν
3888 3088 4032 3141 ἀλά-

2439 3194 2625 3249 στορα,
2658 3177 2973 3247 προσελθὼν
3004 3180 3032 3228 ὁ
3064 3177 3354 3238 ἀντίπαλος
3380 3178 3647 3246 κατεάγη.
3698 3178 3771 3229 Τὸ
3803 3180 3881 3241 δὲ,
3916 3197 4029 3230 κα-

2440 3269 2576 3331 θότι,
2614 3270 2754 3322 κατὰ
2785 3269 2844 3320 τὸ
2893 3268 3182 3338 εὑρεθῆναι
3226 3271 3390 3321 αὑτὸν
3439 3268 3573 3321 Θεὸν
3618 3272 3682 3321 ἐκ
3731 3269 3863 3322 Θεοῦ
3927 3287 4031 3336 γε-

2439 3362 2739 3430 γενημένον
2766 3361 2834 3423 ⁸⁸,
2890 3360 2984 3412 καὶ
3036 3361 3386 3413 ἀνεπίδεκτον
3408 3362 3453 3392 δ’
3508 3362 3689 3432 πάσης
3742 3364 3956 3431 τροπῆς
3988 3364 4027 3432 ἢ

2440 3453 2779 3514 ἀλλοιώσεως
2798 3469 2811 3481 ·
2844 3454 2937 3505 καὶ
2967 3453 3050 3504 ὅτι
3078 3453 3252 3515 οὕτως
3286 3454 3512 3523 ἀνέστη,
3541 3454 3616 3517 ώς
3654 3455 3852 3524 μηκέτι
3882 3456 4031 3506 ἀπο⁹

2442 3545 2625 3597 θανεῖν
2668 3545 2899 3615 μέλλων.
2941 3540 3072 3597 Εἶτα
3107 3548 3349 3616 παράγει
3374 3546 3465 3599 τὸν
3490 3546 3672 3613 Δαυῒδ,
3719 3548 3895 3600 πάντα
3936 3547 4034 3598 λο-

2442 3636 2640 3704 γισμὸν
2699 3636 3044 3705 ἀνθρώπινον
3100 3637 3463 3707 ἀναιροῦντα·
3524 3637 3767 3691 τοιοῦτον
3820 3639 3930 3708 γὰρ
3993 3641 4033 3708 ἠ

2442 3728 2784 3797 προφητεία,
2824 3729 2918 3781 καί
2969 3744 3137 3799 φησι’
3186 3728 3347 3781 Δαυῖδ
3388 3730 3496 3799 γὰρ
3542 3729 3690 3797 λέγει
3722 3732 3795 3791 εἰς
3835 3730 4033 3795 αὑτὸν,

2443 3821 2544 3872 οὐκ
2589 3822 2669 3883 εἰς
2714 3821 2926 3874 ἑαυτόν.
2961 3822 3072 3874 Καὶ
3108 3820 3265 3874 πάλιν
3298 3822 3529 3890 ἄρχεται
3554 3822 3599 3853 ⁸³
3635 3821 3742 3873 ἀπὸ
3770 3838 4034 3873 ταπεινο-

2441 3914 2637 3984 τέρων.
2669 3913 2733 3965 Ει
2766 3912 2874 3983 γὰρ
2900 3914 2994 3966 καὶ
3019 3913 3134 3978 νῦν,
3160 3913 3314 3981 φησὶ,
3355 3914 3598 3981 γέγονεν,
3630 3914 3765 3966 ἀλλὰ
3790 3913 4033 3967 παλαιόν

2444 4006 2583 4058 ἐστι.
2616 4006 2727 4058 Καὶ
2757 4004 2965 4057 ἀνωθεν
3013 4004 3188 4057 ταῦτα
3234 4008 3261 4057 ἐ.
3294 4004 3427 4067 Θεὸς
3472 4006 3723 4057 ἐϐούλετο
3753 4007 3845 4058 καὶ
3878 4005 4035 4057 οὕτω

2442 4096 2805 4150 διετετύπωτο
2830 4096 2897 4149 ⁵³.
2925 4096 3281 4165 Προωρώμην
3307 4096 3400 4148 τὸν
3424 4096 3627 4166 Κύριον
3654 4095 3883 4149 ἐνώπιόν
3918 4113 4032 4165 μου

2444 4186 2756 4251 διαπαντός.
2787 4188 2989 4260 Κύριον
3027 4187 3193 4240 αὑτοῦ
3227 4188 3318 4239 τὸν
3354 4188 3575 4257 Πατέρα
3610 4188 3799 4252 καλεῖ,
3842 4187 3931 4239 διὰ
3966 4188 4036 4239 τὸ

2444 4280 2628 4335 λαϐεῖν
2655 4280 2817 4334 αὑτὸν
2845 4280 3033 4333 δούλου
3072 4280 3309 4350 μορφήν.
3348 4280 3421 4331 Τὸ
3454 4279 3511 4333 δὲ
3542 4281 3605 4331 ὲκ
3645 4277 3833 4342 δεξιῶν
3863 4279 4039 4330 ἐστὲ.-

2445 4388 2533 4423 ναι
2582 4370 2675 4423 τὸν
2720 4370 2943 4438 Πατέρα
2994 4370 3247 4436 λέγεσθαι
3294 4368 3389 4421 τοῦ
3423 4369 3552 4422 Υἰοῦ
3604 4368 3735 4435 νύν,
3786 4371 3915 4421 ποτε
3969 4370 4035 4423 δὲ

2446 4462 2609 4515 πάλιν
2640 4464 2703 4515 ἐκ
2752 4461 2943 4525 δεξιῶν
2989 4460 3087 4513 τοῦ
3129 4462 3341 4533 [ἰατρὸς
3384 4461 3711 4524 καθέζεσθαι
3748 4461 3837 4514 τὸν
3874 4462 4031 4527 Υἱὸν,

2449 4554 2547 4624 τὴν
2582 4554 2803 4621 ἰσότητα
2829 4553 3103 4622 σημαίνει.
3132 4552 3255 4604 Ἔτι
3282 4552 3338 4604 δὲ
3378 4553 3473 4604 καὶ
3499 4553 3533 4622 ἡ
3563 4553 3697 4621 σάρξ
3726 4570 3825 4620 μου
3854 4571 4036 4605 κατα-

2451 4645 2719 4716 σκηνώσει
2753 4644 2841 4698 ἐπ’
2879 4645 3076 4699 ἐλπίδι.
3108 4646 3262 4697 Ἐπεὶ
3315 4644 3540 4715 Ἰησοῦς,
3584 4646 3718 4697 καθὸ
3745 4645 4036 4709 ὲνεδὲξατο

2451 4736 2701 4800 θάνατον,
2736 4734 2969 4788 ἀπέθετο
3006 4735 3074 4806 ἢν
3122 4735 3239 4787 κατ’
3280 4735 3595 4804 οἰκονομίαν
3644 4735 3801 4787 ἔλαϐε
3844 4737 4035 4805 σάρκα

2450 4828 2543 4879 ὲπὶ
2593 4828 2654 4878 τὸ
2704 4827 2867 4878 πάλιν
2903 4826 3207 4883 ἀναστῆσαι
3258 4827 3426 4896 αὐτὴν
3480 4827 3585 4878 ἀπὸ
3617 4826 3711 4878 τοῦ
3753 4827 4032 4879 θανάτουο

2450 4919 2675 4980 εἰκότως
2705 4916 2804 4988 τὴν
2833 4920 3008 4987 οάρκα
3056 4918 3261 4987 ταύτην
3295 4917 3460 4969 οὖσαν
3497 4918 3692 4970 ἑαυτοῦ
3729 4918 3814 4970 ἐπ’
3846 4920 4033 4973 ὲῖιπίει

2449 5011 2925 5077 κατεσκηνωκέναι
2980 5008 3068 5060 διὰ
3122 5010 3220 5077 τὴν
3278 5010 3606 5078 προσδοκίαν
3646 5008 3746 5075 τῆς
3788 5008 4036 5061 ἀναστά-

2450 5119 2583 5163 σεως
2606 5118 2619 5131 ⁵
2652 5102 2724 5151 Ὶό
2745 5102 2822 5166 δὲ,
2856 5102 2970 5152 Οὐκ
2999 5102 3414 5170 ἐγκαταλείψεις
3459 5101 3555 5171 τὴν
3592 5102 3769 5170 ψυχήν
3811 5118 3911 5169 μου
3946 5105 4032 5166 εἰς

2451 5194 2600 5263 ᾅδου,
2631 5197 2677 5245 εἰ
2710 5194 2801 5246 καί
2845 5211 2986 5257 τινες
3016 5198 3080 5247 ἐκ
3115 5195 3405 5264 προσώπου
3442 5195 3535 5248 τοῦ
3576 5194 3739 5247 Δαυῖδ
3768 5194 4031 5264 εἰρῆσθαι

2451 5284 2585 5336 αὐτὸ
2609 5286 3034 5354 ἐκλαμϐάνονσι,
3066 5288 3114 5338 εἰ
3148 5288 3240 5337 καὶ
3287 5287 3359 5356 μὴ
3388 5282 3489 5338 οἷοί
3519 5286 3577 5338 τέ
3614 5288 3717 5338 εισι
3750 5289 4031 5356 παριστᾷν

2454 5375 2481 5426 ὃ
2505 5376 2814 5444 φρονοῦσιν,
2845 5376 2959 5427 ἀλλ’
2985 5377 3078 5429 οὖν
3110 5377 3345 5438 εὐσεϐῶς
3376 5378 3693 5436 διάκεινται,
3725 5379 4029 5445 φάσκοντες

2454 5468 2554 5536 τὴν
2607 5469 2787 5537 σάρκα
2827 5470 3147 5521 ἀνίστασθαι
3197 5470 3289 5520 ἐπὶ
3341 5469 3400 5521 τὺ
3430 5466 3570 5522 εἶναι
3622 5470 3895 5539 ἄφθαρτον
3932 5474 4030 5521 καὶ

1965 5590 2160 5651 Variae
2189 5590 2501 5652 lectiones
2535 5598 2596 5651 et
2620 5597 2810 5651 notae.

852 5702 897 5734 ³⁹
923 5701 1241 5784 δςήίξίίοειρε
1272 5707 1473 5784 οἰάριιιιξ
1504 5709 1586 5760 hic
1610 5708 1796 5784 legere,
1820 5724 1933 5784 pro,
1961 5711 2128 5772 ἐστὶν,
2166 5712 2315 5784 ξστη,
2335 5712 2395 5784 id
2434 5722 2530 5774 est,
2569 5714 2736 5775 stetit,
2774 5714 2850 5766 vel
2882 5716 3079 5766 stabat.
3108 5714 3231 5765 Vide
3254 5716 3393 5783 inlra
3428 5717 3481 5768 in
3503 5715 3721 5778 scholia,
3752 5715 4024 5784 ngat-apd)-

779 5792 893 5896 ¹ξιην
936 5775 1026 5826 τὸν
1052 5775 1250 5842 Κύριον
1274 5778 1501 5830 ἐνώπιόν
1542 5775 1991 5847 μουδιαπαντόςέ

812 5846 984 5896 ἐητον.
1020 5856 1153 5896 erat.
1233 5848 1275 5876 ³³
1304 5850 1537 5896 Emerui-
1569 5860 1704 5896 erat.
1804 5851 1847 5880 “
1881 5851 1986 5896 an:

812 5846 984 5914 ἐητον,
1020 5856 1153 5899 erat.
1233 5848 1275 5876 ³³
1304 5846 1705 5915 ἐρχεται,ρι·αι.

2070 5783 2113 5811 ⁵⁸
2168 5781 2483 5850 invulgati;
2534 5795 2632 5846 est,
2687 5786 2767 5841 εἰς
2820 5784 2968 5853 ᾅδου.

1804 5851 1847 5880 ’⁸⁵
1881 5850 2198 5915 διῑτύπωτο,
2227 5862 2338 5904 erat
2365 5870 2383 5917 ;
2414 5855 2496 5904 ῖσ.
2536 5850 2926 5907 διετυπώσατο.

3073 5784 3114 5812 ⁸⁸
3150 5786 3235 5835 ἵσ.
3265 5788 3679 5857 γεγεννημένον.
3757 5787 3801 5816 ’δ’
3829 5788 4025 5837 ἀνεπιο
