4184 6458
185 414 284 478 549

879 415 1284 475 ΕΧΙὊΞΙΤΙΙ)
1319 416 1398 474 IN
1431 416 1610 474 ACTA
1655 415 2221 478 APOSTOLORUM.
2265 445 2325 454 -
2353 421 2511 482 CAP.
2565 422 2645 480 Π.

3343 431 3447 491 550

187 528 556 598 πνευματικδν
609 529 789 596 σῶμα.
838 529 898 579 'll
934 531 1040 597 γὰρ
1087 527 1408 597 ἐγειρομένη
1456 527 1590 598 σὰρξ
1626 527 1765 600 μετὰ

1874 535 2046 581 strare
2089 545 2192 582 non
2251 540 2481 598 possunt
2529 532 2603 591 id,
2667 531 2811 600 quod
2875 531 3141 594 sentiunt,
3205 542 3450 590 attalum

184 624 272 690 τὴν
306 624 531 691 ἔγερσιν
564 621 932 688 πνευματικὸν
967 623 1062 672 καὶ
1092 621 1369 690 ἄφθαρτον
1410 621 1570 690 σῶμά.
1591 625 1760 673 ἐστιν.

197 715 385 775 Ὁδοὺς
413 713 472 765 δὲ
513 710 659 781 ζωῆς
720 729 909 780 φησιν,
951 711 1015 772 a;
1064 714 1118 765 at
1170 712 1338 780 ψυχαὶ
1389 713 1496 764 τῶν
1541 713 1765 766 δικαίων

184 809 316 877 μετὰ
377 807 472 858 τοῦ
527 806 776 874 Σωτῆρος
817 807 879 856 ἐκ
929 804 1039 855 τῶν
1092 803 1246 856 κάτω
1280 803 1494 874 χωρίων
1537 804 1764 874 ἐτριψαν

179 900 594 954 ἀναϐαίνουσαι.
645 898 719 950 Τὸ
762 897 838 960 δὲ,
877 896 1194 966 Πληρώσεις
1235 914 1300 966 με
1355 896 1692 966 εὐφροσύνης
1721 896 1766 928 ⁸⁸

186 995 314 1062 μετὰ
344 995 442 1047 τοῦ
481 994 778 1064 προσώπου
810 1010 925 1053 σου.
961 994 1251 1063 πρόσωπον
1284 993 1490 1061 Κυρίου
1524 993 1763 1062 νοητέον,

181 1085 272 1152 τὴν
316 1084 804 1153 θεοπρεπεστὰτην
846 1083 1186 1152 θεοφάνειαν.
1232 1083 1324 1134 καὶ
1357 1083 1455 1152 τὴν
1491 1084 1765 1152 ἡμετέραν

181 1176 511 1246 ἐπισκοπὴν,
543 1176 612 1246 ὴν
638 1177 788 1245 ἡμᾶς
812 1174 870 1226 τὸ
897 1174 1229 1242 τελειότερον
1259 1173 1648 1243 ἐπισκέψηται.

181 1270 255 1324 cie
284 1280 402 1331 tua,
442 1285 539 1338 per
572 1269 766 1322 faciem
809 1268 1020 1320 Domini
1095 1266 1448 1336 intelligenda
1520 1274 1625 1328 est,

1867 623 2049 676 animo
2076 623 2162 691 pio
2191 624 2396 690 prtediti
2433 633 2582 685 sunt,
2619 638 2743 676 eum
2779 625 2964 679 dicunt
3007 642 3226 680 carnem
3265 645 3448 683 resur-

1867 728 2010 784 gere,
2053 722 2112 767 ut
2137 714 2208 768 sit
2234 729 2441 784 corpus
2485 715 2903 784 incorruptibile
2941 725 3104 787 alque
3141 719 3446 788 spiritunlc.

1875 803 2010 859 Nam
2040 820 2192 870 caro,
2228 819 2349 872 quae
2380 806 2638 875 resurgit,
2670 815 2794 874 post
2837 809 3297 862 resurrectionem
3338 812 3451 876 spi-

1872 896 2068 948 rituale
2097 904 2149 948 et
2195 895 2614 964 incorruptibile
2664 910 2866 964 corpus
2913 897 3148 951 exsistit.
3189 896 3316 953 Vias
3352 914 3451 952 au-

1871 996 1978 1038 tem
2013 988 2136 1040 vim:
2195 987 2350 1049 dicit,
2404 1001 2544 1055 quas
2604 987 2797 1041 anima}
2831 988 3107 1056 justorum
3163 1005 3265 1041 una
3320 996 3443 1044 cum

1874 1077 2170 1134 Servatore
2223 1093 2287 1133 ex
2332 1077 2528 1132 inferis
2576 1079 2710 1133 locis
2739 1081 3101 1134 ascendentes
3154 1081 3446 1138 triverunt.

1868 1170 2137 1224 Caeterum
2163 1169 2308 1239 quod
2339 1170 2471 1224 dicit
2501 1188 2514 1224 :
2559 1170 2824 1240 Replebis
2867 1186 2951 1225 me
2988 1173 3172 1226 Imtitia
3208 1188 3332 1230 cum
3370 1174 3449 1228 fa-

1715 1263 1953 1318 divinam
2004 1264 2349 1331 maiestatem
2403 1263 2655 1316 maxime
2707 1265 2908 1318 decens
2973 1266 3243 1333 apparitio
3328 1268 3451 1325 Dei.

181 1360 464 1426 nostrique
503 1355 789 1424 inspectio,
821 1370 926 1424 qua
956 1371 1054 1410 nos
1089 1354 1385 1423 perfectius
1417 1363 1469 1408 et
1513 1353 1820 1408 absolutius
1859 1353 2184 1408 visitaturus
2211 1362 2265 1407 et
2297 1353 2652 1420 inspecturus
2685 1365 2789 1408 est.

249 1448 508 1514 Ἄνδρες
537 1447 813 1514 ἀδελφοί,
842 1446 984 1508 ἐξὸν
1032 1446 1222 1499 εἰπεῖν
1250 1447 1399 1515 μετὰ
1430 1446 1771 1514 παρρησίας

182 1543 326 1609 πρὸς
367 1539 529 1609 ὑμᾶς
563 1540 695 1606 περὶ
736 1539 838 1591 τοῦ
878 1536 1246 1605 πατριάρχου
1292 1537 1494 1600 Δαυτδ,
1527 1537 1616 1590 ὄτι
1665 1536 1764 1590 καὶ

183 1633 550 1696 ἐτελεύτησε
566 1631 664 1682 καὶ
683 1628 896 1696 ἐτάφη·
940 1628 1035 1680 καί
1067 1629 1132 1680 τὸ
1150 1627 1362 1696 μνῆμα
1391 1627 1577 1681 αὑτοῦ
1603 1628 1774 1681 ἐστιν

185 1726 251 1776 ὲν
291 1723 460 1792 ἡμῖν,
491 1722 632 1790 ἄχρι
663 1721 775 1788 τῆς
810 1721 1035 1789 ἡμέρας
1073 1721 1321 1786 ταύτης.

251 1814 580 1882 Προφήτης
619 1809 734 1867 οὖν
775 1811 1087 1880 ὑπάρχων.
1123 1812 1218 1866 καὶ
1269 1809 1441 1875 εἰδὼς
1487 1811 1576 1863 ὅτι
1615 1810 1773 1878 ὅρκῳ
1803 1851 1843 1907 Β

187 1909 423 1975 ιῖιμοσεν
446 1907 496 1937 ⁸⁸
547 1904 707 1970 αὐτῷ
737 1907 770 1958 ὁ
803 1906 967 1969 Θεὸς,
997 1903 1064 1957 ἐκ
1105 1903 1337 1971 καρποῦ
1384 1901 1488 1970 τῆς
1537 1901 1768 1970 ὀσφύος

183 2000 391 2061 αὑτοῦ,
423 1998 492 2051 τὸ
529 1997 678 2050 κατὰ
704 1997 920 2064 σάρκα,
951 1994 1325 2060 ἀναστήσειν
1357 1994 1460 2046 τὸν
1486 1991 1766 2061 Χριστὸν,

185 2090 427 2140 καθίσαι
463 2087 563 2140 ἐπὶ
605 2088 822 2154 θρόνου
848 2086 889 2116 ⁵⁷
917 2085 1125 2150 αὑτοῦ,

252 2179 530 2246 Προιῢὼν
575 2179 850 2244 ἐλάλησε
897 2178 1028 2244 περὶ
1076 2176 1187 2245 τῆς
1221 2178 1614 2241 ἀναστάσεως
1660 2174 1766 2230 τοῦ

185 2271 466 2338 Χιιιστοῦ,
521 2270 610 2324 ὅτι
657 2272 772 2324 οὐκ
815 2270 1242 2338 ἐγκατελείφθη
1284 2270 1323 2337 νή
1365 2270 1535 2337 ψυχὴ
1581 2268 1767 2323 αὐτοῦ

187 2369 270 2427 εὶς
296 2365 473 2430 ᾷόου,
511 2361 651 2416 οὐδὲ
682 2363 722 2430 ἡ
755 2361 910 2429 σὰρξ
935 2360 1123 2415 αὐτοῦ
1152 2356 1276 2414 εἶδε
1309 2358 1659 2428 διαφθοράν.

257 2453 570 2524 Πληρώσας
625 2454 726 2520 τὴν
776 2451 868 2505 τοῦ
932 2450 1096 2504 Δαυῒδ
1151 2452 1481 2523 μαρτυρίαν,
1530 2452 1766 2520 ὲπάγει’

191 2546 422 2615 ⁹Ανδρες
477 2543 715 2610 ἀδελφοί.
771 2543 941 2595 Ὅταν
973 2543 1142 2613 μέλλῃ
1171 2543 1215 2574 ⁸⁸
1270 2560 1321 2595 τι
1370 2543 1547 2611 λέγειν
1603 2544 1766 2613 μέγα,

183 2639 357 2707 τούτῳ
384 2638 654 2706 κέχρηται
685 2634 762 2705 τῷ
795 2636 1089 2705 προοιμίῳ,
1118 2636 1398 2704 διεγείρων
1428 2636 1628 2699 αὐτοὺς
1674 2637 1768 2689 καὶ

185 2729 563 2801 οἰκειούμενος
588 2747 602 2761 ο
637 2729 764 2781 ἔνθα
795 2729 850 2781 δὲ
878 2729 1028 2781 οὐδὲν
1073 2729 1328 2791 ἔϐλαπτε,
1361 2729 1529 2798 πολλῇ
1565 2728 1770 2796 κέχρη·

182 2839 272 2873 ται
301 2826 368 2890 τῇ
410 2819 869 2891 μετριοφροσύνῃ.
907 2819 970 2872 El
1016 2819 1125 2888 γὰρ
1171 2816 1324 2872 εἶπεν
1371 2819 1545 2882 οὕτως
1581 2819 1766 2882 ἁπλῶς

182 2916 263 2967 ὅτι
307 2913 502 2966 Ταῦτα
556 2913 771 2982 εἴρηται
827 2911 976 2980 παρὰ
1001 2911 1047 2943 ⁸³
1077 2911 1168 2964 τοῦ
1215 2913 1398 2974 Δαυῒδ,
1448 2915 1652 2983 τραχὺς
1700 2914 1770 2966 ἂν

184 3005 334 3071 ἔδοξε
366 3006 466 3058 καὶ
513 3006 593 3066 εἰς
625 3004 796 3073 ὀργὴν
829 3003 1026 3067 αὐτοὺς
1057 3003 1348 3066 ἀνακινῶν,
1393 3005 1426 3074 ἢ
1459 3005 1770 3074 πειθηνίους

183 3098 382 3149 ποιῶν.
420 3097 500 3165 Τῇ
526 3095 582 3147 δὲ
611 3095 780 3164 πολλῇ
825 3095 954 3163 περὶ
991 3094 1080 3146 τὸν
1111 3095 1384 3166 μακάριον
1411 3096 1574 3149 Δαυῒδ
1610 3099 1762 3167 τιμῇ,

1942 1446 2105 1498 Vens.
2140 1446 2231 1500 29.
2290 1444 2402 1498 Viri
2433 1447 2649 1515 fratres,
2684 1445 2884 1498 licitum
2914 1449 2981 1499 sit
3015 1448 3173 1504 libere
3193 1450 3334 1518 apud
3361 1467 3447 1506 τη

1872 1537 2014 1604 loqui
2045 1537 2108 1589 de
2140 1536 2445 1605 patriarcha
2482 1536 2700 1590 Daride.
2735 1534 2877 1589 Nam
2916 1545 2965 1589 et
2995 1549 3230 1594 mortuus
3279 1553 3328 1594 et
3361 1559 3442 1595 se-

1868 1628 2046 1694 pultus
2069 1637 2170 1688 est.
2210 1637 2259 1681 et
2287 1637 2680 1682 monumentum
2707 1627 2850 1681 illius
2881 1629 3024 1697 apud
3050 1646 3144 1683 nos
3177 1641 3253 1684 est
3287 1649 3446 1702 usque

1872 1719 1940 1770 ad
1975 1721 2111 1772 hunc
2144 1720 2304 1772 diem.

1947 1809 2109 1863 Vsus.
2136 1809 2224 1862 50.
2267 1809 2395 1863 Cum
2437 1810 2600 1878 igitur
2633 1811 2885 1880 prapheta
2935 1821 3094 1875 esset,
3153 1829 3214 1864 ac
3265 1815 3443 1876 sciret,

1871 1903 2008 1968 quod
2055 1903 2190 1952 lieus
2236 1899 2340 1953 sibi
2379 1901 2738 1969 jurejurando
2789 1903 3119 1972 afﬁrmasset,
3151 1904 3262 1972 fore
3296 1915 3350 1956 ut
3379 1907 3442 1957 de

1871 1993 2049 2060 fructu
2081 1992 2378 2046 lumborum
2417 1993 2556 2062 ejus,
2591 1993 2729 2063 quod
2754 1995 2944 2048 attinet
2975 1995 3043 2047 ad
3081 2010 3313 2058 carnem,
3348 2009 3441 2048 er-

1871 2086 2063 2138 citaret
2105 2084 2398 2146 Christum,
2428 2086 2518 2151 qui
2546 2086 2742 2138 sederet
2773 2088 2826 2140 in
2853 2088 2987 2140 solio
3014 2088 3184 2151 illius,

1944 2179 2108 2233 Vens.
2141 2178 2232 2232 3i.
2267 2177 2341 2231 Re
2361 2178 2586 2246 praevisa
2619 2179 2824 2232 locutus
2860 2189 2937 2232 est
2977 2178 3040 2232 de
3067 2181 3446 2234 resurrectione

1871 2271 2089 2336 Clu-isti,
2137 2269 2278 2340 quod
2301 2272 2481 2325 anima
2501 2271 2616 2340 ejus
2643 2288 2743 2325 non
2768 2271 3018 2327 derelicta
3036 2273 3105 2326 sit
3123 2273 3176 2326 in
3212 2273 3439 2342 inferno,

1871 2377 2032 2432 neque
2072 2378 2195 2416 caro
2224 2362 2371 2415 illius
2403 2364 2587 2415 viderit
2621 2368 3022 2433 corruptionem.

1943 2455 2103 2509 Edito
2160 2465 2325 2523 atque
2356 2457 2604 2524 exposito
2641 2458 2956 2511 testimonio
3017 2457 3254 2524 Davidis,
3317 2459 3444 2514 sul)-

1869 2545 2049 2617 jungit
2081 2563 2096 2600 :
2131 2547 2243 2601 Viri
2275 2549 2498 2603 fratres.
2541 2548 2795 2618 Magnum
2828 2551 3033 2619 aliquid
3060 2551 3306 2605 dicturus
3338 2552 3443 2605 hnc

1872 2638 2044 2691 utitur
2085 2639 2380 2706 principio,
2408 2641 2653 2695 excitans
2688 2642 2808 2694 illos
2849 2650 2903 2696 et
2949 2643 3269 2697 concilians.
3307 2643 3441 2698 Nam

1872 2729 1962 2782 ubi
1993 2729 2126 2782 nihil
2158 2732 2408 2792 nocebat,
2439 2746 2632 2800 magna
2657 2747 2788 2786 usus
2833 2742 2916 2788 est
2971 2735 3136 2787 animi
3192 2739 3444 2788 modera-

1873 2820 2040 2873 tione.
2069 2818 2203 2872 Nam
2247 2821 2294 2874 si
2327 2821 2557 2876 dixisset
2609 2822 2678 2876 ita
2738 2823 3094 2893 simpliciter:
3127 2825 3252 2880 Haec
3283 2841 3311 2878 a
3344 2826 3446 2879 Da-

1871 2911 1995 2965 vide
2027 2911 2170 2964 dicta
2206 2921 2356 2975 sunt,
2403 2927 2564 2982 asper
2588 2930 2730 2978 esse,
2774 2924 2827 2969 et
2861 2916 2928 2970 ad
2990 2917 3126 2971 iram
3165 2919 3446 2972 concitare

1873 3004 2066 3072 magis,
2101 3018 2265 3071 quam
2296 3005 2665 3072 obsequentes
2696 3006 2820 3059 illos
2854 3007 3083 3060 reddere
3126 3009 3262 3062 velle
3295 3009 3443 3064 visus

1872 3103 2044 3148 esset.
2084 3093 2280 3163 Magno
2311 3105 2514 3156 autem,
2550 3111 2659 3165 quo
2704 3096 2920 3150 beatum
2956 3097 3212 3152 Daridem
3258 3114 3448 3168 prose-

183 3190 599 3259 εὑπαρὰδίκτον
639 3189 766 3255 περὶ
794 3186 887 3238 τοῦ
937 3185 1176 3256 Χριστοῦ
1226 3187 1482 3257 εἰρῆσθαι
1513 3189 1614 3259 τὴν
1638 3205 1770 3258 προ-

1875 3187 2084 3254 quitur,
2124 3187 2354 3250 honore,
2402 3187 2585 3251 elﬁcit,
2619 3197 2675 3241 ut
2712 3188 2868 3242 facile
2910 3189 3234 3244 admittatur
3283 3200 3448 3261 atque

183 3281 422 3351 φητείαν
472 3280 909 3344 κατασκευάζει·
949 3282 1042 3332 καὶ
1081 3279 1202 3342 ὅλος
1227 3281 1255 3331 ό
1289 3278 1449 3346 λόγος
1483 3280 1650 3332 αὑτοῦ
1680 3275 1770 3335 οὗ·

180 3372 655 3441 τοςηῴιιονόμηται
682 3369 876 3432 οὕτως.
896 3371 1079 3423 Εἰπὼν
1123 3371 1253 3440 γὰρ,
1298 3371 1379 3423 ὅτι
1413 3371 1523 3424 Καὶ
1555 3372 1770 3424 ἐτελεύο

181 3481 316 3531 τησε
349 3463 447 3517 καὶ
477 3464 676 3530 ἐτάφη,
707 3462 804 3514 οὐκ
827 3458 973 3524 εἶπε,
1007 3461 1116 3515 Καὶ
1144 3461 1365 3529 ἀνέστη·
1395 3461 1550 3526 ἀλλὰ,
1585 3463 1692 3516 Καὶ
1714 3464 1773 3516 τὸ

184 3556 384 3624 μνῆμα
414 3552 583 3608 αὑτοῦ
619 3555 676 3605 ἑν
708 3554 838 3622 ἡμῖν
886 3554 1069 3606 ἐστιν·
1111 3554 1248 3623 ὅπερ
1295 3553 1410 3606 τσον
1448 3555 1564 3608 ἐστὶ
1604 3554 1679 3624 τῷ
1699 3555 1770 3621 ⁸⁸,

182 3650 299 3700 Οὐκ
318 3647 546 3714 ἀνέστη.
571 3640 717 3714 {Eia
745 3644 866 3697 οὐδὲ
894 3644 1066 3706 οὓτως
1090 3639 1256 3715 ἦλθεν
1287 3648 1364 3708 είς
1393 3645 1484 3698 τὸν
1513 3646 1768 3715 Χριστόνο

178 3737 323 3791 ἀλλὰ.
353 3735 519 3788 πάλιν
571 3733 974 3804 ὲγκωμιὰζεται
1017 3735 1060 3767 ⁸¹
1108 3737 1136 3788 ὁ
1179 3736 1364 3801 Δαυῖδ,
1417 3735 1510 3790 καὶ
1549 3735 1636 3788 διὰ
1663 3737 1773 3790 τῶν

179 3833 262 3893 εἰς
293 3830 510 3881 ἐκεῖνον
562 3826 852 3895 ἐγκωμίων
889 3828 1138 3897 πρόεισιν
1184 3830 1213 3881 ὁ
1259 3829 1458 3892 σκοπός
1485 3844 1500 3862 ο
1537 3829 1771 3900 καὶγὰρ

180 3925 270 3977 διὰ
305 3923 468 3975 τοῦτο
493 3921 665 3976 ταῦτα
694 3922 862 3989 λέγει,
893 3922 980 3976 ἵνα
1008 3923 1095 3977 διὰ
1130 3924 1229 3994 τὴν
1257 3925 1337 3987 είς
1373 3927 1577 3978 ἐκεῖνον
1605 3925 1773 3996 τιμὴν

182 4016 282 4068 καὶ
339 4013 402 4065 τό
461 4013 616 4080 γένος
665 4013 926 4077 δέξωνται
974 4015 1065 4066 τὸν
1099 4016 1229 4083 περῖ⁵
1285 4015 1381 4084 τῆς
1425 4016 1773 4080 ἀναστάσεως

180 4107 381 4174 λόγον·
428 4105 504 4167 ὡς
545 4105 641 4157 καὶ
687 4104 789 4174 τῆς
820 4106 1154 4175 προφητείας
1185 4105 1585 4176 βλαπτομένης,
1616 4109 1664 4160 εἰ
1697 4107 1775 4180 μὴ

181 4196 356 4249 τοῦτο
383 4196 496 4264 εἴη,
523 4197 617 4249 καὶ
648 4197 746 4264 τῆς
773 4197 852 4260 είς
874 4198 1073 4261 αὐτοὺς
1098 4199 1264 4268 τιμῆς
1294 4198 1773 4271 διαφθειρομένης.

182 4287 392 4356 Ὀρκῳ
433 4285 652 4354 ὤμοσεν
679 4284 833 4355 αὐτῷ
877 4287 906 4339 ό
947 4285 1100 4349 Θεός.
1148 4287 1263 4339 Οὐκ
1302 4281 1476 4352 εἶπεν,
1511 4288 1774 4357 ἐπηγγεί-

179 4379 350 4441 λατο,
379 4377 498 4430 ἀλλ’
530 4377 736 4448 ὤμοσε,
785 4377 846 4431 τὸ
877 4379 1235 4450 ἀπαράϐατον
1281 4379 1382 4449 τῆς
1428 4379 1776 4451 ὑποσχέσεως

183 4466 506 4540 παριστῶν.
549 4467 787 4522 Καθίσαι
828 4469 921 4521 ἐπὶ
957 4467 1150 4539 θρόνου
1192 4467 1381 4523 αὐτοῦ.
1423 4469 1514 4524 Ἐν
1558 4470 1774 4528 πολλοῖς

179 4562 385 4619 τόποις
411 4557 514 4626 τῆς
561 4558 711 4622 θείας
743 4558 988 4629 Γραφῆς,
1032 4559 1154 4612 ἀντὶ
1187 4558 1481 4628 βασιλείας,
1515 4562 1544 4614 ὁ
1585 4559 1773 4632 θρόνος

180 4648 554 4719 ὀνομάζεταιι
587 4649 662 4712 ὡς
690 4650 787 4703 καὶ
817 4649 1078 4704 ἐνταῦθα·
1117 4651 1212 4704 καὶ
1256 4651 1312 4704 ιν
1361 4651 1459 4721 τῷ,
1499 4651 1560 4705 '0
1583 4650 1771 4723 θρόνος

183 4757 312 4806 σου,
346 4741 377 4792 ό
407 4739 562 4803 Θεὸς,
592 4742 672 4802 είς
700 4740 791 4793 τὸν
821 4740 994 4793 αἰῶνα
1030 4739 1127 4793 τοῦ
1156 4741 1373 4804 αἰῶνος.
1408 4741 1483 4793 Τὸ
1530 4743 1586 4795 δὲ
1632 4743 1772 4797 κατὰ

183 4833 382 4903 σάρκα
431 4832 756 4903 ἀναστήσειν
808 4831 899 4885 τὸν
944 4832 1196 4902 Χριστόν.
1249 4833 1322 4885 Τὸ
1377 4833 1518 4886 κατὰ
1571 4835 1771 4904 σάρκα,

181 4919 404 4991 φησιν’
441 4918 502 4970 τὸ
531 4920 640 4990 γὰρ
686 4919 829 4973 κατὰ
855 4921 953 4990 τὴν
999 4921 1250 4991 θεότητα,
1293 4921 1540 4976 σύνεστιν
1585 4925 1773 4988 ὰῖδίως

181 5011 569 5082 συνεδριάζων
594 5012 670 5082 τῷ
705 5013 903 5082 Πατρί.
941 5015 1126 5068 Πάντα
1155 5014 1211 5067 δὲ
1253 5015 1540 5084 ἀνατίθησι
1562 5016 1638 5086 τῷ
1663 5018 1775 5069 [Ια-

178 5106 300 5176 τρὶ,
335 5100 428 5154 ἵνα
449 5101 858 5170 παραδέξωνται
881 5101 1020 5164 τέως
1048 5103 1117 5154 τὰ
1148 5101 1436 5170 λεγόμενα.
1473 5101 1630 5154 Ἀλλὰ
1658 5101 1774 5164 πῶς

181 5195 457 5248 ἐκάθισεν
488 5193 578 5245 ἐπὶ
598 5192 788 5262 θρόνου
820 5192 1015 5258 Δαϐίδ;
1059 5192 1182 5245 Ὀτι
1222 5192 1492 5264 βασιλεύει
1523 5194 1616 5246 καὶ
1642 5193 1775 5245 Ἰου-

179 5284 366 5336 δαίων
395 5282 495 5333 καὶ
525 5281 702 5353 πολλῷ
731 5282 932 5352 μᾶλλον
964 5281 1073 5335 τῶν
1105 5282 1560 5352 σταυρωσάντων.

1873 3279 2159 3347 probetur,
2199 3279 2265 3333 de
2297 3280 2516 3334 Christo
2548 3279 2749 3334 dictam
2788 3280 2892 3350 31
2931 3297 3053 3336 esse
3113 3282 3259 3335 illam
3325 3299 3452 3350 pro-

1875 3369 2145 3438 phetiam.
2201 3370 2280 3423 Ac
2319 3378 2432 3423 tota
2463 3369 2580 3424 haec
2617 3370 2765 3424 illius
2822 3373 3002 3424 oratio
3041 3371 3306 3440 disposita
3363 3383 3447 3425 est

1875 3459 1976 3515 hac
2002 3460 2232 3515 ratione.
2279 3459 2412 3514 Nam
2445 3476 2568 3514 cum
2603 3462 2854 3523 dixisset.
2887 3463 2953 3515 Et
2983 3471 3228 3516 mortuus
3261 3471 3366 3526 est,
3394 3471 3450 3517 et

1876 3553 2125 3622 sepultus
2153 3563 2237 3607 est
2267 3572 2280 3607 :
2313 3567 2419 3608 non
2463 3553 2638 3608 dixit:
2683 3553 2748 3608 Et
2800 3557 3098 3609 resurrexit
3135 3572 3148 3608 :
3181 3555 3296 3618 sed,
3333 3553 3453 3607 Mo—

1875 3652 2199 3697 numentum
2237 3645 2380 3700 illius
2415 3654 2499 3699 est
2550 3644 2693 3715 apud
2752 3660 2872 3699 nos.
2905 3643 3060 3710 Quod
3091 3645 3312 3713 perinde
3341 3650 3449 3705 est.

1877 3746 1942 3787 ac
1971 3735 2018 3788 si
2041 3733 2302 3789 dixisset:
2342 3734 2462 3790 Non
2494 3737 2818 3792 resurrexit.
2853 3734 3059 3790 Deinde
3091 3751 3158 3790 ne
3201 3737 3289 3792 sic
3325 3734 3450 3804 qui-

1877 3823 1999 3877 dem
2033 3825 2180 3878 venit
2207 3825 2273 3878 ad
2301 3826 2584 3881 Christum
2631 3845 2644 3881 :
2679 3826 2773 3882 sed
2821 3842 3017 3882 rursus
3066 3825 3232 3880 David
3261 3825 3450 3880 lauda-

1877 3923 1998 3977 tur,
2068 3929 2132 3969 ac
2165 3930 2258 3984 per
2290 3915 2502 3981 laudes,
2526 3917 2728 3986 quibus
2757 3918 2906 3971 illum
2935 3917 3196 3983 celebrat,
3227 3932 3453 3987 progre-

1879 4006 2031 4060 ditur
2059 4022 2171 4076 quo
2201 4009 2380 4062 oratio
2438 4011 2744 4078 spectabat.
2812 4009 3027 4062 Etenim
3079 4008 3286 4062 ideirco
3335 4007 3452 4062 haec

1875 4097 2030 4161 dicit,
2066 4109 2121 4153 ut
2149 4108 2373 4168 prepter
2425 4101 2572 4154 illius
2609 4100 2874 4154 honorent
2904 4108 2958 4152 et
2992 4114 3166 4169 genus
3218 4099 3454 4169 probent

1877 4189 2183 4242 orationem
2232 4190 2300 4243 de
2348 4188 2805 4244 resurrectione:
2857 4189 3012 4258 quasi
3055 4197 3110 4244 et
3164 4188 3452 4257 prephetia

1879 4279 2131 4344 laedatur,
2169 4280 2275 4334 nisi
2329 4280 2435 4336 hoc
2459 4291 2623 4345 esset,
2670 4289 2724 4336 et
2754 4281 2974 4334 illorum
3011 4278 3188 4333 honor
3242 4278 3450 4333 labefa-

1876 4377 2072 4423 ctetur.
2107 4367 2478 4438 Jurejurando
2503 4370 2889 4426 confirmasset
2933 4369 2984 4424 ei
3017 4368 3176 4424 Deus.
3211 4367 3328 4423 Non
3362 4369 3453 4424 di-

1882 4458 1982 4523 xit,
2018 4461 2384 4528 promisisset,
2418 4462 2536 4529 sed,
2578 4461 2839 4530 jurasset,
2875 4462 3208 4530 promissum
3237 4462 3450 4530 signiti-

1879 4566 2036 4620 cans,
2071 4553 2125 4606 in
2164 4567 2272 4622 quo
2306 4553 2497 4608 fallere
2527 4568 2590 4607 ac
2620 4553 2873 4607 frustrari
2907 4553 2988 4606 fas
3023 4567 3130 4606 non
3152 4559 3317 4607 esset.
3346 4551 3450 4618 Qui

1880 4646 2094 4699 sederet
2131 4644 2185 4697 in
2219 4645 2360 4698 solio
2381 4645 2547 4697 illius.
2573 4643 2630 4698 In
2656 4643 2844 4698 multis
2891 4643 3025 4698 locis
3061 4642 3258 4696 divina:
3297 4641 3451 4696 Scri-

1879 4743 2073 4804 pturae,
2124 4749 2225 4804 pro
2264 4749 2433 4806 regno
2481 4736 2680 4790 solium
2723 4735 2988 4804 accipitur
3035 4751 3049 4786 :
3092 4741 3150 4787 ut
3182 4733 3342 4788 etiam
3395 4732 3452 4788 in

1880 4825 1982 4880 hoc
2009 4827 2147 4887 loco,
2203 4835 2257 4881 et
2286 4827 2343 4880 in
2369 4827 2501 4880 illo:
2539 4825 2752 4880 Solium
2781 4833 2957 4889 tuum,
3003 4823 3166 4886 Deus,
3205 4824 3256 4874 in
3282 4837 3452 4877 sazcu-

1875 4917 1988 4971 lum
2023 4919 2208 4973 saeculi
2247 4935 2262 4983 ;
2293 4919 2425 4972 illud
2452 4926 2659 4982 autem,
2701 4917 2846 4986 quod
2885 4917 2953 4970 ad
2976 4930 3194 4969 carnem
3226 4914 3447 4976 attinet,

1877 5009 2145 5064 excitaret
2171 5010 2453 5065 Christum
2489 5027 2504 5064 :
2534 5008 2689 5075 Quod
2741 5009 2809 5062 ad
2849 5023 3072 5062 carnem
3114 5007 3333 5069 attinet,
3364 5007 3450 5058 itt-

1879 5101 2017 5168 quit.
2052 5099 2187 5154 Nam
2223 5101 2367 5170 quod
2437 5102 2641 5154 attinet
2696 5098 2765 5152 ad
2815 5098 3095 5162 deitatem,
3161 5113 3269 5150 una
3325 5110 3450 5149 cum

1877 5191 2045 5248 Patre
2071 5205 2156 5247 est
2183 5209 2211 5246 a
2241 5193 2591 5262 sempiternis
2641 5193 2861 5248 saeculis
2899 5191 3120 5245 sedens.
3155 5189 3302 5242 Patri
3351 5203 3449 5239 au-

1881 5292 1991 5350 tem
2024 5286 2206 5339 omnia
2236 5286 2507 5350 attribuit,
2545 5293 2604 5339 ut
2626 5286 2918 5339 admittant
2957 5296 3020 5335 ac
3054 5281 3284 5349 probent
3309 5279 3450 5332 inte-

179 5382 288 5437 rim
331 5395 462 5450 quae
503 5379 840 5436 dicebantur.
874 5380 979 5436 Sed
1011 5380 1288 5449 quomodo
1356 5380 1499 5435 sedit
1552 5381 1605 5433 in
1637 5379 1775 5435 solio
1810 5379 2077 5437 Davidis?
2123 5381 2257 5448 Quia
2304 5398 2396 5436 rex
2427 5393 2510 5439 est
2548 5381 2880 5444 Judaeorum,
2925 5387 2979 5432 et
3043 5375 3216 5429 multo
3278 5373 3450 5443 magis

180 5490 386 5531 eorum
417 5474 514 5544 qui
552 5474 966 5531 cruciﬂxerunt.

1387 5612 1588 5675 Varire
1620 5614 1934 5678 lectiones
1959 5623 2021 5680 et
2051 5622 2238 5678 noue.

284 5787 336 5817 “
378 5782 457 5861 pii,
484 5783 1008 5861 sdppoodvqgerat.
1087 5785 1134 5861 “_
1153 5785 1410 5861 ῷμωσεν,
1447 5800 1582 5843 erat.
1659 5791 1704 5826 ⁸⁷
1739 5789 1804 5846 1η
1828 5791 2075 5861 vulgatis,

181 5868 326 5910 erat.
414 5856 459 5884 “'
494 5856 571 5919 τὸ,
605 5866 742 5908 (ναι.
818 5858 862 5888 ⁸⁸
894 5856 1328 5926 ὲγκωμιὰζηται,
1351 5866 1482 5910 erat.

2133 5794 2222 5843 ἐπὶ
2260 5789 2350 5843 τοῦ
2387 5791 2600 5862 θρόνου.
2677 5787 2721 5817 ⁸⁸
2757 5784 2993 5856 μέλλειν,
3032 5792 3166 5834 erat.
3242 5779 3287 5808 δ’
3326 5779 3449 5848 περὶ
