4184 6458
151 389 312 455 557ί

921 391 1323 453 EXPOSlTlO
1354 392 1434 453 IN
1462 390 1650 452 ACTA
1675 391 2245 456 APOSTOLORUM.
2282 415 2347 426 -··
2382 394 2539 454 CAP.
2587 394 2700 454 III.

3307 401 3413 464 558

146 501 364 570 πάντων
417 497 812 568 κατεφρόνουν.
857 497 1076 569 Ἐπειδὴ
1106 500 1214 570 γὰρ
1239 501 1441 554 ἄνωθεν
1470 496 1538 572 ἦν
1574 501 1730 564 πολὺς

1847 510 2102 573 tanquam
2131 504 2263 560 viles
2287 502 2679 574 despiciebant.
2705 503 2978 572 Quoniam
3002 508 3147 562 enim
3182 523 3415 578 superne

150 594 299 659 ῥέων
337 593 368 644 ὁ
397 592 625 661 Πέτρος,
658 591 750 645 καὶ
775 591 986 645 ἐδείκνυ
1017 595 1116 658 τὰς
1143 595 1478 664 ἐπαγγελίας
1527 597 1622 650 καὶ
1670 595 1740 648 τὰ

161 684 434 752 μέλλοντα
454 724 470 746 ,
523 685 749 748 εἰκότως
795 687 1092 755 ἐξέστησαν
1131 687 1208 756 τῷ
1233 687 1382 758 φόϐῳ
1400 703 1413 718 °
1441 687 1738 758 ἐμαρτύρει

148 778 256 844 γὰρ
301 780 419 838 τοῖς
469 776 786 845 λεγομένοις
840 779 933 830 καὶ
977 779 1046 830 τὰ
1075 778 1372 847 τελούμενα
1411 780 1609 848 τέρατα
1646 781 1738 830 καὶ

152 868 386 935 σημεῖα.
439 867 710 937 Καθάπερ
759 869 866 936 γὰρ
901 869 994 922 ἐπὶ
1039 869 1134 922 τοῦ
1168 870 1430 940 Χριστοῦ,
1474 871 1739 938 πρότερον

169 961 398 1026 σημεῖα,
436 953 556 1010 εἶτα
594 959 935 1024 διδασκαλία,
970 957 1091 1012 εἶτα
1148 959 1400 1026 Θαύματα
1425 977 1440 991 °
1470 960 1611 1013 οὕτω
1642 977 1737 1014 και

151 1050 262 1098 νῦν.
305 1049 518 1111 Πάντες
546 1048 604 1102 δὲ
632 1051 682 1100 οἱ
713 1049 1057 1112 πιστεύοντες
1097 1046 1238 1121 ἦσαν
1265 1052 1357 1104 ἐπὶ
1388 1051 1446 1103 τὸ
1475 1052 1608 1104 αὑτό
1631 1071 1644 1082 ο
1672 1053 1734 1104 οὐ

148 1141 324 1207 τόπῳ,
373 1140 510 1191 ἀλλὰ
545 1139 782 1192 διαθέσει
811 1139 904 1192 καὶ
937 1142 1151 1214 γνώμῃ,
1182 1143 1274 1194 καὶ
1304 1144 1368 1212 τῇ
1399 1141 1535 1211 πρὸς
1568 1141 1732 1212 ἀλλή-

149 1230 271 1292 λους
323 1229 643 1298 ἀδιαστὰτῳ
677 1231 900 1298 ὁμονοία
936 1233 1032 1284 καὶ
1089 1235 1316 1303 στοργῇ.
1345 1234 1416 1285 T'o
1437 1233 1518 1295 δὲ,
1553 1235 1676 1287 καθ’
1705 1235 1733 1287 ὂ

148 1320 206 1370 ἄν
227 1336 314 1382 τις
331 1321 529 1389 χρείαν
547 1318 693 1388 εἶχεν
717 1361 730 1382 ,
757 1321 852 1387 οὐχ
876 1321 1059 1383 ἁπλῶς
1083 1337 1248 1388 φησιν
1267 1361 1282 1385 ,
1310 1321 1426 1374 ἀλλ’
1454 1324 1727 1394 οἰκονομι-

344 1411 510 1462 τοῦτο
555 1411 684 1478 γὰρ,
720 1411 841 1464 καθ’
899 1411 926 1462 ὃ
969 1411 1034 1464 ἄν
1063 1428 1147 1474 τις
1195 1413 1382 1482 χρείας
1436 1409 1599 1483 εἶχεν.
1654 1415 1727 1468 Οὐ

147 1501 400 1571 καθάπερ
421 1501 481 1552 δὲ
516 1503 564 1553 οἱ
606 1501 736 1572 παρ’
768 1502 994 1572 Ἕλλησι
1046 1504 1234 1571 σοφοί·
1268 1505 1318 1557 οἱ
1369 1506 1467 1574 μὲν
1521 1508 1730 1577 ἀνῆκαν

146 1597 235 1664 τὴν
279 1597 413 1663 γῆν,
449 1598 503 1648 οἱ
550 1598 606 1648 (Σὲ
647 1599 727 1658 εἰς
760 1597 1035 1652 θάλασσαν
1065 1599 1298 1668 ἔρριψαν
1327 1603 1458 1656 πολὺ
1485 1603 1725 1673 χρυσίον.

148 1683 312 1738 Τοῦτο
357 1687 417 1738 δὲ
456 1681 526 1756 ἦν
566 1688 665 1755 οὐχ
703 1687 973 1757 ὑπεροψία
1003 1694 1320 1760 χρημάτων,
1377 1692 1512 1746 ἀλλὰ
1548 1693 1727 1762 μωρία

149 1776 234 1824 καὶ
261 1775 453 1827 ἄνοια.
514 1773 854 1825 Ἐσπούδασε
884 1774 994 1843 γὰρ
1027 1775 1056 1825 ὸ
1087 1775 1331 1840 διὰΰολος
1365 1777 1456 1831 τοῦ
1495 1777 1630 1832 Θεοῦ
1658 1779 1724 1830 τὰ

1845 608 2038 663 magna
2072 596 2249 664 gratia
2279 594 2474 651 Petrus
2501 595 2832 662 abundabat,
2865 607 2919 652 et
2943 599 3262 655 ostendebat
3289 617 3418 671 pro-

1843 683 2134 738 missioncs
2159 692 2212 737 et
2242 699 2330 740 res
2354 685 2568 740 futuras
2589 728 2604 752 ,
2639 685 2781 740 baud
2813 687 3084 743 immerito
3113 701 3259 745 metu
3288 707 3416 761 per-

1840 774 1977 829 culsi
2013 781 2162 828 sunt.
2194 774 2342 844 _Natu
2373 785 2427 830 et
2470 792 2624 848 signa
2653 786 2818 846 atque
2846 779 3116 849 prodigia,
3149 796 3270 848 qua!
3288 782 3416 837 ede-

1843 866 2060 932 bantur,
2095 866 2238 922 dicta
2273 867 2723 937 comprobabaut.
2756 867 3226 935 Quemadmodum
3266 873 3411 927 enim

1813 965 2083 1024 ’tempore
2130 956 2356 1024 Christi,
2411 958 2564 1028 prius
2605 957 2760 1028 signa
2809 958 3140 1023 edebantur,
3216 961 3414 1017 deinde

1836 1048 2110 1114 doctrina,
2141 1060 2328 1120 postea
2359 1051 2623 1105 miracula
2640 1063 2935 1106 consecuta
2953 1063 3116 1118 sunt;
3147 1053 3218 1106 ita
3248 1055 3410 1108 etiam

1836 1155 2005 1192 nunc.
2047 1139 2251 1196 Omnes
2295 1149 2500 1207 autem,
2541 1143 2632 1211 qui
2685 1143 3002 1210 credebant,
3047 1161 3156 1199 una
3201 1154 3410 1200 erant:

1837 1247 1943 1284 non
1989 1233 2108 1287 loco
2141 1271 2156 1296 ,
2191 1232 2284 1286 sed
2320 1233 2517 1288 atl'ectu
2559 1244 2611 1288 ct
2641 1235 2826 1288 animo
2868 1237 3234 1306 continuaque
3268 1238 3414 1292 inter

1836 1323 1984 1390 ipsos
2011 1321 2306 1377 concordia
2333 1332 2500 1392 atque
2525 1338 2711 1378 amore
2739 1339 2803 1378 ac
2832 1326 3232 1379 benevolentia.
3265 1325 3405 1380 Illud

1834 1425 2039 1480 autem,
2093 1427 2256 1486 prout
2304 1417 2504 1486 cuique
2553 1431 2692 1486 Opus
2715 1425 2873 1482 erat,
2923 1434 3032 1472 non
3084 1419 3412 1489 simpliciter

1832 1505 1985 1570 dicit,
2017 1507 2112 1562 sed
2143 1507 2386 1562 adhibita
2422 1507 2636 1562 ratione
2661 1507 3079 1564 administrandi
3105 1511 3410 1580 acdispen-

1832 1600 1987 1654 sandi
2020 1617 2034 1654 :
2076 1601 2179 1655 hoc
2209 1601 2356 1656 enim
2390 1611 2495 1668 est,
2527 1611 2688 1671 prout
2717 1603 2950 1672 quisque
2973 1619 3113 1674 opus
3135 1605 3405 1659 habebat:

1827 1693 1936 1764 35
1964 1709 2072 1748 non
2115 1703 2299 1748 autem
2338 1696 2797 1764 quemadmodum
2862 1697 3137 1766 sapientes
3189 1696 3410 1754 Graeco-

1831 1801 1976 1844 rum.
1995 1787 2325 1857 aliiquidem
2356 1798 2555 1842 terram
2578 1789 2914 1858 reliquerunt
2943 1800 2998 1844 et
3044 1804 3204 1860 agros
3230 1791 3410 1846 colere

147 1865 423 1934 κτίσματα
458 1864 792 1928 διαϐάλλειν,
843 1865 903 1917 οὐ
957 1865 1116 1919 κενὸν
1140 1869 1186 1900 ⁸⁸
1213 1870 1393 1934 καλῶς
1417 1871 1728 1941 χρήσασθαι

1831 1876 2162 1933 destiterunt
2190 1919 2206 1944 ,
2257 1877 2349 1932 alii
2379 1892 2510 1934 vero
2549 1892 2800 1948 magnam
2849 1880 2958 1933 vim
3000 1881 3121 1934 auri
3171 1880 3226 1936 in
3257 1896 3410 1939 mare

150 1960 415 2026 χρήμασι.
469 1959 606 2012 Καθ’
645 1961 860 2031 ἡμέραν
908 1981 968 2016 τε
1021 1963 1600 2034 προσκαρτεροῦντεςο
1665 1964 1727 2017 οὐ

153 2051 268 2112 μίαν
302 2050 553 2120 ἡμέραν,
588 2050 767 2120 ἦδύο,
791 2053 822 2122 ἦ
854 2056 1000 2122 τρεῖς
1021 2093 1036 2114 ,
1068 2055 1202 2107 ἀλλὰ
1229 2053 1350 2108 καθ’
1367 2053 1581 2124 ἡμέραν
1601 2071 1612 2082 ·
1634 2055 1729 2106 καὶ

150 2141 518 2210 ὁμοθυμαδὸν,
585 2142 662 2205 ὡς
704 2145 761 2195 ἐν
782 2149 882 2216 μιᾷ
912 2148 1084 2217 ψυχῇ.
1116 2147 1317 2199 Σκόπει
1345 2147 1399 2199 δὲ
1428 2147 1544 2209 πῶς
1576 2147 1728 2200 οὐδὲν

149 2234 324 2300 ἕτερον
358 2234 586 2286 ἐποίουν
623 2235 672 2287 οἱ
713 2235 960 2290 Ἰουδαῖοι
993 2239 1043 2291 οἱ
1083 2238 1456 2303 πιστεύοντες,
1487 2239 1624 2292 ἀλλὰ
1651 2239 1729 2308 τῷ

153 2322 270 2391 ἱερῷ
327 2323 713 2392 προσήδρευον
746 2339 759 2352 ·
800 2325 894 2378 ᾰτε
937 2326 1000 2396 δὴ
1038 2323 1446 2398 σπουδαιότεροι
1499 2345 1728 2398 γεγενη-

154 2415 291 2477 μένοι
315 2453 330 2471 ,
379 2414 482 2465 καὶ
518 2415 648 2482 περὶ
680 2415 774 2466 τὸν
803 2416 966 2468 τόπον
995 2417 1284 2471 εὐλάϐειαν
1315 2419 1535 2471 πλείονα
1561 2415 1725 2489 εἶχον.

154 2505 248 2556 Κιιί
283 2505 337 2555 οἱ
370 2504 674 2558 ἀπόστολοι
699 2506 799 2558 οὐκ
837 2507 1099 2560 ἀπέσπων
1121 2510 1163 2540 ⁸⁷
1193 2510 1391 2570 αὐτοὺς
1419 2509 1555 2572 τέως
1584 2512 1725 2563 ἐκεῖ·

154 2598 228 2646 θεν
271 2596 419 2648 ὥστε
463 2598 541 2667 μὴ
585 2598 808 2668 βλάψαι.
868 2603 1120 2664 Κλωντες
1167 2603 1289 2655 κατ’
1337 2598 1484 2656 οἶκον
1527 2604 1725 2674 ἄρτον·

151 2683 284 2740 οἷκον
321 2692 387 2741 τὸ
427 2690 578 2759 ἱερὸν
618 2694 714 2744 καὶ
745 2692 838 2744 νῦν
868 2694 1037 2761 λέγει.
1086 2695 1174 2746 Ἐν
1203 2694 1354 2765 αὐτῷ
1385 2697 1492 2765 γὰρ
1521 2696 1726 2766 ἢσθιον.

151 2779 213 2830 Τδ
235 2780 315 2843 δὲ,
348 2779 599 2841 κλῶντές
623 2781 809 2848 ἄρτον,
841 2783 939 2850 τὴν
968 2783 1170 2852 πολλὴν
1193 2782 1376 2835 αὐτῶν
1400 2785 1728 2852 ἐγκράτειαν

151 2872 229 2921 καὶ
259 2871 532 2936 λιτότητα
563 2870 717 2939 δηλοῖ
748 2873 847 2941 τῆς
878 2873 1110 2943 τροφῆς.
1141 2873 1574 2940 Μετελάμϐανον
1597 2876 1724 2945 γὰρ,

153 2964 288 3029 εῃσὶ,
321 2962 563 3032 τροφῆς,
595 2963 710 3015 ἀλλ’
735 2965 836 3017 οὐκ
879 2965 1150 3034 ἐτρύφων.
1185 2964 1343 3018 Οὕτω
1370 2968 1463 3019 καὶ
1489 2966 1580 3019 τὸν
1612 2967 1726 3035 βίον

149 3053 242 3103 ἀπὸ
279 3053 383 3119 τῆς
425 3054 673 3114 πίστεως
699 3055 794 3106 ἐπὶ
817 3054 876 3106 τὸ
898 3055 1149 3122 κρεῖττον
1175 3054 1636 3125 μετερυθμίζοντο
1655 3054 1722 3109 ⁸⁸.

1832 1969 2204 2040 projecerunt.
2241 1969 2354 2025 lloc
2387 1985 2519 2026 vero
2551 1985 2659 2025 non
2701 1980 2820 2026 erat
2851 1981 3200 2043 contemptus
3238 1987 3408 2044 posu-

1833 2062 2072 2126 niarum,
2105 2063 2202 2117 sed
2273 2062 2508 2117 stultitia
2555 2071 2719 2131 atque
2762 2063 3018 2118 amentia.
3051 2065 3292 2122 Conatus
3321 2077 3407 2124 eat

1829 2147 1975 2203 enim
2007 2148 2260 2203 diabolus
2289 2156 2571 2203 creaturas
2603 2147 2696 2202 Dei
2729 2149 3055 2205 calumniari
3100 2161 3155 2208 et
3199 2153 3405 2209 invisas

1832 2239 2079 2295 reddere.
2103 2239 2220 2294 Non
2259 2241 2405 2295 enim
2439 2248 2526 2294 est
2571 2255 2657 2298 res
2685 2235 2822 2295 vana
2850 2241 2984 2298 bene
3015 2245 3263 2313 pecuniis
3300 2247 3400 2300 uti.

1829 2329 1908 2382 Ac
1931 2328 2176 2396 quotidie
2196 2326 2419 2382 assidue
2444 2335 2748 2394 versantes,
2771 2343 2881 2382 non
2904 2345 3073 2384 unum
3109 2331 3274 2396 diem,
3308 2342 3403 2386 aut

1829 2419 1989 2482 duos,
2013 2429 2107 2473 aut
2146 2427 2279 2482 tres,
2317 2417 2413 2473 sed
2441 2417 2705 2488 quotidie,
2744 2428 2798 2474 et
2856 2419 3209 2487 unanimiter,
3241 2422 3398 2492 quasi

1831 2526 1938 2565 uno
1960 2511 2169 2564 animo.
2201 2510 2499 2566 Considera
2531 2521 2738 2573 autem,
2785 2519 2846 2564 ut
2876 2512 3012 2566 nihil
3048 2512 3196 2566 aliud
3225 2511 3404 2569 iacie-

1829 2603 1960 2656 bant
1990 2600 2184 2664 Judaei,
2232 2601 2358 2670 quia
2393 2599 2711 2662 credebant,
2741 2601 2845 2657 nisi
2871 2609 2930 2655 ut
2977 2602 3188 2656 assidui
3221 2617 3404 2657 versa-

1828 2700 2022 2746 rentur
2052 2693 2103 2744 in
2137 2692 2360 2760 templo,
2392 2699 2451 2744 ut
2475 2692 2568 2760 qui
2597 2692 2857 2746 nimirum
2892 2693 3254 2748 studiosiores
3281 2706 3404 2747 cva-

1827 2781 2052 2843 sissent,
2109 2779 2276 2834 etiam
2326 2795 2456 2849 erga
2513 2782 2694 2834 locum
2719 2781 2876 2835 illum
2915 2782 3108 2851 majori
3137 2784 3404 2853 religione

1829 2871 2175 2926 tenebantur.
2206 2871 2387 2940 Atque
2414 2869 2652 2940 apostoli
2680 2867 2809 2925 illos
2838 2871 2891 2926 in
2923 2872 3080 2928 initio
3113 2873 3261 2927 illinc
3292 2885 3400 2928 non

1827 2964 2132 3018 avellebant
2179 2968 2236 3016 et
2270 2961 2594 3026 avocabant,
2641 2976 2708 3016 ne
2754 2962 2862 3017 illis
2908 2975 3171 3018 nocerent
3226 2974 3280 3018 et
3317 2964 3403 3018 in-

1825 3054 2252 3109 commodarent.
2309 3051 2368 3105 In
2409 3051 2523 3104 aede
2575 3065 2771 3120 panem
2813 3052 3148 3121 frangentes.
3203 3053 3397 3108 Aidem

1828 3149 2087 3218 templum
2118 3161 2264 3199 nunc
2289 3158 2507 3214 quoque
2552 3144 2705 3196 dicit.
2742 3143 2804 3196 In
2841 3143 2934 3197 illo
2961 3144 3106 3196 enim
3147 3142 3402 3198 comede-

149 3146 254 3206 Ilt'»;
288 3145 346 3198 δὲ
380 3141 536 3214 εἶχον
573 3146 734 3215 χάριν
764 3147 900 3214 πρὸς
929 3148 1049 3199 ὅλον
1085 3147 1178 3236 τὸν
1202 3147 1366 3236 λαόν;
1399 3147 1564 3215 Λέγει
1587 3147 1718 3236 γάρ·
1748 3179 1791 3236 c

151 3235 244 3286 Καὶ
269 3237 498 3304 ἔχοντες
529 3237 690 3303 χάριν
724 3236 857 3306 πρὸς
879 3236 998 3287 ὅλον
1022 3236 1112 3288 τὸν
1153 3235 1304 3290 λαόν.
1358 3237 1516 3302 Πῶς;
1544 3236 1620 3288 Δι’
1649 3232 1723 3290 ὧν

1831 3250 1974 3302 bant.
2023 3239 2158 3292 Illud
2213 3248 2419 3300 autem,
2495 3234 2695 3290 Panem
2752 3234 3080 3303 frangentes,
3149 3250 3400 3305 magnam

148 3326 406 3395 ἔπραττον
429 3343 442 3355 ·
503 3329 605 3378 Αιά
662 3327 763 3391 τῆς
805 3327 1172 3398 έλεημοσὺνης
1196 3343 1211 3356 ·
1245 3329 1334 3382 διὰ
1357 3329 1457 3398 τῆς
1480 3331 1727 3399 καθαρᾶς

1831 3337 2038 3391 illorum
2059 3328 2470 3398 temperantiam
2491 3327 2765 3397 signiﬁcat
2789 3337 2842 3381 et
2863 3329 3038 3383 victus
3058 3330 3397 3383 tenuitatem.

145 3416 510 3485 ἀναστροφῆς.
577 3416 639 3467 Εἰ
692 3415 801 3484 γὰρ
863 3416 956 3468 καὶ
1016 3417 1180 3485 ἱερεῖς
1218 3417 1326 3470 ἀπὸ
1387 3419 1583 3487 φθόνου
1633 3422 1727 3472 καὶ

1831 3423 2126 3480 Sumebant
2155 3419 2325 3482 enim,
2356 3417 2552 3484 inquit,
2582 3416 2786 3477 cibum,
2807 3431 2924 3469 non
2960 3425 3141 3471 autem
3166 3415 3402 3471 delicate

148 3505 440 3570 βασκανίας
493 3506 804 3576 ἐπέστησαν
837 3507 1046 3574 αὐτοῖς,
1093 3506 1234 3560 ἀλλὰ
1283 3507 1422 3578 πρὸς
1473 3509 1566 3560 τὸν
1600 3509 1728 3564 λαὸν

1831 3514 2106 3574 vivebant,
2141 3525 2206 3563 ac
2231 3509 2396 3579 genio
2423 3506 2798 3576 indulgebant.
2835 3507 2984 3560 Adeo
3032 3508 3198 3560 etiam
3232 3507 3400 3560 vitam

146 3598 291 3664 χάριν
323 3591 500 3666 εἶχον.

1831 3619 1855 3657 a
1891 3609 2143 3670 suscepta
2168 3600 2273 3654 ﬁde
2297 3598 2352 3652 in
2371 3599 2566 3652 melius
2579 3597 2945 3652 emendabant
2961 3607 3013 3654 et
3034 3600 3401 3669 corrigebant.

147 3689 242 3742 Sed
273 3690 366 3756 qui
403 3690 582 3756 gratia
614 3687 866 3742 valebant
903 3689 1044 3757 apud
1061 3704 1276 3744 omnem
1304 3691 1511 3760 plebem
1537 3692 1560 3745 Υ
1587 3691 1719 3748 dicit
1755 3697 1900 3750 enim
1936 3713 1951 3750 :
2001 3692 2068 3746 Et
2100 3690 2276 3761 gratia
2353 3690 2623 3758 pollentes
2667 3689 2810 3758 apud
2856 3704 3074 3744 omnem
3142 3692 3400 3761 plebem;

143 3798 245 3849 quo
311 3793 480 3851 pacto
538 3781 562 3834 ἲ
613 3780 836 3850 Propter
863 3795 925 3833 ea
957 3819 972 3844 ,
1027 3797 1148 3849 quae
1200 3783 1436 3853 agebant
1468 3801 1482 3836 :
1536 3793 1759 3854 propter
1791 3787 2217 3854 eleemosynam,
2258 3789 2479 3850 propter
2515 3794 2704 3848 puram
2737 3784 3228 3838 conversationem.
3262 3781 3398 3836 Nam

145 3879 353 3930 etiamsi
383 3875 729 3937 sacerdotes,
776 3873 982 3928 invidia
1014 3885 1177 3939 atque
1214 3877 1566 3933 emulatione
1616 3880 1772 3944 moti,
1831 3880 1951 3934 illos
1999 3883 2392 3948 oppresserunt
2447 3881 2501 3929 et
2553 3873 2898 3940 invaserunt,
2951 3886 3193 3933 attamen
3255 3881 3399 3950 apud

146 3969 351 4037 plebem
380 3967 558 4035 gratia
591 3965 888 4034 pollebant.

749 4058 998 4112 ΚΕΦᾹΛ.
1044 4057 1118 4112 Γ’.

221 4149 349 4202 Ἐ’πί
393 4147 463 4201 τὸ
494 4147 640 4200 αὐτὸ
674 4148 742 4200 δὲ
763 4151 985 4215 Πέτρος
1023 4150 1121 4203 καὶ
1169 4149 1451 4218 Ἰωάννης
1487 4151 1720 4207 ἀνέσαι-

145 4259 250 4296 var
297 4245 388 4305 εὶς
441 4240 505 4291 τὸ
551 4239 712 4306 ἱερὸν
757 4238 855 4290 ἐπὶ
896 4239 1007 4306 τὴν
1042 4239 1202 4308 ὤραν
1240 4240 1345 4308 τῆς
1375 4242 1722 4310 προσευχῆς

144 4332 255 4398 τὴν
283 4331 552 4396 ἑννάτην
566 4330 631 4381 δ’.

210 4424 327 4477 Kal
357 4438 448 4485 τις
478 4420 638 4487 ἀνὴρ
683 4420 880 4487 χωλὸς
902 4420 968 4474 ἐκ
998 4423 1232 4486 κοιλίας
1274 4425 1502 4492 μητρὸς
1534 4426 1721 4480 αὐτοῦ

145 4513 437 4578 ὑπάρχων
487 4507 874 4566 ἐϐαστάζετοο
927 4509 999 4562 ὃν
1046 4510 1286 4565 ἐτίθουν
1324 4513 1454 4566 καθ’
1495 4514 1724 4582 ἡμέραν

144 4605 293 4668 πρὸς
309 4601 426 4666 τὴν
454 4602 641 4670 Utitur
661 4598 766 4651 τοῦ
789 4598 968 4666 ἱεροῦ,
991 4599 1102 4666 τὴν
1123 4602 1720 4669 λεγομένηνὨραιάν,

147 4695 249 4745 τοῦ
285 4690 476 4743 αἰτεῖν
515 4689 938 4756 ἐλεημοσύνην
963 4689 1120 4756 παρὰ
1160 4691 1276 4742 τῶν
1301 4693 1717 4758 εἰσπορευομέ-

145 4801 196 4835 re
218 4803 258 4835 ν
289 4785 376 4846 εὶς
405 4781 469 4832 τὸ
503 4783 684 4846 ἱερόν.

211 4876 324 4935 ’ος
366 4869 512 4922 ἰδὼν
543 4869 769 4938 Πέτρον
792 4870 891 4922 καὶ
934 4869 1212 4936 Ἰωάννην
1233 4871 1570 4938 μέλλοντας
1599 4878 1721 4927 εἰσ-

145 4963 292 5015 ιέναι
317 4964 405 5026 εἰς
442 4963 505 5012 τό
533 4962 711 5026 ἱερὸν,
743 4960 936 5028 ἠρώτα
962 4962 1382 5028 ἐλεημοσύνην
1401 4964 1467 5018 ⁷ο,

220 5055 540 5114 Ἁτενίσας
570 5051 638 5102 δὲ
667 5048 890 5116 Πέτρος
914 5051 1001 5114 εἰς
1037 5053 1224 5106 αι’τὸν
1253 5053 1374 5104 σὺν
1401 5050 1480 5116 τῷ
1525 5053 1720 5106 Ἰωάν-

149 5163 235 5212 νῃ,
264 5141 447 5197 εἷπον
467 5144 509 5173 ⁷³
535 5159 548 5170 ⁸
589 5141 836 5208 Βλέψον
861 5143 947 5205 εις
975 5140 1153 5208 ἡμᾶς.

218 5240 291 5290 ’0
322 5237 389 5288 δὲ
417 5234 651 5300 ἐπεῖχεν
670 5235 775 5285 αὐτ
786 5231 894 5296 οἷς,
917 5231 1270 5298 προσδοκῶν
1292 5250 1341 5285 τι
1363 5234 1498 5301 παρ’
1517 5236 1711 5287 αὐτῶν

149 5333 282 5388 ,ἒαϐξ
291 5329 350 5389 ἲν
357 5369 373 5383 .

211 5405 366 5470 Erae
421 5413 488 5465 δὲ
534 5413 786 5480 Πέτρος·
836 5413 1132 5479 Ἁργύμον
1161 5417 1256 5464 καὶ
1295 5416 1550 5480 χιιι-ἴω·
1599 5418 1708 5482 οὐχ

2418 4053 2648 4110 CAPUT
2720 4055 2809 4109 ΙΙΙ.

1893 4149 2056 4205 Vens.
2081 4150 2130 4203 l.
2155 4148 2272 4204 Una
2302 4160 2480 4202 autem
2506 4147 2696 4202 Petrus
2723 4158 2771 4200 et
2792 4145 3026 4200 Joannes
3049 4149 3397 4203 ascendebant

1822 4243 1874 4294 in
1914 4241 2164 4308 templum
2191 4242 2260 4292 ad
2290 4242 2471 4293 haram
2493 4240 2809 4307 precationis
2842 4255 3032 4293 nonam
3061 4255 3079 4292 :

1898 4423 2063 4479 Vens.
2096 4425 2153 4476 2.
2182 4423 2243 4476 Et
2268 4425 2349 4478 uir
2387 4423 2630 4492 quidam,
2660 4423 2748 4491 qui
2773 4439 2835 4474 ea:
2866 4439 2970 4490 quo
3001 4424 3172 4474 editus
3198 4431 3311 4475 erat
3333 4435 3398 4475 ex

1827 4526 1975 4569 utero
2032 4519 2218 4569 matris
2273 4533 2404 4579 sum,
2459 4517 2686 4569 claudus
2743 4526 3033 4579 manserat,
3075 4519 3280 4583 portari
3336 4533 3398 4567 uc

1830 4608 2088 4660 collocari
2134 4607 2374 4675 quatidie
2429 4605 2641 4660 solebat
2694 4605 2762 4657 ad
2787 4617 2995 4671 portam
3044 4608 3245 4675 templi,
3279 4625 3396 4676 qum

1829 4698 2028 4748 dicitur
2056 4694 2330 4764 Speciosa,
2358 4705 2414 4747 ut
2440 4705 2632 4764 peteret
2658 4697 3042 4762 elccmosynam
3074 4696 3137 4746 ab
3197 4698 3262 4748 iis
3307 4712 3393 4765 qut

1823 4791 2099 4841 introirent
2131 4789 2186 4840 in
2222 4787 2514 4856 templum:

1897 4879 2062 4932 Vens.
2126 4880 2178 4931 3.
2216 4878 2321 4942 Qui
2387 4879 2720 4945 conspicatus
2783 4876 2995 4930 Petrum
3026 4889 3074 4929 et
3131 4876 3389 4931 Joannem

1820 4970 2152 5037 iugressuros
2183 4970 2236 5020 in
2267 4969 2540 5036 templum,
2579 4967 2800 5036 rogabat
2831 4969 3245 5034 eleemmynam.

1894 5055 2056 5110 Vens.
2085 5056 2138 5108 4.
2179 5056 2414 5108 lntuitus
2455 5064 2628 5107 autem
2655 5055 2847 5108 Petrus
2886 5057 2936 5108 in
2969 5073 3085 5108 eum
3119 5074 3222 5108 una
3274 5073 3390 5108 t'ttm

1815 5145 2025 5199 Joanne
2061 5146 2196 5198 dixit
2221 5162 2238 5198 .'
2263 5147 2441 5211 Aspice
2465 5147 2533 5197 ad
2564 5163 2680 5198 nos.

1898 5238 2059 5292 Vens.
2100 5239 2152 5291 5.
2182 5236 2244 5288 At
2282 5237 2370 5288 ille
2395 5237 2690 5289 intendebat
2714 5237 2892 5289 oculos
2921 5240 2975 5288 in
3031 5254 3141 5302 eos,
3174 5254 3388 5305 sperans

1820 5349 1872 5383 se
1895 5332 2096 5399 aliquid
2133 5344 2463 5397 arrepturum
2494 5330 2556 5380 ab
2581 5331 2678 5382 eis.

1897 5420 2055 5473 νι-ιιιε.
2091 5422 2142 5472 6.
2174 5420 2359 5472 Petrus
2392 5431 2563 5471 autem
2592 5421 2727 5472 dixit
2751 5437 2766 5472 :
2798 5423 3076 5490 Argentum
3117 5433 3164 5473 et
3198 5438 3387 5474 aurum

1330 5596 1525 5654 Variae
1566 5597 1874 5656 lectiones
1907 5603 1968 5657 et
2004 5605 2190 5656 notae.

205 5703 244 5728 “
277 5700 390 5768 ’,ἀρ
415 5699 704 5749 desiderati
738 5698 963 5749 videtur.
1041 5700 1082 5768 ⁶ῖ
1118 5697 1562 5758 ἀπέπλεον-μυῖαι.
1645 5702 1688 5727 ⁸⁵⁸

150 5767 367 5839 κωμικῇ
409 5771 635 5821 11laltl'll’.
670 5771 875 5821 kat-heia.
955 5770 994 5797 τ¹
1035 5767 1176 5825 εἷπε,
1207 5779 1281 5818 est
1318 5786 1366 5818 m
1397 5773 1640 5837 t‘ulgtttis.

1724 5702 2168 5772 μετερνομῖζετο,
2212 5715 2345 5754 erat.

3250 5709 3294 5736 73
3317 5707 3385 5759 [η

2425 5705 2468 5732 ε’
2501 5703 2723 5770 ἐννὰτην
2745 5715 2818 5755 ρει
2853 5707 2901 5754 in
2927 5708 3170 5773 vulgatis.
