4184 6458
751 447 854 511 563

1653 444 1752 500 ΤΗ
1764 438 2227 501 EUPHYLACTI
2288 436 2695 498 BULGARl/E
2761 443 3117 505 ARCHIEP.

3901 438 4011 503 564

818 561 930 631 38
952 564 1091 630 Quid
1128 566 1229 619 sibi
1282 565 1395 617 vult
1436 564 1509 630 id,
1532 565 1675 633 quod
1710 565 1843 618 dicit
1883 579 1897 617 :
1938 564 2074 617 Cum
2107 570 2315 616 teneret

2491 558 2556 609 Τί
2587 560 2702 611 ἐστι
2731 560 2810 624 τὸ,
2846 560 3190 629 Κρατοῦντος
3235 558 3331 612 τοῦ
3392 558 3634 617 ξαθέντος
3688 555 3862 626 χωλοῦ
3914 557 4011 607 τὸν

752 654 821 715 is.
854 657 944 725 qui
995 657 1225 710 claudus
1259 672 1382 709 cum
1427 657 1643 717 fuisset,
1670 666 1895 711 sanatus
1943 672 2005 710 ac
2039 656 2323 710 restitutus

750 758 888 807 erat,
924 745 1140 799 Petrum
1173 758 1226 801 et
1250 748 1560 801 Joannem?
1586 747 1881 811 Metuebat,
1905 764 1973 802 ne
1999 748 2323 800 avelleretur

752 838 822 892 ab
856 839 981 893 illis.
1016 839 1403 893 Arbitrabatur
1432 840 1573 893 enim
1633 840 1897 908 tantisper
1957 856 2015 893 se
2063 840 2195 892 vitio
2218 838 2324 892 illo

751 930 1046 983 liberatum
1081 946 1222 988 esse.
1250 931 1378 983 dum
1414 932 1535 983 illos
1564 929 1834 983 detineret
1860 940 1911 983 et
1945 930 2320 998 contingeret:

752 1021 961 1073 ilcirco
1022 1022 1257 1075 riiaxime
1312 1022 1454 1091 quod
1496 1023 1660 1075 etiam
1703 1022 1895 1076 Petrus
1927 1037 2146 1091 quoque
2198 1036 2323 1075 cum

749 1114 1199 1181 apprehendisset
1229 1124 1281 1169 et
1306 1115 1574 1170 erexisset
1606 1116 1780 1177 illum,
1817 1116 1887 1167 ita
1917 1115 2135 1168 demum
2169 1106 2326 1167 sana-

747 1215 919 1259 vet-at.
957 1205 1013 1258 In
1043 1205 1255 1273 porticu
1282 1222 1403 1274 quae.
1427 1215 1676 1268 vocatur,
1717 1215 1823 1259 etc.
1860 1206 1989 1259 Haec
2039 1205 2156 1259 sola
2199 1220 2322 1273 por-

752 1298 896 1350 ticus
943 1298 1187 1351 restabat
1217 1299 1283 1352 de
1310 1308 1584 1353 structura
1606 1299 1936 1354 Salomonis.
1964 1298 2323 1354 Nabuchodo-

751 1401 919 1439 nosor
959 1389 1102 1441 enim
1143 1391 1398 1458 templum
1435 1390 1776 1448 incenderat.
1824 1390 1968 1459 quod
2000 1389 2177 1460 Cyrus
2228 1404 2321 1442 rex

751 1477 1041 1533 Persarum
1105 1482 1439 1535 restituerat.
1478 1481 1589 1535 Viri
1637 1482 1917 1543 Israelitaa.
1952 1498 2050 1536 cur
2094 1483 2206 1537 haec
2240 1498 2326 1536 res

745 1571 903 1624 vobis
926 1582 1011 1626 est
1043 1572 1438 1626 admirationi?
1472 1573 1657 1642 Majori
1701 1574 1901 1627 referta
1933 1584 2017 1628 est
2048 1575 2159 1628 haec
2190 1588 2324 1628 con-

748 1664 837 1716 cio
874 1664 1086 1717 dicendi
1119 1665 1369 1720 libertate
1403 1684 1416 1719 :
1453 1682 1557 1719 non
1596 1667 1740 1735 quod
1772 1668 1824 1719 in
1887 1669 2061 1736 prima
2113 1678 2324 1723 metue--

747 1764 850 1819 ret,
892 1754 987 1809 sed
1055 1758 1183 1825 quia
1216 1756 1318 1820 illi,
1371 1766 1558 1826 utpote
1602 1758 1952 1814 cavillatores
1982 1776 2045 1815 ac
2077 1762 2322 1828 petulan-

752 1857 860 1910 tes,
891 1849 1132 1901 nondum
1176 1849 1317 1903 ferre
1357 1864 1476 1902 eam
1513 1850 1817 1905 libertatem
1859 1853 2187 1921 potuissent.
2226 1852 2325 1907 lla-

743 1949 852 2001 que
877 1934 1019 1987 illam
1047 1938 1366 1991 concionem
1393 1938 1706 2004 exordiens,
1742 1944 1924 1994 statim
1956 1956 2051 1994 eos
2081 1942 2134 1994 in
2168 1944 2319 2011 prin-

2428 648 2635 718 Πέτρον
2690 651 2787 702 καὶ
2862 651 3159 719 ’Ῑωάννηνς
3217 649 3508 704 Ἐδεδοίκει
3581 647 4009 716 ἀποσπασθῆναι

2426 742 2629 794 αὐτῶν.
2696 741 2942 811 Ἐνόμιζε
2998 742 3108 811 γὰρ
3166 741 3328 813 μέχρι
3379 740 3571 793 τούτου
3605 740 3796 793 ἑαυτὸν
3829 739 4009 805 dm).-

2425 833 2623 903 λάχθαι
2656 833 2751 887 τού
2783 835 3009 897 πάθους,
3050 835 3247 905 μέχρις
3296 834 3363 887 ἂν
3402 834 3610 905 κατέχῃ
3660 832 3857 894 αὑτοὺς
3910 832 4011 883 καὶ

2426 929 2736 998 ἐφάπτηται
2758 928 2937 982 αὑτῶν
2972 945 2984 958 ·
3019 928 3254 998 μάλιστα
3281 928 3361 980 ὅτι
3395 927 3490 979 καὶ
3531 928 3559 979 ὀ
3606 925 3813 993 Πέτρος
3870 940 4012 993 κρα-

2426 1022 2599 1088 τήσας
2630 1021 2792 1073 αὑτὸν
2826 1011 2921 1074 καῖ
2949 1022 3284 1090 ἀναστήσας,
3317 1019 3492 1081 οὑτως
3535 1018 3748 1072 ἰάσατο.
3814 1016 3903 1067 Ἐν
3937 1018 4008 1083 τῇ

2429 1113 2558 1181 στοᾷ
2624 1112 2701 1166 δέ.
2766 1111 2914 1181 Αὕτη
2974 1112 3111 1182 μόνη
3186 1111 3379 1181 ἡστοὰ
3457 1110 3646 1163 ἱστατο
3742 1106 3851 1161 ἀπὸ
3902 1107 4011 1174 τῆς

2428 1204 2783 1272 κατασκευῆς
2832 1204 2927 1257 τοῦ
2994 1203 3361 1275 Σολομῶντος.
3434 1202 3733 1271 Ἐνέπρησε
3784 1200 3892 1270 γάρ
3946 1198 4011 1251 τὸ

2430 1296 2573 1365 ἱερὸν
2608 1296 3155 1369 ὁΝαυουχοδονόσορ,
3210 1298 3306 1351 καὶ
3358 1295 3673 1368 ᾠκοδόμησε
3742 1294 3921 1364 Κῦρος
3978 1293 4009 1344 ό

2428 1388 2669 1458 Πέρσης.
2730 1389 2957 1459 Ἄνδρες
3033 1389 3386 1461 Ἰσραηλῖται,
3441 1388 3496 1441 τί
3549 1386 3858 1456 θαυμάζετε
3913 1385 4010 1435 ἐπὶ

2426 1481 2641 1552 retire);
2676 1482 2929 1544 Πλείονος
2952 1482 3091 1552 αὓτη
3118 1483 3281 1553 γέμει
3311 1480 3623 1553 παρρησίας
3677 1481 3711 1548 ή
3762 1478 4008 1547 δημηγο-

2429 1572 2548 1637 ρία·
2607 1572 2707 1624 οὐκ
2758 1572 2947 1641 ἐπειδὴ
2996 1573 3051 1624 ὲν
3102 1574 3168 1641 τῇ
3244 1573 3485 1641 προτέρᾳ
3572 1570 3839 1637 ἐφοϐεῖτο,
3884 1565 4008 1619 ἀλλ’

2425 1662 2614 1731 ἐπειδὴ
2643 1663 2855 1715 οὐδέπω
2879 1664 3106 1733 ἡνεγκον
3118 1662 3165 1694 ⁸⁸
3189 1663 3255 1716 ἂν
3284 1664 3487 1727 ἐκεῖνο,
3520 1660 3817 1730 χλευασταὶ
3848 1661 4007 1718 ὀντες

2425 1757 2519 1809 καὶ
2546 1756 2748 1825 ἰταμοί.
2789 1755 2951 1808 Ὅθεν
2974 1755 3185 1824 ἐκείνης
3239 1755 3338 1824 μὲν
3385 1754 3685 1823 ἀρχόμενος
3728 1751 3823 1803 καὶ
3885 1753 4009 1801 ἑπι-

2432 1852 2654 1920 στρέφει
2688 1849 2886 1911 αὐτοὺς
2912 1846 2999 1900 διά
3046 1846 3139 1899 τοῦ
3194 1845 3481 1916 προοιμίου
3553 1844 3727 1911 λέγων
3754 1858 3768 1871 ·
3822 1840 4008 1895 Τσῦτο

2426 1940 2572 2009 ὑμῖν
2598 1938 2872 2007 γνωστὸν
2897 1938 3053 1990 ἔστω
3089 1951 3102 1964 ·
3137 1936 3233 1988 καὶ
3280 1935 3649 1987 ἐνωτίσασθε
3677 1934 3746 1985 τὰ
3765 1928 4010 1997 ῥήματά

742 2025 889 2093 cipio
930 2027 1106 2081 reddit
1156 2038 1395 2082 attentos
1431 2030 1515 2085 his
1544 2032 1769 2085 verbis:
1822 2034 1932 2086 Hoc
1960 2035 2101 2088 vobis
2138 2048 2318 2089 notum

2426 2051 2535 2101 μου
2557 2050 2571 2065 ·
2612 2029 2877 2084 Ἐνταῦθα
2903 2028 2958 2081 δὲ
2982 2029 3044 2080 οὑ
3062 2028 3232 2081 δεῖται
3256 2026 3463 2093 ταύτης
3489 2025 3591 2093 τῆς
3630 2024 4002 2089 κατασκευῆς.

744 2117 838 2179 sit,
880 2129 925 2171 et
963 2120 1179 2172 auribus
1229 2122 1479 2188 percipite
1525 2126 1680 2175 verba
1727 2140 1878 2187 mea;
1921 2125 2009 2180 hic
2054 2142 2183 2181 vero
2213 2143 2319 2182 non

745 2223 883 2277 epus
913 2211 1073 2265 habet
1109 2212 1211 2270 hoc
1249 2215 1503 2269 artificio.
1532 2215 1649 2269 Non
1694 2218 1839 2272 enim
1882 2221 2188 2289 torpebant,
2222 2238 2323 2277 nec

747 2302 987 2367 segniter
1025 2312 1077 2356 et
1109 2305 1411 2360 oscitanter
1455 2307 1841 2363 auscultabant
1874 2326 1888 2363 :
1936 2311 2032 2366 sed
2062 2315 2321 2381 quoniam

744 2391 964 2461 signum
994 2395 1283 2449 universos
1316 2410 1412 2450 eos
1454 2407 1803 2452 converterat
1840 2410 1895 2453 et
1930 2410 2168 2457 attentos
2200 2404 2323 2457 red-

746 2482 981 2548 diderat,
1015 2486 1178 2539 etiam
1221 2487 1363 2555 pleni
1423 2488 1637 2544 timoris
1681 2499 1839 2544 erant
1885 2500 1939 2544 et
1968 2492 2137 2547 animi
2192 2509 2325 2549 eon-

745 2576 1121 2631 sternationis.
1157 2576 1293 2631 Vide
1315 2591 1514 2644 autem,
1571 2592 1630 2633 ut
1658 2581 2121 2638 existimationem
2164 2586 2231 2639 de
2265 2601 2323 2640 se

746 2667 1134 2736 rejiciatatque
1164 2670 1465 2739 propulset.
1506 2670 1648 2724 Nihil
1670 2671 1815 2724 enim
1836 2680 1947 2727 tam
1975 2674 2196 2741 prodest
2229 2689 2325 2727 au-

742 2759 1037 2821 ditoribus,
1067 2775 1252 2828 quam,
1285 2762 1329 2815 si
1360 2762 1426 2825 is,
1460 2762 1552 2829 qui
1579 2761 1733 2827 dicit,
1757 2778 1865 2816 non
1900 2766 2061 2819 modo
2097 2766 2233 2819 nihil
2258 2767 2324 2821 de

745 2852 1187 2918 se-magnificum
1220 2853 1387 2917 dicat,
1424 2870 1610 2907 verum
1640 2854 1803 2909 etiam
1838 2855 2021 2911 dicere
2053 2858 2322 2912 volentem

746 2945 1054 3010 prohibeat.
1085 2946 1263 3014 Atque
1287 2946 1336 2998 hi
1372 2955 1553 3015 spreta
1580 2948 1772 3016 gloria,
1793 2964 1957 3016 quam
1991 2950 2057 3002 ab
2089 2950 2325 3004 homini-

742 3035 850 3088 bas
878 3036 1140 3104 consequi
1182 3044 1456 3105 poterant,
1505 3040 1767 3106 majorem
1816 3040 1919 3093 sibi
1964 3040 2190 3109 gloriam
2232 3056 2325 3110 pe-

743 3134 1005 3192 pererunt
1040 3142 1052 3177 :
1089 3141 1213 3179 cum
1238 3127 1611 3181 ostendissent
1644 3128 1721 3191 id,
1761 3128 1904 3195 quod
1945 3128 2145 3182 facttun
2180 3138 2320 3195 erat,

2424 2126 2498 2178 Οὑ
2536 2125 2647 2193 γὰρ
2693 2121 3041 2193 ὲραθύμουνσ
3090 2119 3205 2173 ἀλλ’
3232 2118 3357 2170 ἐπεὶ
3415 2117 3477 2169 τὺ
3542 2119 3767 2186 σημεῖον
3805 2115 4009 2177 αὐτοὺς

2422 2214 2756 2284 ἐπέστρεψεν
2787 2213 3053 2274 ἃπαντας,
3078 2212 3171 2262 καὶ
3200 2210 3351 2272 δέους
3380 2209 3473 2263 καὶ
3502 2205 3820 2276 ἐκπλήξεως
3863 2201 4008 2274 ἦσαν

2429 2306 2640 2378 μεστοί.
2671 2307 2813 2377 Ὀρα
2836 2305 2891 2358 δὲ
2929 2304 3045 2366 πῶς
3078 2300 3428 2373 διακρούεται
3451 2301 3552 2369 τὴν
3580 2299 3737 2362 δόξαν
3760 2298 3859 2368 τὴν
3874 2315 3941 2349 πε
3955 2299 4011 2365 ρὶ

2424 2399 2629 2452 αὑτῶν.
2666 2397 2833 2451 Οὐδὲν
2869 2396 2980 2465 γὰρ
3027 2394 3202 2457 οὑτως
3250 2393 3451 2462 ὠφελεῖ
3507 2392 3633 2452 τοὺς
3682 2389 4006 2449 ἀκούοντας,

2425 2489 2569 2541 ὥστε
2621 2488 2667 2518 ⁸⁸
2698 2486 2866 2557 μηδὲν
2891 2486 3020 2555 περὶ
3055 2481 3249 2537 ἑαυτοῦ
3279 2483 3459 2549 λέγειν
3516 2481 3681 2549 μέγα,
3740 2477 3878 2531 ἀλλά
3910 2476 4010 2529 καὶ

2424 2579 2517 2632 τὸν
2576 2577 2903 2647 βουλόμενον
2935 2575 3114 2643 λέγειν
3174 2573 3428 2627 κωλύειν.
3474 2572 4009 2643 Καεαςρρονήσαντες

2424 2672 2481 2726 δὲ
2508 2667 2656 2725 οὗτοι
2695 2670 2796 2737 τῆς
2828 2669 2981 2739 παρὰ
3032 2668 3142 2719 τῶν
3189 2665 3493 2736 ἀνθρώπων
3564 2662 3745 2731 δόξης,
3804 2661 4010 2730 μᾶλλον

2428 2759 2656 2821 ἑαυτοὺς
2685 2759 2953 2825 ἐδόξασαν
2984 2773 2996 2784 ·
3023 2756 3299 2817 δείξαντες
3332 2755 3432 2807 οὑκ
3464 2753 3830 2823 ἀνθρώπινθν,
3869 2752 4013 2804 ἀλλὰ

2428 2852 2570 2905 θεῖον
2606 2850 2668 2902 τὸ
2704 2849 2945 2917 γεγονός.
2990 2848 3051 2899 '0
3082 2846 3214 2907 Θεὸς
3254 2847 3362 2898 τῶν
3404 2844 3657 2914 πατέρων
3705 2842 3864 2912 ἡμῶν
3896 2842 4012 2894 ἐδό-

2430 2943 2557 3007 ξασε
2588 2942 2680 2994 τὸν
2714 2941 2877 2993 παῖδα
2909 2940 3075 2992 αὑτοῦ
3101 2937 3336 3006 Ἰησοῦν.
3390 2937 3514 2989 Ἔτι
3542 2935 3653 2988 τῶν
3685 2936 4009 2986 ταπεινοτέ-

2431 3053 2539 3106 ρων
2577 3034 2779 3103 ἔχεται,
2803 3033 2952 3100 ὅμως
2980 3032 3040 3082 τὸ
3080 3029 3337 3097 τόλμημα
3380 3028 3559 3081 αὐτῶν
3616 3025 3855 3093 ἐπαίρει,
3908 3024 4008 3092 οὐχ

2428 3125 2503 3185 ὡς
2539 3123 2805 3193 πρότερον
2833 3118 3139 3183 συσκιάζει.
3177 3122 3327 3172 Ποιεί
3355 3120 3411 3171 δὲ
3451 3117 3611 3169 τοῦτο
3659 3115 3859 3184 μᾶλλον
3904 3114 4007 3165 αὑ-

743 3225 853 3263 ιιοη
894 3226 1015 3266 esse
1041 3211 1365 3266 beneficium
1391 3214 1714 3277 humanum,
1748 3215 1844 3268 sed
1877 3214 2145 3269 divinum.
2182 3216 2320 3271 Deus

2426 3218 2550 3278 τοὺς
2582 3214 2963 3283 ἐπαγαγέσθαι
3017 3214 3364 3283 βουλόμενος.
3422 3212 3574 3281 Ὀσῳ
3638 3211 3747 3278 γὰρ
3794 3209 4006 3261 ἐδείκνυ

743 3310 957 3370 patrum
995 3312 1304 3357 nostrorum
1360 3305 1651 3358 illustravit
1686 3305 1883 3359 Filium
1924 3322 2084 3361 suum
2112 3307 2321 3362 Jesum.

748 3393 940 3447 Adhuc
970 3394 1357 3447 humilioribus
1384 3395 1610 3459 insistit,
1638 3396 1849 3451 facinus
1892 3406 2073 3452 tamen
2108 3399 2321 3453 illorum

743 3491 1055 3550 exaggerat,
1092 3499 1221 3545 non,
1248 3493 1306 3537 ut
1332 3484 1507 3552 prius,
1540 3485 1803 3539 obvolvit.
1855 3484 1911 3540 ω
1944 3498 2122 3540 autem
2174 3487 2321 3556 facit,

742 3588 856 3642 quo
893 3574 1064 3642 magis
1094 3574 1215 3629 illos
1263 3576 1468 3629 alliciat
1518 3586 1573 3631 et
1625 3578 1881 3632 adducat.
1927 3580 2143 3644 Quanto
2175 3582 2320 3635 enim

744 3665 919 3734 magis
951 3666 1073 3720 illos
1104 3667 1319 3719 crimini
1355 3668 1625 3722 obnoxios
1648 3678 1705 3723 et
1755 3680 1943 3724 sontes
1971 3670 2319 3736 ostendebat,

744 3763 900 3807 tanto
930 3756 1104 3824 magis
1155 3755 1205 3808 id
1234 3756 1538 3810 eveniebat.
1575 3758 1749 3822 Quem
1784 3774 1882 3813 vos
1914 3758 2235 3828 prodidistis
2269 3768 2325 3813 et

744 3846 1060 3913 abnegastis
1102 3860 1285 3899 Curam
1312 3845 1510 3912 Pilato,
1534 3862 1659 3902 cum
1707 3849 1798 3903 ille
1851 3851 2154 3917 iudicasset
2197 3866 2322 3904 eum

742 3953 867 3992 esse
893 3939 1307 3993 absolvendum.
1362 3938 1479 3994 Duo
1510 3942 1739 3995 crimina
1766 3952 2150 4012 proponuntur
2182 3963 2194 3997 :
2229 3943 2320 3997 Pi-

742 4030 890 4084 latus
922 4030 1086 4084 ltomo
1119 4030 1344 4086 Graecus
1374 4042 1429 4086 et
1460 4034 1699 4100 gentilis,
1730 4034 1824 4103 qui
1855 4035 2061 4088 nullum
2110 4035 2322 4090 viderat

748 4122 989 4191 signum,
1035 4120 1131 4191 qui
1210 4124 1480 4177 nemiuem
1516 4126 1907 4193 prophetarum
1963 4136 2317 4194 cognoverat,

746 4212 1030 4267 absolvere
1067 4224 1121 4267 et
1156 4213 1436 4270 dimittere
1464 4216 1712 4272 volebat:
1745 4226 1801 4271 et
1840 4232 1957 4285 vos,
1991 4218 2137 4286 quod
2186 4220 2320 4274 estis

745 4304 813 4357 ad
841 4304 1061 4358 taedium
1099 4321 1273 4373 usque
1325 4306 1643 4371 assuefacti,
1678 4308 1770 4376 qui
1829 4308 1883 4360 in
1937 4309 2230 4377 prophetiis
2252 4310 2319 4365 de

742 4396 966 4450 Christo
991 4397 1363 4466 occupamini,
1396 4398 1489 4451 illo
1518 4399 1804 4453 absolvere
1833 4398 2069 4476 volente,
2106 4415 2199 4454 vos
2220 4415 2315 4454 no-

741 4489 947 4545 luistis.
989 4488 1251 4543 Sanctum
1276 4497 1331 4543 et
1371 4490 1578 4558 justum
1608 4490 1957 4559 repudiastis,
1999 4503 2053 4546 et
2074 4493 2321 4561 postula-

2430 3307 2784 3370 ὑπευθύνους,
2847 3305 3087 3373 τοσούτῳ
3156 3304 3358 3373 μᾶλλον
3415 3302 3576 3355 τοῦτο
3625 3302 3851 3368 ἐγίνετο.
3910 3300 4007 3353 Ὃν

2430 3400 2585 3468 ὑμεῖς
2616 3396 2966 3467 παρεδώκατε
2993 3399 3084 3450 καὶ
3108 3395 3419 3467 ἠρνήσασθε
3468 3394 3631 3448 αὑτὸν
3664 3393 3804 3446 κατὰ
3834 3394 4007 3462 πρόσ-

2426 3509 2575 3545 ωπον
2618 3490 2852 3543 Πιλάτου
2908 3489 3194 3557 κρίναντος
3223 3489 3433 3539 ἐκείνου
3490 3485 3768 3539 ἀπολύειν.
3801 3483 3908 3535 Δύο
3939 3482 4007 3534 τὰ

2427 3584 2773 3652 ἐγκλήματα·
2808 3582 2888 3633 ὅτι
2922 3580 3150 3643 nam;
3181 3579 3371 3649 ἢθελεν
3405 3576 3685 3639 ἀπολύειν,
3716 3575 4007 3643 ἄνθρωπος

2428 3675 2649 3743 Ἕλλην,
2685 3673 2852 3743 μηδὲν
2884 3675 3110 3740 σημεῖον
3156 3669 3299 3734 ίδὼν,
3344 3670 3544 3738 μηδένα
3576 3668 3683 3719 τῶν
3709 3665 4008 3735 προφητῶν

2425 3766 2679 3835 ἐγνωκώς
2707 3766 2922 3819 ’καὶότι
2942 3766 3119 3835 ὑμεῖς,
3138 3764 3378 3816 Ἰουδαῖοι
3408 3761 3579 3822 ὄντες,
3612 3760 3720 3821 τοῖς
3755 3758 4006 3827 σημείοις

2425 3858 2937 3928 ὲγκατατριὸέντες,
2957 3859 3077 3917 ταῖς
3110 3854 3204 3908 τοῦ
3245 3853 3476 3923 Χριστοῦ
3508 3850 3863 3921 προφητείαις
3884 3850 4007 3900 ἐνα-

2426 3949 2617 4020 σχολού
2627 3967 2774 4020 μενοι
2785 3952 2894 4013 ,ὲκε
2904 3949 3012 4001 ίνου
3025 3948 3270 4008 θέλοντος
3279 3944 3561 4007 ἀπολύειν,
3575 3947 3672 3996 οὐκ
3690 3941 4004 4011 ὲθελήσατε.

2424 4041 2528 4093 Τὸν
2555 4039 2709 4106 ἆγιον
2733 4040 2826 4091 καὶ
2847 4039 3050 4091 δίκαιον
3070 4037 3402 4107 ἠρνήσασθε,
3421 4036 3512 4087 καὶ
3537 4032 3813 4104 ᾐτήσασθε
3831 4031 4008 4099 ἄνδρα

2424 4130 2589 4199 φονέα
2615 4144 2629 4159 °
2669 4128 2839 4181 εἰπὼν
2861 4129 2938 4194 δὲ,
2968 4128 3049 4180 ὅτι
3088 4127 3229 4179 Ἀπ’
3262 4125 3427 4179 αὑτοῦ
3468 4123 3671 4195 λῃστὴν
3699 4120 4004 4192 ᾐτήσασθε,

2424 4223 2631 4291 σφόδρα
2659 4221 2895 4291 ἐδήλωσε
2925 4219 2986 4271 τὸ
3018 4220 3250 4289 πρᾶγμα
3275 4234 3291 4250 ο
3319 4217 3572 4269 Διίκνυσι
3629 4214 3737 4281 γὰρ
3781 4214 3865 4265 ὅτι
3907 4212 4011 4265 καὶ

2423 4312 2686 4381 ἠδύναντο
2724 4310 3003 4364 ἀπολύειν.
3032 4307 3094 4362 Et
3118 4309 3228 4379 γὰρ
3252 4308 3346 4360 τὸν
3379 4307 3605 4379 λῃστὴν,
3651 4304 3830 4371 πολλῷ
3865 4304 4009 4373 μᾶλ-

2428 4404 2517 4456 λον
2540 4403 2633 4455 τὸν
2657 4402 2918 4454 ἀναίτιον*
2950 4402 3000 4453 οἱ
3035 4401 3093 4452 δὲ
3115 4401 3208 4453 τὸν
3225 4400 3535 4468 κακοῦργον
3562 4398 3722 4467 μόνον
3748 4395 3968 4465 ὴθὼουν
3989 4412 4007 4426 ⁸

2423 4494 2517 4547 τὸν
2549 4493 2607 4545 δὲ
2635 4492 2937 4560 εὐεργέτην
2965 4490 3315 4543 ἀπέκτειναν.
3363 4489 3468 4540 Τὸν
3501 4487 3609 4557 γὰρ
3655 4486 3704 4518 ³⁸
3759 4484 4011 4555 ἀρχηγὸν

739 4583 840 4635 stis
862 4580 1035 4635 virum
1094 4581 1442 4635 homicidam.
1474 4582 1610 4635 Cum
1660 4582 1890 4637 dixisset
1941 4591 2122 4637 autem
2159 4602 2171 4637 :
2214 4584 2319 4638 Pro

2426 4589 2523 4656 τῆς
2551 4585 2715 4653 ζωῆς.
2750 4584 2811 4635 Et
2842 4584 2949 4652 γὰρ
2980 4581 3222 4653 ἀρχηγὸς
3255 4580 3354 4649 τῆς
3382 4579 3549 4648 ζωῆς,
3591 4578 3751 4635 αὐτὸς
3805 4575 4009 4631 ἑαυτὸν

741 4674 839 4729 illo
871 4672 1203 4726 homicidam
1236 4672 1491 4741 petiistis,
1521 4688 1632 4727 rem
1660 4675 1805 4728 clare
1824 4674 2317 4743 patefecit.Osten-

741 4765 825 4817 dit
853 4765 1022 4830 enim,
1071 4768 1237 4818 etiam
1288 4765 1531 4834 potuisse
1581 4766 1706 4820 illos
1759 4766 2078 4833 absolvere;
2117 4784 2240 4821 nam
2271 4771 2317 4823 si

742 4858 1034 4919 latronem,
1062 4857 1231 4910 multo
1262 4848 1435 4926 magis
1460 4857 1725 4911 insontem
1757 4874 1770 4910 :
1805 4867 1861 4911 at
1904 4858 1979 4912 illi
2008 4860 2315 4915 maleficum

739 4949 919 5003 solum
972 4948 1293 5013 liberarunt,
1355 4949 1758 5004 benefactorem
1796 4959 1975 5005 autem
2022 4952 2315 5007 interfece-

737 5050 889 5097 runt.
920 5042 1211 5095 Auctorem
1248 5050 1429 5096 autem
1464 5044 1604 5097 vitae.
1648 5043 1701 5098 Si
1733 5045 1877 5097 enim
1903 5054 2095 5098 auctor
2123 5058 2205 5101 est
2237 5047 2316 5099 vi-

739 5142 827 5194 tae,
865 5131 979 5200 ipse
1003 5146 1123 5185 sese
1158 5133 1527 5198 resuscitavit,
1563 5136 1765 5203 quippe
1806 5136 1855 5186 in
1912 5151 2031 5189 sese
2064 5138 2227 5189 vitam
2263 5146 2315 5191 ct

747 5224 873 5278 vitae
908 5239 1131 5277 causam
1162 5226 1390 5279 habens.
1425 5226 1595 5292 Cuius
1629 5228 1705 5280 rei
1738 5242 1836 5280 nos
1862 5235 2031 5281 testes
2088 5227 2197 5297 39
2220 5244 2307 5281 su-

743 5330 886 5369 mus.
942 5314 1084 5375 Non.
1143 5326 1287 5372 sicut
1331 5320 1501 5386 prius,
1528 5319 1592 5371 ad
1654 5320 1993 5387 protihetiam
2024 5321 2261 5388 confugit
2298 5340 2309 5373 :

743 5405 861 5466 sed,
900 5408 1155 5472 quoniam
1201 5407 1247 5459 ci
1280 5410 1389 5474 jam
1424 5408 1580 5459 fidem
1618 5408 1909 5467 habebant,
1946 5416 2147 5461 caelum
2181 5426 2313 5478 apo-

742 5497 1004 5549 stolorum
1051 5508 1216 5549 [Csles
1272 5499 1562 5565 producit:
1601 5499 1772 5565 Cujus
1822 5501 1895 5552 rei
1931 5515 2049 5560 nos,
2108 5500 2309 5568 inquit,

741 5600 932 5639 Burnus
966 5596 1149 5640 testes.
1184 5588 1539 5641 Conltrzuat'it
1565 5606 1626 5641 ac
1651 5590 1907 5653 restituit,
1947 5590 2188 5655 inquam,
2220 5607 2313 5642 llU-

2427 4679 2742 4747 ἀνέστησεν,
2764 4676 2838 4737 ὼς
2852 4678 2909 4728 ὲν
2940 4674 3117 4745 ἑαυτῷ
3138 4674 3277 4744 ἔχων
3297 4674 3395 4744 τὴν
3430 4672 3573 4742 ζωὴν
3590 4672 3683 4725 καὶ
3699 4671 3798 4738 τὴν
3818 4671 4008 4724 αἰτίαν

2425 4775 2523 4841 τῆς
2564 4764 2822 4837 ζωῆς.οὑ
2868 4770 3027 4837 ἡμεῖς
3068 4766 3345 4836 μάρτυρές
3378 4766 3563 4833 ἐσμεν.
3604 4762 4010 4833 Οὐκέτιῶσπερ

2426 4862 2692 4933 πρότερον
2721 4863 2801 4923 είς
2851 4859 3189 4929 προφητείαν
3219 4856 3553 4925 καταφεύγει
3581 4872 3594 4884 ’
3628 4854 3744 4909 ἀλλ’
3808 4854 4005 4925 ἐπειδὴ

2427 4958 2738 5023 ἀξιόπιστος
2769 4957 2951 5017 αὑτοῖς
2971 4950 3061 5023 ἦν,
3109 4954 3202 5006 τὸν
3236 4953 3393 5022 χορὸν
3449 4952 3689 5021 παράγει
3722 4949 3829 5002 τῶν
3858 4950 4004 5001 ἀπο-

2425 5051 2628 5103 στόλων
2648 5066 2662 5079 ⁸
2693 5043 2752 5102 οὗ
2781 5051 2963 5118 ἡμεῖς,
3002 5047 3187 5116 φησὶν,
3215 5045 3382 5115 ἐσμὲν
3439 5045 3713 5113 μάρτυρες
3738 5059 3751 5071 ·
3814 5040 4009 5093 Ἐστεο

2432 5142 2601 5211 ρέωσε
2650 5142 2712 5191 τὸ
2743 5141 2913 5209 ὄνομα
2943 5137 3131 5192 αὑτοῦ.
3164 5135 3369 5202 Εἰπὼν,
3393 5134 3491 5187 ἐπὶ
3522 5133 3595 5202 τῇ
3628 5136 3827 5185 πίστει
3890 5132 4008 5185 τοῦ

2425 5234 2709 5300 ὀνόματος
2737 5230 2924 5284 αὐτοῦ
2949 5247 2963 5261 ⁸
3001 5228 3190 5295 ἐπειδὴ
3221 5228 3364 5281 οὕτω
3386 5228 3682 5289 πιστεύσας
3706 5221 3772 5295 ἦν
3822 5225 3852 5275 ὁ
3902 5227 4004 5294 ὀρ-

2424 5322 2641 5387 θωθεὶς,
2673 5320 3149 5390 ἐπιδιορθούμενος
3173 5322 3265 5374 τὸν
3298 5320 3457 5387 λόγον
3504 5319 3656 5387 φησὶ,
3709 5317 3768 5367 τὸ
3819 5314 4004 5385 ὄνομα

2423 5411 2589 5463 αὑτοῦ
2620 5411 2953 5480 ἐστερέωσεν
2978 5410 3160 5464 αὑτόν.
3202 5408 3485 5470 Τουτέστι,
3532 5407 3583 5459 τί
3628 5406 3770 5472 λέγω
3798 5405 3880 5457 ὃτι
3909 5420 4007 5457 πι-

2427 5503 2659 5561 στεύσας
2687 5502 2779 5552 ἐπὶ
2816 5501 2879 5552 τὸ
2907 5500 3081 5569 ὄνομα
3104 5499 3269 5553 αὑτοῦ
3300 5496 3606 5567 ἐστερεώθη
3647 5514 3660 5559 ;
3700 5496 3805 5547 Καὶ
3855 5495 3999 5562 πρὶν

2423 5594 2454 5661 ἢ
2496 5595 2789 5654 πιστεύσας
2818 5593 2861 5622 ⁸⁷
2904 5595 2964 5645 τὸ
2985 5592 3155 5661 ὄνομα
3199 5591 3359 5661 μόνον
3420 5586 3714 5656 ἐπικληθὲν
3770 5585 4007 5651 ἐστερέι

1924 5725 2119 5784 Varia)
2153 5725 2461 5787 lectiones
2498 5734 2560 5787 et
2605 5734 2792 5787 notm.

816 5869 1119 5941 ’δῆνεγκεν
1217 5871 1610 5925 ⁸⁵⁷ίτ..ὠ;τὸ.
1687 5871 1960 5938 ⁸⁶ῑσ.,εὲ.

2040 5876 2085 5906 ’⁸⁷
2121 5876 2435 5940 πιστεῦσαι,
2465 5876 2549 5928 ἵσ.
