  <div class='ocr_page' id='page_1' title='image "/cluster/home/n/w/nwhite01/storage/ocr_20150623/125/nnc1.0046979794/286.png"; bbox 0 0 4184 6458; ppageno 0'>
   <div class='ocr_carea' id='block_1_1' title="bbox 145 433 3417 498">
    <p class='ocr_par' dir='ltr' id='par_1_1' title="bbox 145 433 3417 498">
     <span class='ocr_line' id='line_1_1' title="bbox 145 433 3417 498; baseline 0.001 -6"><span class='ocrx_word' id='word_1_1' title='bbox 145 433 246 494; x_wconf 69' lang='grc'>565</span> <span class='ocrx_word' id='word_1_2' title='bbox 870 435 1274 493; x_wconf 67' lang='grc' dir='ltr'><strong>ΕΧΡΟόΙἸῚΟ</strong></span> <span class='ocrx_word' id='word_1_3' title='bbox 1310 436 1385 493; x_wconf 82' lang='lat' dir='ltr'><strong>l.\&#39;</strong></span> <span class='ocrx_word' id='word_1_4' title='bbox 1432 435 1609 491; x_wconf 74' lang='lat' dir='ltr'><strong>.-\t2&#39;|’.\</strong></span> <span class='ocrx_word' id='word_1_5' title='bbox 1658 434 2231 496; x_wconf 71' lang='lat' dir='ltr'><strong>AI‘OS&#39;I‘ULUHUM.</strong></span> <span class='ocrx_word' id='word_1_6' title='bbox 2275 463 2328 470; x_wconf 91' lang='grc'><strong><em>-</em></strong></span> <span class='ocrx_word' id='word_1_7' title='bbox 2357 438 2513 497; x_wconf 78' lang='lat' dir='ltr'><strong>CAP.</strong></span> <span class='ocrx_word' id='word_1_8' title='bbox 2565 439 2673 498; x_wconf 81' lang='lat' dir='ltr'><strong>lli.</strong></span> <span class='ocrx_word' id='word_1_9' title='bbox 3313 436 3417 497; x_wconf 68' lang='lat' dir='ltr'><strong>tm</strong></span> 
     </span>
    </p>
   </div>
   <div class='ocr_carea' id='block_1_2' title="bbox 147 515 1748 616">
    <p class='ocr_par' dir='ltr' id='par_1_2' title="bbox 147 543 1734 615">
     <span class='ocr_line' id='line_1_2' title="bbox 147 543 1734 615; baseline 0.001 -21"><span class='ocrx_word' id='word_1_10' title='bbox 147 561 288 594; x_wconf 86' lang='grc' dir='ltr'><strong>ωσεν</strong></span> <span class='ocrx_word' id='word_1_11' title='bbox 321 546 516 596; x_wconf 69' lang='grc' dir='ltr'><strong>αιἰίόν.</strong></span> <span class='ocrx_word' id='word_1_12' title='bbox 559 543 842 614; x_wconf 80' lang='grc' dir='ltr'><strong>Τοσαύτην</strong></span> <span class='ocrx_word' id='word_1_13' title='bbox 876 544 990 614; x_wconf 77' lang='grc' dir='ltr'><strong>ἔχει</strong></span> <span class='ocrx_word' id='word_1_14' title='bbox 1022 544 1119 613; x_wconf 81' lang='grc' dir='ltr'><strong>τὴν</strong></span> <span class='ocrx_word' id='word_1_15' title='bbox 1156 546 1308 615; x_wconf 78' lang='grc' dir='ltr'><strong>ἰσχὺν</strong></span> <span class='ocrx_word' id='word_1_16' title='bbox 1356 545 1448 598; x_wconf 74' lang='grc' dir='ltr'><strong>καὶ</strong></span> <span class='ocrx_word' id='word_1_17' title='bbox 1497 545 1734 613; x_wconf 78' lang='grc' dir='ltr'><strong>πηγάζει</strong></span> 
     </span>
    </p>
   </div>
   <div class='ocr_carea' id='block_1_3' title="bbox 1851 515 3416 616">
    <p class='ocr_par' dir='ltr' id='par_1_3' title="bbox 1851 546 3416 616">
     <span class='ocr_line' id='line_1_3' title="bbox 1851 546 3416 616; baseline 0.003 -21"><span class='ocrx_word' id='word_1_18' title='bbox 1851 561 1962 596; x_wconf 76' lang='lat' dir='ltr'><strong>men</strong></span> <span class='ocrx_word' id='word_1_19' title='bbox 2000 546 2161 599; x_wconf 71' lang='lat' dir='ltr'><strong>illius.</strong></span> <span class='ocrx_word' id='word_1_20' title='bbox 2200 546 2333 598; x_wconf 69' lang='lat' dir='ltr'><strong>(Iunt</strong></span> <span class='ocrx_word' id='word_1_21' title='bbox 2390 547 2637 609; x_wconf 58' lang='lat' dir='ltr'><strong>dixisset,</strong></span> <span class='ocrx_word' id='word_1_22' title='bbox 2712 547 2935 614; x_wconf 80' lang='lat' dir='ltr'><strong>Propter</strong></span> <span class='ocrx_word' id='word_1_23' title='bbox 2987 551 3143 616; x_wconf 79' lang='lat' dir='ltr'><strong>[idem</strong></span> <span class='ocrx_word' id='word_1_24' title='bbox 3193 551 3416 603; x_wconf 71' lang='lat' dir='ltr'><strong>neminis</strong></span> 
     </span>
    </p>
   </div>
   <div class='ocr_carea' id='block_1_4' title="bbox 148 634 1738 708">
    <p class='ocr_par' dir='ltr' id='par_1_4' title="bbox 148 634 1738 708">
     <span class='ocr_line' id='line_1_4' title="bbox 148 634 1738 708; baseline 0.001 -23"><span class='ocrx_word' id='word_1_25' title='bbox 148 634 243 703; x_wconf 73' lang='grc' dir='ltr'><strong>τὴν</strong></span> <span class='ocrx_word' id='word_1_26' title='bbox 270 635 460 703; x_wconf 69' lang='grc' dir='ltr'><strong>χέριν.</strong></span> <span class='ocrx_word' id='word_1_27' title='bbox 492 637 600 687; x_wconf 73' lang='grc' dir='ltr'><strong>Καὶ</strong></span> <span class='ocrx_word' id='word_1_28' title='bbox 631 638 663 704; x_wconf 84' lang='grc' dir='ltr'>ὴ</span> <span class='ocrx_word' id='word_1_29' title='bbox 700 636 881 699; x_wconf 77' lang='grc' dir='ltr'><strong>πίστις</strong></span> <span class='ocrx_word' id='word_1_30' title='bbox 930 638 961 705; x_wconf 79' lang='grc' dir='ltr'>ἠ</span> <span class='ocrx_word' id='word_1_31' title='bbox 995 636 1063 687; x_wconf 84' lang='grc' dir='ltr'><strong>δι’</strong></span> <span class='ocrx_word' id='word_1_32' title='bbox 1092 636 1281 689; x_wconf 78' lang='grc' dir='ltr'><strong>αὐτοῦ.</strong></span> <span class='ocrx_word' id='word_1_33' title='bbox 1314 637 1409 698; x_wconf 81' lang='grc' dir='ltr'><strong>Τίς</strong></span> <span class='ocrx_word' id='word_1_34' title='bbox 1434 637 1488 689; x_wconf 81' lang='grc' dir='ltr'><strong>δέ</strong></span> <span class='ocrx_word' id='word_1_35' title='bbox 1524 642 1672 689; x_wconf 75' lang='grc' dir='ltr'><strong>ἐστιν</strong></span> <span class='ocrx_word' id='word_1_36' title='bbox 1705 641 1738 708; x_wconf 76' lang='grc' dir='ltr'><strong>ἡ</strong></span> 
     </span>
    </p>
   </div>
   <div class='ocr_carea' id='block_1_5' title="bbox 150 726 1734 799">
    <p class='ocr_par' dir='ltr' id='par_1_5' title="bbox 150 726 1734 799">
     <span class='ocr_line' id='line_1_5' title="bbox 150 726 1734 799; baseline 0.004 -25"><span class='ocrx_word' id='word_1_37' title='bbox 150 727 356 787; x_wconf 68' lang='grc' dir='ltr'><strong>πίστις,</strong></span> <span class='ocrx_word' id='word_1_38' title='bbox 389 727 422 793; x_wconf 79' lang='grc' dir='ltr'><strong>ἡ</strong></span> <span class='ocrx_word' id='word_1_39' title='bbox 457 726 525 777; x_wconf 75' lang='grc' dir='ltr'><strong>δι’</strong></span> <span class='ocrx_word' id='word_1_40' title='bbox 566 726 727 778; x_wconf 76' lang='grc' dir='ltr'><strong>αὑτὸν</strong></span> <span class='ocrx_word' id='word_1_41' title='bbox 759 726 1115 795; x_wconf 81' lang='grc' dir='ltr'><strong>κηρυχοεῖσα,</strong></span> <span class='ocrx_word' id='word_1_42' title='bbox 1177 727 1340 788; x_wconf 79' lang='grc' dir='ltr'><strong>αὐτὸς</strong></span> <span class='ocrx_word' id='word_1_43' title='bbox 1395 727 1689 799; x_wconf 75' lang='grc' dir='ltr'><strong>ἑρμηνεύει</strong></span> <span class='ocrx_word' id='word_1_44' title='bbox 1720 744 1734 759; x_wconf 89' lang='grc'><strong>·</strong></span> 
     </span>
    </p>
   </div>
   <div class='ocr_carea' id='block_1_6' title="bbox 149 815 1736 885">
    <p class='ocr_par' dir='ltr' id='par_1_6' title="bbox 149 815 1736 885">
     <span class='ocr_line' id='line_1_6' title="bbox 149 815 1736 885; baseline 0.002 -19"><span class='ocrx_word' id='word_1_45' title='bbox 149 818 233 866; x_wconf 75' lang='grc' dir='ltr'><strong>ἵνα</strong></span> <span class='ocrx_word' id='word_1_46' title='bbox 263 815 585 882; x_wconf 62' lang='grc' dir='ltr'><strong>γινώσκωσί</strong></span> <span class='ocrx_word' id='word_1_47' title='bbox 619 834 676 868; x_wconf 87' lang='grc' dir='ltr'><strong>σε</strong></span> <span class='ocrx_word' id='word_1_48' title='bbox 698 817 790 868; x_wconf 77' lang='grc' dir='ltr'><strong>τὸν</strong></span> <span class='ocrx_word' id='word_1_49' title='bbox 816 817 977 885; x_wconf 74' lang='grc' dir='ltr'><strong>μόνον</strong></span> <span class='ocrx_word' id='word_1_50' title='bbox 1008 816 1261 885; x_wconf 80' lang='grc' dir='ltr'><strong>ἀληθινὸν</strong></span> <span class='ocrx_word' id='word_1_51' title='bbox 1292 816 1424 869; x_wconf 82' lang='grc' dir='ltr'><strong>Θεόν</strong></span> <span class='ocrx_word' id='word_1_52' title='bbox 1451 834 1464 847; x_wconf 89' lang='grc'><strong>·</strong></span> <span class='ocrx_word' id='word_1_53' title='bbox 1524 817 1620 870; x_wconf 74' lang='grc' dir='ltr'><strong>καὶ</strong></span> <span class='ocrx_word' id='word_1_54' title='bbox 1678 818 1736 869; x_wconf 82' lang='grc' dir='ltr'><strong>ὃν</strong></span> 
     </span>
    </p>
   </div>
   <div class='ocr_carea' id='block_1_7' title="bbox 148 906 1739 979">
    <p class='ocr_par' dir='ltr' id='par_1_7' title="bbox 148 906 1739 979">
     <span class='ocr_line' id='line_1_7' title="bbox 148 906 1739 979; baseline 0.003 -22"><span class='ocrx_word' id='word_1_55' title='bbox 148 906 487 967; x_wconf 66' lang='grc' dir='ltr'><strong>οπέστειὶσς</strong></span> <span class='ocrx_word' id='word_1_56' title='bbox 532 906 764 977; x_wconf 76' lang='grc' dir='ltr'><strong>Ἰησοῦν.</strong></span> <span class='ocrx_word' id='word_1_57' title='bbox 799 909 918 959; x_wconf 76' lang='grc' dir='ltr'><strong>ἰνα</strong></span> <span class='ocrx_word' id='word_1_58' title='bbox 942 907 1052 977; x_wconf 77' lang='grc' dir='ltr'><strong>γὰρ</strong></span> <span class='ocrx_word' id='word_1_59' title='bbox 1089 909 1163 976; x_wconf 87' lang='grc' dir='ltr'><strong>μή</strong></span> <span class='ocrx_word' id='word_1_60' title='bbox 1196 925 1279 969; x_wconf 80' lang='grc' dir='ltr'><strong>τις</strong></span> <span class='ocrx_word' id='word_1_61' title='bbox 1310 910 1439 979; x_wconf 74' lang='grc' dir='ltr'><strong>εἴπῃ</strong></span> <span class='ocrx_word' id='word_1_62' title='bbox 1464 924 1479 940; x_wconf 76' lang='grc' dir='ltr'><strong>ο</strong></span> <span class='ocrx_word' id='word_1_63' title='bbox 1545 908 1739 961; x_wconf 78' lang='grc' dir='ltr'><strong>οὐκοῦν</strong></span> 
     </span>
    </p>
   </div>
   <div class='ocr_carea' id='block_1_8' title="bbox 148 999 1739 1070">
    <p class='ocr_par' dir='ltr' id='par_1_8' title="bbox 148 999 1739 1070">
     <span class='ocr_line' id='line_1_8' title="bbox 148 999 1739 1070; baseline 0.002 -20"><span class='ocrx_word' id='word_1_64' title='bbox 148 1000 248 1057; x_wconf 67' lang='grc' dir='ltr'><strong>κᾶν</strong></span> <span class='ocrx_word' id='word_1_65' title='bbox 270 999 507 1061; x_wconf 76' lang='grc' dir='ltr'><strong>ἄπιστος</strong></span> <span class='ocrx_word' id='word_1_66' title='bbox 532 1000 923 1067; x_wconf 75' lang='grc' dir='ltr'><strong>ἐπικαλέσηται</strong></span> <span class='ocrx_word' id='word_1_67' title='bbox 965 1000 1026 1053; x_wconf 82' lang='grc' dir='ltr'><strong>τὸ</strong></span> <span class='ocrx_word' id='word_1_68' title='bbox 1054 1002 1220 1070; x_wconf 79' lang='grc' dir='ltr'><strong>ὖνομα</strong></span> <span class='ocrx_word' id='word_1_69' title='bbox 1254 1000 1438 1067; x_wconf 79' lang='grc' dir='ltr'><strong>αὑτοῦ,</strong></span> <span class='ocrx_word' id='word_1_70' title='bbox 1495 1002 1597 1055; x_wconf 78' lang='grc' dir='ltr'><strong>κᾶν</strong></span> <span class='ocrx_word' id='word_1_71' title='bbox 1649 1003 1739 1055; x_wconf 73' lang='grc' dir='ltr'><strong>ἐπὶ</strong></span> 
     </span>
    </p>
   </div>
   <div class='ocr_carea' id='block_1_9' title="bbox 146 1086 1739 1163">
    <p class='ocr_par' dir='ltr' id='par_1_9' title="bbox 146 1086 1739 1163">
     <span class='ocr_line' id='line_1_9' title="bbox 146 1086 1739 1163; baseline 0.004 -24"><span class='ocrx_word' id='word_1_72' title='bbox 146 1091 421 1159; x_wconf 66' lang='grc' dir='ltr'><strong>Θεραπεία</strong></span> <span class='ocrx_word' id='word_1_73' title='bbox 477 1091 738 1153; x_wconf 73' lang='grc' dir='ltr'><strong>ἀπίστους</strong></span> <span class='ocrx_word' id='word_1_74' title='bbox 765 1091 813 1121; x_wconf 75' lang='grc'>⁸⁸</span> <span class='ocrx_word' id='word_1_75' title='bbox 838 1092 991 1143; x_wconf 72' lang='grc' dir='ltr'><strong>οὐδὲν</strong></span> <span class='ocrx_word' id='word_1_76' title='bbox 1048 1086 1210 1162; x_wconf 81' lang='grc' dir='ltr'><strong>ἦττον</strong></span> <span class='ocrx_word' id='word_1_77' title='bbox 1264 1095 1405 1155; x_wconf 80' lang='grc' dir='ltr'><strong>ἱασις</strong></span> <span class='ocrx_word' id='word_1_78' title='bbox 1449 1096 1739 1163; x_wconf 77' lang='grc' dir='ltr'><strong>προχωρή-</strong></span> 
     </span>
    </p>
   </div>
   <div class='ocr_carea' id='block_1_10' title="bbox 150 1180 1739 1254">
    <p class='ocr_par' dir='ltr' id='par_1_10' title="bbox 150 1180 1739 1254">
     <span class='ocr_line' id='line_1_10' title="bbox 150 1180 1739 1254; baseline 0.004 -23"><span class='ocrx_word' id='word_1_79' title='bbox 150 1197 251 1239; x_wconf 79' lang='grc' dir='ltr'><strong>σει,</strong></span> <span class='ocrx_word' id='word_1_80' title='bbox 279 1180 502 1251; x_wconf 64' lang='lat' dir='ltr'><strong>et:qu</strong></span> <span class='ocrx_word' id='word_1_81' title='bbox 536 1182 829 1252; x_wconf 71' lang='grc' dir='ltr'><strong>ἐπίκλησις</strong></span> <span class='ocrx_word' id='word_1_82' title='bbox 864 1184 999 1252; x_wconf 88' lang='grc' dir='ltr'><strong>μόνη</strong></span> <span class='ocrx_word' id='word_1_83' title='bbox 1030 1183 1123 1235; x_wconf 80' lang='grc' dir='ltr'><strong>τοῦ</strong></span> <span class='ocrx_word' id='word_1_84' title='bbox 1151 1184 1417 1253; x_wconf 75' lang='grc' dir='ltr'><strong>ὀνόματος</strong></span> <span class='ocrx_word' id='word_1_85' title='bbox 1471 1186 1739 1254; x_wconf 75' lang='grc' dir='ltr'><strong>ἐστερέω-</strong></span> 
     </span>
    </p>
   </div>
   <div class='ocr_carea' id='block_1_11' title="bbox 152 1268 1741 1345">
    <p class='ocr_par' dir='ltr' id='par_1_11' title="bbox 152 1268 1741 1345">
     <span class='ocr_line' id='line_1_11' title="bbox 152 1268 1741 1345; baseline 0.006 -24"><span class='ocrx_word' id='word_1_86' title='bbox 152 1287 260 1321; x_wconf 67' lang='grc' dir='ltr'><strong>σεν*</strong></span> <span class='ocrx_word' id='word_1_87' title='bbox 303 1272 395 1323; x_wconf 81' lang='grc' dir='ltr'><strong>ἶνα</strong></span> <span class='ocrx_word' id='word_1_88' title='bbox 418 1268 517 1325; x_wconf 77' lang='grc' dir='ltr'><strong>οὖν</strong></span> <span class='ocrx_word' id='word_1_89' title='bbox 564 1275 638 1344; x_wconf 77' lang='grc' dir='ltr'><strong>μή</strong></span> <span class='ocrx_word' id='word_1_90' title='bbox 668 1292 749 1336; x_wconf 88' lang='grc' dir='ltr'><strong>τις</strong></span> <span class='ocrx_word' id='word_1_91' title='bbox 774 1273 931 1327; x_wconf 80' lang='grc' dir='ltr'><strong>τοῦτο</strong></span> <span class='ocrx_word' id='word_1_92' title='bbox 952 1276 1104 1345; x_wconf 80' lang='grc' dir='ltr'><strong>εἴπῃ,</strong></span> <span class='ocrx_word' id='word_1_93' title='bbox 1138 1277 1405 1344; x_wconf 77' lang='grc' dir='ltr'><strong>ἐπήγαγε,</strong></span> <span class='ocrx_word' id='word_1_94' title='bbox 1439 1275 1538 1329; x_wconf 77' lang='grc' dir='ltr'><strong>καὶ</strong></span> <span class='ocrx_word' id='word_1_95' title='bbox 1575 1276 1613 1342; x_wconf 78' lang='grc' dir='ltr'>ἡ</span> <span class='ocrx_word' id='word_1_96' title='bbox 1642 1278 1741 1330; x_wconf 79' lang='grc' dir='ltr'><strong>πι-</strong></span> 
     </span>
    </p>
   </div>
   <div class='ocr_carea' id='block_1_12' title="bbox 150 1362 1742 1439">
    <p class='ocr_par' dir='ltr' id='par_1_12' title="bbox 150 1362 1742 1439">
     <span class='ocr_line' id='line_1_12' title="bbox 150 1362 1742 1439; baseline 0.007 -28"><span class='ocrx_word' id='word_1_97' title='bbox 150 1378 286 1426; x_wconf 75' lang='grc' dir='ltr'><strong>στις</strong></span> <span class='ocrx_word' id='word_1_98' title='bbox 311 1362 355 1429; x_wconf 78' lang='grc' dir='ltr'><strong>ἡ</strong></span> <span class='ocrx_word' id='word_1_99' title='bbox 382 1363 461 1415; x_wconf 77' lang='grc' dir='ltr'><strong>δι’</strong></span> <span class='ocrx_word' id='word_1_100' title='bbox 485 1365 694 1429; x_wconf 78' lang='grc' dir='ltr'><strong>αὑτοῦ,</strong></span> <span class='ocrx_word' id='word_1_101' title='bbox 725 1366 973 1419; x_wconf 78' lang='grc' dir='ltr'><strong>τουτέστι</strong></span> <span class='ocrx_word' id='word_1_102' title='bbox 995 1384 1009 1398; x_wconf 71' lang='grc'><strong><em>⁸</em></strong></span> <span class='ocrx_word' id='word_1_103' title='bbox 1038 1370 1181 1435; x_wconf 82' lang='grc' dir='ltr'><strong>μέγα</strong></span> <span class='ocrx_word' id='word_1_104' title='bbox 1209 1368 1309 1437; x_wconf 91' lang='grc' dir='ltr'><strong>μέν</strong></span> <span class='ocrx_word' id='word_1_105' title='bbox 1340 1368 1461 1420; x_wconf 77' lang='grc' dir='ltr'><strong>ἐστι</strong></span> <span class='ocrx_word' id='word_1_106' title='bbox 1487 1368 1547 1421; x_wconf 70' lang='grc' dir='ltr'><strong>τὸ</strong></span> <span class='ocrx_word' id='word_1_107' title='bbox 1570 1367 1742 1439; x_wconf 78' lang='grc' dir='ltr'><strong>ὄνομα</strong></span> 
     </span>
    </p>
   </div>
   <div class='ocr_carea' id='block_1_13' title="bbox 153 1454 1743 1525">
    <p class='ocr_par' dir='ltr' id='par_1_13' title="bbox 153 1454 1743 1525">
     <span class='ocr_line' id='line_1_13' title="bbox 153 1454 1743 1525; baseline 0.006 -22"><span class='ocrx_word' id='word_1_108' title='bbox 153 1454 246 1503; x_wconf 67' lang='grc' dir='ltr'><strong>καὶ</strong></span> <span class='ocrx_word' id='word_1_109' title='bbox 270 1454 515 1522; x_wconf 70' lang='grc' dir='ltr'><strong>φοδερὺν</strong></span> <span class='ocrx_word' id='word_1_110' title='bbox 538 1456 631 1507; x_wconf 76' lang='grc' dir='ltr'><strong>καὶ</strong></span> <span class='ocrx_word' id='word_1_111' title='bbox 658 1456 808 1525; x_wconf 75' lang='grc' dir='ltr'><strong>βρύει</strong></span> <span class='ocrx_word' id='word_1_112' title='bbox 844 1458 1017 1522; x_wconf 73' lang='grc' dir='ltr'><strong>ἰάσεις</strong></span> <span class='ocrx_word' id='word_1_113' title='bbox 1043 1475 1055 1489; x_wconf 89' lang='grc'><strong>·</strong></span> <span class='ocrx_word' id='word_1_114' title='bbox 1081 1458 1217 1511; x_wconf 83' lang='grc' dir='ltr'>ἀλλὰ</span> <span class='ocrx_word' id='word_1_115' title='bbox 1267 1460 1438 1512; x_wconf 78' lang='grc' dir='ltr'><strong>δεῖται</strong></span> <span class='ocrx_word' id='word_1_116' title='bbox 1493 1461 1588 1513; x_wconf 72' lang='grc' dir='ltr'><strong>καὶ</strong></span> <span class='ocrx_word' id='word_1_117' title='bbox 1637 1460 1743 1524; x_wconf 74' lang='grc' dir='ltr'><strong>ψυ-</strong></span> 
     </span>
    </p>
   </div>
   <div class='ocr_carea' id='block_1_14' title="bbox 152 1544 1742 1623">
    <p class='ocr_par' dir='ltr' id='par_1_14' title="bbox 152 1544 1742 1623">
     <span class='ocr_line' id='line_1_14' title="bbox 152 1544 1742 1623; baseline 0.007 -29"><span class='ocrx_word' id='word_1_118' title='bbox 152 1544 257 1611; x_wconf 79' lang='grc' dir='ltr'><strong>χῶν</strong></span> <span class='ocrx_word' id='word_1_119' title='bbox 277 1544 612 1613; x_wconf 74' lang='grc' dir='ltr'><strong>δυναμένων</strong></span> <span class='ocrx_word' id='word_1_120' title='bbox 642 1547 940 1618; x_wconf 81' lang='grc' dir='ltr'><strong>ἀξιωθῆναι</strong></span> <span class='ocrx_word' id='word_1_121' title='bbox 967 1548 1064 1618; x_wconf 82' lang='grc' dir='ltr'><strong>τῆς</strong></span> <span class='ocrx_word' id='word_1_122' title='bbox 1096 1551 1336 1619; x_wconf 82' lang='grc' dir='ltr'><strong>χάριτος,</strong></span> <span class='ocrx_word' id='word_1_123' title='bbox 1355 1552 1449 1604; x_wconf 74' lang='grc' dir='ltr'><strong>καὶ</strong></span> <span class='ocrx_word' id='word_1_124' title='bbox 1470 1553 1742 1623; x_wconf 72' lang='grc' dir='ltr'><strong>πρεσϐευο</strong></span> 
     </span>
    </p>
   </div>
   <div class='ocr_carea' id='block_1_15' title="bbox 148 1634 1738 1712">
    <p class='ocr_par' dir='ltr' id='par_1_15' title="bbox 148 1634 1738 1712">
     <span class='ocr_line' id='line_1_15' title="bbox 148 1634 1738 1712; baseline 0.008 -27"><span class='ocrx_word' id='word_1_125' title='bbox 148 1634 255 1686; x_wconf 82' lang='grc' dir='ltr'><strong>τῶν</strong></span> <span class='ocrx_word' id='word_1_126' title='bbox 288 1637 503 1688; x_wconf 76' lang='grc' dir='ltr'><strong>ἱκανῶν</strong></span> <span class='ocrx_word' id='word_1_127' title='bbox 536 1637 867 1692; x_wconf 79' lang='grc' dir='ltr'><strong>ἰλεὼσασθαι</strong></span> <span class='ocrx_word' id='word_1_128' title='bbox 930 1641 1022 1693; x_wconf 80' lang='grc' dir='ltr'><strong>τὸν</strong></span> <span class='ocrx_word' id='word_1_129' title='bbox 1051 1642 1285 1712; x_wconf 83' lang='grc' dir='ltr'><strong>χορηγὸν</strong></span> <span class='ocrx_word' id='word_1_130' title='bbox 1348 1644 1457 1695; x_wconf 84' lang='grc' dir='ltr'><strong>τῶν</strong></span> <span class='ocrx_word' id='word_1_131' title='bbox 1526 1643 1738 1697; x_wconf 81' lang='grc' dir='ltr'><strong>ῑάσεων.</strong></span> 
     </span>
    </p>
   </div>
   <div class='ocr_carea' id='block_1_16' title="bbox 160 1727 1742 1807">
    <p class='ocr_par' dir='ltr' id='par_1_16' title="bbox 160 1727 1742 1807">
     <span class='ocr_line' id='line_1_16' title="bbox 160 1727 1742 1807; baseline 0.008 -29"><span class='ocrx_word' id='word_1_132' title='bbox 160 1727 432 1781; x_wconf 76' lang='grc' dir='ltr'><strong>Ἀπίστου</strong></span> <span class='ocrx_word' id='word_1_133' title='bbox 465 1729 576 1799; x_wconf 80' lang='grc' dir='ltr'><strong>γὰρ</strong></span> <span class='ocrx_word' id='word_1_134' title='bbox 631 1731 916 1801; x_wconf 80' lang='grc' dir='ltr'><strong>μέλλοντος</strong></span> <span class='ocrx_word' id='word_1_135' title='bbox 1001 1735 1187 1803; x_wconf 88' lang='grc' dir='ltr'><strong>μένειν</strong></span> <span class='ocrx_word' id='word_1_136' title='bbox 1243 1734 1339 1789; x_wconf 82' lang='grc' dir='ltr'><strong>τοῦ</strong></span> <span class='ocrx_word' id='word_1_137' title='bbox 1388 1738 1486 1807; x_wconf 81' lang='grc' dir='ltr'><strong>τῆς</strong></span> <span class='ocrx_word' id='word_1_138' title='bbox 1544 1738 1742 1801; x_wconf 77' lang='grc' dir='ltr'><strong>ἰάσεως</strong></span> 
     </span>
    </p>
   </div>
   <div class='ocr_carea' id='block_1_17' title="bbox 147 1816 1741 1890">
    <p class='ocr_par' dir='ltr' id='par_1_17' title="bbox 147 1816 1741 1890">
     <span class='ocr_line' id='line_1_17' title="bbox 147 1816 1741 1890; baseline 0.009 -23"><span class='ocrx_word' id='word_1_139' title='bbox 147 1816 437 1885; x_wconf 73' lang='grc' dir='ltr'><strong>δεσμένου,</strong></span> <span class='ocrx_word' id='word_1_140' title='bbox 484 1819 587 1871; x_wconf 75' lang='grc' dir='ltr'><strong>οὐκ</strong></span> <span class='ocrx_word' id='word_1_141' title='bbox 614 1821 679 1873; x_wconf 78' lang='grc' dir='ltr'><strong>ἂν</strong></span> <span class='ocrx_word' id='word_1_142' title='bbox 720 1821 894 1886; x_wconf 82' lang='grc' dir='ltr'><strong>οὕτως</strong></span> <span class='ocrx_word' id='word_1_143' title='bbox 952 1824 1145 1888; x_wconf 81' lang='grc' dir='ltr'>ἁπλῶς</span> <span class='ocrx_word' id='word_1_144' title='bbox 1198 1826 1341 1890; x_wconf 74' lang='grc' dir='ltr'><strong>ἴασις</strong></span> <span class='ocrx_word' id='word_1_145' title='bbox 1402 1827 1593 1881; x_wconf 80' lang='grc' dir='ltr'><strong>ἔσται·</strong></span> <span class='ocrx_word' id='word_1_146' title='bbox 1648 1830 1741 1881; x_wconf 72' lang='grc' dir='ltr'><strong>καὶ</strong></span> 
     </span>
    </p>
   </div>
   <div class='ocr_carea' id='block_1_18' title="bbox 148 1906 1742 1985">
    <p class='ocr_par' dir='ltr' id='par_1_18' title="bbox 148 1906 1742 1985">
     <span class='ocr_line' id='line_1_18' title="bbox 148 1906 1742 1985; baseline 0.008 -26"><span class='ocrx_word' id='word_1_147' title='bbox 148 1906 253 1961; x_wconf 72' lang='grc' dir='ltr'><strong>ὐπὸ</strong></span> <span class='ocrx_word' id='word_1_148' title='bbox 275 1909 536 1961; x_wconf 73' lang='grc' dir='ltr'><strong>ἀπίστων</strong></span> <span class='ocrx_word' id='word_1_149' title='bbox 566 1910 627 1962; x_wconf 86' lang='grc' dir='ltr'><strong>τδ</strong></span> <span class='ocrx_word' id='word_1_150' title='bbox 668 1911 841 1983; x_wconf 73' lang='grc' dir='ltr'><strong>ὄνομα</strong></span> <span class='ocrx_word' id='word_1_151' title='bbox 902 1915 1359 1985; x_wconf 71' lang='grc' dir='ltr'><strong>ἐπικαλοῦμενον,</strong></span> <span class='ocrx_word' id='word_1_152' title='bbox 1398 1918 1499 1973; x_wconf 80' lang='grc' dir='ltr'><strong>οὐκ</strong></span> <span class='ocrx_word' id='word_1_153' title='bbox 1565 1919 1632 1973; x_wconf 84' lang='grc' dir='ltr'><strong>ἂν</strong></span> <span class='ocrx_word' id='word_1_154' title='bbox 1682 1918 1742 1971; x_wconf 82' lang='grc' dir='ltr'><strong>τδ</strong></span> 
     </span>
    </p>
   </div>
   <div class='ocr_carea' id='block_1_19' title="bbox 149 2001 1747 2082">
    <p class='ocr_par' dir='ltr' id='par_1_19' title="bbox 149 2001 1747 2082">
     <span class='ocr_line' id='line_1_19' title="bbox 149 2001 1747 2082; baseline 0.009 -32"><span class='ocrx_word' id='word_1_155' title='bbox 149 2001 357 2053; x_wconf 72' lang='grc' dir='ltr'><strong>οἰκεῖον</strong></span> <span class='ocrx_word' id='word_1_156' title='bbox 406 2005 687 2075; x_wconf 77' lang='grc' dir='ltr'><strong>ὲνεργήσῃ</strong></span> <span class='ocrx_word' id='word_1_157' title='bbox 714 2018 728 2034; x_wconf 84' lang='lat'><strong><em>°</em></strong></span> <span class='ocrx_word' id='word_1_158' title='bbox 771 2006 865 2059; x_wconf 76' lang='grc' dir='ltr'><strong>καὶ</strong></span> <span class='ocrx_word' id='word_1_159' title='bbox 902 2007 1012 2077; x_wconf 80' lang='grc' dir='ltr'><strong>μὴν</strong></span> <span class='ocrx_word' id='word_1_160' title='bbox 1048 2009 1096 2062; x_wconf 75' lang='lat' dir='ltr'><strong>ot</strong></span> <span class='ocrx_word' id='word_1_161' title='bbox 1152 2011 1259 2064; x_wconf 76' lang='grc' dir='ltr'><strong>υἱοὶ</strong></span> <span class='ocrx_word' id='word_1_162' title='bbox 1296 2012 1475 2065; x_wconf 81' lang='grc' dir='ltr'><strong>Σκευᾶ</strong></span> <span class='ocrx_word' id='word_1_163' title='bbox 1497 2012 1556 2064; x_wconf 81' lang='grc' dir='ltr'><strong>οὐ</strong></span> <span class='ocrx_word' id='word_1_164' title='bbox 1587 2012 1747 2082; x_wconf 74' lang='grc' dir='ltr'><strong>μόνον</strong></span> 
     </span>
    </p>
   </div>
   <div class='ocr_carea' id='block_1_20' title="bbox 152 2091 1743 2172">
    <p class='ocr_par' dir='ltr' id='par_1_20' title="bbox 152 2091 1743 2172">
     <span class='ocr_line' id='line_1_20' title="bbox 152 2091 1743 2172; baseline 0.009 -29"><span class='ocrx_word' id='word_1_165' title='bbox 152 2091 346 2155; x_wconf 70' lang='grc' dir='ltr'><strong>ἀλλους</strong></span> <span class='ocrx_word' id='word_1_166' title='bbox 374 2096 481 2145; x_wconf 73' lang='grc' dir='ltr'><strong>οὐκ</strong></span> <span class='ocrx_word' id='word_1_167' title='bbox 511 2096 828 2164; x_wconf 79' lang='grc' dir='ltr'><strong>ὠφέλησαν,</strong></span> <span class='ocrx_word' id='word_1_168' title='bbox 855 2098 989 2152; x_wconf 79' lang='grc' dir='ltr'><strong>ἀλλὰ</strong></span> <span class='ocrx_word' id='word_1_169' title='bbox 1019 2102 1113 2154; x_wconf 75' lang='grc' dir='ltr'><strong>καὶ</strong></span> <span class='ocrx_word' id='word_1_170' title='bbox 1146 2102 1373 2165; x_wconf 79' lang='grc' dir='ltr'><strong>ἑαυτοὺς</strong></span> <span class='ocrx_word' id='word_1_171' title='bbox 1412 2103 1743 2172; x_wconf 71' lang='grc' dir='ltr'><strong>ἐζημίωσαν.</strong></span> 
     </span>
    </p>
   </div>
   <div class='ocr_carea' id='block_1_21' title="bbox 152 2183 1741 2265">
    <p class='ocr_par' dir='ltr' id='par_1_21' title="bbox 152 2183 1741 2265">
     <span class='ocr_line' id='line_1_21' title="bbox 152 2183 1741 2265; baseline 0.009 -30"><span class='ocrx_word' id='word_1_172' title='bbox 152 2183 314 2237; x_wconf 81' lang='grc' dir='ltr'><strong>οὕτω</strong></span> <span class='ocrx_word' id='word_1_173' title='bbox 349 2187 453 2255; x_wconf 82' lang='grc' dir='ltr'><strong>μὲν</strong></span> <span class='ocrx_word' id='word_1_174' title='bbox 499 2189 683 2257; x_wconf 61' lang='grc' dir='ltr'><strong>ἡμεῖς.</strong></span> <span class='ocrx_word' id='word_1_175' title='bbox 738 2190 955 2262; x_wconf 83' lang='grc' dir='ltr'><strong>’Έτεροι</strong></span> <span class='ocrx_word' id='word_1_176' title='bbox 1006 2192 1063 2245; x_wconf 78' lang='grc' dir='ltr'><strong>δὲ</strong></span> <span class='ocrx_word' id='word_1_177' title='bbox 1134 2192 1305 2257; x_wconf 70' lang='grc' dir='ltr'><strong>οὕτως</strong></span> <span class='ocrx_word' id='word_1_178' title='bbox 1361 2196 1741 2265; x_wconf 76' lang='grc' dir='ltr'><strong>ἐξηγήσαντο·</strong></span> 
     </span>
    </p>
   </div>
   <div class='ocr_carea' id='block_1_22' title="bbox 150 2275 1745 2359">
    <p class='ocr_par' dir='ltr' id='par_1_22' title="bbox 150 2275 1745 2359">
     <span class='ocr_line' id='line_1_22' title="bbox 150 2275 1745 2359; baseline 0.009 -32"><span class='ocrx_word' id='word_1_179' title='bbox 150 2275 257 2328; x_wconf 75' lang='grc' dir='ltr'><strong>Καὶ</strong></span> <span class='ocrx_word' id='word_1_180' title='bbox 286 2278 402 2345; x_wconf 81' lang='grc' dir='ltr'><strong>μὴν</strong></span> <span class='ocrx_word' id='word_1_181' title='bbox 422 2280 461 2346; x_wconf 78' lang='grc' dir='ltr'><strong>ἠ</strong></span> <span class='ocrx_word' id='word_1_182' title='bbox 491 2279 672 2343; x_wconf 73' lang='grc' dir='ltr'><strong>πίστις</strong></span> <span class='ocrx_word' id='word_1_183' title='bbox 706 2283 738 2351; x_wconf 71' lang='grc' dir='ltr'>ἡ</span> <span class='ocrx_word' id='word_1_184' title='bbox 767 2283 904 2352; x_wconf 82' lang='grc' dir='ltr'><strong>αὐτή</strong></span> <span class='ocrx_word' id='word_1_185' title='bbox 934 2284 1082 2337; x_wconf 72' lang='grc' dir='ltr'><strong>ἐστιν</strong></span> <span class='ocrx_word' id='word_1_186' title='bbox 1116 2286 1149 2344; x_wconf 81' lang='grc' dir='ltr'><strong>ἡ</strong></span> <span class='ocrx_word' id='word_1_187' title='bbox 1177 2286 1335 2340; x_wconf 83' lang='grc' dir='ltr'><strong>τοῦτο</strong></span> <span class='ocrx_word' id='word_1_188' title='bbox 1363 2288 1745 2359; x_wconf 82' lang='grc' dir='ltr'><strong>ἐργασαμένη⁶</strong></span> 
     </span>
    </p>
   </div>
   <div class='ocr_carea' id='block_1_23' title="bbox 152 2368 1743 2449">
    <p class='ocr_par' dir='ltr' id='par_1_23' title="bbox 152 2368 1743 2449">
     <span class='ocr_line' id='line_1_23' title="bbox 152 2368 1743 2449; baseline 0.009 -31"><span class='ocrx_word' id='word_1_189' title='bbox 152 2370 211 2419; x_wconf 71' lang='grc' dir='ltr'><strong>οὐ</strong></span> <span class='ocrx_word' id='word_1_190' title='bbox 240 2370 349 2438; x_wconf 71' lang='grc' dir='ltr'><strong>γὰρ</strong></span> <span class='ocrx_word' id='word_1_191' title='bbox 404 2368 552 2435; x_wconf 80' lang='grc' dir='ltr'><strong>εἷπε,</strong></span> <span class='ocrx_word' id='word_1_192' title='bbox 588 2373 687 2424; x_wconf 86' lang='grc' dir='ltr'><strong>Διά</strong></span> <span class='ocrx_word' id='word_1_193' title='bbox 705 2373 800 2426; x_wconf 75' lang='grc' dir='ltr'><strong>τοῦ</strong></span> <span class='ocrx_word' id='word_1_194' title='bbox 826 2374 1108 2443; x_wconf 83' lang='grc' dir='ltr'><strong>ὀνόματος,</strong></span> <span class='ocrx_word' id='word_1_195' title='bbox 1144 2377 1257 2432; x_wconf 84' lang='grc' dir='ltr'><strong>ἀλλ’</strong></span> <span class='ocrx_word' id='word_1_196' title='bbox 1287 2380 1344 2431; x_wconf 83' lang='grc' dir='ltr'><strong>ὲν</strong></span> <span class='ocrx_word' id='word_1_197' title='bbox 1373 2379 1449 2448; x_wconf 84' lang='grc' dir='ltr'><strong>τῷ</strong></span> <span class='ocrx_word' id='word_1_198' title='bbox 1478 2380 1703 2449; x_wconf 84' lang='grc' dir='ltr'><strong>ὀνόματι</strong></span> <span class='ocrx_word' id='word_1_199' title='bbox 1732 2396 1743 2407; x_wconf 84' lang='lat'><strong>&#39;</strong></span> 
     </span>
    </p>
   </div>
   <div class='ocr_carea' id='block_1_24' title="bbox 152 2460 1745 2535">
    <p class='ocr_par' dir='ltr' id='par_1_24' title="bbox 152 2460 1745 2535">
     <span class='ocr_line' id='line_1_24' title="bbox 152 2460 1745 2535; baseline 0.027 -26"><span class='ocrx_word' id='word_1_200' title='bbox 152 2460 452 2513; x_wconf 45' lang='lat' dir='ltr'><strong>autem</strong></span> <span class='ocrx_word' id='word_1_201' title='bbox 498 2464 767 2535; x_wconf 67' lang='grc' dir='ltr'><strong>ὲθάρῤουν</strong></span> <span class='ocrx_word' id='word_1_202' title='bbox 802 2468 1010 2520; x_wconf 71' lang='grc' dir='ltr'><strong>εἰπεῖν·</strong></span> <span class='ocrx_word' id='word_1_203' title='bbox 1057 2470 1125 2522; x_wconf 83' lang='grc' dir='ltr'>Ἥ</span> <span class='ocrx_word' id='word_1_204' title='bbox 1174 2472 1253 2533; x_wconf 71' lang='grc' dir='ltr'><strong>εἰς</strong></span> <span class='ocrx_word' id='word_1_205' title='bbox 1311 2471 1472 2523; x_wconf 72' lang='grc' dir='ltr'><strong>αὖτδν</strong></span> <span class='ocrx_word' id='word_1_206' title='bbox 1527 2472 1745 2534; x_wconf 61' lang='grc' dir='ltr'><strong>πίστις’</strong></span> 
     </span>
    </p>
   </div>
   <div class='ocr_carea' id='block_1_25' title="bbox 155 2554 1750 2636">
    <p class='ocr_par' dir='ltr' id='par_1_25' title="bbox 155 2554 1750 2636">
     <span class='ocr_line' id='line_1_25' title="bbox 155 2554 1750 2636; baseline 0.01 -34"><span class='ocrx_word' id='word_1_207' title='bbox 155 2554 239 2603; x_wconf 76' lang='grc' dir='ltr'><strong>ἵνα</strong></span> <span class='ocrx_word' id='word_1_208' title='bbox 297 2554 357 2606; x_wconf 72' lang='grc' dir='ltr'><strong>δὲ</strong></span> <span class='ocrx_word' id='word_1_209' title='bbox 423 2555 501 2625; x_wconf 82' lang='grc' dir='ltr'><strong>μὴ</strong></span> <span class='ocrx_word' id='word_1_210' title='bbox 526 2558 607 2621; x_wconf 69' lang='grc' dir='ltr'><strong>τὸ,</strong></span> <span class='ocrx_word' id='word_1_211' title='bbox 631 2558 699 2609; x_wconf 83' lang='grc' dir='ltr'><strong>δι’</strong></span> <span class='ocrx_word' id='word_1_212' title='bbox 730 2559 917 2625; x_wconf 76' lang='grc' dir='ltr'><strong>αὑτοῦ,</strong></span> <span class='ocrx_word' id='word_1_213' title='bbox 948 2563 1229 2624; x_wconf 80' lang='grc' dir='ltr'><strong>παντελῶς</strong></span> <span class='ocrx_word' id='word_1_214' title='bbox 1340 2565 1618 2628; x_wconf 71' lang='grc' dir='ltr'><strong>ταπεινὸν,</strong></span> <span class='ocrx_word' id='word_1_215' title='bbox 1652 2568 1750 2617; x_wconf 79' lang='grc' dir='ltr'><strong>ἐπ-</strong></span> 
     </span>
    </p>
   </div>
   <div class='ocr_carea' id='block_1_26' title="bbox 157 2648 1751 2727">
    <p class='ocr_par' dir='ltr' id='par_1_26' title="bbox 157 2648 1751 2727">
     <span class='ocr_line' id='line_1_26' title="bbox 157 2648 1751 2727; baseline 0.008 -30"><span class='ocrx_word' id='word_1_216' title='bbox 157 2648 366 2714; x_wconf 73' lang='grc' dir='ltr'><strong>ήγαγεο</strong></span> <span class='ocrx_word' id='word_1_217' title='bbox 398 2649 496 2700; x_wconf 72' lang='grc' dir='ltr'><strong>καὶ</strong></span> <span class='ocrx_word' id='word_1_218' title='bbox 527 2651 587 2701; x_wconf 82' lang='grc' dir='ltr'><strong>τὸ</strong></span> <span class='ocrx_word' id='word_1_219' title='bbox 599 2652 776 2720; x_wconf 76' lang='grc' dir='ltr'><strong>ὄνομα</strong></span> <span class='ocrx_word' id='word_1_220' title='bbox 788 2652 954 2704; x_wconf 78' lang='grc' dir='ltr'><strong>αὑτοῦ</strong></span> <span class='ocrx_word' id='word_1_221' title='bbox 977 2655 1307 2722; x_wconf 79' lang='grc' dir='ltr'><strong>ἐστερέωσεν</strong></span> <span class='ocrx_word' id='word_1_222' title='bbox 1332 2656 1513 2709; x_wconf 75' lang='grc' dir='ltr'><strong>αὐτόν.</strong></span> <span class='ocrx_word' id='word_1_223' title='bbox 1533 2658 1751 2727; x_wconf 73' lang='grc' dir='ltr'><strong>Ἐπειδὴ</strong></span> 
     </span>
    </p>
   </div>
   <div class='ocr_carea' id='block_1_27' title="bbox 154 2737 1752 2816">
    <p class='ocr_par' dir='ltr' id='par_1_27' title="bbox 154 2737 1752 2816">
     <span class='ocr_line' id='line_1_27' title="bbox 154 2737 1752 2816; baseline 0.007 -28"><span class='ocrx_word' id='word_1_224' title='bbox 154 2737 207 2788; x_wconf 73' lang='grc' dir='ltr'><strong>δὲ</strong></span> <span class='ocrx_word' id='word_1_225' title='bbox 240 2739 536 2791; x_wconf 73' lang='grc' dir='ltr'><strong>καὶτοῦτο</strong></span> <span class='ocrx_word' id='word_1_226' title='bbox 582 2742 745 2793; x_wconf 78' lang='grc' dir='ltr'><strong>πάλιν</strong></span> <span class='ocrx_word' id='word_1_227' title='bbox 782 2743 985 2812; x_wconf 76' lang='grc' dir='ltr'><strong>ὑψηλὸν</strong></span> <span class='ocrx_word' id='word_1_228' title='bbox 1029 2745 1121 2795; x_wconf 82' lang='grc' dir='ltr'><strong>καὶ</strong></span> <span class='ocrx_word' id='word_1_229' title='bbox 1158 2746 1364 2797; x_wconf 79' lang='grc' dir='ltr'><strong>τέλειον</strong></span> <span class='ocrx_word' id='word_1_230' title='bbox 1416 2742 1504 2816; x_wconf 83' lang='grc' dir='ltr'><strong>ἦν.</strong></span> <span class='ocrx_word' id='word_1_231' title='bbox 1542 2747 1752 2816; x_wconf 63' lang='grc' dir='ltr'><strong>ἐκύρω-</strong></span> 
     </span>
    </p>
   </div>
   <div class='ocr_carea' id='block_1_28' title="bbox 156 2830 1749 2905">
    <p class='ocr_par' dir='ltr' id='par_1_28' title="bbox 156 2830 1749 2905">
     <span class='ocr_line' id='line_1_28' title="bbox 156 2830 1749 2905; baseline 0.006 -26"><span class='ocrx_word' id='word_1_232' title='bbox 156 2845 246 2881; x_wconf 77' lang='grc' dir='ltr'><strong>σεν</strong></span> <span class='ocrx_word' id='word_1_233' title='bbox 310 2830 449 2882; x_wconf 70' lang='grc' dir='ltr'><strong>αὐτὸ</strong></span> <span class='ocrx_word' id='word_1_234' title='bbox 481 2832 778 2899; x_wconf 82' lang='grc' dir='ltr'><strong>ἐπαγαγών</strong></span> <span class='ocrx_word' id='word_1_235' title='bbox 804 2852 817 2864; x_wconf 90' lang='grc'><strong>·</strong></span> <span class='ocrx_word' id='word_1_236' title='bbox 849 2835 968 2888; x_wconf 71' lang='grc' dir='ltr'><strong>’Καὶ</strong></span> <span class='ocrx_word' id='word_1_237' title='bbox 1004 2836 1043 2902; x_wconf 78' lang='grc' dir='ltr'><strong><em>ὴ</em></strong></span> <span class='ocrx_word' id='word_1_238' title='bbox 1078 2838 1282 2899; x_wconf 77' lang='grc' dir='ltr'><strong>πίστις</strong></span> <span class='ocrx_word' id='word_1_239' title='bbox 1342 2839 1381 2905; x_wconf 75' lang='grc' dir='ltr'>ἡ</span> <span class='ocrx_word' id='word_1_240' title='bbox 1422 2838 1497 2891; x_wconf 78' lang='grc' dir='ltr'><strong>δι’</strong></span> <span class='ocrx_word' id='word_1_241' title='bbox 1540 2839 1749 2901; x_wconf 83' lang='grc' dir='ltr'><strong>αὑτοῦ,</strong></span> 
     </span>
    </p>
   </div>
   <div class='ocr_carea' id='block_1_29' title="bbox 151 2921 1753 2996">
    <p class='ocr_par' dir='ltr' id='par_1_29' title="bbox 151 2921 1753 2996">
     <span class='ocr_line' id='line_1_29' title="bbox 151 2921 1753 2996; baseline 0.007 -27"><span class='ocrx_word' id='word_1_242' title='bbox 151 2923 397 2971; x_wconf 80' lang='grc' dir='ltr'><strong>ταπεινὰ</strong></span> <span class='ocrx_word' id='word_1_243' title='bbox 448 2921 677 2989; x_wconf 77' lang='grc' dir='ltr'><strong>ὑψηλοῖς</strong></span> <span class='ocrx_word' id='word_1_244' title='bbox 708 2925 1015 2994; x_wconf 75' lang='grc' dir='ltr'><strong>ἀναμιγνύς</strong></span> <span class='ocrx_word' id='word_1_245' title='bbox 1043 2942 1056 2955; x_wconf 89' lang='grc'>·</span> <span class='ocrx_word' id='word_1_246' title='bbox 1085 2925 1152 2978; x_wconf 84' lang='grc' dir='ltr'><strong>τὰ</strong></span> <span class='ocrx_word' id='word_1_247' title='bbox 1185 2928 1283 2995; x_wconf 81' lang='grc' dir='ltr'><strong>μὲν</strong></span> <span class='ocrx_word' id='word_1_248' title='bbox 1306 2930 1371 2996; x_wconf 80' lang='grc' dir='ltr'><strong>τῇ</strong></span> <span class='ocrx_word' id='word_1_249' title='bbox 1405 2928 1566 2994; x_wconf 76' lang='grc' dir='ltr'><strong>φύσει</strong></span> <span class='ocrx_word' id='word_1_250' title='bbox 1597 2928 1641 2959; x_wconf 78' lang='grc'><strong>⁸³</strong></span> <span class='ocrx_word' id='word_1_251' title='bbox 1664 2929 1753 2980; x_wconf 87' lang='grc' dir='ltr'><strong>νέ-</strong></span> 
     </span>
    </p>
   </div>
   <div class='ocr_carea' id='block_1_30' title="bbox 155 3010 1750 3087">
    <p class='ocr_par' dir='ltr' id='par_1_30' title="bbox 155 3010 1750 3087">
     <span class='ocr_line' id='line_1_30' title="bbox 155 3010 1750 3087; baseline 0.006 -27"><span class='ocrx_word' id='word_1_252' title='bbox 155 3027 274 3075; x_wconf 81' lang='grc' dir='ltr'><strong>μων</strong></span> <span class='ocrx_word' id='word_1_253' title='bbox 315 3010 415 3061; x_wconf 77' lang='grc' dir='ltr'><strong>τοῦ</strong></span> <span class='ocrx_word' id='word_1_254' title='bbox 454 3015 804 3081; x_wconf 82' lang='grc' dir='ltr'><strong>πράγματος,</strong></span> <span class='ocrx_word' id='word_1_255' title='bbox 844 3014 912 3067; x_wconf 85' lang='grc' dir='ltr'><strong>τὰ</strong></span> <span class='ocrx_word' id='word_1_256' title='bbox 955 3016 1011 3068; x_wconf 81' lang='grc' dir='ltr'><strong>δὲ</strong></span> <span class='ocrx_word' id='word_1_257' title='bbox 1039 3020 1103 3086; x_wconf 73' lang='grc' dir='ltr'><strong>τῇ</strong></span> <span class='ocrx_word' id='word_1_258' title='bbox 1132 3016 1370 3069; x_wconf 80' lang='grc' dir='ltr'><strong>διαθέσει</strong></span> <span class='ocrx_word' id='word_1_259' title='bbox 1403 3017 1497 3069; x_wconf 80' lang='grc' dir='ltr'><strong>καὶ</strong></span> <span class='ocrx_word' id='word_1_260' title='bbox 1550 3021 1616 3087; x_wconf 79' lang='grc' dir='ltr'><strong>τῇ</strong></span> <span class='ocrx_word' id='word_1_261' title='bbox 1661 3018 1750 3069; x_wconf 83' lang='grc' dir='ltr'><strong>δυ·-</strong></span> 
     </span>
    </p>
   </div>
   <div class='ocr_carea' id='block_1_31' title="bbox 1845 630 3417 709">
    <p class='ocr_par' dir='ltr' id='par_1_31' title="bbox 1845 630 3417 709">
     <span class='ocr_line' id='line_1_31' title="bbox 1845 630 3417 709; baseline 0.003 -21"><span class='ocrx_word' id='word_1_262' title='bbox 1845 637 2004 705; x_wconf 82' lang='lat' dir='ltr'><strong>ejus:</strong></span> <span class='ocrx_word' id='word_1_263' title='bbox 2038 636 2162 706; x_wconf 96' lang='lat' dir='ltr'><strong>quia</strong></span> <span class='ocrx_word' id='word_1_264' title='bbox 2223 639 2294 692; x_wconf 90' lang='lat' dir='ltr'><strong>ita</strong></span> <span class='ocrx_word' id='word_1_265' title='bbox 2344 638 2651 693; x_wconf 89' lang='lat' dir='ltr'><strong>crcdiderat</strong></span> <span class='ocrx_word' id='word_1_266' title='bbox 2699 639 2766 702; x_wconf 87' lang='lat' dir='ltr'><strong>is,</strong></span> <span class='ocrx_word' id='word_1_267' title='bbox 2818 630 2911 709; x_wconf 83' lang='lat' dir='ltr'><strong>qui</strong></span> <span class='ocrx_word' id='word_1_268' title='bbox 2944 640 3225 694; x_wconf 80' lang='lat' dir='ltr'><strong>restitutus</strong></span> <span class='ocrx_word' id='word_1_269' title='bbox 3275 649 3417 703; x_wconf 87' lang='lat' dir='ltr'><strong>erat,</strong></span> 
     </span>
    </p>
   </div>
   <div class='ocr_carea' id='block_1_32' title="bbox 1848 730 3419 799">
    <p class='ocr_par' dir='ltr' id='par_1_32' title="bbox 1848 730 3419 799">
     <span class='ocr_line' id='line_1_32' title="bbox 1848 730 3419 799; baseline -0.001 -16"><span class='ocrx_word' id='word_1_270' title='bbox 1848 730 2130 798; x_wconf 82' lang='lat' dir='ltr'><strong>corrigens</strong></span> <span class='ocrx_word' id='word_1_271' title='bbox 2157 731 2482 797; x_wconf 89' lang='lat' dir='ltr'><strong>orationem,</strong></span> <span class='ocrx_word' id='word_1_272' title='bbox 2518 730 2750 794; x_wconf 84' lang='lat' dir='ltr'><strong>Nomen,</strong></span> <span class='ocrx_word' id='word_1_273' title='bbox 2794 731 2987 799; x_wconf 90' lang='lat' dir='ltr'><strong>inquit,</strong></span> <span class='ocrx_word' id='word_1_274' title='bbox 3044 732 3193 785; x_wconf 85' lang='lat' dir='ltr'><strong>illius</strong></span> <span class='ocrx_word' id='word_1_275' title='bbox 3223 732 3419 782; x_wconf 82' lang='lat' dir='ltr'><strong>conﬁr-</strong></span> 
     </span>
    </p>
   </div>
   <div class='ocr_carea' id='block_1_33' title="bbox 1846 820 3416 891">
    <p class='ocr_par' dir='ltr' id='par_1_33' title="bbox 1846 820 3416 891">
     <span class='ocr_line' id='line_1_33' title="bbox 1846 820 3416 891; baseline 0.001 -18"><span class='ocrx_word' id='word_1_276' title='bbox 1846 821 2031 885; x_wconf 88' lang='lat' dir='ltr'><strong>mavit,</strong></span> <span class='ocrx_word' id='word_1_277' title='bbox 2065 831 2119 874; x_wconf 73' lang='grc' dir='ltr'><strong>ιιι</strong></span> <span class='ocrx_word' id='word_1_278' title='bbox 2151 820 2388 875; x_wconf 84' lang='lat' dir='ltr'><strong>restituit</strong></span> <span class='ocrx_word' id='word_1_279' title='bbox 2417 838 2563 877; x_wconf 90' lang='lat' dir='ltr'><strong>eum.</strong></span> <span class='ocrx_word' id='word_1_280' title='bbox 2598 822 2712 877; x_wconf 87' lang='lat' dir='ltr'><strong>lloc</strong></span> <span class='ocrx_word' id='word_1_281' title='bbox 2735 830 2819 878; x_wconf 90' lang='lat' dir='ltr'><strong>est</strong></span> <span class='ocrx_word' id='word_1_282' title='bbox 2858 842 2871 876; x_wconf 89' lang='lat'>:</span> <span class='ocrx_word' id='word_1_283' title='bbox 2900 824 3038 888; x_wconf 86' lang='lat' dir='ltr'><strong>Quid</strong></span> <span class='ocrx_word' id='word_1_284' title='bbox 3076 823 3201 877; x_wconf 84' lang='lat' dir='ltr'><strong>dico</strong></span> <span class='ocrx_word' id='word_1_285' title='bbox 3237 840 3250 876; x_wconf 92' lang='lat'><strong>:</strong></span> <span class='ocrx_word' id='word_1_286' title='bbox 3293 838 3416 891; x_wconf 87' lang='lat' dir='ltr'><strong>pru-</strong></span> 
     </span>
    </p>
   </div>
   <div class='ocr_carea' id='block_1_34' title="bbox 1846 912 3421 981">
    <p class='ocr_par' dir='ltr' id='par_1_34' title="bbox 1846 912 3421 981">
     <span class='ocr_line' id='line_1_34' title="bbox 1846 912 3421 981; baseline 0.002 -17"><span class='ocrx_word' id='word_1_287' title='bbox 1846 920 2026 981; x_wconf 86' lang='lat' dir='ltr'><strong>pterea</strong></span> <span class='ocrx_word' id='word_1_288' title='bbox 2060 914 2205 981; x_wconf 89' lang='lat' dir='ltr'><strong>quod</strong></span> <span class='ocrx_word' id='word_1_289' title='bbox 2231 912 2390 968; x_wconf 83' lang='lat' dir='ltr'><strong>[idem</strong></span> <span class='ocrx_word' id='word_1_290' title='bbox 2422 923 2476 969; x_wconf 88' lang='lat' dir='ltr'><strong>et</strong></span> <span class='ocrx_word' id='word_1_291' title='bbox 2509 914 2762 969; x_wconf 90' lang='lat' dir='ltr'><strong>ﬁduciam</strong></span> <span class='ocrx_word' id='word_1_292' title='bbox 2810 914 3066 969; x_wconf 85' lang='lat' dir='ltr'><strong>habuerit</strong></span> <span class='ocrx_word' id='word_1_293' title='bbox 3112 914 3165 967; x_wconf 92' lang='lat' dir='ltr'><strong>in</strong></span> <span class='ocrx_word' id='word_1_294' title='bbox 3199 914 3421 967; x_wconf 89' lang='lat' dir='ltr'><strong>nomine</strong></span> 
     </span>
    </p>
   </div>
   <div class='ocr_carea' id='block_1_35' title="bbox 1846 998 3420 1069">
    <p class='ocr_par' dir='ltr' id='par_1_35' title="bbox 1846 998 3420 1069">
     <span class='ocr_line' id='line_1_35' title="bbox 1846 998 3420 1069; baseline -0.001 -16"><span class='ocrx_word' id='word_1_295' title='bbox 1846 1002 2011 1065; x_wconf 91' lang='lat' dir='ltr'><strong>illius,</strong></span> <span class='ocrx_word' id='word_1_296' title='bbox 2041 1018 2164 1056; x_wconf 90' lang='lat' dir='ltr'><strong>eum</strong></span> <span class='ocrx_word' id='word_1_297' title='bbox 2222 1003 2535 1059; x_wconf 86' lang='lat' dir='ltr'><strong>restitutum</strong></span> <span class='ocrx_word' id='word_1_298' title='bbox 2602 1004 2958 1059; x_wconf 81' lang='lat' dir='ltr'><strong>esse?etiam</strong></span> <span class='ocrx_word' id='word_1_299' title='bbox 3026 1010 3313 1069; x_wconf 73' lang='lat' dir='ltr'><strong>antequam</strong></span> <span class='ocrx_word' id='word_1_300' title='bbox 3367 998 3420 1052; x_wconf 90' lang='lat' dir='ltr'><strong>ﬁ-</strong></span> 
     </span>
    </p>
   </div>
   <div class='ocr_carea' id='block_1_36' title="bbox 1844 1092 3414 1162">
    <p class='ocr_par' dir='ltr' id='par_1_36' title="bbox 1844 1092 3414 1162">
     <span class='ocr_line' id='line_1_36' title="bbox 1844 1092 3414 1162; baseline -0.003 -15"><span class='ocrx_word' id='word_1_301' title='bbox 1844 1094 1969 1148; x_wconf 88' lang='lat' dir='ltr'><strong>dem</strong></span> <span class='ocrx_word' id='word_1_302' title='bbox 1994 1095 2278 1149; x_wconf 79' lang='lat' dir='ltr'><strong>habuisset</strong></span> <span class='ocrx_word' id='word_1_303' title='bbox 2332 1103 2386 1149; x_wconf 92' lang='lat' dir='ltr'><strong>et</strong></span> <span class='ocrx_word' id='word_1_304' title='bbox 2426 1094 2680 1148; x_wconf 90' lang='lat' dir='ltr'><strong>ﬁduciam</strong></span> <span class='ocrx_word' id='word_1_305' title='bbox 2708 1094 2964 1162; x_wconf 78' lang='lat' dir='ltr'><strong>cepisset,</strong></span> <span class='ocrx_word' id='word_1_306' title='bbox 2994 1092 3173 1147; x_wconf 89' lang='lat' dir='ltr'><strong>solum</strong></span> <span class='ocrx_word' id='word_1_307' title='bbox 3216 1106 3414 1144; x_wconf 85' lang='lat' dir='ltr'><strong>nomen</strong></span> 
     </span>
    </p>
   </div>
   <div class='ocr_carea' id='block_1_37' title="bbox 1846 1180 3420 1239">
    <p class='ocr_par' dir='ltr' id='par_1_37' title="bbox 1846 1180 3420 1239">
     <span class='ocr_line' id='line_1_37' title="bbox 1846 1180 3420 1239; baseline -0.003 -1"><span class='ocrx_word' id='word_1_308' title='bbox 1846 1186 2157 1239; x_wconf 79' lang='lat' dir='ltr'><strong>invocatum</strong></span> <span class='ocrx_word' id='word_1_309' title='bbox 2214 1200 2337 1238; x_wconf 92' lang='lat' dir='ltr'><strong>eum</strong></span> <span class='ocrx_word' id='word_1_310' title='bbox 2386 1184 2751 1239; x_wconf 76' lang='lat' dir='ltr'><strong>conﬁrmavit.</strong></span> <span class='ocrx_word' id='word_1_311' title='bbox 2810 1183 3014 1239; x_wconf 80' lang='lat' dir='ltr'><strong>Tantas</strong></span> <span class='ocrx_word' id='word_1_312' title='bbox 3065 1181 3231 1236; x_wconf 84' lang='lat' dir='ltr'><strong>habet</strong></span> <span class='ocrx_word' id='word_1_313' title='bbox 3277 1180 3420 1234; x_wconf 80' lang='lat' dir='ltr'><strong>vires</strong></span> 
     </span>
    </p>
   </div>
   <div class='ocr_carea' id='block_1_38' title="bbox 1845 1275 3422 1350">
    <p class='ocr_par' dir='ltr' id='par_1_38' title="bbox 1845 1275 3422 1350">
     <span class='ocr_line' id='line_1_38' title="bbox 1845 1275 3422 1350; baseline -0.001 -19"><span class='ocrx_word' id='word_1_314' title='bbox 1845 1290 2109 1350; x_wconf 89' lang='lat' dir='ltr'><strong>tantaque</strong></span> <span class='ocrx_word' id='word_1_315' title='bbox 2163 1280 2337 1350; x_wconf 82' lang='lat' dir='ltr'><strong>gratia</strong></span> <span class='ocrx_word' id='word_1_316' title='bbox 2398 1294 2463 1333; x_wconf 88' lang='lat' dir='ltr'><strong>ac</strong></span> <span class='ocrx_word' id='word_1_317' title='bbox 2514 1279 2782 1334; x_wconf 85' lang='lat' dir='ltr'><strong>beneﬁcio</strong></span> <span class='ocrx_word' id='word_1_318' title='bbox 2842 1278 3131 1332; x_wconf 80' lang='lat' dir='ltr'><strong>redundat.</strong></span> <span class='ocrx_word' id='word_1_319' title='bbox 3201 1275 3268 1329; x_wconf 86' lang='lat' dir='ltr'><strong>Et</strong></span> <span class='ocrx_word' id='word_1_320' title='bbox 3290 1276 3422 1329; x_wconf 85' lang='lat' dir='ltr'><strong>ﬁdes</strong></span> 
     </span>
    </p>
   </div>
   <div class='ocr_carea' id='block_1_39' title="bbox 1844 1368 3417 1442">
    <p class='ocr_par' dir='ltr' id='par_1_39' title="bbox 1844 1368 3417 1442">
     <span class='ocr_line' id='line_1_39' title="bbox 1844 1368 3417 1442; baseline -0.004 -17"><span class='ocrx_word' id='word_1_321' title='bbox 1844 1387 1964 1441; x_wconf 73' lang='lat' dir='ltr'><strong>qua:</strong></span> <span class='ocrx_word' id='word_1_322' title='bbox 1999 1387 2096 1442; x_wconf 88' lang='lat' dir='ltr'><strong>per</strong></span> <span class='ocrx_word' id='word_1_323' title='bbox 2150 1386 2276 1426; x_wconf 90' lang='lat' dir='ltr'><strong>eum</strong></span> <span class='ocrx_word' id='word_1_324' title='bbox 2311 1370 2603 1441; x_wconf 68' lang='lat' dir='ltr'><strong>praedicata</strong></span> <span class='ocrx_word' id='word_1_325' title='bbox 2632 1379 2733 1432; x_wconf 88' lang='lat' dir='ltr'><strong>est,</strong></span> <span class='ocrx_word' id='word_1_326' title='bbox 2778 1378 2887 1425; x_wconf 86' lang='lat' dir='ltr'><strong>etc.</strong></span> <span class='ocrx_word' id='word_1_327' title='bbox 2916 1368 3182 1434; x_wconf 66' lang='lat' dir='ltr'><strong>Quaenam</strong></span> <span class='ocrx_word' id='word_1_328' title='bbox 3236 1377 3417 1421; x_wconf 88' lang='lat' dir='ltr'><strong>autem</strong></span> 
     </span>
    </p>
   </div>
   <div class='ocr_carea' id='block_1_40' title="bbox 1842 1459 3419 1532">
    <p class='ocr_par' dir='ltr' id='par_1_40' title="bbox 1842 1459 3419 1532">
     <span class='ocr_line' id='line_1_40' title="bbox 1842 1459 3419 1532; baseline -0.006 -13"><span class='ocrx_word' id='word_1_329' title='bbox 1842 1466 1912 1519; x_wconf 86' lang='lat' dir='ltr'><strong>sit</strong></span> <span class='ocrx_word' id='word_1_330' title='bbox 1952 1463 2106 1527; x_wconf 89' lang='lat' dir='ltr'><strong>ﬁdes,</strong></span> <span class='ocrx_word' id='word_1_331' title='bbox 2139 1479 2260 1532; x_wconf 72' lang='lat' dir='ltr'><strong>qua:</strong></span> <span class='ocrx_word' id='word_1_332' title='bbox 2292 1476 2390 1532; x_wconf 90' lang='lat' dir='ltr'><strong>per</strong></span> <span class='ocrx_word' id='word_1_333' title='bbox 2424 1462 2575 1515; x_wconf 93' lang='lat' dir='ltr'><strong>illum</strong></span> <span class='ocrx_word' id='word_1_334' title='bbox 2616 1461 2904 1530; x_wconf 64' lang='lat' dir='ltr'><strong>praedicata</strong></span> <span class='ocrx_word' id='word_1_335' title='bbox 2939 1472 3040 1524; x_wconf 89' lang='lat' dir='ltr'><strong>cst,</strong></span> <span class='ocrx_word' id='word_1_336' title='bbox 3084 1459 3199 1529; x_wconf 88' lang='lat' dir='ltr'><strong>ipse</strong></span> <span class='ocrx_word' id='word_1_337' title='bbox 3250 1461 3419 1513; x_wconf 71' lang='lat' dir='ltr'><strong>inter~</strong></span> 
     </span>
    </p>
   </div>
   <div class='ocr_carea' id='block_1_41' title="bbox 1844 1550 3420 1626">
    <p class='ocr_par' dir='ltr' id='par_1_41' title="bbox 1844 1550 3420 1626">
     <span class='ocr_line' id='line_1_41' title="bbox 1844 1550 3420 1626; baseline -0.006 -16"><span class='ocrx_word' id='word_1_338' title='bbox 1844 1563 2090 1626; x_wconf 84' lang='lat' dir='ltr'><strong>pretatur</strong></span> <span class='ocrx_word' id='word_1_339' title='bbox 2120 1570 2134 1608; x_wconf 88' lang='lat'><strong>:</strong></span> <span class='ocrx_word' id='word_1_340' title='bbox 2169 1552 2238 1608; x_wconf 89' lang='lat' dir='ltr'><strong>Ut</strong></span> <span class='ocrx_word' id='word_1_341' title='bbox 2261 1562 2603 1624; x_wconf 79' lang='lat' dir='ltr'><strong>cognoscant</strong></span> <span class='ocrx_word' id='word_1_342' title='bbox 2625 1560 2697 1614; x_wconf 90' lang='lat' dir='ltr'><strong>te,</strong></span> <span class='ocrx_word' id='word_1_343' title='bbox 2730 1552 3001 1622; x_wconf 87' lang='lat' dir='ltr'><strong>lnquiens,</strong></span> <span class='ocrx_word' id='word_1_344' title='bbox 3033 1550 3126 1619; x_wconf 86' lang='lat' dir='ltr'><strong>qui</strong></span> <span class='ocrx_word' id='word_1_345' title='bbox 3162 1550 3308 1604; x_wconf 89' lang='lat' dir='ltr'><strong>solus</strong></span> <span class='ocrx_word' id='word_1_346' title='bbox 3331 1567 3420 1602; x_wconf 73' lang='lat' dir='ltr'><strong>ve-</strong></span> 
     </span>
    </p>
   </div>
   <div class='ocr_carea' id='block_1_42' title="bbox 1846 1642 3424 1717">
    <p class='ocr_par' dir='ltr' id='par_1_42' title="bbox 1846 1642 3424 1717">
     <span class='ocr_line' id='line_1_42' title="bbox 1846 1642 3424 1717; baseline -0.005 -14"><span class='ocrx_word' id='word_1_347' title='bbox 1846 1665 1939 1703; x_wconf 90' lang='lat' dir='ltr'><strong>rus</strong></span> <span class='ocrx_word' id='word_1_348' title='bbox 1971 1663 2031 1703; x_wconf 90' lang='lat' dir='ltr'><strong>es</strong></span> <span class='ocrx_word' id='word_1_349' title='bbox 2052 1647 2221 1714; x_wconf 85' lang='lat' dir='ltr'><strong>Deus,</strong></span> <span class='ocrx_word' id='word_1_350' title='bbox 2256 1658 2308 1702; x_wconf 90' lang='lat' dir='ltr'><strong>et</strong></span> <span class='ocrx_word' id='word_1_351' title='bbox 2332 1662 2493 1717; x_wconf 87' lang='lat' dir='ltr'><strong>quem</strong></span> <span class='ocrx_word' id='word_1_352' title='bbox 2525 1644 2723 1701; x_wconf 87' lang='lat' dir='ltr'><strong>misisti</strong></span> <span class='ocrx_word' id='word_1_353' title='bbox 2772 1644 2979 1700; x_wconf 65' lang='lat' dir='ltr'><strong>Iesum.</strong></span> <span class='ocrx_word' id='word_1_354' title='bbox 3029 1642 3162 1697; x_wconf 83' lang='lat' dir='ltr'><strong>Nam</strong></span> <span class='ocrx_word' id='word_1_355' title='bbox 3204 1657 3272 1697; x_wconf 90' lang='lat' dir='ltr'><strong>ne</strong></span> <span class='ocrx_word' id='word_1_356' title='bbox 3301 1643 3424 1711; x_wconf 84' lang='lat' dir='ltr'><strong>quis</strong></span> 
     </span>
    </p>
   </div>
   <div class='ocr_carea' id='block_1_43' title="bbox 1844 1735 3423 1808">
    <p class='ocr_par' dir='ltr' id='par_1_43' title="bbox 1844 1735 3423 1808">
     <span class='ocr_line' id='line_1_43' title="bbox 1844 1735 3423 1808; baseline -0.007 -13"><span class='ocrx_word' id='word_1_357' title='bbox 1844 1741 1991 1795; x_wconf 80' lang='lat' dir='ltr'><strong>dicat</strong></span> <span class='ocrx_word' id='word_1_358' title='bbox 2036 1756 2051 1793; x_wconf 89' lang='lat'><strong>:</strong></span> <span class='ocrx_word' id='word_1_359' title='bbox 2086 1738 2249 1808; x_wconf 80' lang='lat' dir='ltr'><strong>Ergo,</strong></span> <span class='ocrx_word' id='word_1_360' title='bbox 2283 1740 2447 1793; x_wconf 85' lang='lat' dir='ltr'><strong>etiam</strong></span> <span class='ocrx_word' id='word_1_361' title='bbox 2478 1739 2526 1792; x_wconf 93' lang='lat' dir='ltr'><strong>si</strong></span> <span class='ocrx_word' id='word_1_362' title='bbox 2559 1735 2793 1792; x_wconf 87' lang='lat' dir='ltr'><strong>inﬁdelis</strong></span> <span class='ocrx_word' id='word_1_363' title='bbox 2848 1736 3180 1791; x_wconf 88' lang='lat' dir='ltr'><strong>invocaverit</strong></span> <span class='ocrx_word' id='word_1_364' title='bbox 3229 1749 3423 1786; x_wconf 73' lang='lat' dir='ltr'><strong>nomen</strong></span> 
     </span>
    </p>
   </div>
   <div class='ocr_carea' id='block_1_44' title="bbox 1847 1822 3397 1896">
    <p class='ocr_par' dir='ltr' id='par_1_44' title="bbox 1847 1822 3397 1896">
     <span class='ocr_line' id='line_1_44' title="bbox 1847 1822 3397 1896; baseline -0.005 -15"><span class='ocrx_word' id='word_1_365' title='bbox 1847 1829 2017 1893; x_wconf 89' lang='lat' dir='ltr'><strong>illius,</strong></span> <span class='ocrx_word' id='word_1_366' title='bbox 2077 1826 2294 1883; x_wconf 87' lang='lat' dir='ltr'><strong>etiamsi</strong></span> <span class='ocrx_word' id='word_1_367' title='bbox 2325 1834 2547 1896; x_wconf 87' lang='lat' dir='ltr'><strong>propter</strong></span> <span class='ocrx_word' id='word_1_368' title='bbox 2580 1825 2926 1881; x_wconf 84' lang='lat' dir='ltr'><strong>curationem</strong></span> <span class='ocrx_word' id='word_1_369' title='bbox 2957 1824 3180 1878; x_wconf 89' lang='lat' dir='ltr'><strong>alterius</strong></span> <span class='ocrx_word' id='word_1_370' title='bbox 3233 1822 3397 1876; x_wconf 77' lang='lat' dir='ltr'><strong>infide</strong></span> 
     </span>
    </p>
   </div>
   <div class='ocr_carea' id='block_1_45' title="bbox 1775 1884 3423 1987">
    <p class='ocr_par' dir='ltr' id='par_1_45' title="bbox 1775 1884 3423 1987">
     <span class='ocr_line' id='line_1_45' title="bbox 1775 1884 3423 1987; baseline -0.006 -13"><span class='ocrx_word' id='word_1_371' title='bbox 1775 1884 1814 1939; x_wconf 60' lang='grc' dir='ltr'><strong>Β</strong></span> <span class='ocrx_word' id='word_1_372' title='bbox 1842 1920 1949 1985; x_wconf 88' lang='lat' dir='ltr'><strong>lis,</strong></span> <span class='ocrx_word' id='word_1_373' title='bbox 1991 1919 2162 1972; x_wconf 86' lang='lat' dir='ltr'><strong>nihilo</strong></span> <span class='ocrx_word' id='word_1_374' title='bbox 2211 1917 2395 1973; x_wconf 89' lang='lat' dir='ltr'><strong>minus</strong></span> <span class='ocrx_word' id='word_1_375' title='bbox 2427 1884 2667 1973; x_wconf 50' lang='lat' dir='ltr'><strong>.sanatlo</strong></span> <span class='ocrx_word' id='word_1_376' title='bbox 2707 1930 2968 1987; x_wconf 83' lang='lat' dir='ltr'><strong>prospere</strong></span> <span class='ocrx_word' id='word_1_377' title='bbox 3030 1913 3322 1977; x_wconf 80' lang='lat' dir='ltr'><strong>succedet,</strong></span> <span class='ocrx_word' id='word_1_378' title='bbox 3381 1914 3423 1966; x_wconf 87' lang='lat' dir='ltr'><strong>si</strong></span> 
     </span>
    </p>
   </div>
   <div class='ocr_carea' id='block_1_46' title="bbox 1849 2003 3421 2078">
    <p class='ocr_par' dir='ltr' id='par_1_46' title="bbox 1849 2003 3421 2078">
     <span class='ocr_line' id='line_1_46' title="bbox 1849 2003 3421 2078; baseline -0.006 -15"><span class='ocrx_word' id='word_1_379' title='bbox 1849 2010 2067 2078; x_wconf 85' lang='lat' dir='ltr'><strong>quidem</strong></span> <span class='ocrx_word' id='word_1_380' title='bbox 2122 2008 2358 2062; x_wconf 78' lang='lat' dir='ltr'><strong>nominis</strong></span> <span class='ocrx_word' id='word_1_381' title='bbox 2408 2007 2680 2061; x_wconf 85' lang='lat' dir='ltr'><strong>invocatio</strong></span> <span class='ocrx_word' id='word_1_382' title='bbox 2736 2007 2849 2061; x_wconf 90' lang='lat' dir='ltr'><strong>sola</strong></span> <span class='ocrx_word' id='word_1_383' title='bbox 2881 2003 3219 2059; x_wconf 82' lang='lat' dir='ltr'><strong>conﬁrmavit</strong></span> <span class='ocrx_word' id='word_1_384' title='bbox 3254 2018 3421 2056; x_wconf 85' lang='lat' dir='ltr'><strong>eum:</strong></span> 
     </span>
    </p>
   </div>
   <div class='ocr_carea' id='block_1_47' title="bbox 1850 2094 3428 2170">
    <p class='ocr_par' dir='ltr' id='par_1_47' title="bbox 1850 2094 3428 2170">
     <span class='ocr_line' id='line_1_47' title="bbox 1850 2094 3428 2170; baseline -0.007 -14"><span class='ocrx_word' id='word_1_385' title='bbox 1850 2117 1919 2156; x_wconf 88' lang='lat' dir='ltr'><strong>ne</strong></span> <span class='ocrx_word' id='word_1_386' title='bbox 1949 2101 2073 2170; x_wconf 87' lang='lat' dir='ltr'><strong>quis</strong></span> <span class='ocrx_word' id='word_1_387' title='bbox 2104 2099 2266 2170; x_wconf 83' lang='lat' dir='ltr'><strong>igitur</strong></span> <span class='ocrx_word' id='word_1_388' title='bbox 2308 2099 2411 2153; x_wconf 81' lang='lat' dir='ltr'><strong>hoc</strong></span> <span class='ocrx_word' id='word_1_389' title='bbox 2455 2098 2622 2162; x_wconf 80' lang='lat' dir='ltr'><strong>dit-at,</strong></span> <span class='ocrx_word' id='word_1_390' title='bbox 2670 2097 2950 2165; x_wconf 79' lang='lat' dir='ltr'><strong>subjunxit</strong></span> <span class='ocrx_word' id='word_1_391' title='bbox 2984 2114 2997 2148; x_wconf 87' lang='lat'><strong>:</strong></span> <span class='ocrx_word' id='word_1_392' title='bbox 3025 2094 3093 2147; x_wconf 87' lang='lat' dir='ltr'><strong>Et</strong></span> <span class='ocrx_word' id='word_1_393' title='bbox 3131 2095 3281 2162; x_wconf 79' lang='lat' dir='ltr'><strong>ﬁdes,</strong></span> <span class='ocrx_word' id='word_1_394' title='bbox 3312 2109 3428 2164; x_wconf 77' lang='lat' dir='ltr'><strong>qua:</strong></span> 
     </span>
    </p>
   </div>
   <div class='ocr_carea' id='block_1_48' title="bbox 1849 2186 3425 2260">
    <p class='ocr_par' dir='ltr' id='par_1_48' title="bbox 1849 2186 3425 2260">
     <span class='ocr_line' id='line_1_48' title="bbox 1849 2186 3425 2260; baseline -0.005 -15"><span class='ocrx_word' id='word_1_395' title='bbox 1849 2208 1939 2260; x_wconf 82' lang='lat' dir='ltr'><strong>per</strong></span> <span class='ocrx_word' id='word_1_396' title='bbox 1969 2208 2087 2245; x_wconf 86' lang='lat' dir='ltr'><strong>eum</strong></span> <span class='ocrx_word' id='word_1_397' title='bbox 2118 2188 2407 2257; x_wconf 62' lang='lat' dir='ltr'><strong>pra&#39;dicata</strong></span> <span class='ocrx_word' id='word_1_398' title='bbox 2442 2198 2523 2243; x_wconf 78' lang='lat' dir='ltr'><strong>est</strong></span> <span class='ocrx_word' id='word_1_399' title='bbox 2555 2205 2571 2242; x_wconf 93' lang='lat'><strong><em>:</em></strong></span> <span class='ocrx_word' id='word_1_400' title='bbox 2604 2189 2706 2242; x_wconf 89' lang='lat' dir='ltr'><strong>hoc</strong></span> <span class='ocrx_word' id='word_1_401' title='bbox 2733 2197 2823 2243; x_wconf 84' lang='lat' dir='ltr'><strong>est</strong></span> <span class='ocrx_word' id='word_1_402' title='bbox 2857 2205 2869 2239; x_wconf 92' lang='lat'><strong>:</strong></span> <span class='ocrx_word' id='word_1_403' title='bbox 2908 2186 3161 2256; x_wconf 69' lang='lat' dir='ltr'><strong>Magnum</strong></span> <span class='ocrx_word' id='word_1_404' title='bbox 3207 2186 3425 2255; x_wconf 88' lang='lat' dir='ltr'><strong>quidem</strong></span> 
     </span>
    </p>
   </div>
   <div class='ocr_carea' id='block_1_49' title="bbox 1853 2279 3427 2345">
    <p class='ocr_par' dir='ltr' id='par_1_49' title="bbox 1853 2279 3427 2345">
     <span class='ocr_line' id='line_1_49' title="bbox 1853 2279 3427 2345; baseline -0.005 -7"><span class='ocrx_word' id='word_1_405' title='bbox 1853 2300 2049 2338; x_wconf 84' lang='lat' dir='ltr'><strong>nomen</strong></span> <span class='ocrx_word' id='word_1_406' title='bbox 2082 2298 2144 2335; x_wconf 89' lang='lat' dir='ltr'><strong>ac</strong></span> <span class='ocrx_word' id='word_1_407' title='bbox 2173 2281 2512 2335; x_wconf 81' lang='lat' dir='ltr'><strong>formidabile</strong></span> <span class='ocrx_word' id='word_1_408' title='bbox 2532 2290 2637 2345; x_wconf 88' lang='lat' dir='ltr'><strong>est,</strong></span> <span class='ocrx_word' id='word_1_409' title='bbox 2668 2290 2722 2335; x_wconf 89' lang='lat' dir='ltr'><strong>et</strong></span> <span class='ocrx_word' id='word_1_410' title='bbox 2751 2280 2995 2334; x_wconf 85' lang='lat' dir='ltr'><strong>abundat</strong></span> <span class='ocrx_word' id='word_1_411' title='bbox 3024 2279 3427 2343; x_wconf 73' lang='lat' dir='ltr'><strong>sanationibns,</strong></span> 
     </span>
    </p>
   </div>
   <div class='ocr_carea' id='block_1_50' title="bbox 1853 2370 3428 2444">
    <p class='ocr_par' dir='ltr' id='par_1_50' title="bbox 1853 2370 3428 2444">
     <span class='ocr_line' id='line_1_50' title="bbox 1853 2370 3428 2444; baseline -0.005 -15"><span class='ocrx_word' id='word_1_412' title='bbox 1853 2376 1945 2429; x_wconf 90' lang='lat' dir='ltr'><strong>sed</strong></span> <span class='ocrx_word' id='word_1_413' title='bbox 1979 2388 2118 2444; x_wconf 90' lang='lat' dir='ltr'><strong>opus</strong></span> <span class='ocrx_word' id='word_1_414' title='bbox 2149 2373 2312 2427; x_wconf 84' lang='lat' dir='ltr'><strong>habet</strong></span> <span class='ocrx_word' id='word_1_415' title='bbox 2339 2380 2393 2427; x_wconf 90' lang='lat' dir='ltr'><strong>et</strong></span> <span class='ocrx_word' id='word_1_416' title='bbox 2432 2372 2653 2434; x_wconf 91' lang='lat' dir='ltr'><strong>animis,</strong></span> <span class='ocrx_word' id='word_1_417' title='bbox 2683 2373 2775 2440; x_wconf 91' lang='lat' dir='ltr'><strong>qui</strong></span> <span class='ocrx_word' id='word_1_418' title='bbox 2816 2372 3028 2441; x_wconf 88' lang='lat' dir='ltr'><strong>possint</strong></span> <span class='ocrx_word' id='word_1_419' title='bbox 3058 2386 3121 2423; x_wconf 91' lang='lat' dir='ltr'><strong>eo</strong></span> <span class='ocrx_word' id='word_1_420' title='bbox 3156 2370 3428 2423; x_wconf 75' lang='lat' dir='ltr'><strong>beneﬁcio</strong></span> 
     </span>
    </p>
   </div>
   <div class='ocr_carea' id='block_1_51' title="bbox 1853 2460 3426 2536">
    <p class='ocr_par' dir='ltr' id='par_1_51' title="bbox 1853 2460 3426 2536">
     <span class='ocr_line' id='line_1_51' title="bbox 1853 2460 3426 2536; baseline -0.005 -18"><span class='ocrx_word' id='word_1_421' title='bbox 1853 2467 2000 2536; x_wconf 77' lang='lat' dir='ltr'><strong>digni</strong></span> <span class='ocrx_word' id='word_1_422' title='bbox 2026 2465 2267 2529; x_wconf 90' lang='lat' dir='ltr'><strong>censeri,</strong></span> <span class='ocrx_word' id='word_1_423' title='bbox 2296 2471 2350 2519; x_wconf 91' lang='lat' dir='ltr'><strong>et</strong></span> <span class='ocrx_word' id='word_1_424' title='bbox 2383 2464 2833 2533; x_wconf 79' lang='lat' dir='ltr'><strong>deprecatoribus</strong></span> <span class='ocrx_word' id='word_1_425' title='bbox 2861 2462 3068 2516; x_wconf 87' lang='lat' dir='ltr'><strong>idoneis</strong></span> <span class='ocrx_word' id='word_1_426' title='bbox 3099 2460 3164 2514; x_wconf 89' lang='lat' dir='ltr'><strong>ad</strong></span> <span class='ocrx_word' id='word_1_427' title='bbox 3191 2475 3426 2515; x_wconf 80' lang='lat' dir='ltr'><strong>exoran-</strong></span> 
     </span>
    </p>
   </div>
   <div class='ocr_carea' id='block_1_52' title="bbox 1852 2552 3431 2623">
    <p class='ocr_par' dir='ltr' id='par_1_52' title="bbox 1852 2552 3431 2623">
     <span class='ocr_line' id='line_1_52' title="bbox 1852 2552 3431 2623; baseline -0.006 -10"><span class='ocrx_word' id='word_1_428' title='bbox 1852 2558 1981 2613; x_wconf 89' lang='lat' dir='ltr'><strong>dum</strong></span> <span class='ocrx_word' id='word_1_429' title='bbox 2019 2558 2369 2611; x_wconf 88' lang='lat' dir='ltr'><strong>sanationum</strong></span> <span class='ocrx_word' id='word_1_430' title='bbox 2409 2554 2890 2623; x_wconf 81' lang='lat' dir='ltr'><strong>suppeditatorem.</strong></span> <span class='ocrx_word' id='word_1_431' title='bbox 2933 2553 3063 2606; x_wconf 84' lang='lat' dir='ltr'><strong>Nam</strong></span> <span class='ocrx_word' id='word_1_432' title='bbox 3098 2554 3143 2607; x_wconf 91' lang='lat' dir='ltr'><strong>si</strong></span> <span class='ocrx_word' id='word_1_433' title='bbox 3193 2552 3431 2605; x_wconf 83' lang='lat' dir='ltr'><strong>inﬁdelis</strong></span> 
     </span>
    </p>
   </div>
   <div class='ocr_carea' id='block_1_53' title="bbox 1856 2644 3431 2715">
    <p class='ocr_par' dir='ltr' id='par_1_53' title="bbox 1856 2644 3431 2715">
     <span class='ocr_line' id='line_1_53' title="bbox 1856 2644 3431 2715; baseline -0.004 -13"><span class='ocrx_word' id='word_1_434' title='bbox 1856 2663 2154 2705; x_wconf 86' lang='lat' dir='ltr'><strong>mansurus</strong></span> <span class='ocrx_word' id='word_1_435' title='bbox 2207 2649 2279 2702; x_wconf 89' lang='lat' dir='ltr'><strong>sit</strong></span> <span class='ocrx_word' id='word_1_436' title='bbox 2325 2647 2392 2707; x_wconf 90' lang='lat' dir='ltr'><strong>is,</strong></span> <span class='ocrx_word' id='word_1_437' title='bbox 2426 2646 2519 2715; x_wconf 88' lang='lat' dir='ltr'><strong>qui</strong></span> <span class='ocrx_word' id='word_1_438' title='bbox 2572 2646 2882 2700; x_wconf 88' lang='lat' dir='ltr'><strong>sanationis</strong></span> <span class='ocrx_word' id='word_1_439' title='bbox 2915 2644 3143 2713; x_wconf 79' lang='lat' dir='ltr'><strong>indiget,</strong></span> <span class='ocrx_word' id='word_1_440' title='bbox 3192 2659 3300 2697; x_wconf 90' lang='lat' dir='ltr'><strong>non</strong></span> <span class='ocrx_word' id='word_1_441' title='bbox 3356 2645 3431 2696; x_wconf 76' lang='lat' dir='ltr'><strong>ita</strong></span> 
     </span>
    </p>
   </div>
   <div class='ocr_carea' id='block_1_54' title="bbox 1857 2734 3431 2809">
    <p class='ocr_par' dir='ltr' id='par_1_54' title="bbox 1857 2734 3431 2809">
     <span class='ocr_line' id='line_1_54' title="bbox 1857 2734 3431 2809; baseline -0.009 -13"><span class='ocrx_word' id='word_1_442' title='bbox 1857 2740 2183 2809; x_wconf 85' lang='lat' dir='ltr'><strong>simpliciter</strong></span> <span class='ocrx_word' id='word_1_443' title='bbox 2213 2738 2429 2794; x_wconf 88' lang='lat' dir='ltr'><strong>sanatio</strong></span> <span class='ocrx_word' id='word_1_444' title='bbox 2458 2736 2717 2806; x_wconf 82' lang='lat' dir='ltr'><strong>procedet</strong></span> <span class='ocrx_word' id='word_1_445' title='bbox 2748 2754 2759 2789; x_wconf 92' lang='lat'>:</span> <span class='ocrx_word' id='word_1_446' title='bbox 2795 2740 3033 2804; x_wconf 87' lang='lat' dir='ltr'><strong>itemque</strong></span> <span class='ocrx_word' id='word_1_447' title='bbox 3065 2736 3111 2788; x_wconf 91' lang='lat' dir='ltr'><strong>si</strong></span> <span class='ocrx_word' id='word_1_448' title='bbox 3144 2734 3211 2787; x_wconf 91' lang='lat' dir='ltr'><strong>ab</strong></span> <span class='ocrx_word' id='word_1_449' title='bbox 3241 2734 3431 2787; x_wconf 67' lang='lat' dir='ltr'><strong>inlide-</strong></span> 
     </span>
    </p>
   </div>
   <div class='ocr_carea' id='block_1_55' title="bbox 1857 2826 3425 2893">
    <p class='ocr_par' dir='ltr' id='par_1_55' title="bbox 1857 2826 3425 2893">
     <span class='ocr_line' id='line_1_55' title="bbox 1857 2826 3425 2893; baseline -0.005 -7"><span class='ocrx_word' id='word_1_450' title='bbox 1857 2833 1999 2887; x_wconf 89' lang='lat' dir='ltr'><strong>libus</strong></span> <span class='ocrx_word' id='word_1_451' title='bbox 2027 2848 2222 2886; x_wconf 86' lang='lat' dir='ltr'><strong>nomen</strong></span> <span class='ocrx_word' id='word_1_452' title='bbox 2259 2832 2563 2891; x_wconf 73' lang='lat' dir='ltr'><strong>invocetur,</strong></span> <span class='ocrx_word' id='word_1_453' title='bbox 2596 2844 2696 2882; x_wconf 85' lang='lat' dir='ltr'><strong>suo</strong></span> <span class='ocrx_word' id='word_1_454' title='bbox 2728 2843 2954 2881; x_wconf 76' lang='lat' dir='ltr'><strong>munt-re</strong></span> <span class='ocrx_word' id='word_1_455' title='bbox 3014 2842 3118 2880; x_wconf 91' lang='lat' dir='ltr'><strong>non</strong></span> <span class='ocrx_word' id='word_1_456' title='bbox 3153 2826 3425 2893; x_wconf 85' lang='lat' dir='ltr'><strong>fungetur.</strong></span> 
     </span>
    </p>
   </div>
   <div class='ocr_carea' id='block_1_56' title="bbox 1858 2913 3427 2982">
    <p class='ocr_par' dir='ltr' id='par_1_56' title="bbox 1858 2913 3427 2982">
     <span class='ocr_line' id='line_1_56' title="bbox 1858 2913 3427 2982; baseline -0.005 -7"><span class='ocrx_word' id='word_1_457' title='bbox 1858 2922 2146 2975; x_wconf 84' lang='lat' dir='ltr'><strong>Enimvero</strong></span> <span class='ocrx_word' id='word_1_458' title='bbox 2178 2920 2271 2974; x_wconf 92' lang='lat' dir='ltr'><strong>ﬁlii</strong></span> <span class='ocrx_word' id='word_1_459' title='bbox 2324 2919 2511 2973; x_wconf 70' lang='lat' dir='ltr'><strong>Scevze</strong></span> <span class='ocrx_word' id='word_1_460' title='bbox 2546 2934 2652 2973; x_wconf 91' lang='lat' dir='ltr'><strong>non</strong></span> <span class='ocrx_word' id='word_1_461' title='bbox 2697 2920 2856 2970; x_wconf 87' lang='lat' dir='ltr'><strong>modo</strong></span> <span class='ocrx_word' id='word_1_462' title='bbox 2905 2918 3027 2970; x_wconf 83' lang='lat' dir='ltr'><strong>aliis</strong></span> <span class='ocrx_word' id='word_1_463' title='bbox 3064 2932 3170 2967; x_wconf 90' lang='lat' dir='ltr'><strong>non</strong></span> <span class='ocrx_word' id='word_1_464' title='bbox 3219 2913 3427 2982; x_wconf 76' lang='lat' dir='ltr'><strong>profue-</strong></span> 
     </span>
    </p>
   </div>
   <div class='ocr_carea' id='block_1_57' title="bbox 1857 3007 3435 3080">
    <p class='ocr_par' dir='ltr' id='par_1_57' title="bbox 1857 3007 3435 3080">
     <span class='ocr_line' id='line_1_57' title="bbox 1857 3007 3435 3080; baseline -0.006 -13"><span class='ocrx_word' id='word_1_465' title='bbox 1857 3024 2006 3079; x_wconf 90' lang='lat' dir='ltr'><strong>rttnt,</strong></span> <span class='ocrx_word' id='word_1_466' title='bbox 2056 3028 2239 3067; x_wconf 87' lang='lat' dir='ltr'><strong>verum</strong></span> <span class='ocrx_word' id='word_1_467' title='bbox 2293 3014 2457 3067; x_wconf 87' lang='lat' dir='ltr'><strong>etiam</strong></span> <span class='ocrx_word' id='word_1_468' title='bbox 2494 3011 2598 3065; x_wconf 89' lang='lat' dir='ltr'><strong>sibi</strong></span> <span class='ocrx_word' id='word_1_469' title='bbox 2635 3010 2770 3080; x_wconf 89' lang='lat' dir='ltr'><strong>ipsis</strong></span> <span class='ocrx_word' id='word_1_470' title='bbox 2812 3018 3137 3062; x_wconf 87' lang='lat' dir='ltr'><strong>nocuerunt.</strong></span> <span class='ocrx_word' id='word_1_471' title='bbox 3177 3007 3268 3061; x_wconf 89' lang='lat' dir='ltr'><strong>Sic</strong></span> <span class='ocrx_word' id='word_1_472' title='bbox 3308 3008 3435 3073; x_wconf 85' lang='lat' dir='ltr'><strong>qui-</strong></span> 
     </span>
    </p>
   </div>
   <div class='ocr_carea' id='block_1_58' title="bbox 1776 3073 1819 3130">
    <p class='ocr_par' dir='ltr' id='par_1_58' title="bbox 1776 3073 1819 3130">
     <span class='ocr_line' id='line_1_58' title="bbox 1776 3073 1819 3130; baseline 0 0"><span class='ocrx_word' id='word_1_473' title='bbox 1776 3073 1819 3130; x_wconf 88' lang='lat' dir='ltr'><strong>C</strong></span> 
     </span>
    </p>
   </div>
   <div class='ocr_carea' id='block_1_59' title="bbox 158 3096 1748 3178">
    <p class='ocr_par' dir='ltr' id='par_1_59' title="bbox 158 3102 1747 3178">
     <span class='ocr_line' id='line_1_59' title="bbox 158 3102 1747 3178; baseline 0.006 -28"><span class='ocrx_word' id='word_1_474' title='bbox 158 3102 322 3167; x_wconf 68' lang='grc' dir='ltr'><strong>νὰμει</strong></span> <span class='ocrx_word' id='word_1_475' title='bbox 351 3102 465 3153; x_wconf 76' lang='grc' dir='ltr'><strong>τῶν</strong></span> <span class='ocrx_word' id='word_1_476' title='bbox 513 3104 824 3172; x_wconf 79' lang='grc' dir='ltr'><strong>ἀκροατῶν.</strong></span> <span class='ocrx_word' id='word_1_477' title='bbox 852 3105 1121 3159; x_wconf 81' lang='grc' dir='ltr'><strong>Ταπεινὺν</strong></span> <span class='ocrx_word' id='word_1_478' title='bbox 1146 3108 1245 3175; x_wconf 88' lang='grc' dir='ltr'><strong>μὲν</strong></span> <span class='ocrx_word' id='word_1_479' title='bbox 1288 3108 1394 3177; x_wconf 82' lang='grc' dir='ltr'><strong>γὰρ</strong></span> <span class='ocrx_word' id='word_1_480' title='bbox 1420 3107 1500 3172; x_wconf 83' lang='grc' dir='ltr'><strong>τὸ,</strong></span> <span class='ocrx_word' id='word_1_481' title='bbox 1550 3110 1645 3160; x_wconf 72' lang='grc' dir='ltr'><strong>ἐπὶ</strong></span> <span class='ocrx_word' id='word_1_482' title='bbox 1680 3112 1747 3178; x_wconf 84' lang='grc' dir='ltr'><strong>τῇ</strong></span> 
     </span>
    </p>
   </div>
   <div class='ocr_carea' id='block_1_60' title="bbox 1851 3096 3435 3178">
    <p class='ocr_par' dir='ltr' id='par_1_60' title="bbox 1852 3096 3435 3170">
     <span class='ocr_line' id='line_1_60' title="bbox 1852 3096 3435 3170; baseline -0.007 -11"><span class='ocrx_word' id='word_1_483' title='bbox 1852 3104 1975 3160; x_wconf 81' lang='lat' dir='ltr'><strong>dem</strong></span> <span class='ocrx_word' id='word_1_484' title='bbox 2016 3119 2161 3159; x_wconf 88' lang='lat' dir='ltr'><strong>nos:</strong></span> <span class='ocrx_word' id='word_1_485' title='bbox 2207 3103 2297 3156; x_wconf 92' lang='lat' dir='ltr'><strong>alii</strong></span> <span class='ocrx_word' id='word_1_486' title='bbox 2350 3114 2476 3156; x_wconf 77' lang='lat' dir='ltr'><strong>vero</strong></span> <span class='ocrx_word' id='word_1_487' title='bbox 2512 3103 2591 3155; x_wconf 90' lang='lat' dir='ltr'><strong>sic</strong></span> <span class='ocrx_word' id='word_1_488' title='bbox 2643 3111 3041 3170; x_wconf 76' lang='lat' dir='ltr'><strong>exposuerunt.</strong></span> <span class='ocrx_word' id='word_1_489' title='bbox 3097 3099 3259 3166; x_wconf 82' lang='lat' dir='ltr'><strong>Atqui</strong></span> <span class='ocrx_word' id='word_1_490' title='bbox 3304 3096 3435 3149; x_wconf 81' lang='lat' dir='ltr'><strong>ﬁdes</strong></span> 
     </span>
    </p>
   </div>
   <div class='ocr_carea' id='block_1_61' title="bbox 159 3189 1748 3265">
    <p class='ocr_par' dir='ltr' id='par_1_61' title="bbox 159 3190 1748 3265">
     <span class='ocr_line' id='line_1_61' title="bbox 159 3190 1748 3265; baseline 0.007 -23"><span class='ocrx_word' id='word_1_491' title='bbox 159 3190 341 3244; x_wconf 67' lang='grc' dir='ltr'><strong>πίστει</strong></span> <span class='ocrx_word' id='word_1_492' title='bbox 363 3192 463 3245; x_wconf 75' lang='grc' dir='ltr'><strong>τοῦ</strong></span> <span class='ocrx_word' id='word_1_493' title='bbox 497 3194 762 3263; x_wconf 76' lang='grc' dir='ltr'><strong>ὀνόματος</strong></span> <span class='ocrx_word' id='word_1_494' title='bbox 796 3197 962 3250; x_wconf 80' lang='grc' dir='ltr'><strong>αὑτοῦ</strong></span> <span class='ocrx_word' id='word_1_495' title='bbox 987 3213 1001 3227; x_wconf 86' lang='grc'><em>’</em></span> <span class='ocrx_word' id='word_1_496' title='bbox 1039 3199 1133 3251; x_wconf 81' lang='grc' dir='ltr'><strong>καὶ</strong></span> <span class='ocrx_word' id='word_1_497' title='bbox 1163 3200 1244 3262; x_wconf 82' lang='grc' dir='ltr'><strong>τὸ,</strong></span> <span class='ocrx_word' id='word_1_498' title='bbox 1286 3199 1324 3263; x_wconf 74' lang='grc' dir='ltr'><strong>ἢ</strong></span> <span class='ocrx_word' id='word_1_499' title='bbox 1371 3201 1576 3265; x_wconf 78' lang='grc' dir='ltr'><em>πίστις</em></span> <span class='ocrx_word' id='word_1_500' title='bbox 1604 3200 1642 3265; x_wconf 71' lang='lat'><strong>1)</strong></span> <span class='ocrx_word' id='word_1_501' title='bbox 1677 3200 1748 3252; x_wconf 77' lang='grc' dir='ltr'><strong>δι’</strong></span> 
     </span>
    </p>
   </div>
   <div class='ocr_carea' id='block_1_62' title="bbox 1851 3189 3436 3265">
    <p class='ocr_par' dir='ltr' id='par_1_62' title="bbox 1851 3189 3436 3265">
     <span class='ocr_line' id='line_1_62' title="bbox 1851 3189 3436 3265; baseline -0.006 -14"><span class='ocrx_word' id='word_1_502' title='bbox 1851 3196 2044 3251; x_wconf 87' lang='lat' dir='ltr'><strong>eadem</strong></span> <span class='ocrx_word' id='word_1_503' title='bbox 2075 3205 2181 3259; x_wconf 88' lang='lat' dir='ltr'><strong>est,</strong></span> <span class='ocrx_word' id='word_1_504' title='bbox 2219 3211 2345 3265; x_wconf 68' lang='lat' dir='ltr'><strong>qua:</strong></span> <span class='ocrx_word' id='word_1_505' title='bbox 2371 3195 2472 3249; x_wconf 88' lang='lat' dir='ltr'><strong>hoc</strong></span> <span class='ocrx_word' id='word_1_506' title='bbox 2500 3192 2700 3249; x_wconf 77' lang='lat' dir='ltr'><strong>eﬁecit.</strong></span> <span class='ocrx_word' id='word_1_507' title='bbox 2730 3190 2849 3247; x_wconf 84' lang='lat' dir='ltr'><strong>Non</strong></span> <span class='ocrx_word' id='word_1_508' title='bbox 2880 3193 3024 3246; x_wconf 90' lang='lat' dir='ltr'><strong>enim</strong></span> <span class='ocrx_word' id='word_1_509' title='bbox 3051 3191 3302 3245; x_wconf 75' lang='lat' dir='ltr'><strong>dixerat:</strong></span> <span class='ocrx_word' id='word_1_510' title='bbox 3334 3189 3436 3242; x_wconf 73' lang='lat' dir='ltr'><strong>l’t-r</strong></span> 
     </span>
    </p>
   </div>
   <div class='ocr_carea' id='block_1_63' title="bbox 153 3282 1748 3354">
    <p class='ocr_par' dir='ltr' id='par_1_63' title="bbox 153 3285 1748 3354">
     <span class='ocr_line' id='line_1_63' title="bbox 153 3285 1748 3354; baseline 0.005 -19"><span class='ocrx_word' id='word_1_511' title='bbox 153 3285 390 3339; x_wconf 81' lang='grc' dir='ltr'><strong>αὐτοῦ·</strong></span> <span class='ocrx_word' id='word_1_512' title='bbox 467 3286 675 3354; x_wconf 70' lang='grc' dir='ltr'><strong>ὑψηλὸν</strong></span> <span class='ocrx_word' id='word_1_513' title='bbox 736 3288 792 3340; x_wconf 82' lang='grc' dir='ltr'><strong>δὲ</strong></span> <span class='ocrx_word' id='word_1_514' title='bbox 847 3290 941 3341; x_wconf 80' lang='grc' dir='ltr'><strong>καὶ</strong></span> <span class='ocrx_word' id='word_1_515' title='bbox 1003 3289 1211 3341; x_wconf 85' lang='grc' dir='ltr'><strong>τέλειον</strong></span> <span class='ocrx_word' id='word_1_516' title='bbox 1275 3290 1336 3341; x_wconf 85' lang='grc' dir='ltr'><strong>τὸ</strong></span> <span class='ocrx_word' id='word_1_517' title='bbox 1388 3292 1565 3343; x_wconf 72' lang='grc' dir='ltr'><strong>εἰπεῖν</strong></span> <span class='ocrx_word' id='word_1_518' title='bbox 1597 3306 1611 3319; x_wconf 85' lang='grc'><em>’</em></span> <span class='ocrx_word' id='word_1_519' title='bbox 1677 3290 1748 3343; x_wconf 79' lang='grc' dir='ltr'><strong>Τὸ</strong></span> 
     </span>
    </p>
   </div>
   <div class='ocr_carea' id='block_1_64' title="bbox 1851 3282 3437 3354">
    <p class='ocr_par' dir='ltr' id='par_1_64' title="bbox 1855 3282 3437 3353">
     <span class='ocr_line' id='line_1_64' title="bbox 1855 3282 3437 3353; baseline -0.006 -9"><span class='ocrx_word' id='word_1_520' title='bbox 1855 3304 2052 3345; x_wconf 89' lang='lat' dir='ltr'><strong>nomen</strong></span> <span class='ocrx_word' id='word_1_521' title='bbox 2089 3307 2100 3341; x_wconf 95' lang='lat'>:</span> <span class='ocrx_word' id='word_1_522' title='bbox 2132 3288 2251 3353; x_wconf 89' lang='lat' dir='ltr'><strong>sed,</strong></span> <span class='ocrx_word' id='word_1_523' title='bbox 2296 3288 2351 3341; x_wconf 91' lang='lat' dir='ltr'><strong>in</strong></span> <span class='ocrx_word' id='word_1_524' title='bbox 2400 3286 2641 3341; x_wconf 90' lang='lat' dir='ltr'><strong>nomine.</strong></span> <span class='ocrx_word' id='word_1_525' title='bbox 2696 3284 2801 3340; x_wconf 88' lang='lat' dir='ltr'><strong>Sed</strong></span> <span class='ocrx_word' id='word_1_526' title='bbox 2849 3284 3091 3340; x_wconf 90' lang='lat' dir='ltr'><strong>nondum</strong></span> <span class='ocrx_word' id='word_1_527' title='bbox 3161 3282 3437 3336; x_wconf 82' lang='lat' dir='ltr'><strong>audebant.</strong></span> 
     </span>
    </p>
   </div>
   <div class='ocr_carea' id='block_1_65' title="bbox 156 3374 1748 3453">
    <p class='ocr_par' dir='ltr' id='par_1_65' title="bbox 156 3374 1748 3453">
     <span class='ocr_line' id='line_1_65' title="bbox 156 3374 1748 3453; baseline 0.004 -26"><span class='ocrx_word' id='word_1_528' title='bbox 156 3374 331 3444; x_wconf 72' lang='grc' dir='ltr'><strong>δνομα</strong></span> <span class='ocrx_word' id='word_1_529' title='bbox 366 3376 537 3429; x_wconf 71' lang='grc' dir='ltr'><strong>αὐτοῦ</strong></span> <span class='ocrx_word' id='word_1_530' title='bbox 574 3378 908 3447; x_wconf 67' lang='grc' dir='ltr'><strong>ἐστερέωσεν</strong></span> <span class='ocrx_word' id='word_1_531' title='bbox 946 3381 1107 3432; x_wconf 75' lang='grc' dir='ltr'><strong>αὐτόν</strong></span> <span class='ocrx_word' id='word_1_532' title='bbox 1134 3397 1146 3409; x_wconf 95' lang='grc'><strong>·</strong></span> <span class='ocrx_word' id='word_1_533' title='bbox 1187 3382 1324 3449; x_wconf 85' lang='grc' dir='ltr'><strong>ὅπερ</strong></span> <span class='ocrx_word' id='word_1_534' title='bbox 1354 3382 1558 3450; x_wconf 77' lang='grc' dir='ltr'><strong>γυμνὸν</strong></span> <span class='ocrx_word' id='word_1_535' title='bbox 1586 3381 1748 3453; x_wconf 75' lang='grc' dir='ltr'><strong>ῥηθὲν</strong></span> 
     </span>
    </p>
   </div>
   <div class='ocr_carea' id='block_1_66' title="bbox 1851 3374 3433 3453">
    <p class='ocr_par' dir='ltr' id='par_1_66' title="bbox 1854 3374 3433 3435">
     <span class='ocr_line' id='line_1_66' title="bbox 1854 3374 3433 3435; baseline -0.006 0"><span class='ocrx_word' id='word_1_536' title='bbox 1854 3382 2035 3435; x_wconf 87' lang='lat' dir='ltr'><strong>dicere</strong></span> <span class='ocrx_word' id='word_1_537' title='bbox 2067 3379 2268 3434; x_wconf 84' lang='lat' dir='ltr'><strong>:Fides</strong></span> <span class='ocrx_word' id='word_1_538' title='bbox 2304 3394 2397 3434; x_wconf 86' lang='lat' dir='ltr'><strong>seu</strong></span> <span class='ocrx_word' id='word_1_539' title='bbox 2438 3378 2638 3433; x_wconf 84' lang='lat' dir='ltr'><strong>ﬁducia</strong></span> <span class='ocrx_word' id='word_1_540' title='bbox 2677 3379 2729 3432; x_wconf 92' lang='lat' dir='ltr'><strong>in</strong></span> <span class='ocrx_word' id='word_1_541' title='bbox 2771 3378 2943 3430; x_wconf 91' lang='lat' dir='ltr'><strong>illum.</strong></span> <span class='ocrx_word' id='word_1_542' title='bbox 2978 3375 3055 3430; x_wconf 82' lang='lat' dir='ltr'><strong>Ne</strong></span> <span class='ocrx_word' id='word_1_543' title='bbox 3089 3385 3269 3429; x_wconf 90' lang='lat' dir='ltr'><strong>autem</strong></span> <span class='ocrx_word' id='word_1_544' title='bbox 3302 3374 3433 3427; x_wconf 87' lang='lat' dir='ltr'><strong>illud</strong></span> 
     </span>
    </p>
   </div>
   <div class='ocr_carea' id='block_1_67' title="bbox 162 3466 1748 3541">
    <p class='ocr_par' dir='ltr' id='par_1_67' title="bbox 162 3468 1748 3537">
     <span class='ocr_line' id='line_1_67' title="bbox 162 3468 1748 3537; baseline 0.004 -20"><span class='ocrx_word' id='word_1_545' title='bbox 162 3468 465 3537; x_wconf 79' lang='grc' dir='ltr'><strong>ἑτράχυνεν</strong></span> <span class='ocrx_word' id='word_1_546' title='bbox 503 3468 568 3520; x_wconf 78' lang='grc' dir='ltr'><strong>ἂν</strong></span> <span class='ocrx_word' id='word_1_547' title='bbox 590 3469 717 3530; x_wconf 73' lang='grc' dir='ltr'><strong>τοὺς</strong></span> <span class='ocrx_word' id='word_1_548' title='bbox 761 3469 1043 3531; x_wconf 77' lang='grc' dir='ltr'><strong>Ἰουδαίους</strong></span> <span class='ocrx_word' id='word_1_549' title='bbox 1069 3488 1083 3502; x_wconf 89' lang='grc'><strong>·</strong></span> <span class='ocrx_word' id='word_1_550' title='bbox 1130 3473 1241 3533; x_wconf 80' lang='grc' dir='ltr'><strong>τοῖς</strong></span> <span class='ocrx_word' id='word_1_551' title='bbox 1274 3472 1331 3523; x_wconf 83' lang='grc' dir='ltr'><strong>δὲ</strong></span> <span class='ocrx_word' id='word_1_552' title='bbox 1380 3472 1562 3535; x_wconf 77' lang='grc' dir='ltr'><strong>ἄλλοις</strong></span> <span class='ocrx_word' id='word_1_553' title='bbox 1620 3489 1748 3525; x_wconf 88' lang='grc' dir='ltr'><strong>συν-</strong></span> 
     </span>
    </p>
   </div>
   <div class='ocr_carea' id='block_1_68' title="bbox 1851 3466 3435 3541">
    <p class='ocr_par' dir='ltr' id='par_1_68' title="bbox 1854 3466 3435 3541">
     <span class='ocr_line' id='line_1_68' title="bbox 1854 3466 3435 3541; baseline -0.006 -14"><span class='ocrx_word' id='word_1_554' title='bbox 1854 3473 2060 3527; x_wconf 88' lang='lat' dir='ltr'><strong>dictum</strong></span> <span class='ocrx_word' id='word_1_555' title='bbox 2106 3490 2119 3525; x_wconf 89' lang='lat'><strong>:</strong></span> <span class='ocrx_word' id='word_1_556' title='bbox 2149 3487 2270 3541; x_wconf 72' lang='lat' dir='ltr'><strong>qua:</strong></span> <span class='ocrx_word' id='word_1_557' title='bbox 2302 3487 2397 3541; x_wconf 80' lang='lat' dir='ltr'><strong>per</strong></span> <span class='ocrx_word' id='word_1_558' title='bbox 2427 3471 2578 3524; x_wconf 90' lang='lat' dir='ltr'><strong>illum</strong></span> <span class='ocrx_word' id='word_1_559' title='bbox 2613 3470 2908 3540; x_wconf 64' lang='lat' dir='ltr'><strong>praedicata</strong></span> <span class='ocrx_word' id='word_1_560' title='bbox 2934 3476 3041 3533; x_wconf 89' lang='lat' dir='ltr'><strong>est,</strong></span> <span class='ocrx_word' id='word_1_561' title='bbox 3076 3481 3301 3537; x_wconf 89' lang='lat' dir='ltr'><strong>prorsus</strong></span> <span class='ocrx_word' id='word_1_562' title='bbox 3334 3466 3435 3518; x_wconf 89' lang='lat' dir='ltr'><strong>lut-</strong></span> 
     </span>
    </p>
   </div>
   <div class='ocr_carea' id='block_1_69' title="bbox 160 3559 1748 3633">
    <p class='ocr_par' dir='ltr' id='par_1_69' title="bbox 160 3561 1533 3633">
     <span class='ocr_line' id='line_1_69' title="bbox 160 3561 1533 3633; baseline 0.007 -25"><span class='ocrx_word' id='word_1_563' title='bbox 160 3561 325 3625; x_wconf 71' lang='grc' dir='ltr'><strong>ταγὲν</strong></span> <span class='ocrx_word' id='word_1_564' title='bbox 361 3562 460 3611; x_wconf 78' lang='grc' dir='ltr'><strong>καὶ</strong></span> <span class='ocrx_word' id='word_1_565' title='bbox 488 3562 800 3630; x_wconf 77' lang='grc' dir='ltr'><strong>παρατεθὲν</strong></span> <span class='ocrx_word' id='word_1_566' title='bbox 832 3563 1243 3631; x_wconf 80' lang='grc' dir='ltr'><strong>εὐπαράδεκτον</strong></span> <span class='ocrx_word' id='word_1_567' title='bbox 1273 3565 1533 3633; x_wconf 82' lang='grc' dir='ltr'><strong>κατέστη.</strong></span> 
     </span>
    </p>
   </div>
   <div class='ocr_carea' id='block_1_70' title="bbox 1851 3559 3438 3633">
    <p class='ocr_par' dir='ltr' id='par_1_70' title="bbox 1853 3559 3438 3631">
     <span class='ocr_line' id='line_1_70' title="bbox 1853 3559 3438 3631; baseline -0.005 -14"><span class='ocrx_word' id='word_1_568' title='bbox 1853 3565 1979 3619; x_wconf 90' lang='lat' dir='ltr'><strong>mile</strong></span> <span class='ocrx_word' id='word_1_569' title='bbox 2009 3572 2178 3627; x_wconf 86' lang='lat' dir='ltr'><strong>esset,</strong></span> <span class='ocrx_word' id='word_1_570' title='bbox 2238 3563 2521 3631; x_wconf 77' lang='lat' dir='ltr'><strong>subiunxit</strong></span> <span class='ocrx_word' id='word_1_571' title='bbox 2554 3582 2569 3617; x_wconf 84' lang='lat'><strong>-.</strong></span> <span class='ocrx_word' id='word_1_572' title='bbox 2602 3561 2667 3616; x_wconf 84' lang='lat' dir='ltr'><strong>Et</strong></span> <span class='ocrx_word' id='word_1_573' title='bbox 2691 3575 2885 3615; x_wconf 88' lang='lat' dir='ltr'><strong>nomen</strong></span> <span class='ocrx_word' id='word_1_574' title='bbox 2921 3560 3069 3614; x_wconf 89' lang='lat' dir='ltr'><strong>illius</strong></span> <span class='ocrx_word' id='word_1_575' title='bbox 3093 3559 3438 3613; x_wconf 86' lang='lat' dir='ltr'><strong>conﬁrmavit</strong></span> 
     </span>
    </p>
   </div>
   <div class='ocr_carea' id='block_1_71' title="bbox 159 3650 3437 3727">
    <p class='ocr_par' dir='ltr' id='par_1_71' title="bbox 159 3650 3437 3727">
     <span class='ocr_line' id='line_1_71' title="bbox 159 3650 3437 3727; baseline -0 -27"><span class='ocrx_word' id='word_1_576' title='bbox 159 3667 307 3703; x_wconf 84' lang='lat' dir='ltr'><strong>eum.</strong></span> <span class='ocrx_word' id='word_1_577' title='bbox 349 3651 460 3705; x_wconf 71' lang='lat' dir='ltr'><strong>Sed</strong></span> <span class='ocrx_word' id='word_1_578' title='bbox 520 3655 778 3719; x_wconf 80' lang='lat' dir='ltr'><strong>quoniam</strong></span> <span class='ocrx_word' id='word_1_579' title='bbox 813 3654 977 3708; x_wconf 84' lang='lat' dir='ltr'><strong>etiam</strong></span> <span class='ocrx_word' id='word_1_580' title='bbox 1030 3657 1133 3709; x_wconf 91' lang='lat' dir='ltr'><strong>hoc</strong></span> <span class='ocrx_word' id='word_1_581' title='bbox 1162 3657 1396 3711; x_wconf 85' lang='lat' dir='ltr'><strong>sublime</strong></span> <span class='ocrx_word' id='word_1_582' title='bbox 1430 3672 1493 3711; x_wconf 90' lang='lat' dir='ltr'><strong>ac</strong></span> <span class='ocrx_word' id='word_1_583' title='bbox 1539 3657 1839 3727; x_wconf 78' lang='lat' dir='ltr'><strong>perfectum</strong></span> <span class='ocrx_word' id='word_1_584' title='bbox 1907 3668 2046 3717; x_wconf 86' lang='lat' dir='ltr'><strong>erat,</strong></span> <span class='ocrx_word' id='word_1_585' title='bbox 2102 3655 2391 3710; x_wconf 87' lang='lat' dir='ltr'><strong>conﬁrmat</strong></span> <span class='ocrx_word' id='word_1_586' title='bbox 2462 3656 2513 3709; x_wconf 92' lang='lat' dir='ltr'><strong>id</strong></span> <span class='ocrx_word' id='word_1_587' title='bbox 2567 3654 2910 3721; x_wconf 87' lang='lat' dir='ltr'><strong>subjiciens:</strong></span> <span class='ocrx_word' id='word_1_588' title='bbox 2978 3650 3046 3705; x_wconf 83' lang='lat' dir='ltr'><strong>Et</strong></span> <span class='ocrx_word' id='word_1_589' title='bbox 3102 3650 3252 3719; x_wconf 84' lang='lat' dir='ltr'><strong>ﬁdes,</strong></span> <span class='ocrx_word' id='word_1_590' title='bbox 3321 3663 3437 3717; x_wconf 73' lang='lat' dir='ltr'><strong>qua:</strong></span> 
     </span>
    </p>
   </div>
   <div class='ocr_carea' id='block_1_72' title="bbox 160 3739 3431 3814">
    <p class='ocr_par' dir='ltr' id='par_1_72' title="bbox 160 3739 3431 3814">
     <span class='ocr_line' id='line_1_72' title="bbox 160 3739 3431 3814; baseline -0.001 -21"><span class='ocrx_word' id='word_1_591' title='bbox 160 3758 250 3806; x_wconf 82' lang='lat' dir='ltr'><strong>per</strong></span> <span class='ocrx_word' id='word_1_592' title='bbox 283 3758 415 3795; x_wconf 75' lang='lat' dir='ltr'><strong>eum</strong></span> <span class='ocrx_word' id='word_1_593' title='bbox 448 3744 744 3809; x_wconf 75' lang='lat' dir='ltr'><strong>prmdicata</strong></span> <span class='ocrx_word' id='word_1_594' title='bbox 779 3754 878 3809; x_wconf 86' lang='lat' dir='ltr'><strong>est,</strong></span> <span class='ocrx_word' id='word_1_595' title='bbox 913 3745 1138 3797; x_wconf 80' lang='lat' dir='ltr'><strong>humilia</strong></span> <span class='ocrx_word' id='word_1_596' title='bbox 1167 3746 1495 3800; x_wconf 81' lang='lat' dir='ltr'><strong>sublimibus</strong></span> <span class='ocrx_word' id='word_1_597' title='bbox 1534 3746 1767 3800; x_wconf 81' lang='lat' dir='ltr'><strong>invicem</strong></span> <span class='ocrx_word' id='word_1_598' title='bbox 1797 3748 2194 3801; x_wconf 81' lang='lat' dir='ltr'><strong>commiseens:</strong></span> <span class='ocrx_word' id='word_1_599' title='bbox 2226 3746 2332 3799; x_wconf 89' lang='lat' dir='ltr'><strong>alia</strong></span> <span class='ocrx_word' id='word_1_600' title='bbox 2367 3744 2587 3814; x_wconf 88' lang='lat' dir='ltr'><strong>quidem</strong></span> <span class='ocrx_word' id='word_1_601' title='bbox 2618 3743 2694 3797; x_wconf 88' lang='lat' dir='ltr'><strong>rei</strong></span> <span class='ocrx_word' id='word_1_602' title='bbox 2726 3748 2935 3795; x_wconf 67' lang='lat' dir='ltr'><strong>naturae</strong></span> <span class='ocrx_word' id='word_1_603' title='bbox 2995 3742 3242 3794; x_wconf 87' lang='lat' dir='ltr'><strong>tribuens</strong></span> <span class='ocrx_word' id='word_1_604' title='bbox 3279 3757 3292 3791; x_wconf 90' lang='lat'><strong>:</strong></span> <span class='ocrx_word' id='word_1_605' title='bbox 3325 3739 3431 3791; x_wconf 81' lang='lat' dir='ltr'><strong>alia</strong></span> 
     </span>
    </p>
   </div>
   <div class='ocr_carea' id='block_1_73' title="bbox 162 3833 3437 3906">
    <p class='ocr_par' dir='ltr' id='par_1_73' title="bbox 162 3833 3437 3906">
     <span class='ocr_line' id='line_1_73' title="bbox 162 3833 3437 3906; baseline -0.002 -15"><span class='ocrx_word' id='word_1_606' title='bbox 162 3851 291 3891; x_wconf 78' lang='lat' dir='ltr'><strong>vero</strong></span> <span class='ocrx_word' id='word_1_607' title='bbox 320 3834 604 3888; x_wconf 79' lang='lat' dir='ltr'><strong>aﬂ‘ectiuni</strong></span> <span class='ocrx_word' id='word_1_608' title='bbox 638 3845 695 3889; x_wconf 87' lang='lat' dir='ltr'><strong>et</strong></span> <span class='ocrx_word' id='word_1_609' title='bbox 734 3835 943 3889; x_wconf 84' lang='lat' dir='ltr'><strong>viribus</strong></span> <span class='ocrx_word' id='word_1_610' title='bbox 992 3835 1324 3890; x_wconf 83' lang='lat' dir='ltr'><strong>auditorum.</strong></span> <span class='ocrx_word' id='word_1_611' title='bbox 1400 3835 1613 3892; x_wconf 88' lang='lat' dir='ltr'><strong>llumile</strong></span> <span class='ocrx_word' id='word_1_612' title='bbox 1650 3839 1793 3891; x_wconf 89' lang='lat' dir='ltr'><strong>enim</strong></span> <span class='ocrx_word' id='word_1_613' title='bbox 1834 3846 1954 3892; x_wconf 89' lang='lat' dir='ltr'><strong>erat</strong></span> <span class='ocrx_word' id='word_1_614' title='bbox 1985 3837 2117 3891; x_wconf 90' lang='lat' dir='ltr'><strong>illud</strong></span> <span class='ocrx_word' id='word_1_615' title='bbox 2142 3836 2361 3906; x_wconf 89' lang='lat' dir='ltr'><strong>quidem</strong></span> <span class='ocrx_word' id='word_1_616' title='bbox 2394 3854 2409 3890; x_wconf 91' lang='lat'><strong>:</strong></span> <span class='ocrx_word' id='word_1_617' title='bbox 2455 3836 2682 3905; x_wconf 75' lang='lat' dir='ltr'><strong>l’ropter</strong></span> <span class='ocrx_word' id='word_1_618' title='bbox 2716 3834 2874 3889; x_wconf 86' lang='lat' dir='ltr'><strong>ﬁdem</strong></span> <span class='ocrx_word' id='word_1_619' title='bbox 2909 3834 3147 3887; x_wconf 85' lang='lat' dir='ltr'><strong>nominis</strong></span> <span class='ocrx_word' id='word_1_620' title='bbox 3192 3833 3333 3901; x_wconf 88' lang='lat' dir='ltr'><strong>ejus,</strong></span> <span class='ocrx_word' id='word_1_621' title='bbox 3382 3839 3437 3886; x_wconf 88' lang='lat' dir='ltr'><strong>ct</strong></span> 
     </span>
    </p>
   </div>
   <div class='ocr_carea' id='block_1_74' title="bbox 167 3926 3439 4000">
    <p class='ocr_par' dir='ltr' id='par_1_74' title="bbox 167 3926 3439 4000">
     <span class='ocr_line' id='line_1_74' title="bbox 167 3926 3439 4000; baseline 0.001 -18"><span class='ocrx_word' id='word_1_622' title='bbox 167 3928 303 3983; x_wconf 70' lang='lat' dir='ltr'><strong>illud</strong></span> <span class='ocrx_word' id='word_1_623' title='bbox 343 3946 359 3981; x_wconf 87' lang='lat'><strong>:</strong></span> <span class='ocrx_word' id='word_1_624' title='bbox 401 3927 564 3981; x_wconf 80' lang='lat' dir='ltr'><strong>Fides</strong></span> <span class='ocrx_word' id='word_1_625' title='bbox 594 3946 710 3997; x_wconf 71' lang='lat' dir='ltr'><strong>qum</strong></span> <span class='ocrx_word' id='word_1_626' title='bbox 739 3946 831 3997; x_wconf 87' lang='lat' dir='ltr'><strong>per</strong></span> <span class='ocrx_word' id='word_1_627' title='bbox 860 3930 1011 3982; x_wconf 77' lang='lat' dir='ltr'><strong>illum</strong></span> <span class='ocrx_word' id='word_1_628' title='bbox 1067 3932 1359 3996; x_wconf 66' lang='lat' dir='ltr'><strong>praedicata</strong></span> <span class='ocrx_word' id='word_1_629' title='bbox 1386 3940 1463 3984; x_wconf 83' lang='lat' dir='ltr'><strong>est</strong></span> <span class='ocrx_word' id='word_1_630' title='bbox 1493 3926 1519 3983; x_wconf 68' lang='grc' dir='ltr'><strong>ε’</strong></span> <span class='ocrx_word' id='word_1_631' title='bbox 1547 3931 1783 3987; x_wconf 85' lang='lat' dir='ltr'><strong>sublime</strong></span> <span class='ocrx_word' id='word_1_632' title='bbox 1823 3942 2001 3986; x_wconf 90' lang='lat' dir='ltr'><strong>autem</strong></span> <span class='ocrx_word' id='word_1_633' title='bbox 2036 3942 2201 4000; x_wconf 80' lang='lat' dir='ltr'><strong>atque</strong></span> <span class='ocrx_word' id='word_1_634' title='bbox 2228 3929 2528 3999; x_wconf 86' lang='lat' dir='ltr'><strong>perfectum</strong></span> <span class='ocrx_word' id='word_1_635' title='bbox 2564 3928 2617 3983; x_wconf 91' lang='lat' dir='ltr'><strong>id</strong></span> <span class='ocrx_word' id='word_1_636' title='bbox 2672 3928 2817 3997; x_wconf 90' lang='lat' dir='ltr'><strong>quod</strong></span> <span class='ocrx_word' id='word_1_637' title='bbox 2854 3929 2988 3982; x_wconf 81' lang='lat' dir='ltr'><strong>dixit</strong></span> <span class='ocrx_word' id='word_1_638' title='bbox 3022 3948 3034 3983; x_wconf 92' lang='lat'><strong>:</strong></span> <span class='ocrx_word' id='word_1_639' title='bbox 3109 3928 3313 3984; x_wconf 80' lang='lat' dir='ltr'><strong>Nomen</strong></span> <span class='ocrx_word' id='word_1_640' title='bbox 3374 3930 3439 3983; x_wconf 91' lang='lat' dir='ltr'><strong>il-</strong></span> 
     </span>
    </p>
   </div>
   <div class='ocr_carea' id='block_1_75' title="bbox 168 4019 3438 4093">
    <p class='ocr_par' dir='ltr' id='par_1_75' title="bbox 168 4019 3438 4093">
     <span class='ocr_line' id='line_1_75' title="bbox 168 4019 3438 4093; baseline 0 -20"><span class='ocrx_word' id='word_1_641' title='bbox 168 4021 275 4075; x_wconf 87' lang='lat' dir='ltr'><strong>lius</strong></span> <span class='ocrx_word' id='word_1_642' title='bbox 320 4036 449 4074; x_wconf 76' lang='lat' dir='ltr'><strong>eun;</strong></span> <span class='ocrx_word' id='word_1_643' title='bbox 473 4021 837 4085; x_wconf 86' lang='lat' dir='ltr'><strong>conﬁrmavit,</strong></span> <span class='ocrx_word' id='word_1_644' title='bbox 868 4036 931 4074; x_wconf 91' lang='lat' dir='ltr'><strong>ac</strong></span> <span class='ocrx_word' id='word_1_645' title='bbox 966 4021 1209 4076; x_wconf 81' lang='lat' dir='ltr'><strong>restituit</strong></span> <span class='ocrx_word' id='word_1_646' title='bbox 1249 4038 1264 4075; x_wconf 89' lang='lat'><strong>:</strong></span> <span class='ocrx_word' id='word_1_647' title='bbox 1297 4023 1442 4091; x_wconf 87' lang='lat' dir='ltr'><strong>qttnd</strong></span> <span class='ocrx_word' id='word_1_648' title='bbox 1473 4024 1519 4079; x_wconf 89' lang='lat' dir='ltr'><strong>si</strong></span> <span class='ocrx_word' id='word_1_649' title='bbox 1550 4023 1755 4077; x_wconf 91' lang='lat' dir='ltr'><strong>nudum</strong></span> <span class='ocrx_word' id='word_1_650' title='bbox 1794 4025 2064 4093; x_wconf 90' lang='lat' dir='ltr'><strong>prolatum</strong></span> <span class='ocrx_word' id='word_1_651' title='bbox 2118 4023 2333 4084; x_wconf 88' lang='lat' dir='ltr'><strong>fuisset,</strong></span> <span class='ocrx_word' id='word_1_652' title='bbox 2388 4029 2768 4090; x_wconf 82' lang='lat' dir='ltr'><strong>exasperasset</strong></span> <span class='ocrx_word' id='word_1_653' title='bbox 2799 4019 3017 4075; x_wconf 68' lang='lat' dir='ltr'><strong>Judmos</strong></span> <span class='ocrx_word' id='word_1_654' title='bbox 3050 4036 3065 4074; x_wconf 92' lang='lat'>:</span> <span class='ocrx_word' id='word_1_655' title='bbox 3126 4020 3251 4077; x_wconf 85' lang='lat' dir='ltr'><strong>aliis</strong></span> <span class='ocrx_word' id='word_1_656' title='bbox 3311 4038 3438 4076; x_wconf 76' lang='lat' dir='ltr'><strong>veru</strong></span> 
     </span>
    </p>
   </div>
   <div class='ocr_carea' id='block_1_76' title="bbox 167 4113 2712 4184">
    <p class='ocr_par' dir='ltr' id='par_1_76' title="bbox 167 4113 2712 4184">
     <span class='ocr_line' id='line_1_76' title="bbox 167 4113 2712 4184; baseline -0 -19"><span class='ocrx_word' id='word_1_657' title='bbox 167 4113 535 4180; x_wconf 73' lang='lat' dir='ltr'><strong>coniunctum</strong></span> <span class='ocrx_word' id='word_1_658' title='bbox 563 4122 618 4166; x_wconf 92' lang='lat' dir='ltr'><strong>et</strong></span> <span class='ocrx_word' id='word_1_659' title='bbox 664 4113 997 4181; x_wconf 86' lang='lat' dir='ltr'><strong>appositum,</strong></span> <span class='ocrx_word' id='word_1_660' title='bbox 1043 4121 1327 4184; x_wconf 83' lang='lat' dir='ltr'><strong>acceptum</strong></span> <span class='ocrx_word' id='word_1_661' title='bbox 1366 4114 1467 4167; x_wconf 85' lang='lat' dir='ltr'><strong>fuit</strong></span> <span class='ocrx_word' id='word_1_662' title='bbox 1511 4123 1565 4168; x_wconf 92' lang='lat' dir='ltr'><strong>et</strong></span> <span class='ocrx_word' id='word_1_663' title='bbox 1600 4114 1755 4168; x_wconf 80' lang='lat' dir='ltr'><strong>facile</strong></span> <span class='ocrx_word' id='word_1_664' title='bbox 1793 4113 2092 4170; x_wconf 83' lang='lat' dir='ltr'><strong>admissum</strong></span> <span class='ocrx_word' id='word_1_665' title='bbox 2120 4126 2283 4184; x_wconf 88' lang='lat' dir='ltr'><strong>atque</strong></span> <span class='ocrx_word' id='word_1_666' title='bbox 2329 4113 2712 4183; x_wconf 86' lang='lat' dir='ltr'><strong>approbatum.</strong></span> 
     </span>
    </p>
   </div>
   <div class='ocr_carea' id='block_1_77' title="bbox 234 4199 1755 4272">
    <p class='ocr_par' dir='ltr' id='par_1_77' title="bbox 234 4199 1755 4272">
     <span class='ocr_line' id='line_1_77' title="bbox 234 4199 1755 4272; baseline -0.001 -14"><span class='ocrx_word' id='word_1_667' title='bbox 234 4206 353 4258; x_wconf 82' lang='grc' dir='ltr'><strong>Καὶ</strong></span> <span class='ocrx_word' id='word_1_668' title='bbox 380 4204 523 4267; x_wconf 78' lang='grc' dir='ltr'><strong>νῦν,</strong></span> <span class='ocrx_word' id='word_1_669' title='bbox 548 4203 820 4271; x_wconf 65' lang='grc' dir='ltr'><strong>ἀδελφοὶ,</strong></span> <span class='ocrx_word' id='word_1_670' title='bbox 846 4199 977 4256; x_wconf 76' lang='grc' dir='ltr'><strong>οἶδα</strong></span> <span class='ocrx_word' id='word_1_671' title='bbox 1004 4202 1092 4255; x_wconf 84' lang='grc' dir='ltr'><strong>ὅτι</strong></span> <span class='ocrx_word' id='word_1_672' title='bbox 1108 4205 1257 4257; x_wconf 82' lang='grc' dir='ltr'><strong>κατὰ</strong></span> <span class='ocrx_word' id='word_1_673' title='bbox 1307 4203 1557 4271; x_wconf 76' lang='grc' dir='ltr'><strong>ἄγνοιαν</strong></span> <span class='ocrx_word' id='word_1_674' title='bbox 1576 4205 1755 4272; x_wconf 74' lang='grc' dir='ltr'><strong>ἐπρά-</strong></span> 
     </span>
    </p>
   </div>
   <div class='ocr_carea' id='block_1_78' title="bbox 173 4295 1291 4365">
    <p class='ocr_par' dir='ltr' id='par_1_78' title="bbox 173 4295 1291 4365">
     <span class='ocr_line' id='line_1_78' title="bbox 173 4295 1291 4365; baseline 0.001 -15"><span class='ocrx_word' id='word_1_675' title='bbox 173 4298 324 4361; x_wconf 76' lang='grc' dir='ltr'><strong>ξατε</strong></span> <span class='ocrx_word' id='word_1_676' title='bbox 343 4295 550 4364; x_wconf 80' lang='grc' dir='ltr'><strong>ὥσπερ</strong></span> <span class='ocrx_word' id='word_1_677' title='bbox 577 4298 674 4349; x_wconf 76' lang='grc' dir='ltr'><strong>καὶ</strong></span> <span class='ocrx_word' id='word_1_678' title='bbox 700 4298 754 4349; x_wconf 81' lang='lat' dir='ltr'><strong>ot</strong></span> <span class='ocrx_word' id='word_1_679' title='bbox 790 4296 1083 4365; x_wconf 78' lang='grc' dir='ltr'><strong>ἄρχοντες</strong></span> <span class='ocrx_word' id='word_1_680' title='bbox 1107 4297 1291 4365; x_wconf 83' lang='grc' dir='ltr'><strong>ὑμῶν.</strong></span> 
     </span>
    </p>
   </div>
   <div class='ocr_carea' id='block_1_79' title="bbox 249 4475 1760 4546">
    <p class='ocr_par' dir='ltr' id='par_1_79' title="bbox 249 4475 1760 4546">
     <span class='ocr_line' id='line_1_79' title="bbox 249 4475 1760 4546; baseline 0.004 -18"><span class='ocrx_word' id='word_1_681' title='bbox 249 4480 326 4529; x_wconf 88' lang='grc' dir='ltr'>Ὅ</span> <span class='ocrx_word' id='word_1_682' title='bbox 344 4475 417 4528; x_wconf 74' lang='grc' dir='ltr'><em>δὲ</em></span> <span class='ocrx_word' id='word_1_683' title='bbox 450 4476 595 4541; x_wconf 81' lang='grc' dir='ltr'><strong>Θεὸς</strong></span> <span class='ocrx_word' id='word_1_684' title='bbox 618 4475 657 4529; x_wconf 88' lang='lat' dir='ltr'><strong>d</strong></span> <span class='ocrx_word' id='word_1_685' title='bbox 690 4477 1157 4545; x_wconf 67' lang='grc' dir='ltr'><strong>προκατήῃοειλε</strong></span> <span class='ocrx_word' id='word_1_686' title='bbox 1169 4478 1265 4532; x_wconf 81' lang='grc' dir='ltr'><strong>διὰ</strong></span> <span class='ocrx_word' id='word_1_687' title='bbox 1290 4480 1585 4546; x_wconf 83' lang='grc' dir='ltr'><strong>στόματος</strong></span> <span class='ocrx_word' id='word_1_688' title='bbox 1607 4481 1760 4534; x_wconf 73' lang='grc' dir='ltr'><strong>πάν-</strong></span> 
     </span>
    </p>
   </div>
   <div class='ocr_carea' id='block_1_80' title="bbox 173 4566 1760 4638">
    <p class='ocr_par' dir='ltr' id='par_1_80' title="bbox 173 4566 1760 4638">
     <span class='ocr_line' id='line_1_80' title="bbox 173 4566 1760 4638; baseline 0.002 -18"><span class='ocrx_word' id='word_1_689' title='bbox 173 4585 294 4622; x_wconf 73' lang='grc' dir='ltr'><strong>των</strong></span> <span class='ocrx_word' id='word_1_690' title='bbox 312 4566 645 4634; x_wconf 58' lang='grc' dir='ltr'><strong>προφητῶν</strong></span> <span class='ocrx_word' id='word_1_691' title='bbox 664 4566 876 4633; x_wconf 81' lang='grc' dir='ltr'><strong>αὐτοῦ,</strong></span> <span class='ocrx_word' id='word_1_692' title='bbox 893 4568 1107 4622; x_wconf 76' lang='grc' dir='ltr'><strong>παθεῖν</strong></span> <span class='ocrx_word' id='word_1_693' title='bbox 1133 4568 1239 4622; x_wconf 84' lang='grc' dir='ltr'><strong>τὸν</strong></span> <span class='ocrx_word' id='word_1_694' title='bbox 1268 4571 1547 4637; x_wconf 78' lang='grc' dir='ltr'><strong>Χριστίν,</strong></span> <span class='ocrx_word' id='word_1_695' title='bbox 1577 4570 1760 4638; x_wconf 70' lang='grc' dir='ltr'><strong>ἐπλήο</strong></span> 
     </span>
    </p>
   </div>
   <div class='ocr_carea' id='block_1_81' title="bbox 168 4657 611 4723">
    <p class='ocr_par' dir='ltr' id='par_1_81' title="bbox 168 4657 611 4723">
     <span class='ocr_line' id='line_1_81' title="bbox 168 4657 611 4723; baseline -0.002 -13"><span class='ocrx_word' id='word_1_696' title='bbox 168 4672 376 4723; x_wconf 75' lang='grc' dir='ltr'><strong>ρωσεγ</strong></span> <span class='ocrx_word' id='word_1_697' title='bbox 404 4657 611 4720; x_wconf 84' lang='grc' dir='ltr'><strong>οὓτως.</strong></span> 
     </span>
    </p>
   </div>
   <div class='ocr_carea' id='block_1_82' title="bbox 258 4748 1757 4821">
    <p class='ocr_par' dir='ltr' id='par_1_82' title="bbox 258 4748 1757 4821">
     <span class='ocr_line' id='line_1_82' title="bbox 258 4748 1757 4821; baseline 0.001 -19"><span class='ocrx_word' id='word_1_698' title='bbox 258 4749 493 4818; x_wconf 80' lang='grc' dir='ltr'><strong>Ἐπειδὴ</strong></span> <span class='ocrx_word' id='word_1_699' title='bbox 519 4748 725 4818; x_wconf 72' lang='grc' dir='ltr'><strong>σφόδρα</strong></span> <span class='ocrx_word' id='word_1_700' title='bbox 762 4748 945 4801; x_wconf 79' lang='grc' dir='ltr'><strong>αὐτῶν</strong></span> <span class='ocrx_word' id='word_1_701' title='bbox 969 4748 1279 4819; x_wconf 74' lang='grc' dir='ltr'><strong>καθήψατο,</strong></span> <span class='ocrx_word' id='word_1_702' title='bbox 1314 4749 1474 4803; x_wconf 76' lang='grc' dir='ltr'><strong>πάλιν</strong></span> <span class='ocrx_word' id='word_1_703' title='bbox 1514 4751 1757 4821; x_wconf 81' lang='grc' dir='ltr'><strong>ἀνίησι⁹⁰</strong></span> 
     </span>
    </p>
   </div>
   <div class='ocr_carea' id='block_1_83' title="bbox 174 4844 1759 4916">
    <p class='ocr_par' dir='ltr' id='par_1_83' title="bbox 174 4844 1759 4916">
     <span class='ocr_line' id='line_1_83' title="bbox 174 4844 1759 4916; baseline -0.001 -16"><span class='ocrx_word' id='word_1_704' title='bbox 174 4848 357 4909; x_wconf 74' lang='grc' dir='ltr'><strong>διδοὺς</strong></span> <span class='ocrx_word' id='word_1_705' title='bbox 386 4846 573 4908; x_wconf 80' lang='grc' dir='ltr'><strong>αὐτοῖς</strong></span> <span class='ocrx_word' id='word_1_706' title='bbox 606 4844 857 4908; x_wconf 77' lang='grc' dir='ltr'><strong>ἐξουσίαν</strong></span> <span class='ocrx_word' id='word_1_707' title='bbox 918 4846 1252 4914; x_wconf 79' lang='grc' dir='ltr'><strong>μετανοίας·</strong></span> <span class='ocrx_word' id='word_1_708' title='bbox 1317 4848 1412 4899; x_wconf 77' lang='grc' dir='ltr'><strong>καὶ</strong></span> <span class='ocrx_word' id='word_1_709' title='bbox 1476 4848 1605 4915; x_wconf 70' lang='grc' dir='ltr'><strong>μίαν</strong></span> <span class='ocrx_word' id='word_1_710' title='bbox 1660 4848 1759 4916; x_wconf 84' lang='grc' dir='ltr'><strong>μὲν</strong></span> 
     </span>
    </p>
   </div>
   <div class='ocr_carea' id='block_1_84' title="bbox 177 4936 1755 5008">
    <p class='ocr_par' dir='ltr' id='par_1_84' title="bbox 177 4936 1755 5008">
     <span class='ocr_line' id='line_1_84' title="bbox 177 4936 1755 5008; baseline -0.001 -17"><span class='ocrx_word' id='word_1_711' title='bbox 177 4940 369 4999; x_wconf 73' lang='grc' dir='ltr'><strong>αὐτοῖς</strong></span> <span class='ocrx_word' id='word_1_712' title='bbox 398 4937 704 5004; x_wconf 78' lang='grc' dir='ltr'><strong>ἀπολογίας</strong></span> <span class='ocrx_word' id='word_1_713' title='bbox 733 4937 991 5008; x_wconf 77' lang='grc' dir='ltr'><strong>ἀφορμὴν</strong></span> <span class='ocrx_word' id='word_1_714' title='bbox 1022 4936 1332 5007; x_wconf 82' lang='grc' dir='ltr'><strong>χαρίζεται,</strong></span> <span class='ocrx_word' id='word_1_715' title='bbox 1358 4938 1458 5007; x_wconf 84' lang='grc' dir='ltr'><strong>τὴν</strong></span> <span class='ocrx_word' id='word_1_716' title='bbox 1489 4940 1717 5005; x_wconf 77' lang='grc' dir='ltr'><strong>ἄγνοιαν</strong></span> <span class='ocrx_word' id='word_1_717' title='bbox 1744 4955 1755 4967; x_wconf 80' lang='grc'><strong><em>⁸</em></strong></span> 
     </span>
    </p>
   </div>
   <div class='ocr_carea' id='block_1_85' title="bbox 177 5025 1765 5099">
    <p class='ocr_par' dir='ltr' id='par_1_85' title="bbox 177 5025 1765 5099">
     <span class='ocr_line' id='line_1_85' title="bbox 177 5025 1765 5099; baseline -0.001 -16"><span class='ocrx_word' id='word_1_718' title='bbox 177 5030 446 5097; x_wconf 78' lang='grc' dir='ltr'><strong>δευτέραν</strong></span> <span class='ocrx_word' id='word_1_719' title='bbox 490 5028 568 5090; x_wconf 83' lang='grc' dir='ltr'><strong>δὲ,</strong></span> <span class='ocrx_word' id='word_1_720' title='bbox 595 5030 678 5082; x_wconf 75' lang='grc' dir='ltr'><strong>ὅτι</strong></span> <span class='ocrx_word' id='word_1_721' title='bbox 727 5030 821 5081; x_wconf 72' lang='grc' dir='ltr'><strong>καὶ</strong></span> <span class='ocrx_word' id='word_1_722' title='bbox 853 5030 1379 5099; x_wconf 83' lang='grc' dir='ltr'><strong>προκατηγγελμένα</strong></span> <span class='ocrx_word' id='word_1_723' title='bbox 1404 5025 1545 5099; x_wconf 82' lang='grc' dir='ltr'><strong>ἦσαν</strong></span> <span class='ocrx_word' id='word_1_724' title='bbox 1576 5030 1645 5083; x_wconf 78' lang='grc' dir='ltr'><strong>τὰ</strong></span> <span class='ocrx_word' id='word_1_725' title='bbox 1682 5030 1765 5082; x_wconf 89' lang='grc' dir='ltr'><strong>λε-</strong></span> 
     </span>
    </p>
   </div>
   <div class='ocr_carea' id='block_1_86' title="bbox 179 5122 1763 5193">
    <p class='ocr_par' dir='ltr' id='par_1_86' title="bbox 179 5122 1763 5193">
     <span class='ocr_line' id='line_1_86' title="bbox 179 5122 1763 5193; baseline 0 -20"><span class='ocrx_word' id='word_1_726' title='bbox 179 5123 411 5191; x_wconf 74' lang='grc' dir='ltr'><strong>χθέντα·</strong></span> <span class='ocrx_word' id='word_1_727' title='bbox 436 5122 554 5185; x_wconf 79' lang='grc' dir='ltr'><strong>πῶς</strong></span> <span class='ocrx_word' id='word_1_728' title='bbox 574 5122 632 5174; x_wconf 82' lang='grc' dir='ltr'><strong>δὲ</strong></span> <span class='ocrx_word' id='word_1_729' title='bbox 662 5122 723 5174; x_wconf 77' lang='grc' dir='ltr'><strong>οὗ</strong></span> <span class='ocrx_word' id='word_1_730' title='bbox 748 5122 934 5193; x_wconf 76' lang='grc' dir='ltr'><strong>τίθησι</strong></span> <span class='ocrx_word' id='word_1_731' title='bbox 962 5124 1089 5189; x_wconf 77' lang='grc' dir='ltr'><strong>περὶ</strong></span> <span class='ocrx_word' id='word_1_732' title='bbox 1108 5125 1205 5191; x_wconf 81' lang='grc' dir='ltr'><strong>τῆς</strong></span> <span class='ocrx_word' id='word_1_733' title='bbox 1226 5122 1581 5191; x_wconf 83' lang='grc' dir='ltr'><strong>σταυρώσεως</strong></span> <span class='ocrx_word' id='word_1_734' title='bbox 1599 5122 1763 5175; x_wconf 77' lang='grc' dir='ltr'><strong>αὑτοῦ</strong></span> 
     </span>
    </p>
   </div>
   <div class='ocr_carea' id='block_1_87' title="bbox 185 5212 1765 5283">
    <p class='ocr_par' dir='ltr' id='par_1_87' title="bbox 185 5212 1765 5283">
     <span class='ocr_line' id='line_1_87' title="bbox 185 5212 1765 5283; baseline 0.001 -20"><span class='ocrx_word' id='word_1_735' title='bbox 185 5212 500 5283; x_wconf 72' lang='grc' dir='ltr'><strong>μαρτυρίαν</strong></span> <span class='ocrx_word' id='word_1_736' title='bbox 566 5212 605 5264; x_wconf 91' lang='grc' dir='ltr'><strong>Γ</strong></span> <span class='ocrx_word' id='word_1_737' title='bbox 612 5213 889 5282; x_wconf 78' lang='grc' dir='ltr'><strong>ραφικήν·</strong></span> <span class='ocrx_word' id='word_1_738' title='bbox 951 5213 1086 5267; x_wconf 76' lang='grc' dir='ltr'>ἀλλὰ</span> <span class='ocrx_word' id='word_1_739' title='bbox 1136 5215 1230 5266; x_wconf 55' lang='grc' dir='ltr'><strong>καὶ⁸</strong></span> <span class='ocrx_word' id='word_1_740' title='bbox 1293 5213 1602 5282; x_wconf 79' lang='grc' dir='ltr'><strong>ἔμπροσθεν</strong></span> <span class='ocrx_word' id='word_1_741' title='bbox 1667 5215 1765 5283; x_wconf 65' lang='grc' dir='ltr'><strong>μέ)</strong></span> 
     </span>
    </p>
   </div>
   <div class='ocr_carea' id='block_1_88' title="bbox 184 5302 1769 5375">
    <p class='ocr_par' dir='ltr' id='par_1_88' title="bbox 184 5302 1769 5375">
     <span class='ocr_line' id='line_1_88' title="bbox 184 5302 1769 5375; baseline -0.003 -17"><span class='ocrx_word' id='word_1_742' title='bbox 184 5324 352 5374; x_wconf 77' lang='grc' dir='ltr'><strong>φησι,</strong></span> <span class='ocrx_word' id='word_1_743' title='bbox 381 5308 448 5375; x_wconf 81' lang='grc' dir='ltr'><strong>τῇ</strong></span> <span class='ocrx_word' id='word_1_744' title='bbox 467 5305 752 5375; x_wconf 82' lang='grc' dir='ltr'><strong>ὡρισμένη</strong></span> <span class='ocrx_word' id='word_1_745' title='bbox 776 5304 938 5375; x_wconf 82' lang='grc' dir='ltr'><strong>βουλῇ</strong></span> <span class='ocrx_word' id='word_1_746' title='bbox 983 5305 1078 5357; x_wconf 82' lang='grc' dir='ltr'><strong>καὶ</strong></span> <span class='ocrx_word' id='word_1_747' title='bbox 1103 5304 1410 5373; x_wconf 80' lang='grc' dir='ltr'><strong>προγνώσει</strong></span> <span class='ocrx_word' id='word_1_748' title='bbox 1439 5304 1655 5356; x_wconf 81' lang='grc' dir='ltr'><strong>ἔκδοτον</strong></span> <span class='ocrx_word' id='word_1_749' title='bbox 1679 5302 1769 5354; x_wconf 86' lang='grc' dir='ltr'><strong>λα-</strong></span> 
     </span>
    </p>
   </div>
   <div class='ocr_carea' id='block_1_89' title="bbox 185 5396 1766 5465">
    <p class='ocr_par' dir='ltr' id='par_1_89' title="bbox 185 5396 1766 5465">
     <span class='ocr_line' id='line_1_89' title="bbox 185 5396 1766 5465; baseline -0.003 -15"><span class='ocrx_word' id='word_1_750' title='bbox 185 5398 399 5457; x_wconf 68' lang='grc' dir='ltr'><strong>ϐόντες.</strong></span> <span class='ocrx_word' id='word_1_751' title='bbox 424 5399 533 5449; x_wconf 81' lang='grc' dir='ltr'><strong>Καὶ</strong></span> <span class='ocrx_word' id='word_1_752' title='bbox 560 5396 653 5449; x_wconf 82' lang='grc' dir='ltr'><strong>νῦν</strong></span> <span class='ocrx_word' id='word_1_753' title='bbox 690 5397 748 5449; x_wconf 82' lang='grc' dir='ltr'><strong>δὲ</strong></span> <span class='ocrx_word' id='word_1_754' title='bbox 784 5396 1122 5465; x_wconf 86' lang='grc' dir='ltr'><strong>πλατύτερον</strong></span> <span class='ocrx_word' id='word_1_755' title='bbox 1159 5396 1430 5449; x_wconf 73' lang='grc' dir='ltr'><strong>ἐκτίθεται</strong></span> <span class='ocrx_word' id='word_1_756' title='bbox 1462 5396 1635 5463; x_wconf 81' lang='grc' dir='ltr'><strong>λέγων</strong></span> <span class='ocrx_word' id='word_1_757' title='bbox 1658 5410 1669 5423; x_wconf 93' lang='grc'><strong>·</strong></span> <span class='ocrx_word' id='word_1_758' title='bbox 1702 5396 1766 5446; x_wconf 77' lang='lat' dir='ltr'><strong>&quot;A</strong></span> 
     </span>
    </p>
   </div>
   <div class='ocr_carea' id='block_1_90' title="bbox 188 5485 1770 5559">
    <p class='ocr_par' dir='ltr' id='par_1_90' title="bbox 188 5485 1770 5559">
     <span class='ocr_line' id='line_1_90' title="bbox 188 5485 1770 5559; baseline -0.004 -18"><span class='ocrx_word' id='word_1_759' title='bbox 188 5488 630 5559; x_wconf 75' lang='grc' dir='ltr'><strong>προχατήγγεελε</strong></span> <span class='ocrx_word' id='word_1_760' title='bbox 646 5487 731 5542; x_wconf 82' lang='grc' dir='ltr'><strong>διὰ</strong></span> <span class='ocrx_word' id='word_1_761' title='bbox 761 5489 1023 5557; x_wconf 73' lang='grc' dir='ltr'><strong>στόματος</strong></span> <span class='ocrx_word' id='word_1_762' title='bbox 1069 5488 1288 5541; x_wconf 76' lang='grc' dir='ltr'><strong>πάντων</strong></span> <span class='ocrx_word' id='word_1_763' title='bbox 1338 5486 1446 5539; x_wconf 82' lang='grc' dir='ltr'><strong>τῶν</strong></span> <span class='ocrx_word' id='word_1_764' title='bbox 1474 5485 1770 5555; x_wconf 77' lang='grc' dir='ltr'><strong>προφητῶν</strong></span> 
     </span>
    </p>
   </div>
   <div class='ocr_carea' id='block_1_91' title="bbox 1938 4201 3437 4269">
    <p class='ocr_par' dir='ltr' id='par_1_91' title="bbox 1938 4201 3437 4269">
     <span class='ocr_line' id='line_1_91' title="bbox 1938 4201 3437 4269; baseline -0.002 -11"><span class='ocrx_word' id='word_1_765' title='bbox 1938 4204 2103 4261; x_wconf 75' lang='lat' dir='ltr'><strong>Vens.</strong></span> <span class='ocrx_word' id='word_1_766' title='bbox 2151 4205 2237 4257; x_wconf 80' lang='lat' dir='ltr'><strong>l7.</strong></span> <span class='ocrx_word' id='word_1_767' title='bbox 2270 4202 2336 4255; x_wconf 84' lang='lat' dir='ltr'><strong>Et</strong></span> <span class='ocrx_word' id='word_1_768' title='bbox 2370 4218 2526 4266; x_wconf 84' lang='lat' dir='ltr'><strong>nunc,</strong></span> <span class='ocrx_word' id='word_1_769' title='bbox 2567 4201 2783 4268; x_wconf 81' lang='lat' dir='ltr'><strong>fratres,</strong></span> <span class='ocrx_word' id='word_1_770' title='bbox 2820 4202 2928 4254; x_wconf 84' lang='lat' dir='ltr'><strong>scio</strong></span> <span class='ocrx_word' id='word_1_771' title='bbox 2963 4217 3050 4254; x_wconf 77' lang='lat' dir='ltr'><strong>vos</strong></span> <span class='ocrx_word' id='word_1_772' title='bbox 3082 4201 3437 4269; x_wconf 79' lang='lat' dir='ltr'><strong>imprudentes</strong></span> 
     </span>
    </p>
   </div>
   <div class='ocr_carea' id='block_1_92' title="bbox 1857 4293 3438 4362">
    <p class='ocr_par' dir='ltr' id='par_1_92' title="bbox 1857 4293 3438 4362">
     <span class='ocr_line' id='line_1_92' title="bbox 1857 4293 3438 4362; baseline -0.003 -11"><span class='ocrx_word' id='word_1_773' title='bbox 1857 4302 1955 4352; x_wconf 73' lang='lat' dir='ltr'><strong>hoc</strong></span> <span class='ocrx_word' id='word_1_774' title='bbox 1984 4297 2328 4360; x_wconf 74' lang='lat' dir='ltr'><strong>commisisse,</strong></span> <span class='ocrx_word' id='word_1_775' title='bbox 2365 4296 2500 4348; x_wconf 87' lang='lat' dir='ltr'><strong>sicut</strong></span> <span class='ocrx_word' id='word_1_776' title='bbox 2529 4303 2578 4347; x_wconf 87' lang='lat' dir='ltr'><strong>et</strong></span> <span class='ocrx_word' id='word_1_777' title='bbox 2612 4293 2957 4362; x_wconf 75' lang='lat' dir='ltr'><strong>magistratus</strong></span> <span class='ocrx_word' id='word_1_778' title='bbox 2982 4302 3029 4347; x_wconf 91' lang='lat' dir='ltr'><strong>et</strong></span> <span class='ocrx_word' id='word_1_779' title='bbox 3058 4294 3319 4362; x_wconf 80' lang='lat' dir='ltr'><strong>principes</strong></span> <span class='ocrx_word' id='word_1_780' title='bbox 3352 4310 3438 4347; x_wconf 86' lang='lat' dir='ltr'><strong>ve-</strong></span> 
     </span>
    </p>
   </div>
   <div class='ocr_carea' id='block_1_93' title="bbox 1785 4367 2025 4446">
    <p class='ocr_par' dir='ltr' id='par_1_93' title="bbox 1785 4367 2025 4446">
     <span class='ocr_line' id='line_1_93' title="bbox 1785 4367 2025 4446; baseline -0.017 1"><span class='ocrx_word' id='word_1_781' title='bbox 1785 4367 1832 4424; x_wconf 70' lang='grc' dir='ltr'><strong>ο</strong></span> <span class='ocrx_word' id='word_1_782' title='bbox 1863 4403 2025 4446; x_wconf 74' lang='grc' dir='ltr'><strong>δινσε.</strong></span> 
     </span>
    </p>
   </div>
   <div class='ocr_carea' id='block_1_94' title="bbox 1936 4478 3438 4546">
    <p class='ocr_par' dir='ltr' id='par_1_94' title="bbox 1936 4478 3438 4546">
     <span class='ocr_line' id='line_1_94' title="bbox 1936 4478 3438 4546; baseline -0.004 -10"><span class='ocrx_word' id='word_1_783' title='bbox 1936 4482 2100 4537; x_wconf 70' lang='lat' dir='ltr'><strong>Velut.</strong></span> <span class='ocrx_word' id='word_1_784' title='bbox 2138 4483 2225 4538; x_wconf 70' lang='lat'><strong>18.</strong></span> <span class='ocrx_word' id='word_1_785' title='bbox 2263 4480 2367 4535; x_wconf 89' lang='lat' dir='ltr'><strong>Sed</strong></span> <span class='ocrx_word' id='word_1_786' title='bbox 2405 4480 2568 4540; x_wconf 85' lang='lat' dir='ltr'><strong>Deus,</strong></span> <span class='ocrx_word' id='word_1_787' title='bbox 2616 4495 2733 4546; x_wconf 68' lang='lat' dir='ltr'><strong>qum</strong></span> <span class='ocrx_word' id='word_1_788' title='bbox 2758 4494 2847 4545; x_wconf 82' lang='lat' dir='ltr'><strong>per</strong></span> <span class='ocrx_word' id='word_1_789' title='bbox 2862 4494 2919 4531; x_wconf 79' lang='lat' dir='ltr'><strong>es</strong></span> <span class='ocrx_word' id='word_1_790' title='bbox 2952 4478 3185 4531; x_wconf 80' lang='lat' dir='ltr'><strong>omnium</strong></span> <span class='ocrx_word' id='word_1_791' title='bbox 3211 4478 3438 4545; x_wconf 76' lang='lat' dir='ltr'><strong>prophe-</strong></span> 
     </span>
    </p>
   </div>
   <div class='ocr_carea' id='block_1_95' title="bbox 1868 4570 3439 4646">
    <p class='ocr_par' dir='ltr' id='par_1_95' title="bbox 1868 4570 3439 4646">
     <span class='ocr_line' id='line_1_95' title="bbox 1868 4570 3439 4646; baseline -0.004 -18"><span class='ocrx_word' id='word_1_792' title='bbox 1868 4588 2045 4629; x_wconf 86' lang='lat' dir='ltr'><strong>tarum</strong></span> <span class='ocrx_word' id='word_1_793' title='bbox 2070 4574 2181 4646; x_wconf 70' lang='grc' dir='ltr'>ω</span> <span class='ocrx_word' id='word_1_794' title='bbox 2201 4590 2415 4629; x_wconf 83' lang='lat' dir='ltr'><strong>suorum</strong></span> <span class='ocrx_word' id='word_1_795' title='bbox 2445 4573 2943 4640; x_wconf 71' lang='lat' dir='ltr'><strong>prtesigniﬁcaterat</strong></span> <span class='ocrx_word' id='word_1_796' title='bbox 2980 4581 3023 4635; x_wconf 72' lang='grc' dir='ltr'><strong>τ,</strong></span> <span class='ocrx_word' id='word_1_797' title='bbox 3060 4571 3173 4637; x_wconf 78' lang='lat' dir='ltr'><strong>fore</strong></span> <span class='ocrx_word' id='word_1_798' title='bbox 3208 4570 3439 4623; x_wconf 83' lang='lat' dir='ltr'><strong>videlicet</strong></span> 
     </span>
    </p>
   </div>
   <div class='ocr_carea' id='block_1_96' title="bbox 1870 4659 3437 4729">
    <p class='ocr_par' dir='ltr' id='par_1_96' title="bbox 1870 4659 3437 4729">
     <span class='ocr_line' id='line_1_96' title="bbox 1870 4659 3437 4729; baseline -0.005 -12"><span class='ocrx_word' id='word_1_799' title='bbox 1870 4676 1925 4717; x_wconf 83' lang='lat' dir='ltr'><strong>ut</strong></span> <span class='ocrx_word' id='word_1_800' title='bbox 1960 4664 2202 4717; x_wconf 80' lang='lat' dir='ltr'><strong>Christus</strong></span> <span class='ocrx_word' id='word_1_801' title='bbox 2233 4661 2490 4729; x_wconf 86' lang='lat' dir='ltr'><strong>supplicio</strong></span> <span class='ocrx_word' id='word_1_802' title='bbox 2514 4660 2823 4727; x_wconf 74' lang='lat' dir='ltr'><strong>nﬂiceretur,</strong></span> <span class='ocrx_word' id='word_1_803' title='bbox 2865 4662 2961 4711; x_wconf 80' lang='lat' dir='ltr'><strong>hoc</strong></span> <span class='ocrx_word' id='word_1_804' title='bbox 2995 4659 3146 4710; x_wconf 87' lang='lat' dir='ltr'><strong>modo</strong></span> <span class='ocrx_word' id='word_1_805' title='bbox 3188 4659 3437 4724; x_wconf 78' lang='lat' dir='ltr'><strong>implerit.</strong></span> 
     </span>
    </p>
   </div>
   <div class='ocr_carea' id='block_1_97' title="bbox 1940 4749 3441 4823">
    <p class='ocr_par' dir='ltr' id='par_1_97' title="bbox 1940 4749 3441 4823">
     <span class='ocr_line' id='line_1_97' title="bbox 1940 4749 3441 4823; baseline -0.007 -13"><span class='ocrx_word' id='word_1_806' title='bbox 1940 4757 2298 4823; x_wconf 80' lang='lat' dir='ltr'><strong>Posteaquam</strong></span> <span class='ocrx_word' id='word_1_807' title='bbox 2331 4766 2426 4805; x_wconf 87' lang='lat' dir='ltr'><strong>eos</strong></span> <span class='ocrx_word' id='word_1_808' title='bbox 2452 4749 2799 4805; x_wconf 88' lang='lat' dir='ltr'><strong>vehementer</strong></span> <span class='ocrx_word' id='word_1_809' title='bbox 2847 4750 3288 4816; x_wconf 83' lang='lat' dir='ltr'><strong>reprehenderat,</strong></span> <span class='ocrx_word' id='word_1_810' title='bbox 3321 4765 3441 4802; x_wconf 90' lang='lat' dir='ltr'><strong>rur-</strong></span> 
     </span>
    </p>
   </div>
   <div class='ocr_carea' id='block_1_98' title="bbox 1871 4839 3444 4915">
    <p class='ocr_par' dir='ltr' id='par_1_98' title="bbox 1871 4839 3444 4915">
     <span class='ocr_line' id='line_1_98' title="bbox 1871 4839 3444 4915; baseline -0.006 -15"><span class='ocrx_word' id='word_1_811' title='bbox 1871 4861 1964 4900; x_wconf 80' lang='lat' dir='ltr'><strong>sus</strong></span> <span class='ocrx_word' id='word_1_812' title='bbox 1994 4845 2224 4915; x_wconf 77' lang='lat' dir='ltr'><strong>mitigat,</strong></span> <span class='ocrx_word' id='word_1_813' title='bbox 2262 4843 2400 4897; x_wconf 88' lang='lat' dir='ltr'><strong>dans</strong></span> <span class='ocrx_word' id='word_1_814' title='bbox 2428 4840 2510 4894; x_wconf 89' lang='lat' dir='ltr'><strong>eis</strong></span> <span class='ocrx_word' id='word_1_815' title='bbox 2557 4848 2879 4909; x_wconf 85' lang='lat' dir='ltr'><strong>potestatem</strong></span> <span class='ocrx_word' id='word_1_816' title='bbox 2924 4839 3299 4908; x_wconf 82' lang='lat' dir='ltr'><strong>resipiscendi.</strong></span> <span class='ocrx_word' id='word_1_817' title='bbox 3362 4848 3444 4890; x_wconf 86' lang='lat' dir='ltr'><strong>at-</strong></span> 
     </span>
    </p>
   </div>
   <div class='ocr_carea' id='block_1_99' title="bbox 1871 4934 3441 5005">
    <p class='ocr_par' dir='ltr' id='par_1_99' title="bbox 1871 4934 3441 5005">
     <span class='ocr_line' id='line_1_99' title="bbox 1871 4934 3441 5005; baseline -0.003 -18"><span class='ocrx_word' id='word_1_818' title='bbox 1871 4954 1974 5005; x_wconf 83' lang='lat' dir='ltr'><strong>que</strong></span> <span class='ocrx_word' id='word_1_819' title='bbox 2012 4953 2179 4991; x_wconf 89' lang='lat' dir='ltr'><strong>unum</strong></span> <span class='ocrx_word' id='word_1_820' title='bbox 2217 4937 2285 4990; x_wconf 92' lang='lat' dir='ltr'><strong>iis</strong></span> <span class='ocrx_word' id='word_1_821' title='bbox 2312 4934 2649 4989; x_wconf 82' lang='lat' dir='ltr'><strong>defensionis</strong></span> <span class='ocrx_word' id='word_1_822' title='bbox 2682 4934 2987 4988; x_wconf 86' lang='lat' dir='ltr'><strong>subsidium</strong></span> <span class='ocrx_word' id='word_1_823' title='bbox 3012 4935 3255 5001; x_wconf 82' lang='lat' dir='ltr'><strong>largitur,</strong></span> <span class='ocrx_word' id='word_1_824' title='bbox 3291 4934 3441 5001; x_wconf 84' lang='lat' dir='ltr'><strong>igntt-</strong></span> 
     </span>
    </p>
   </div>
   <div class='ocr_carea' id='block_1_100' title="bbox 1871 5026 3445 5096">
    <p class='ocr_par' dir='ltr' id='par_1_100' title="bbox 1871 5026 3445 5096">
     <span class='ocr_line' id='line_1_100' title="bbox 1871 5026 3445 5096; baseline -0.005 -12"><span class='ocrx_word' id='word_1_825' title='bbox 1871 5031 2105 5084; x_wconf 88' lang='lat' dir='ltr'><strong>rantiam</strong></span> <span class='ocrx_word' id='word_1_826' title='bbox 2140 5031 2408 5083; x_wconf 80' lang='lat' dir='ltr'><strong>:alterum</strong></span> <span class='ocrx_word' id='word_1_827' title='bbox 2451 5028 2601 5092; x_wconf 88' lang='lat' dir='ltr'><strong>item,</strong></span> <span class='ocrx_word' id='word_1_828' title='bbox 2630 5028 2773 5096; x_wconf 91' lang='lat' dir='ltr'><strong>quod</strong></span> <span class='ocrx_word' id='word_1_829' title='bbox 2807 5042 2870 5080; x_wconf 91' lang='lat' dir='ltr'><strong>ea</strong></span> <span class='ocrx_word' id='word_1_830' title='bbox 2901 5042 3021 5094; x_wconf 73' lang='lat' dir='ltr'><strong>qua:</strong></span> <span class='ocrx_word' id='word_1_831' title='bbox 3055 5026 3269 5077; x_wconf 69' lang='lat' dir='ltr'><strong>dixerat</strong></span> <span class='ocrx_word' id='word_1_832' title='bbox 3307 5040 3445 5093; x_wconf 68' lang='lat' dir='ltr'><strong>prte-</strong></span> 
     </span>
    </p>
   </div>
   <div class='ocr_carea' id='block_1_101' title="bbox 1870 5115 3443 5191">
    <p class='ocr_par' dir='ltr' id='par_1_101' title="bbox 1870 5115 3443 5191">
     <span class='ocr_line' id='line_1_101' title="bbox 1870 5115 3443 5191; baseline -0.004 -17"><span class='ocrx_word' id='word_1_833' title='bbox 1870 5122 2172 5191; x_wconf 74' lang='lat' dir='ltr'><strong>signiﬁcata</strong></span> <span class='ocrx_word' id='word_1_834' title='bbox 2222 5128 2425 5173; x_wconf 79' lang='lat' dir='ltr'><strong>essent.</strong></span> <span class='ocrx_word' id='word_1_835' title='bbox 2464 5116 2571 5171; x_wconf 88' lang='lat' dir='ltr'><strong>Sed</strong></span> <span class='ocrx_word' id='word_1_836' title='bbox 2622 5117 2712 5186; x_wconf 92' lang='lat' dir='ltr'><strong>qui</strong></span> <span class='ocrx_word' id='word_1_837' title='bbox 2758 5116 2835 5178; x_wconf 90' lang='lat' dir='ltr'><strong>ﬁt,</strong></span> <span class='ocrx_word' id='word_1_838' title='bbox 2901 5126 2959 5169; x_wconf 89' lang='lat' dir='ltr'><strong>ut</strong></span> <span class='ocrx_word' id='word_1_839' title='bbox 3013 5132 3118 5169; x_wconf 91' lang='lat' dir='ltr'><strong>non</strong></span> <span class='ocrx_word' id='word_1_840' title='bbox 3172 5126 3333 5182; x_wconf 73' lang='lat' dir='ltr'><strong>portat</strong></span> <span class='ocrx_word' id='word_1_841' title='bbox 3376 5115 3443 5167; x_wconf 86' lang='lat' dir='ltr'><strong>de</strong></span> 
     </span>
    </p>
   </div>
   <div class='ocr_carea' id='block_1_102' title="bbox 1869 5209 3444 5280">
    <p class='ocr_par' dir='ltr' id='par_1_102' title="bbox 1869 5209 3444 5280">
     <span class='ocr_line' id='line_1_102' title="bbox 1869 5209 3444 5280; baseline -0.006 -12"><span class='ocrx_word' id='word_1_842' title='bbox 1869 5214 2225 5268; x_wconf 77' lang='lat' dir='ltr'><strong>cruciﬁxione</strong></span> <span class='ocrx_word' id='word_1_843' title='bbox 2247 5212 2366 5280; x_wconf 87' lang='lat' dir='ltr'><strong>ejus</strong></span> <span class='ocrx_word' id='word_1_844' title='bbox 2395 5211 2768 5265; x_wconf 84' lang='lat' dir='ltr'><strong>testimonium</strong></span> <span class='ocrx_word' id='word_1_845' title='bbox 2805 5209 3141 5277; x_wconf 65' lang='lat' dir='ltr'><strong>Scriptum?</strong></span> <span class='ocrx_word' id='word_1_846' title='bbox 3171 5222 3354 5260; x_wconf 68' lang='lat' dir='ltr'><strong>verum</strong></span> <span class='ocrx_word' id='word_1_847' title='bbox 3389 5217 3444 5259; x_wconf 86' lang='lat' dir='ltr'><strong>et</strong></span> 
     </span>
    </p>
   </div>
   <div class='ocr_carea' id='block_1_103' title="bbox 1871 5296 3439 5373">
    <p class='ocr_par' dir='ltr' id='par_1_103' title="bbox 1871 5296 3439 5373">
     <span class='ocr_line' id='line_1_103' title="bbox 1871 5296 3439 5373; baseline -0.008 -13"><span class='ocrx_word' id='word_1_848' title='bbox 1871 5316 1997 5361; x_wconf 89' lang='lat' dir='ltr'><strong>ante</strong></span> <span class='ocrx_word' id='word_1_849' title='bbox 2026 5306 2243 5373; x_wconf 88' lang='lat' dir='ltr'><strong>quidem</strong></span> <span class='ocrx_word' id='word_1_850' title='bbox 2277 5304 2490 5357; x_wconf 81' lang='lat' dir='ltr'><strong>dixerat</strong></span> <span class='ocrx_word' id='word_1_851' title='bbox 2529 5320 2542 5355; x_wconf 87' lang='lat'><strong>:</strong></span> <span class='ocrx_word' id='word_1_852' title='bbox 2577 5310 2727 5356; x_wconf 87' lang='lat' dir='ltr'><strong>certo</strong></span> <span class='ocrx_word' id='word_1_853' title='bbox 2755 5300 2984 5355; x_wconf 88' lang='lat' dir='ltr'><strong>consilio</strong></span> <span class='ocrx_word' id='word_1_854' title='bbox 3010 5308 3063 5352; x_wconf 90' lang='lat' dir='ltr'><strong>ct</strong></span> <span class='ocrx_word' id='word_1_855' title='bbox 3100 5296 3439 5367; x_wconf 74' lang='lat' dir='ltr'><strong>prtescicntia</strong></span> 
     </span>
    </p>
   </div>
   <div class='ocr_carea' id='block_1_104' title="bbox 1874 5384 3443 5459">
    <p class='ocr_par' dir='ltr' id='par_1_104' title="bbox 1874 5384 3443 5459">
     <span class='ocr_line' id='line_1_104' title="bbox 1874 5384 3443 5459; baseline -0.009 -12"><span class='ocrx_word' id='word_1_856' title='bbox 1874 5394 2117 5447; x_wconf 87' lang='lat' dir='ltr'><strong>deditum</strong></span> <span class='ocrx_word' id='word_1_857' title='bbox 2154 5406 2277 5445; x_wconf 88' lang='lat' dir='ltr'><strong>cum</strong></span> <span class='ocrx_word' id='word_1_858' title='bbox 2315 5390 2671 5459; x_wconf 89' lang='lat' dir='ltr'><strong>accepissctis</strong></span> <span class='ocrx_word' id='word_1_859' title='bbox 2705 5407 2718 5441; x_wconf 92' lang='lat'>:</span> <span class='ocrx_word' id='word_1_860' title='bbox 2753 5398 2807 5443; x_wconf 92' lang='lat' dir='ltr'><strong>et</strong></span> <span class='ocrx_word' id='word_1_861' title='bbox 2838 5402 2980 5441; x_wconf 90' lang='lat' dir='ltr'><strong>nunc</strong></span> <span class='ocrx_word' id='word_1_862' title='bbox 3016 5387 3144 5439; x_wconf 89' lang='lat' dir='ltr'><strong>item</strong></span> <span class='ocrx_word' id='word_1_863' title='bbox 3176 5385 3225 5437; x_wconf 87' lang='lat' dir='ltr'><strong>id</strong></span> <span class='ocrx_word' id='word_1_864' title='bbox 3281 5384 3443 5435; x_wconf 83' lang='lat' dir='ltr'><strong>latins</strong></span> 
     </span>
    </p>
   </div>
   <div class='ocr_carea' id='block_1_105' title="bbox 1878 5478 3445 5554">
    <p class='ocr_par' dir='ltr' id='par_1_105' title="bbox 1878 5478 3445 5554">
     <span class='ocr_line' id='line_1_105' title="bbox 1878 5478 3445 5554; baseline -0.009 -14"><span class='ocrx_word' id='word_1_865' title='bbox 1878 5484 2116 5554; x_wconf 80' lang='lat' dir='ltr'><strong>exponit,</strong></span> <span class='ocrx_word' id='word_1_866' title='bbox 2149 5483 2277 5537; x_wconf 90' lang='lat' dir='ltr'><strong>dum</strong></span> <span class='ocrx_word' id='word_1_867' title='bbox 2311 5481 2446 5537; x_wconf 77' lang='lat' dir='ltr'><strong>dicit</strong></span> <span class='ocrx_word' id='word_1_868' title='bbox 2498 5499 2509 5536; x_wconf 87' lang='lat'><strong>:</strong></span> <span class='ocrx_word' id='word_1_869' title='bbox 2549 5497 2668 5551; x_wconf 72' lang='lat' dir='ltr'><strong>qua:</strong></span> <span class='ocrx_word' id='word_1_870' title='bbox 2713 5494 2898 5550; x_wconf 83' lang='lat' dir='ltr'><strong>peros</strong></span> <span class='ocrx_word' id='word_1_871' title='bbox 2940 5478 3181 5534; x_wconf 89' lang='lat' dir='ltr'><strong>omnium</strong></span> <span class='ocrx_word' id='word_1_872' title='bbox 3224 5489 3445 5528; x_wconf 88' lang='lat' dir='ltr'><strong>suorum</strong></span> 
     </span>
    </p>
   </div>
   <div class='ocr_carea' id='block_1_106' title="bbox 1388 5621 2273 5683">
    <p class='ocr_par' dir='ltr' id='par_1_106' title="bbox 1388 5621 2273 5683">
     <span class='ocr_line' id='line_1_106' title="bbox 1388 5621 2273 5683; baseline -0.005 -2"><span class='ocrx_word' id='word_1_873' title='bbox 1388 5621 1587 5682; x_wconf 77' lang='lat' dir='ltr'><strong>Variae</strong></span> <span class='ocrx_word' id='word_1_874' title='bbox 1636 5621 1942 5683; x_wconf 81' lang='lat' dir='ltr'><strong>lectiones</strong></span> <span class='ocrx_word' id='word_1_875' title='bbox 1988 5626 2047 5680; x_wconf 79' lang='lat' dir='ltr'><strong>et</strong></span> <span class='ocrx_word' id='word_1_876' title='bbox 2088 5626 2273 5680; x_wconf 68' lang='lat' dir='ltr'><strong>noue.</strong></span> 
     </span>
    </p>
   </div>
   <div class='ocr_carea' id='block_1_107' title="bbox 267 5720 1691 5793">
    <p class='ocr_par' dir='ltr' id='par_1_107' title="bbox 267 5720 1691 5793">
     <span class='ocr_line' id='line_1_107' title="bbox 267 5720 1691 5793; baseline 0.005 -22"><span class='ocrx_word' id='word_1_877' title='bbox 267 5721 313 5751; x_wconf 79' lang='grc'><strong>⁸³</strong></span> <span class='ocrx_word' id='word_1_878' title='bbox 346 5721 427 5776; x_wconf 82' lang='grc' dir='ltr'><strong>ἵσ.</strong></span> <span class='ocrx_word' id='word_1_879' title='bbox 464 5720 715 5775; x_wconf 74' lang='grc' dir='ltr'><strong>ἀπίστου.</strong></span> <span class='ocrx_word' id='word_1_880' title='bbox 815 5723 859 5754; x_wconf 76' lang='grc'><strong>’⁵⁵</strong></span> <span class='ocrx_word' id='word_1_881' title='bbox 892 5724 985 5788; x_wconf 76' lang='grc' dir='ltr'><strong>φὶ),</strong></span> <span class='ocrx_word' id='word_1_882' title='bbox 1012 5734 1144 5780; x_wconf 79' lang='lat' dir='ltr'><strong>crat.</strong></span> <span class='ocrx_word' id='word_1_883' title='bbox 1255 5723 1532 5793; x_wconf 60' lang='lat' dir='ltr'><strong>“div-3116:,</strong></span> <span class='ocrx_word' id='word_1_884' title='bbox 1559 5732 1691 5778; x_wconf 86' lang='lat' dir='ltr'><strong>emt.</strong></span> 
     </span>
    </p>
   </div>
   <div class='ocr_carea' id='block_1_108' title="bbox 290 5831 911 5895">
    <p class='ocr_par' dir='ltr' id='par_1_108' title="bbox 290 5831 911 5895">
     <span class='ocr_line' id='line_1_108' title="bbox 290 5831 911 5895; baseline 0.003 -11"><span class='ocrx_word' id='word_1_885' title='bbox 290 5841 313 5870; x_wconf 72' lang='grc' dir='ltr'><em>ι</em></span> <span class='ocrx_word' id='word_1_886' title='bbox 350 5831 407 5884; x_wconf 76' lang='grc' dir='ltr'><strong>ν.</strong></span> <span class='ocrx_word' id='word_1_887' title='bbox 448 5834 911 5895; x_wconf 75' lang='lat' dir='ltr'><strong>pra&#39;tttmliat&#39;crat.</strong></span> 
     </span>
    </p>
   </div>
  </div>
