4184 6458
730 425 834 491 571

804 539 975 601 Dixit,
1019 547 1125 593 etc.
1170 539 1487 607 Propltetam
1517 550 1570 591 ut
1613 558 1712 593 me.
1746 541 2015 595 Caeterum
2052 541 2195 609 quod
2230 542 2312 595 di-
2341 545 2383 598 A

727 632 831 692 cit,
866 640 924 682 ut
956 646 1061 691 me.
1089 645 1193 683 non
1229 631 1294 684 de
1318 643 1535 693 natura,
1573 632 1666 685 sed
1692 632 1759 685 de
1793 635 2005 686 actione
2037 634 2313 702 accipien-

731 720 862 775 dum
895 732 948 776 et
979 722 1394 789 intelligendum
1440 731 1543 776 est.
1597 722 1713 776 Non
1755 724 1919 793 igitur
1954 734 2173 788 natura,
2215 727 2307 779 sed

733 813 903 866 rebus
930 814 1128 881 gestis.
1158 812 1290 865 Nam
1322 815 1367 866 si
1400 815 1638 867 essentia
1685 823 1850 882 atque
1890 824 2107 875 natura.
2134 815 2311 869 dixis-

736 912 842 962 set,
876 912 935 956 ut
960 919 1086 957 nte:
1123 920 1228 957 non
1258 921 1401 958 unus
1431 907 1789 969 surrexisset,
1832 908 1925 959 sed
1969 907 2143 958 tnttlti.
2180 904 2315 960 Pro-

732 997 944 1061 pltctam
991 995 1243 1046 excitabit
1284 996 1425 1047 vobis
1478 997 1753 1058 Dominus,
1779 1005 1883 1050 clc.
1917 997 2182 1061 l'topheta
2215 1013 2313 1050 ιιο-

735 1086 977 1139 minatus
1008 1095 1090 1140 est
1118 1085 1436 1140 litntnannel
1461 1097 1681 1155 propter
1708 1090 1997 1141 humanam
2025 1099 2308 1141 naturam.

731 1178 827 1245 qui
866 1190 1122 1246 tanquam
1155 1182 1271 1233 loco
1301 1180 1500 1249 Moysis
1526 1179 1617 1233 Dei
1646 1189 1699 1234 et
1732 1180 2011 1234 hominum
2051 1182 2316 1235 mediator

735 1280 790 1322 et
814 1271 1149 1325 intercessor
1168 1281 1271 1323 est.
1302 1272 1541 1325 Dixerim
1572 1274 1716 1325 enim
1749 1288 1872 1326 cum
1892 1275 2053 1327 etiam
2092 1273 2313 1342 Moysen

734 1378 861 1415 cum
896 1364 1073 1433 Moyse
1109 1376 1134 1401 υ
1171 1380 1264 1431 per
1290 1364 1703 1417 similitudinem
1743 1375 2153 1434 comparatum:
2188 1382 2313 1419 cum

740 1454 930 1507 utnbra
966 1454 1213 1507 videlicet
1249 1457 1555 1508 veritatem.
1589 1453 1849 1510 Nascitur
1875 1459 2020 1509 enim
2060 1456 2315 1512 Christus

736 1550 792 1602 in
844 1548 1144 1612 Bethleem,
1187 1550 1346 1603 sicuti
1376 1549 1588 1621 Moyses
1647 1553 1703 1605 in
1754 1550 1992 1621 Egypto
2025 1569 2039 1617 ;
2072 1551 2315 1606 Israelita

736 1644 828 1697 ille
885 1644 1008 1706 luit,
1062 1646 1223 1699 etiam
1270 1646 1357 1699 hic
1387 1647 1533 1715 quod
1571 1646 1763 1699 attinet
1803 1646 1869 1699 ad
1916 1662 2138 1699 carnem
2181 1664 2195 1709 ;
2246 1646 2315 1700 de

735 1752 935 1805 genere
962 1745 1143 1791 autem
1179 1737 1269 1791 ille
1292 1739 1638 1804 sacerdotali,
1688 1740 1777 1793 hic
1802 1743 1867 1793 de
1897 1740 2094 1794 Davide
2121 1742 2313 1794 oriun-

734 1830 840 1884 dus
862 1838 1085 1899 propter
1104 1829 1382 1901 Virginem
1406 1851 1419 1896 ;
1446 1832 1655 1887 Pharao
1687 1834 1935 1903 regnavit
1962 1834 2108 1887 illius
2136 1841 2313 1897 actate,

736 1923 901 1989 huj'ozs
930 1921 1202 1988 Herodes;
1239 1924 1475 1980 inl'antes
1504 1926 1593 1978 ille
1621 1927 1759 1978 tollit
1793 1967 1808 1989 ,
1851 1926 1938 1978 hic
1966 1925 2205 1980 infantes
2231 1926 2316 1979 in-

732 2012 933 2067 terﬁcit
958 2031 972 2078 ;
1013 2016 1284 2069 masculos
1307 2016 1416 2080 ille,
1443 2018 1716 2071 masculos
1740 2026 1793 2070 et
1816 2017 1940 2083 hic;
1974 2033 2067 2086 per
2092 2026 2319 2071 matrem

737 2107 829 2158 ille
854 2114 1143 2172 servatur;
1176 2122 1269 2176 per
1297 2117 1523 2161 matrem
1543 2117 1598 2163 et
1618 2123 1724 2162 una
1754 2125 1879 2163 cum
1915 2120 2090 2163 matre
2138 2124 2322 2163 serva-

738 2211 827 2254 tus
861 2209 946 2255 est
971 2201 1136 2256 etiam
1163 2203 1270 2258 hic.
1307 2202 1551 2256 Tolletur
1584 2203 1653 2257 de
1676 2203 1898 2273 populo.
1928 2202 2064 2257 Cum
2097 2204 2323 2257 immor-

735 2293 861 2347 talis
902 2294 973 2349 sit
1007 2295 1188 2347 anitna
1224 2294 1484 2359 hominis,
1523 2310 1633 2349 non
1670 2310 1899 2365 prorsus
1929 2311 1991 2349 ac
2028 2297 2189 2365 plane
2215 2296 2320 2350 tol-

737 2383 870 2436 litur
917 2399 979 2436 ac
1009 2383 1259 2452 disperit,
1301 2385 1398 2439 sed
1447 2400 1512 2439 ex
1554 2384 1700 2438 bono
1749 2386 1987 2455 quodam
2030 2385 2224 2438 ordine
2254 2399 2321 2438 ac

733 2472 879 2535 loco,
915 2471 1006 2526 ubi
1036 2472 1238 2543 [prius]
1264 2482 1381 2527 erat
1405 2474 1695 2537 collocata,
1725 2472 2009 2545 [eiicitur].
2032 2473 2127 2528 Sic
2154 2476 2318 2528 etiam

735 2561 907 2617 Judas
935 2564 1147 2631 ejectus
1181 2573 1234 2617 et
1267 2572 1448 2619 motus
1492 2572 1576 2618 est
1611 2565 1803 2618 ordine
1830 2574 1883 2619 et
1906 2576 2047 2619 ωτιιι
2095 2577 2320 2634 aposto-

737 2656 937 2709 lorum.
973 2655 1246 2720 Quoniam
1283 2656 1449 2725 igitur
1493 2656 1824 2710 immortalis
1868 2666 1951 2711 est
1983 2659 2188 2719 anima,
2226 2673 2322 2726 per

740 2746 1256 2799 exterminationem
1306 2756 1361 2799 ct
1396 2746 1717 2815 ejectionem
1772 2748 1892 2813 ejus
1941 2748 2317 2815 intelligimus,

736 2855 857 2893 eam
883 2838 1139 2892 excidere
1178 2850 1336 2907 atque
1369 2839 1568 2908 privari
1617 2840 1797 2902 bonis,
1832 2840 2034 2906 quibus
2069 2842 2318 2893 futurum

740 2939 882 2994 erat,
922 2939 980 2983 ut
1030 2932 1325 2995 frueretur,
1380 2931 1426 2985 si
1466 2932 1650 2994 modo,
1687 2943 1743 2985 ut
1780 2931 1924 2986 Deus
1959 2933 2317 3001 praascripsit,

737 3023 905 3075 vitam
942 3024 1317 3090 transegisset.
1350 3021 1454 3077 Vos
1478 3024 1611 3076 estis
1633 3022 1723 3075 lilii
1758 3023 2164 3091 prophetarum.
2193 3024 2320 3078 Pro-

738 3112 1026 3181 phetarum
1056 3112 1204 3176 dicit,
1259 3127 1356 3180 pro
1386 3128 1450 3166 eo
1497 3114 1642 3181 quod
1671 3123 1793 3167 est:
1826 3115 1944 3168 Non
1974 3116 2157 3168 animo
2190 3133 2318 3169 con-

1610 432 2193 493 THEOPHYIACTI
2238 431 2649 493 BULGARUE
2686 433 3045 496 ARCHIEP.

2493 541 2920 615 [Kron/ton]
2944 543 3163 606 Εἰπὼν,
3188 541 3208 571 ³
3239 542 3561 609 Προφήτην
3582 543 3660 608 ὠς
3681 543 3814 611 ἐμέ·
3839 543 3899 595 τὸ
3916 544 3999 595 δὲ.

2419 632 2495 695 ὡς
2520 634 2643 702 ἐμὲ,
2688 634 2789 686 οὐκ
2820 635 2915 686 ἐπὶ
2947 634 3043 702 τῆς
3078 634 3314 701 φύσεως,
3340 634 3455 685 ἀλλ’
3497 635 3589 687 ἐπὶ
3610 635 3707 703 τῆς
3743 636 3999 705 πράξεως

2411 725 2731 794 ἐκληπτέον.
2750 727 2826 778 Οὐ
2850 727 2947 795 τῆς
2976 726 3162 789 οὐσίας
3188 726 3303 790 οὖν,
3321 725 3458 779 ἀλλὰ
3471 726 3619 789 τοῖςι
3642 728 3966 796 πράγμασιν
3982 746 3997 758 ·

2413 818 2462 867 εἰ
2487 817 2617 886 γὰρ,
2646 820 2712 887 τῇ
2740 818 2918 887 οὐσίᾳ,
2951 816 3079 887 ἔφη,
3101 817 3178 879 ὡς
3212 818 3336 886 ἐμὲ,
3360 818 3458 887 οὐχ
3481 812 3563 880 εἷς
3595 818 3817 888 ἀνέστη,
3856 819 3999 873 ἀλλὰ

2415 908 2621 960 πολλοί.
2666 908 2990 976 Προφήτην
3030 908 3171 976 ὑμῖν
3202 909 3543 976 ἀναστήσει
3579 910 3817 977 Κύριος.
3855 912 3999 980 [1ρο⁴

2415 1000 2595 1069 φήτης
2618 1000 2935 1069 ὠνόμασται
2966 1000 3054 1052 διὰ
3088 1000 3148 1052 τὸ
3173 1000 3522 1069 ἀνθρώπινον
3551 1004 3579 1054 ὁ
3616 1001 3996 1073 Ἑμμανουὴλ,

2412 1092 2441 1141 ὁ
2490 1092 2565 1153 ὡς
2597 1094 2656 1144 ὲν
2679 1091 2831 1157 τάξει
2860 1092 3139 1153 Μωῦσέως
3172 1094 3193 1123 ⁵
3227 1093 3455 1161 μεσίτης
3501 1092 3637 1146 Θεοῦ
3664 1096 3757 1147 καὶ
3783 1095 4000 1164 ἀνθρώ-

2417 1203 2533 1238 πων
2554 1202 2568 1214 ·
2597 1186 2767 1255 φαίην
2794 1187 2904 1254 γὰρ
2945 1182 3013 1237 ἂν
3040 1185 3206 1238 αὐτὸν
3255 1187 3351 1238 καὶ
3384 1186 3616 1239 Μωσέα·
3669 1188 3913 1256 Μωῦσῆν
3938 1190 3998 1239 ὲν

2417 1278 2701 1346 παραϐολῇ
2748 1277 3197 1345 συγκρινόμενον,
3231 1280 3296 1347 τῇ
3345 1279 3474 1347 σκιᾷ
3508 1280 3538 1346 ἡ
3569 1279 3820 1347 ἀλήθεια.
3867 1281 3905 1331 Γ
3909 1300 3999 1332 εν-

2415 1370 2575 1421 vim
2620 1369 2729 1438 γὰρ
2760 1371 2815 1420 ὲν
2843 1367 3093 1436 Βηθλεὲμ
3121 1370 3149 1420 ὁ
3186 1367 3446 1436 Χριστὸς,
3494 1367 3569 1430 ὠς
3603 1372 3630 1421 ὁ
3678 1370 3883 1438 Μωσῆς
3938 1371 3998 1420 ὲν

2417 1462 2679 1531 Αἰγύπτῳ
2699 1479 2713 1492 ·
2769 1459 3109 1530 Ἰσραηλίτης
3141 1462 3372 1523 ἐκεῖνος,
3400 1454 3557 1523 οὗτος
3585 1446 3660 1512 ’τὸ
3686 1461 3829 1512 κατὰ
3860 1461 4001 1530 σάρυ

2418 1574 2489 1608 κα
2510 1594 2526 1618 ,
2561 1556 2628 1606 ἐκ
2656 1553 2847 1621 γένους
2894 1553 2949 1604 δὲ
2986 1551 3290 1622 ἱερατικοῦ,
3320 1548 3476 1615 οὗτος
3499 1555 3562 1605 ὲκ
3592 1552 3758 1604 Δαὸὶδ
3777 1553 3863 1605 διὰ
3896 1556 4002 1622 τὴν

2420 1644 2717 1714 Παρθένον.
2745 1642 2946 1714 Φαραὼ
2975 1643 3060 1695 ἐπ’
3090 1643 3325 1705 ἐκείνου,
3366 1643 3613 1713 Ἡρώδης
3653 1644 3745 1695 ἐπὶ
3771 1643 3966 1696 τούτου
3984 1661 3998 1673 ·

2420 1738 2596 1808 βρέφη
2627 1737 2843 1807 φονεύει
2871 1738 3106 1799 ἐκεῖνος,
3144 1736 3319 1807 βρέφη
3372 1730 3528 1798 οὗτος
3558 1738 3800 1805 ἀναιρεῖ-
3828 1740 4004 1808 ἀρρε-

2420 1829 2544 1881 νικᾶ
2571 1830 2801 1891 ἐκεῖνος,
2825 1827 3092 1898 ἀρρενικὰ
3121 1827 3215 1880 καὶ
3240 1818 3396 1888 οὗτος
3418 1842 3432 1855 ·
3460 1825 3547 1877 διὰ
3578 1827 3785 1895 μητρὸς
3822 1826 4000 1889 σώζε-

2423 1940 2510 1975 ται
2540 1922 2769 1982 ἐκεῖνος,
2799 1920 2887 1972 διὰ
2926 1918 3132 1990 μητρὸς
3163 1918 3345 1985 ἐσώθη
3379 1918 3470 1971 καὶ
3503 1922 3641 1987 μετά
3668 1919 3874 1986 μητρὸς
3903 1912 3999 1970 οῦ-

2422 2031 2534 2077 τος.
2571 2012 3233 2082 Ἐξολοθρευθήσεται.ικ
3272 2010 3367 2063 τοῦ
3425 2010 3579 2062 λαοῦ.
3617 2009 4002 2083 [ΔιΔΥΜΟΥ.]

2434 2106 2725 2166 ’Δθὰνατος
2747 2104 2882 2157 οὖσα
2909 2103 3004 2155 τοῦ
3043 2101 3333 2171 ἀνθρώπου
3373 2104 3407 2172 ἡ
3444 2102 3613 2171 ψυχὴ,
3654 2102 3714 2154 οὐ
3744 2101 4005 2165 καθάπαξ

2421 2197 2852 2268 ἑξολοθρεύεται,
2878 2194 2995 2248 ἀλλ’
3030 2193 3095 2246 εκ
3121 2211 3267 2254 τινος
3290 2195 3570 2263 τάγματος
3604 2194 3831 2261 ἀγαθοῦ,
3860 2196 3999 2247 ὅπου

2419 2286 2489 2359 ἦν
2527 2288 2837 2357 τεταγμένη
2887 2288 3173 2357 πρότερον.
3223 2285 3380 2338 Οὕτω
3423 2286 3519 2337 καὶ
3548 2284 3748 2347 Ἰούδας
3798 2285 4002 2349 ὲξωλο-

2423 2377 2625 2447 θρεύθη
2680 2381 2744 2430 ἐκ
2794 2378 2889 2429 τοῦ
2940 2374 3103 2445 χοροῦ
3150 2375 3258 2427 τῶν
3313 2375 3655 2430 ἀποστόλων.
3698 2374 3852 2427 Ἐπεὶ
3906 2371 4004 2428 οὖν

2420 2467 2689 2530 ἀθάνατός
2708 2468 2856 2519 ἐστιν
2883 2467 2918 2535 ἡ
2950 2464 3121 2534 ψυχὴ,
3147 2462 3525 2533 ὲξολόθρευσιν
3576 2464 3745 2532 αὐτῆς
3769 2463 4005 2529 νοοῦμεν

2422 2561 2483 2613 τὸ
2516 2560 2620 2624 ἔξω
2646 2558 2903 2625 γενέσθαι
2924 2557 3032 2609 τῶν
3054 2554 3298 2623 ἀγαθῶν,
3327 2549 3402 2609 ῶν
3429 2556 3657 2625 ἔμελλεν
3679 2557 4003 2617 ἀπολαύειν,

2423 2657 2536 2723 εἴγε
2570 2652 2890 2719 θεοπρεπῶς
2927 2648 3334 2702 ἐπολιτεύσατο.
3382 2647 3571 2717 Ὑμεῖς
3615 2650 3737 2700 ἐστε
3765 2650 3868 2700 υἱοὶ
3891 2649 4005 2700 τῶν

2423 2743 2740 2814 προφητῶν,
2780 2742 3081 2812 Προφητῶν
3111 2739 3259 2807 λέγει
3280 2780 3296 2802 ,
3328 2740 3450 2793 ἀντὶ
3480 2738 3595 2801 τοῦ,
3648 2739 3722 2808 μὴ
3750 2740 4005 2791 πτοεῖσοε

2426 2837 2560 2906 μηδὲ
2593 2834 2844 2903 νομίζετε
2873 2834 2893 2863 ⁸
2914 2833 2996 2884 δεῖ
3025 2831 3425 2898 ἀλλοτριῶσθαι
3450 2831 3674 2893 ἑαυτοὺς
3689 2832 3797 2882 τῶν
3823 2833 4008 2897 ἑπαγ-

2423 2928 2639 2995 γε).ιῶν,
2666 2926 2860 2995 Ὑμεῖς
2892 2927 3015 2976 ἐστε
3047 2923 3152 2975 υἱοὶ
3182 2922 3293 2975 τῶν
3334 2922 3629 2991 προφητῶν
3649 2940 3661 2952 ·
3697 2921 3837 2973 ὥστε
3870 2922 4008 2989 ὑμῖν

2422 3020 2627 3084 ἔλεγον,
2654 3018 2744 3069 καὶ
2768 3016 2836 3067 δι’
2868 3016 3010 3083 ὑμᾶς
3028 3013 3200 3066 ταῦτα
3227 3013 3437 3081 γέγονε.
3473 3013 3537 3064 Τί
3566 3016 3732 3079 ἐστιν,
3766 3012 3876 3065 uici.
3902 3012 4009 3080 τῆς

2422 3110 2721 3178 διαθήκης;
2770 3108 2916 3159 Ἀντὶ
2945 3106 3062 3171 τοῦ,
3092 3105 3441 3174 κληρονόμοι·
3468 3096 3792 3174 κληρονόμοι
3826 3103 3905 3165 δὲ,
3938 3104 4005 3154 οὐ

741 3205 978 3258 sternari
1011 3213 1057 3267 ν,
1109 3220 1285 3271 neque
1340 3204 1679 3259 existimare
1715 3215 1929 3275 oportet
1984 3223 2077 3261 vos
2109 3209 2315 3261 alienos

2427 3203 2755 3272 προσφάτως
2781 3199 3171 3269 ἐγγραφέντες,
3218 3198 3335 3250 ἀλλ’
3365 3197 3441 3260 ὡς
3474 3197 3602 3259 υἱοὶ,
3627 3196 3802 3258 ἄλλως
3852 3212 3911 3247 τε
3942 3196 4004 3247 δὲ

743 3294 918 3347 tactos
967 3309 1090 3347 esse
1134 3292 1590 3360 promissionum.
1629 3293 1736 3349 Vos
1766 3298 1901 3349 estis
1945 3296 2038 3348 li!ii
2082 3298 2320 3366 prophe-

741 3399 947 3437 tarum.
986 3383 1170 3451 Itaque
1211 3384 1364 3435 vobis
1399 3384 1681 3447 «licebant,
1723 3401 1786 3439 ac
1821 3396 2044 3454 propter
2073 3402 2174 3441 vos
2207 3388 2322 3441 lucc

745 3478 885 3529 facta
914 3486 1062 3531 sunt.
1092 3476 1229 3540 Quid
1267 3488 1372 3541 est,
1415 3477 1507 3529 lilii
1541 3479 1900 3531 testamenti?
1929 3494 2024 3546 pro
2061 3494 2145 3542 eo,
2180 3479 2321 3546 quod

737 3576 827 3621 est
853 3568 1112 3632 limredes,
1149 3569 1391 3623 haeredes
1425 3579 1628 3633 autem,
1681 3586 1785 3623 non
1822 3587 2013 3625 ret-ens
2070 3588 2132 3623 ac
2164 3572 2325 3625 modo

745 3660 934 3725 svripti
971 3677 985 3714 :
1017 3661 1109 3712 sed
1132 3669 1390 3728 tanquam
1421 3662 1539 3725 lilii,
1573 3671 1735 3729 atque
1756 3664 2019 3731 alioquin,
2054 3672 2112 3716 ιιι
2144 3673 2323 3717 osten-

748 3752 1161 3817 dat,qnatenus
1201 3752 1326 3818 jure
1376 3754 1715 3820 adoptionis.
1768 3755 1931 3818 Quasi
1981 3755 2229 3808 diceret:
2262 3754 2320 3809 Si

744 3841 913 3910 igitur
945 3853 999 3895 et
1031 3858 1126 3896 vos
1154 3844 1255 3911 ipsi
1290 3846 1471 3907 vultis,
1502 3846 1745 3900 haeredes
1776 3847 1931 3901 estis.
1972 3847 2186 3901 Idcirco
2225 3866 2323 3903 vos

743 3935 899 3999 estis,
931 3933 1036 4004 43
1082 3936 1278 4003 inquit,
1330 3936 1423 3990 ﬁlii
1467 3938 1855 4006 pr0phctarum
1901 3951 1952 3991 ct
1985 3942 2322 3995 testamenti.

742 4022 928 4076 Jesum
960 4027 1129 4091 misit,
1170 4029 1263 4095 qui
1313 4029 1663 4083 benediceret
1699 4031 1875 4084 vobis.
1912 4030 2056 4085 Misit
2100 4033 2318 4100 quidem

745 4118 906 4168 etiam
932 4119 1076 4180 aliis,
1109 4120 1205 4173 Sed
1237 4122 1389 4188 prius
1422 4124 1594 4187 vobis,
1635 4125 1725 4192 qui
1759 4125 2114 4179 crncilixistis
2146 4134 2199 4177 et
2235 4126 2322 4177 in-

741 4204 1054 4263 terfecistis.
1086 4209 1417 4279 Ecquando?
1464 4227 1531 4265 an
1556 4227 1618 4265 ex
1646 4228 1810 4266 cruce
1834 4213 2143 4267 duntaxat?
2193 4216 2327 4284 quin

2421 3297 2509 3347 ἵνα
2549 3294 2697 3362 δείξῃ
2737 3293 2819 3344 ὅτι
2850 3292 2973 3343 ὅσον
3016 3291 3123 3342 ἀπὸ
3152 3290 3252 3358 τῆς
3301 3288 3609 3351 υἱοθεσίας,
3640 3288 3701 3339 El
3747 3290 3857 3356 ἄρα
3905 3288 4006 3339 καὶ

2420 3386 2572 3438 αὐτοὶ
2604 3382 2882 3451 βούλεσθε,
2917 3380 3248 3450 κληρονόμοι
3297 3380 3444 3433 ὲστὲ.
3478 3379 3577 3431 Διά
3610 3378 3767 3431 τοῦτό
3807 3378 4005 3446 φησιν,

2430 3476 2621 3544 Ὑμεῖς
2652 3476 2773 3525 ἐστε
2806 3474 2910 3524 υἱοὶ
2945 3474 3053 3523 τῶν
3099 3471 3394 3541 προφητῶν
3445 3471 3540 3523 καὶ
3581 3471 3681 3539 τῆς
3713 3470 4004 3540 διαθήκης.

2437 3567 2644 3635 Ἰησοῦν
2668 3566 2728 3617 ὃν
2764 3563 3085 3618 ἀπέστειλεν
3118 3561 3446 3631 εὐλογοῦντα
3481 3563 3646 3631 ὑμᾶς.
3689 3562 4006 3614 Ἀπέστειλε

2432 3660 2529 3729 μὲν
2569 3658 2678 3727 γὰρ
2701 3658 2932 3727 ἑτέροις,
2976 3655 3091 3708 ἀλλ’
3115 3654 3245 3724 ὑμῖν
3294 3654 3559 3724 πρότερον
3592 3656 3704 3715 τοῖς
3760 3653 4011 3722 σταυριῖο-

2430 3768 2556 3803 σασι
2584 3753 2678 3803 καὶ
2715 3747 3091 3801 ἀποκτείνασι.
3125 3745 3230 3799 Καὶ
3256 3745 3422 3809 πότε;
3463 3744 3599 3797 Ἀπὸ
3637 3745 3730 3796 τοῦ
3768 3743 4011 3811 σταυροῦ

2433 3845 2622 3913 μόνους
2654 3835 2789 3896 ἀλλᾶ
2820 3844 2914 3893 καὶ
2964 3840 3102 3908 μετὰ
3128 3839 3303 3892 ταῦτα
3330 3840 3422 3892 καὶ
3477 3839 3614 3908 μετά
3641 3838 3739 3907 τὴν
3770 3839 4012 3891 ἀναστα-

2431 3955 2536 3991 σιν.
2582 3938 2691 3989 Καὶ
2719 3936 2849 4005 γὰρ,
2891 3935 3076 4003 φησιν,
3108 3934 3239 4000 ὑμῖν
3272 3932 3490 4003 πρῶτον
3515 3932 3825 4001 ἀναστήσας
3870 3931 4010 3984 ἀπέ-

2430 4030 2626 4091 στειλε,
2670 4030 2722 4080 τί
2756 4027 3014 4094 ποιῆσαις
3046 4026 3352 4095 Εὑλογῆσαι
3385 4025 3529 4093 ὑμᾶς
3573 4022 3668 4075 καὶ
3706 4021 3907 4083 σῶσαι,
3944 4021 4013 4072 ἂν

2430 4121 2538 4189 ἄρα
2555 4121 2645 4172 καὶ
2669 4120 2823 4171 αὐτοὶ
2847 4118 3058 4171 ἕλοισθε
3082 4116 3432 4188 ἀποστρέψαι
3462 4114 3572 4167 ἀπὸ
3592 4113 3699 4166 τῶν
3721 4112 4015 4183 ἁμαρτιῶν

2439 4213 2611 4281 ὑμῶν.

739 4300 904 4352 etiam
932 4314 1137 4368 postea,
1164 4313 1394 4372 postque
1435 4308 1918 4361 resurrectionem.
1961 4308 2174 4361 Etenim
2258 4307 2409 4360 vobis
2478 4306 2736 4374 primum,
2780 4302 2979 4373 inquit,
3032 4301 3420 4356 resuscitatunt
3505 4298 3702 4354 misit:
3753 4296 3888 4366 quid
3953 4309 4016 4351 ut

742 4388 988 4446 faceret?
1036 4404 1092 4449 ιιι
1134 4395 1479 4451 benediceret
1527 4399 1704 4463 vobis,
1756 4406 1813 4451 ut
1847 4408 2091 4454 servaret
2119 4416 2237 4461 vos,
2268 4400 2313 4453 si
2352 4399 2545 4468 utique
2599 4397 2765 4452 etiam
2826 4395 2932 4465 ipsi
2985 4393 3271 4447 volueritis
3317 4391 3586 4447 desistere
3661 4403 3693 4443 τι
3770 4391 4024 4459 peccatis

740 4485 964 4539 vestris.

1357 4577 1589 4633 CAPUT
1631 4579 1715 4635 IV.

816 4664 979 4721 Vtilis.
1020 4669 1065 4719 Ι.
1114 4667 1390 4721 Facieutes
1431 4681 1606 4723 autem
1644 4671 1764 4725 illos
1806 4672 1873 4724 ad
1920 4672 2170 4741 populum
2210 4672 2320 4724 luce

741 4759 922 4821 verba,
976 4763 1151 4813 subito
1200 4764 1490 4815 interventu
1538 4781 1632 4815 suo
1669 4776 2033 4830 oppresserunt
2077 4774 2126 4817 et
2160 4765 2324 4816 inter-

743 4852 1064 4914 pellaverunt
1095 4855 1393 4906 sacerdotes
1429 4871 1546 4906 cum
1586 4856 1835 4921 prtusidio
1868 4855 2066 4923 templi,
2094 4866 2142 4908 et
2178 4856 2320 4909 Sad-

744 4940 936 5003 tlttt‘tt'i,

822 5033 978 5085 Vens.
1016 5033 1068 5085 ξ’..
1110 5033 1312 5101 ΟΙῙεηδί
1351 5047 1623 5102 propterea
1646 5039 1784 5104 quod
1822 5040 1903 5091 illi
1950 5040 2198 5107 populum
2231 5040 2325 5089 do-

747 5134 915 5176 lerent
946 5134 993 5185 ι,
1031 5135 1079 5178 et
1119 5129 1497 5182 auumttiarent
1534 5146 1625 5197 per
1661 5129 1845 5184 Iesum
1889 5134 2323 5185 resurrectionem

752 5224 1074 5269 mmtuorum
1100 5234 1119 5271 .'

826 5308 988 5365 Vtzns.
1040 5313 1091 5366 5.
1136 5312 1242 5376 Qui
1282 5312 1571 5381 iujeceruut
1622 5317 1728 5370 illis
1763 5334 1969 5381 manus,
2006 5325 2055 5369 et
2095 5317 2327 5371 tradide-

3038 4572 3294 4626 ΚΕΦΑΛ.
3328 4574 3405 4625 Δ’.

2498 4670 2860 4725 Λαλούντων
2885 4666 2955 4719 δὲ
3004 4665 3202 4720 αὐτῶν
3258 4665 3407 4733 πρὸς
3434 4664 3541 4717 τὸν
3563 4663 3718 4717 λαὸν
3752 4664 3773 4695 '
3805 4664 3877 4716 τὰ
3893 4667 4021 4732 ῥή-

2422 4780 2581 4834 ματα
2633 4762 2823 4815 ταῦτα
2868 4760 3225 4825 ἐπέστησαν
3253 4758 3454 4822 αὐτοῖς
3509 4760 3562 4809 οι
3598 4756 3772 4824 ἱερεῖς
3846 4757 3949 4809 καὶ
3984 4761 4021 4809 d

2427 4855 2683 4924 ητρατὸς
2709 4852 2855 4907 ’τοῦ
2894 4852 3054 4919 ἱεροῦ
3088 4852 3186 4905 καὶ
3219 4854 3273 4905 ol
3308 4850 3723 4914 Σαδδουκαῖοι,

2499 5038 2967 5104 Διαπονούμενοι
3015 5035 3114 5087 διὰ
3164 5035 3229 5086 τὸ
3270 5034 3583 5088 διδάσκειν
3622 5033 3850 5098 αὐτοὺς
3905 5034 4021 5087 τὸν

2435 5131 2610 5196 λαὸν,
2654 5130 2750 5181 καὶ
2779 5125 3212 5195 καταγγέλλειν
3258 5124 3327 5177 ἐν
3362 5124 3439 5188 τῷ
3473 5123 3681 5189 Ἰησοῦ
3714 5123 3830 5191 τὴν
3858 5122 4015 5176 cirri-

2436 5238 2662 5276 στασιν
2682 5221 2800 5273 τῶν
2828 5218 3058 5286 νεκρῶν
3085 5220 3128 5270 ’.

2511 5312 2619 5368 Καὶ
2652 5311 2951 5365 ἐπέϐαλον
2982 5306 3185 5372 αὐτοῖς
3224 5306 3331 5370 τὰς
3379 5322 3603 5375 χειρας,
3663 5307 3761 5359 καὶ
3803 5307 4019 5361 ἔθεντο

1910 5455 2108 5513 Varia)
2154 5453 2466 5515 lectiones
2509 5457 2572 5513 et
2616 5456 2804 5510 notm.

822 5602 839 5631 ³
875 5596 1045 5664 εἶπεν,
1081 5602 1165 5655 id.

1267 5605 1285 5634 ⁵
1317 5604 1484 5658 Locus
1516 5618 1808 5673 corruptus.
1888 5608 1908 5672 ξ
1940 5606 2220 5668 Μωῦσέος,
2257 5614 2393 5657 erat.

2486 5606 2507 5635 '
2532 5605 2619 5656 la'.
2648 5601 2927 5654 πτοεῖσθαι
2947 5599 3085 5668 μηδὲ
3117 5593 3432 5668 νομίζεσθαι
3481 5593 3578 5645 δεῖ.
3601 5592 3661 5668 ἢ,
3709 5590 3967 5668 νομίζητε
3997 5612 4013 5661 ;

752 5671 833 5755 δή.
863 5672 914 5734 ἶ),
954 5672 1063 5755 δεῖν
1082 5670 1507 5755 ἀλλοτριοῦσθαι,
1528 5663 1919 5755 ἀναγνωστέον.
1998 5677 2016 5706 ⁷
2043 5675 2155 5729 Ista
2181 5663 2319 5727 desit

2422 5684 2555 5726 rntur
2580 5674 2635 5725 in
2666 5671 2911 5741 vulgatis.
2948 5663 2958 5668 ⁷
2988 5663 3095 5722 ⁸⁷0
3145 5663 3469 5736 στρατηγὸς,
3532 5673 3603 5716 est
3640 5663 3691 5715 in
3754 5663 4013 5730 vulgatis.

815 5738 871 5790 lu
901 5741 1124 5810 vulgatis
1151 5738 1253 5807 cst,
1283 5744 1376 5811 τὴν
1406 5748 1467 5797 ἐκ
1498 5738 1501 5739 ν
1526 5738 1756 5815 νεκρῶν.

836 5866 854 5888 "-
901 5853 1065 5908 Lucus
1094 5867 1390 5922 Corruptus.
1468 5868 1489 5889 τ’
1520 5858 1686 5912 Larus
1716 5872 2011 5924 cernimus.

2104 5868 2127 5895 ι
2169 5860 2225 5910 ι.
2264 5855 2675 5925 dolentes,quod
2700 5855 2961 5909 docerent.
