4184 6458
191 447 294 511 573
906 445 1310 506 EXPOSITIO
1352 445 1428 504 ΙΝ
1471 446 1652 505 ACTA
1693 447 1775 506 AF

1872 446 2269 507 t'l‘Ol.Ol‘aUM.
2297 469 2362 481 -⁴
2405 446 2561 506 CAP.
2613 449 2709 506 ιν.
3356 454 3456 520 574

189 563 273 625 είς
338 559 594 628 τήρησιν
655 560 743 624 είς
805 561 918 626 τὴν
946 561 1156 629 αὔριον
1220 576 1222 579 ’
1272 557 1350 630 ἦν
1412 562 1519 628 γὰρ
1548 560 1775 628 ἑσπέρα

1883 570 2003 612 runt
2032 560 2375 613 asservandos
2409 561 2604 612 vinctos
2629 568 2655 606 3'
2696 575 2852 625 usque
2886 560 2938 611 in
2967 560 3275 612 crastinum.
3328 561 3453 617 Erat

188 647 325 715 ἤδη.

1875 650 2010 702 enim
2035 651 2150 718 jam
2185 666 2377 717 vesper.

257 741 432 794 Οὕπω
457 742 567 793 τῶν
601 740 884 811 προτέρων
923 740 1365 805 ἀναπνεύσαντες
1421 741 1767 810 πειρασμῶν,

1946 739 2079 792 Cum
2109 741 2347 792 nomium
2382 755 2410 792 a
2453 738 2730 808 prioribus
2759 739 3156 794 tentationibus
3183 742 3456 809 respiras-

187 832 265 892 εἰς
297 832 523 899 ἑτέρους
564 831 870 885 ἀνέσαινον.
922 830 1037 884 Καὶ
1095 832 1197 900 ὅρα
1249 830 1364 893 πῶς
1406 834 1771 899 οἰκονομεῖται

1874 842 2018 894 svnt,
2051 833 2176 885 aliis
2228 842 2550 884 occurrunt.
2587 831 2664 884 Ae
2713 830 2834 884 vide
2857 841 2914 884 ut
2957 846 3044 885 res
3071 832 3451 900 disponantur.

185 923 252 975 τά
287 925 618 991 πράγματα.
662 923 888 992 Πρῶτον
917 922 1328 992 ἐχλευάσθησαν
1362 923 1560 985 πάντες
1596 923 1734 990 ὁμοῦ
1756 941 1769 953 ο

1875 921 2118 975 Primum
2162 921 2308 975 iri-isi
2351 931 2480 974 sunt
2524 923 2686 976 simul
2732 937 2965 976 omnes:
2997 920 3274 976 deindein
3314 925 3454 992 peri-

184 1014 444 1083 δεύτερον
468 1017 546 1078 είς
568 1015 847 1078 κινδύνους
866 1015 1218 1085 ἐμϐαίνουσιν
1239 1032 1252 1044 ·
1280 1015 1394 1068 ἀλλ’
1420 1016 1520 1067 οὐκ
1550 1015 1770 1084 ἑφεξῆς.

1873 1013 1997 1067 culn
2025 1015 2269 1068 incidunt
2295 1031 2309 1080 ;
2340 1017 2432 1069 sed
2467 1030 2574 1067 non
2596 1017 2939 1069 continenter
2962 1025 3123 1084 atque
3141 1023 3453 1082 cmquncte.

196 1089 363 1158 ’Δελλά
415 1108 686 1176 πρότερον
722 1107 1187 1176 εὐδοκιμήσαντες
1246 1109 1306 1160 ὲν
1358 1109 1476 1168 ταῖς
1531 1107 1774 1176 δημηγο-

1876 1102 2010 1158 Nam
2043 1119 2164 1157 cum
2198 1106 2351 1175 prius
2377 1107 2429 1159 in
2463 1106 2820 1160 concionibus
2842 1123 3134 1176 prosperos
3165 1124 3455 1165 successus

187 1199 368 1266 ρίαις·
423 1200 522 1250 καὶ
554 1197 743 1267 θαῦμα
785 1199 1155 1268 ἐργασάμενοι
1217 1199 1354 1268 μετά
1383 1197 1561 1252 ταῦτα
1607 1198 1768 1267 μέγα,

1877 1197 2222 1258 habuissent,
2259 1212 2323 1250 ac
2371 1213 2482 1250 rem
2535 1199 2673 1252 bene
2729 1199 3052 1264 gessissent,
3100 1200 3456 1253 miraculum-

181 1290 328 1344 οὕτω
360 1289 424 1360 δὴ
459 1291 645 1342 λοιπὸν
689 1291 826 1359 μετὰ
865 1291 926 1342 τὸ
967 1291 1240 1361 θαρρῆσαι
1283 1288 1441 1353 Θεοῦ,
1481 1292 1772 1360 συγχωρή-

1873 1304 1977 1355 que
2009 1304 2262 1358 magnum
2284 1298 2468 1358 postea
2496 1289 2830 1353 ell‘ecissent,
2863 1291 2935 1342 ita
2959 1291 3173 1344 demum
3202 1292 3453 1346 liduciam

184 1399 402 1446 σαντος,
452 1383 562 1435 τῶν
603 1383 829 1449 ἀγώνιον
870 1383 1154 1437 ἅπτονται.
1208 1381 1282 1434 Σὺ
1315 1382 1372 1434 δέ
1415 1399 1505 1450 μοι
1544 1381 1642 1450 τὴν
1681 1381 1773 1433 ἐπὶ

1873 1399 1993 1435 cum
2019 1382 2276 1450 deinceps
2312 1382 2694 1449 sumpsissent,
2715 1382 2992 1450 promissu
3032 1381 3123 1435 Dei
3154 1385 3452 1437 Certamina

182 1474 424 1544 πονηρίᾳ⁵
454 1475 549 1526 καὶ
581 1473 865 1543 ίταμὸτητι
891 1473 1176 1544 προκοπὴν
1203 1472 1311 1525 τῶν
1347 1472 1614 1525 Ἰουδαίων
1640 1471 1737 1524 θέα
1757 1489 1769 1500 ⁸

1872 1483 2188 1545 capessunt.
2217 1477 2283 1527 At
2313 1485 2366 1528 tu
2409 1474 2541 1527 tnihi
2573 1473 2888 1529 Judteorum
2919 1476 2973 1528 in
3004 1476 3346 1543 improbitate
3377 1487 3456 1530 at-

180 1564 261 1616 ὃτι
307 1564 409 1616 ἐπὶ
462 1564 560 1616 τοῦ
591 1564 829 1634 Χριστοῦ
869 1565 961 1617 ctu
1011 1565 1409 1634 παραδώσοντα
1463 1562 1771 1632 ζητοῦντες,

1872 1580 1979 1634 quc
2025 1564 2222 1618 audaci
2274 1565 2612 1633 impudentia
2662 1579 3011 1634 progressum
3046 1577 3102 1621 et
3151 1567 3453 1636 proiectum

179 1657 420 1710 ἐνταῦθα
454 1657 642 1710 λοιπὺν
677 1657 832 1710 αὐτοὶ
869 1657 966 1720 τὰς
999 1659 1188 1727 χεῖρας
1228 1655 1610 1710 ὶπιόάλὶουσι·
1639 1655 1773 1725 θρα-

1872 1665 2082 1724 specta.
2112 1653 2244 1708 Nam
2273 1655 2363 1722 qui
2399 1655 2450 1708 in
2477 1653 2718 1714 Christo,
2759 1655 2852 1724 qui
2893 1672 3014 1710 cum
3061 1657 3321 1716 traderet.
3363 1674 3456 1712 re-

184 1749 407 1819 σὺτεροι
464 1749 752 1816 γεγονότες
803 1751 898 1803 καὶ
954 1749 1434 1820 ἀναισχυντότεροι
1483 1749 1618 1818 μετὰ
1680 1749 1772 1800 τὸν

1872 1747 2186 1816 quirebant,
2216 1762 2366 1802 nunc
2384 1747 2644 1816 deinceps
2676 1749 2779 1818 ipsi
2806 1762 3003 1802 manus
3029 1749 3307 1818 injiciunt,
3334 1759 3457 1820 post

182 1843 445 1911 σταυρόν.
496 1843 602 1894 Σὺν
640 1843 824 1904 αὐτοῖς
870 1843 949 1904 δὲ,
979 1843 1132 1910 φησι,
1166 1843 1260 1895 καὶ
1297 1842 1326 1895 ὁ
1347 1841 1651 1910 στρατηγὸς
1676 1839 1769 1892 τοῦ

1875 1855 2092 1896 crucem
2135 1838 2459 1895 audaciores
2501 1846 2558 1894 et
2599 1838 3031 1909 impudentiores
3071 1840 3271 1895 etl'ecti.
3314 1841 3452 1897 Cum

182 1903 337 2002 ίεροέ
355 1949 370 1965 ·
409 1935 502 1986 ἶνα
539 1933 704 1986 πάλιν
743 1903 1003 2001 δημόσιον
1039 1903 1294 2001 ἔγκλημα
1344 1903 1612 2002 περιοιῖισι
1655 1934 1768 1993 τοῖς

1874 1931 1958 1988 eis
1990 1940 2172 1985 autem
2217 1930 2294 1984 ait
2341 1929 2504 1985 etiam
2539 1903 2712 1984 fuisse
2757 1930 2942 1999 templi
2979 1930 3215 1999 pra:sidii
3260 1931 3456 2000 praefe-

182 2026 617 2095 γεγενημένοις,
651 2027 747 2080 καὶ
783 2025 856 2096 μὴ
874 2026 949 2088 ὼς
966 2025 1253 2078 ⁴ἰδιωτικὸν
1283 2024 1574 2078 ἰκδικῶσιν
1596 2041 1608 2054 ’
1633 2024 1769 2092 ὅπερ

1872 2033 2046 2086 etiam,
2073 2031 2134 2075 ut
2161 2036 2360 2077 rursus
2390 2021 2668 2092 publicum
2713 2020 2921 2076 crimen
2961 2023 3098 2076 actis
3141 2021 3455 2078 circumda-

182 2117 495 2184 πανταχοῦ,
528 2119 690 2185 φησὶ,
731 2116 1090 2181 σπουδάζουσι
1122 2119 1316 2170 ποιεῖν.
1350 2117 1459 2168 Καὶ
1488 2115 1671 2167 ἔθεντο
1691 2116 1770 2174 είς

1873 2121 2013 2178 rent,
2043 2127 2108 2167 ac
2141 2127 2249 2166 non
2278 2119 2537 2182 tanquam
2589 2111 2858 2182 privatum
2894 2113 3238 2168 vindicarent
3264 2131 3280 2181 ;
3307 2117 3451 2184 quod

182 2208 424 2276 τήρησιν
457 2209 539 2269 είς
569 2209 669 2277 τὴν
701 2207 910 2275 αὔριον.
935 2209 1169 2260 Ἐκεῖνοι
1200 2208 1300 2276 μὲν
1327 2202 1423 2260 οὗν
1455 2206 1770 2275 βουλόμενοι

1879 2203 2104 2272 ubique,
2161 2211 2219 2255 ut
2254 2201 2454 2271 inquit,
2502 2199 2681 2255 facere
2713 2201 2959 2256 student.
3009 2203 3073 2256 Et
3106 2203 3452 2259 tradiderunt

191 2300 434 2367 μαλάξαι
464 2300 684 2364 αὐτοὺς,
722 2299 881 2352 τοῦτο
911 2300 1132 2352 ἐποίουν
1159 2300 1252 2352 καὶ
1282 2299 1610 2367 ἐφύλαττον·
1643 2299 1771 2360 τοὺς

1872 2293 2238 2350 asservandos
2275 2294 2490 2350 vinctos
2525 2293 2577 2348 in
2625 2295 2955 2348 crastinum.
3003 2297 3183 2363 Atque
3209 2295 3285 2349 illi
3325 2295 3452 2366 qui-

185 2392 239 2443 δὲ
267 2391 608 2454 ἀποστόλους
628 2393 662 2460 ὴ
701 2391 940 2460 ἀναϐολὴ
953 2390 1049 2444 τοῦ
1075 2390 1269 2461 χρόνου
1292 2389 1768 2460 θαρσαλεωτέρους

1872 2388 1995 2442 dem
2029 2387 2132 2441 hoc
2163 2386 2435 2441 iaciebant
2465 2395 2524 2440 ut
2543 2387 2756 2441 vinctos
2780 2402 2876 2441 eos
2902 2395 3253 2441 asservareut
3273 2428 3287 2452 ,
3321 2387 3449 2457 quia

188 2482 502 2550 εἰργάξετο,
1873 2478 2126 2532 volebant
2146 2477 2360 2533 animos
2389 2492 2578 2532 eorum
2603 2477 2838 2531 mollire.
2871 2476 2978 2531 Sed
3000 2478 3279 2546 apostolos
3303 2493 3450 2534 mora

1875 2569 2140 2636 temporis
2172 2569 2460 2636 interiecta
2499 2568 2928 2624 conﬁdentiores
2966 2567 3169 2623 cli‘ecit.

254 2661 487 2715 Πολλοὶ
519 2658 588 2712 δὲ
608 2659 728 2712 τῶν
745 2659 1142 2713 ἀκουσάντων
1162 2659 1270 2713 τὸν
1282 2661 1468 2728 λόγον
1491 2660 1768 2713 ἐπίστευ-

192 2767 344 2804 σαν·
405 2749 507 2802 καὶ
565 2748 821 2816 ἐγενήθη
852 2751 884 2802 ὀ
924 2747 1167 2818 ἀριθμὸς
1215 2747 1334 2802 τῶν
1358 2748 1594 2816 ἀνδρῶν
1625 2749 1768 2802 ὡσεὶ

194 2841 466 2909 χιλιάδες
487 2841 688 2894 πέντε.

261 2935 327 2986 Τί
377 2932 574 2998 τοῦτος
613 2936 702 3003 Μὴ
757 2935 868 3006 γὰρ
898 2935 1370 3004 εὐδοκιμήσαντας
1411 2933 1451 2963 ¹⁰
1483 2928 1622 2984 εἶδον
1643 2932 1770 2994 τοὺς

188 3026 546 3087 ἀποστόλους,
586 3026 702 3080 ἀλλ’
739 3028 862 3097 οὐχὶ
905 3027 1193 3089 δεθέντας
1234 3024 1359 3086 Πῶς
1391 3019 1483 3077 οὖν
1517 3023 1768 3076 ὲπίστευυ

191 3137 322 3182 σαν;
368 3119 536 3188 Ὁρᾷς
556 3119 841 3186 ἐνέργειαν
869 3118 1023 3170 θείαν
1051 3117 1330 3187 φανεράν;
1371 3117 1482 3170 Καὶ
1525 3116 1632 3185 μὴν
1663 3115 1768 3167 ἔδει

191 3214 283 3263 καί
308 3211 438 3271 τοὺς
466 3210 570 3279 ἤδη
596 3209 998 3268 πιστεύσαντας
1024 3208 1452 3276 ἀσθενεστέρους
1482 3206 1765 3274 γενέσθαι*

188 3304 302 3356 ἀλλ’
339 3304 375 3371 ἡ
400 3302 610 3370 Πέτρου
631 3301 948 3371 δημηγορία
970 3301 1102 3370 θείῳ
1123 3300 1400 3369 πνεύματι
1435 3315 1769 3367 συγκροτου-

192 3393 328 3462 μένη
365 3392 449 3454 είς
480 3393 542 3443 τὸ
577 3390 740 3459 βάθος
777 3391 876 3458 τῆς
905 3389 1146 3451 διανοίας
1199 3390 1266 3442 τὰ
1302 3390 1592 3458 σπέρματα
1635 3405 1765 3442 κατ·

1795 3253 1837 3308 C

190 3485 374 3542 ἑϐαλε,
406 3484 502 3536 καὶ
529 3483 701 3552 αὐτῆς
736 3482 834 3551 τῆς
858 3481 1035 3550 ψυχῆς
1065 3479 1245 3533 αὐτῶν
1271 3480 1470 3550 ἥψατο.
1509 3480 1770 3534 Ἐνώπιον

187 3577 245 3628 δὲ
267 3578 471 3628 ἐκεῖνοι
497 3573 592 3626 τοῦ
620 3573 860 3640 πλήθους
901 3575 1029 3634 τοὺς
1050 3572 1382 3635 ἀποστόλους
1413 3573 1767 3642 ὲδέσμευσαν,

190 3668 275 3720 ἵνα
312 3668 416 3720 καὶ
440 3665 642 3725 αὐτοὺς
661 3666 905 3732 ὁρῶντας
927 3663 1261 3734 δειλοτέρους
1295 3663 1665 3732 ἐργάσωνται.
1695 3664 1770 3715 Τὸ

186 3757 240 3808 δὲ
269 3755 518 3809 ἐναντίον
544 3755 780 3822 ἐγένετο,
838 3755 934 3807 καὶ
964 3754 1084 3806 κατ’
1111 3754 1247 3805 ίδίαν
1273 3755 1328 3807 δὲ
1361 3755 1556 3816 αὐτοὺς
1581 3754 1769 3819 ἐξετά-

188 3849 374 3909 ζουσιν
396 3861 411 3875 ο
451 3846 539 3898 ἵνα
570 3845 645 3915 μὴ
681 3845 787 3897 ἀπὸ
809 3845 908 3913 τῆς
956 3845 1272 3915 παρρησίας
1296 3845 1476 3898 αὐτῶν
1523 3847 1573 3898 οί
1602 3844 1769 3898 ἀκού-

190 3955 340 4002 οντες
371 3939 734 4008 κερδήσωσιν.

273 4121 552 4189 Ἐγένετο
576 4119 645 4173 δὲ
660 4120 760 4173 ἐπὶ
787 4119 902 4187 τὴν
931 4121 1150 4188 αὔριον
1168 4108 1556 4188 συναχθῆναι
1571 4119 1771 4174 αὐτῶν

193 4211 332 4274 τοὺς
358 4209 660 4276 ἄρχοντας
691 4209 790 4262 καί
813 4209 1258 4278 πρεσϐυτέρους
1279 4210 1378 4265 καί
1397 4208 1772 4278 Γραμματεῖς

189 4304 277 4367 εις
310 4301 740 4368 Ἰερουσαλήμ,

258 4392 368 4445 Kal
404 4393 637 4444 Ἀννσν
678 4393 787 4444 τὸν
829 4391 1140 4461 ἀρχιερέα,
1190 4391 1290 4446 καὶ
1326 4392 1630 4460 Καϊάφαν,
1672 4391 1773 4445 καί

203 4483 522 4548 Ἰωάννην,
561 4481 662 4534 καὶ
693 4482 1132 4550 Ἀλέξανδρον,
1174 4483 1274 4536 καί
1325 4482 1460 4536 ὅσοι
1518 4479 1678 4553 ἦσαν
1702 4484 1770 4538 ἐκ

194 4578 409 4645 τὲνοιις
439 4575 878 4642 ἀρχιερατικοῦ.

262 4667 371 4720 Καὶ
391 4666 741 4731 στήσαντες
765 4666 986 4731 αὐτοὺς
1010 4667 1078 4718 ἐν
1111 4668 1150 4697 ¹¹
1178 4666 1366 4735 μέσῳ,
1401 4667 1772 4721 ἐπυνθάνον-

193 4775 281 4820 το,
307 4757 376 4810 ἐν
407 4758 546 4821 ποίᾳ
580 4755 851 4825 δυνάμει,
895 4758 932 4825 ἣ
972 4759 1040 4810 ἐν
1087 4774 1166 4810 πο
1185 4762 1240 4824 ’ῳ
1293 4760 1532 4828 ὀνόματι
1563 4759 1771 4826 exon}-

195 4865 345 4902 σατε
376 4849 556 4902 τοῦτο
587 4849 756 4915 ὑμεῖς
781 4865 799 4911 ;

270 4943 406 4996 Τότε
437 4941 478 4972 ¹²
508 4943 540 4993 ό
583 4941 806 5007 Πέτρος
829 4942 1126 5008 πλησθεὶς
1174 4943 1522 5011 Πνεὺματος
1575 4943 1769 5009 ἁγίου,

195 5029 325 5085 εἶπε
352 5033 504 5099 πρὸς
533 5033 782 5097 αὐτούς·
820 5033 1146 5099 ’Ἄρχοντες
1174 5032 1283 5086 τοῦ
1323 5033 1478 5087 λαοῦ
1506 5035 1600 5086 καὶ
1634 5048 1770 5100 πρε-

197 5126 473 5190 σϐύτεροι
511 5124 619 5177 τοῦ
657 5123 926 5190 Ἰσραήλ.

270 5219 340 5268 ει
369 5215 542 5282 ἡμεῖς
563 5215 837 5283 σήμερον
865 5217 1307 5285 ἀνακρινόμεθα
1337 5219 1435 5270 ἐπί
1463 5220 1774 5285 εὐεργεσίᾳ

197 5307 513 5376 ἀνθρώπου
539 5306 861 5374 ἀσθενοῦς,
895 5308 967 5363 ἐν
991 5311 1107 5362 τίνι
1123 5305 1300 5376 οὗτος
1326 5310 1628 5364 σέσωσται
1652 5329 1670 5374 ;

1805 4592 1845 4645 D

1946 2659 2114 2716 Vsus.
2149 2661 2202 2714 4.
2251 2659 2416 2712 Porro
2455 2658 2612 2711 multi
2643 2674 2848 2718 eorum,
2883 2658 2974 2725 qui
3005 2656 3243 2710 concioni
3285 2656 3452 2710 inter-

1875 2757 2106 2820 fuerant,
2139 2751 2512 2804 crediderunt:
2549 2767 2612 2804 ac
2648 2751 2892 2804 redactus
2919 2758 2997 2803 est
3033 2763 3282 2802 numerus
3315 2748 3451 2803 viro-

1875 2861 1992 2896 rum
2024 2846 2184 2914 ferme
2209 2841 2377 2895 milliu
2403 2843 2647 2911 quinque.

1944 2935 2084 3000 Quid
2120 2936 2222 2988 hoc
2257 2934 2376 2987 est?
2429 2933 2684 3002 Nunquid
2737 2951 2998 3005 prospero
3053 2954 3313 2996 successu
3368 2942 3443 2995 rei

1873 3025 2288 3080 commendatos
2315 3035 2481 3094 atque
2509 3027 2788 3094 probatos,
2815 3038 2868 3082 ct
2899 3045 3007 3084 non
3053 3031 3265 3085 vinctos
3294 3032 3446 3088 vide-

1877 3128 1997 3172 rant
2042 3117 2362 3187 apostolos?
2405 3119 2507 3183 Qui
2545 3119 2710 3188 igitur
2757 3119 3154 3175 crediderunt?
3202 3122 3443 3178 Videsne

1873 3211 2216 3266 cilicientiam
2252 3219 2307 3264 et
2338 3212 2710 3280 operationem
2751 3210 2842 3265 Dei
2875 3213 3260 3268 manifestam?
3289 3213 3450 3284 Atqui

1871 3305 2157 3374 oportebat
2189 3303 2354 3358 etiam
2382 3317 2502 3365 eos,
2537 3303 2630 3371 qui
2660 3301 2772 3371 jam
2804 3303 3177 3367 crediderant,
3217 3305 3328 3359 ﬁeri
3362 3306 3451 3358 iu-

1875 3396 2167 3456 lirmiores,
2202 3394 2294 3447 sed
2335 3393 2479 3446 Petri
2519 3393 2714 3447 concio
2745 3392 2932 3447 divino
2965 3395 3170 3462 Spiritu
3230 3409 3453 3463 compo-

1869 3487 1974 3541 sita
2002 3485 2054 3538 in
2087 3483 2426 3537 altitudinem
2465 3481 2667 3537 mentis
2717 3485 2928 3538 semina
2967 3484 3268 3552 deiecerat,
3305 3494 3360 3540 et
3395 3486 3448 3538 in

1872 3580 2046 3648 ipsam
2081 3577 2316 3630 animam
2368 3589 2559 3628 eorum
2609 3583 3008 3642 penetraverat.
3049 3574 3102 3628 In
3153 3585 3450 3644 conspectu

1871 3681 2053 3726 autem
2088 3666 2454 3721 multitudinis
2485 3666 2560 3717 illi
2583 3665 2860 3733 apostolos
2890 3665 3181 3718 vinxerunt
3210 3684 3223 3718 :
3252 3665 3362 3736 u
3394 3675 3454 3720 ut

1869 3772 1921 3816 et
1953 3775 2069 3823 eos,
2094 3757 2188 3826 qui
2220 3758 2486 3817 viderent,
2519 3755 2824 3810 timidiores
2861 3754 3158 3817 ellicerent,
3192 3755 3284 3808 sed
3313 3770 3448 3810 eon-

1872 3852 2101 3907 trarium
2131 3848 2334 3903 evenit.
2377 3845 2640 3899 Privatim
2691 3845 2817 3899 item
2860 3845 3194 3914 remotisque
3229 3844 3452 3898 arbitris

1869 3960 1964 3999 eos
1991 3943 2329 4005 examinant,
2383 3955 2451 3994 ne
2484 3937 2615 4007 quid
2657 3935 2795 3991 lucri
2843 3951 2908 3991 ex
2944 3937 3161 3990 illorum
3195 3936 3451 3990 libertate

1870 4035 2144 4090 sermonis
2168 4041 2428 4101 caperent
2454 4031 2545 4099 qui
2580 4030 2857 4083 audirent.

1941 4123 2106 4178 Vens.
2142 4125 2194 4177 5.
2237 4121 2441 4175 Accidit
2498 4129 2674 4172 autem
2724 4117 3002 4186 postridie.
3047 4127 3105 4170 ut
3146 4125 3452 4186 cogerentur

1871 4217 2130 4286 principes
2159 4232 2342 4270 eorum
2368 4221 2418 4268 et
2447 4213 2680 4267 seniores
2722 4222 2771 4265 et
2805 4210 3006 4265 Scriba:
3033 4207 3446 4279 Jerosolymam.

1947 4396 2107 4449 Vens.
2138 4394 2192 4451 6.
2237 4393 2305 4448 Et
2344 4394 2527 4448 Annae
2555 4391 2792 4462 pontifex
2835 4404 2883 4449 et
2923 4393 3156 4465 Caiphae
3199 4405 3249 4450 et
3277 4394 3450 4451 Joan-

1872 4505 1961 4544 nes
1993 4498 2042 4543 et
2072 4486 2400 4552 Alexander,
2438 4495 2489 4541 et
2513 4496 2767 4558 quotquot
2794 4499 2947 4542 erant
2983 4489 3048 4544 de
3069 4507 3252 4559 genere
3277 4488 3453 4558 ponti-

1913 4578 2016 4632 cali
2037 4592 2056 4632 :

1913 4581 2056 4632 cali:

1873 4581 1907 4648 ﬁ
1951 4671 2114 4725 Vens.
2150 4671 2200 4723 7.
2239 4669 2444 4737 hosque
2479 4670 2530 4722 in
2573 4667 2805 4721 medium
2853 4667 3109 4720 adductos
3160 4668 3455 4734 interroga-

1876 4766 2022 4829 bam,
2078 4780 2183 4830 qua
2229 4762 2485 4830 facultate
2519 4777 2581 4813 ac
2617 4762 2665 4812 vi
2692 4770 2740 4824 ³,
2775 4760 2986 4829 cuiusce
3015 4761 3224 4813 nomine
3249 4759 3452 4827 fecistis

1875 4859 1968 4909 hnc
2003 4872 2090 4908 vos
2110 4855 2130 4908 ?

1946 4946 2110 5000 Vens.
2149 4947 2200 5000 8.
2249 4947 2394 4999 Tunc
2446 4945 2638 4998 Petrus
2691 4944 2919 5011 repletus
2984 4943 3185 5008 Spiritu
3241 4949 3450 5005 sancto,

1873 5039 2006 5091 dixit
2035 5038 2104 5090 ad
2141 5055 2228 5091 eos
2259 5055 2275 5090 :
2303 5037 2572 5103 Principes
2603 5035 2784 5103 populi
2809 5044 2856 5088 et
2886 5036 3114 5089 seniores
3146 5032 3364 5087 Israclis
3394 5046 3415 5084 :

1949 5223 2112 5276 Vens.
2151 5225 2205 5276 9.
2249 5222 2307 5275 Si
2339 5238 2429 5274 nos
2468 5221 2618 5273 hodie
2661 5223 3095 5289 interrogantur-Ut
3124 5228 3333 5286 propter
3357 5221 3448 5272 be-

1875 5317 2119 5382 neficium
2152 5314 2402 5365 collatum
2440 5313 2495 5365 in
2543 5313 2808 5366 hominem
2850 5311 3091 5377 debilem,
3117 5327 3224 5380 qua
3247 5310 3450 5363 ratione

1874 5411 1972 5461 iste
1993 5423 2214 5460 sanatus
2244 5409 2309 5459 sit
2349 5406 2397 5469 b,

1353 5540 1552 5601 Varie;
1599 5539 1909 5602 lectiones
1932 5548 1990 5600 ct
2024 5547 2214 5600 notae.

274 5657 320 5690 ³⁸
351 5658 845 5730 Εὐδοκιμήσαντες,
872 5672 1006 5717 erat.
1086 5665 1124 5695 “
1163 5663 1225 5716 In
1257 5663 1482 5733 vulgatis
1509 5666 1739 5728 additur,
1768 5665 1864 5733 τῷ.

280 5807 307 5844 γ
341 5799 400 5851 V.
434 5808 481 5851 et
511 5811 801 5866 posuerunt
851 5820 938 5858 eos
993 5805 1045 5859 in
1098 5805 1415 5862 custodiant.

1494 5817 1513 5842 ι
1551 5806 1611 5861 Ε.
1663 5824 1762 5876 qua
1823 5810 1863 5860 vi

207 5869 382 5923 salvus
437 5869 633 5939 factus.

1949 5666 1989 5694 ¹²
2029 5663 2083 5715 ln
2131 5661 2356 5729 vulgatis
2395 5660 2626 5721 densat).

1873 5817 2029 5861 rtutc.
2117 5819 2138 5845 ει
2173 5804 2230 5857 Ε.
2276 5805 2666 5856 examinantur.
2712 5802 2772 5855 Υ.
2808 5802 3192 5869 dijudicamur.
3312 5798 3326 5814 ‘
3375 5793 3417 5844 τ
