4184 6458
153 417 248 478 581
902 423 1305 484 EXPOSITIO
1345 423 1422 482 IN
1463 423 1647 481 ACTA
1692 420 2268 485 APOSTOLORUM.
2307 452 2370 460 -
2412 427 2568 486 CAP.
2616 429 2709 488 IV.

3308 433 3416 500 582

158 527 388 583 σκαλὶαν
428 532 612 585 αὐτοῦ·
646 531 836 586 τούτου
871 533 1030 602 χάριν
1061 537 1110 586 οἱ
1149 537 1294 600 ano:
1326 535 1615 588 ἀπόστολοι
1645 533 1740 602 τὴν

1847 531 2073 589 factoris
2127 537 2265 605 apud
2338 536 2617 592 Christum
2683 548 2846 608 atque
2915 539 3035 608 ejus
3098 542 3412 599 doctrinam

155 620 364 689 αἰρεσιν
420 621 629 690 ταύτην
681 624 1062 689 ἐκκόπτοντες,
1110 626 1196 677 διὰ
1225 627 1324 692 τῆς
1380 623 1548 692 εὐχῆς
1590 642 1731 692 παρ-

157 713 374 766 ιστῶσιν
410 755 423 772 ,
455 713 530 775 ὡς
562 715 722 773 αὑτός
751 717 865 768 ἐστι
897 717 1027 778 Θεὸς
1074 717 1402 786 κοσμοποιὸς
1433 718 1527 768 καὶ
1553 715 1736 785 Πατὴρ

161 804 241 856 τοῦ
271 805 527 873 Σωτῆρος
561 806 844 875 ὑπάρχων·
872 807 993 860 καθ’
1019 809 1099 860 ὅτι
1134 809 1265 879 παρ’
1298 807 1461 860 αὑτοῦ
1490 807 1733 860 δέδονται

153 896 467 965 ἀμφότεραι
499 897 556 950 αἱ
590 897 873 966 διαθῆκαι.
925 899 985 950 Ὃ
1009 899 1099 951 διὰ
1138 899 1412 969 στὸματος
1438 899 1604 952 Δαόὶδ
1633 898 1732 952 τεῦ

151 987 339 1049 παιδός
377 1005 472 1040 σου
516 988 709 1040 εἰπών·
740 991 828 1042 ἵνα
863 990 914 1041 τί
951 990 1230 1058 ἐφρύαξαν
1261 991 1428 1060 ἐθνη;
1465 991 1732 1062 Καθάπερ

153 1079 427 1148 συνθήκας
457 1080 819 1144 ἀπαιτοῦντες
849 1083 940 1133 τὸν
965 1082 1120 1146 Θεὸν,
1151 1083 1252 1151 τὴν
1281 1084 1621 1152 προφητείαν
1654 1084 1734 1146 εἰς

154 1170 314 1234 μέσον
338 1171 587 1236 ἄγοισινσ
620 1171 736 1240 ἅμα
787 1173 883 1224 καὶ
930 1174 1159 1233 ἑαυτοὺς
1229 1174 1732 1245 παραμυθούμενοι,

151 1261 226 1312 ὅτι
260 1261 387 1330 εἰκῆ
429 1263 603 1315 ταῦτα
637 1263 931 1332 μελετῶσιν
966 1266 1014 1318 οἱ
1046 1265 1253 1334 ἐχθροί.

221 1535 334 1590 Kal
364 1538 438 1591 τὰ
469 1539 608 1601 νῦν,
645 1539 842 1607 Κύριε,
882 1539 1051 1594 ἔπιδε
1097 1540 1193 1594 ἐπὶ
1219 1540 1327 1608 τὰς
1353 1541 1605 1607 ἀπειλὰς
1631 1543 1736 1595 αῦ-

1841 624 1982 676 uialc
2017 624 2268 690 audiunt,
2299 634 2352 680 ct
2375 627 2760 682 obtrectationi
2795 636 2923 683 sunt
2947 631 3087 700 apud
3123 632 3408 688 Christum

1836 718 2063 788 ejusque
2115 718 2446 777 doctrinam.
2500 721 2710 777 Idcirco
2754 727 2928 779 sancti
2983 728 3216 794 apostoli
3267 729 3410 783 banc

1839 809 2090 864 haeresim
2156 819 2211 865 et
2269 823 2474 866 sectam
2534 814 2925 870 cxscindentes
2983 818 3400 890 intelligendum

1839 903 2102 970 pra-bent.
2144 905 2395 959 eumdem
2418 921 2540 960 esse
2574 906 2764 971 Deum,
2788 909 2878 978 qui
2912 920 2963 964 et
2995 913 3182 966 mundi
3237 913 3411 966 factor

1839 1002 1893 1046 et
1921 994 2080 1048 Pater
2105 995 2418 1051 Servaturis
2442 998 2532 1063 sit,
2577 1002 2836 1067 quoniam
2872 1001 2942 1055 ab
2985 1001 3080 1054 illo
3110 1002 3294 1057 datum
3323 1014 3411 1060 est

1837 1095 2130 1156 utrumque
2161 1098 2573 1145 tessaiuentum.
2611 1091 2714 1157 Qui
2749 1109 2843 1162 per
2868 1111 2930 1150 os
2977 1093 3199 1148 Davidis
3255 1102 3413 1166 pueri

1836 1177 1916 1230 tui
1949 1178 2171 1232 dixisti:
2210 1180 2389 1244 Quare
2446 1181 2789 1237 fremuerunt
2835 1186 3070 1254 gentes?
3123 1183 3408 1257 Tanquam

1836 1268 2015 1324 foedus
2045 1279 2096 1324 et
2128 1282 2283 1340 pacta
2311 1287 2340 1325 a
2388 1271 2499 1326 Deo
2547 1275 2915 1342 postulantes,
2970 1277 3310 1345 prophetiam
3354 1280 3410 1332 in

1835 1360 2072 1415 medium
2100 1361 2417 1416 adducunt:
2448 1365 2612 1418 simul
2654 1367 2819 1420 etiam
2876 1367 3087 1435 seipsos
3115 1369 3409 1424 consolan-

1836 1459 1934 1513 tes,
1971 1452 2114 1520 quod
2148 1453 2261 1507 lucc
2286 1452 2488 1507 frustra
2531 1455 2925 1510 meditarentur
2963 1457 3196 1512 inimici.

1907 1541 2073 1597 Vens.
2118 1543 2207 1598 29.
2270 1542 2335 1596 Et
2383 1560 2540 1609 nunc,
2586 1543 2830 1610 Domine,
2897 1549 3072 1617 aspice
3120 1550 3190 1602 ad
3233 1552 3410 1604 minas

155 1627 270 1680 τῶν
301 1645 315 1657 ο
341 1629 441 1682 καὶ
470 1629 576 1695 δὸς
622 1631 747 1696 τοῖς
785 1631 1029 1698 δούλοις
1058 1647 1175 1687 σου
1213 1633 1363 1702 μετὰ
1391 1635 1733 1702 παρῤηοιάς

1839 1650 2051 1688 eorum:
2113 1647 2160 1688 et
2199 1635 2270 1690 da
2321 1637 2485 1691 servis
2537 1638 2662 1704 tuis,
2719 1648 2778 1691 ut
2845 1655 2965 1692 cum
3019 1643 3164 1694 omni
3209 1642 3412 1710 ﬁducia

152 1720 351 1786 πάσης
383 1721 601 1774 ,λαλεῖν
627 1723 734 1775 τὸν
764 1726 952 1790 λόγον
979 1739 1119 1776 σου.

227 1812 327 1863 Ἐν
351 1811 435 1876 τῷ
467 1811 583 1878 τὴν
614 1811 778 1880 χεῖρὰ
835 1831 952 1868 σου
977 1814 1266 1869 ἐκτείνειν
1325 1832 1398 1869 σε
1427 1817 1516 1882 εἰς
1563 1817 1733 1868 ἴασιν

155 1899 247 1953 καὶ
285 1873 646 1970 σημεῖα
691 1873 903 1972 τέρατα
929 1907 1208 1974 γενέσθαι
1245 1905 1293 1936 ¹⁹
1332 1905 1429 1960 διὰ
1452 1873 1557 1961 τοῦ
1596 1908 1729 1960 όνό-
1765 1873 1812 1930 Β

154 2008 327 2058 ματος
365 1992 472 2046 τοῦ
502 1993 676 2060 ἁγίου
705 1993 920 2060 παιδός
957 2010 1072 2050 σου
1115 1995 1339 2063 Ἰησοῦ.

217 2083 326 2136 Καὶ
352 2082 690 2150 δεηθέντων
718 2083 940 2149 αὐτῶν,
990 2086 1295 2153 ἐσαλεύθη
1351 2090 1383 2141 ό
1413 2090 1619 2152 τόπος,
1659 2087 1729 2139 ἐν

233 2169 399 2243 ἦσαν
446 2176 836 2244 συνηγμένον
881 2178 980 2231 καὶ
1030 2178 1436 2246 ἐπλήσθησαν
1467 2179 1728 2244 ἅπαντες

155 2268 499 2334 Πνεύματος
543 2268 750 2335 ἁγίου·
794 2268 894 2321 καὶ
945 2269 1210 2323 ἐλάλουν
1256 2270 1362 2322 τὸν
1411 2272 1596 2340 λόχον
1622 2273 1725 2325 τοῦ

156 2358 296 2412 Θεοῦ
317 2350 475 2426 μετιῖ
501 2361 864 2427 παῤῥησιας.

219 2452 455 2519 Ilo-535:1:
497 2453 596 2504 ὃσα
630 2455 664 2522 ἡ
690 2453 810 2522 χείρ
872 2470 964 2506 σου
1025 2454 1184 2524 καὶὴ
1237 2453 1400 2524 βουλή
1457 2470 1550 2506 σου
1593 2470 1728 2523 προ-

155 2540 335 2610 ὡρισε.
369 2543 684 2607 Τουτέστιν,
728 2545 844 2597 Οὐκ
881 2545 1036 2598 αὐτοὶ
1084 2546 1348 2615 ἴσχυσανο
1391 2544 1526 2597 ἀλλὰ
1571 2545 1636 2597 σὺ
1679 2543 1730 2597 εἴ

155 2633 259 2684 ὁτδ
296 2636 414 2687 πᾶν
459 2635 780 2704 ἐπιτρέψας,
825 2636 919 2687 καὶ
967 2637 1048 2698 εἰς
1083 2636 1258 2705 πέρας
1295 2634 1538 2703 ἀγαγών·
1569 2637 1596 2688 6
1635 2634 1727 2686 εὖ·

160 2726 394 2793 μηχανος
441 2728 533 2778 καὶ
587 2727 771 2794 σοφός’
807 2729 834 2779 6
860 2728 972 2788 τοῖς
1021 2725 1236 2796 ἐχθροῖς
1256 2727 1336 2790 εις
1374 2726 1437 2778 τὸ
1480 2726 1728 2796 βούλημά

160 2833 242 2868 sou
305 2817 681 2887 χρησάμενος.
754 2819 1021 2887 Συνῑῄθον
1076 2819 1176 2887 μὲν
1215 2820 1324 2886 γὰρ
1388 2821 1590 2871 ἐκεῖνοι
1650 2819 1725 2880 ὡς

160 2909 352 2978 ἐχθροὶ,
382 2909 603 2962 ἐποίουν
632 2910 686 2961 δὲ
709 2910 744 2962 ἃ
776 2914 842 2962 σὺ
881 2909 1126 2962 ἐϐούλου.
1159 2909 1223 2960 Τί
1258 2909 1315 2961 δέ
1346 2909 1518 2972 ἐστιν,
1555 2909 1726 2978 ἡχείρ

165 3016 284 3065 σους
349 2999 623 3052 Ἐνταῦθα
675 2999 836 3052 τοῦτό
899 3018 988 3071 μοι
1027 3000 1070 3031 ³⁸
1098 3000 1246 3052 δοκεῖ
1292 2999 1472 3066 λέγειν
1499 2999 1726 3068 δύναμιν

163 3093 245 3144 καὶ
274 3092 500 3162 βουλήν·
536 3094 620 3145 ὅτι
649 3093 820 3162 ἀρκεῖ
857 3091 1184 3164 βουληθῆναί
1222 3109 1281 3144 σε
1315 3092 1494 3160 μόνον.
1537 3091 1726 3154 Οὐδεὶς

1835 1725 2121 1795 loquantur
2152 1744 2440 1780 sermonem
2467 1737 2638 1793 tuum,

1918 1815 2083 1871 Vens.
2120 1817 2209 1872 50.
2246 1815 2465 1870 Manum
2496 1829 2640 1871 tuam
2667 1819 2995 1874 extendendo
3017 1819 3089 1874 ad
3109 1823 3414 1875 sanatione:

1839 1912 1886 1957 et
1917 1905 2070 1974 signa
2107 1915 2264 1975 atque
2310 1905 2555 1977 prodigia
2604 1907 2851 1977 facienda
2899 1926 2992 1979 per
3017 1927 3205 1966 nomen
3235 1912 3414 1965 sancti

1847 1991 1982 2047 Filii
2010 1995 2092 2047 tui
2118 1994 2269 2049 Jesu.

1911 2085 2073 2142 Vens.
2117 2087 2208 2140 5|.
2245 2087 2314 2140 Et
2362 2088 2534 2155 [initis
2583 2088 2823 2156 precibus
2877 2107 3084 2156 eorum,
3158 2100 3330 2144 motus
3356 2102 3407 2144 et

1837 2193 2126 2231 concussus
2157 2189 2235 2231 est
2264 2178 2434 2244 locus,
2470 2179 2560 2232 ubi
2583 2191 2734 2233 erant
2756 2182 3062 2251 congregati
3074 2200 3092 2239 :
3145 2193 3196 2236 et
3226 2181 3409 2250 repleti

1838 2280 1962 2324 sunt
1993 2286 2172 2323 omnes
2226 2269 2436 2339 Spiritu
2505 2281 2715 2334 sancto,
2754 2283 2802 2326 et
2851 2271 3012 2326 libere
3041 2280 3070 2308 '
3118 2289 3409 2327 sermonem

1841 2360 1935 2413 Dei
1964 2363 2360 2429 eloquebantur.

1912 2451 1975 2506 Ut
2010 2453 2252 2506 lacerent
2283 2468 2621 2522 quascunque
2652 2468 2846 2508 manus
2885 2464 2974 2508 tua
3008 2463 3064 2508 et
3114 2453 3408 2508 consilium

1838 2550 1990 2596 tuum
2033 2543 2398 2611 pratstituerat
2443 2558 2508 2597 ac
2556 2543 3062 2613 pt'aadcstinaverat.
3113 2545 3228 2598 Hoc
3275 2554 3357 2597 est
3393 2560 3407 2594 :

1837 2635 1954 2690 Non
1984 2635 2086 2704 ipsi
2121 2643 2457 2704 potuerunt:
2493 2636 2588 2690 sed
2650 2647 2705 2690 tu
2738 2651 2798 2690 es
2861 2637 2927 2699 is,
2987 2637 3082 2704 qui
3139 2635 3406 2705 quidquid

1840 2725 2062 2790 accidit,
2109 2727 2222 2780 tieri
2258 2726 2583 2796 permisisti,
2638 2735 2693 2781 et
2727 2727 2793 2781 ad
2850 2727 3011 2782 linem
3066 2727 3408 2796 perduxisti:

1838 2818 1929 2886 qui
1959 2815 2118 2870 facile
2149 2832 2262 2871 rem
2293 2832 2571 2887 quamque
2599 2817 2860 2887 expedire
2889 2825 2940 2873 et
2968 2819 3248 2888 explicare
3276 2820 3410 2880 scis,

1839 2908 1932 2978 qui
1967 2908 2190 2978 sapiens
2225 2917 2280 2961 et
2319 2909 2498 2963 solers
2522 2924 2606 2970 es,
2655 2909 2752 2978 qui
2783 2908 3131 2963 inimicorqu
3166 2917 3410 2970 tuorum,

1839 2997 1894 3050 in
1961 2997 2027 3051 iis
2079 3011 2199 3066 qua!
2252 2997 2600 3058 decreveras,
2635 3012 2801 3066 opera
2831 3012 2965 3051 usus
3013 3012 3098 3052 cs.
3145 2997 3411 3052 Coicruut

1837 3090 1983 3146 enim
2009 3090 2105 3152 illi,
2134 3099 2192 3143 ut
2214 3090 2452 3144 inimici:
2482 3089 2757 3145 iaciebant
2788 3099 3146 3160 autem,,qua:
3171 3100 3225 3143 tu
3267 3091 3418 3144 volc-

161 3184 256 3252 γὰρ
283 3184 518 3254 δυνάμει
582 3184 885 3254 προορίζεν
946 3184 1226 3236 τουτέστιν
1252 3222 1268 3246 ,
1305 3183 1405 3236 ὅσα
1454 3181 1726 3245 διέταξας.

1842 3184 1958 3238 bas.
1991 3183 2133 3248 Quid
2171 3194 2350 3236 autem
2409 3193 2493 3236 est
2527 3182 2600 3247 id,
2661 3181 2806 3254 quod
2859 3183 3014 3246 dicit,
3065 3182 3418 3253 Qumcnnquc

167 3274 318 3342 Ὀρα,
355 3277 462 3327 οὐκ
494 3269 668 3335 εἷπον,
709 3275 878 3345 ρώξον
917 3275 957 3306 ³¹
990 3275 1187 3336 αὐτοὺς
1215 3274 1308 3327 καὶ
1349 3273 1476 3342 βάλε
1513 3272 1728 3334 αὐτούς·

166 3365 286 3419 ἀλλὰ
318 3367 397 3426 τι,
429 3367 618 3420 Ἐπιδε
658 3370 750 3420 ἐπὶ
775 3368 872 3431 τὰς
896 3368 1125 3430 ἀπειλὰς
1159 3367 1358 3421 αὐτῶν
1387 3367 1482 3419 καὶ
1508 3367 1594 3429 δὸς
1622 3369 1734 3427 τοῖς

165 3456 356 3520 δούλοις
413 3475 508 3510 σου
541 3459 676 3527 μετά
709 3457 1021 3528 παρρησίας
1060 3457 1240 3509 λαλεῖν
1281 3456 1371 3510 τὸν
1409 3456 1568 3524 λόγον
1614 3473 1730 3508 σου.

169 3549 263 3599 Καὶ
292 3549 608 3617 δεηθέντων
643 3547 848 3612 αὐτῶν,
879 3547 1149 3617 ἐσαλεὺθη
1176 3548 1204 3599 6
1235 3547 1398 3610 τόπος
1441 3545 1646 3611 αὐτῶν,
1676 3548 1734 3598 ἐν

164 3635 203 3708 ᾧ
248 3639 386 3714 ἦσαν
446 3643 798 3712 συνηγμένοι.
851 3643 958 3696 Τοῦ
1007 3641 1347 3713 ἀκουσθῆναι
1384 3642 1605 3704 αὐτοὺς,
1639 3643 1734 3694 καὶ

167 3735 251 3802 τῆς
277 3734 626 3804 ἐπισκέψεως
673 3735 832 3788 τοῦτο
864 3736 1165 3806 τεκμήριον
1215 3734 1425 3801 γέγονε.
1458 3732 1593 3784 Ποτὲ
1637 3733 1736 3802 μὲν

168 3828 264 3897 γὰρ
291 3828 466 3898 ὀργῆς
502 3830 620 3880 ἐστι
651 3828 827 3881 τοῦτο’
863 3829 994 3881 ποτὲ
1023 3828 1080 3881 δὲ
1109 3826 1472 3895 ἐπισκέψεως.
1498 3823 1736 3893 Ιίὓχοντο

167 3917 215 3969 δέ
242 3920 287 3971 οἱ
317 3919 642 3972 ἀπόστολον
688 3919 806 3988 οὐχ).
827 3919 985 3972 αὐτοὶ
1019 3917 1453 3988 παραιτούμενοι
1478 3914 1737 3985 δυσχερές

169 4026 213 4061 τι
257 4011 490 4065 παθεῖν·
532 4011 671 4064 ἀλλὰ
709 4012 838 4081 περὶ
883 4011 977 4063 τοῦ
1032 4009 1410 4080 κηρύγματος.
1446 4009 1546 4062 Διὰ
1597 4007 1650 4059 τι
1679 4007 1736 4059 δέ

171 4098 366 4153 ἔσεισεν
433 4102 464 4154 6
519 4101 656 4163 θεὸς
687 4101 780 4154 τὸν
822 4096 1007 4167 οἷκον;
1051 4100 1232 4168 φοϐῶν
1277 4099 1375 4168 μὲν
1402 4101 1527 4160 τοὺς
1581 4098 1739 4150 ἀπει-

169 4188 402 4255 λοῦντας·
434 4193 518 4255 εις
568 4190 771 4261 θάρσος
803 4190 860 4243 δὲ
893 4191 1113 4257 ἀνάγων
1139 4189 1183 4220 ³¹
1218 4190 1345 4251 τοὺς
1373 4189 1733 4253 ἀποστόλους

171 4281 341 4350 ἐπειδὴ
396 4283 546 4352 ἀρχὴ
598 4277 688 4352 ἦν,
745 4281 864 4346 καὶ,
910 4278 1172 4350 αἰσθητοῦ
1231 4278 1437 4331 ἐδέοντο
1486 4280 1735 4348 σημείου.

182 4371 474 4438 Ἐοαλιύθη
509 4368 605 4425 οὖν
633 4375 662 4424 6
694 4371 855 4434 τόπος
915 4372 1010 4424 καὶ
1045 4369 1244 4438 μᾶλλον
1278 4370 1608 4437 ἐστερέωσεν
1637 4369 1737 4422 αὐ-

180 4467 312 4528 τούς.
349 4467 465 4520 Καὶ
512 4465 863 4536 ἐπλήσθησαν
917 4465 1155 4526 ἅπαντες
1202 4462 1518 4532 Πνιύματος
1557 4462 1735 4530 ἁγίουο

1844 3291 2041 3330 mauus
2079 3285 2194 3329 tua.
2232 3274 2330 3329 llic
2360 3276 2495 3330 mihi
2528 3291 2642 3330 rem
2681 3276 2927 3330 eamdem
2975 3275 3157 3330 dicere
3203 3276 3418 3330 videtur

1843 3382 1938 3438 per
1966 3369 2264 3437 potentiam
2297 3377 2352 3421 et
2382 3368 2744 3431 voluntatem,
2767 3367 2895 3433 quia
2926 3367 3126 3422 sullicit
3180 3376 3230 3422 te
3273 3367 3417 3420 duu—

1841 3459 2270 3513 taxatvoluisse.
2309 3457 2480 3514 Nemo
2529 3459 2674 3513 enim
2728 3459 2934 3513 viribus
2967 3468 3131 3529 atque
3168 3459 3414 3530 potentia

1840 3549 1952 3622 48
1991 3550 2287 3619 ρτεειίιυὶι
2315 3558 2479 3620 atque
2510 3551 2883 3620 praedestinat.
2927 3550 2981 3606 Id
3012 3559 3097 3606 est
3152 3567 3418 3621 quacun-

1843 3654 1950 3709 que
1971 3640 2311 3696 constituisti
2345 3648 2510 3710 atque
2553 3639 2867 3695 decrevisti.
2914 3639 2978 3693 Et
3012 3655 3159 3695 nunc
3204 3641 3412 3709 aspice.

1841 3719 2250 3798 Animadverte,
2310 3748 2420 3787 non
2473 3733 2630 3798 dixit,
2698 3733 2981 3802 disrumpe
3031 3747 3148 3796 eos,
3202 3742 3254 3787 ct
3316 3733 3416 3789 lcri

1843 3834 2008 3895 atque
2062 3834 2350 3894 prosterne
2401 3838 2520 3890 eos,
2600 3823 2693 3877 sed
2752 3822 2930 3892 quid?
2983 3821 3183 3892 Aspice
3238 3823 3417 3876 minas

1843 3932 2059 3978 eorum,
2125 3924 2179 3969 et
2237 3915 2306 3968 da
2337 3914 2512 3970 servis
2567 3912 2676 3969 tuis
2726 3913 2895 3968 libere
2943 3911 3123 3980 eloqui
3186 3912 3418 3966 verbum

1844 4017 2024 4064 tuum.
2057 4006 2123 4060 Et
2148 4005 2318 4060 llnitis
2350 4005 2607 4074 precibus
2631 4018 2848 4069 eorum,
2900 4012 3083 4058 motus
3115 4013 3199 4058 est
3241 4002 3419 4068 locus,

1845 4103 1900 4156 in
1921 4115 2033 4170 quo
2074 4106 2232 4154 erant
2276 4096 2619 4166 congregati.
2665 4093 2780 4149 Hoc
2843 4095 3261 4164 significabatur
3320 4111 3420 4150 eos

1844 4191 2136 4247 exauditos
2163 4197 2277 4244 eta
2338 4185 2450 4242 Deo
2504 4185 2758 4241 visitatos
2805 4198 2951 4240 esse.
2981 4182 3118 4237 Nam
3181 4183 3231 4237 id
3281 4183 3421 4236 alias

1845 4279 2065 4351 quidem
2090 4278 2218 4342 irae,
2277 4289 2680 4346 nonnunquam
2739 4274 2902 4329 etiam
2962 4273 3296 4328 visitatiouis
3331 4282 3418 4328 est

1847 4370 2085 4439 signum.
2115 4365 2361 4422 Orabant
2403 4375 2587 4418 autem
2625 4361 2886 4434 apostoli,
2936 4377 3042 4416 non
3095 4373 3418 4416 recusantes

1847 4476 1910 4514 ac
1957 4460 2340 4528 deprecantes,
2395 4469 2464 4510 ne
2509 4454 2640 4525 quid
2696 4453 2828 4522 ipsis
2875 4451 3149 4508 accideret
3209 4454 3417 4507 inconi-

180 4557 475 4620 τουτέστιν,
535 4555 1040 4626 ἀνεζωπυρήθησαν
1067 4594 1084 4620 ,
1160 4553 1256 4607 καὶ
1317 4553 1630 4608 ἁνεκαίοντο
1678 4553 1735 4604 ἐν

1849 4550 2030 4606 modi:
2087 4549 2185 4605 sed
2221 4547 2546 4603 laborabant
2595 4546 2662 4601 de
2720 4546 3126 4615 praedicatione.
3180 4545 3285 4600 Sed
3315 4561 3415 4598 cur

175 4647 338 4711 αὐτοῖς
362 4649 426 4702 τὸ
458 4649 730 4718 χάρισμα.

1847 4644 1990 4699 Deus
2009 4638 2290 4696 concussit
2319 4636 2584 4692 domum?
2616 4644 2675 4689 ut
2723 4645 2953 4690 terreret
3003 4635 3218 4704 quidem
3251 4634 3414 4686 iniui-

177 4743 471 4797 tabundos:
503 4744 570 4794 ad
606 4740 772 4794 animi
806 4753 934 4794 vero
966 4738 1313 4808 praesentiam
1342 4747 1504 4808 atque
1527 4737 1781 4792 ﬁduciam
1824 4737 2112 4792 reduceret
2143 4728 2447 4800 apostolos,
2484 4727 2744 4797 quoniam
2796 4724 3121 4796 principium
3172 4731 3309 4786 erat,
3360 4739 3416 4788 ei,

176 4834 335 4903 signo,
383 4834 535 4904 quod
593 4847 759 4886 sensu
793 4831 1188 4901 perciperetur,
1229 4846 1366 4900 opus
1457 4829 1750 4885 habebant.
1828 4827 2150 4884 Concussus
2178 4830 2425 4891 estergo
2462 4820 2635 4884 locus,
2676 4830 2732 4872 et
2763 4819 2936 4888 magis
2959 4832 3054 4872 eos
3121 4819 3414 4872 continua-

179 4929 261 4980 rit.
298 4925 363 4979 Et
395 4924 594 4992 repleti
627 4930 754 4977 sunt
777 4938 966 4978 oumes
995 4921 1200 4992 Spiritu
1229 4932 1443 4987 sancto,
1475 4921 1580 4976 hoc
1608 4931 1716 4985 est,
1759 4919 1982 4975 excitati
2079 4930 2144 4970 ac
2193 4912 2429 4969 recreati
2479 4918 2645 4966 sunt:
2707 4917 2762 4964 ct
2846 4910 2986 4962 intra
3067 4924 3189 4965 sese
3242 4916 3414 4981 gratia

182 5019 640 5073 accendebantur.

243 5111 343 5165 Τοῦ
372 5111 443 5163 δὲ
471 5109 747 5174 πλήθους
793 5107 912 5161 τῶν
939 5107 1403 5162 πιστευσάντων
1426 5103 1505 5176 ἦν
1532 5108 1569 5174 ἠ
1593 5121 1734 5174 καρ-

180 5199 265 5255 δία
293 5203 385 5256 zeal
416 5201 456 5268 ἠ
495 5200 804 5269 ψυχὴμιά·
850 5199 946 5252 καὶ
977 5199 1120 5253 οὐδὲ
1164 5195 1253 5265 εἷς
1295 5216 1344 5252 τι
1382 5197 1500 5252 τῶν
1541 5201 1732 5264 ὑπαρ-

185 5293 393 5355 χόντων
427 5291 640 5356 αὐτοῖς
685 5292 729 5323 ³³
781 5292 990 5360 ἔλεγεν
1045 5291 1202 5344 ῖδιον
1245 5286 1416 5344 εἶναι·
1475 5290 1610 5344 ἀλλ’
1656 5287 1734 5358 ἦν

185 5385 365 5451 αὐτοῖς
388 5385 631 5439 ἅπαντα
663 5383 856 5437 κοινά.

1917 5099 2082 5152 Vens.
2116 5094 2206 5151 σε.
2244 5093 2414 5146 Porro
2443 5090 2803 5159 multitudinis
2831 5105 3014 5142 eorum
3044 5088 3135 5157 qui
3177 5087 3414 5140 credide-

1846 5199 1967 5246 rant
1997 5197 2222 5243 eratcor
2259 5201 2423 5236 unum
2461 5193 2510 5235 et
2566 5184 2752 5234 anima
2784 5197 2930 5235 una:
2992 5195 3084 5233 nec
3131 5179 3410 5246 quisquam

1843 5298 2059 5338 suorum
2085 5283 2340 5333 bonarum
2374 5276 2650 5343 quicquam
2696 5291 2852 5328 suum
2897 5288 3008 5326 esse
3045 5270 3286 5324 dicebat:
3320 5269 3412 5323 sed

1842 5385 1996 5430 erant
2020 5373 2096 5426 eis
2128 5371 2304 5423 omnia
2332 5367 2654 5422 communia.

1320 5517 1519 5579 Varia
1545 5515 1855 5576 lectiones
1885 5518 1946 5572 et
1996 5514 2187 5568 notae.

247 5647 585 5717 "‘I‘ivesﬂat,
631 5657 705 5700 est
765 5648 820 5699 in
868 5647 1110 5717 vulgatis.
1187 5647 1230 5676 “
1278 5645 1363 5698 ῐσ.
1414 5641 1582 5717 ταύτό
1631 5658 1740 5708 μοι.

190 5715 332 5782 aii-11;).
373 5717 437 5770 In
495 5718 796 5785 apograplto
825 5727 938 5770 erat
958 5712 1240 5786 'scriptura
1272 5717 1402 5768 adeo
1441 5712 1690 5776 obsoleta,
1725 5720 1781 5762 ut

257 5838 280 5864 ³
311 5827 368 5881 ν.
401 5844 525 5883 cum
560 5829 782 5896 ﬁducia.

1817 5641 1858 5671 ³³
1897 5633 2105 5698 Ῥἥξον,
2149 5633 2235 5684 ισ.
2313 5628 2358 5660 ³⁸
2395 5625 2661 5702 Ἀνάγειᾌν,
2693 5633 2830 5702 crat.
2908 5623 2952 5654 ³³
2986 5621 3044 5675 In
3069 5620 3294 5702 vulgatis
3313 5631 3409 5685 est,

1813 5696 2101 5762 discernere
2134 5717 2235 5754 non
2285 5715 2510 5766 possem,
2558 5696 2766 5760 αὐτοῖς,
2831 5702 2981 5757 esset,
3009 5707 3078 5744 an
3135 5696 3339 5743 αὐτῶν.
