4184 6458
780 390 883 462 595

1726 400 2296 461 TIIEOPHYLACTI
2330 406 2661 465 BULGARI
2678 409 2739 464 Αἰ
2776 410 3112 468 AliCHIEP

3906 407 4020 476 596

780 488 990 560 I’ubitus
1040 507 1103 558 ab
1140 506 1282 560 omni
1328 506 1539 574 populo,
1588 507 1754 575 jussit
1819 517 1873 560 ut
1922 510 2148 575 apostoli
2200 510 2337 576 [oras

2452 510 2531 574 τῷ
2558 513 2706 575 λαῷ,
2738 513 3065 567 ἐκέλευσεν
3092 514 3209 577 ἐξω
3245 511 3384 578 τοὺς
3407 512 3793 575 ἀποστόλους
3820 511 4026 580 βραχύ

782 599 1063 665 paululum
1087 607 1555 651 summoverentur.

794 680 799 685 ⁷
851 685 1017 739 Vens.
1047 686 1135 741 35.
1159 686 1233 739 Ac
1259 685 1393 739 dixit
1417 686 1485 738 ad
1522 686 1662 739 illos.
1684 702 1700 739 :
1738 686 1847 742 Viri
1877 687 2161 754 Israelitte,
2189 691 2347 743 etiam

780 790 934 847 atque
949 781 1107 834 etiam
1138 779 1278 848 apud
1309 796 1396 834 vos
1416 779 1867 851 deliberate,«quid
1898 782 2193 836 hominibus
2222 784 2343 837 istis

780 874 980 939 facturi
998 875 1115 927 sitis
1143 884 1192 927 1.

848 964 1016 1021 Vens.
1050 966 1140 1021 56.
1197 964 1336 1018 Nam
1359 975 1478 1020 ante
1525 967 1617 1021 hos
1668 968 1776 1021 dies
1819 969 2018 1021 exstitit
2079 968 2343 1029 Theudas,

2452 619 2505 653 τι
2544 601 2791 669 ποιῆσαι
2817 607 2881 656 ⁵³.

2522 692 2673 749 Εἷπέ
2726 715 2790 750 τε
2840 697 2988 764 πρὸς
3030 698 3253 762 αὐτούς
3282 713 3295 725 '
3346 697 3595 765 Ἄνδρες
3628 695 4025 764 Ἰσραηλῖται.

2450 788 2779 856 προσέχετε
2800 790 3036 853 ἑαυτοῖς
3072 790 3169 841 ἐπί
3200 790 3323 854 τοῖς
3340 790 3676 857 ἀνθρώποις
3702 789 3939 853 τούτοις
3971 790 4029 841 τί

2443 878 2700 946 μέλλετε
2730 878 3044 945 πράσσειν.

2516 970 2639 1037 Πρὸ
2663 969 2772 1039 τὰρ
2809 972 3036 1024 τούτων
3060 970 3178 1024 τῶν
3212 970 3448 1039 ἡμερῶν
3493 970 3719 1035 ἀνέστη
3768 968 4023 1034 Θευδᾶς,

779 1057 955 1110 dicens
986 1074 1038 1111 se
1069 1074 1181 1111 esse
1222 1058 1393 1111 nescio
1427 1075 1578 1128 quem
1610 1075 1627 1111 :
1657 1076 1773 1111 cum
1830 1076 1932 1128 quo
1984 1076 2037 1112 se
2071 1060 2337 1128 conjunxit

2446 1060 2641 1129 λέγων
2670 1058 2823 1115 εἶναι’
2849 1079 2981 1114 τινα
3018 1062 3237 1115 ἑαυτόν
3261 1080 3275 1093 ·
3314 1056 3362 1128 ᾦ
3386 1061 3855 1127 προσεκολλήθη
3892 1062 4025 1127 ἀρι-

780 1167 1027 1204 numerus
1061 1151 1329 1204 hominum
1356 1151 1518 1220 ferme
1550 1152 2053 1221 quadringentorum
2094 1168 2112 1205 :
2144 1153 2231 1220 qui
2256 1167 2345 1203 oc-

777 1244 917 1296 cisus
934 1254 1034 1304 est,
1067 1253 1115 1297 et
1134 1246 1438 1313 omnes,qui
1461 1244 1713 1312 parebant
1748 1253 1771 1279 ι
1801 1246 1869 1308 ei,
1903 1245 2151 1314 dissipati
2189 1254 2236 1297 et
2276 1243 2344 1295 ad

778 1337 1001 1390 nihilum
1033 1338 1233 1390 redacti
1252 1347 1397 1390 sunt.

860 1449 940 1506 llll
969 1452 1191 1521 quidem
1236 1452 1325 1505 alii
1361 1451 1667 1516 audientes,
1704 1454 1887 1506 animo
1907 1452 2348 1522 compungebau-

2449 1153 2597 1221 θμός
2651 1152 2889 1219 ἀνδρῶν
2926 1154 3069 1207 ὡσεὶ
3129 1154 3530 1221 τετρακοσίων
3560 1170 3572 1181 ·
3606 1153 3673 1216 ὃς
3733 1152 4022 1222 ἀνῃρέθη,

2448 1244 2544 1296 καί
2603 1244 2827 1309 πάντες
2877 1246 3009 1298 ὅσοι
3056 1245 3366 1299 ἐπείθοντο
3399 1244 3561 1308 αὑτῷ
3587 1284 3602 1305 ,
3646 1243 4028 1309 διελύθησαν

2448 1336 2542 1388 καί
2566 1336 2846 1404 ἐγένοντο
2871 1340 2958 1401 είς
2988 1337 3189 1391 οὐδέν.

2518 1450 2581 1501 Ol
2620 1448 2718 1516 μὲν
2749 1450 2901 1502 ἄλλοι
2953 1451 3247 1513 ἀκούοντες
3310 1450 3722 1519 κατενύγησαν,
3780 1441 3928 1501 οῦτοι
3964 1449 4027 1501 δὲ

777 1552 868 1597 tur
900 1560 913 1596 :
962 1544 1012 1597 bi
1049 1557 1178 1598 vero
1210 1540 1720 1614 disrumpebautur,
1749 1553 1803 1598 ct
1832 1544 2212 1599 deliberabant
2277 1545 2337 1599 de

2445 1539 2749 1607 διεπρίοντο
2795 1540 2887 1591 καὶ
2934 1538 3281 1592 ἐϐουλεύοντο
3328 1540 3537 1592 ἀνελεῖν
3576 1538 3791 1600 αὐτούς.
3863 1538 3922 1590 ὐ
3965 1539 4027 1591 δὲ

778 1637 859 1691 eis
902 1634 1320 1694 intcrﬁciendis.
1370 1635 1539 1690 Porro
1570 1634 1831 1689 Gamaliel
1876 1630 1961 1690 bic
2026 1638 2181 1691 Pauli
2230 1653 2343 1689 ma-

776 1728 943 1797 gister
982 1736 1101 1782 erat
1137 1745 1151 1781 :
1204 1741 1269 1782 ac
1294 1728 1479 1782 mirari
1507 1744 1685 1797 operre
1711 1729 1944 1797 pretium
1994 1738 2098 1791 est,
2138 1728 2229 1797 qui
2274 1728 2341 1781 fa-

2448 1629 2486 1681 Γ
2489 1630 2728 1699 αμαλιὴλ
2757 1623 2914 1693 οὗτος
2960 1633 2988 1683 ὁ
3019 1631 3230 1683 Παύλου
3257 1631 3576 1695 διδάσκαλος
3617 1628 3686 1695 ἦν
3724 1648 3738 1661 ο
3763 1631 3859 1684 καὶ
3890 1630 4028 1683 θαυ-

2449 1722 2620 1789 μάσαι
2654 1722 2825 1785 ἄξιον,
2854 1723 2971 1785 πῶς
3004 1726 3097 1777 καὶ
3127 1724 3442 1793 νομομαθὴς
3479 1723 3574 1790 ὢν,
3609 1724 3705 1777 καὶ
3732 1724 3831 1786 τὰς
3877 1724 4027 1776 κατὰ

775 1825 922 1876 ctuiu
956 1820 1050 1881 sit,
1078 1828 1137 1873 ut
1165 1834 1287 1873 cum
1345 1830 1398 1874 et
1460 1820 1805 1890 legisperitus
1854 1830 2019 1880 esset,
2072 1830 2126 1872 ct
2176 1819 2337 1871 animi

2445 1811 2570 1864 νοῦν
2604 1812 2815 1881 κρίσεις
2854 1812 3012 1882 ἔχων,
3069 1814 3281 1866 οὐδέπω
3326 1814 3650 1866 ἐπίστευσεν
3678 1831 3693 1846 ο
3735 1814 3856 1866 ἐπεὶ
3898 1814 4025 1867 οὐδὲ

770 1911 980 1982 judicio
1012 1912 1292 1982 praeditus,
1333 1911 1573 1967 nondum
1598 1912 1845 1966 crederet
1882 1930 1895 1965 :
1930 1914 2057 1980 quia
2109 1914 2339 1967 necdum

775 2006 978 2061 Paulus
1001 2005 1222 2073 quidem
1246 2004 1571 2060 crediderat.
1601 2004 1775 2057 Etiam
1810 2015 1971 2074 atque
1991 2007 2152 2058 etiam
2197 2005 2338 2070 apud

775 2109 874 2153 vos
920 2098 1239 2162 deliberate,
1303 2096 1433 2166 quid
1511 2096 1826 2151 hominibus
1894 2097 2035 2162 istis,
2086 2108 2189 2151 etc.
2236 2096 2340 2165 55

773 2188 1163 2243 Animadverte
1188 2189 1507 2259 prudentem
1533 2188 1857 2251 orationem,
1898 2197 1955 2241 ut
2017 2190 2097 2243 eis
2154 2190 2337 2242 statim

773 2288 1044 2333 terrorem
1100 2278 1333 2332 incutiat
1368 2297 1379 2332 :
1411 2293 1474 2330 ac
1535 2292 1604 2330 ne
1657 2277 1773 2346 ipse
1820 2288 2113 2347 suspectus
2169 2287 2335 2343 esset,

775 2380 835 2423 ut
865 2370 957 2440 qui
993 2371 1221 2425 sentiret
1272 2385 1395 2424 cum
1455 2370 1562 2424 illis
1616 2377 1871 2437 tauquam
1917 2386 2039 2422 cum
2095 2370 2337 2435 ejusdem

773 2476 959 2517 secum
996 2461 1279 2517 sententias
1308 2461 1643 2525 hominibus,
1673 2462 2096 2524 sermocinatur,
2134 2470 2187 2516 et
2232 2479 2336 2516 non

776 2568 971 2622 magna
1008 2554 1182 2608 utitur
1231 2554 1565 2607 vehementia
1597 2596 1612 2619 ,
1658 2554 1751 2607 sed
1782 2553 1853 2607 ita
1889 2568 1903 2606 :
1950 2554 2123 2606 Etiam
2175 2562 2339 2621 atque

772 2641 961 2703 etiam,
995 2641 1196 2710 inquit,
1242 2642 1525 2696 vobiscum
1583 2642 1901 2704 deliberate,
1938 2641 2065 2710 quid
2108 2643 2227 2696 sitis
2262 2642 2339 2695 fa-

773 2730 938 2783 ctuii.
974 2728 1109 2783 Nam
1152 2738 1278 2785 ante
1326 2730 1424 2783 hos
1453 2728 1592 2784 dies.
1629 2730 1742 2782 Duo
1785 2732 1934 2793 ponit
1969 2732 2236 2799 exempla,
2275 2746 2339 2785 ac

770 2830 957 2877 vetera
981 2838 1088 2877 non
1123 2832 1532 2887 commemorat,
1607 2822 1698 2876 sed
1736 2816 1875 2875 nava
1912 2822 2177 2889 exempla.
2210 2822 2337 2888 quia

772 2914 890 2970 hac
924 2915 993 2969 ad
1018 2912 1461 2984 persuadendum
1509 2913 1631 2982 plus
1662 2913 1875 2967 roboris
1902 2912 2339 2977 babenLQuam—

770 3004 957 3059 obrem
986 3003 1149 3057 etiam
1186 3002 1275 3057 ille
1332 3003 1400 3057 de
1427 3001 1510 3056 bis
1551 3000 1860 3071 signiﬁcare
1880 3002 2066 3055 volens
2088 3002 2336 3055 dicebat:

772 3092 1021 3153 sntehos
1073 3106 1275 3161 paucos
1305 3091 1444 3146 dies.
1485 3092 1560 3143 Ac
1594 3106 1717 3144 cum
1746 3091 1908 3144 etiam
1955 3091 2059 3143 alia
2094 3089 2339 3158 proferre

2445 1902 2675 1966 Παῦλος.
2757 1905 3057 1974 Προσέχετε
3112 1906 3326 1967 ἑαυτοῖς
3378 1907 3472 1959 ἐπὶ
3526 1908 3640 1967 τοῖς
3707 1905 4024 1974 ἀνθρώποις

2441 1996 2650 2058 τούτοις
2678 1997 2731 2050 τί
2773 1997 2992 2065 μέλλετε
3050 1998 3335 2065 πράσσειν.
3374 2000 3515 2067 Ὅρα
3546 1999 3645 2068 τὴν
3674 2000 3890 2051 σύνεσιν
3918 1998 4023 2064 τῆς

2441 2087 2805 2157 δημηγορίας,
2844 2088 2962 2149 πῶς
2990 2089 3188 2151 αὐτοὺς
3229 2088 3431 2150 εὐθέως
3464 2090 3544 2151 είς
3575 2090 3741 2156 φόϐον
3768 2087 4021 2149 ἐνέϐαλε,

2443 2178 2538 2230 καὶ
2573 2179 2713 2231 ὥστε
2754 2180 2829 2247 μὴ
2873 2181 3281 2249 ὑποπτευθῆναι
3341 2182 3505 2234 αὑτὸν
3558 2182 3633 2244 ὠς
3667 2182 3736 2234 τὰ
3791 2183 4027 2233 ἐκείνων

2443 2267 2769 2335 φρονοῦντα,
2810 2269 2886 2331 ὡς
2940 2268 3077 2339 πρὸς
3110 2269 3499 2340 ὁμογνώμονας
3537 2269 3870 2336 διαλέγεται,
3924 2268 4023 2319 καὶ

2441 2361 2501 2411 οὐ
2538 2359 2706 2428 πολλῇ
2738 2361 2806 2428 τῇ
2843 2360 3174 2429 σφοδρότητι
3199 2360 3464 2430 κέχρηται
3492 2376 3507 2391 ο
3544 2360 3659 2412 ἀλλ’
3693 2359 3835 2412 οὕτω
3858 2350 4021 2427 φησὶ,

2442 2450 2743 2519 προσέχετε
2793 2450 3006 2512 ἑαυτοῖς
3054 2451 3106 2502 τί
3149 2450 3372 2519 μέλλετε
3416 2449 3708 2515 πράσσειν.
3764 2448 3880 2518 Πρὸ
3908 2448 4023 2516 γὰρ

2440 2540 2650 2593 τούτων
2677 2540 2787 2593 τῶν
2812 2541 3059 2612 ἡμερῶν.
3102 2543 3208 2593 Δύο
3239 2541 3419 2609 τίθησι
3444 2541 3891 2610 παραδείγματα,
3923 2540 4025 2592 καὶ

2440 2629 2500 2681 οὐ
2543 2629 2869 2698 μνημονεύει
2907 2629 3152 2683 παλαιῶν
3182 2671 3196 2691 ,
3251 2630 3385 2683 ἀλλὰ
3451 2630 3585 2683 νέων
3636 2627 4025 2700 παραδειγμάο

2440 2738 2569 2782 των,
2603 2721 2686 2772 ὅτι
2706 2721 2774 2773 τὰ
2801 2720 3031 2773 τοιαῦτα
3055 2723 3204 2773 ἐστιν
3234 2722 3292 2773 ὲν
3312 2720 3390 2788 τῷ
3423 2721 3629 2773 πείθειν
3648 2718 4024 2787 δυνατώτερα.

2440 2811 2532 2864 Διδ
2581 2813 2676 2864 καὶ
2721 2813 2932 2873 ἐκεῖνος
2987 2814 3195 2864 τούτων
3225 2811 3600 2879 αἰνιττόμενος
3665 2810 3817 2875 ἔλεγε
3846 2849 3861 2873 ,
3912 2808 4027 2875 πρὸ

2439 2904 2636 2969 ὀλίγων
2691 2903 2898 2955 τούτων
2946 2902 3054 2954 τῶν
3085 2903 3330 2971 ἡμερῶν.
3397 2904 3576 2970 Ἔχων
3626 2900 3682 2952 δὲ
3737 2900 3830 2951 καὶ
3872 2898 4021 2951 ἄλλα

2441 2994 2639 3057 εἰπεῖν,
2673 2993 2916 3065 ἠρκέσθη
2950 2993 3178 3056 τούτοις.
3264 2994 3387 3045 Ἐπὶ
3425 2994 3520 3046 δύο
3562 2993 3671 3060 γὰρ
3715 2990 4019 3061 μαρτύρων

2444 3088 2551 3138 πᾶν
2584 3088 2735 3155 ῥῆμα
2761 3087 3107 3153 σταθήσεται.
3143 3087 3254 3139 Οὐκ
3291 3084 3414 3139 εἷπε
3452 3087 3508 3138 δὲ
3554 3086 3659 3138 ὑπὸ
3679 3084 3842 3137 τίνων
3872 3086 4026 3135 ἐκεί-

771 3192 978 3253 posset,
1023 3184 1108 3238 bis
1154 3192 1443 3237 contentus
1489 3181 1611 3236 luit.
1648 3183 1707 3236 ln
1767 3182 1981 3236 duobus
2006 3184 2147 3235 enim
2181 3185 2331 3235 testi-

2443 3196 2521 3230 νοι
2562 3179 2908 3247 ἁνηρέθησαν
2926 3218 2941 3241 ,
2969 3179 3084 3230 ἀλλ’
3106 3180 3185 3231 ὅτι
3213 3178 3445 3231 ἐνταῦθα
3472 3177 3813 3244 διελύθησαν.
3874 3176 4025 3243 Περὶ

774 3276 875 3329 bus
908 3272 1173 3329 consistet
1204 3288 1364 3327 omne
1393 3272 1640 3326 verbum.
1702 3270 1818 3325 Non
1878 3273 2011 3324 dicit
2060 3281 2262 3335 autem,
2306 3288 2335 3325 a

770 3365 970 3435 quibus
1024 3364 1098 3418 illi
1132 3364 1243 3418 sint
1265 3363 1431 3417 occisi
1465 3363 1599 3417 :sed
1628 3378 1721 3417 eos
1754 3362 1840 3416 hic
1870 3362 2003 3416 dicit
2040 3363 2337 3430 dissipatos

773 3455 967 3509 fuisse.
995 3454 1070 3509 De
1100 3453 1323 3507 Theuda
1348 3453 1681 3508 mentionem
1719 3453 1849 3507 facit
1871 3454 2036 3509 etiam
2064 3452 2337 3522 Josepbus

771 3547 826 3601 in
861 3547 1073 3601 decimo
1110 3562 1252 3601 nono
1278 3546 1415 3600 libro
1450 3547 1859 3614 Antiquitatum,
1890 3546 2041 3600 utait
2070 3546 2337 3600 Eusebius

767 3640 825 3691 in
872 3637 1112 3692 secundo
1143 3637 1283 3692 libro
1311 3637 1711 3691 Ecclesiastica:
1747 3636 1987 3691 historia:
2018 3637 2101 3691 his
2132 3637 2332 3691 verbis:

768 3722 905 3778 Cum
928 3723 1107 3778 Fadus
1138 3720 1495 3778 cssetJudaaa:
1524 3725 1961 3790 procurator,vir
1981 3724 2203 3792 quidam
2238 3724 2337 3776 im-

769 3823 978 3884 postor,
1020 3816 1239 3870 nomine
1271 3815 1547 3879 Tlieudas,
1577 3816 1869 3885 persuadet
1912 3819 2104 3880 turbae,
2124 3826 2180 3871 ut
2205 3817 2335 3870 sub-

770 3903 892 3959 latis
954 3904 1067 3958 suis
1123 3903 1489 3965 facultatibus,
1526 3913 2017 3972 sequerentureum
2049 3904 2337 3958 adllumen

767 3995 1083 4051 Iordanem.
1130 3994 1452 4063 Proplietam
1506 3997 1651 4049 enim
1690 4011 1748 4052 se
1798 4011 1921 4051 esse
1992 3997 2225 4063 dicebat,
2283 4010 2337 4051 et

764 4081 923 4155 j'ussu
950 4102 1050 4141 suo
1091 4085 1291 4140 ﬂumen
1315 4102 1372 4141 se
1427 4086 1729 4140 scissurum
1759 4126 1771 4150 ,
1799 4096 1960 4156 atque
1990 4089 2061 4139 ita
2121 4088 2331 4141 facilem

769 4176 1065 4230 transitum
1094 4174 1445 4245 prmbiturum
1479 4176 1785 4229 :acmultos
1805 4175 2038 4243 decepit.
2066 4178 2131 4226 At
2156 4174 2334 4229 Fadus

768 4282 865 4322 cos
898 4282 1006 4320 non
1039 4281 1233 4336 passus
1251 4274 1334 4320 est
1362 4280 1455 4320 sua
1492 4266 1728 4320 amentia
1767 4266 1869 4319 frui
1898 4284 1912 4319 :
1948 4269 2040 4320 sed
2071 4267 2334 4321 adversus

767 4373 863 4411 eos
885 4358 1129 4426 equitum
1164 4366 1398 4411 turmam
1441 4356 1645 4419 emisit,
1681 4372 1802 4425 qua:
1834 4359 2032 4412 multos
2068 4357 2335 4411 interiecit

767 4456 823 4502 ct
855 4448 1005 4501 vivos
1037 4447 1264 4516 cepitex
1308 4447 1441 4501 illis.
1464 4447 1828 4517 Atqueipsius
1887 4446 2125 4501 Theudae
2166 4459 2331 4516 caput

767 4548 1105 4608 amputatum
1136 4537 1563 4608 Hierosolymam
1596 4548 1831 4608 portant.

837 4628 1008 4685 Vens.
1036 4630 1125 4685 57.
1163 4629 1293 4683 Post
1327 4631 1463 4682 hunc
1500 4631 1707 4684 exstitit
1763 4629 1935 4685 ludas
1978 4629 2232 4685 Galilazus
2282 4633 2337 4684 in

2355 4536 2407 4594 D

2441 3270 2618 3322 Θευδᾶ
2650 3272 2921 3339 μέμνηται
2954 3270 3049 3322 καὶ
3093 3270 3355 3339 Ἰώσηπος
3387 3270 3444 3321 ὲν
3480 3268 3556 3337 τῷ
3582 3268 3649 3320 ιθ¹
3688 3266 3877 3337 βιϐλίῳ
3919 3267 4028 3335 τῆς

2455 3361 2885 3431 Ἀρχαιολογίας,
2918 3363 2994 3423 ὦς
3046 3380 3213 3431 φησιν
3252 3362 3510 3424 Εὐσέϐιος
3558 3364 3615 3413 ἔν
3658 3360 3734 3427 τῷ
3776 3359 4027 3429 δευτέρῳ

2441 3456 2538 3523 τῆς
2578 3456 3068 3526 Ἐκκλησιαστιχῆς
3111 3457 3375 3525 Ἱστορίας
3407 3454 3570 3507 οῦτω’
3609 3454 3781 3506 Φάδου
3821 3450 3881 3503 δὲ
3915 3452 4027 3518 τῆς

2455 3545 2711 3608 Ἰουδαίας
2763 3546 3249 3614 ἐπιτροπεύοντος,
3298 3548 3432 3613 γόης
3493 3563 3578 3608 τις
3629 3544 3767 3613 ἀνὴρ
3808 3543 4027 3599 Θευδᾶς

2439 3636 2685 3702 ὀνόματι,
2714 3636 2891 3689 πείθει
2929 3635 3019 3687 τὸν
3051 3636 3227 3704 δχλον,
3272 3634 3636 3696 ἀναλαϐόντας
3652 3634 3750 3696 τὰς
3790 3634 4027 3699 κτήσεις

2440 3726 2643 3791 αὐτῶν,
2685 3727 2913 3780 ἔπεσθαι
2938 3727 3076 3798 πρὸς
3102 3728 3193 3781 τὸν
3234 3727 3506 3795 Ἰορδάνην
3554 3726 3826 3795 ποταμόν.
3869 3725 4029 3791 Προ-

2440 3819 2617 3887 φήτης
2666 3816 2776 3885 γὰρ
2815 3817 3004 3883 ἔλεγεν
3046 3812 3212 3881 εἶναι,
3238 3818 3332 3870 καὶ
3362 3818 3746 3888 προστάγματι
3776 3816 3869 3868 τὸν
3918 3831 4028 3867 πο-

2436 3907 2609 3976 ταμὸν
2654 3907 2844 3973 σχίσας
2890 3906 3062 3958 δίοδον
3094 3906 3201 3976 ἔφη
3254 3908 3514 3975 παρέξειν
3571 3907 3750 3967 αὐτοῖς
3809 3904 4026 3974 ῥᾴδιον,

2440 4000 2531 4051 καὶ
2566 3998 2795 4060 πολλοὺς
2850 3998 3133 4068 ἠπάτησεν
3156 4013 3170 4028 ⁸
3208 3999 3269 4050 οὐ
3308 3999 3415 4068 μὴν
3449 3999 3632 4050 εἴασεν
3670 3997 3870 4058 αὐτοὺς
3915 3998 4028 4063 τῆς

2436 4090 2749 4158 ἀφροσύνης
2800 4090 3026 4142 ὄνασθαι
3089 4090 3258 4151 Φάδος
3298 4107 3311 4120 ο
3372 4090 3486 4142 ἀλλ’
3546 4089 3852 4159 ἐξέπεμψεν
3896 4089 4030 4159 ελην

2440 4182 2650 4233 ἱππέων
2695 4182 2782 4234 ἐπ’
2810 4182 3029 4243 αὐτοὺς,
3082 4182 3203 4250 ἧτις
3232 4180 3461 4243 πολλοὺς
3510 4183 3689 4235 ἀνεῖλε
3730 4182 3822 4234 καὶ
3878 4180 4030 4243 ἐζώ-

2436 4289 2648 4340 γρησεν
2680 4273 2741 4336 ἐξ
2788 4273 2995 4337 αὐτῶν,
3028 4274 3192 4325 αὑτοῦ
3231 4291 3290 4326 τε
3321 4273 3415 4326 τοῦ
3444 4274 3620 4327 Θευδᾶ
3646 4275 3743 4343 τὴν
3774 4272 4033 4341 κεφαλὴν

2436 4366 2800 4432 ἀποτέμνουσι
2838 4365 2933 4417 καὶ
2959 4365 3279 4433 κομίζουσιν
3310 4368 3391 4426 είς
3434 4366 3805 4434 Ἱεροσόλυμα.

2510 4631 2671 4685 Μετὰ
2700 4630 2919 4684 τοῦτον
2944 4630 3175 4696 ἀνέστη
3221 4629 3454 4693 Ἰούδας
3502 4632 3533 4681 ό
3574 4629 3907 4692 Γαλιλαῖος
3959 4631 4037 4681 ἐν

765 4723 947 4775 diebus
981 4722 1340 4789 professionis,
1377 4740 1439 4776 ac
1486 4724 1617 4776 satis
1670 4724 1862 4776 multos
1897 4724 2131 4777 homines
2187 4724 2257 4777 ad
2287 4741 2337 4778 se

2442 4724 2570 4789 ταῖς
2591 4722 2840 4791 ἡμέραις
2866 4721 2979 4789 τῆς
3006 4719 3380 4791 ἀπογραφῆς,
3407 4722 3505 4773 καί
3528 4720 3838 4785 ἀπέστησε
3859 4723 4033 4774 λαέτιο

769 4812 1005 4864 traduxit
1032 4821 1077 4864 ³.
1109 4810 1210 4865 Ille
1226 4828 1426 4881 quoque
1462 4812 1648 4879 periit:
1678 4822 1727 4865 et
1766 4830 1965 4878 omnes,
1994 4816 2084 4883 qui
2122 4816 2168 4867 ei
2191 4830 2337 4880 pare-

2442 4811 2653 4862 ίκανὸν
2719 4810 2914 4861 ὀπίσω
2971 4809 3152 4863 αὐτοῦ
3182 4825 3195 4838 ·
3251 4808 3528 4871 κάκεῖνος
3585 4807 3855 4861 ἀπώλετο
3919 4810 4031 4861 καί

769 4902 919 4963 bant,
948 4900 1195 4970 dissipati
1249 4910 1392 4955 sunt.

840 4993 1006 5048 Vsus.
1030 4994 1120 5048 38.
1148 4994 1215 5048 Et
1246 5011 1385 5048 nunc
1422 4995 1539 5049 dico
1582 4996 1762 5049 vobis:
1792 4996 2053 5049 abstinete
2081 4997 2145 5048 ab
2167 4997 2334 5049 homi-

767 5086 918 5139 nibus
971 5086 1110 5151 istis,
1140 5094 1189 5139 et
1215 5088 1404 5139 missos
1426 5086 1586 5155 facite
1616 5087 1760 5139 illos.
1792 5084 1934 5139 Nam
1958 5089 2004 5139 si
2038 5087 2332 5139 humanum

768 5180 928 5245 fuerit
957 5179 1053 5233 hoc
1088 5180 1367 5233 consilium
1390 5189 1480 5232 aut
1501 5179 1596 5233 hoc
1623 5195 1773 5245 opus,
1799 5178 2248 5245 labefactabitnr.‘

2442 4899 2665 4965 πάντες
2690 4898 2824 4953 ὅσοι
2873 4899 3188 4954 ἐπείθοντο
3214 4897 3396 4962 αὐτῷ,
3432 4898 4029 4964 διεσκορπίσθησαν.

2512 4992 2620 5044 Καὶ
2660 4993 2733 5043 τὰ
2786 4991 2904 5043 νῦν
2937 4988 3091 5058 λέγω
3141 4990 3305 5057 ὑμῖν,
3344 4991 3675 5054 Ἀπόστητε
3723 4988 3842 5041 ἀπὸ
3900 4990 4033 5041 τῶν

2442 5082 2767 5148 ἀνθρώπων
2800 5083 3049 5145 τούτων,
3092 5083 3189 5134 καί
3217 5082 3436 5135 ἐάσατε
3460 5081 3681 5145 αὐτούς
3706 5095 3722 5110 '
3778 5080 3868 5131 ὅτι
3912 5082 4035 5133 ἐὰν

2442 5169 2484 5243 ᾖ
2521 5174 2590 5237 ἐξ
2627 5175 2952 5242 ἀνθρώπων
2986 5175 3025 5239 ὴ
3071 5174 3278 5241 βουλὴ
3328 5174 3478 5238 αὕτη
3528 5172 3572 5202 ⁸⁸
3631 5172 3668 5239 ἧ
3724 5172 3789 5224 τὸ
3839 5174 4035 5243 ἕργεν

2445 5265 2642 5327 τοῦτο,
2675 5267 3172 5333 καταλυθήσεται.

1972 5446 2170 5505 Variae
2216 5446 2530 5508 lectiones
2569 5454 2627 5508 et
2669 5456 2858 5510 noun.

842 5594 886 5624 ⁶³
923 5593 987 5646 In
1013 5595 1224 5664 uulgato
1280 5607 1376 5662 cst,
1419 5599 1521 5663 ἔξω
1572 5599 1741 5668 βραχύ
1775 5617 1826 5651 τι
1858 5600 1981 5661 τοὺς
2014 5601 2343 5664 ἀποστόλους
2378 5604 2623 5673 ποιῆσαι.

844 5743 869 5781 >³
1017 5734 1265 5788 attendite
1298 5735 1435 5789 vobis
1467 5738 1930 5802 superlwmiuibus
1966 5741 2102 5807 istis,
2129 5741 2250 5805 quid
2281 5744 2452 5794 ποῖαι-ἰ
2476 5744 2614 5797 silis.

774 5804 957 5857 arcuit
995 5814 1108 5869 post
1138 5821 1205 5857 se.

2705 5606 2751 5634 “
2792 5605 2953 5673 αῦτη.
2994 5606 3329 5659 desideratur
3360 5607 3413 5658 in
3451 5606 3683 5676 vulgato.

2695 5756 2715 5781 ι
2757 5745 2813 5796 ν.
2849 5747 3141 5799 credebant.
3180 5748 3310 5815 Sup.
3355 5765 3468 5814 cup.
3504 5764 3574 5799 tv.

3655 5762 3676 5787 ο
3720 5748 3777 5803 ν.
3828 5758 3879 5805 et
3932 5754 4026 5816 E.,
