4184 6458
181 379 292 439 605

890 381 1294 443 EXPOSITIO
1336 384 1413 444 ΙΝ
1455 384 1643 444 ACTA
1679 383 2257 449 APOSTOLORUM.
2286 411 2353 420 ·-
2380 385 2541 448 CAP.
2577 388 2711 449 VII.

3356 394 3462 458 606

180 494 383 558 ποζιλῆς
422 491 832 558 ἀπολαύσαντες
871 496 959 548 ἀεὶ
997 495 1438 564 φιλανθρωπίας,
1473 497 1585 558 τοῖς
1624 497 1758 547 ἐναν

1887 493 1992 547 bus
2016 505 2067 548 et
2097 495 2289 547 arduis
2317 496 2608 548 admodum
2649 495 2826 549 facilia
2869 508 3031 566 atque
3071 499 3318 566 exg'cdrta
3349 502 3462 556 elli-

177 585 316 645 τίοις
338 584 430 634 τὸν
456 585 755 655 εὐεργέτην
777 589 1100 657 ἠμείψαντο.
1125 590 1219 641 καὶ
1243 589 1325 642 ὅτι
1347 589 1630 650 ἀδυνάτοις
1656 590 1773 640 ἐπι-

177 676 448 744 χειροῦσι.
490 679 743 732 Δείκνυσι
781 681 838 734 δὲ
881 682 973 734 καὶ
1014 683 1115 750 τὴν
1156 682 1494 749 ἐπαγγελίαν
1531 683 1636 752 πρὸ
1673 681 1768 734 τοῦ

175 768 345 818 τόπου
377 771 778 842 γεγενημένην,
808 773 915 841 πρὸ
942 774 1040 842 τῆς
1068 774 1395 844 περιτομῆς.
1423 774 1530 843 πρὸ
1553 774 1652 842 τῆς
1684 773 1772 826 θυ-

180 862 325 920 σίας,
367 861 477 931 πρὸ
511 861 605 914 τοῦ
643 865 772 916 ναοῦ
805 882 818 894 ·
857 865 952 917 καὶ
989 867 1069 918 ὅτι
1106 867 1168 918 οὐ
1208 868 1328 918 κατ’
1355 868 1512 932 ἀξίαν
1537 868 1583 898 ⁸³
1622 859 1769 918 οὗτοι

177 953 406 1016 ἔλαϐον,
438 955 562 1007 οὐδὲ
590 959 924 1027 περιτομὴν,
956 960 1077 1013 οὐδὲ
1106 961 1267 1028 νόμον
1290 975 1302 986 ⁸
1332 959 1470 1012 ἀλλὰ
1517 961 1617 1029 τῆς
1667 961 1770 1012 ὐπ-

194 1046 354 1114 ιτοῆς
398 1049 561 1117 μόνον
599 1050 628 1102 6
656 1051 841 1118 μισθὸς
865 1046 932 1120 ἦν
965 1053 997 1120 ἡ
1039 1051 1131 1118 γῆ.
1171 1053 1264 1103 καὶ
1301 1051 1420 1104 οὐδὲ
1465 1051 1768 1122 περιτομῆς

176 1135 452 1204 δοθείσης,
506 1142 539 1209 ἡ
593 1141 898 1208 ἐπαγγελία.
946 1140 1285 1211 πληροῦται·
1334 1143 1429 1195 καὶ
1476 1143 1557 1194 ὅτι
1607 1142 1767 1196 τύποι

174 1223 342 1294 ἦσαν.
377 1231 578 1294 Καλῶς
617 1233 673 1287 δὲ
710 1233 1047 1303 ἀρχόμενος,
1080 1234 1214 1287 Θεὸν
1243 1235 1341 1303 τῆς
1379 1234 1535 1304 δόξης
1572 1236 1763 1288 καλεῖ·

186 1317 413 1388 Ἐπειδὴ
450 1322 577 1384 τοὺς
613 1322 839 1392 ἀτίμους
888 1323 1135 1388 ἐνδόξους
1177 1323 1468 1391 πεποίηκε.
1512 1325 1676 1392 Λέγει
1710 1325 1767 1379 δέ

173 1406 257 1458 ὅτι
311 1408 410 1461 καὶ
459 1411 586 1474 ναὸς
633 1413 732 1465 υῦκ
776 1408 876 1482 ἦν,
927 1415 1021 1467 καὶ
1071 1415 1218 1478 θείας
1269 1415 1445 1484 ὅψεως
1495 1417 1692 1485 ἠξίωτο
1740 1419 1768 1470 6

189 1501 468 1570 Ἀϐρααμ.
497 1505 590 1556 καὶ
621 1507 918 1575 προγόνους
935 1509 980 1539 ⁸³
1009 1510 1221 1578 Πέρσας
1252 1505 1385 1578 εἶχε.
1415 1511 1509 1562 καὶ
1536 1513 1594 1562 ὲν
1619 1510 1770 1563 ἁλλο-

171 1592 302 1661 τρέᾳ
333 1595 406 1663 γῇ
442 1590 530 1662 ἦν.
561 1596 700 1667 Ὅρα
731 1597 785 1654 δὲ
819 1599 937 1661 πῶς
971 1600 1174 1667 ἀπάγει
1211 1601 1407 1662 αὐτοὺς
1438 1599 1545 1652 τῶν
1578 1619 1766 1672 σωμα-

171 1684 366 1746 τικῶν,
396 1687 491 1737 καὶ
517 1686 652 1750 τέως
682 1688 790 1742 ἀπὸ
816 1694 910 1742 τοῦ
937 1690 1102 1743 τόπου
1128 1707 1140 1717 ⁸
1171 1691 1359 1761 ἐπειδὴ
1391 1693 1485 1744 καὶ
1518 1695 1644 1763 περὶ
1669 1693 1764 1747 τοῦ

172 1774 340 1828 τόπου
376 1778 406 1830 6
443 1777 602 1846 λόγος
637 1776 724 1850 ἦν.
765 1781 823 1834 Εἰ
860 1782 915 1835 δὲ
955 1783 1114 1851 δόξης
1149 1784 1266 1836 ἐστὶ
1297 1783 1430 1847 Θεὸς
1456 1788 1486 1837 ό
1517 1787 1670 1852 Θεὸς,
1701 1786 1764 1838 οὐ

169 1865 344 1919 δεῖται
373 1869 479 1938 τῆς
512 1872 645 1941 παρ’
669 1873 820 1942 ὑμῶν
844 1874 1003 1944 δόξης
1028 1877 1124 1944 τῆς
1152 1875 1240 1928 διὰ
1266 1876 1360 1930 τοῦ
1391 1877 1539 1931 ναοῦ.
1591 1878 1761 1940 Αὐτὸς
1795 1852 1840 1911 Β
1872 1875 2049 1918 “illvm
2099 1884 2110 1916 ε

169 1958 280 2027 γάρ
308 1963 460 2012 ἐστιν
482 1963 516 2028 ἡ
539 1963 634 2032 τῆς
663 1963 822 2034 δόξης
848 1967 942 2017 καὶ
967 1967 1184 2018 πάντων
1206 1966 1315 2019 τῶν
1340 1967 1562 2034 ἀγαθῶν

172 2051 402 2115 Ἔξελθε
438 2054 501 2105 ἐκ
533 2055 626 2123 τῆς
661 2059 764 2126 γῆς
799 2074 891 2108 σου
926 2061 1020 2112 καὶ
1059 2060 1122 2112 ἐκ
1152 2061 1250 2128 τῆς
1286 2061 1606 2128 συγγενείας
1642 2079 1755 2118 σουο

171 2143 299 2207 Πῶς
332 2146 366 2213 ἡ
403 2147 594 2216 Γραφή
631 2166 797 2217 φησιν
825 2151 905 2202 ὅτι
939 2153 967 2204 6
1001 2153 1185 2221 πατὴρ
1215 2152 1308 2205 τοῦ
1342 2153 1591 2224 Ἀϐρααμ
1625 2156 1759 2225 ἠθέ-

169 2233 335 2302 λησεν
369 2236 644 2304 ὲξελθεῖν;
684 2241 945 2297 Ἐνταῦθα
977 2242 1032 2295 δὲ
1066 2244 1244 2311 λέγει,
1283 2246 1363 2298 ὅτι
1395 2245 1472 2316 τῷ
1506 2246 1759 2316 Ἀϐραὰμ

168 2326 396 2396 ἐρρἑη,
426 2328 649 2396 Ἔξελθε
683 2333 748 2383 ἐκ
777 2333 872 2403 τῆς
904 2338 1004 2402 γῆς
1039 2353 1131 2387 σου
1159 2353 1172 2366 ·
1207 2337 1456 2390 ἐντεῦθεν
1489 2339 1756 2408 μανθάνο-

169 2433 293 2483 μεν,
327 2418 413 2470 ὅτι
442 2421 548 2473 ἀπὸ
573 2421 670 2492 τῆς
700 2422 874 2490 ὅψεως
900 2423 993 2477 τοῦ
1015 2426 1061 2457 ⁸⁸
1091 2429 1189 2495 τῆς
1217 2430 1592 2498 γεγενημένης
1621 2431 1756 2498 πρὸς

177 2509 459 2579 Ἀϐραὰμ,
487 2513 580 2565 ἀπ’
603 2515 819 2585 ἐκείνης
849 2518 1072 2588 ἐκινήθη
1103 2523 1197 2572 καί
1227 2519 1491 2588 ἠθέλησεν
1518 2521 1755 2584 ἐξελθεῖν

165 2603 192 2654 6
217 2604 417 2674 Πατὴρ
440 2606 626 2661 αὑτοῦ.
649 2608 896 2661 Δείκνυσι
924 2611 980 2664 δὲ
1001 2611 1088 2664 διὰ
1111 2611 1313 2665 τούτων
1333 2652 1349 2676 ,
1376 2613 1457 2666 ὅτι
1483 2608 1628 2668 οὗτοι
1655 2616 1754 2669 οὐκ

167 2698 271 2748 εἶσὶ
308 2698 482 2752 τέκνα
513 2699 605 2751 τοῦ
663 2701 913 2770 Ἀϐρααμ
957 2720 965 2729 ι
1011 2703 1217 2765 ἐκεῖνος
1252 2705 1359 2774 γὰρ
1395 2707 1650 2778 εὐπειθὴς
1686 2703 1754 2779 ἦν

165 2788 490 2842 καταλιπὼν
515 2793 609 2844 καὶ
637 2793 869 2862 πατρίδα
895 2796 988 2846 καὶ
1016 2801 1317 2862 συγγενεῖς,
1342 2792 1487 2851 οὗτοι
1511 2800 1568 2853 δέ
1596 2802 1754 2854 ἀπειο

167 2881 299 2942 θεῖς.
338 2883 456 2936 Καὶ
487 2884 588 2937 οὐκ
627 2885 831 2938 εδωκεν
859 2887 1007 2955 αὑτῷ
1043 2889 1413 2958 κληρονομίαν
1443 2892 1564 2946 οὐδὲ
1602 2893 1754 2964 βῆμα

168 2973 349 3034 ποῖός.
374 2975 521 3044 Ὅρα
553 2975 668 3038 πῶς
699 2977 896 3038 αὐτοὺς
925 2979 1116 3045 ἀνάγει
1147 2981 1255 3033 ἀπὸ
1282 2983 1381 3051 τῆς
1410 2981 1534 3051 γῆς.
1570 2985 1670 3037 Διά
1701 2985 1754 3036 τί

168 3066 265 3116 οὐκ
291 3066 500 3119 εδωκεν
518 3086 531 3132 ;
549 3067 675 3122 Ὀτι
698 3069 868 3132 τύπος
897 3067 963 3140 ἦν
990 3072 1186 3141 ἐτέρας
1212 3073 1336 3142 γῆς,
1366 3077 1458 3127 καὶ
1487 3077 1752 3146 ἐπηγγεί-

168 3157 290 3211 λατο
328 3159 516 3214 δοῦναι
553 3161 722 3232 αὐτῷ.
755 3163 919 3232 ὐρᾷς
953 3164 1034 3216 ὅτι
1065 3166 1164 3234 οὐχ
1199 3166 1382 3229 ἁπλῶς
1419 3168 1579 3221 πάλιν
1613 3173 1747 3224 ἁνα-

168 3249 467 3318 λαμῦἁνεις
487 3251 624 3314 Οὐκ,
644 3251 811 3306 ἔδωκε
828 3293 844 3317 ,
884 3254 1047 3322 φησίν
1069 3274 1080 3284 ·
1103 3254 1240 3319 ἀλλ’,
1266 3259 1655 3325 ἐπηγγείλατο.
1689 3260 1753 3314 El

171 3340 224 3394 δέ
264 3344 538 3410 πάροικος
581 3344 679 3396 καὶ
716 3347 1098 3415 παρεπίδημος
1141 3348 1234 3399 καὶ
1275 3341 1394 3415 μετ’
1415 3349 1596 3417 ὀλίγον
1630 3353 1759 3404 ἀνα-

170 3434 315 3488 λύειν
350 3436 588 3505 μέλλων,
625 3437 743 3499 πῶς
785 3440 1038 3508 κατέχειν
1073 3441 1333 3510 ἡδύνατος
1370 3441 1608 3507 Σώζεται
1652 3447 1758 3515 ἄρα

171 3527 260 3578 καὶ
291 3526 641 3596 κληρονομία
668 3527 747 3597 τῷ
782 3527 1036 3598 Ἀϐραὰμ
1063 3529 1151 3582 διὰ
1181 3531 1275 3582 τοῦ
1308 3531 1625 3602 σπέρματος
1654 3533 1754 3584 αὺ-

169 3616 279 3679 τοῦ,
307 3617 338 3669 ὅ
367 3618 490 3670 ἔστι
518 3619 776 3688 Χριστὸς,
811 3619 901 3673 ὅτε
934 3621 1028 3673 καὶ
1060 3622 1582 3691 συμϐασιλεύσουσιν
1610 3626 1757 3693 αὐτῷ

170 3710 214 3758 οί
237 3709 389 3775 ἅγιοι
423 3709 570 3762 κατὰ
593 3710 654 3762 τὸ
677 3712 1063 3780 γεγραμμένον
1079 3727 1092 3740 ⁸
1113 3711 1284 3766 Ὅταν
1307 3713 1436 3784 ἔλθῃ
1462 3717 1519 3766 ὲν
1538 3718 1603 3786 τῇ
1631 3717 1756 3786 δόξῃ

169 3801 258 3853 τοῦ
287 3804 508 3872 Πατρδς
536 3802 701 3856 αὑτοῦ
731 3804 950 3855 πάντων
972 3803 1081 3856 τῶν
1105 3804 1275 3857 ἐθνῶν
1302 3805 1622 3875 βασιλεύων.
1652 3810 1757 3861 Καὶ

169 3896 222 3944 τι
251 3895 481 3964 σπέρμα
507 3894 672 3946 αὐτοῦ
703 3895 821 3964 μετ’
844 3895 1028 3958 αὑτὸν,
1054 3896 1153 3947 οὐκ
1183 3895 1333 3960 ὄντος
1366 3898 1515 3968 αὐτῷ
1541 3899 1752 3954 τέκνου.

173 3985 334 4038 ΙΙαλιν
365 3988 429 4038 τὸ
460 3985 686 4038 δυνατὸν
713 3985 1008 4039 αἰνίττεται
1037 3987 1132 4039 τοῦ
1158 3987 1293 4040 Θεοῦ
1317 4004 1328 4017 ·
1360 3989 1422 4041 τὸ
1452 3989 1512 4065 ἐξ
1541 3991 1758 4060 ἀμηχά-

170 4096 266 4128 νων
308 4080 511 4132 ποιεῖν.
554 4079 660 4131 Τὸν
700 4078 810 4147 γὰρ
858 4081 914 4131 ἐν
962 4079 1180 4147 Περσίδι
1225 4083 1321 4133 καὶ
1358 4082 1612 4135 τοσοῦτον
1652 4086 1756 4137 ἁπ-

171 4168 358 4235 ἐχοντα
409 4169 619 4237 Κύριον
675 4169 773 4236 τῆς
832 4169 1196 4238 Παλαιστίνης
1252 4171 1422 4239 ἔφησε
1483 4175 1753 4244 ποιήσειν.

173 4259 343 4329 Πολλὴ
371 4260 428 4312 δὲ
461 4257 698 4311 ἐνταῦθα
721 4259 1016 4321 δείκνυται,
1045 4264 1138 4313 καὶ
1162 4262 1255 4313 τοῦ
1284 4262 1419 4315 Θεοῦ
1451 4265 1758 4334 φιλανθρω-

173 4349 292 4416 πίαρ,
329 4350 426 4400 καὶ
460 4350 493 4418 ἡ
524 4347 615 4400 τοῦ
650 4347 901 4418 Ἀδρααμ
935 4351 1136 4414 πίστις.
1172 4354 1244 4404 Τὸ
1276 4352 1412 4421 γὰρ,
1445 4355 1560 4407 Οὐκ
1596 4356 1754 4419 δντος

169 4441 313 4508 αὖτῴ
342 4441 563 4505 τέκνου,
596 4441 838 4493 δείκνυσι
868 4442 964 4512 τὴν
994 4442 1245 4514 ὑπακοὴν
1276 4449 1367 4497 καὶ
1395 4449 1495 4517 τὴν
1528 4449 1712 4501 πίστιν
1738 4465 1752 4480 ⁶

1875 600 2021 640 cere.
2055 585 2194 640 Nota
2225 589 2371 641 enim
2414 603 2510 656 per
2545 589 2658 642 haec
2689 589 2806 658 ipsa
2845 593 3166 645 concionem
3211 596 3455 660 pertexi:

1875 692 2090 746 nempe,
2143 677 2288 746 quod
2331 693 2524 747 magna
2575 694 2794 748 semper
2831 680 3170 737 humanitate
3199 682 3283 736 usi
3321 697 3456 736 cou-

1875 769 2060 822 trariis
2115 767 2518 822 hencl'actorem
2567 771 2979 840 compensarint
3023 780 3125 825 :et
3183 775 3328 843 quod
3372 789 3459 839 ea,

1873 878 1992 931 quae
2023 861 2136 914 ﬁeri
2163 877 2266 914 non
2303 861 2538 930 possint,
2567 862 2969 930 aggrediantur.
2999 861 3249 918 Ostendit
3274 873 3458 919 autem

1874 953 2298 1024 promissionem
2331 967 2552 1023 quoque
2596 951 2792 1006 factam
2821 969 2944 1009 esse
2981 965 3274 1024 antequam
3307 957 3458 1012 locus

1873 1048 1984 1112 ille,
2010 1057 2300 1116 antequam
2351 1047 2725 1111 circumcisio,
2754 1056 3046 1117 antequam
3096 1050 3456 1114 sacriﬁcium,

1872 1150 2168 1207 antequam
2211 1138 2476 1207 templum
2531 1146 2720 1192 esset:
2763 1145 2817 1191 et
2849 1138 2948 1191 hos
3000 1154 3107 1192 non
3148 1141 3296 1208 quod
3341 1157 3455 1195 me-

1874 1231 2138 1290 ruissent,
2175 1229 2454 1296 accepisse
2506 1242 2683 1297 neque
2735 1226 3239 1290 circumcisionem,
3277 1244 3457 1297 neque

1873 1323 2082 1391 legem:
2117 1321 2209 1376 sed
2239 1320 2569 1373 obedientize
2599 1320 2885 1373 dumtaxat
2935 1322 3240 1373 mercedem
3285 1319 3458 1374 fuisse

1875 1424 2109 1468 terram:
2150 1428 2212 1465 ac
2255 1428 2322 1466 ne
2350 1410 2779 1466 circumcisione
2813 1411 3037 1479 quidam
3071 1413 3192 1464 data
3219 1413 3454 1480 promis-

1871 1505 2082 1560 sionem
2117 1504 2393 1573 impletam
2419 1518 2479 1556 ac
2509 1503 2806 1573 pratstitam
2841 1502 3032 1566 fuisse,
3061 1501 3156 1556 sed
3191 1501 3316 1556 illas
3368 1518 3457 1556 res

1873 1598 2180 1650 futurorum
2226 1606 2280 1650 et
2312 1609 2502 1650 earum
2541 1610 2661 1664 qua:
2702 1607 2885 1664 postea
2919 1593 3242 1648 acciderunt
3285 1593 3457 1648 fuisse

1872 1684 2094 1754 ﬁguras.
2128 1683 2364 1739 Pulchre
2407 1693 2590 1738 autem
2628 1683 2682 1736 in
2733 1682 3008 1752 principfo
3044 1681 3212 1735 Deum
3268 1684 3458 1753 gloria:

1871 1782 2052 1836 voeat,
2086 1775 2347 1844 quoniam
2404 1775 2804 1841 ignumimosos
2859 1775 3042 1828 claros
3095 1773 3246 1829 fecit.
3314 1772 3457 1827 Dicit

2167 1877 2216 1918 et
2262 1866 2522 1932 tetnplmn
2575 1879 2682 1918 ιιοιι
2732 1865 2926 1928 fuisse,
2973 1873 3028 1918 et
3075 1865 3450 1918 Abrahamuut

1865 1958 2091 2028 dignum
2121 1957 2428 2026 judiratnm
2459 1973 2605 2021 esse,
2640 1957 2734 2027 qui
2768 1957 2936 2011 Deum
2967 1958 3215 2012 videret:
3250 1968 3305 2013 et
3335 1972 3455 2010 ma-

1859 2051 2008 2121 jores
2039 2049 2160 2120 ejus
2196 2049 2368 2104 fuisse
2416 2048 2639 2112 Persas,
2681 2058 2736 2102 et
2775 2049 2951 2117 ipsum
2996 2049 3048 2102 in
3089 2057 3232 2104 terra
3275 2049 3453 2102 aliena

1861 2142 2034 2198 fuisse
2067 2153 2363 2198 versatum.
2403 2144 2481 2196 Ac
2509 2142 2652 2207 vide,
2679 2151 2734 2195 ut
2756 2157 2851 2197 eos
2888 2158 2917 2196 a
2967 2142 3250 2211 corporeis
3282 2141 3455 2196 abdu-

1859 2245 1968 2297 cat,
2003 2243 2055 2289 et
2085 2235 2136 2288 in
2164 2234 2357 2302 primis
2416 2248 2444 2285 a
2495 2234 2638 2296 loco,
2677 2234 3121 2303 quandoquidem
3169 2233 3336 2287 etiam
3383 2231 3454 2288 de

1859 2326 1978 2380 loco
2030 2340 2211 2380 sermo
2273 2335 2414 2380 erat.
2462 2324 2619 2391 Quod
2654 2326 2699 2378 si
2742 2325 2928 2394 gloriae
2965 2325 3107 2380 Deus
3165 2335 3251 2379 est
3285 2323 3450 2388 Deus,

1858 2435 1968 2472 non
2006 2432 2146 2487 opus
2163 2416 2347 2480 habet,
2379 2426 2482 2472 uta
2505 2418 2657 2471 vobis
2677 2418 2904 2486 gloriam
2928 2433 3021 2487 per
3045 2417 3308 2486 templum
3327 2432 3457 2472 con-

1857 2519 2141 2581 sequatur.
2178 2509 2298 2580 lpse
2329 2521 2414 2565 est
2441 2511 2584 2564 enim
2619 2509 2805 2581 gloria:
2829 2519 2881 2565 et
2902 2511 3146 2564 omnium
3181 2511 3446 2566 bonorum

1856 2604 2279 2674 l'ons.Relinque
2299 2605 2530 2672 patriam
2550 2611 2699 2658 tuam
2719 2612 2771 2656 et
2792 2612 3056 2673 cognatos
3081 2611 3225 2658 tuos.
3250 2601 3351 2668 Qui
3371 2606 3450 2668 tit,

1859 2708 1917 2752 ut
1945 2696 2226 2766 Scriptura
2243 2696 2411 2756 dicat.
2435 2706 2641 2767 patrem
2665 2698 2956 2750 Ahralrnmi
2984 2697 3226 2749 voluisse
3259 2696 3447 2765 egredi

1855 2795 2007 2844 extra
2041 2789 2272 2855 patriam
2294 2787 2491 2840 suam?
2521 2785 2620 2840 llic
2648 2802 2780 2841 vero
2806 2786 2959 2846 dicit.
2987 2785 3054 2838 ad
3081 2785 3451 2840 Ahrahamum

1857 2878 2062 2932 dictum
2087 2893 2228 2940 esse,
2251 2877 2521 2946 Egredere
2543 2887 2691 2931 extra
2725 2877 2957 2947 patriam
2988 2888 3133 2928 lnam
3153 2875 3177 2928 ?
3200 2875 3333 2928 llinc
3355 2878 3453 2930 do-

1855 2985 2063 3032 cemur,
2085 2985 2113 3021 a
2142 2970 2352 3022 visione
2370 2968 2459 3022 illa
2482 2967 2570 3022 Dei
2588 2984 2709 3038 qua:
2733 2967 2961 3037 contigit
2977 2968 3307 3028 Abralramo,
3331 2982 3420 3021 mo
3436 2997 3450 3008 -

1855 3065 1970 3110 tum
1999 3057 2168 3112 fuisse
2206 3065 2414 3126 patrem
2442 3055 2586 3124 ejus.
2618 3069 2682 3109 ac
2729 3056 2964 3108 voluisse
2993 3055 3164 3110 exire.
3201 3054 3304 3108 l‘er
3336 3056 3454 3109 haec

1860 3157 2038 3202 autem
2059 3146 2300 3202 ostendit
2323 3147 2422 3200 hos
2442 3161 2548 3200 non
2575 3162 2698 3201 esse
2717 3145 2957 3200 sobolem
2981 3145 3298 3199 Ahrahami.
3314 3144 3448 3212 Nam

1865 3241 1955 3295 ille
1984 3241 2131 3294 dicto
2162 3238 2395 3294 audiens
2430 3247 2572 3301 erat,
2604 3254 2726 3292 enm
2781 3247 2835 3291 et
2887 3238 3120 3306 patriam
3150 3247 3203 3290 et
3237 3253 3448 3305 cogna-

1863 3341 1947 3383 tos
1978 3331 2312 3397 relinqueret
2336 3346 2349 3381 :
2376 3327 2431 3381 hi
2459 3343 2588 3381 vero
2612 3328 3014 3382 inobedientes.
3047 3326 3125 3381 Ac
3155 3342 3264 3380 non
3291 3327 3442 3380 dedit

1860 3423 1908 3475 ei
1944 3423 1996 3474 iu
2019 3438 2080 3475 ea
2115 3421 2239 3491 jure
2273 3421 2625 3475 haereditario
2659 3421 2742 3474 vel
2775 3421 3062 3490 vestigium
3091 3419 3444 3489 pedis.Vide,

1863 3523 1918 3567 ut
1951 3513 2218 3568 subducat
2245 3529 2342 3566 eos
2380 3528 2407 3565 a
2446 3523 2611 3566 terra.
2648 3511 2832 3577 Quare
2872 3527 2981 3566 non
3011 3512 3198 3565 dedit?
3225 3513 3350 3582 quia
3385 3515 3450 3566 lio

1860 3621 1994 3675 gnra
2040 3613 2157 3658 erat
2210 3606 2301 3658 illa
2346 3605 2577 3658 alterius
2609 3612 2790 3660 terrm.
2829 3603 2905 3656 Ac
2941 3604 3222 3673 pollicitus
3249 3613 3353 3668 est,
3388 3619 3448 3658 se

1860 3699 1906 3752 ei
1945 3697 2196 3750 daturum
2232 3711 2376 3752 esse.
2419 3696 2655 3750 Videsne
2709 3712 2832 3749 eum
2870 3712 2978 3748 non
3026 3695 3351 3764 simpliciter
3381 3710 3446 3748 ac

1861 3789 1978 3844 sine
2007 3803 2172 3843 causa
2211 3804 2407 3842 rursus
2438 3787 2722 3857 repetere?
2755 3785 2872 3840 Non
2899 3786 3071 3850 dedit,
3109 3787 3310 3855 inquit,
3348 3784 3444 3838 sed

1861 3880 2142 3949 pollicitus
2193 3888 2297 3934 est.
2359 3881 2565 3933 ldcirco
2597 3895 2706 3932 non
2750 3879 2898 3932 dedit
2939 3897 2952 3931 :
2987 3879 3248 3948 quoniam
3290 3892 3350 3930 se
3377 3877 3446 3929 il-

1861 3973 1966 4025 lam
2025 3974 2075 4026 ei
2118 3971 2506 4041 possidendam
2539 3971 2796 4023 daturqu
2838 3985 2966 4024 esse
3018 3969 3297 4039 pollicitus
3335 3973 3442 4021 est.

1859 4065 2016 4129 Quod
2067 4065 2112 4118 si
2150 4063 2453 4131 inquilinus
2485 4071 2541 4116 et
2575 4061 2785 4115 advena
2819 4071 2871 4114 et
2903 4061 3069 4131 paulo
3099 4068 3223 4130 post
3280 4059 3450 4113 remi-

1860 4163 2119 4225 graturus
2155 4164 2292 4218 erat,
2340 4153 2616 4225 quomodo
2645 4155 2892 4208 obtinere
2924 4169 2988 4206 ac
3025 4153 3310 4222 possidere
3342 4169 3443 4221 po-

1860 4245 2037 4299 terat?
2073 4245 2336 4299 Servatur
2383 4245 2548 4315 igitur
2579 4245 2752 4297 etiam
2789 4242 3082 4299 hmreditas
3128 4243 3445 4297 Abrahamo

1862 4354 1958 4408 per
1999 4337 2242 4392 sobolem
2288 4337 2431 4406 ejus,
2465 4336 2556 4406 qui
2617 4346 2699 4391 est
2749 4335 3052 4391 Christus:
3097 4338 3228 4405 quin
3275 4336 3444 4389 etiam

1862 4448 1968 4484 una
1997 4446 2120 4482 cum
2154 4430 2245 4481 illo
2281 4429 2559 4497 regualuri
2587 4439 2712 4482 sunt
2745 4427 2946 4490 sancti,
2975 4437 3136 4496 prout
3171 4427 3440 4496 scriptum

170 4533 344 4584 auito:
386 4532 458 4584 τὰ
505 4532 773 4601 γινόμενα.
816 4533 1127 4585 τούναντίον
1171 4535 1389 4589 ἔπειθεν
1435 4539 1754 4609 ὑπολαμόἁ-

1862 4533 1972 4583 est,
2009 4538 2132 4574 cum
2165 4521 2371 4573 venerit
2409 4521 2460 4572 iu
2495 4522 2664 4589 gloria
2704 4520 2878 4572 Patris
2912 4521 2996 4575 sui
3032 4519 3275 4575 omnium
3307 4535 3442 4588 gerr-

171 4643 274 4674 -σειν
293 4639 308 4653 ⁸
340 4623 485 4692 μετὰ
511 4625 618 4692 γὰρ
641 4625 702 4676 τὸ
731 4625 904 4676 ἐλθεῖν
959 4627 1060 4677 οὐκ
1090 4623 1200 4696 εἶχε
1235 4627 1384 4696 βῆμα
1413 4631 1572 4695 ποῖός
1595 4649 1606 4661 ·
1640 4633 1755 4685 ἀλλ’

171 4719 282 4769 οζδέ
316 4718 484 4770 πάλιν
515 4713 679 4788 εἶχεν.
717 4716 977 4786 Ἐλὰλησε
1010 4718 1067 4771 δὲ
1099 4719 1268 4788 αὐτῷ.
1305 4721 1458 4785 Θεὸς,
1489 4723 1573 4774 ὅτι
1603 4723 1754 4776 ἔσται

172 4809 226 4858 τδ
251 4809 481 4879 σπέρμα
509 4809 676 4862 αὑτοῦ
705 4811 968 4878 πάροικον
994 4812 1049 4862 ἐν
1072 4815 1142 4881 γῇ
1177 4812 1454 4882 ἀλλοτρία.
1476 4815 1618 4883 Ὅρα
1648 4819 1754 4882 πρὸ

173 4905 347 4953 τίσων
375 4903 514 4954 ἐτῶν
542 4903 575 4972 ἡ
605 4901 905 4968 ἐπαγγελία
960 4904 1053 4954 καὶ
1083 4905 1110 4954 6
1141 4903 1238 4971 τῆς
1271 4905 1604 4972 ἐπαγγελίας
1631 4911 1753 4978 τρό-

173 5009 286 5054 120;,
311 4993 410 5044 καὶ
437 4992 679 5060 οὐδαμοῦ
711 4993 893 5056 θυσία,
921 4996 1014 5044 καὶ
1043 4995 1282 5064 οὐδαμοῦ
1315 5000 1608 5067 περιτομή.
1634 5001 1751 5052 Δεί-

174 5102 323 5137 κνυαι
351 5085 411 5137 δὲ
438 5084 530 5141 διὰ
562 5085 798 5150 τούτων,
832 5087 947 5147 πῶς
977 5089 1003 5140 6
1036 5088 1166 5150 Θεὸς
1198 5090 1344 5157 ὑφίει
1375 5091 1498 5152 τοὺς
1534 5092 1750 5161 Ἰσραη-

176 5174 316 5238 λίτας
353 5175 586 5244 πάσχειν
618 5176 804 5239 κακῶς
829 5193 844 5206 ⁹
877 5177 1053 5232 καίτοι
1087 5181 1240 5232 οὐδέν
1272 5180 1410 5250 ἔχων
1438 5182 1623 5244 αὐτοῖς
1660 5185 1750 5250 ἐτ’

177 5267 373 5320 καλεῖν.
424 5267 538 5320 Καὶ
587 5266 947 5321 δουλώσουσιν
997 5271 1128 5322 αὐτὸ
1181 5273 1273 5325 καὶ
1333 5271 1748 5340 παραδώσουσιν

178 5359 329 5423 αὖτ’),
360 5359 456 5412 καὶ
494 5359 837 5412 κακώσουσιν
865 5361 997 5412 αὐτὸ
1033 5362 1125 5429 ἐτη
1158 5363 1503 5432 τετρακόσια.
1535 5365 1608 5416 Οὐ
1646 5366 1745 5432 μά-

178 5465 318 5512 γεται
361 5452 477 5513 τοῖς
526 5450 761 5503 ἐνταῦθα
803 5452 870 5504 τὰ
913 5453 970 5503 ἐν
1015 5456 1077 5521 τῇ
1119 5453 1310 5520 Ἐξόδῳ
1360 5456 1743 5525 γεγραμμένα.

189 5543 321 5594 Ἐκεῖ
354 5544 465 5615 γὰρ
499 5545 743 5613 εῖρηται,
776 5544 913 5614 μετὰ
946 5543 1031 5596 υλ⁹
1055 5546 1146 5614 ἔτη
1205 5546 1426 5614 ἐξῆλθεν
1457 5549 1487 5616 ἡ
1518 5548 1745 5616 δύναμις

1858 4616 1991 4667 tium
2021 4613 2152 4666 Rex.
2180 4612 2532 4682 Posterisque
2563 4613 2686 4682 ejus
2708 4622 2824 4680 post
2857 4613 3027 4674 illum,
3047 4627 3172 4665 curn
3201 4611 3442 4666 sobolem

1858 4720 1964 4758 non
2021 4705 2265 4757 haberet.
2329 4701 2546 4757 Rursus
2602 4704 2842 4756 divinam
2875 4703 3058 4757 innuit
3099 4703 3439 4771 potentiam:

1860 4811 2054 4864 nempe
2103 4795 2256 4847 illmu
2294 4810 2359 4848 ex
2402 4794 2719 4848 dil'ticilibus
2772 4794 2954 4848 facilia
3004 4795 3219 4848 eﬂicere
3255 4807 3438 4862 posse.

1857 4885 1986 4938 Nam
2028 4901 2152 4937 cum
2195 4884 2438 4951 quierat
2494 4885 2546 4937 iu
2606 4885 2846 4945 Perside,
2879 4901 2944 4939 ac
2986 4892 3141 4938 tanto
3196 4885 3439 4938 locorqu

1854 4979 2143 5032 intervallo
2194 4977 2454 5039 distabat,
2491 4967 2772 5030 dominum
2825 4975 3134 5032 Palwstinm
3162 4993 3223 5032 se
3264 4975 3442 5031 factu-

1852 5086 1972 5124 rum
2005 5085 2128 5124 esse
2167 5071 2328 5123 dixit.
2364 5070 2468 5139 61
2524 5067 2716 5138 Magna
2762 5079 2945 5122 autem
2982 5069 3070 5123 hic
3097 5069 3442 5123 demonstra-

1853 5174 1942 5215 tnr
1987 5171 2041 5214 et
2093 5163 2400 5216 humanitas
2440 5163 2552 5226 Dei,
2585 5172 2639 5216 et
2675 5162 2806 5216 Iides
2837 5163 3176 5216 Abrahami:
3211 5177 3337 5217 nam
3371 5164 3440 5218 il-

1853 5256 1942 5308 Iud
1970 5273 1981 5308 :
2011 5254 2146 5308 Cum
2181 5255 2423 5308 sobolem
2455 5272 2560 5308 non
2586 5255 2828 5319 haberet,
2858 5255 3221 5310 obedientiam
3254 5265 3441 5308 osten-

1854 5343 1932 5396 dit
1997 5360 2061 5398 ac
2099 5345 2278 5406 tidem,
2317 5361 2632 5415 quanquam
2673 5362 2755 5408 ea,
2800 5361 2920 5413 qua:
2951 5347 3172 5408 ﬁebant,
3227 5353 3285 5398 ut
3308 5361 3441 5399 con-

1859 5438 2086 5489 trarium
2119 5438 2478 5500 existimaret,
2498 5454 2620 5492 eum
2650 5439 3016 5492 adducebant.
3047 5436 3183 5490 Nam
3217 5445 3434 5506 postea-

1855 5544 2017 5596 quam
2048 5531 2212 5590 venit,
2245 5545 2351 5582 non
2384 5530 2571 5584 habuit
2596 5545 2812 5600 passum
2842 5530 3020 5601 pedis.
3048 5531 3121 5584 Ac
3148 5545 3216 5584 ne
3239 5543 3435 5584 rursus

1335 5707 1531 5766 Varia:
1557 5706 1872 5772 lectiones
1903 5716 1962 5768 ct
1995 5717 2178 5767 nota.

245 5842 399 5888 ’τούκ
435 5839 649 5904 ἀταξία,
701 5848 833 5891 erat.
913 5840 956 5869 ⁵³
1003 5841 1104 5906 πρὸ
1167 5841 1351 5907 γίνως
1407 5849 1535 5892 erat.

1615 5839 1659 5867 λδ
1696 5840 1894 5894 ,ιείπει
1944 5840 2025 5892 ὶύ.
2063 5838 2215 5889 (ε)εού-
