4184 6458
742 411 848 478 663
1677 397 2246 460 TllEOPII‘Yl;AC’l‘I
2282 393 2684 454 llULGAllM‘I
2724 392 3072 452 ARCHIEP.
3853 381 3968 444 665

741 523 786 576 si
821 530 877 575 et
906 520 1010 574 hoc
1042 517 1242 573 factum
1272 522 1460 579 esthet
1485 509 1838 566 nihilominus
1869 506 2302 562 scandalizantur

2409 497 2488 571 ἧν,
2513 501 2567 553 τί
2589 502 2687 554 οὐκ
2707 500 2773 554 ἂν
2802 501 3045 563 ὲγένετος
3081 499 3154 552 Τὸ
3171 499 3246 562 δὲ,
3263 497 3773 565 Μεταπέμψασθιιί
3786 511 3861 546 σε
3884 499 3973 556 εἰς

740 623 792 665 ct
837 611 1225 665 oll‘enduntur:
1279 606 1322 661 si
1369 607 1470 659 hoc
1517 617 1626 657 non
1673 601 1743 654 ita
1789 609 1968 661 esset,
2011 595 2141 666 quid
2190 610 2299 649 non

2409 595 2510 646 τὸν
2522 587 2690 646 οἶκον
2699 591 2904 656 αὑτοῦ,
2917 591 3012 660 οὐχ
3025 589 3100 653 ὡς
3114 587 3489 658 καταφρονῶν,
3505 587 3689 656 φησὶν,
3705 585 3799 636 ἐπε
3808 584 3969 653 μψεν,

740 703 982 755 futurum
1013 698 1250 752 fuisset?
1291 684 1556 757 Caeterum
1583 692 1724 762 quod
1757 691 1907 754 dicit,
1929 689 1991 742 Ut
2023 695 2304 740 arcesseret

2409 685 2518 738 ἀλλ’
2552 683 2847 752 ἐκελεύσθη
2877 681 3020 735 οὕτω
3042 698 3056 710 °
3083 680 3157 752 μὴ
3185 679 3276 733 οὖν
3305 678 3743 748 καταφρονήσῃς.
3775 673 3972 734 Καλῶς

739 805 788 847 te
818 795 1026 846 domth
1061 805 1211 844 suam
1239 806 1256 840 :
1299 801 1408 840 non
1447 795 1700 855 tanquam
1728 781 2064 851 despiciens,
2109 779 2302 848 inquit,

739 883 915 945 misit,
961 881 1053 934 sed
1089 880 1366 948 itajussus
1402 885 1522 932 est:
1561 890 1631 929 ne
1671 875 1831 945 igitur
1866 871 2102 942 negligas
2144 879 2304 938 atque

737 984 1076 1028 conn-muas.
1116 971 1285 1026 Recte
1319 969 1481 1038 igitur
1506 968 1656 1038 prius
1683 965 1964 1027 homines,
1999 971 2060 1015 ut
2093 961 2184 1030 qui
2216 959 2304 1014 iti-

740 1067 888 1119 neris
920 1065 1104 1118 labore
1125 1062 1253 1117 fessi
1277 1068 1482 1124 essent,
1514 1060 1748 1129 benigne
1775 1057 1828 1110 in
1841 1056 1972 1110 vitat
1993 1061 2049 1109 et
2067 1050 2306 1121 hospitio

738 1156 958 1225 accipit,
983 1165 1143 1224 atque
1166 1155 1239 1206 ita
1277 1150 1378 1207 sibi
1403 1151 1654 1206 conciliat
1682 1163 1745 1203 ac
1771 1148 2102 1203 demeretur.
2133 1142 2306 1198 Porro

2404 773 2496 829 οὖν
2544 775 2808 845 πρότερον
2849 774 3162 844 φιλοφρονεί
3229 772 3355 834 τοὺς
3411 771 3644 837 ἄνδρας,
3701 766 3796 820 an
3860 766 3971 816 ἀπὸ

2408 866 2656 937 καμάτου
2682 866 2863 931 ὂντας,
2901 867 2997 919 καὶ
3023 864 3238 918 οἰκειῶν
3270 863 3468 932 ἐαυτῷ.
3497 863 3576 915 Τὸ
3605 861 3663 915 δὲ
3695 857 3972 912 συνελθεῖν

2409 958 2558 1028 αὐτῷ
2585 975 2740 1020 τινας
2772 958 2832 1024 ἐξ
2865 955 3112 1026 Ἰόππης,
3139 954 3496 1025 οἰκονομικῶς
3536 948 3625 1022 ἦν,
3654 950 3794 1003 ὥστε
3831 942 3976 999 εῖναι

2407 1052 2689 1122 μάρτυρας
2723 1048 2860 1120 μετὰ
2887 1047 3078 1115 ταῦτα,
3108 1047 3236 1100 ὅταν
3262 1042 3703 1114 ἀπολογήσασθαι
3731 1041 3827 1109 δέῃ
3865 1039 3974 1090 Πέ-

2409 1158 2558 1211 τρον.

740 1259 800 1301 ut
828 1220 891 1300 es
916 1220 1087 1316 JOppe
1127 1244 1340 1314 quidam
1377 1260 1483 1297 una
1519 1240 2019 1311 proﬁciscerentur,
2058 1236 2162 1290 hoc
2202 1231 2398 1287 accidit
2437 1231 2617 1287 divina
2650 1230 3008 1302 providentia,
3042 1240 3101 1285 ut
3167 1238 3332 1285 testes
3397 1227 3654 1282 nimirum
3721 1220 3959 1293 posthac

739 1349 951 1401 essent,
985 1353 1110 1391 cum
1137 1337 1330 1392 Petrus
1357 1349 1493 1405 opus
1532 1333 1755 1388 haberet
1792 1330 2112 1401 purgatione
2143 1334 2308 1394 atque
2342 1323 2680 1380 defensione.

808 1435 876 1487 At
906 1434 1203 1496 Cornelius,
1249 1434 1540 1486 convocatis
1572 1434 1677 1485 suis
1706 1430 1940 1500 cognatis
1976 1444 2038 1480 ac
2068 1439 2308 1480 necessa-

741 1529 835 1582 riis
863 1529 1070 1589 amicis,
1097 1526 1404 1594 expectabat
1437 1525 1574 1578 illos.

811 1701 972 1754 Vens.
1007 1701 1097 1755 9.5.
1124 1701 1183 1755 Ut
1202 1710 1375 1753 autent
1393 1698 1579 1751 Petrus
1596 1699 1921 1767 ingressurus
1939 1702 2070 1756 erat,
2091 1691 2316 1745 occurrit

740 1796 785 1847 ei
805 1792 1162 1855 Cornelius,ac
1181 1790 1516 1859 procumbens
1541 1790 1610 1842 ad
1630 1790 1778 1855 pedes
1795 1802 1911 1840 eum
1930 1793 2202 1838 veneratus
2219 1788 2316 1834 est.

810 1967 975 2020 Vens.
1012 1968 1101 2021 26.
1150 1966 1250 2020 Sed
1280 1966 1468 2020 Petrus
1509 1980 1624 2017 eum
1668 1964 1830 2016 erexit
1887 1978 1948 2013 ac
1991 1958 2313 2018 sublevavit;

742 2057 934 2127 Surge,
963 2059 1197 2123 inquiens
1226 2099 1239 2120 ,
1279 2073 1401 2109 nam
1425 2065 1472 2108 et
1501 2056 1810 2125 egomctipse
1837 2056 1987 2105 homo
2014 2067 2151 2104 smn.

812 2150 968 2203 Vens.
1011 2149 1099 2202 27.
1137 2149 1202 2202 Et
1233 2149 1531 2218 colloquens
1579 2163 1695 2198 cum
1729 2161 1787 2200 eo
1829 2146 2090 2214 ingressus
2120 2150 2217 2203 est,
2249 2154 2313 2192 ac

740 2240 931 2306 reperit
964 2239 1151 2292 multos
1183 2249 1537 2310 congregatos.

811 2328 1003 2384 Clarus
1053 2346 1116 2383 ac
1158 2331 1474 2399 splendidus
1523 2339 1638 2384 erat
1685 2329 1766 2382 vir
1801 2326 2120 2389 Cornelius,
2162 2336 2217 2379 et
2259 2325 2311 2378 in

742 2417 945 2473 celebri
986 2435 1050 2473 ac
1084 2419 1253 2474 nobili
1291 2419 1422 2474 urbe
1451 2419 1783 2474 domicilium
1811 2417 2063 2471 habebat.
2104 2415 2309 2469 Convo-

741 2509 872 2562 catis
893 2512 1123 2579 cognatis
1143 2522 1186 2564 et
1213 2511 1512 2563 necessariis
1537 2510 1744 2562 amicis.
1772 2507 1980 2562 Revera
2004 2514 2182 2560 autem
2208 2505 2312 2559 hoc

740 2611 860 2654 erat
887 2601 1045 2655 amici
1072 2603 1240 2656 Deum
1269 2601 1518 2665 colentis,
1549 2601 1744 2655 talibus
1774 2598 1929 2653 bonis
1947 2596 2162 2659 oblatis,
2189 2610 2308 2649 om-

741 2694 891 2747 nium
939 2693 1147 2756 socios,
1201 2703 1362 2762 atque
1415 2691 1706 2761 participes
1755 2689 1934 2744 facere
1976 2686 2310 2742 necessarios

741 2786 963 2838 amicos.
1007 2784 1357 2840 Necessarios
1387 2794 1568 2838 autem
1593 2783 1814 2847 amicos,
1849 2791 1908 2835 ut
1935 2779 2134 2847 quibus
2161 2792 2308 2832 sem-

739 2892 836 2945 per
864 2875 1184 2937 eonﬁderet,
1214 2885 1359 2930 recte
1377 2885 1788 2937 convocaverat,
1833 2857 1961 2928 cum
2001 2872 2068 2927 de
2110 2870 2307 2925 talibus

741 2967 903 3019 rebus
933 2966 980 3020 ci
1013 2976 1285 3022 certamen
1310 2976 1451 3023 esset
1603 2969 1776 3036 Atque
1807 2964 1966 3019 amici
2009 2972 2064 3018 et
2097 2960 2309 3031 cognati

739 3056 870 3110 mihi
905 3057 1068 3110 etiam
1093 3058 1237 3126 apud
1262 3075 1384 3113 cum
1413 3059 1615 3128 epulati
1641 3066 1803 3126 atque
1824 3053 2075 3111 convivio
2097 3051 2304 3119 accepti

740 3160 860 3199 esse
895 3147 1168 3201 videntur.
1204 3149 1281 3202 Ac
1313 3150 1435 3204 vide
1469 3157 1530 3203 ut
1557 3149 1780 3203 omnino
1809 3147 2055 3202 crederet
2085 3143 2302 3198 Petrum
2333 3180 2375 3239 ϐ

739 3249 1027 3291 venturum
1055 3279 1070 3304 ,
1096 3240 1220 3307 quia
1251 3256 1357 3292 non
1389 3241 1439 3293 iu
1467 3255 1660 3294 somno
1686 3240 1894 3293 viderat
1913 3235 2184 3307 angelum,
2210 3235 2304 3288 Sed

739 3328 966 3400 vigilans
985 3340 1037 3384 et
1055 3329 1307 3385 interdiu.
1331 3332 1439 3386 Sed
1455 3331 1640 3384 Petrus
1658 3348 1775 3384 eum
1793 3329 2096 3393 sublevavit,
2119 3327 2305 3398 Surge,

740 3425 999 3493 inquiens.
1031 3441 1152 3477 nam
1189 3437 1239 3478 et
1270 3426 1579 3495 egometipse
1608 3425 1761 3478 homo
1786 3440 1923 3477 sum.
1959 3423 2067 3478 llac
2092 3441 2224 3480 voce
2254 3435 2310 3479 ct

738 3517 874 3570 alios
916 3517 1172 3584 docebat,
1209 3527 1263 3571 ct
1297 3517 1408 3571 Deo
1445 3517 1644 3587 gratias
1681 3517 1900 3585 agebat,
1937 3527 1991 3570 et
2025 3517 2190 3571 animi
2223 3517 2306 3570 sui

741 3608 1105 3662 humilitatem
1142 3608 1482 3664 ostendebat.
1521 3608 1906 3663 Animadverte
1939 3617 2144 3670 autem,
2180 3617 2307 3662 ante

739 3700 922 3754 omnia
964 3700 1065 3754 hoc
1095 3715 1190 3756 eos
1228 3701 1415 3765 docet,
1455 3716 1525 3755 ne
1560 3699 1687 3770 quid
1733 3700 1972 3769 attiplum
2010 3700 2077 3754 de
2115 3699 2308 3770 seipsis

740 3792 922 3845 animo
951 3793 1303 3861 conciperent
1331 3801 1493 3861 atque
1523 3794 1844 3862 cOgitarent.

810 3881 973 3935 Vens.
994 3881 1084 3935 28.
1103 3882 1178 3936 Ac
1197 3883 1328 3936 aizcit
1343 3885 1412 3936 ad
1436 3901 1520 3938 eos
1540 3902 1558 3937 :
1591 3882 1689 3937 Vos
1704 3884 1846 3937 scitis
1868 3900 2025 3954 quam
2045 3883 2307 3952 nefarium

741 3977 788 4020 et
811 3969 1131 4021 noulicitum
1161 3969 1443 4024 sithomini
1481 3969 1665 4024 Judazo
1691 3987 1743 4024 se
1757 3972 2054 4040 .adjungere
2087 3982 2306 4037 τιμερε-

742 4061 863 4112 (lere
890 4058 960 4112 ad
999 4059 1350 4129 alienigenam
1376 4075 1393 4114 :
1434 4061 1524 4115 sed
1555 4061 1683 4113 mihi
1711 4060 1851 4114 Deus
1886 4063 2111 4115 ostendit
2135 4063 2304 4115 nemi-

743 4165 860 4201 nem
909 4165 1235 4204 communem
1292 4159 1386 4203 aut
1443 4151 1706 4218 impurum
1757 4151 2018 4206 hominem
2065 4167 2175 4207 esse
2222 4155 2306 4205 di-

741 4242 978 4293 vetulum.

815 4328 975 4384 Vens.
993 4330 1434 4395 29.0uamoarem
1453 4334 1731 4387 etiamsine
1747 4333 2072 4388 recusatione
2082 4333 2196 4387 veni
2218 4349 2309 4386 ac-

737 4420 972 4473 cersitus.
1000 4417 1187 4482 Quer
1226 4422 1404 4489 igitur,
1424 4437 1526 4489 qua
1545 4422 1608 4474 de
1619 4438 1778 4474 causa
1796 4421 2168 4475 accersiveritis
2195 4423 2309 4474 me?

813 4511 968 4564 Vens.
993 4512 1080 4565 50.
1110 4511 1176 4564 Et
1203 4510 1725 4565 Cauelius:Nudius
1746 4521 1986 4578 quartus,
2012 4511 2200 4580 inquit,
2225 4527 2308 4563 us-
2338 4511 2382 4567 D
2483 4501 2592 4556 Καλ
2630 4501 2663 4552 δ

738 4617 836 4680 que
860 4602 927 4654 ad
949 4603 1081 4654 hanc
1113 4601 1296 4654 horam
1332 4619 1476 4655 eram
1512 4601 1750 4669 jejunus,
1775 4601 1885 4670 92
1915 4611 1962 4654 et
2009 4603 2138 4655 hora
2169 4617 2307 4654 nona

2409 4594 2578 4664 μέχρι
2625 4590 2846 4652 ταύτης
2885 4582 2997 4651 τῆς
3037 4580 3191 4648 ὥρας
3264 4575 3427 4680 ἤμην

737 4690 992 4755 precabar
1039 4692 1180 4744 domi
1210 4705 1376 4748 mea:
1411 4701 1459 4744 et
1488 4707 1600 4744 ecce
1633 4690 1714 4744 vir
1734 4693 1874 4744 stetit
1909 4706 2089 4744 coram
2125 4705 2207 4743 me
2253 4691 2308 4742 in

741 4787 872 4829 veste
902 4777 1193 4845 splendida.

811 4954 970 5009 Vens.
1001 4954 1087 5008 51.
1122 4955 1188 5007 Et
1223 4957 1299 5009 ait
1333 4972 1350 5011 :
1383 4955 1620 5022 Corneli,
1652 4956 1916 5011 exaudita:
1978 4965 2100 5008 sunt
2130 4969 2304 5022 preces

743 5055 846 5098 tute
888 5055 935 5098 et
987 5044 1324 5117 deemosynw
1369 5057 1472 5103 tua:
1519 5049 1574 5103 in
1613 5047 1869 5102 memoria
1935 5047 2128 5100 habita:
2184 5055 2303 5100 sunt

742 5151 918 5187 curam
950 5135 1078 5191 Deo.

810 5224 974 5278 Vens.
1008 5227 1093 5280 52.
1123 5225 1267 5281 Mitte
1299 5227 1462 5298 igitur
1495 5226 1696 5294 Joppen
1737 5227 1944 5280 nuntios
1965 5267 1980 5290 ,
2020 5236 2069 5279 et
2099 5241 2302 5279 accerse

743 5315 1026 5384 Simonem,
1062 5320 1150 5383 qui
1186 5321 1580 5390 cognominatur
1609 5318 1842 5373 Petrus:
1878 5317 1962 5370 hic
1991 5316 2144 5369 habet
2184 5317 2301 5368 hos»

2489 1422 2556 1475 ὀ
2585 1421 2654 1474 δὲ
2683 1421 3019 1489 Κορνήλιος
3043 1415 3124 1489 ἦν
3153 1413 3510 1486 προσδοκῶν
3539 1409 3782 1473 αὐτοὺς,
3825 1421 3976 1472 συγ-

2411 1515 2826 1583 καλεσὰμενος
2877 1512 3019 1577 τοὺς
3079 1507 3390 1579 συγγενεῖς
3446 1501 3634 1558 αὐτοῦ
3687 1499 3784 1552 καί
3833 1496 3981 1560 τοὺς

2412 1607 2778 1674 ἀναγκαίους
2817 1606 3051 1672 φίλους.

2496 1695 2596 1760 Ὧς
2635 1693 2706 1747 δὲ
2750 1692 2988 1762 ἐγένετο
3038 1691 3143 1744 τοῦ
3169 1690 3184 1721 ⁸
3239 1685 3534 1741 εἰσελθεῖν
3580 1683 3687 1734 τὸν
3733 1677 3985 1744 Πέτρον,

2419 1786 2818 1853 συναντήσας
2847 1781 3004 1846 αὐτῷ
3036 1784 3069 1834 ὀ
3097 1778 3446 1847 Κορνήλιος,
3479 1772 3685 1828 πεσὼν
3713 1767 3809 1823 ἐπὶ
3841 1766 3986 1830 τοὺς

2351 1863 2393 1917 Β
2421 1877 2629 1942 πόδας,
2661 1874 3137 1944 προσεκύνησεν.

2498 1969 2554 2018 Ὀ
2589 1965 2657 2019 δὲ
2682 1965 2903 2033 Πέτρος
2927 1962 3113 2017 αὑτὸν
3143 1960 3341 2028 ἤγειρε
3367 1956 3564 2025 λέγων
3582 1970 3597 1984 '
3649 1950 3986 2015 Ἀνάστηθι,

2417 2057 2577 2127 κάγὼ
2607 2056 2787 2121 αὐτὸς
2817 2053 3124 2120 ἅνθρωπός
3148 2053 3285 2119 ειμι.

2487 2147 2597 2201 Kal
2625 2143 2968 2215 συνομιλῶν
3014 2139 3194 2205 αὐτῷ,
3232 2136 3499 2207 εἰσῆλθε,
3566 2132 3661 2188 και
3717 2131 3988 2199 εὑρίσκει

2415 2237 2826 2301 συνελθόντας
2851 2236 2872 2266 ¹
2901 2233 3190 2298 πολλούς.

2497 2328 2793 2397 Ἐπίσημος
2825 2321 2894 2396 ἦν
2921 2327 2950 2376 ὁ
2983 2322 3143 2393 ἀνὴρ,
3172 2321 3272 2376 καὶ
3296 2321 3353 2372 ὲν
3380 2317 3639 2385 ἐπισήμῳ
3669 2311 3822 2365 πόλει
3850 2325 3992 2375 τυγ-

2413 2421 2613 2491 χάνων.
2645 2415 3180 2487 Συγκαλεσὰμενος
3209 2411 3349 2476 τοὺς
3379 2405 3714 2477 συγγενεῖς.
3741 2401 3832 2470 Τῷ
3863 2399 3986 2491 livet

2413 2513 2469 2565 δὲ
2491 2512 2672 2574 τοῦτο,
2701 2510 2854 2578 φίλου
2893 2503 3198 2568 θεοσεϐοῦς,
3239 2507 3299 2557 ὲν
3327 2503 3439 2563 τοῖς
3464 2497 3726 2557 τοιούτοις
3751 2490 3983 2558 ἀγαθοῖς

2412 2604 2630 2657 πάντων
2667 2598 2936 2652 ποιεῖσθαι
2981 2593 3274 2656 κοινωνοὺς
3325 2593 3452 2653 τοὺς
3502 2585 3831 2653 ἀναγκαίους
3886 2578 3978 2648 φί-

2411 2694 2557 2755 λους.
2605 2691 2955 2759 ’Δναγκαίους
2983 2687 3041 2741 δὲ
3061 2686 3246 2754 φίλους
3270 2683 3490 2740 είκάτως
3512 2674 3590 2740 οἷς
3612 2676 3833 2745 teipse;
3861 2671 3981 2730 ἀεὶ,

2412 2801 2478 2837 πε
2488 2784 2541 2854 pl.
2567 2783 2676 2836 τῶν
2702 2781 2956 2836 τοιούτων
2987 2780 3137 2840 ὄντος
3158 2773 3304 2841 αύτῷ
3324 2772 3418 2825 τοῦ
3444 2769 3673 2838 ἀγῶνος.
3698 2765 3807 2819 Καὶ
3828 2762 3983 2830 φίλοι

2409 2876 2465 2929 δὲ
2499 2874 2594 2928 καὶ
2649 2873 2925 2940 συγγενεῖς
2976 2870 3097 2939 ἐμοὶ
3123 2864 3337 2919 δοκοῦσι
3391 2863 3524 2930 παρ’
3555 2857 3704 2926 αὐτῷ
3745 2855 3983 2922 εὐωχεῖ-

2411 2967 2556 3021 σθαι.
2600 2966 2743 3035 Ὅρα
2789 2964 2846 3016 δὲ
2877 2961 2994 3024 πῶς
3040 2959 3360 3012 ἐπίστευσεν
3416 2955 3496 3006 ὅτι
3539 2950 3753 3009 πάντως
3791 2944 3910 3012 ἣξει
3955 2943 3985 2994 5

2409 3032 2789 3126 Πέτρος-’δτι
2843 3052 2942 3105 οὐκ
2985 3052 3044 3102 ἐν
3099 3048 3251 3115 ὕπνῳ
3283 3043 3440 3111 ὤφθη
3489 3038 3636 3108 αύτῷ
3667 3039 3695 3090 ὁ
3722 3032 3979 3126 ἄγγελος,

2409 3122 2533 3202 ἀλλ(
2557 3145 2878 3217 ἐγρηγορότι
2908 3142 2999 3196 και
3033 3142 3092 3192 ιν
3119 3138 3324 3208 ἡμέρᾳ.
3369 3135 3431 3185 Ὀ
3453 3131 3520 3184 δὲ
3543 3122 3979 3217 Πέτρος-»αὺτὸν

2407 3215 2875 3308 ἤγειρε-λέγων’
2936 3229 3271 3295 Ἀνάστηθι,
3320 3221 3482 3291 κάγὼ
3530 3218 3710 3280 αὐτὸς
3746 3215 3973 3308 ἇνθρωὶ

2405 3333 2519 3396 πός
2564 3332 2709 3398 ειμι·
2742 3326 2915 3394 τούτῳ
2949 3322 3193 3384 καὶτοὺς
3227 3319 3416 3379 ἄλλους
3445 3310 3732 3371 παιδεύων,
3771 3304 3868 3359 κα)⁸
3894 3301 3977 3371 τῷ

2407 3421 2525 3491 Θεῷ
2555 3417 2892 3489 εὐχαριστῶν
2915 3417 2956 3478 ³,
2997 3414 3058 3468 τὸ
3098 3412 3351 3466 ταπεινὸν
3383 3406 3547 3461 αὐτοῦ
3591 3395 3978 3464 ἐπιδεικνύμε-

2407 3486 2516 3574 vos.
2727 3505 2805 3570 δὲ,
2833 3505 2939 3575 πρὸ
2971 3503 3078 3557 τῶν
3100 3502 3272 3558 ἄλλων
3291 3498 3451 3552 τοῦτο
3476 3493 3672 3555 αὐτοὺς
3704 3486 3974 3548 παιδεύει,

2409 3601 2575 3672 μηδὲν
2605 3598 2751 3669 μέγα
2785 3597 2912 3668 περὶ
2948 3593 3156 3652 ἑαυτῶν
3189 3587 3574 3662 φαντάζεσθαι.

2481 3867 2629 3935 ἐφη
2666 3882 2726 3918 τε
2777 3863 2926 3930 πρὸς
2958 3860 3212 3922 αὐτούς·
3259 3849 3454 3922 Ὑμεῖς
3502 3843 3850 3935 ἐπίστασθε,

2405 3925 2682 4026 ἀθέμιτον
2741 3925 2915 4006 ἐστιν
2983 3947 3156 4016 ἀνδρι
3216 3940 3480 4003 Ἰουδαίῳ
3538 3929 3872 4026 κολλᾷσθαι
3919 3925 3974 4026 η

2408 4016 2850 4118 προσέρχεσθαι
2881 4039 3236 4108 ἀλλοφύλῳο
3267 4034 3364 4086 καί
3388 4029 3517 4098 ἐμοὶ
3547 4030 3580 4080 ό
3610 4023 3752 4087 Θεὸς
3781 4016 3979 4072 ἔδειέδε-

2403 4140 2637 4213 μηδένα
2668 4135 2874 4191 κοινὸν
2900 4132 2938 4200 ῆ
2971 4129 3304 4197 ἀκάθαρτον
3329 4123 3530 4190 λέγειν

2477 4320 2576 4373 Διὸ
2622 4314 2721 4370 καί
2773 4307 3218 4376 ἀναηιρῤἠτως
3267 4296 3459 4370 ἦλθον
3509 4285 3964 4364 μεταπεμφθείς.

2407 4409 2790 4476 Πυνθάνομαι
2824 4398 2961 4466 οὗν,
2990 4399 3110 4452 τίνι
3141 4397 3303 4464 λόγῳ
3323 4379 3783 4476 μετεπέμψασθε
3808 4392 3921 4476 ac;

2691 4469 3020 4564 Κορνήλιος
3060 4491 3212 4558 ἔφη·
3261 4482 3400 4538 Ἀπὸ
3437 4476 3724 4564 τετάρτης
3752 4469 3980 4564 ἡμέρας

3495 4562 3827 4632 νηστεύων,
3876 4559 3978 4610 καὶ

2566 4650 2833 4744 ὲννιίτην
2875 4650 3036 4741 ὤραν
3071 4666 3557 4737 προσευχόμενος
3592 4651 3790 4750 erth
3829 4650 3981 4750 offae

2407 4744 2558 4840 μους·
2596 4770 2696 4824 καὶ
2727 4765 2856 4822 ἰδοὺ
2883 4763 3040 4830 ἀνὴρ
3071 4761 3220 4827 ἔστη
3249 4754 3506 4810 ἐνώπιόν
3521 4766 3638 4821 μου
3667 4748 3737 4801 ἐν
3765 4744 3979 4807 ἐσθῆτι

2411 4861 2673 4933 λαμπρᾷ,

2482 4930 2593 5008 kal
2619 4965 2769 5020 φησι
2788 4966 2802 4980 ο
2833 4946 3142 5017 Κορνήλιε,
3165 4938 3534 5007 εἰσηκούσθη
3563 4947 3680 4987 σου
3711 4930 3749 4996 ἡ
3780 4941 3976 5020 προ-σ-

2411 5046 2584 5114 ευκῆ,
2611 5017 2709 5098 ἐιιιί
2746 5045 2806 5096 αι
2849 5036 3256 5109 ἐλεημοσύναι
3286 5045 3402 5086 σου
3441 5023 3838 5098 ἐμνήσθησαν
3877 5017 3976 5069 ὲν-

2411 5133 2597 5188 ὠπιον
2627 5132 2733 5187 τοῦ
2764 5130 2934 5185 Θεοῦ.

2480 5221 2727 5290 Πέμψον
2755 5215 2868 5274 οὖν
2892 5219 2979 5282 εἰς
3019 5213 3292 5277 Ἰόππην,
3330 5206 3424 5262 καί
3447 5199 3855 5290 μετακάλεσαι
3871 5195 3974 5247 Σί-

2405 5284 2711 5384 μωναίὸς
2758 5305 3124 5364 ἐπικαλεῖται
3156 5300 3406 5368 Πέτρος⁶
3457 5290 3632 5359 οὗτος
3685 5284 3973 5355 ξενίζεται

1923 5500 2122 5561 Variae
2169 5499 2474 5561 lectiones
2494 5505 2555 5560 et
2597 5503 2786 5559 notae.

818 5667 836 5700 ⁸
864 5666 982 5734 τοῦ,
1016 5684 1116 5721 ηοη
1149 5679 1223 5723 est
1267 5670 1322 5723 in
1369 5671 1601 5741 vulgato.

823 5805 1200 5861 |“'laborarct.

1687 5670 1791 5725 ³1η
1844 5671 2053 5740 vulgato
2088 5679 2184 5736 est,
2217 5667 2688 5740 συνεληλουθότας.

2768 5668 2787 5698 ³
2818 5665 2986 5721 Locus
3037 5661 3250 5718 mutilus
3278 5659 3502 5715 videtur.
