4184 6458
245 459 348 522 665

969 435 1368 500 EXPOSITIO
1409 433 1488 492 IN
1515 431 1694 488 ACTA
1727 427 2293 486 APOS'I‘OLORUM.
2335 449 2400 460 ·-·-
2440 425 2594 484 (ἸᾹΡ.
2627 425 2698 482 Χ.

3336 417 3442 483 666

245 571 312 620 ἐν
337 564 496 630 οἰκίᾳ
536 561 791 626 Σίμωνος
820 551 1095 620 ,βυρσέως
1143 545 1300 613 παρὰ
1344 543 1682 602 θάλασσαν,
1731 536 1799 600 ὃς
1827 544 1870 598 Α

1787 555 1799 599 ζ
1827 544 1870 598 Α
1899 535 2148 601 pitiumin
2178 535 2328 586 tlomo
2357 531 2579 586 Simonis
2611 529 2827 584 coriarii
2845 530 3002 598 juxta
3030 545 3174 582 mare
3198 545 3215 582 :
3235 529 3321 596 qui
3358 527 3439 580 ubi

243 653 716 722 παραγενόμενος
747 643 1000 707 λαλήσει
1031 655 1146 691 σοι.

325 717 424 807 ἷεέ
445 717 628 806 αὐτῆς
651 735 762 790 οὖν
783 735 1015 800 ἔπεμψα
1029 729 1174 796 πρὸς
1189 726 1262 778 σέ
1284 726 1325 756 δ’
1349 725 1369 756 ⁵
1385 739 1396 754 ο
1421 723 1500 776 σύ
1517 737 1575 772 τε
1597 717 1792 780 καλῶς

243 805 543 895 excludar;
565 805 1058 890 παραγενόμενος.
1090 816 1220 868 Νῦν
1247 809 1358 866 οὖν
1379 811 1594 872 πάντες
1627 805 1794 872 ἡμεῖς

243 923 504 974 ἐνώπιον
570 915 674 967 τοῦ
743 909 890 965 Θεοῦ
963 903 1460 973 παρεστήκαμεν⁶
1543 899 1794 954 ἀκοῦσαι

253 1009 446 1062 ειπιὲντα
482 1007 552 1058 τὰ
589 997 1071 1069 προστεταγμένα
1101 1009 1198 1046 σοι
1233 989 1346 1043 ὑπὸ
1385 989 1490 1041 τοῦ
1523 989 1686 1040 Θεοῦ.

326 1100 526 1165 ’Υμεῖς
559 1093 904 1152 ἐπίστασθε,
944 1089 1022 1151 ὼς
1049 1083 1322 1150 ἀθέμιτόν
1354 1082 1540 1134 ἐστιν.
1582 1078 1796 1140 Εὐθέως

249 1189 378 1258 περὶ
419 1189 518 1254 τῆς
571 1182 662 1236 τοῦ
701 1179 834 1232 Θεοῦ
881 1172 1282 1245 φιλανθρωπίας
1325 1169 1660 1234 διαλέγεται,
1703 1167 1796 1217 καὶ

247 1255 521 1328 δείκνυσιν
545 1273 624 1324 ὅτι
659 1269 866 1340 μεγάλα
886 1266 1068 1325 αὐτοῖς
1101 1261 1386 1332 ἐχαρίσατο
1407 1262 1434 1312 6
1467 1259 1596 1320 Θεός
1618 1274 1632 1289 ·
1661 1255 1795 1326 ὁμοῦ

248 1367 306 1418 δὲ
331 1365 428 1418 καὶ
462 1361 674 1432 μεγάλοι
705 1360 995 1428 φθέγγεται
1019 1355 1114 1406 καὶ
1143 1350 1438 1422 μετριάζει.
1473 1348 1546 1401 Οὐ
1572 1347 1676 1414 γὰρ
1711 1341 1800 1396 εἷ-

249 1471 374 1516 πεν,
419 1452 762 1520 Ἄνθρωποι,
817 1445 1003 1515 μηδενὶ
1061 1441 1438 1504 καταξιοῦντες
1487 1435 1797 1496 κολλᾶσθαι,

247 1544 489 1613 ἤλθομεν
521 1540 654 1609 πρὸς
685 1539 826 1606 ὑμᾶς
850 1553 862 1566 ·
901 1535 1034 1588 ἀλλὰ
1065 1535 1150 1597 τίς
1187 1531 1371 1600 Ὑμεῖς
1402 1526 1688 1580 ἐπίστατθε
1726 1523 1800 1587 ὡς

249 1637 276 1686 ὁ
314 1635 448 1694 Θεὸς
475 1631 630 1684 τοῦτο
667 1629 949 1686 ἐκέλευσε,
997 1624 1310 1692 παράνομον
1340 1616 1476 1672 εἶναι
1511 1613 1800 1669 κολλᾶσθαι

247 1727 282 1794 ἦ
315 1722 716 1794 προσέρχεσθαι
753 1717 1062 1784 ἀλλοφύλῳ·
1107 1715 1199 1766 καὶ
1242 1711 1362 1779 ἐμοὶ
1396 1712 1423 1762 6
1469 1709 1600 1768 Θεδς
1638 1705 1800 1767 ἔδειξε

251 1817 460 1886 μηδένα
513 1811 712 1876 κοινὸν,
775 1810 808 1878 ἦ
866 1807 1172 1875 ἀκάθαρτον
1245 1802 1424 1868 λέγειν
1497 1798 1798 1866 ἄνθρωπον.

249 1905 590 1974 Σημειωτέον
619 1903 700 1954 ὅτι
720 1901 746 1950 6
771 1897 930 1958 αὐτὸς
957 1896 1085 1956 Θεὸς
1113 1890 1370 1960 ἐπέτρεψε
1396 1889 1473 1957 τῷ
1495 1886 1796 1957 Χριστιανῷ

247 1996 362 2064 λαῷ
389 1993 592 2064 μηδένα.
633 1990 912 2059 ἄνθρωπον
941 1985 1114 2038 κοινὸν
1157 1983 1192 2051 ἢ
1237 1981 1540 2048 ἀκάθαρτον
1580 1978 1789 2045 λέγειν,

248 2088 384 2140 ἀλλὰ
425 2087 662 2137 συνεῖναι
690 2083 894 2142 αὐτοῖς,
930 2079 1023 2130 ἆτε
1066 2075 1288 2135 ἐλπίδας
1333 2072 1513 2141 ἔχουσι
1563 2068 1654 2121 τοῦ
1701 2085 1787 2120 at-

249 2178 464 2231 στεύειν
485 2172 713 2242 μάλιστα
735 2171 812 2232 εἰς
841 2169 1089 2236 Χριστόν.
1121 2163 1492 2228 Πυνθὰνομαι
1521 2154 1650 2219 οὖν,
1678 2157 1795 2208 τίνι

245 2269 404 2335 λόγῳ
431 2258 890 2334 μετεπέμψασθέ
927 2271 1037 2324 με;
1092 2255 1230 2321 Ἤδη
1273 2252 1332 2304 τὺ
1387 2253 1493 2303 πᾶν
1523 2250 1560 2300 ’ὁ
1595 2247 1796 2314 Πέτρος

249 2359 450 2426 ἡκουσε
489 2355 584 2406 καὶ
608 2351 758 2418 παρὰ
797 2349 900 2400 τῶν
931 2343 1302 2416 στρατιωτῶνο
1339 2340 1474 2394 ἀλλὰ
1506 2337 1750 2408 βούλεται
1772 2343 1793 2375 ⁷

251 2445 466 2513 πρῶτον
495 2443 689 2503 αὐτοὺς
716 2437 1042 2508 ὁμολογῆσαι
1077 2435 1170 2487 καὶ
1203 2429 1528 2492 ὑπευθύνους
1571 2427 1795 2498 ποιῆσαι

247 2539 314 2604 τῇ
347 2535 548 2586 πίστει.
597 2531 712 2598 Τὴν
739 2529 996 2594 ὲννιὶτην
1015 2526 1194 2592 ὥραν,
1229 2525 1378 2592 φησὶ,
1407 2521 1798 2588 προσευχόμε-

249 2643 380 2688 νος.
403 2624 468 2676 Τί
492 2623 606 2674 ἐστι
637 2621 824 2683 τοῦτο;
879 2617 1029 2685 Ἐμοὶ
1061 2616 1206 2668 δοκεῖ
1235 2615 1454 2681 καιροὺς
1489 2605 1638 2670 οὗτος
1665 2609 1796 2676 ὠρι-

247 2714 404 2770 κένιι
438 2709 613 2780 ἑαυτῷ
641 2708 758 2780 βίου
787 2705 1196 2774 ἁκριϐεστάτου,
1249 2703 1342 2753 καὶ
1384 2701 1440 2750 εν
1481 2713 1620 2748 τισιν
1661 2695 1800 2762 ἡμέ-

251 2816 394 2872 ραις.
421 2801 519 2852 Διὰ
551 2800 657 2866 γὰρ
679 2794 834 2850 τοῦτο
865 2789 1048 2844 εἶπεν·
1088 2789 1224 2840 Ἀπὸ
1249 2787 1526 2854 τετάρτης
1559 2783 1796 2852 ἡμέρας.

253 2891 394 2959 Ὅρα
419 2891 584 2942 πόσον
608 2887 752 2940 ἐστίν
773 2885 932 2954 εὐχήι
957 2881 1084 2934 Ὅτε
1109 2877 1374 2932 ἐπέδωκεν
1397 2877 1473 2936 εἰς
1495 2875 1795 2935 εὐλάϐειαν,

252 2981 370 3033 τότε
417 2979 662 3046 φαίνεται
697 2973 844 3042 αὐτῷ
887 2973 916 3024 ὁ
951 2971 1196 3037 ἄγγελος.
1241 2965 1386 3035 Αὕτη
1438 2965 1534 3034 μία
1575 2963 1756 3032 ἡμέρα
1781 2978 1795 2990 ·

253 3073 348 3123 καὶ
393 3072 462 3137 ἦν
515 3066 754 3136 ἀπῆλθον
805 3065 852 3116 οἱ
890 3059 1229 3130 πεμφθέντες
1285 3056 1436 3124 παρὰ
1481 3051 1796 3123 Κορνηλίου,

255 3163 354 3230 μία.
373 3177 388 3189 ·
417 3159 512 3212 καὶ
534 3159 599 3228 ἢν
631 3153 814 3226 ἦλθον,
865 3153 984 3222 μία,
1026 3153 1116 3203 καὶ
1146 3151 1400 3217 τέταρτον
1445 3147 1638 3213 ἐφάνη,
1670 3143 1801 3196 ὡσεὶ

251 3250 444 3319 τρίτην
486 3248 632 3316 ὥραν
683 3245 799 3314 μεθ’
827 3245 894 3312 ἢν
937 3238 1294 3310 προσηύξατο.
1335 3236 1442 3289 Καὶ
1491 3236 1620 3288 ὶδοὺ
1649 3235 1802 3302 ἀνὴρ
1829 3270 1874 3332 C

253 3341 402 3404 ἔστη
425 3337 679 3390 ἐνώπιόν
692 3351 831 3402 μου.
855 3333 929 3385 Οὐ
947 3333 1110 3399 λέγει,
1143 3329 1426 3396 Ἄγγελος,
1453 3327 1586 3390 ἀλλ’,
1617 3327 1802 3393 Ἀνήρο

253 3430 426 3490 οὓτως
453 3427 598 3478 ἐστὶν
631 3425 854 3492 ἄτυφος.
897 3423 1065 3474 Ἴδετε
1097 3421 1152 3472 δὲ
1191 3422 1425 3472 διάνοιαν
1453 3417 1807 3486 διεγηγερμέ-

255 3533 384 3586 νην·
417 3517 556 3570 ἴδετε
588 3516 702 3577 πῶς
729 3513 872 3577 ἄξιος
903 3508 972 3580 ἦν
1015 3510 1218 3562 τούτων
1258 3510 1492 3562 πάντων.
1535 3507 1664 3560 Νῦν
1695 3501 1808 3560 οὖν

255 3608 478 3671 πάντες
519 3605 688 3674 ἡμεῖς
731 3603 984 3656 ἐνώπιον
1017 3601 1119 3654 τοῦ
1153 3600 1298 3654 Θεοῦ
1329 3599 1802 3667 παρεστήκαμεν.

254 3700 368 3752 οὐκ
411 3693 586 3761 εἶπεν,
643 3693 898 3748 Ἐνώπιον
943 3691 1226 3760 ἀνθρώπου
1253 3731 1267 3754 ,
1311 3689 1448 3742 ἀλλὰ
1489 3689 1594 3742 τοῦ
1634 3687 1800 3741 Θεοῦ.

255 3789 410 3843 οὕτω
434 3787 514 3840 δεῖ
539 3785 828 3856 προσέχειν
853 3785 966 3845 τοῖς
1002 3782 1097 3834 τοῦ
1125 3779 1259 3834 Θεοῦ
1295 3778 1524 3840 δούλοις.

335 4029 609 4095 Ἀνοίξας
655 4027 722 4082 δὲ
753 4027 969 4096 Πέτρος
1001 4026 1064 4079 τὸ
1111 4027 1304 4092 στόμα
1332 4024 1514 4076 αὐτοῦ
1538 4023 1558 4054 ⁸
1603 4023 1803 4076 εἷπεν-ο

267 4123 392 4176 Ἐπ’
440 4121 722 4188 ἀληθείας
769 4115 1324 4185 καταλαμϐάνομαι,
1374 4115 1462 4168 ὅτι
1513 4115 1622 4169 οὐκ
1677 4115 1806 4169 ἔστι

254 4209 773 4283 προσωπολήπτης
803 4212 835 4263 ὁ
866 4209 1009 4272 Θεός
1027 4221 1042 4238 °

335 4299 496 4354 Ἀλλ’
528 4300 594 4351 ἐν
629 4298 804 4350 παντὶ
834 4299 988 4350 ἔθνει
1015 4299 1048 4350 ὁ
1073 4297 1438 4365 φοϐούμενος
1473 4297 1676 4362 αὐτὸν,
1707 4297 1804 4352 καὶ

253 4389 634 4458 ἐργαζόμενος
666 4386 1077 4452 δικαιοσύνην,
1119 4385 1325 4448 δεκτὸς
1354 4384 1512 4448 αὐτῷ
1549 4387 1700 4440 ἐστι.

329 4481 442 4534 Τὸν
483 4482 688 4544 λόγον,
741 4476 810 4528 ὃν
857 4475 1173 4528 ἀπέστειλε
1209 4475 1329 4539 τοῖς
1377 4475 1524 4540 υἱοῖς
1561 4474 1804 4542 Ἰσραὴλ

1899 631 2112 688 uenerit,
2147 625 2378 691 loquetur
2403 625 2513 678 tilri.

1961 711 2122 766 Vens.
2145 715 2232 765 '53.
2255 713 2437 780 Itaque
2467 709 2720 779 extemplo
2743 709 2857 762 misi
2885 709 2953 762 ad
2985 709 3058 762 (ei
3091 727 3106 762 :
3140 725 3202 760 ac
3228 716 3285 760 tu
3313 706 3438 760 bene

1895 803 2080 870 fecisti,
2105 805 2192 871 qui
2222 805 2509 854 adveneris.
2536 800 2688 852 Nunc
2718 801 2881 870 igitur
2904 815 2993 850 nos
3011 815 3182 852 omnes
3207 808 3442 851 astamus

1895 893 1950 946 in
1981 904 2248 962 conspectu
2269 893 2384 954 Dei,
2408 893 2582 959 parati
2604 893 2782 945 audire
2812 891 3004 954 omnia,
3041 905 3154 959 qua
3179 889 3267 940 tibi
3291 905 3444 942 man-

1896 985 2024 1038 data
2055 995 2174 1038 sunt
2207 1003 2238 1036 a
2281 985 2404 1038 Deo.

1975 1071 2074 1126 Vos
2097 1076 2244 1126 scitis
2267 1090 2422 1142 quam
2443 1089 2545 1126 non
2571 1073 2769 1124 licitum
2792 1072 2880 1134 sit,
2909 1081 3014 1124 etc.
3047 1068 3238 1123 Statim
3261 1067 3326 1121 de
3353 1067 3446 1119 Dei

1899 1163 2154 1216 adversus
2177 1162 2425 1214 homines
2442 1161 2621 1214 studio
2643 1169 2802 1227 atque
2829 1158 3162 1211 humanitate
3187 1153 3445 1223 loquitur.

1899 1259 1954 1303 et
1995 1247 2232 1302 ostendit
2263 1247 2430 1299 Deum
2473 1259 2662 1316 magna
2694 1243 2774 1298 eis
2815 1238 3062 1310 largitinn
3093 1255 3234 1294 esse.
3278 1238 3448 1292 Simul

1899 1349 2074 1392 autem
2096 1347 2149 1391 et
2176 1353 2363 1406 magna
2385 1337 2640 1404 loquitur,
2664 1345 2719 1388 et
2745 1333 3065 1388 modestiam
3091 1331 3306 1384 adhibet
3331 1345 3446 1382 ser-

1899 1429 2095 1483 monis.
2130 1425 2246 1480 Non
2277 1425 2419 1478 enim
2454 1427 2619 1489 dixit,
2662 1425 2947 1487 llomines,
2982 1423 3070 1492 qui
3112 1419 3312 1474 nemini
3351 1434 3451 1471 nos

1900 1520 2192 1590 adjungere
2229 1529 2388 1585 atque
2427 1533 2712 1586 aggregare
2753 1519 3065 1586 dignamur,
3107 1513 3352 1567 venimus
3386 1511 3450 1562 ad

1901 1628 1994 1664 vos
2021 1653 2035 1674 ,
2071 1611 2162 1662 sed
2208 1609 2378 1676 quid?
2409 1607 2516 1660 Vos
2551 1607 2702 1660 scitis
2743 1605 2905 1658 Demn
2945 1605 2996 1656 id
3037 1603 3260 1671 iussisse
3291 1617 3303 1652 :
3335 1599 3453 1666 lege

1903 1701 2129 1756 vetitum
2163 1713 2282 1752 esse
2313 1699 2560 1766 conjungi
2598 1707 2647 1750 et
2692 1693 2964 1766 aggregari
3003 1707 3136 1755 nos,
3167 1699 3260 1744 aut
3297 1704 3454 1742 acce-

1903 1794 2030 1846 dere
2062 1791 2128 1844 ad
2159 1789 2536 1857 alienigenam.
2573 1787 2676 1839 Sed
2715 1787 2842 1838 mihi
2879 1785 3020 1836 Dens
3059 1781 3320 1840 ostendit,
3357 1793 3456 1832 ne~

1905 1884 2104 1936 minem
2151 1879 2433 1949 profanum
2466 1887 2558 1930 aut
2601 1879 2870 1944 impurum
2911 1873 3181 1925 hominem
3222 1885 3340 1922 esse
3373 1867 3458 1922 di-

1906 1974 2154 2028 cendum.
2215 1971 2518 2023 Notandum
2583 1967 2832 2020 eumdem
2892 1963 3057 2016 Deum
3119 1959 3458 2029 permississe

1901 2065 2098 2134 popqu
2147 2063 2488 2124 Christiano,
2533 2058 2804 2111 neminem
2847 2055 3124 2108 hominem
3171 2050 3456 2119 profanum

1899 2165 1992 2208 aut
2035 2155 2302 2224 impurum
2345 2152 2544 2214 dicere,
2596 2149 2686 2202 sed
2721 2161 2822 2199 una
2859 2147 3039 2198 vivere
3081 2159 3202 2198 cum
3247 2143 3358 2204 eis,
3399 2125 3460 2193 ιιι

1905 2246 1991 2313 qui
2021 2259 2170 2314 spem
2201 2244 2436 2296 habeant
2465 2241 2598 2301 fore,
2635 2247 2692 2291 ut
2713 2237 2940 2290 maxime
2965 2234 3185 2290 credant
3215 2232 3268 2285 in
3295 2230 3457 2284 Chvi-

1899 2346 2063 2390 stum.
2097 2333 2283 2398 Qumro
2318 2334 2478 2401 igitur
2508 2347 2610 2400 qua
2645 2331 2706 2382 de
2746 2343 2908 2380 causa
2950 2323 3292 2378 accersivistis
3337 2337 3414 2373 me
3435 2321 3460 2372 ε)

1900 2425 2016 2480 Jam
2040 2439 2254 2478 omnem
2281 2437 2392 2476 rem
2417 2421 2606 2473 Petrus
2627 2419 2902 2472 audiverat
2927 2416 3086 2468 etiam
3108 2429 3136 2465 a
3160 2411 3416 2466 militibus
3442 2427 3456 2462 :

1901 2521 1994 2574 sed
2027 2519 2142 2572 vult
2173 2533 2268 2571 eos
2295 2517 2528 2585 primum
2563 2513 2829 2570 confiteri.
2865 2519 2918 2564 et
2953 2509 3074 2563 ﬁdei
3103 2508 3328 2570 reddere
3359 2506 3460 2558 ob-

1903 2611 2110 2664 noxios.
2140 2609 2314 2668 Nona,
2348 2605 2540 2674 inquit,
2573 2607 2700 2656 hora
2731 2601 3001 2670 precabar.
3041 2597 3179 2664 Quid
3211 2597 3314 2650 hoc
3341 2595 3463 2649 est?

1905 2699 2030 2754 Mihi
2073 2699 2282 2753 videtur
2326 2697 2414 2750 hic
2459 2695 2562 2748 sibi
2611 2692 2866 2760 temporis
2913 2689 3166 2742 articulos
3209 2685 3462 2741 statuisse

1901 2785 2256 2841 exactissima!
2292 2795 2454 2852 atque
2493 2781 2866 2835 attentissima:
2896 2779 3015 2831 vitae
3037 2817 3050 2840 ,
3094 2777 3256 2846 idque
3299 2773 3463 2828 certis

1905 2873 2134 2935 diebus;
2183 2887 2306 2926 nam
2353 2871 2548 2924 idcirco
2593 2869 2768 2924 dixit:
2843 2867 3288 2935 Nudiusqnartus.
3331 2862 3461 2916 Vide

1905 2973 2100 3032 quanta
2135 2977 2218 3015 res
2263 2962 2333 3014 sit
2373 2961 2608 3028 precatio
2656 2976 2669 3010 :
2705 2957 2918 3022 quando
2965 2955 3221 3023 religione
3281 2953 3460 3021 profe-

1905 3063 2069 3117 cerat,
2093 3065 2219 3106 tunc
2239 3052 2457 3119 angelus
2483 3052 2532 3104 ei
2557 3059 2797 3116 apparet.
2841 3047 2936 3100 Hic
2959 3061 3099 3100 unus
3123 3053 3205 3099 est
3229 3045 3342 3097 dies
3365 3061 3378 3096 :
3406 3052 3461 3096 et

1906 3163 2012 3216 quo
2038 3143 2290 3200 abierunt
2318 3141 2405 3212 qui
2440 3139 2588 3197 missi
2620 3145 2770 3195 erant
2807 3153 2834 3188 ο
2866 3135 3144 3198 Cornelio,
3179 3149 3320 3193 unus.
3353 3149 3366 3190 :
3405 3141 3460 3191 et

1906 3249 2012 3301 quo
2043 3243 2326 3294 venerunt,
2363 3247 2520 3289 unus,
2549 3239 2602 3283 et
2628 3237 2817 3298 quarto
2843 3238 3086 3297 apparet,
3119 3227 3334 3280 circiter
3357 3226 3458 3279 ho-

1910 3341 2020 3378 ram
2067 3325 2274 3378 tertiam
2311 3341 2325 3378 :
2372 3335 2654 3392 postquam
2702 3323 2887 3375 horam
2930 3329 3176 3386 precatus
3214 3327 3347 3371 erat.
3391 3317 3460 3370 Et

1907 3433 2016 3470 ecce
2047 3417 2127 3467 vir
2159 3417 2298 3466 stetit
2344 3431 2519 3467 eorum
2561 3429 2662 3466 me.
2707 3411 2823 3464 Non
2869 3409 3016 3472 dicit,
3059 3408 3278 3478 angelus
3312 3425 3324 3460 :
3365 3407 3460 3459 sed

1907 3508 2002 3559 vir.
2049 3506 2194 3558 Adeo
2227 3520 2333 3557 non
2373 3513 2457 3558 cst
2497 3503 2786 3574 gloriosus,
2827 3515 2928 3552 nec
2961 3501 3210 3566 iactator.
3271 3497 3460 3549 Videte

1905 3607 2082 3649 autem
2106 3605 2338 3648 mentem
2365 3595 2648 3648 excitatam
2679 3601 2732 3644 et
2763 3601 2992 3644 erectam
3019 3602 3034 3640 :
3065 3587 3238 3640 videte
3268 3600 3460 3654 quem-

1905 3684 2192 3738 admodum
2252 3681 2336 3734 bis
2389 3680 2640 3733 omnibus
2683 3678 2874 3748 dignus
2929 3683 3060 3729 erat.
3099 3674 3250 3727 Nunc
3301 3676 3462 3742 igitur

1907 3791 1998 3828 nos
2027 3789 2198 3826 omnes
2231 3773 2284 3826 in
2315 3779 2584 3837 conspectu
2627 3767 2720 3821 Dei
2761 3777 3016 3819 astamus.
3057 3765 3177 3818 Non
3197 3763 3352 3824 dixit,
3401 3767 3458 3816 In

1906 3871 2197 3930 conspectu
2241 3860 2474 3915 hominis
2502 3877 2516 3912 :
2556 3859 2648 3912 sed
2679 3857 2795 3910 Dei.
2841 3857 2912 3908 Ita
2943 3865 3153 3925 oportet
3180 3854 3462 3910 attendere

1905 3961 1961 4007 et
1985 3952 2292 4006 auscultare
2323 3950 2498 4004 servis
2525 3949 2644 4002 Dei.

1915 4113 1924 4122 η
1975 4039 2138 4094 Vens.
2157 4039 2246 4092 54.
2264 4037 2508 4104 Apes-iens
2535 4045 2709 4088 autem
2739 4033 2922 4085 Petrus
2953 4047 3007 4084 os
3033 4047 3182 4084 suum
3208 4031 3356 4083 dia-it.
3391 4029 3465 4082 Re

1907 4129 2018 4198 ‘psa
2049 4127 2327 4194 comperio,
2355 4127 2518 4180 Deum
2549 4141 2650 4178 non
2680 4125 2929 4192 respicere
2957 4123 3121 4174 solere
3143 4137 3388 4188 personas
3405 4135 3424 4173 :

1973 4308 2138 4364 Vens.
2171 4307 2261 4360 55.
2305 4305 2404 4358 Sed
2441 4306 2496 4356 in
2523 4303 2752 4372 qualibet
2783 4301 2996 4354 natione
3019 4304 3106 4370 qui
3132 4303 3275 4355 timet
3311 4319 3460 4365 eum,

1903 4404 1952 4450 et
1970 4396 2234 4463 justitiam
2256 4401 2473 4454 exercet,
2501 4394 2544 4444 is
2573 4391 2650 4442 illi
2673 4399 2911 4455 acceptus
2939 4399 3037 4442 est.

1973 4484 2134 4538 Vens.
2177 4483 2266 4536 36.
2303 4479 2463 4544 Quem
2495 4479 2600 4547 93
2634 4493 2920 4530 sermonem
2948 4479 3088 4530 misit
3121 4479 3244 4544 ﬁliis
3285 4482 3464 4533 Israe-

256 4571 770 4640 εὑαῖτελιζόμενος
831 4567 1076 4636 ειρήνην
1123 4566 1219 4622 διὰ
1273 4567 1465 4634 Ἰησοῦ
1515 4568 1798 4635 Χριστοῦ,
1833 4586 1908 4642 οι

1833 4586 1878 4642 D
1904 4574 1988 4639 lis,
2033 4572 2352 4626 annuntians
2393 4585 2572 4637 pacem
2603 4582 2694 4634 per
2737 4566 2916 4620 Iesum
2942 4565 3225 4630 Christum,
3269 4568 3349 4620 ltic
3387 4576 3462 4621 est

253 4665 432 4724 αὑτός
457 4661 590 4714 ἐστι
615 4659 854 4712 πάντων
886 4657 934 4710 Κ
941 4660 1120 4725 ὑριος.

333 4749 532 4818 ’Υμεῖς
576 4749 770 4802 οἴδατε
814 4748 880 4800 τὸ
929 4747 1251 4816 γενόμενον
1287 4747 1452 4814 ῥῆμα
1501 4750 1629 4803 καθ’
1659 4749 1805 4813 ὅλης

257 4840 364 4904 τῆς
427 4837 751 4900 Ἰουδαίας,
797 4835 1132 4902 ἀρξάμενον
1161 4835 1278 4888 ἀπὸ
1321 4833 1430 4903 τῆς
1480 4837 1805 4904 Γαλιλαίας

253 4926 400 4994 μετὰ
433 4927 500 4979 τὸ
531 4925 863 4992 βάπτισμα,
903 4923 936 4976 ὃ
967 4923 1260 4990 ἐκήρυξεν
1305 4924 1594 4992 Ἰωάννης,

335 5019 572 5088 ἰησοῦν
599 5021 706 5072 τὸν
745 5021 862 5074 ἀπὸ
909 5019 1159 5085 Ναζαρὲτ
1185 5021 1226 5082 ⁸,
1257 5021 1334 5084 ὼς
1361 5020 1602 5088 ἔχρισεν
1619 5021 1805 5076 αὐτὸν

259 5115 288 5163 o'
325 5111 472 5173 Θεὸς
515 5111 810 5176 [Iret-yart
840 5110 1005 5176 ἁγίῳ,
1039 5108 1139 5161 καὶ
1175 5109 1440 5174 δυνάμει,
1468 5108 1534 5174 ὃς
1560 5109 1804 5176 διῆλθεν

257 5195 580 5266 εὐεργετῶν
607 5196 702 5250 καὶ
734 5195 975 5262 ἰώμενος
1015 5195 1244 5260 πάντας
1285 5196 1425 5260 τοὺς
1478 5197 1802 5250 καταδυνα-

261 5283 662 5352 στευομένους
689 5284 800 5336 ὑπὸ
848 5283 953 5336 τοῦ
1007 5283 1306 5349 διαθόλου,
1349 5283 1436 5337 ὅτι
1482 5287 1513 5337 ὁ
1554 5287 1699 5352 Θεὸς
1729 5283 1802 5354 ἦν

251 5375 378 5442 μετ’
407 5373 612 5427 αὑτοῦ.

1910 4667 2138 4720 omnium
2167 4663 2438 4716 Dominus.

1973 4755 2136 4809 Vens.
2175 4753 2266 4806 57.
2313 4749 2416 4804 Vos
2449 4750 2594 4804 scitis
2617 4751 2846 4812 uerbum,
2874 4753 3008 4816 quod
3045 4749 3366 4818 divulgatum
3387 4759 3462 4802 est

1905 4847 2102 4899 intota
2151 4843 2368 4906 Judtea,
2407 4857 2522 4914 cum
2573 4840 2783 4892 initium
2829 4839 3124 4904 sumpsisset
3166 4855 3198 4892 a
3239 4838 3458 4894 Galila'u

1906 4945 2016 5004 post
2047 4934 2301 5002 baptisma
2330 4931 2465 5000 quod
2494 4931 2799 5000 praedicavit
2827 4928 3078 4994 Joannes,

1977 5025 2007 5076 Χ
2030 5039 2142 5077 uas.
2195 5021 2284 5075 '58.
2317 5019 2493 5073 Jesum
2539 5036 2572 5072 a
2617 5017 2904 5083 Nasaretlt,
2942 5026 2998 5069 ut
3025 5033 3142 5069 eum
3179 5015 3313 5070 Deus
3343 5015 3464 5080 Spi-

1908 5115 2012 5164 ritu
2043 5119 2244 5170 sancto,
2274 5117 2320 5160 et
2351 5113 2598 5174 potestate
2627 5105 2870 5158 auxerit:
2901 5103 2987 5170 qui
3020 5101 3313 5170 peragravit
3341 5100 3464 5152 illas

1907 5211 2078 5268 partes
2111 5199 2433 5266 benefaciens
2453 5203 2499 5248 ct
2525 5210 2720 5247 sanans
2741 5208 2914 5244 omnes
2935 5192 3024 5260 qui
3044 5191 3464 5258 opprimebantur

1910 5307 1941 5342 α
1966 5291 2189 5356 diabolo,
2221 5290 2346 5357 quia
2375 5287 2508 5340 Deus
2532 5295 2641 5338 erat
2669 5299 2782 5336 cunt
2812 5282 2922 5336 illo.

1407 5491 1601 5552 Varia:
1643 5493 1947 5554 lectiones
1991 5500 2050 5554 et
2093 5497 2280 5553 noue.

331 5595 372 5666 ξ·
403 5597 422 5626 ⁵
460 5591 523 5666 In
567 5591 909 5666 culgnto_est_,
951 5591 1085 5666 ιιι-θός
1113 5607 1189 5642 σε.
1267 5595 1286 5623 ⁸
1321 5591 1384 5644 lu
1411 5597 1612 5664 vulgato
1634 5607 1725 5660 est,
1757 5598 1983 5666 πάρεσμ.

1812 5598 2056 5666 ἰρεσμεν.
2131 5597 2150 5626 ⁷
2186 5593 2402 5662 βοέλετε
2436 5599 2570 5645 erat.
2645 5587 2664 5618 '
2711 5585 2870 5639 αὐτοῦ
2904 5600 3000 5638 non
3031 5591 3105 5636 est
3152 5581 3204 5633 in
3231 5574 3464 5648 vulgato.

257 5680 278 5710 ο
315 5661 380 5714 In
407 5661 612 5729 vulgato
639 5670 734 5722 est,
786 5659 1056 5727 Ναζαρέθ.

339 5763 356 5802 ι
388 5767 448 5804 ac
477 5751 702 5820 gratiam
733 5748 896 5803 lmbco
931 5749 1040 5812 tibi,
1065 5747 1150 5816 qui
1184 5749 1468 5800 adt-cnctis.
