  <div class='ocr_page' id='page_1' title='image "/cluster/home/n/w/nwhite01/storage/ocr_20150623/125/nnc1.0046979794/338.png"; bbox 0 0 4184 6458; ppageno 0'>
   <div class='ocr_carea' id='block_1_1' title="bbox 230 455 343 518">
    <p class='ocr_par' dir='ltr' id='par_1_1' title="bbox 230 455 343 518">
     <span class='ocr_line' id='line_1_1' title="bbox 230 455 343 518; baseline -0.035 0"><span class='ocrx_word' id='word_1_1' title='bbox 230 455 343 518; x_wconf 67' lang='grc' dir='ltr'><strong>θος)</strong></span> 
     </span>
    </p>
   </div>
   <div class='ocr_carea' id='block_1_2' title="bbox 928 449 2734 512">
    <p class='ocr_par' dir='ltr' id='par_1_2' title="bbox 928 449 2734 512">
     <span class='ocr_line' id='line_1_2' title="bbox 928 449 2734 512; baseline -0.001 -1"><span class='ocrx_word' id='word_1_2' title='bbox 928 449 1333 511; x_wconf 78' lang='lat' dir='ltr'><strong>EXPOSITIO</strong></span> <span class='ocrx_word' id='word_1_3' title='bbox 1370 449 1446 508; x_wconf 72' lang='lat' dir='ltr'>IN</span> <span class='ocrx_word' id='word_1_4' title='bbox 1487 450 1675 508; x_wconf 75' lang='lat' dir='ltr'><strong>ACI‘A</strong></span> <span class='ocrx_word' id='word_1_5' title='bbox 1715 449 2266 512; x_wconf 74' lang='lat' dir='ltr'><strong>APOSTOLORUM</strong></span> <span class='ocrx_word' id='word_1_6' title='bbox 2339 477 2392 485; x_wconf 86' lang='lat'><strong>-</strong></span> <span class='ocrx_word' id='word_1_7' title='bbox 2433 450 2592 511; x_wconf 60' lang='lat' dir='ltr'><strong>CAP.</strong></span> <span class='ocrx_word' id='word_1_8' title='bbox 2628 451 2734 511; x_wconf 80' lang='grc' dir='ltr'><strong>Χῐ.</strong></span> 
     </span>
    </p>
   </div>
   <div class='ocr_carea' id='block_1_3' title="bbox 3406 453 3511 517">
    <p class='ocr_par' dir='ltr' id='par_1_3' title="bbox 3406 453 3511 517">
     <span class='ocr_line' id='line_1_3' title="bbox 3406 453 3511 517; baseline 0.01 -1"><span class='ocrx_word' id='word_1_9' title='bbox 3406 453 3511 517; x_wconf 83' lang='lat'><strong>670</strong></span> 
     </span>
    </p>
   </div>
   <div class='ocr_carea' id='block_1_4' title="bbox 234 563 1816 638">
    <p class='ocr_par' dir='ltr' id='par_1_4' title="bbox 234 563 1812 638">
     <span class='ocr_line' id='line_1_4' title="bbox 234 563 1812 638; baseline -0.003 -20"><span class='ocrx_word' id='word_1_10' title='bbox 234 567 513 638; x_wconf 66' lang='grc' dir='ltr'><em>φανερῶς,</em></span> <span class='ocrx_word' id='word_1_11' title='bbox 559 566 644 616; x_wconf 78' lang='grc' dir='ltr'><strong>ἵνα</strong></span> <span class='ocrx_word' id='word_1_12' title='bbox 698 563 771 631; x_wconf 82' lang='grc' dir='ltr'><em>μὴ</em></span> <span class='ocrx_word' id='word_1_13' title='bbox 810 563 1006 630; x_wconf 66' lang='grc' dir='ltr'><strong>ἔχωσιν</strong></span> <span class='ocrx_word' id='word_1_14' title='bbox 1062 563 1143 625; x_wconf 68' lang='grc' dir='ltr'><em>εἰς</em></span> <span class='ocrx_word' id='word_1_15' title='bbox 1194 565 1420 631; x_wconf 71' lang='grc' dir='ltr'><strong>ἄγνοιαν</strong></span> <span class='ocrx_word' id='word_1_16' title='bbox 1459 565 1812 614; x_wconf 74' lang='grc' dir='ltr'><strong>καταπεσεῖν.</strong></span> 
     </span>
    </p>
   </div>
   <div class='ocr_carea' id='block_1_5' title="bbox 1920 563 3507 638">
    <p class='ocr_par' dir='ltr' id='par_1_5' title="bbox 1922 563 3507 634">
     <span class='ocr_line' id='line_1_5' title="bbox 1922 563 3507 634; baseline 0.005 -21"><span class='ocrx_word' id='word_1_17' title='bbox 1922 563 2046 631; x_wconf 87' lang='lat' dir='ltr'><strong>quia</strong></span> <span class='ocrx_word' id='word_1_18' title='bbox 2091 564 2419 618; x_wconf 85' lang='lat' dir='ltr'><strong>resurrectio</strong></span> <span class='ocrx_word' id='word_1_19' title='bbox 2470 582 2726 632; x_wconf 61' lang='lat' dir='ltr'><strong>magnum</strong></span> <span class='ocrx_word' id='word_1_20' title='bbox 2775 571 2891 615; x_wconf 82' lang='lat' dir='ltr'><strong>etat</strong></span> <span class='ocrx_word' id='word_1_21' title='bbox 2936 563 3052 633; x_wconf 82' lang='lat' dir='ltr'><strong>sign</strong></span> <span class='ocrx_word' id='word_1_22' title='bbox 3077 577 3196 617; x_wconf 88' lang='lat' dir='ltr'><strong>tm:</strong></span> <span class='ocrx_word' id='word_1_23' title='bbox 3242 573 3296 618; x_wconf 87' lang='lat' dir='ltr'><strong>at</strong></span> <span class='ocrx_word' id='word_1_24' title='bbox 3339 565 3507 634; x_wconf 81' lang='lat' dir='ltr'><strong>hujus</strong></span> 
     </span>
    </p>
   </div>
   <div class='ocr_carea' id='block_1_6' title="bbox 242 653 1817 722">
    <p class='ocr_par' dir='ltr' id='par_1_6' title="bbox 242 653 1817 722">
     <span class='ocr_line' id='line_1_6' title="bbox 242 653 1817 722; baseline -0.004 -10"><span class='ocrx_word' id='word_1_25' title='bbox 242 662 439 720; x_wconf 75' lang='grc' dir='ltr'><strong>Τούτῳ</strong></span> <span class='ocrx_word' id='word_1_26' title='bbox 484 656 710 719; x_wconf 84' lang='grc' dir='ltr'><em>πάντες</em></span> <span class='ocrx_word' id='word_1_27' title='bbox 757 657 810 708; x_wconf 80' lang='grc' dir='ltr'><strong>οι</strong></span> <span class='ocrx_word' id='word_1_28' title='bbox 866 653 1165 722; x_wconf 64' lang='grc' dir='ltr'><em>προφῆται</em></span> <span class='ocrx_word' id='word_1_29' title='bbox 1194 653 1626 722; x_wconf 79' lang='grc' dir='ltr'><em>μαρτυροῦσιν.</em></span> <span class='ocrx_word' id='word_1_30' title='bbox 1661 654 1817 705; x_wconf 83' lang='grc' dir='ltr'><em>Ὅσοι</em></span> 
     </span>
    </p>
   </div>
   <div class='ocr_carea' id='block_1_7' title="bbox 232 747 1816 820">
    <p class='ocr_par' dir='ltr' id='par_1_7' title="bbox 232 747 1816 820">
     <span class='ocr_line' id='line_1_7' title="bbox 232 747 1816 820; baseline -0.003 -17"><span class='ocrx_word' id='word_1_31' title='bbox 232 752 540 820; x_wconf 73' lang='grc' dir='ltr'><em>προφῆται,</em></span> <span class='ocrx_word' id='word_1_32' title='bbox 570 748 757 817; x_wconf 60' lang='grc' dir='ltr'><em>φησιν.</em></span> <span class='ocrx_word' id='word_1_33' title='bbox 784 747 1054 815; x_wconf 77' lang='grc' dir='ltr'><em>ἐλάλησαν</em></span> <span class='ocrx_word' id='word_1_34' title='bbox 1082 749 1207 817; x_wconf 71' lang='grc' dir='ltr'><em>περὶ</em></span> <span class='ocrx_word' id='word_1_35' title='bbox 1234 747 1521 816; x_wconf 81' lang='grc' dir='ltr'><em>ἁμαρτιῶν</em></span> <span class='ocrx_word' id='word_1_36' title='bbox 1545 747 1816 814; x_wconf 75' lang='grc' dir='ltr'><strong>ἀφέσεως,</strong></span> 
     </span>
    </p>
   </div>
   <div class='ocr_carea' id='block_1_8' title="bbox 234 833 1817 908">
    <p class='ocr_par' dir='ltr' id='par_1_8' title="bbox 234 833 1817 908">
     <span class='ocr_line' id='line_1_8' title="bbox 234 833 1817 908; baseline -0.004 -14"><span class='ocrx_word' id='word_1_37' title='bbox 234 846 292 895; x_wconf 82' lang='grc' dir='ltr'><strong>ὲν</strong></span> <span class='ocrx_word' id='word_1_38' title='bbox 331 841 505 908; x_wconf 70' lang='grc' dir='ltr'><em>τούτῳ</em></span> <span class='ocrx_word' id='word_1_39' title='bbox 536 839 614 908; x_wconf 82' lang='grc' dir='ltr'><em>τῷ</em></span> <span class='ocrx_word' id='word_1_40' title='bbox 649 837 825 905; x_wconf 82' lang='grc' dir='ltr'><strong>Ἰησοῦ</strong></span> <span class='ocrx_word' id='word_1_41' title='bbox 851 833 1006 889; x_wconf 72' lang='grc' dir='ltr'><em>εἷπον</em></span> <span class='ocrx_word' id='word_1_42' title='bbox 1035 838 1203 900; x_wconf 82' lang='grc' dir='ltr'><em>αὐτάς</em></span> <span class='ocrx_word' id='word_1_43' title='bbox 1231 838 1506 904; x_wconf 71' lang='grc' dir='ltr'><em>ἀφεῖσθαι.</em></span> <span class='ocrx_word' id='word_1_44' title='bbox 1539 836 1696 890; x_wconf 72' lang='grc' dir='ltr'><strong>Οὕτω</strong></span> <span class='ocrx_word' id='word_1_45' title='bbox 1726 839 1817 888; x_wconf 72' lang='grc' dir='ltr'><strong>καὶ</strong></span> 
     </span>
    </p>
   </div>
   <div class='ocr_carea' id='block_1_9' title="bbox 242 926 1819 997">
    <p class='ocr_par' dir='ltr' id='par_1_9' title="bbox 242 926 1819 997">
     <span class='ocr_line' id='line_1_9' title="bbox 242 926 1819 997; baseline -0.003 -15"><span class='ocrx_word' id='word_1_46' title='bbox 242 931 478 992; x_wconf 77' lang='grc' dir='ltr'>Ἡσαΐας</span> <span class='ocrx_word' id='word_1_47' title='bbox 504 928 566 980; x_wconf 82' lang='grc' dir='ltr'><em>τὸ</em></span> <span class='ocrx_word' id='word_1_48' title='bbox 609 926 774 980; x_wconf 75' lang='grc' dir='ltr'><em>αὑτοῦ</em></span> <span class='ocrx_word' id='word_1_49' title='bbox 815 928 1084 997; x_wconf 77' lang='grc' dir='ltr'><strong>εἰσφέρων</strong></span> <span class='ocrx_word' id='word_1_50' title='bbox 1115 927 1423 996; x_wconf 84' lang='grc' dir='ltr'><em>πρόσωπον,</em></span> <span class='ocrx_word' id='word_1_51' title='bbox 1456 927 1633 996; x_wconf 75' lang='grc' dir='ltr'><em>λέγει’</em></span> <span class='ocrx_word' id='word_1_52' title='bbox 1672 928 1819 994; x_wconf 63' lang='grc' dir='ltr'><strong>Ἐγώ</strong></span> 
     </span>
    </p>
   </div>
   <div class='ocr_carea' id='block_1_10' title="bbox 232 1019 1820 1089">
    <p class='ocr_par' dir='ltr' id='par_1_10' title="bbox 232 1019 1820 1089">
     <span class='ocr_line' id='line_1_10' title="bbox 232 1019 1820 1089; baseline 0.001 -17"><span class='ocrx_word' id='word_1_53' title='bbox 232 1025 349 1089; x_wconf 77' lang='grc' dir='ltr'><em>εἰμι</em></span> <span class='ocrx_word' id='word_1_54' title='bbox 376 1024 408 1073; x_wconf 85' lang='lat' dir='ltr'><strong>o&#39;</strong></span> <span class='ocrx_word' id='word_1_55' title='bbox 447 1021 786 1087; x_wconf 63' lang='grc' dir='ltr'><em>ἐξαιείφων</em></span> <span class='ocrx_word' id='word_1_56' title='bbox 810 1019 918 1084; x_wconf 88' lang='grc' dir='ltr'><strong>τὰς</strong></span> <span class='ocrx_word' id='word_1_57' title='bbox 947 1020 1236 1088; x_wconf 78' lang='grc' dir='ltr'><em>ἁμαρτίας</em></span> <span class='ocrx_word' id='word_1_58' title='bbox 1257 1036 1375 1074; x_wconf 92' lang='grc' dir='ltr'><strong>σου</strong></span> <span class='ocrx_word' id='word_1_59' title='bbox 1404 1020 1503 1074; x_wconf 76' lang='grc' dir='ltr'><em>καὶ</em></span> <span class='ocrx_word' id='word_1_60' title='bbox 1545 1020 1651 1082; x_wconf 84' lang='grc' dir='ltr'><em>τὰς</em></span> <span class='ocrx_word' id='word_1_61' title='bbox 1679 1020 1820 1074; x_wconf 76' lang='grc' dir='ltr'><em>ἠνο-</em></span> 
     </span>
    </p>
   </div>
   <div class='ocr_carea' id='block_1_11' title="bbox 230 1108 1810 1181">
    <p class='ocr_par' dir='ltr' id='par_1_11' title="bbox 230 1108 1810 1181">
     <span class='ocr_line' id='line_1_11' title="bbox 230 1108 1810 1181; baseline -0.001 -16"><span class='ocrx_word' id='word_1_62' title='bbox 230 1115 375 1181; x_wconf 72' lang='grc' dir='ltr'><em>μίας</em></span> <span class='ocrx_word' id='word_1_63' title='bbox 410 1128 549 1166; x_wconf 88' lang='grc' dir='ltr'><em>σου.</em></span> <span class='ocrx_word' id='word_1_64' title='bbox 578 1112 695 1165; x_wconf 74' lang='grc' dir='ltr'><strong>Οὐκ</strong></span> <span class='ocrx_word' id='word_1_65' title='bbox 742 1108 862 1163; x_wconf 77' lang='grc' dir='ltr'><em>εἶπε</em></span> <span class='ocrx_word' id='word_1_66' title='bbox 909 1111 963 1165; x_wconf 84' lang='grc' dir='ltr'><em>δὲ</em></span> <span class='ocrx_word' id='word_1_67' title='bbox 994 1113 1075 1163; x_wconf 78' lang='grc' dir='ltr'><em>ὅτι</em></span> <span class='ocrx_word' id='word_1_68' title='bbox 1126 1111 1288 1175; x_wconf 80' lang='grc' dir='ltr'><em>αὑτός</em></span> <span class='ocrx_word' id='word_1_69' title='bbox 1319 1113 1464 1165; x_wconf 80' lang='grc' dir='ltr'><em>ἐστιν</em></span> <span class='ocrx_word' id='word_1_70' title='bbox 1497 1114 1524 1165; x_wconf 84' lang='grc' dir='ltr'>ὁ</span> <span class='ocrx_word' id='word_1_71' title='bbox 1566 1111 1691 1174; x_wconf 78' lang='grc' dir='ltr'><strong>Υἱὸς</strong></span> <span class='ocrx_word' id='word_1_72' title='bbox 1717 1113 1810 1164; x_wconf 85' lang='grc' dir='ltr'><strong>τοῦ</strong></span> 
     </span>
    </p>
   </div>
   <div class='ocr_carea' id='block_1_12' title="bbox 234 1201 1811 1272">
    <p class='ocr_par' dir='ltr' id='par_1_12' title="bbox 234 1201 1811 1272">
     <span class='ocr_line' id='line_1_12' title="bbox 234 1201 1811 1272; baseline -0.001 -17"><span class='ocrx_word' id='word_1_73' title='bbox 234 1203 373 1256; x_wconf 72' lang='grc' dir='ltr'><em>Θεοῦ</em></span> <span class='ocrx_word' id='word_1_74' title='bbox 392 1222 404 1233; x_wconf 92' lang='grc'><strong>·</strong></span> <span class='ocrx_word' id='word_1_75' title='bbox 433 1203 551 1256; x_wconf 78' lang='grc' dir='ltr'><em>ἀλλ’</em></span> <span class='ocrx_word' id='word_1_76' title='bbox 584 1203 613 1254; x_wconf 82' lang='grc' dir='ltr'><strong>ὃ</strong></span> <span class='ocrx_word' id='word_1_77' title='bbox 654 1201 853 1272; x_wconf 80' lang='grc' dir='ltr'><em>μᾶλλον</em></span> <span class='ocrx_word' id='word_1_78' title='bbox 882 1202 1082 1264; x_wconf 81' lang='grc' dir='ltr'><em>αὐτοὺς</em></span> <span class='ocrx_word' id='word_1_79' title='bbox 1111 1202 1316 1270; x_wconf 72' lang='grc' dir='ltr'><em>ἐφόϐει,</em></span> <span class='ocrx_word' id='word_1_80' title='bbox 1347 1203 1380 1271; x_wconf 82' lang='grc' dir='ltr'>ἠ</span> <span class='ocrx_word' id='word_1_81' title='bbox 1412 1201 1600 1271; x_wconf 72' lang='grc' dir='ltr'><em>καιρία</em></span> <span class='ocrx_word' id='word_1_82' title='bbox 1642 1219 1811 1255; x_wconf 85' lang='grc' dir='ltr'><em>κατα-</em></span> 
     </span>
    </p>
   </div>
   <div class='ocr_carea' id='block_1_13' title="bbox 237 1289 1808 1365">
    <p class='ocr_par' dir='ltr' id='par_1_13' title="bbox 237 1289 1808 1365">
     <span class='ocr_line' id='line_1_13' title="bbox 237 1289 1808 1365; baseline -0.001 -21"><span class='ocrx_word' id='word_1_83' title='bbox 237 1293 407 1362; x_wconf 77' lang='grc' dir='ltr'><em>σκευὴ</em></span> <span class='ocrx_word' id='word_1_84' title='bbox 437 1293 544 1344; x_wconf 80' lang='grc' dir='ltr'><strong>ἀπὸ</strong></span> <span class='ocrx_word' id='word_1_85' title='bbox 569 1293 679 1346; x_wconf 87' lang='grc' dir='ltr'><em>τῶν</em></span> <span class='ocrx_word' id='word_1_86' title='bbox 708 1292 1006 1362; x_wconf 75' lang='grc' dir='ltr'><strong>προφητῶν</strong></span> <span class='ocrx_word' id='word_1_87' title='bbox 1024 1309 1039 1322; x_wconf 79' lang='grc' dir='ltr'><strong>ο</strong></span> <span class='ocrx_word' id='word_1_88' title='bbox 1073 1293 1317 1362; x_wconf 77' lang='grc' dir='ltr'><strong>μεγάλην</strong></span> <span class='ocrx_word' id='word_1_89' title='bbox 1343 1294 1450 1365; x_wconf 84' lang='grc' dir='ltr'><strong>γὰρ</strong></span> <span class='ocrx_word' id='word_1_90' title='bbox 1471 1293 1631 1356; x_wconf 76' lang='grc' dir='ltr'><em>δόξαν</em></span> <span class='ocrx_word' id='word_1_91' title='bbox 1664 1289 1808 1360; x_wconf 80' lang='grc' dir='ltr'><em>εἶχον</em></span> 
     </span>
    </p>
   </div>
   <div class='ocr_carea' id='block_1_14' title="bbox 234 1383 1812 1454">
    <p class='ocr_par' dir='ltr' id='par_1_14' title="bbox 234 1383 1812 1454">
     <span class='ocr_line' id='line_1_14' title="bbox 234 1383 1812 1454; baseline -0.001 -18"><span class='ocrx_word' id='word_1_92' title='bbox 234 1387 460 1436; x_wconf 77' lang='grc' dir='ltr'><em>ἐκεῖνοι.</em></span> <span class='ocrx_word' id='word_1_93' title='bbox 497 1385 627 1436; x_wconf 89' lang='grc' dir='ltr'><em>Ὀτε</em></span> <span class='ocrx_word' id='word_1_94' title='bbox 661 1383 725 1437; x_wconf 74' lang='grc' dir='ltr'><em>δὲ</em></span> <span class='ocrx_word' id='word_1_95' title='bbox 775 1384 854 1454; x_wconf 82' lang='grc' dir='ltr'><em>τῷ</em></span> <span class='ocrx_word' id='word_1_96' title='bbox 907 1384 1059 1454; x_wconf 74' lang='grc' dir='ltr'><strong>φόϐῳ</strong></span> <span class='ocrx_word' id='word_1_97' title='bbox 1088 1385 1395 1448; x_wconf 74' lang='grc' dir='ltr'><strong>κατέσεισε,</strong></span> <span class='ocrx_word' id='word_1_98' title='bbox 1447 1385 1568 1436; x_wconf 81' lang='grc' dir='ltr'><em>τότε</em></span> <span class='ocrx_word' id='word_1_99' title='bbox 1615 1384 1812 1448; x_wconf 76' lang='grc' dir='ltr'><em>ἐπάγει</em></span> 
     </span>
    </p>
   </div>
   <div class='ocr_carea' id='block_1_15' title="bbox 233 1473 1818 1544">
    <p class='ocr_par' dir='ltr' id='par_1_15' title="bbox 233 1473 1818 1544">
     <span class='ocr_line' id='line_1_15' title="bbox 233 1473 1818 1544; baseline 0.001 -20"><span class='ocrx_word' id='word_1_100' title='bbox 233 1473 331 1542; x_wconf 73' lang='grc' dir='ltr'><strong>τὴν</strong></span> <span class='ocrx_word' id='word_1_101' title='bbox 381 1473 755 1543; x_wconf 81' lang='grc' dir='ltr'><em>συγχώρησιν,</em></span> <span class='ocrx_word' id='word_1_102' title='bbox 783 1475 844 1525; x_wconf 76' lang='grc' dir='ltr'><strong>οὐ</strong></span> <span class='ocrx_word' id='word_1_103' title='bbox 907 1476 1036 1544; x_wconf 80' lang='grc' dir='ltr'><em>παρ’</em></span> <span class='ocrx_word' id='word_1_104' title='bbox 1089 1475 1254 1528; x_wconf 79' lang='grc' dir='ltr'><em>αὑτοῦ</em></span> <span class='ocrx_word' id='word_1_105' title='bbox 1309 1475 1631 1543; x_wconf 82' lang='grc' dir='ltr'><strong>λεγομένην,</strong></span> <span class='ocrx_word' id='word_1_106' title='bbox 1682 1473 1818 1527; x_wconf 80' lang='grc' dir='ltr'><strong>ἀλλὰ</strong></span> 
     </span>
    </p>
   </div>
   <div class='ocr_carea' id='block_1_16' title="bbox 235 1563 1820 1635">
    <p class='ocr_par' dir='ltr' id='par_1_16' title="bbox 235 1563 1820 1635">
     <span class='ocr_line' id='line_1_16' title="bbox 235 1563 1820 1635; baseline 0.004 -22"><span class='ocrx_word' id='word_1_107' title='bbox 235 1563 390 1632; x_wconf 69' lang='grc' dir='ltr'><em>παρὰ</em></span> <span class='ocrx_word' id='word_1_108' title='bbox 418 1563 531 1614; x_wconf 91' lang='grc' dir='ltr'><em>τῶν</em></span> <span class='ocrx_word' id='word_1_109' title='bbox 563 1563 861 1632; x_wconf 76' lang='grc' dir='ltr'><strong>προφητῶν</strong></span> <span class='ocrx_word' id='word_1_110' title='bbox 883 1578 899 1594; x_wconf 70' lang='grc'><strong><em>⁸</em></strong></span> <span class='ocrx_word' id='word_1_111' title='bbox 931 1565 1024 1618; x_wconf 67' lang='grc' dir='ltr'><strong>καὶ</strong></span> <span class='ocrx_word' id='word_1_112' title='bbox 1049 1566 1110 1617; x_wconf 83' lang='grc' dir='ltr'><em>τὸ</em></span> <span class='ocrx_word' id='word_1_113' title='bbox 1143 1565 1244 1635; x_wconf 80' lang='grc' dir='ltr'><em>μὲν</em></span> <span class='ocrx_word' id='word_1_114' title='bbox 1283 1566 1532 1635; x_wconf 72' lang='grc' dir='ltr'><em>φοὸερὺν,</em></span> <span class='ocrx_word' id='word_1_115' title='bbox 1564 1566 1696 1634; x_wconf 83' lang='grc' dir='ltr'><em>παρ’</em></span> <span class='ocrx_word' id='word_1_116' title='bbox 1723 1567 1820 1619; x_wconf 70' lang='grc' dir='ltr'><strong>αὖ·</strong></span> 
     </span>
    </p>
   </div>
   <div class='ocr_carea' id='block_1_17' title="bbox 232 1654 1497 1728">
    <p class='ocr_par' dir='ltr' id='par_1_17' title="bbox 232 1654 1497 1728">
     <span class='ocr_line' id='line_1_17' title="bbox 232 1654 1497 1728; baseline 0.004 -22"><span class='ocrx_word' id='word_1_117' title='bbox 232 1654 330 1707; x_wconf 75' lang='grc' dir='ltr'><strong>τοῦ</strong></span> <span class='ocrx_word' id='word_1_118' title='bbox 351 1695 366 1718; x_wconf 88' lang='grc'><strong>,</strong></span> <span class='ocrx_word' id='word_1_119' title='bbox 407 1656 472 1708; x_wconf 82' lang='grc' dir='ltr'><em>τὸ</em></span> <span class='ocrx_word' id='word_1_120' title='bbox 510 1656 566 1708; x_wconf 81' lang='grc' dir='ltr'><em>δὲ</em></span> <span class='ocrx_word' id='word_1_121' title='bbox 595 1657 829 1726; x_wconf 74' lang='grc' dir='ltr'><em>ἥμερον,</em></span> <span class='ocrx_word' id='word_1_122' title='bbox 862 1657 1012 1728; x_wconf 69' lang='grc' dir='ltr'><em>παρὰ</em></span> <span class='ocrx_word' id='word_1_123' title='bbox 1046 1659 1157 1710; x_wconf 88' lang='grc' dir='ltr'>τῶν</span> <span class='ocrx_word' id='word_1_124' title='bbox 1184 1659 1497 1728; x_wconf 74' lang='grc' dir='ltr'><strong>προφητῶν.</strong></span> 
     </span>
    </p>
   </div>
   <div class='ocr_carea' id='block_1_18' title="bbox 1925 653 3507 725">
    <p class='ocr_par' dir='ltr' id='par_1_18' title="bbox 1925 653 3507 725">
     <span class='ocr_line' id='line_1_18' title="bbox 1925 653 3507 725; baseline 0.003 -19"><span class='ocrx_word' id='word_1_125' title='bbox 1925 653 2132 706; x_wconf 89' lang='lat' dir='ltr'><strong>nullum</strong></span> <span class='ocrx_word' id='word_1_126' title='bbox 2165 654 2360 722; x_wconf 86' lang='lat' dir='ltr'><strong>majus,</strong></span> <span class='ocrx_word' id='word_1_127' title='bbox 2393 671 2552 722; x_wconf 90' lang='lat' dir='ltr'><strong>quam</strong></span> <span class='ocrx_word' id='word_1_128' title='bbox 2590 655 2733 725; x_wconf 83' lang='lat' dir='ltr'><strong>quod</strong></span> <span class='ocrx_word' id='word_1_129' title='bbox 2770 653 3006 708; x_wconf 92' lang='lat' dir='ltr'><strong>comedit</strong></span> <span class='ocrx_word' id='word_1_130' title='bbox 3046 670 3109 708; x_wconf 89' lang='lat' dir='ltr'><strong>ac</strong></span> <span class='ocrx_word' id='word_1_131' title='bbox 3148 654 3302 709; x_wconf 90' lang='lat' dir='ltr'><strong>bibit.</strong></span> <span class='ocrx_word' id='word_1_132' title='bbox 3341 655 3404 708; x_wconf 81' lang='lat' dir='ltr'><strong>Et</strong></span> <span class='ocrx_word' id='word_1_133' title='bbox 3431 669 3507 710; x_wconf 86' lang='lat' dir='ltr'><strong>te-</strong></span> 
     </span>
    </p>
   </div>
   <div class='ocr_carea' id='block_1_19' title="bbox 1925 745 3504 817">
    <p class='ocr_par' dir='ltr' id='par_1_19' title="bbox 1925 745 3504 817">
     <span class='ocr_line' id='line_1_19' title="bbox 1925 745 3504 817; baseline 0.003 -19"><span class='ocrx_word' id='word_1_134' title='bbox 1925 745 2162 813; x_wconf 83' lang='lat' dir='ltr'><strong>stiﬁcari.</strong></span> <span class='ocrx_word' id='word_1_135' title='bbox 2195 746 2494 801; x_wconf 82' lang='lat' dir='ltr'><strong>Testiﬁeari</strong></span> <span class='ocrx_word' id='word_1_136' title='bbox 2518 789 2532 811; x_wconf 92' lang='lat'><strong>,</strong></span> <span class='ocrx_word' id='word_1_137' title='bbox 2565 748 2772 817; x_wconf 89' lang='lat' dir='ltr'><strong>inquit,</strong></span> <span class='ocrx_word' id='word_1_138' title='bbox 2812 748 3010 814; x_wconf 80' lang='lat' dir='ltr'><strong>palam,</strong></span> <span class='ocrx_word' id='word_1_139' title='bbox 3044 761 3111 799; x_wconf 91' lang='lat' dir='ltr'><strong>ne</strong></span> <span class='ocrx_word' id='word_1_140' title='bbox 3153 761 3377 816; x_wconf 90' lang='lat' dir='ltr'><strong>possent</strong></span> <span class='ocrx_word' id='word_1_141' title='bbox 3404 748 3504 802; x_wconf 89' lang='lat' dir='ltr'><strong>de-</strong></span> 
     </span>
    </p>
   </div>
   <div class='ocr_carea' id='block_1_20' title="bbox 1927 837 3504 906">
    <p class='ocr_par' dir='ltr' id='par_1_20' title="bbox 1927 837 3504 906">
     <span class='ocr_line' id='line_1_20' title="bbox 1927 837 3504 906; baseline 0.003 -18"><span class='ocrx_word' id='word_1_142' title='bbox 1927 849 2150 889; x_wconf 86' lang='lat' dir='ltr'><strong>currere</strong></span> <span class='ocrx_word' id='word_1_143' title='bbox 2187 837 2251 890; x_wconf 89' lang='lat' dir='ltr'><strong>ad</strong></span> <span class='ocrx_word' id='word_1_144' title='bbox 2303 838 2684 906; x_wconf 76' lang='lat' dir='ltr'><strong>ignorantiam.</strong></span> <span class='ocrx_word' id='word_1_145' title='bbox 2735 837 2872 890; x_wconf 85' lang='lat' dir='ltr'><strong>Huic</strong></span> <span class='ocrx_word' id='word_1_146' title='bbox 2905 854 3081 890; x_wconf 85' lang='lat' dir='ltr'><strong>omnes</strong></span> <span class='ocrx_word' id='word_1_147' title='bbox 3116 841 3376 905; x_wconf 67' lang='lat' dir='ltr'><strong>propheta’</strong></span> <span class='ocrx_word' id='word_1_148' title='bbox 3415 850 3504 892; x_wconf 82' lang='lat' dir='ltr'><strong>te-</strong></span> 
     </span>
    </p>
   </div>
   <div class='ocr_carea' id='block_1_21' title="bbox 1925 927 3500 998">
    <p class='ocr_par' dir='ltr' id='par_1_21' title="bbox 1925 927 3500 998">
     <span class='ocr_line' id='line_1_21' title="bbox 1925 927 3500 998; baseline 0.002 -17"><span class='ocrx_word' id='word_1_149' title='bbox 1925 928 2227 981; x_wconf 84' lang='lat' dir='ltr'><strong>stimonium</strong></span> <span class='ocrx_word' id='word_1_150' title='bbox 2270 929 2559 994; x_wconf 76' lang='lat' dir='ltr'><strong>perhibent.</strong></span> <span class='ocrx_word' id='word_1_151' title='bbox 2603 927 2925 997; x_wconf 85' lang='lat' dir='ltr'><strong>Quicunque</strong></span> <span class='ocrx_word' id='word_1_152' title='bbox 2966 929 3267 997; x_wconf 74' lang='lat' dir='ltr'><strong>propheta‘,</strong></span> <span class='ocrx_word' id='word_1_153' title='bbox 3305 931 3500 998; x_wconf 86' lang='lat' dir='ltr'><strong>inquit.</strong></span> 
     </span>
    </p>
   </div>
   <div class='ocr_carea' id='block_1_22' title="bbox 1921 1020 3502 1090">
    <p class='ocr_par' dir='ltr' id='par_1_22' title="bbox 1921 1020 3502 1090">
     <span class='ocr_line' id='line_1_22' title="bbox 1921 1020 3502 1090; baseline 0.003 -18"><span class='ocrx_word' id='word_1_154' title='bbox 1921 1020 2084 1074; x_wconf 86' lang='lat' dir='ltr'><strong>locuti</strong></span> <span class='ocrx_word' id='word_1_155' title='bbox 2136 1030 2261 1074; x_wconf 88' lang='lat' dir='ltr'><strong>sunt</strong></span> <span class='ocrx_word' id='word_1_156' title='bbox 2295 1021 2363 1074; x_wconf 88' lang='lat' dir='ltr'><strong>de</strong></span> <span class='ocrx_word' id='word_1_157' title='bbox 2407 1029 2754 1090; x_wconf 77' lang='lat' dir='ltr'><strong>peccaturum</strong></span> <span class='ocrx_word' id='word_1_158' title='bbox 2811 1021 3157 1083; x_wconf 86' lang='lat' dir='ltr'><strong>remissione.</strong></span> <span class='ocrx_word' id='word_1_159' title='bbox 3204 1037 3302 1090; x_wconf 90' lang='lat' dir='ltr'><strong>per</strong></span> <span class='ocrx_word' id='word_1_160' title='bbox 3354 1023 3502 1076; x_wconf 84' lang='lat' dir='ltr'><strong>hunc</strong></span> 
     </span>
    </p>
   </div>
   <div class='ocr_carea' id='block_1_23' title="bbox 1917 1111 3501 1183">
    <p class='ocr_par' dir='ltr' id='par_1_23' title="bbox 1917 1111 3501 1183">
     <span class='ocr_line' id='line_1_23' title="bbox 1917 1111 3501 1183; baseline 0.001 -17"><span class='ocrx_word' id='word_1_161' title='bbox 1917 1111 2100 1166; x_wconf 84' lang='lat' dir='ltr'><strong>Jesum</strong></span> <span class='ocrx_word' id='word_1_162' title='bbox 2143 1113 2401 1166; x_wconf 78' lang='lat' dir='ltr'><strong>dixerunt</strong></span> <span class='ocrx_word' id='word_1_163' title='bbox 2449 1128 2510 1166; x_wconf 89' lang='lat' dir='ltr'><strong>ea</strong></span> <span class='ocrx_word' id='word_1_164' title='bbox 2558 1112 2780 1166; x_wconf 82' lang='lat' dir='ltr'><strong>remitti.</strong></span> <span class='ocrx_word' id='word_1_165' title='bbox 2828 1113 2917 1165; x_wconf 86' lang='lat' dir='ltr'><strong>Sic</strong></span> <span class='ocrx_word' id='word_1_166' title='bbox 2965 1114 3129 1167; x_wconf 85' lang='lat' dir='ltr'><strong>etiam</strong></span> <span class='ocrx_word' id='word_1_167' title='bbox 3174 1112 3342 1166; x_wconf 86' lang='lat' dir='ltr'><strong>Isaias</strong></span> <span class='ocrx_word' id='word_1_168' title='bbox 3385 1115 3501 1183; x_wconf 81' lang='lat' dir='ltr'><strong>ejus</strong></span> 
     </span>
    </p>
   </div>
   <div class='ocr_carea' id='block_1_24' title="bbox 1921 1203 3503 1274">
    <p class='ocr_par' dir='ltr' id='par_1_24' title="bbox 1921 1203 3503 1274">
     <span class='ocr_line' id='line_1_24' title="bbox 1921 1203 3503 1274; baseline 0.001 -19"><span class='ocrx_word' id='word_1_169' title='bbox 1921 1218 2211 1272; x_wconf 79' lang='lat' dir='ltr'><strong>personam</strong></span> <span class='ocrx_word' id='word_1_170' title='bbox 2245 1203 2618 1266; x_wconf 87' lang='lat' dir='ltr'><strong>introdueens,</strong></span> <span class='ocrx_word' id='word_1_171' title='bbox 2661 1203 2737 1256; x_wconf 88' lang='lat' dir='ltr'><strong>ait</strong></span> <span class='ocrx_word' id='word_1_172' title='bbox 2764 1221 2774 1254; x_wconf 92' lang='lat'><strong>:</strong></span> <span class='ocrx_word' id='word_1_173' title='bbox 2813 1203 2921 1271; x_wconf 67' lang='lat' dir='ltr'><strong>lt&#39;go</strong></span> <span class='ocrx_word' id='word_1_174' title='bbox 2949 1221 3063 1256; x_wconf 86' lang='lat' dir='ltr'><strong>smn</strong></span> <span class='ocrx_word' id='word_1_175' title='bbox 3093 1205 3184 1274; x_wconf 96' lang='lat' dir='ltr'><strong>qui</strong></span> <span class='ocrx_word' id='word_1_176' title='bbox 3213 1204 3360 1258; x_wconf 83' lang='lat' dir='ltr'><strong>deleo</strong></span> <span class='ocrx_word' id='word_1_177' title='bbox 3384 1221 3503 1272; x_wconf 76' lang='lat' dir='ltr'><strong>pec-</strong></span> 
     </span>
    </p>
   </div>
   <div class='ocr_carea' id='block_1_25' title="bbox 1914 1293 3501 1365">
    <p class='ocr_par' dir='ltr' id='par_1_25' title="bbox 1914 1293 3501 1365">
     <span class='ocr_line' id='line_1_25' title="bbox 1914 1293 3501 1365; baseline 0.002 -19"><span class='ocrx_word' id='word_1_178' title='bbox 1914 1304 2036 1347; x_wconf 83' lang='lat' dir='ltr'><strong>cata</strong></span> <span class='ocrx_word' id='word_1_179' title='bbox 2075 1304 2163 1346; x_wconf 86' lang='lat' dir='ltr'><strong>tua</strong></span> <span class='ocrx_word' id='word_1_180' title='bbox 2210 1311 2274 1347; x_wconf 84' lang='lat' dir='ltr'><strong>ac</strong></span> <span class='ocrx_word' id='word_1_181' title='bbox 2303 1293 2498 1347; x_wconf 80' lang='lat' dir='ltr'><strong>scelera</strong></span> <span class='ocrx_word' id='word_1_182' title='bbox 2531 1295 2702 1348; x_wconf 79' lang='lat' dir='ltr'><strong>tua&quot;.</strong></span> <span class='ocrx_word' id='word_1_183' title='bbox 2735 1294 2851 1348; x_wconf 89' lang='lat' dir='ltr'><strong>Non</strong></span> <span class='ocrx_word' id='word_1_184' title='bbox 2887 1295 3016 1349; x_wconf 76' lang='lat' dir='ltr'><strong>dixit</strong></span> <span class='ocrx_word' id='word_1_185' title='bbox 3041 1306 3242 1358; x_wconf 88' lang='lat' dir='ltr'><strong>autem,</strong></span> <span class='ocrx_word' id='word_1_186' title='bbox 3273 1295 3387 1365; x_wconf 86' lang='lat' dir='ltr'><strong>Ipse</strong></span> <span class='ocrx_word' id='word_1_187' title='bbox 3417 1306 3501 1349; x_wconf 83' lang='lat' dir='ltr'><strong>est</strong></span> 
     </span>
    </p>
   </div>
   <div class='ocr_carea' id='block_1_26' title="bbox 1912 1386 3500 1455">
    <p class='ocr_par' dir='ltr' id='par_1_26' title="bbox 1912 1386 3500 1455">
     <span class='ocr_line' id='line_1_26' title="bbox 1912 1386 3500 1455; baseline 0 -15"><span class='ocrx_word' id='word_1_188' title='bbox 1912 1386 2079 1440; x_wconf 82' lang='lat' dir='ltr'><strong>Filius</strong></span> <span class='ocrx_word' id='word_1_189' title='bbox 2114 1386 2228 1446; x_wconf 87' lang='lat' dir='ltr'><strong>Dei,</strong></span> <span class='ocrx_word' id='word_1_190' title='bbox 2257 1387 2371 1450; x_wconf 87' lang='lat' dir='ltr'><strong>sed,</strong></span> <span class='ocrx_word' id='word_1_191' title='bbox 2397 1387 2540 1455; x_wconf 92' lang='lat' dir='ltr'><strong>quod</strong></span> <span class='ocrx_word' id='word_1_192' title='bbox 2581 1389 2748 1454; x_wconf 80' lang='lat' dir='ltr'><strong>magis</strong></span> <span class='ocrx_word' id='word_1_193' title='bbox 2777 1404 2871 1441; x_wconf 91' lang='lat' dir='ltr'><strong>eos</strong></span> <span class='ocrx_word' id='word_1_194' title='bbox 2903 1388 3161 1446; x_wconf 84' lang='lat' dir='ltr'><strong>terrebat.</strong></span> <span class='ocrx_word' id='word_1_195' title='bbox 3197 1397 3500 1455; x_wconf 87' lang='lat' dir='ltr'><strong>opportuna</strong></span> 
     </span>
    </p>
   </div>
   <div class='ocr_carea' id='block_1_27' title="bbox 1916 1476 3498 1548">
    <p class='ocr_par' dir='ltr' id='par_1_27' title="bbox 1916 1476 3498 1548">
     <span class='ocr_line' id='line_1_27' title="bbox 1916 1476 3498 1548; baseline -0.001 -19"><span class='ocrx_word' id='word_1_196' title='bbox 1916 1478 2260 1531; x_wconf 81' lang='lat' dir='ltr'><strong>conﬁrmatio</strong></span> <span class='ocrx_word' id='word_1_197' title='bbox 2308 1481 2543 1531; x_wconf 85' lang='lat' dir='ltr'><strong>sumitur</strong></span> <span class='ocrx_word' id='word_1_198' title='bbox 2587 1493 2616 1528; x_wconf 85' lang='lat' dir='ltr'><strong>a</strong></span> <span class='ocrx_word' id='word_1_199' title='bbox 2657 1479 2959 1546; x_wconf 85' lang='lat' dir='ltr'><strong>prophetis.</strong></span> <span class='ocrx_word' id='word_1_200' title='bbox 3007 1479 3064 1531; x_wconf 91' lang='lat' dir='ltr'><strong>In</strong></span> <span class='ocrx_word' id='word_1_201' title='bbox 3113 1493 3306 1548; x_wconf 81' lang='lat' dir='ltr'><strong>magna</strong></span> <span class='ocrx_word' id='word_1_202' title='bbox 3354 1476 3498 1529; x_wconf 88' lang='lat' dir='ltr'><strong>enim</strong></span> 
     </span>
    </p>
   </div>
   <div class='ocr_carea' id='block_1_28' title="bbox 1920 1567 3498 1637">
    <p class='ocr_par' dir='ltr' id='par_1_28' title="bbox 1920 1567 3498 1637">
     <span class='ocr_line' id='line_1_28' title="bbox 1920 1567 3498 1637; baseline -0.001 -17"><span class='ocrx_word' id='word_1_203' title='bbox 1920 1567 1995 1620; x_wconf 83' lang='lat' dir='ltr'><strong>illi</strong></span> <span class='ocrx_word' id='word_1_204' title='bbox 2053 1568 2254 1637; x_wconf 74' lang='lat' dir='ltr'><strong>gloria.</strong></span> <span class='ocrx_word' id='word_1_205' title='bbox 2307 1578 2471 1636; x_wconf 86' lang='lat' dir='ltr'><strong>atque</strong></span> <span class='ocrx_word' id='word_1_206' title='bbox 2524 1568 2926 1620; x_wconf 76' lang='lat' dir='ltr'><strong>existimatione</strong></span> <span class='ocrx_word' id='word_1_207' title='bbox 2973 1578 3150 1621; x_wconf 85' lang='lat' dir='ltr'><strong>erant.</strong></span> <span class='ocrx_word' id='word_1_208' title='bbox 3205 1567 3498 1636; x_wconf 81' lang='lat' dir='ltr'><strong>Postquam</strong></span> 
     </span>
    </p>
   </div>
   <div class='ocr_carea' id='block_1_29' title="bbox 1926 1658 3498 1728">
    <p class='ocr_par' dir='ltr' id='par_1_29' title="bbox 1926 1658 3498 1728">
     <span class='ocr_line' id='line_1_29' title="bbox 1926 1658 3498 1728; baseline -0.001 -18"><span class='ocrx_word' id='word_1_209' title='bbox 1926 1667 2104 1710; x_wconf 86' lang='lat' dir='ltr'><strong>autem</strong></span> <span class='ocrx_word' id='word_1_210' title='bbox 2137 1667 2339 1711; x_wconf 88' lang='lat' dir='ltr'><strong>metum</strong></span> <span class='ocrx_word' id='word_1_211' title='bbox 2371 1658 2437 1711; x_wconf 85' lang='lat' dir='ltr'><strong>iis</strong></span> <span class='ocrx_word' id='word_1_212' title='bbox 2474 1659 2722 1717; x_wconf 83' lang='lat' dir='ltr'><strong>incussit.</strong></span> <span class='ocrx_word' id='word_1_213' title='bbox 2753 1667 2881 1712; x_wconf 88' lang='lat' dir='ltr'><strong>tunc</strong></span> <span class='ocrx_word' id='word_1_214' title='bbox 2910 1658 3187 1728; x_wconf 66' lang='lat' dir='ltr'><strong>subiungit</strong></span> <span class='ocrx_word' id='word_1_215' title='bbox 3218 1658 3498 1711; x_wconf 88' lang='lat' dir='ltr'><strong>condona-</strong></span> 
     </span>
    </p>
   </div>
   <div class='ocr_carea' id='block_1_30' title="bbox 238 1747 3494 1820">
    <p class='ocr_par' dir='ltr' id='par_1_30' title="bbox 238 1747 3494 1820">
     <span class='ocr_line' id='line_1_30' title="bbox 238 1747 3494 1820; baseline 0 -20"><span class='ocrx_word' id='word_1_216' title='bbox 238 1747 481 1814; x_wconf 87' lang='lat' dir='ltr'><strong>tioncm,</strong></span> <span class='ocrx_word' id='word_1_217' title='bbox 522 1764 643 1818; x_wconf 76' lang='lat' dir='ltr'><strong>qnze</strong></span> <span class='ocrx_word' id='word_1_218' title='bbox 683 1765 790 1802; x_wconf 89' lang='lat' dir='ltr'><strong>non</strong></span> <span class='ocrx_word' id='word_1_219' title='bbox 818 1750 888 1804; x_wconf 85' lang='lat' dir='ltr'><strong>ab</strong></span> <span class='ocrx_word' id='word_1_220' title='bbox 922 1750 1039 1819; x_wconf 81' lang='lat' dir='ltr'><strong>ipso</strong></span> <span class='ocrx_word' id='word_1_221' title='bbox 1073 1749 1473 1818; x_wconf 79' lang='lat' dir='ltr'><strong>proferebatur,</strong></span> <span class='ocrx_word' id='word_1_222' title='bbox 1510 1750 1603 1804; x_wconf 91' lang='lat' dir='ltr'><strong>sed</strong></span> <span class='ocrx_word' id='word_1_223' title='bbox 1638 1765 1668 1804; x_wconf 90' lang='lat' dir='ltr'><strong>a</strong></span> <span class='ocrx_word' id='word_1_224' title='bbox 1697 1748 2012 1820; x_wconf 87' lang='lat' dir='ltr'><strong>pr0pltetis:</strong></span> <span class='ocrx_word' id='word_1_225' title='bbox 2059 1765 2122 1803; x_wconf 90' lang='lat' dir='ltr'><strong>ac</strong></span> <span class='ocrx_word' id='word_1_226' title='bbox 2153 1759 2327 1803; x_wconf 89' lang='lat' dir='ltr'><strong>terror</strong></span> <span class='ocrx_word' id='word_1_227' title='bbox 2396 1751 2612 1820; x_wconf 82' lang='lat' dir='ltr'><strong>quidem</strong></span> <span class='ocrx_word' id='word_1_228' title='bbox 2693 1751 2758 1804; x_wconf 86' lang='lat' dir='ltr'><strong>ab</strong></span> <span class='ocrx_word' id='word_1_229' title='bbox 2797 1751 2914 1820; x_wconf 88' lang='lat' dir='ltr'><strong>ipso</strong></span> <span class='ocrx_word' id='word_1_230' title='bbox 2994 1749 3441 1820; x_wconf 73' lang='lat' dir='ltr'><strong>proficiscebatur</strong></span> <span class='ocrx_word' id='word_1_231' title='bbox 3480 1767 3494 1802; x_wconf 88' lang='lat'>:</span> 
     </span>
    </p>
   </div>
   <div class='ocr_carea' id='block_1_31' title="bbox 234 1837 1612 1910">
    <p class='ocr_par' dir='ltr' id='par_1_31' title="bbox 234 1837 1612 1910">
     <span class='ocr_line' id='line_1_31' title="bbox 234 1837 1612 1910; baseline 0.004 -23"><span class='ocrx_word' id='word_1_232' title='bbox 234 1837 378 1906; x_wconf 86' lang='lat' dir='ltr'><strong>quod</strong></span> <span class='ocrx_word' id='word_1_233' title='bbox 413 1845 597 1891; x_wconf 83' lang='lat' dir='ltr'><strong>autem</strong></span> <span class='ocrx_word' id='word_1_234' title='bbox 629 1847 888 1893; x_wconf 84' lang='lat' dir='ltr'><strong>terrorem</strong></span> <span class='ocrx_word' id='word_1_235' title='bbox 922 1840 1220 1909; x_wconf 82' lang='lat' dir='ltr'><strong>mitigabat,</strong></span> <span class='ocrx_word' id='word_1_236' title='bbox 1251 1858 1280 1893; x_wconf 88' lang='lat' dir='ltr'><strong>a</strong></span> <span class='ocrx_word' id='word_1_237' title='bbox 1311 1841 1612 1910; x_wconf 80' lang='lat' dir='ltr'><strong>prophetis.</strong></span> 
     </span>
    </p>
   </div>
   <div class='ocr_carea' id='block_1_32' title="bbox 307 1929 1816 2005">
    <p class='ocr_par' dir='ltr' id='par_1_32' title="bbox 307 1930 1806 2001">
     <span class='ocr_line' id='line_1_32' title="bbox 307 1930 1806 2001; baseline 0.004 -19"><span class='ocrx_word' id='word_1_238' title='bbox 307 1930 440 1983; x_wconf 72' lang='lat' dir='ltr'><strong>&#39;Ett</strong></span> <span class='ocrx_word' id='word_1_239' title='bbox 461 1933 798 1995; x_wconf 77' lang='grc' dir='ltr'><em>λαλοῦντος</em></span> <span class='ocrx_word' id='word_1_240' title='bbox 826 1933 932 1986; x_wconf 87' lang='grc' dir='ltr'><strong>τοῦ</strong></span> <span class='ocrx_word' id='word_1_241' title='bbox 979 1934 1202 2000; x_wconf 79' lang='grc' dir='ltr'><em>Πέτρου</em></span> <span class='ocrx_word' id='word_1_242' title='bbox 1246 1934 1316 1986; x_wconf 82' lang='grc' dir='ltr'><em>τὰ</em></span> <span class='ocrx_word' id='word_1_243' title='bbox 1337 1933 1573 2001; x_wconf 75' lang='grc' dir='ltr'><em>ῥήματα</em></span> <span class='ocrx_word' id='word_1_244' title='bbox 1600 1932 1806 1996; x_wconf 82' lang='grc' dir='ltr'><em>ταῦτα.</em></span> 
     </span>
    </p>
   </div>
   <div class='ocr_carea' id='block_1_33' title="bbox 1920 1929 3499 2005">
    <p class='ocr_par' dir='ltr' id='par_1_33' title="bbox 1983 1929 3499 2005">
     <span class='ocr_line' id='line_1_33' title="bbox 1983 1929 3499 2005; baseline -0.003 -15"><span class='ocrx_word' id='word_1_245' title='bbox 1983 1936 2146 1990; x_wconf 70' lang='lat' dir='ltr'><strong>Vens.</strong></span> <span class='ocrx_word' id='word_1_246' title='bbox 2179 1935 2265 1990; x_wconf 68' lang='grc' dir='ltr'><em>Η.</em></span> <span class='ocrx_word' id='word_1_247' title='bbox 2285 1937 2470 1990; x_wconf 81' lang='lat' dir='ltr'><strong>Adhuc</strong></span> <span class='ocrx_word' id='word_1_248' title='bbox 2495 1938 2790 2005; x_wconf 77' lang='lat' dir='ltr'><strong>proferente</strong></span> <span class='ocrx_word' id='word_1_249' title='bbox 2818 1935 2974 1988; x_wconf 82' lang='lat' dir='ltr'><strong>Petro</strong></span> <span class='ocrx_word' id='word_1_250' title='bbox 2995 1936 3145 1988; x_wconf 80' lang='lat' dir='ltr'><strong>verba</strong></span> <span class='ocrx_word' id='word_1_251' title='bbox 3183 1935 3312 1994; x_wconf 84' lang='lat' dir='ltr'><strong>lucc,</strong></span> <span class='ocrx_word' id='word_1_252' title='bbox 3341 1929 3499 1988; x_wconf 74' lang='lat' dir='ltr'><strong>irrua&quot;</strong></span> 
     </span>
    </p>
   </div>
   <div class='ocr_carea' id='block_1_34' title="bbox 232 2025 1816 2098">
    <p class='ocr_par' dir='ltr' id='par_1_34' title="bbox 232 2025 1816 2098">
     <span class='ocr_line' id='line_1_34' title="bbox 232 2025 1816 2098; baseline 0.003 -21"><span class='ocrx_word' id='word_1_253' title='bbox 232 2025 499 2080; x_wconf 82' lang='grc' dir='ltr'><em>ἐπέπεσε</em></span> <span class='ocrx_word' id='word_1_254' title='bbox 546 2027 613 2080; x_wconf 86' lang='grc' dir='ltr'><em>τὸ</em></span> <span class='ocrx_word' id='word_1_255' title='bbox 667 2028 909 2096; x_wconf 78' lang='grc' dir='ltr'><strong>Πνεῦμα</strong></span> <span class='ocrx_word' id='word_1_256' title='bbox 939 2028 1001 2082; x_wconf 88' lang='grc' dir='ltr'><em>τὸ</em></span> <span class='ocrx_word' id='word_1_257' title='bbox 1055 2029 1226 2098; x_wconf 78' lang='grc' dir='ltr'><em>ἅγιον</em></span> <span class='ocrx_word' id='word_1_258' title='bbox 1254 2029 1351 2082; x_wconf 78' lang='grc' dir='ltr'><strong>ἐπὶ</strong></span> <span class='ocrx_word' id='word_1_259' title='bbox 1397 2028 1629 2094; x_wconf 78' lang='grc' dir='ltr'><strong>πάντας</strong></span> <span class='ocrx_word' id='word_1_260' title='bbox 1676 2029 1816 2094; x_wconf 78' lang='grc' dir='ltr'><em>τοὺς</em></span> 
     </span>
    </p>
   </div>
   <div class='ocr_carea' id='block_1_35' title="bbox 233 2115 956 2184">
    <p class='ocr_par' dir='ltr' id='par_1_35' title="bbox 233 2115 956 2184">
     <span class='ocr_line' id='line_1_35' title="bbox 233 2115 956 2184; baseline 0.01 -18"><span class='ocrx_word' id='word_1_261' title='bbox 233 2115 573 2180; x_wconf 72' lang='grc' dir='ltr'><em>ἀκούοντας</em></span> <span class='ocrx_word' id='word_1_262' title='bbox 604 2116 712 2169; x_wconf 88' lang='grc' dir='ltr'><em>τὸν</em></span> <span class='ocrx_word' id='word_1_263' title='bbox 747 2117 956 2184; x_wconf 69' lang='grc' dir='ltr'><em>λόγον.</em></span> 
     </span>
    </p>
   </div>
   <div class='ocr_carea' id='block_1_36' title="bbox 303 2207 1814 2278">
    <p class='ocr_par' dir='ltr' id='par_1_36' title="bbox 303 2207 1814 2278">
     <span class='ocr_line' id='line_1_36' title="bbox 303 2207 1814 2278; baseline 0.002 -18"><span class='ocrx_word' id='word_1_264' title='bbox 303 2207 416 2260; x_wconf 75' lang='grc' dir='ltr'><strong>Καὶ</strong></span> <span class='ocrx_word' id='word_1_265' title='bbox 461 2207 809 2274; x_wconf 80' lang='grc' dir='ltr'><strong>ἐξέστησαν</strong></span> <span class='ocrx_word' id='word_1_266' title='bbox 855 2213 910 2262; x_wconf 83' lang='grc' dir='ltr'><strong>οι</strong></span> <span class='ocrx_word' id='word_1_267' title='bbox 948 2210 1018 2262; x_wconf 81' lang='grc' dir='ltr'><strong><em>ἐκ</em></strong></span> <span class='ocrx_word' id='word_1_268' title='bbox 1059 2208 1372 2278; x_wconf 76' lang='grc' dir='ltr'><strong>περιτομῆς</strong></span> <span class='ocrx_word' id='word_1_269' title='bbox 1420 2211 1640 2274; x_wconf 70' lang='grc' dir='ltr'><em>πιστοὶ,</em></span> <span class='ocrx_word' id='word_1_270' title='bbox 1682 2209 1814 2263; x_wconf 67' lang='grc' dir='ltr'><em>ὅσοι</em></span> 
     </span>
    </p>
   </div>
   <div class='ocr_carea' id='block_1_37' title="bbox 235 2295 1810 2368">
    <p class='ocr_par' dir='ltr' id='par_1_37' title="bbox 235 2295 1810 2368">
     <span class='ocr_line' id='line_1_37' title="bbox 235 2295 1810 2368; baseline 0.006 -22"><span class='ocrx_word' id='word_1_271' title='bbox 235 2295 556 2362; x_wconf 75' lang='grc' dir='ltr'><em>συνῆλθον</em></span> <span class='ocrx_word' id='word_1_272' title='bbox 584 2297 662 2362; x_wconf 88' lang='grc' dir='ltr'><em>τῷ</em></span> <span class='ocrx_word' id='word_1_273' title='bbox 691 2298 909 2367; x_wconf 80' lang='grc' dir='ltr'><strong>Πέτρῳ,</strong></span> <span class='ocrx_word' id='word_1_274' title='bbox 929 2300 1018 2352; x_wconf 81' lang='grc' dir='ltr'><strong>ὅτι</strong></span> <span class='ocrx_word' id='word_1_275' title='bbox 1047 2302 1143 2352; x_wconf 76' lang='grc' dir='ltr'><em>καὶ</em></span> <span class='ocrx_word' id='word_1_276' title='bbox 1164 2301 1259 2353; x_wconf 78' lang='grc' dir='ltr'><strong>ἐπὶ</strong></span> <span class='ocrx_word' id='word_1_277' title='bbox 1289 2301 1358 2354; x_wconf 79' lang='grc' dir='ltr'><strong>τὰ</strong></span> <span class='ocrx_word' id='word_1_278' title='bbox 1387 2301 1529 2368; x_wconf 78' lang='grc' dir='ltr'><em>ἔθνη</em></span> <span class='ocrx_word' id='word_1_279' title='bbox 1555 2301 1593 2368; x_wconf 72' lang='grc' dir='ltr'><strong><em>ἡ</em></strong></span> <span class='ocrx_word' id='word_1_280' title='bbox 1623 2302 1810 2368; x_wconf 66' lang='grc' dir='ltr'><em>δωρεὰ</em></span> 
     </span>
    </p>
   </div>
   <div class='ocr_carea' id='block_1_38' title="bbox 235 2387 1291 2460">
    <p class='ocr_par' dir='ltr' id='par_1_38' title="bbox 235 2387 1291 2460">
     <span class='ocr_line' id='line_1_38' title="bbox 235 2387 1291 2460; baseline 0.003 -19"><span class='ocrx_word' id='word_1_281' title='bbox 235 2387 343 2442; x_wconf 88' lang='grc' dir='ltr'><strong>τοῦ</strong></span> <span class='ocrx_word' id='word_1_282' title='bbox 375 2389 550 2460; x_wconf 74' lang='grc' dir='ltr'><em>ἁγίου</em></span> <span class='ocrx_word' id='word_1_283' title='bbox 579 2392 925 2458; x_wconf 80' lang='grc' dir='ltr'><em>Πνεύματος</em></span> <span class='ocrx_word' id='word_1_284' title='bbox 947 2393 1291 2460; x_wconf 82' lang='grc' dir='ltr'><strong>ἐκκέχυται.</strong></span> 
     </span>
    </p>
   </div>
   <div class='ocr_carea' id='block_1_39' title="bbox 309 2571 1813 2645">
    <p class='ocr_par' dir='ltr' id='par_1_39' title="bbox 309 2571 1813 2645">
     <span class='ocr_line' id='line_1_39' title="bbox 309 2571 1813 2645; baseline 0.003 -20"><span class='ocrx_word' id='word_1_285' title='bbox 309 2572 579 2625; x_wconf 79' lang='grc' dir='ltr'><strong>Ἤκουον</strong></span> <span class='ocrx_word' id='word_1_286' title='bbox 605 2573 715 2640; x_wconf 71' lang='grc' dir='ltr'><strong>γὰρ</strong></span> <span class='ocrx_word' id='word_1_287' title='bbox 743 2571 944 2628; x_wconf 81' lang='grc' dir='ltr'><em>αὐτῶν</em></span> <span class='ocrx_word' id='word_1_288' title='bbox 975 2576 1328 2628; x_wconf 73' lang='grc' dir='ltr'><em>λαλούντων</em></span> <span class='ocrx_word' id='word_1_289' title='bbox 1358 2577 1679 2645; x_wconf 76' lang='grc' dir='ltr'><strong>γλώσσαις,</strong></span> <span class='ocrx_word' id='word_1_290' title='bbox 1715 2580 1813 2631; x_wconf 80' lang='grc' dir='ltr'><em>καὶ</em></span> 
     </span>
    </p>
   </div>
   <div class='ocr_carea' id='block_1_40' title="bbox 233 2662 1808 2735">
    <p class='ocr_par' dir='ltr' id='par_1_40' title="bbox 233 2662 1808 2735">
     <span class='ocr_line' id='line_1_40' title="bbox 233 2662 1808 2735; baseline 0.006 -25"><span class='ocrx_word' id='word_1_291' title='bbox 233 2662 701 2727; x_wconf 71' lang='grc' dir='ltr'><strong>μεγαλυνόντων</strong></span> <span class='ocrx_word' id='word_1_292' title='bbox 723 2663 827 2716; x_wconf 81' lang='grc' dir='ltr'><em>τὸν</em></span> <span class='ocrx_word' id='word_1_293' title='bbox 847 2665 1015 2717; x_wconf 87' lang='grc' dir='ltr'><em>Θεόν.</em></span> <span class='ocrx_word' id='word_1_294' title='bbox 1041 2665 1177 2718; x_wconf 75' lang='grc' dir='ltr'><em>Τότε</em></span> <span class='ocrx_word' id='word_1_295' title='bbox 1201 2667 1488 2734; x_wconf 78' lang='grc' dir='ltr'><strong>ἀπεκρίθη</strong></span> <span class='ocrx_word' id='word_1_296' title='bbox 1509 2671 1541 2721; x_wconf 82' lang='grc' dir='ltr'><em>ὁ</em></span> <span class='ocrx_word' id='word_1_297' title='bbox 1558 2668 1778 2735; x_wconf 75' lang='grc' dir='ltr'><em>Πέτρος</em></span> <span class='ocrx_word' id='word_1_298' title='bbox 1797 2686 1808 2697; x_wconf 87' lang='grc'><strong>·</strong></span> 
     </span>
    </p>
   </div>
   <div class='ocr_carea' id='block_1_41' title="bbox 307 2752 1812 2826">
    <p class='ocr_par' dir='ltr' id='par_1_41' title="bbox 307 2752 1812 2826">
     <span class='ocr_line' id='line_1_41' title="bbox 307 2752 1812 2826; baseline 0.005 -22"><span class='ocrx_word' id='word_1_299' title='bbox 307 2752 461 2816; x_wconf 73' lang='grc' dir='ltr'><em>Μήτι</em></span> <span class='ocrx_word' id='word_1_300' title='bbox 503 2753 569 2804; x_wconf 87' lang='grc' dir='ltr'><em>τὸ</em></span> <span class='ocrx_word' id='word_1_301' title='bbox 604 2753 760 2821; x_wconf 81' lang='grc' dir='ltr'><em>ὕδωρ</em></span> <span class='ocrx_word' id='word_1_302' title='bbox 788 2755 1057 2808; x_wconf 71' lang='grc' dir='ltr'><em>κωλῦσαι</em></span> <span class='ocrx_word' id='word_1_303' title='bbox 1102 2755 1352 2810; x_wconf 76' lang='grc' dir='ltr'><em>δύναταί</em></span> <span class='ocrx_word' id='word_1_304' title='bbox 1397 2775 1486 2823; x_wconf 88' lang='grc' dir='ltr'><strong>τις</strong></span> <span class='ocrx_word' id='word_1_305' title='bbox 1523 2757 1631 2810; x_wconf 87' lang='grc' dir='ltr'><strong>τοῦ</strong></span> <span class='ocrx_word' id='word_1_306' title='bbox 1656 2759 1740 2826; x_wconf 76' lang='grc' dir='ltr'><strong>μὴ</strong></span> <span class='ocrx_word' id='word_1_307' title='bbox 1769 2761 1812 2790; x_wconf 68' lang='grc'>¹⁸</span> 
     </span>
    </p>
   </div>
   <div class='ocr_carea' id='block_1_42' title="bbox 238 2843 1814 2919">
    <p class='ocr_par' dir='ltr' id='par_1_42' title="bbox 238 2843 1814 2919">
     <span class='ocr_line' id='line_1_42' title="bbox 238 2843 1814 2919; baseline 0.006 -27"><span class='ocrx_word' id='word_1_308' title='bbox 238 2843 646 2912; x_wconf 72' lang='grc' dir='ltr'><em>βαπτισθῆναι</em></span> <span class='ocrx_word' id='word_1_309' title='bbox 670 2847 942 2912; x_wconf 83' lang='grc' dir='ltr'><em>τούτους,</em></span> <span class='ocrx_word' id='word_1_310' title='bbox 963 2848 1178 2914; x_wconf 79' lang='grc' dir='ltr'><em>οἵτινες</em></span> <span class='ocrx_word' id='word_1_311' title='bbox 1206 2849 1271 2901; x_wconf 86' lang='grc' dir='ltr'><em>τὸ</em></span> <span class='ocrx_word' id='word_1_312' title='bbox 1291 2848 1528 2916; x_wconf 72' lang='grc' dir='ltr'><em>Πνεῦμα</em></span> <span class='ocrx_word' id='word_1_313' title='bbox 1551 2849 1616 2902; x_wconf 84' lang='grc' dir='ltr'><em>τὸ</em></span> <span class='ocrx_word' id='word_1_314' title='bbox 1643 2849 1814 2919; x_wconf 67' lang='grc' dir='ltr'><em>ἅγιον</em></span> 
     </span>
    </p>
   </div>
   <div class='ocr_carea' id='block_1_43' title="bbox 239 2933 1072 3006">
    <p class='ocr_par' dir='ltr' id='par_1_43' title="bbox 239 2933 1072 3006">
     <span class='ocr_line' id='line_1_43' title="bbox 239 2933 1072 3006; baseline 0.023 -23"><span class='ocrx_word' id='word_1_315' title='bbox 239 2933 481 2998; x_wconf 75' lang='grc' dir='ltr'><em>ἔλαϐον,</em></span> <span class='ocrx_word' id='word_1_316' title='bbox 515 2936 710 3002; x_wconf 83' lang='grc' dir='ltr'><em>καθὼς</em></span> <span class='ocrx_word' id='word_1_317' title='bbox 741 2939 837 2990; x_wconf 74' lang='grc' dir='ltr'><em>καὶ</em></span> <span class='ocrx_word' id='word_1_318' title='bbox 866 2938 1031 3006; x_wconf 78' lang='grc' dir='ltr'><em>ἡμεῖς</em></span> <span class='ocrx_word' id='word_1_319' title='bbox 1054 2955 1072 3002; x_wconf 73' lang='grc' dir='ltr'>ἱ</span> 
     </span>
    </p>
   </div>
   <div class='ocr_carea' id='block_1_44' title="bbox 310 3026 1810 3097">
    <p class='ocr_par' dir='ltr' id='par_1_44' title="bbox 310 3026 1810 3097">
     <span class='ocr_line' id='line_1_44' title="bbox 310 3026 1810 3097; baseline 0.004 -20"><span class='ocrx_word' id='word_1_320' title='bbox 310 3026 656 3093; x_wconf 76' lang='grc' dir='ltr'><em>Προσέταξέ</em></span> <span class='ocrx_word' id='word_1_321' title='bbox 688 3043 750 3081; x_wconf 84' lang='grc' dir='ltr'><strong>τε</strong></span> <span class='ocrx_word' id='word_1_322' title='bbox 774 3028 997 3093; x_wconf 79' lang='grc' dir='ltr'><em>αὐτοὺς</em></span> <span class='ocrx_word' id='word_1_323' title='bbox 1033 3029 1447 3097; x_wconf 77' lang='grc' dir='ltr'><em>βαπτισθῆναι</em></span> <span class='ocrx_word' id='word_1_324' title='bbox 1476 3029 1545 3082; x_wconf 85' lang='grc' dir='ltr'><em>ἐν</em></span> <span class='ocrx_word' id='word_1_325' title='bbox 1568 3029 1647 3094; x_wconf 84' lang='grc' dir='ltr'><em>τῷ</em></span> <span class='ocrx_word' id='word_1_326' title='bbox 1677 3031 1810 3083; x_wconf 76' lang='grc' dir='ltr'><strong>ὀνο-</strong></span> 
     </span>
    </p>
   </div>
   <div class='ocr_carea' id='block_1_45' title="bbox 235 3117 1813 3191">
    <p class='ocr_par' dir='ltr' id='par_1_45' title="bbox 235 3117 1813 3191">
     <span class='ocr_line' id='line_1_45' title="bbox 235 3117 1813 3191; baseline 0.005 -23"><span class='ocrx_word' id='word_1_327' title='bbox 235 3133 375 3182; x_wconf 80' lang='grc' dir='ltr'><em>μστι</em></span> <span class='ocrx_word' id='word_1_328' title='bbox 403 3117 511 3171; x_wconf 87' lang='grc' dir='ltr'><strong>τοῦ</strong></span> <span class='ocrx_word' id='word_1_329' title='bbox 536 3120 756 3186; x_wconf 70' lang='grc' dir='ltr'><em>Κυρίου</em></span> <span class='ocrx_word' id='word_1_330' title='bbox 795 3120 999 3187; x_wconf 82' lang='grc' dir='ltr'><strong>Ἰησοῦ</strong></span> <span class='ocrx_word' id='word_1_331' title='bbox 1019 3121 1082 3176; x_wconf 74' lang='grc'><strong>’⁸.</strong></span> <span class='ocrx_word' id='word_1_332' title='bbox 1115 3123 1248 3176; x_wconf 79' lang='grc' dir='ltr'><em>Τότε</em></span> <span class='ocrx_word' id='word_1_333' title='bbox 1284 3122 1604 3191; x_wconf 77' lang='grc' dir='ltr'><strong>ἠρώτησαν</strong></span> <span class='ocrx_word' id='word_1_334' title='bbox 1628 3121 1813 3176; x_wconf 83' lang='grc' dir='ltr'><em>αὐτὸν</em></span> 
     </span>
    </p>
   </div>
   <div class='ocr_carea' id='block_1_46' title="bbox 238 3207 1000 3278">
    <p class='ocr_par' dir='ltr' id='par_1_46' title="bbox 238 3207 1000 3278">
     <span class='ocr_line' id='line_1_46' title="bbox 238 3207 1000 3278; baseline 0.007 -20"><span class='ocrx_word' id='word_1_335' title='bbox 238 3207 530 3276; x_wconf 73' lang='grc' dir='ltr'><em>ἐπιμεῖναι</em></span> <span class='ocrx_word' id='word_1_336' title='bbox 564 3207 786 3278; x_wconf 76' lang='grc' dir='ltr'><em>ἡμέρας</em></span> <span class='ocrx_word' id='word_1_337' title='bbox 815 3211 1000 3276; x_wconf 78' lang='grc' dir='ltr'><em>τινάς.</em></span> 
     </span>
    </p>
   </div>
   <div class='ocr_carea' id='block_1_47' title="bbox 832 3305 1316 3359">
    <p class='ocr_par' dir='ltr' id='par_1_47' title="bbox 832 3305 1316 3359">
     <span class='ocr_line' id='line_1_47' title="bbox 832 3305 1316 3359; baseline 0.004 -1"><span class='ocrx_word' id='word_1_338' title='bbox 832 3306 1057 3358; x_wconf 67' lang='grc' dir='ltr'><strong>ΚΕΦΛΑ</strong></span> <span class='ocrx_word' id='word_1_339' title='bbox 1069 3345 1080 3356; x_wconf 96' lang='grc'><strong>.</strong></span> <span class='ocrx_word' id='word_1_340' title='bbox 1123 3305 1226 3359; x_wconf 76' lang='lat' dir='ltr'><strong>IA&#39;.</strong></span> <span class='ocrx_word' id='word_1_341' title='bbox 1309 3305 1316 3312; x_wconf 79' lang='grc'><strong>’</strong></span> 
     </span>
    </p>
   </div>
   <div class='ocr_carea' id='block_1_48' title="bbox 313 3393 1811 3463">
    <p class='ocr_par' dir='ltr' id='par_1_48' title="bbox 313 3393 1811 3463">
     <span class='ocr_line' id='line_1_48' title="bbox 313 3393 1811 3463; baseline 0.001 -16"><span class='ocrx_word' id='word_1_342' title='bbox 313 3394 622 3447; x_wconf 76' lang='grc' dir='ltr'><em>Ἤκουσαν</em></span> <span class='ocrx_word' id='word_1_343' title='bbox 650 3393 718 3446; x_wconf 79' lang='grc' dir='ltr'><em>δὲ</em></span> <span class='ocrx_word' id='word_1_344' title='bbox 746 3397 800 3448; x_wconf 82' lang='lat' dir='ltr'><strong>ol</strong></span> <span class='ocrx_word' id='word_1_345' title='bbox 846 3396 1175 3448; x_wconf 66' lang='grc' dir='ltr'><em>ἀπόστολοι</em></span> <span class='ocrx_word' id='word_1_346' title='bbox 1216 3393 1311 3447; x_wconf 74' lang='grc' dir='ltr'><em>καὶ</em></span> <span class='ocrx_word' id='word_1_347' title='bbox 1342 3397 1395 3448; x_wconf 80' lang='lat' dir='ltr'><strong>ol</strong></span> <span class='ocrx_word' id='word_1_348' title='bbox 1442 3395 1694 3463; x_wconf 62' lang='grc' dir='ltr'><em>ἀδελφοὶ</em></span> <span class='ocrx_word' id='word_1_349' title='bbox 1758 3397 1811 3449; x_wconf 85' lang='grc' dir='ltr'><em>οι</em></span> 
     </span>
    </p>
   </div>
   <div class='ocr_carea' id='block_1_49' title="bbox 239 3484 1815 3554">
    <p class='ocr_par' dir='ltr' id='par_1_49' title="bbox 239 3484 1815 3554">
     <span class='ocr_line' id='line_1_49' title="bbox 239 3484 1815 3554; baseline 0.002 -19"><span class='ocrx_word' id='word_1_350' title='bbox 239 3484 411 3548; x_wconf 75' lang='grc' dir='ltr'><em>ὄντες</em></span> <span class='ocrx_word' id='word_1_351' title='bbox 438 3486 588 3537; x_wconf 84' lang='grc' dir='ltr'><em>κατὰ</em></span> <span class='ocrx_word' id='word_1_352' title='bbox 613 3484 730 3552; x_wconf 76' lang='grc' dir='ltr'><em>τὴν</em></span> <span class='ocrx_word' id='word_1_353' title='bbox 765 3485 1086 3546; x_wconf 75' lang='grc' dir='ltr'><em>Ἰουδαίαν,</em></span> <span class='ocrx_word' id='word_1_354' title='bbox 1123 3485 1213 3538; x_wconf 82' lang='grc' dir='ltr'><strong>ὅτι</strong></span> <span class='ocrx_word' id='word_1_355' title='bbox 1250 3485 1348 3539; x_wconf 75' lang='grc' dir='ltr'><em>καὶ</em></span> <span class='ocrx_word' id='word_1_356' title='bbox 1386 3485 1458 3538; x_wconf 88' lang='grc' dir='ltr'><em>τὰ</em></span> <span class='ocrx_word' id='word_1_357' title='bbox 1506 3486 1650 3554; x_wconf 78' lang='grc' dir='ltr'><em>ἔθνη</em></span> <span class='ocrx_word' id='word_1_358' title='bbox 1690 3485 1815 3540; x_wconf 84' lang='grc' dir='ltr'><em>ἐδέ-</em></span> 
     </span>
    </p>
   </div>
   <div class='ocr_carea' id='block_1_50' title="bbox 237 3573 1097 3642">
    <p class='ocr_par' dir='ltr' id='par_1_50' title="bbox 237 3573 1097 3642">
     <span class='ocr_line' id='line_1_50' title="bbox 237 3573 1097 3642; baseline 0.005 -16"><span class='ocrx_word' id='word_1_359' title='bbox 237 3573 423 3638; x_wconf 80' lang='grc' dir='ltr'><em>ξαντο</em></span> <span class='ocrx_word' id='word_1_360' title='bbox 451 3575 560 3628; x_wconf 82' lang='grc' dir='ltr'><em>τὸν</em></span> <span class='ocrx_word' id='word_1_361' title='bbox 582 3577 770 3642; x_wconf 65' lang='grc' dir='ltr'><em>λόγον</em></span> <span class='ocrx_word' id='word_1_362' title='bbox 797 3577 903 3630; x_wconf 92' lang='grc' dir='ltr'><strong>τοῦ</strong></span> <span class='ocrx_word' id='word_1_363' title='bbox 929 3576 1097 3630; x_wconf 88' lang='grc' dir='ltr'><em>Θεοῦ.</em></span> 
     </span>
    </p>
   </div>
   <div class='ocr_carea' id='block_1_51' title="bbox 306 3664 1813 3738">
    <p class='ocr_par' dir='ltr' id='par_1_51' title="bbox 306 3664 1813 3738">
     <span class='ocr_line' id='line_1_51' title="bbox 306 3664 1813 3738; baseline 0.003 -22"><span class='ocrx_word' id='word_1_364' title='bbox 306 3665 418 3716; x_wconf 82' lang='grc' dir='ltr'><strong>Θέα</strong></span> <span class='ocrx_word' id='word_1_365' title='bbox 452 3664 548 3717; x_wconf 88' lang='grc' dir='ltr'><strong>τοῦ</strong></span> <span class='ocrx_word' id='word_1_366' title='bbox 586 3665 724 3718; x_wconf 83' lang='grc' dir='ltr'><em>Θεοῦ</em></span> <span class='ocrx_word' id='word_1_367' title='bbox 767 3665 865 3735; x_wconf 75' lang='grc' dir='ltr'><em>τὴν</em></span> <span class='ocrx_word' id='word_1_368' title='bbox 889 3666 1220 3734; x_wconf 71' lang='grc' dir='ltr'><em>οἰκονομξαν.</em></span> <span class='ocrx_word' id='word_1_369' title='bbox 1255 3668 1367 3720; x_wconf 78' lang='grc' dir='ltr'><strong>Οὐκ</strong></span> <span class='ocrx_word' id='word_1_370' title='bbox 1401 3669 1610 3738; x_wconf 71' lang='grc' dir='ltr'><strong>ἀφῆκεν</strong></span> <span class='ocrx_word' id='word_1_371' title='bbox 1632 3669 1813 3738; x_wconf 80' lang='grc' dir='ltr'><strong>ἀπαρ-</strong></span> 
     </span>
    </p>
   </div>
   <div class='ocr_carea' id='block_1_52' title="bbox 237 3755 1812 3830">
    <p class='ocr_par' dir='ltr' id='par_1_52' title="bbox 237 3755 1812 3830">
     <span class='ocr_line' id='line_1_52' title="bbox 237 3755 1812 3830; baseline 0.004 -24"><span class='ocrx_word' id='word_1_372' title='bbox 237 3755 487 3824; x_wconf 79' lang='grc' dir='ltr'><em>τισθῆναι</em></span> <span class='ocrx_word' id='word_1_373' title='bbox 514 3755 606 3809; x_wconf 79' lang='grc' dir='ltr'><em>τὸν</em></span> <span class='ocrx_word' id='word_1_374' title='bbox 621 3755 796 3823; x_wconf 84' lang='grc' dir='ltr'><em>λόγον,</em></span> <span class='ocrx_word' id='word_1_375' title='bbox 818 3757 937 3809; x_wconf 78' lang='grc' dir='ltr'><em>οὐδὲ</em></span> <span class='ocrx_word' id='word_1_376' title='bbox 963 3758 1026 3809; x_wconf 81' lang='grc' dir='ltr'><strong>ὲκ</strong></span> <span class='ocrx_word' id='word_1_377' title='bbox 1048 3759 1468 3826; x_wconf 71' lang='grc' dir='ltr'><strong>⁴σροστὰ.γμ.‹ιτος</strong></span> <span class='ocrx_word' id='word_1_378' title='bbox 1497 3759 1590 3812; x_wconf 88' lang='grc' dir='ltr'><strong>τοῦ</strong></span> <span class='ocrx_word' id='word_1_379' title='bbox 1607 3761 1812 3830; x_wconf 77' lang='grc' dir='ltr'><em>Πέτρου</em></span> 
     </span>
    </p>
   </div>
   <div class='ocr_carea' id='block_1_53' title="bbox 240 3845 1815 3918">
    <p class='ocr_par' dir='ltr' id='par_1_53' title="bbox 240 3845 1815 3918">
     <span class='ocr_line' id='line_1_53' title="bbox 240 3845 1815 3918; baseline 0.004 -21"><span class='ocrx_word' id='word_1_380' title='bbox 240 3845 496 3911; x_wconf 65' lang='grc' dir='ltr'><em>γενέσθαι</em></span> <span class='ocrx_word' id='word_1_381' title='bbox 543 3846 605 3898; x_wconf 82' lang='grc' dir='ltr'><em>τὸ</em></span> <span class='ocrx_word' id='word_1_382' title='bbox 659 3847 978 3916; x_wconf 85' lang='grc' dir='ltr'><em>βάπτισμα⁹</em></span> <span class='ocrx_word' id='word_1_383' title='bbox 1027 3848 1144 3900; x_wconf 79' lang='grc' dir='ltr'><em>ἀλλ’</em></span> <span class='ocrx_word' id='word_1_384' title='bbox 1195 3849 1379 3917; x_wconf 78' lang='grc' dir='ltr'><em>ἐπειδὴ</em></span> <span class='ocrx_word' id='word_1_385' title='bbox 1429 3849 1528 3918; x_wconf 78' lang='grc' dir='ltr'><em>τὴν</em></span> <span class='ocrx_word' id='word_1_386' title='bbox 1577 3851 1815 3903; x_wconf 81' lang='grc' dir='ltr'><em>διάνοιαν</em></span> 
     </span>
    </p>
   </div>
   <div class='ocr_carea' id='block_1_54' title="bbox 239 3931 1814 4008">
    <p class='ocr_par' dir='ltr' id='par_1_54' title="bbox 239 3931 1814 4008">
     <span class='ocr_line' id='line_1_54' title="bbox 239 3931 1814 4008; baseline 0.002 -20"><span class='ocrx_word' id='word_1_387' title='bbox 239 3935 419 3988; x_wconf 67' lang='grc' dir='ltr'><em>αὐτῶν</em></span> <span class='ocrx_word' id='word_1_388' title='bbox 467 3931 574 4008; x_wconf 78' lang='grc' dir='ltr'><em>εἶδε</em></span> <span class='ocrx_word' id='word_1_389' title='bbox 623 3937 945 4005; x_wconf 78' lang='grc' dir='ltr'><em>θαυμαστὴν</em></span> <span class='ocrx_word' id='word_1_390' title='bbox 991 3933 1174 4001; x_wconf 74' lang='grc' dir='ltr'><em>οὖσαν,</em></span> <span class='ocrx_word' id='word_1_391' title='bbox 1206 3937 1432 4007; x_wconf 78' lang='grc' dir='ltr'><em>καὶτῆς</em></span> <span class='ocrx_word' id='word_1_392' title='bbox 1469 3938 1814 4002; x_wconf 75' lang='grc' dir='ltr'><strong>διδασκαλίας</strong></span> 
     </span>
    </p>
   </div>
   <div class='ocr_carea' id='block_1_55' title="bbox 238 4026 1814 4098">
    <p class='ocr_par' dir='ltr' id='par_1_55' title="bbox 238 4026 1814 4098">
     <span class='ocr_line' id='line_1_55' title="bbox 238 4026 1814 4098; baseline 0.002 -19"><span class='ocrx_word' id='word_1_393' title='bbox 238 4027 379 4094; x_wconf 80' lang='grc' dir='ltr'><strong>ἀρχὴ</strong></span> <span class='ocrx_word' id='word_1_394' title='bbox 405 4026 619 4093; x_wconf 78' lang='grc' dir='ltr'><em>γέγονε,</em></span> <span class='ocrx_word' id='word_1_395' title='bbox 639 4026 734 4078; x_wconf 77' lang='grc' dir='ltr'><strong>καὶ</strong></span> <span class='ocrx_word' id='word_1_396' title='bbox 753 4026 1080 4080; x_wconf 70' lang='grc' dir='ltr'><em>ἐπίστευσαν</em></span> <span class='ocrx_word' id='word_1_397' title='bbox 1104 4028 1186 4079; x_wconf 80' lang='grc' dir='ltr'><em>ὅτι</em></span> <span class='ocrx_word' id='word_1_398' title='bbox 1213 4027 1427 4091; x_wconf 85' lang='grc' dir='ltr'><em>πάντως</em></span> <span class='ocrx_word' id='word_1_399' title='bbox 1449 4028 1507 4080; x_wconf 76' lang='grc' dir='ltr'><em>τὸ</em></span> <span class='ocrx_word' id='word_1_400' title='bbox 1531 4029 1814 4098; x_wconf 78' lang='grc' dir='ltr'><strong>βάπτισμα</strong></span> 
     </span>
    </p>
   </div>
   <div class='ocr_carea' id='block_1_56' title="bbox 239 4115 1812 4189">
    <p class='ocr_par' dir='ltr' id='par_1_56' title="bbox 239 4115 1812 4189">
     <span class='ocr_line' id='line_1_56' title="bbox 239 4115 1812 4189; baseline 0.004 -22"><span class='ocrx_word' id='word_1_401' title='bbox 239 4115 434 4182; x_wconf 71' lang='grc' dir='ltr'><em>ἄφεσίς</em></span> <span class='ocrx_word' id='word_1_402' title='bbox 489 4117 638 4168; x_wconf 73' lang='grc' dir='ltr'><em>ἐστιν</em></span> <span class='ocrx_word' id='word_1_403' title='bbox 687 4116 992 4186; x_wconf 83' lang='grc' dir='ltr'><em>ἁμαρτιῶν,</em></span> <span class='ocrx_word' id='word_1_404' title='bbox 1026 4117 1147 4170; x_wconf 82' lang='grc' dir='ltr'><em>τότε</em></span> <span class='ocrx_word' id='word_1_405' title='bbox 1205 4118 1405 4188; x_wconf 76' lang='grc' dir='ltr'><em>ἐπῆλθε</em></span> <span class='ocrx_word' id='word_1_406' title='bbox 1455 4120 1516 4172; x_wconf 83' lang='grc' dir='ltr'><em>τὸ</em></span> <span class='ocrx_word' id='word_1_407' title='bbox 1569 4119 1812 4189; x_wconf 77' lang='grc' dir='ltr'><em>Πνεῦμα.</em></span> 
     </span>
    </p>
   </div>
   <div class='ocr_carea' id='block_1_57' title="bbox 251 4203 1817 4277">
    <p class='ocr_par' dir='ltr' id='par_1_57' title="bbox 251 4203 1817 4277">
     <span class='ocr_line' id='line_1_57' title="bbox 251 4203 1817 4277; baseline 0.004 -21"><span class='ocrx_word' id='word_1_408' title='bbox 251 4204 414 4256; x_wconf 60' lang='lat' dir='ltr'><strong>ama</strong></span> <span class='ocrx_word' id='word_1_409' title='bbox 442 4204 538 4257; x_wconf 74' lang='grc' dir='ltr'><strong>καὶ</strong></span> <span class='ocrx_word' id='word_1_410' title='bbox 570 4203 842 4270; x_wconf 80' lang='grc' dir='ltr'><strong>γλώσσαις</strong></span> <span class='ocrx_word' id='word_1_411' title='bbox 897 4205 1138 4270; x_wconf 75' lang='grc' dir='ltr'><strong>ἐλάλουν,</strong></span> <span class='ocrx_word' id='word_1_412' title='bbox 1168 4207 1305 4277; x_wconf 80' lang='grc' dir='ltr'><em>ὅπερ</em></span> <span class='ocrx_word' id='word_1_413' title='bbox 1359 4207 1652 4277; x_wconf 79' lang='grc' dir='ltr'><em>ἐξέπληττε</em></span> <span class='ocrx_word' id='word_1_414' title='bbox 1692 4212 1817 4274; x_wconf 73' lang='grc' dir='ltr'><em>τοὺς</em></span> 
     </span>
    </p>
   </div>
   <div class='ocr_carea' id='block_1_58' title="bbox 240 4293 1816 4365">
    <p class='ocr_par' dir='ltr' id='par_1_58' title="bbox 240 4293 1816 4365">
     <span class='ocr_line' id='line_1_58' title="bbox 240 4293 1816 4365; baseline 0.004 -19"><span class='ocrx_word' id='word_1_415' title='bbox 240 4293 599 4358; x_wconf 81' lang='grc' dir='ltr'><em>συνελθόντας</em></span> <span class='ocrx_word' id='word_1_416' title='bbox 619 4310 633 4325; x_wconf 91' lang='grc'><strong>·</strong></span> <span class='ocrx_word' id='word_1_417' title='bbox 663 4293 1178 4364; x_wconf 80' lang='grc' dir='ltr'><em>προοικονομοῦντος</em></span> <span class='ocrx_word' id='word_1_418' title='bbox 1208 4298 1272 4348; x_wconf 82' lang='grc' dir='ltr'><strong>ὲκ</strong></span> <span class='ocrx_word' id='word_1_419' title='bbox 1301 4298 1490 4350; x_wconf 76' lang='grc' dir='ltr'><em>τούτου</em></span> <span class='ocrx_word' id='word_1_420' title='bbox 1521 4299 1816 4365; x_wconf 77' lang='grc' dir='ltr'><strong>ἀπολογίαν</strong></span> 
     </span>
    </p>
   </div>
   <div class='ocr_carea' id='block_1_59' title="bbox 241 4386 1817 4458">
    <p class='ocr_par' dir='ltr' id='par_1_59' title="bbox 241 4386 1817 4458">
     <span class='ocr_line' id='line_1_59' title="bbox 241 4386 1817 4458; baseline 0.004 -19"><span class='ocrx_word' id='word_1_421' title='bbox 241 4387 493 4456; x_wconf 79' lang='grc' dir='ltr'><em>μεγάλην</em></span> <span class='ocrx_word' id='word_1_422' title='bbox 519 4387 597 4456; x_wconf 84' lang='grc' dir='ltr'><em>τῷ</em></span> <span class='ocrx_word' id='word_1_423' title='bbox 622 4387 812 4455; x_wconf 81' lang='grc' dir='ltr'><em>Πέτρῳ</em></span> <span class='ocrx_word' id='word_1_424' title='bbox 840 4386 932 4439; x_wconf 86' lang='grc' dir='ltr'><strong>τοῦ</strong></span> <span class='ocrx_word' id='word_1_425' title='bbox 981 4387 1137 4440; x_wconf 83' lang='grc' dir='ltr'><em>Θεοῦ.</em></span> <span class='ocrx_word' id='word_1_426' title='bbox 1166 4389 1318 4455; x_wconf 79' lang='grc' dir='ltr'><em>Μήτι</em></span> <span class='ocrx_word' id='word_1_427' title='bbox 1350 4390 1415 4441; x_wconf 85' lang='grc' dir='ltr'><em>τὸ</em></span> <span class='ocrx_word' id='word_1_428' title='bbox 1448 4388 1605 4458; x_wconf 85' lang='grc' dir='ltr'><em>ὕδωρ</em></span> <span class='ocrx_word' id='word_1_429' title='bbox 1630 4392 1817 4444; x_wconf 71' lang='grc' dir='ltr'><em>κωλῦ-</em></span> 
     </span>
    </p>
   </div>
   <div class='ocr_carea' id='block_1_60' title="bbox 237 4472 1818 4541">
    <p class='ocr_par' dir='ltr' id='par_1_60' title="bbox 237 4472 1818 4541">
     <span class='ocr_line' id='line_1_60' title="bbox 237 4472 1818 4541; baseline 0 -13"><span class='ocrx_word' id='word_1_430' title='bbox 237 4491 344 4528; x_wconf 84' lang='grc' dir='ltr'><strong>σαι</strong></span> <span class='ocrx_word' id='word_1_431' title='bbox 373 4475 623 4527; x_wconf 77' lang='grc' dir='ltr'><em>δύναται</em></span> <span class='ocrx_word' id='word_1_432' title='bbox 655 4473 762 4526; x_wconf 83' lang='grc' dir='ltr'><strong>τοῦ</strong></span> <span class='ocrx_word' id='word_1_433' title='bbox 801 4474 887 4541; x_wconf 79' lang='grc' dir='ltr'><em>μὴ</em></span> <span class='ocrx_word' id='word_1_434' title='bbox 921 4472 1337 4540; x_wconf 79' lang='grc' dir='ltr'><em>βαπτισθῆναι</em></span> <span class='ocrx_word' id='word_1_435' title='bbox 1379 4475 1673 4539; x_wconf 86' lang='grc' dir='ltr'><em>τούτους;</em></span> <span class='ocrx_word' id='word_1_436' title='bbox 1707 4475 1818 4528; x_wconf 74' lang='grc' dir='ltr'><strong>Καὶ</strong></span> 
     </span>
    </p>
   </div>
   <div class='ocr_carea' id='block_1_61' title="bbox 237 4558 1816 4634">
    <p class='ocr_par' dir='ltr' id='par_1_61' title="bbox 237 4558 1816 4634">
     <span class='ocr_line' id='line_1_61' title="bbox 237 4558 1816 4634; baseline 0.001 -18"><span class='ocrx_word' id='word_1_437' title='bbox 237 4564 322 4627; x_wconf 80' lang='grc' dir='ltr'><em>τίς</em></span> <span class='ocrx_word' id='word_1_438' title='bbox 378 4558 450 4632; x_wconf 75' lang='grc' dir='ltr'><strong>ἦν</strong></span> <span class='ocrx_word' id='word_1_439' title='bbox 492 4565 525 4633; x_wconf 78' lang='grc' dir='ltr'>ἡ</span> <span class='ocrx_word' id='word_1_440' title='bbox 567 4562 660 4615; x_wconf 88' lang='grc' dir='ltr'><strong>τοῦ</strong></span> <span class='ocrx_word' id='word_1_441' title='bbox 717 4562 910 4626; x_wconf 79' lang='grc' dir='ltr'><em>ὓδατος</em></span> <span class='ocrx_word' id='word_1_442' title='bbox 936 4563 1116 4632; x_wconf 80' lang='grc' dir='ltr'><em>χρεία,</em></span> <span class='ocrx_word' id='word_1_443' title='bbox 1155 4563 1251 4616; x_wconf 88' lang='grc' dir='ltr'><strong>τοῦ</strong></span> <span class='ocrx_word' id='word_1_444' title='bbox 1300 4565 1455 4630; x_wconf 80' lang='grc' dir='ltr'><em>ἁγίου</em></span> <span class='ocrx_word' id='word_1_445' title='bbox 1501 4565 1816 4634; x_wconf 85' lang='grc' dir='ltr'><em>Πνεύματος</em></span> 
     </span>
    </p>
   </div>
   <div class='ocr_carea' id='block_1_62' title="bbox 237 4643 1892 4726">
    <p class='ocr_par' dir='ltr' id='par_1_62' title="bbox 237 4643 1892 4726">
     <span class='ocr_line' id='line_1_62' title="bbox 237 4643 1892 4726; baseline 0 -18"><span class='ocrx_word' id='word_1_446' title='bbox 237 4655 596 4714; x_wconf 69' lang='grc' dir='ltr'><em>ἐπιπεσόντος</em></span> <span class='ocrx_word' id='word_1_447' title='bbox 629 4653 845 4719; x_wconf 75' lang='grc' dir='ltr'><em>αὖτοῖςς</em></span> <span class='ocrx_word' id='word_1_448' title='bbox 877 4654 1019 4724; x_wconf 83' lang='grc' dir='ltr'>Ἐρῶ</span> <span class='ocrx_word' id='word_1_449' title='bbox 1071 4653 1163 4708; x_wconf 80' lang='grc' dir='ltr'><strong>οὖν</strong></span> <span class='ocrx_word' id='word_1_450' title='bbox 1193 4655 1399 4726; x_wconf 79' lang='grc' dir='ltr'><em>ταύτην</em></span> <span class='ocrx_word' id='word_1_451' title='bbox 1443 4656 1574 4724; x_wconf 78' lang='grc' dir='ltr'>ἐγὼ,</span> <span class='ocrx_word' id='word_1_452' title='bbox 1619 4656 1678 4708; x_wconf 85' lang='grc' dir='ltr'><em>τὸ</em></span> <span class='ocrx_word' id='word_1_453' title='bbox 1710 4673 1814 4726; x_wconf 87' lang='grc' dir='ltr'><em>μυ-</em></span> <span class='ocrx_word' id='word_1_454' title='bbox 1847 4643 1892 4700; x_wconf 77' lang='grc' dir='ltr'><strong>Ι)</strong></span> 
     </span>
    </p>
   </div>
   <div class='ocr_carea' id='block_1_63' title="bbox 241 4743 1815 4816">
    <p class='ocr_par' dir='ltr' id='par_1_63' title="bbox 241 4743 1815 4816">
     <span class='ocr_line' id='line_1_63' title="bbox 241 4743 1815 4816; baseline 0.004 -20"><span class='ocrx_word' id='word_1_455' title='bbox 241 4746 465 4814; x_wconf 78' lang='grc' dir='ltr'><em>στήρισν</em></span> <span class='ocrx_word' id='word_1_456' title='bbox 503 4743 861 4798; x_wconf 80' lang='grc' dir='ltr'><em>ὲκκαλύπτων</em></span> <span class='ocrx_word' id='word_1_457' title='bbox 890 4746 1021 4814; x_wconf 80' lang='grc' dir='ltr'><em>ἡμῖν</em></span> <span class='ocrx_word' id='word_1_458' title='bbox 1054 4745 1114 4798; x_wconf 77' lang='grc' dir='ltr'><em>τὸ</em></span> <span class='ocrx_word' id='word_1_459' title='bbox 1143 4747 1654 4816; x_wconf 76' lang='grc' dir='ltr'><em>ἀποκεκρυμμένον.</em></span> <span class='ocrx_word' id='word_1_460' title='bbox 1682 4747 1815 4802; x_wconf 85' lang='grc' dir='ltr'><em>Θεῖα</em></span> 
     </span>
    </p>
   </div>
   <div class='ocr_carea' id='block_1_64' title="bbox 238 4835 1814 4906">
    <p class='ocr_par' dir='ltr' id='par_1_64' title="bbox 238 4835 1814 4906">
     <span class='ocr_line' id='line_1_64' title="bbox 238 4835 1814 4906; baseline 0.005 -23"><span class='ocrx_word' id='word_1_461' title='bbox 238 4835 476 4885; x_wconf 82' lang='grc' dir='ltr'><em>τελεῖται</em></span> <span class='ocrx_word' id='word_1_462' title='bbox 499 4835 558 4886; x_wconf 81' lang='grc' dir='ltr'><strong>ὲν</strong></span> <span class='ocrx_word' id='word_1_463' title='bbox 593 4835 746 4902; x_wconf 75' lang='grc' dir='ltr'><strong>αὐτῷ</strong></span> <span class='ocrx_word' id='word_1_464' title='bbox 777 4836 1041 4906; x_wconf 81' lang='grc' dir='ltr'><em>σύμϐολα,</em></span> <span class='ocrx_word' id='word_1_465' title='bbox 1077 4838 1247 4904; x_wconf 74' lang='grc' dir='ltr'><em>τάφος</em></span> <span class='ocrx_word' id='word_1_466' title='bbox 1275 4836 1370 4890; x_wconf 76' lang='grc' dir='ltr'><strong>καὶ</strong></span> <span class='ocrx_word' id='word_1_467' title='bbox 1401 4837 1688 4905; x_wconf 86' lang='grc' dir='ltr'><em>νέκρωσις,</em></span> <span class='ocrx_word' id='word_1_468' title='bbox 1721 4841 1814 4891; x_wconf 67' lang='grc' dir='ltr'><strong>καὶ</strong></span> 
     </span>
    </p>
   </div>
   <div class='ocr_carea' id='block_1_65' title="bbox 237 4927 1814 4998">
    <p class='ocr_par' dir='ltr' id='par_1_65' title="bbox 237 4927 1814 4998">
     <span class='ocr_line' id='line_1_65' title="bbox 237 4927 1814 4998; baseline 0.003 -21"><span class='ocrx_word' id='word_1_469' title='bbox 237 4927 537 4988; x_wconf 78' lang='grc' dir='ltr'><em>ἀνάστασις</em></span> <span class='ocrx_word' id='word_1_470' title='bbox 560 4927 652 4977; x_wconf 67' lang='grc' dir='ltr'><strong>καὶ</strong></span> <span class='ocrx_word' id='word_1_471' title='bbox 685 4927 821 4997; x_wconf 80' lang='grc' dir='ltr'><strong>ζωή.</strong></span> <span class='ocrx_word' id='word_1_472' title='bbox 866 4928 1078 4998; x_wconf 84' lang='grc' dir='ltr'><em>Ὠσπερ</em></span> <span class='ocrx_word' id='word_1_473' title='bbox 1128 4928 1348 4981; x_wconf 75' lang='grc' dir='ltr'><em>εὔκολον</em></span> <span class='ocrx_word' id='word_1_474' title='bbox 1383 4931 1512 4997; x_wconf 81' lang='grc' dir='ltr'><strong>ἡμῖν</strong></span> <span class='ocrx_word' id='word_1_475' title='bbox 1543 4928 1814 4997; x_wconf 78' lang='grc' dir='ltr'><strong>βαπτίσα-</strong></span> 
     </span>
    </p>
   </div>
   <div class='ocr_carea' id='block_1_66' title="bbox 241 5016 1814 5090">
    <p class='ocr_par' dir='ltr' id='par_1_66' title="bbox 241 5016 1814 5090">
     <span class='ocr_line' id='line_1_66' title="bbox 241 5016 1814 5090; baseline 0.003 -23"><span class='ocrx_word' id='word_1_476' title='bbox 241 5016 366 5067; x_wconf 68' lang='grc' dir='ltr'><em>σϐαι</em></span> <span class='ocrx_word' id='word_1_477' title='bbox 399 5017 494 5069; x_wconf 82' lang='grc' dir='ltr'><strong>καὶ</strong></span> <span class='ocrx_word' id='word_1_478' title='bbox 533 5016 846 5081; x_wconf 82' lang='grc' dir='ltr'><em>ἀνανεῦσαι,</em></span> <span class='ocrx_word' id='word_1_479' title='bbox 882 5016 1057 5080; x_wconf 81' lang='grc' dir='ltr'><em>οὕτως</em></span> <span class='ocrx_word' id='word_1_480' title='bbox 1106 5018 1327 5071; x_wconf 73' lang='grc' dir='ltr'><em>εὔκολον</em></span> <span class='ocrx_word' id='word_1_481' title='bbox 1362 5019 1440 5087; x_wconf 89' lang='grc' dir='ltr'>τῷ</span> <span class='ocrx_word' id='word_1_482' title='bbox 1463 5018 1601 5090; x_wconf 82' lang='grc' dir='ltr'><em>Θεῷ,</em></span> <span class='ocrx_word' id='word_1_483' title='bbox 1646 5019 1814 5088; x_wconf 65' lang='grc' dir='ltr'><em>ϐάψαι</em></span> 
     </span>
    </p>
   </div>
   <div class='ocr_carea' id='block_1_67' title="bbox 238 5106 1816 5183">
    <p class='ocr_par' dir='ltr' id='par_1_67' title="bbox 238 5106 1816 5183">
     <span class='ocr_line' id='line_1_67' title="bbox 238 5106 1816 5183; baseline 0.006 -27"><span class='ocrx_word' id='word_1_484' title='bbox 238 5106 332 5156; x_wconf 70' lang='grc' dir='ltr'><strong>τὸν</strong></span> <span class='ocrx_word' id='word_1_485' title='bbox 367 5106 600 5160; x_wconf 79' lang='grc' dir='ltr'><em>παλαιὸν</em></span> <span class='ocrx_word' id='word_1_486' title='bbox 622 5108 932 5178; x_wconf 76' lang='grc' dir='ltr'><em>ἄνθρωπον,</em></span> <span class='ocrx_word' id='word_1_487' title='bbox 970 5111 1064 5162; x_wconf 78' lang='grc' dir='ltr'><strong>καὶ</strong></span> <span class='ocrx_word' id='word_1_488' title='bbox 1091 5109 1368 5174; x_wconf 81' lang='grc' dir='ltr'><em>ἀναδεῖξαι</em></span> <span class='ocrx_word' id='word_1_489' title='bbox 1402 5110 1492 5164; x_wconf 77' lang='grc' dir='ltr'><em>τὸν</em></span> <span class='ocrx_word' id='word_1_490' title='bbox 1519 5112 1656 5166; x_wconf 84' lang='grc' dir='ltr'><em>νέον.</em></span> <span class='ocrx_word' id='word_1_491' title='bbox 1688 5113 1816 5183; x_wconf 76' lang='grc' dir='ltr'><strong>Τρί-</strong></span> 
     </span>
    </p>
   </div>
   <div class='ocr_carea' id='block_1_68' title="bbox 239 5199 1813 5274">
    <p class='ocr_par' dir='ltr' id='par_1_68' title="bbox 239 5199 1813 5274">
     <span class='ocr_line' id='line_1_68' title="bbox 239 5199 1813 5274; baseline 0.004 -24"><span class='ocrx_word' id='word_1_492' title='bbox 239 5217 329 5251; x_wconf 81' lang='grc' dir='ltr'><strong>τον</strong></span> <span class='ocrx_word' id='word_1_493' title='bbox 350 5199 409 5252; x_wconf 79' lang='grc' dir='ltr'><em>δὲ</em></span> <span class='ocrx_word' id='word_1_494' title='bbox 437 5199 598 5253; x_wconf 83' lang='grc' dir='ltr'><em>τοῦτο</em></span> <span class='ocrx_word' id='word_1_495' title='bbox 622 5199 856 5267; x_wconf 77' lang='grc' dir='ltr'><em>γίνεται,</em></span> <span class='ocrx_word' id='word_1_496' title='bbox 884 5201 971 5254; x_wconf 79' lang='grc' dir='ltr'><strong>ἵνα</strong></span> <span class='ocrx_word' id='word_1_497' title='bbox 1013 5202 1190 5274; x_wconf 80' lang='grc' dir='ltr'><em>μάθῃς</em></span> <span class='ocrx_word' id='word_1_498' title='bbox 1216 5203 1298 5255; x_wconf 78' lang='grc' dir='ltr'><em>ὅτι</em></span> <span class='ocrx_word' id='word_1_499' title='bbox 1329 5201 1560 5271; x_wconf 83' lang='grc' dir='ltr'><em>δυνάμει</em></span> <span class='ocrx_word' id='word_1_500' title='bbox 1603 5205 1813 5274; x_wconf 65' lang='grc' dir='ltr'><em>Πατρδς</em></span> 
     </span>
    </p>
   </div>
   <div class='ocr_carea' id='block_1_69' title="bbox 241 5292 1812 5364">
    <p class='ocr_par' dir='ltr' id='par_1_69' title="bbox 241 5292 1812 5364">
     <span class='ocr_line' id='line_1_69' title="bbox 241 5292 1812 5364; baseline 0.002 -20"><span class='ocrx_word' id='word_1_501' title='bbox 241 5293 334 5344; x_wconf 81' lang='grc' dir='ltr'><strong>καὶ</strong></span> <span class='ocrx_word' id='word_1_502' title='bbox 358 5292 490 5345; x_wconf 78' lang='grc' dir='ltr'><strong>Υἱοῦ</strong></span> <span class='ocrx_word' id='word_1_503' title='bbox 528 5293 623 5345; x_wconf 76' lang='grc' dir='ltr'><strong>καὶ</strong></span> <span class='ocrx_word' id='word_1_504' title='bbox 666 5292 823 5360; x_wconf 77' lang='grc' dir='ltr'><strong>ἁγίου</strong></span> <span class='ocrx_word' id='word_1_505' title='bbox 868 5293 1183 5363; x_wconf 81' lang='grc' dir='ltr'><em>Πνεύματος</em></span> <span class='ocrx_word' id='word_1_506' title='bbox 1215 5294 1283 5346; x_wconf 71' lang='grc' dir='ltr'><em>τὰ</em></span> <span class='ocrx_word' id='word_1_507' title='bbox 1313 5292 1490 5348; x_wconf 85' lang='grc' dir='ltr'><em>πάντα</em></span> <span class='ocrx_word' id='word_1_508' title='bbox 1523 5297 1638 5348; x_wconf 83' lang='grc' dir='ltr'><strong>ἐκεῖ</strong></span> <span class='ocrx_word' id='word_1_509' title='bbox 1674 5297 1812 5364; x_wconf 75' lang='grc' dir='ltr'><em>πλη-</em></span> 
     </span>
    </p>
   </div>
   <div class='ocr_carea' id='block_1_70' title="bbox 244 5383 1813 5455">
    <p class='ocr_par' dir='ltr' id='par_1_70' title="bbox 244 5383 1813 5455">
     <span class='ocr_line' id='line_1_70' title="bbox 244 5383 1813 5455; baseline 0.003 -21"><span class='ocrx_word' id='word_1_510' title='bbox 244 5383 460 5451; x_wconf 71' lang='grc' dir='ltr'><em>ροῦνται</em></span> <span class='ocrx_word' id='word_1_511' title='bbox 483 5400 495 5413; x_wconf 76' lang='grc' dir='ltr'><strong><em>ο</em></strong></span> <span class='ocrx_word' id='word_1_512' title='bbox 525 5383 619 5436; x_wconf 76' lang='grc' dir='ltr'><strong>καὶ</strong></span> <span class='ocrx_word' id='word_1_513' title='bbox 645 5385 741 5436; x_wconf 80' lang='grc' dir='ltr'><em>ὅτι</em></span> <span class='ocrx_word' id='word_1_514' title='bbox 763 5384 822 5436; x_wconf 78' lang='grc' dir='ltr'><strong>οὐ</strong></span> <span class='ocrx_word' id='word_1_515' title='bbox 857 5383 1163 5454; x_wconf 71' lang='grc' dir='ltr'><em>στοχασμδς</em></span> <span class='ocrx_word' id='word_1_516' title='bbox 1195 5385 1254 5436; x_wconf 78' lang='grc' dir='ltr'><em>τὸ</em></span> <span class='ocrx_word' id='word_1_517' title='bbox 1301 5385 1610 5455; x_wconf 76' lang='grc' dir='ltr'><em>λεγόμενον,</em></span> <span class='ocrx_word' id='word_1_518' title='bbox 1648 5388 1813 5440; x_wconf 75' lang='grc' dir='ltr'><em>ἄκου-</em></span> 
     </span>
    </p>
   </div>
   <div class='ocr_carea' id='block_1_71' title="bbox 245 5472 1810 5546">
    <p class='ocr_par' dir='ltr' id='par_1_71' title="bbox 245 5472 1810 5546">
     <span class='ocr_line' id='line_1_71' title="bbox 245 5472 1810 5546; baseline 0.005 -24"><span class='ocrx_word' id='word_1_519' title='bbox 245 5489 334 5523; x_wconf 74' lang='grc' dir='ltr'><em>σον</em></span> <span class='ocrx_word' id='word_1_520' title='bbox 355 5472 453 5524; x_wconf 85' lang='grc' dir='ltr'><strong>τοῦ</strong></span> <span class='ocrx_word' id='word_1_521' title='bbox 490 5473 703 5526; x_wconf 85' lang='grc' dir='ltr'><em>Παύλου</em></span> <span class='ocrx_word' id='word_1_522' title='bbox 743 5473 1020 5540; x_wconf 74' lang='grc' dir='ltr'><em>λέγοντος·</em></span> <span class='ocrx_word' id='word_1_523' title='bbox 1055 5476 1480 5546; x_wconf 54' lang='grc' dir='ltr'><em>Συνετάφημεν</em></span> <span class='ocrx_word' id='word_1_524' title='bbox 1526 5478 1684 5543; x_wconf 75' lang='grc' dir='ltr'><em>αὐτῷ</em></span> <span class='ocrx_word' id='word_1_525' title='bbox 1713 5479 1810 5531; x_wconf 72' lang='grc' dir='ltr'><em>διὰ</em></span> 
     </span>
    </p>
   </div>
   <div class='ocr_carea' id='block_1_72' title="bbox 246 5563 1806 5634">
    <p class='ocr_par' dir='ltr' id='par_1_72' title="bbox 246 5563 1806 5634">
     <span class='ocr_line' id='line_1_72' title="bbox 246 5563 1806 5634; baseline 0.003 -21"><span class='ocrx_word' id='word_1_526' title='bbox 246 5563 347 5615; x_wconf 68' lang='grc' dir='ltr'><strong>τεῦ</strong></span> <span class='ocrx_word' id='word_1_527' title='bbox 371 5563 792 5631; x_wconf 76' lang='grc' dir='ltr'><em>,ϐαπτίσματος</em></span> <span class='ocrx_word' id='word_1_528' title='bbox 831 5567 916 5628; x_wconf 77' lang='grc' dir='ltr'><em>εἰς</em></span> <span class='ocrx_word' id='word_1_529' title='bbox 950 5564 1054 5617; x_wconf 71' lang='lat' dir='ltr'><strong>ti‘r</strong></span> <span class='ocrx_word' id='word_1_530' title='bbox 1086 5565 1372 5618; x_wconf 79' lang='grc' dir='ltr'><em>θάνατον·</em></span> <span class='ocrx_word' id='word_1_531' title='bbox 1413 5569 1501 5620; x_wconf 77' lang='grc' dir='ltr'><strong>καὶ</strong></span> <span class='ocrx_word' id='word_1_532' title='bbox 1533 5569 1712 5634; x_wconf 74' lang='grc' dir='ltr'><em>πάλιν,</em></span> <span class='ocrx_word' id='word_1_533' title='bbox 1754 5569 1806 5618; x_wconf 85' lang='grc'><strong>’0</strong></span> 
     </span>
    </p>
   </div>
   <div class='ocr_carea' id='block_1_73' title="bbox 315 5684 784 5748">
    <p class='ocr_par' dir='ltr' id='par_1_73' title="bbox 315 5684 784 5748">
     <span class='ocr_line' id='line_1_73' title="bbox 315 5684 784 5748; baseline -0.004 -9"><span class='ocrx_word' id='word_1_534' title='bbox 315 5686 355 5716; x_wconf 89' lang='grc'><strong><em>³⁷</em></strong></span> <span class='ocrx_word' id='word_1_535' title='bbox 390 5684 490 5739; x_wconf 82' lang='lat' dir='ltr'><strong>lsa.</strong></span> <span class='ocrx_word' id='word_1_536' title='bbox 526 5700 672 5748; x_wconf 76' lang='lat' dir='ltr'><strong>sun,</strong></span> <span class='ocrx_word' id='word_1_537' title='bbox 695 5684 784 5737; x_wconf 69' lang='lat'><strong>‘35.</strong></span> 
     </span>
    </p>
   </div>
   <div class='ocr_carea' id='block_1_74' title="bbox 1925 2027 3494 2098">
    <p class='ocr_par' dir='ltr' id='par_1_74' title="bbox 1925 2027 3494 2098">
     <span class='ocr_line' id='line_1_74' title="bbox 1925 2027 3494 2098; baseline -0.003 -17"><span class='ocrx_word' id='word_1_538' title='bbox 1925 2027 2159 2091; x_wconf 84' lang='lat' dir='ltr'><strong>Spiritus</strong></span> <span class='ocrx_word' id='word_1_539' title='bbox 2197 2038 2408 2082; x_wconf 82' lang='lat' dir='ltr'><strong>sanctus</strong></span> <span class='ocrx_word' id='word_1_540' title='bbox 2442 2030 2494 2081; x_wconf 86' lang='lat' dir='ltr'><strong>in</strong></span> <span class='ocrx_word' id='word_1_541' title='bbox 2527 2045 2724 2088; x_wconf 84' lang='lat' dir='ltr'><strong>omnes,</strong></span> <span class='ocrx_word' id='word_1_542' title='bbox 2755 2027 2844 2098; x_wconf 91' lang='lat' dir='ltr'><strong>qui</strong></span> <span class='ocrx_word' id='word_1_543' title='bbox 2865 2027 3149 2080; x_wconf 81' lang='lat' dir='ltr'><strong>audiebant</strong></span> <span class='ocrx_word' id='word_1_544' title='bbox 3180 2027 3494 2090; x_wconf 86' lang='lat' dir='ltr'><strong>orationem,</strong></span> 
     </span>
    </p>
   </div>
   <div class='ocr_carea' id='block_1_75' title="bbox 1997 2206 3497 2277">
    <p class='ocr_par' dir='ltr' id='par_1_75' title="bbox 1997 2206 3497 2277">
     <span class='ocr_line' id='line_1_75' title="bbox 1997 2206 3497 2277; baseline -0.004 -13"><span class='ocrx_word' id='word_1_545' title='bbox 1997 2210 2157 2264; x_wconf 72' lang='lat' dir='ltr'><strong>Vsus.</strong></span> <span class='ocrx_word' id='word_1_546' title='bbox 2194 2209 2283 2262; x_wconf 69' lang='grc'><strong>45.</strong></span> <span class='ocrx_word' id='word_1_547' title='bbox 2328 2207 2395 2261; x_wconf 82' lang='lat' dir='ltr'><strong>Et</strong></span> <span class='ocrx_word' id='word_1_548' title='bbox 2432 2225 2540 2277; x_wconf 76' lang='lat' dir='ltr'><strong>pro:</strong></span> <span class='ocrx_word' id='word_1_549' title='bbox 2573 2208 2927 2260; x_wconf 81' lang='lat' dir='ltr'><strong>admiratione</strong></span> <span class='ocrx_word' id='word_1_550' title='bbox 2969 2206 3150 2258; x_wconf 88' lang='lat' dir='ltr'><strong>animo</strong></span> <span class='ocrx_word' id='word_1_551' title='bbox 3180 2208 3497 2258; x_wconf 81' lang='lat' dir='ltr'><strong>consternati</strong></span> 
     </span>
    </p>
   </div>
   <div class='ocr_carea' id='block_1_76' title="bbox 1920 2295 3497 2368">
    <p class='ocr_par' dir='ltr' id='par_1_76' title="bbox 1920 2295 3497 2368">
     <span class='ocr_line' id='line_1_76' title="bbox 1920 2295 3497 2368; baseline -0.003 -16"><span class='ocrx_word' id='word_1_552' title='bbox 1920 2311 2060 2362; x_wconf 87' lang='lat' dir='ltr'><strong>sunt,</strong></span> <span class='ocrx_word' id='word_1_553' title='bbox 2096 2300 2388 2368; x_wconf 82' lang='lat' dir='ltr'><strong>quicunque</strong></span> <span class='ocrx_word' id='word_1_554' title='bbox 2425 2315 2488 2351; x_wconf 77' lang='lat' dir='ltr'><strong>ex</strong></span> <span class='ocrx_word' id='word_1_555' title='bbox 2524 2314 2706 2364; x_wconf 75' lang='lat' dir='ltr'><strong>genere</strong></span> <span class='ocrx_word' id='word_1_556' title='bbox 2739 2297 3162 2350; x_wconf 85' lang='lat' dir='ltr'><strong>circumcisorum</strong></span> <span class='ocrx_word' id='word_1_557' title='bbox 3201 2295 3377 2362; x_wconf 76' lang='lat' dir='ltr'><strong>ﬁdeles</strong></span> <span class='ocrx_word' id='word_1_558' title='bbox 3411 2313 3497 2348; x_wconf 79' lang='lat' dir='ltr'><strong>ve-</strong></span> 
     </span>
    </p>
   </div>
   <div class='ocr_carea' id='block_1_77' title="bbox 1923 2384 3498 2455">
    <p class='ocr_par' dir='ltr' id='par_1_77' title="bbox 1923 2384 3498 2455">
     <span class='ocr_line' id='line_1_77' title="bbox 1923 2384 3498 2455; baseline -0.002 -15"><span class='ocrx_word' id='word_1_559' title='bbox 1923 2399 2106 2441; x_wconf 82' lang='lat' dir='ltr'><strong>nerunt</strong></span> <span class='ocrx_word' id='word_1_560' title='bbox 2148 2405 2252 2440; x_wconf 90' lang='lat' dir='ltr'><strong>una</strong></span> <span class='ocrx_word' id='word_1_561' title='bbox 2300 2405 2416 2440; x_wconf 90' lang='lat' dir='ltr'><strong>cum</strong></span> <span class='ocrx_word' id='word_1_562' title='bbox 2447 2387 2624 2448; x_wconf 84' lang='lat' dir='ltr'><strong>Petro,</strong></span> <span class='ocrx_word' id='word_1_563' title='bbox 2650 2387 2786 2455; x_wconf 90' lang='lat' dir='ltr'><strong>quod</strong></span> <span class='ocrx_word' id='word_1_564' title='bbox 2812 2395 2860 2439; x_wconf 91' lang='lat' dir='ltr'><strong>ct</strong></span> <span class='ocrx_word' id='word_1_565' title='bbox 2887 2386 2938 2438; x_wconf 86' lang='lat' dir='ltr'><strong>in</strong></span> <span class='ocrx_word' id='word_1_566' title='bbox 2969 2395 3214 2438; x_wconf 74' lang='lat' dir='ltr'><strong>externas</strong></span> <span class='ocrx_word' id='word_1_567' title='bbox 3261 2384 3498 2437; x_wconf 81' lang='lat' dir='ltr'><strong>nationes</strong></span> 
     </span>
    </p>
   </div>
   <div class='ocr_carea' id='block_1_78' title="bbox 1920 2477 2991 2549">
    <p class='ocr_par' dir='ltr' id='par_1_78' title="bbox 1920 2477 2991 2549">
     <span class='ocr_line' id='line_1_78' title="bbox 1920 2477 2991 2549; baseline -0.005 -16"><span class='ocrx_word' id='word_1_568' title='bbox 1920 2482 2132 2549; x_wconf 69' lang='lat' dir='ltr'><strong>c/Tusmn</strong></span> <span class='ocrx_word' id='word_1_569' title='bbox 2165 2489 2292 2533; x_wconf 84' lang='lat' dir='ltr'><strong>esset</strong></span> <span class='ocrx_word' id='word_1_570' title='bbox 2321 2485 2513 2532; x_wconf 85' lang='lat' dir='ltr'><strong>donum</strong></span> <span class='ocrx_word' id='word_1_571' title='bbox 2547 2478 2776 2545; x_wconf 78' lang='lat' dir='ltr'><strong>Spiritus</strong></span> <span class='ocrx_word' id='word_1_572' title='bbox 2799 2477 2991 2530; x_wconf 84' lang='lat' dir='ltr'><strong>sancti.</strong></span> 
     </span>
    </p>
   </div>
   <div class='ocr_carea' id='block_1_79' title="bbox 1993 2568 3497 2636">
    <p class='ocr_par' dir='ltr' id='par_1_79' title="bbox 1993 2568 3497 2636">
     <span class='ocr_line' id='line_1_79' title="bbox 1993 2568 3497 2636; baseline -0.003 -12"><span class='ocrx_word' id='word_1_573' title='bbox 1993 2573 2152 2625; x_wconf 67' lang='lat' dir='ltr'><strong>Vens.</strong></span> <span class='ocrx_word' id='word_1_574' title='bbox 2190 2571 2276 2625; x_wconf 72' lang='grc' dir='ltr'><strong>ιϐ.</strong></span> <span class='ocrx_word' id='word_1_575' title='bbox 2323 2571 2612 2624; x_wconf 79' lang='lat' dir='ltr'><strong>Audiebuut</strong></span> <span class='ocrx_word' id='word_1_576' title='bbox 2644 2571 2780 2622; x_wconf 84' lang='lat' dir='ltr'><strong>enim</strong></span> <span class='ocrx_word' id='word_1_577' title='bbox 2817 2584 2901 2622; x_wconf 89' lang='lat' dir='ltr'><strong>eos</strong></span> <span class='ocrx_word' id='word_1_578' title='bbox 2935 2568 3123 2636; x_wconf 83' lang='lat' dir='ltr'><strong>linguis</strong></span> <span class='ocrx_word' id='word_1_579' title='bbox 3149 2569 3428 2636; x_wconf 82' lang='lat' dir='ltr'><strong>loquentes,</strong></span> <span class='ocrx_word' id='word_1_580' title='bbox 3449 2578 3497 2621; x_wconf 90' lang='lat' dir='ltr'><strong>et</strong></span> 
     </span>
    </p>
   </div>
   <div class='ocr_carea' id='block_1_80' title="bbox 1924 2660 3270 2733">
    <p class='ocr_par' dir='ltr' id='par_1_80' title="bbox 1924 2660 3270 2733">
     <span class='ocr_line' id='line_1_80' title="bbox 1924 2660 3270 2733; baseline -0.003 -15"><span class='ocrx_word' id='word_1_581' title='bbox 1924 2664 2084 2718; x_wconf 85' lang='lat' dir='ltr'><strong>Deum</strong></span> <span class='ocrx_word' id='word_1_582' title='bbox 2118 2665 2527 2733; x_wconf 83' lang='lat' dir='ltr'><strong>nmgniﬁcnntes.</strong></span> <span class='ocrx_word' id='word_1_583' title='bbox 2567 2662 2708 2714; x_wconf 83' lang='lat' dir='ltr'><strong>Tunc</strong></span> <span class='ocrx_word' id='word_1_584' title='bbox 2741 2660 3001 2729; x_wconf 86' lang='lat' dir='ltr'><strong>respondit</strong></span> <span class='ocrx_word' id='word_1_585' title='bbox 3045 2660 3270 2714; x_wconf 83' lang='lat' dir='ltr'><strong>Petrus:</strong></span> 
     </span>
    </p>
   </div>
   <div class='ocr_carea' id='block_1_81' title="bbox 1994 2754 3496 2824">
    <p class='ocr_par' dir='ltr' id='par_1_81' title="bbox 1994 2754 3496 2824">
     <span class='ocr_line' id='line_1_81' title="bbox 1994 2754 3496 2824; baseline -0.003 -14"><span class='ocrx_word' id='word_1_586' title='bbox 1994 2758 2146 2810; x_wconf 69' lang='lat' dir='ltr'><strong>Vens.</strong></span> <span class='ocrx_word' id='word_1_587' title='bbox 2197 2757 2285 2811; x_wconf 66' lang='grc'><strong>47.</strong></span> <span class='ocrx_word' id='word_1_588' title='bbox 2330 2755 2580 2824; x_wconf 78' lang='lat' dir='ltr'><strong>Nunquid</strong></span> <span class='ocrx_word' id='word_1_589' title='bbox 2619 2770 2758 2822; x_wconf 89' lang='lat' dir='ltr'><strong>aqua</strong></span> <span class='ocrx_word' id='word_1_590' title='bbox 2799 2754 2915 2822; x_wconf 86' lang='lat' dir='ltr'><strong>quis</strong></span> <span class='ocrx_word' id='word_1_591' title='bbox 2956 2754 3226 2822; x_wconf 83' lang='lat' dir='ltr'><strong>prohibere</strong></span> <span class='ocrx_word' id='word_1_592' title='bbox 3275 2769 3367 2805; x_wconf 89' lang='lat' dir='ltr'><strong>nos</strong></span> <span class='ocrx_word' id='word_1_593' title='bbox 3403 2769 3496 2820; x_wconf 84' lang='lat' dir='ltr'><strong>po-</strong></span> 
     </span>
    </p>
   </div>
   <div class='ocr_carea' id='block_1_82' title="bbox 1921 2844 3499 2916">
    <p class='ocr_par' dir='ltr' id='par_1_82' title="bbox 1921 2844 3499 2916">
     <span class='ocr_line' id='line_1_82' title="bbox 1921 2844 3499 2916; baseline -0.003 -17"><span class='ocrx_word' id='word_1_594' title='bbox 1921 2857 2039 2909; x_wconf 84' lang='lat' dir='ltr'><strong>test,</strong></span> <span class='ocrx_word' id='word_1_595' title='bbox 2075 2864 2134 2898; x_wconf 83' lang='lat' dir='ltr'><strong>ne</strong></span> <span class='ocrx_word' id='word_1_596' title='bbox 2163 2848 2491 2914; x_wconf 79' lang='lat' dir='ltr'><strong>baptizentur</strong></span> <span class='ocrx_word' id='word_1_597' title='bbox 2520 2847 2606 2910; x_wconf 82' lang='lat' dir='ltr'><strong>lii,</strong></span> <span class='ocrx_word' id='word_1_598' title='bbox 2647 2846 2736 2916; x_wconf 86' lang='lat' dir='ltr'><strong>qui</strong></span> <span class='ocrx_word' id='word_1_599' title='bbox 2763 2844 3019 2914; x_wconf 86' lang='lat' dir='ltr'><strong>Spiritum</strong></span> <span class='ocrx_word' id='word_1_600' title='bbox 3063 2853 3306 2898; x_wconf 86' lang='lat' dir='ltr'><strong>sanctum</strong></span> <span class='ocrx_word' id='word_1_601' title='bbox 3349 2859 3499 2896; x_wconf 83' lang='lat' dir='ltr'><strong>uece-</strong></span> 
     </span>
    </p>
   </div>
   <div class='ocr_carea' id='block_1_83' title="bbox 1917 2939 2527 3005">
    <p class='ocr_par' dir='ltr' id='par_1_83' title="bbox 1917 2939 2527 3005">
     <span class='ocr_line' id='line_1_83' title="bbox 1917 2939 2527 3005; baseline 0.005 -16"><span class='ocrx_word' id='word_1_602' title='bbox 1917 2949 2124 3005; x_wconf 59' lang='lat' dir='ltr'><strong>psrunt,</strong></span> <span class='ocrx_word' id='word_1_603' title='bbox 2148 2939 2278 2991; x_wconf 83' lang='lat' dir='ltr'><strong>sicut</strong></span> <span class='ocrx_word' id='word_1_604' title='bbox 2312 2948 2358 2990; x_wconf 88' lang='lat' dir='ltr'><strong>et</strong></span> <span class='ocrx_word' id='word_1_605' title='bbox 2390 2955 2480 2990; x_wconf 88' lang='lat' dir='ltr'><strong>nos</strong></span> <span class='ocrx_word' id='word_1_606' title='bbox 2501 2941 2527 2992; x_wconf 72' lang='lat'><strong>1’</strong></span> 
     </span>
    </p>
   </div>
   <div class='ocr_carea' id='block_1_84' title="bbox 1991 3027 3498 3100">
    <p class='ocr_par' dir='ltr' id='par_1_84' title="bbox 1991 3027 3498 3100">
     <span class='ocr_line' id='line_1_84' title="bbox 1991 3027 3498 3100; baseline -0.002 -16"><span class='ocrx_word' id='word_1_607' title='bbox 1991 3031 2151 3084; x_wconf 67' lang='lat' dir='ltr'><strong>Visus.</strong></span> <span class='ocrx_word' id='word_1_608' title='bbox 2184 3032 2272 3085; x_wconf 70' lang='lat'><strong>48.</strong></span> <span class='ocrx_word' id='word_1_609' title='bbox 2317 3029 2382 3083; x_wconf 85' lang='lat' dir='ltr'><strong>Et</strong></span> <span class='ocrx_word' id='word_1_610' title='bbox 2401 3031 2560 3100; x_wconf 80' lang='lat' dir='ltr'><strong>jussit</strong></span> <span class='ocrx_word' id='word_1_611' title='bbox 2585 3047 2668 3084; x_wconf 86' lang='lat' dir='ltr'><strong>eos</strong></span> <span class='ocrx_word' id='word_1_612' title='bbox 2690 3029 2951 3100; x_wconf 82' lang='lat' dir='ltr'><strong>baptizari</strong></span> <span class='ocrx_word' id='word_1_613' title='bbox 2976 3030 3030 3082; x_wconf 87' lang='lat' dir='ltr'><strong>in</strong></span> <span class='ocrx_word' id='word_1_614' title='bbox 3055 3029 3260 3081; x_wconf 83' lang='lat' dir='ltr'><strong>nomine</strong></span> <span class='ocrx_word' id='word_1_615' title='bbox 3289 3027 3498 3081; x_wconf 85' lang='lat' dir='ltr'><strong>Domini</strong></span> 
     </span>
    </p>
   </div>
   <div class='ocr_carea' id='block_1_85' title="bbox 1917 3122 3497 3195">
    <p class='ocr_par' dir='ltr' id='par_1_85' title="bbox 1917 3122 3497 3195">
     <span class='ocr_line' id='line_1_85' title="bbox 1917 3122 3497 3195; baseline -0.001 -19"><span class='ocrx_word' id='word_1_616' title='bbox 1917 3122 2064 3176; x_wconf 82' lang='lat' dir='ltr'><strong>Jcsu.</strong></span> <span class='ocrx_word' id='word_1_617' title='bbox 2124 3123 2262 3177; x_wconf 87' lang='lat' dir='ltr'><strong>Tunc</strong></span> <span class='ocrx_word' id='word_1_618' title='bbox 2322 3132 2634 3195; x_wconf 83' lang='lat' dir='ltr'><strong>rogaverunt</strong></span> <span class='ocrx_word' id='word_1_619' title='bbox 2664 3139 2812 3186; x_wconf 89' lang='lat' dir='ltr'><strong>eum,</strong></span> <span class='ocrx_word' id='word_1_620' title='bbox 2873 3132 2927 3176; x_wconf 87' lang='lat' dir='ltr'><strong>ut</strong></span> <span class='ocrx_word' id='word_1_621' title='bbox 2967 3133 3196 3176; x_wconf 88' lang='lat' dir='ltr'><strong>maneret</strong></span> <span class='ocrx_word' id='word_1_622' title='bbox 3229 3122 3370 3190; x_wconf 81' lang='lat' dir='ltr'><strong>apud</strong></span> <span class='ocrx_word' id='word_1_623' title='bbox 3414 3137 3497 3174; x_wconf 85' lang='lat' dir='ltr'><strong>eos</strong></span> 
     </span>
    </p>
   </div>
   <div class='ocr_carea' id='block_1_86' title="bbox 1920 3215 2291 3284">
    <p class='ocr_par' dir='ltr' id='par_1_86' title="bbox 1920 3215 2291 3284">
     <span class='ocr_line' id='line_1_86' title="bbox 1920 3215 2291 3284; baseline 0.003 -17"><span class='ocrx_word' id='word_1_624' title='bbox 1920 3215 2118 3284; x_wconf 83' lang='lat' dir='ltr'><strong>aliquot</strong></span> <span class='ocrx_word' id='word_1_625' title='bbox 2157 3217 2291 3268; x_wconf 84' lang='lat' dir='ltr'><strong>dies.</strong></span> 
     </span>
    </p>
   </div>
   <div class='ocr_carea' id='block_1_87' title="bbox 2520 3303 2886 3361">
    <p class='ocr_par' dir='ltr' id='par_1_87' title="bbox 2520 3303 2886 3361">
     <span class='ocr_line' id='line_1_87' title="bbox 2520 3303 2886 3361; baseline -0.005 0"><span class='ocrx_word' id='word_1_626' title='bbox 2520 3303 2751 3361; x_wconf 73' lang='lat' dir='ltr'><strong>CAPUT</strong></span> <span class='ocrx_word' id='word_1_627' title='bbox 2791 3305 2886 3360; x_wconf 74' lang='lat' dir='ltr'><strong>XI.</strong></span> 
     </span>
    </p>
   </div>
   <div class='ocr_carea' id='block_1_88' title="bbox 1989 3394 3495 3465">
    <p class='ocr_par' dir='ltr' id='par_1_88' title="bbox 1989 3394 3495 3465">
     <span class='ocr_line' id='line_1_88' title="bbox 1989 3394 3495 3465; baseline -0.003 -17"><span class='ocrx_word' id='word_1_628' title='bbox 1989 3396 2146 3451; x_wconf 65' lang='lat' dir='ltr'><strong>Vens.</strong></span> <span class='ocrx_word' id='word_1_629' title='bbox 2186 3398 2235 3451; x_wconf 82' lang='lat' dir='ltr'><strong>I.</strong></span> <span class='ocrx_word' id='word_1_630' title='bbox 2268 3397 2587 3450; x_wconf 73' lang='lat' dir='ltr'><strong>Audin-erunt</strong></span> <span class='ocrx_word' id='word_1_631' title='bbox 2625 3406 2800 3449; x_wconf 84' lang='lat' dir='ltr'><strong>autem</strong></span> <span class='ocrx_word' id='word_1_632' title='bbox 2829 3395 3059 3465; x_wconf 86' lang='lat' dir='ltr'><strong>apostoli</strong></span> <span class='ocrx_word' id='word_1_633' title='bbox 3081 3404 3129 3448; x_wconf 89' lang='lat' dir='ltr'><strong>et</strong></span> <span class='ocrx_word' id='word_1_634' title='bbox 3159 3395 3373 3463; x_wconf 77' lang='lat' dir='ltr'><strong>fratres,</strong></span> <span class='ocrx_word' id='word_1_635' title='bbox 3405 3394 3495 3461; x_wconf 87' lang='lat' dir='ltr'><strong>qui</strong></span> 
     </span>
    </p>
   </div>
   <div class='ocr_carea' id='block_1_89' title="bbox 1915 3483 3496 3551">
    <p class='ocr_par' dir='ltr' id='par_1_89' title="bbox 1915 3483 3496 3551">
     <span class='ocr_line' id='line_1_89' title="bbox 1915 3483 3496 3551; baseline -0.002 -15"><span class='ocrx_word' id='word_1_636' title='bbox 1915 3493 2064 3536; x_wconf 90' lang='lat' dir='ltr'><strong>erant</strong></span> <span class='ocrx_word' id='word_1_637' title='bbox 2109 3485 2162 3536; x_wconf 90' lang='lat' dir='ltr'><strong>in</strong></span> <span class='ocrx_word' id='word_1_638' title='bbox 2218 3484 2441 3551; x_wconf 74' lang='lat' dir='ltr'><strong>Juda&#39;a,</strong></span> <span class='ocrx_word' id='word_1_639' title='bbox 2486 3486 2645 3539; x_wconf 86' lang='lat' dir='ltr'><strong>etiam</strong></span> <span class='ocrx_word' id='word_1_640' title='bbox 2706 3486 2939 3539; x_wconf 88' lang='lat' dir='ltr'><strong>nationes</strong></span> <span class='ocrx_word' id='word_1_641' title='bbox 2998 3495 3202 3538; x_wconf 75' lang='lat' dir='ltr'><strong>exteras</strong></span> <span class='ocrx_word' id='word_1_642' title='bbox 3247 3483 3496 3551; x_wconf 85' lang='lat' dir='ltr'><strong>recepisse</strong></span> 
     </span>
    </p>
   </div>
   <div class='ocr_carea' id='block_1_90' title="bbox 1915 3575 2280 3629">
    <p class='ocr_par' dir='ltr' id='par_1_90' title="bbox 1915 3575 2280 3629">
     <span class='ocr_line' id='line_1_90' title="bbox 1915 3575 2280 3629; baseline 0.005 -2"><span class='ocrx_word' id='word_1_643' title='bbox 1915 3575 2124 3627; x_wconf 71' lang='lat' dir='ltr'><strong>verbum</strong></span> <span class='ocrx_word' id='word_1_644' title='bbox 2166 3575 2280 3629; x_wconf 82' lang='lat' dir='ltr'><strong>Dei.</strong></span> 
     </span>
    </p>
   </div>
   <div class='ocr_carea' id='block_1_91' title="bbox 1983 3664 3490 3736">
    <p class='ocr_par' dir='ltr' id='par_1_91' title="bbox 1983 3664 3490 3736">
     <span class='ocr_line' id='line_1_91' title="bbox 1983 3664 3490 3736; baseline 0 -18"><span class='ocrx_word' id='word_1_645' title='bbox 1983 3665 2092 3735; x_wconf 80' lang='lat'><strong>95</strong></span> <span class='ocrx_word' id='word_1_646' title='bbox 2125 3665 2257 3720; x_wconf 73' lang='lat' dir='ltr'><strong>Vide</strong></span> <span class='ocrx_word' id='word_1_647' title='bbox 2281 3666 2475 3720; x_wconf 73' lang='lat' dir='ltr'><strong>divina:</strong></span> <span class='ocrx_word' id='word_1_648' title='bbox 2516 3666 2822 3736; x_wconf 71' lang='lat' dir='ltr'><strong>prudentia:</strong></span> <span class='ocrx_word' id='word_1_649' title='bbox 2860 3665 3344 3736; x_wconf 86' lang='lat' dir='ltr'><strong>dispensationem.</strong></span> <span class='ocrx_word' id='word_1_650' title='bbox 3373 3664 3490 3718; x_wconf 80' lang='lat' dir='ltr'><strong>Non</strong></span> 
     </span>
    </p>
   </div>
   <div class='ocr_carea' id='block_1_92' title="bbox 1919 3756 3485 3828">
    <p class='ocr_par' dir='ltr' id='par_1_92' title="bbox 1919 3756 3485 3828">
     <span class='ocr_line' id='line_1_92' title="bbox 1919 3756 3485 3828; baseline -0.001 -18"><span class='ocrx_word' id='word_1_651' title='bbox 1919 3757 2169 3825; x_wconf 88' lang='lat' dir='ltr'><strong>permisit</strong></span> <span class='ocrx_word' id='word_1_652' title='bbox 2196 3757 2402 3812; x_wconf 77' lang='lat' dir='ltr'><strong>absolvi</strong></span> <span class='ocrx_word' id='word_1_653' title='bbox 2429 3758 2758 3820; x_wconf 85' lang='lat' dir='ltr'><strong>orationem,</strong></span> <span class='ocrx_word' id='word_1_654' title='bbox 2793 3773 2967 3828; x_wconf 89' lang='lat' dir='ltr'><strong>neque</strong></span> <span class='ocrx_word' id='word_1_655' title='bbox 2990 3757 3144 3825; x_wconf 84' lang='lat' dir='ltr'><strong>jussu</strong></span> <span class='ocrx_word' id='word_1_656' title='bbox 3182 3756 3326 3811; x_wconf 78' lang='lat' dir='ltr'><strong>Petri</strong></span> <span class='ocrx_word' id='word_1_657' title='bbox 3351 3757 3485 3825; x_wconf 88' lang='lat' dir='ltr'><strong>bap-</strong></span> 
     </span>
    </p>
   </div>
   <div class='ocr_carea' id='block_1_93' title="bbox 1923 3846 3494 3918">
    <p class='ocr_par' dir='ltr' id='par_1_93' title="bbox 1923 3846 3494 3918">
     <span class='ocr_line' id='line_1_93' title="bbox 1923 3846 3494 3918; baseline -0.002 -16"><span class='ocrx_word' id='word_1_658' title='bbox 1923 3849 2081 3902; x_wconf 84' lang='lat' dir='ltr'><strong>tisma</strong></span> <span class='ocrx_word' id='word_1_659' title='bbox 2109 3849 2475 3902; x_wconf 89' lang='lat' dir='ltr'><strong>administrari</strong></span> <span class='ocrx_word' id='word_1_660' title='bbox 2503 3866 2517 3902; x_wconf 88' lang='lat'><strong>:</strong></span> <span class='ocrx_word' id='word_1_661' title='bbox 2551 3849 2643 3902; x_wconf 85' lang='lat' dir='ltr'><strong>sed</strong></span> <span class='ocrx_word' id='word_1_662' title='bbox 2684 3858 3042 3918; x_wconf 78' lang='lat' dir='ltr'><strong>posteaquam</strong></span> <span class='ocrx_word' id='word_1_663' title='bbox 3092 3846 3494 3900; x_wconf 80' lang='lat' dir='ltr'><strong>animadverte-</strong></span> 
     </span>
    </p>
   </div>
   <div class='ocr_carea' id='block_1_94' title="bbox 1920 3938 3492 4002">
    <p class='ocr_par' dir='ltr' id='par_1_94' title="bbox 1920 3938 3492 4002">
     <span class='ocr_line' id='line_1_94' title="bbox 1920 3938 3492 4002; baseline 0 -12"><span class='ocrx_word' id='word_1_664' title='bbox 1920 3947 2041 3991; x_wconf 90' lang='lat' dir='ltr'><strong>rent</strong></span> <span class='ocrx_word' id='word_1_665' title='bbox 2075 3949 2312 3993; x_wconf 87' lang='lat' dir='ltr'><strong>mentem</strong></span> <span class='ocrx_word' id='word_1_666' title='bbox 2348 3955 2534 3994; x_wconf 90' lang='lat' dir='ltr'><strong>eorum</strong></span> <span class='ocrx_word' id='word_1_667' title='bbox 2569 3938 2938 3992; x_wconf 85' lang='lat' dir='ltr'><strong>admirandam</strong></span> <span class='ocrx_word' id='word_1_668' title='bbox 2973 3955 3113 4002; x_wconf 92' lang='lat' dir='ltr'><strong>esse,</strong></span> <span class='ocrx_word' id='word_1_669' title='bbox 3143 3954 3205 3993; x_wconf 93' lang='lat' dir='ltr'><strong>ac</strong></span> <span class='ocrx_word' id='word_1_670' title='bbox 3225 3938 3492 3992; x_wconf 74' lang='lat' dir='ltr'><strong>doctrina:</strong></span> 
     </span>
    </p>
   </div>
   <div class='ocr_carea' id='block_1_95' title="bbox 1919 4027 3490 4098">
    <p class='ocr_par' dir='ltr' id='par_1_95' title="bbox 1919 4027 3490 4098">
     <span class='ocr_line' id='line_1_95' title="bbox 1919 4027 3490 4098; baseline -0.002 -18"><span class='ocrx_word' id='word_1_671' title='bbox 1919 4029 2139 4082; x_wconf 89' lang='lat' dir='ltr'><strong>initium</strong></span> <span class='ocrx_word' id='word_1_672' title='bbox 2193 4028 2396 4082; x_wconf 85' lang='lat' dir='ltr'><strong>factum</strong></span> <span class='ocrx_word' id='word_1_673' title='bbox 2449 4038 2587 4088; x_wconf 86' lang='lat' dir='ltr'><strong>erat,</strong></span> <span class='ocrx_word' id='word_1_674' title='bbox 2651 4037 2813 4098; x_wconf 86' lang='lat' dir='ltr'><strong>atque</strong></span> <span class='ocrx_word' id='word_1_675' title='bbox 2859 4029 3205 4083; x_wconf 86' lang='lat' dir='ltr'><strong>crediderant</strong></span> <span class='ocrx_word' id='word_1_676' title='bbox 3264 4027 3490 4081; x_wconf 89' lang='lat' dir='ltr'><strong>omnino</strong></span> 
     </span>
    </p>
   </div>
   <div class='ocr_carea' id='block_1_96' title="bbox 1918 4117 3492 4187">
    <p class='ocr_par' dir='ltr' id='par_1_96' title="bbox 1918 4117 3492 4187">
     <span class='ocr_line' id='line_1_96' title="bbox 1918 4117 3492 4187; baseline -0.003 -15"><span class='ocrx_word' id='word_1_677' title='bbox 1918 4118 2186 4187; x_wconf 85' lang='lat' dir='ltr'><strong>baptisma</strong></span> <span class='ocrx_word' id='word_1_678' title='bbox 2258 4133 2380 4172; x_wconf 85' lang='lat' dir='ltr'><strong>esse</strong></span> <span class='ocrx_word' id='word_1_679' title='bbox 2445 4117 2828 4172; x_wconf 83' lang='lat' dir='ltr'><strong>remissionem</strong></span> <span class='ocrx_word' id='word_1_680' title='bbox 2899 4127 3298 4186; x_wconf 87' lang='lat' dir='ltr'><strong>peccatorum,</strong></span> <span class='ocrx_word' id='word_1_681' title='bbox 3362 4127 3492 4169; x_wconf 90' lang='lat' dir='ltr'><strong>tunc</strong></span> 
     </span>
    </p>
   </div>
   <div class='ocr_carea' id='block_1_97' title="bbox 1918 4207 3496 4280">
    <p class='ocr_par' dir='ltr' id='par_1_97' title="bbox 1918 4207 3496 4280">
     <span class='ocr_line' id='line_1_97' title="bbox 1918 4207 3496 4280; baseline -0.006 -16"><span class='ocrx_word' id='word_1_682' title='bbox 1918 4209 2153 4280; x_wconf 88' lang='lat' dir='ltr'><strong>Spiritus</strong></span> <span class='ocrx_word' id='word_1_683' title='bbox 2205 4210 2538 4279; x_wconf 75' lang='lat' dir='ltr'><strong>supervenit.</strong></span> <span class='ocrx_word' id='word_1_684' title='bbox 2586 4210 2900 4275; x_wconf 83' lang='lat' dir='ltr'><strong>Quinetiam</strong></span> <span class='ocrx_word' id='word_1_685' title='bbox 2953 4208 3151 4278; x_wconf 82' lang='lat' dir='ltr'><strong>linguis</strong></span> <span class='ocrx_word' id='word_1_686' title='bbox 3197 4207 3496 4275; x_wconf 85' lang='lat' dir='ltr'><strong>loqueban-</strong></span> 
     </span>
    </p>
   </div>
   <div class='ocr_carea' id='block_1_98' title="bbox 1921 4300 3493 4370">
    <p class='ocr_par' dir='ltr' id='par_1_98' title="bbox 1921 4300 3493 4370">
     <span class='ocr_line' id='line_1_98' title="bbox 1921 4300 3493 4370; baseline -0.003 -16"><span class='ocrx_word' id='word_1_687' title='bbox 1921 4310 2040 4354; x_wconf 88' lang='lat' dir='ltr'><strong>tur:</strong></span> <span class='ocrx_word' id='word_1_688' title='bbox 2096 4316 2218 4370; x_wconf 74' lang='lat' dir='ltr'><strong>qua:</strong></span> <span class='ocrx_word' id='word_1_689' title='bbox 2258 4317 2346 4354; x_wconf 90' lang='lat' dir='ltr'><strong>res</strong></span> <span class='ocrx_word' id='word_1_690' title='bbox 2407 4301 2591 4354; x_wconf 84' lang='lat' dir='ltr'><strong>animo</strong></span> <span class='ocrx_word' id='word_1_691' title='bbox 2642 4310 3020 4356; x_wconf 87' lang='lat' dir='ltr'><strong>consternatos</strong></span> <span class='ocrx_word' id='word_1_692' title='bbox 3072 4300 3330 4352; x_wconf 87' lang='lat' dir='ltr'><strong>reddebat</strong></span> <span class='ocrx_word' id='word_1_693' title='bbox 3376 4315 3493 4359; x_wconf 89' lang='lat' dir='ltr'><strong>eos,</strong></span> 
     </span>
    </p>
   </div>
   <div class='ocr_carea' id='block_1_99' title="bbox 1919 4389 3494 4460">
    <p class='ocr_par' dir='ltr' id='par_1_99' title="bbox 1919 4389 3494 4460">
     <span class='ocr_line' id='line_1_99' title="bbox 1919 4389 3494 4460; baseline -0.001 -18"><span class='ocrx_word' id='word_1_694' title='bbox 1919 4393 2010 4460; x_wconf 86' lang='lat' dir='ltr'><strong>qui</strong></span> <span class='ocrx_word' id='word_1_695' title='bbox 2046 4407 2153 4445; x_wconf 88' lang='lat' dir='ltr'><strong>una</strong></span> <span class='ocrx_word' id='word_1_696' title='bbox 2207 4407 2330 4445; x_wconf 91' lang='lat' dir='ltr'><strong>cum</strong></span> <span class='ocrx_word' id='word_1_697' title='bbox 2385 4392 2546 4446; x_wconf 85' lang='lat' dir='ltr'><strong>Petro</strong></span> <span class='ocrx_word' id='word_1_698' title='bbox 2607 4401 2894 4446; x_wconf 85' lang='lat' dir='ltr'><strong>venerant.</strong></span> <span class='ocrx_word' id='word_1_699' title='bbox 2952 4393 3128 4458; x_wconf 85' lang='lat' dir='ltr'><strong>Atque</strong></span> <span class='ocrx_word' id='word_1_700' title='bbox 3181 4390 3283 4443; x_wconf 84' lang='lat' dir='ltr'><strong>hoc</strong></span> <span class='ocrx_word' id='word_1_701' title='bbox 3332 4389 3494 4441; x_wconf 89' lang='lat' dir='ltr'><strong>modo</strong></span> 
     </span>
    </p>
   </div>
   <div class='ocr_carea' id='block_1_100' title="bbox 1919 4481 3494 4554">
    <p class='ocr_par' dir='ltr' id='par_1_100' title="bbox 1919 4481 3494 4554">
     <span class='ocr_line' id='line_1_100' title="bbox 1919 4481 3494 4554; baseline -0.004 -16"><span class='ocrx_word' id='word_1_702' title='bbox 1919 4483 2286 4538; x_wconf 82' lang='lat' dir='ltr'><strong>defensionem</strong></span> <span class='ocrx_word' id='word_1_703' title='bbox 2323 4482 2482 4538; x_wconf 83' lang='lat' dir='ltr'><strong>Petro</strong></span> <span class='ocrx_word' id='word_1_704' title='bbox 2516 4499 2762 4554; x_wconf 76' lang='lat' dir='ltr'><strong>magnam</strong></span> <span class='ocrx_word' id='word_1_705' title='bbox 2815 4481 2955 4535; x_wconf 88' lang='lat' dir='ltr'><strong>Deus</strong></span> <span class='ocrx_word' id='word_1_706' title='bbox 3011 4481 3272 4550; x_wconf 85' lang='lat' dir='ltr'><strong>parabat:</strong></span> <span class='ocrx_word' id='word_1_707' title='bbox 3340 4481 3494 4533; x_wconf 72' lang='lat' dir='ltr'><strong>Nun-</strong></span> 
     </span>
    </p>
   </div>
   <div class='ocr_carea' id='block_1_101' title="bbox 1920 4571 3494 4644">
    <p class='ocr_par' dir='ltr' id='par_1_101' title="bbox 1920 4571 3494 4644">
     <span class='ocr_line' id='line_1_101' title="bbox 1920 4571 3494 4644; baseline -0.002 -20"><span class='ocrx_word' id='word_1_708' title='bbox 1920 4574 2047 4644; x_wconf 85' lang='lat' dir='ltr'><strong>quid</strong></span> <span class='ocrx_word' id='word_1_709' title='bbox 2075 4590 2214 4642; x_wconf 88' lang='lat' dir='ltr'><strong>aqua</strong></span> <span class='ocrx_word' id='word_1_710' title='bbox 2242 4575 2358 4642; x_wconf 86' lang='lat' dir='ltr'><strong>quis</strong></span> <span class='ocrx_word' id='word_1_711' title='bbox 2391 4574 2662 4641; x_wconf 83' lang='lat' dir='ltr'><strong>prohibere</strong></span> <span class='ocrx_word' id='word_1_712' title='bbox 2693 4589 2783 4624; x_wconf 89' lang='lat' dir='ltr'><strong>nos</strong></span> <span class='ocrx_word' id='word_1_713' title='bbox 2827 4580 3016 4640; x_wconf 87' lang='lat' dir='ltr'><strong>potest,</strong></span> <span class='ocrx_word' id='word_1_714' title='bbox 3060 4587 3123 4623; x_wconf 87' lang='lat' dir='ltr'><strong>ne</strong></span> <span class='ocrx_word' id='word_1_715' title='bbox 3159 4571 3494 4637; x_wconf 81' lang='lat' dir='ltr'><strong>baptizentur</strong></span> 
     </span>
    </p>
   </div>
   <div class='ocr_carea' id='block_1_102' title="bbox 1919 4660 3491 4733">
    <p class='ocr_par' dir='ltr' id='par_1_102' title="bbox 1919 4660 3491 4733">
     <span class='ocr_line' id='line_1_102' title="bbox 1919 4660 3491 4733; baseline -0.003 -14"><span class='ocrx_word' id='word_1_716' title='bbox 1919 4666 2014 4719; x_wconf 85' lang='lat' dir='ltr'><strong>hi?</strong></span> <span class='ocrx_word' id='word_1_717' title='bbox 2067 4666 2133 4719; x_wconf 85' lang='lat' dir='ltr'><strong>Et</strong></span> <span class='ocrx_word' id='word_1_718' title='bbox 2187 4665 2609 4733; x_wconf 63' lang='lat' dir='ltr'><strong>quisnanrerat</strong></span> <span class='ocrx_word' id='word_1_719' title='bbox 2660 4679 2814 4733; x_wconf 76' lang='lat' dir='ltr'><strong>aqua:</strong></span> <span class='ocrx_word' id='word_1_720' title='bbox 2863 4677 3016 4726; x_wconf 90' lang='lat' dir='ltr'><strong>usus,</strong></span> <span class='ocrx_word' id='word_1_721' title='bbox 3074 4677 3198 4716; x_wconf 89' lang='lat' dir='ltr'><strong>eum</strong></span> <span class='ocrx_word' id='word_1_722' title='bbox 3254 4660 3491 4730; x_wconf 88' lang='lat' dir='ltr'><strong>Spiritus</strong></span> 
     </span>
    </p>
   </div>
   <div class='ocr_carea' id='block_1_103' title="bbox 1922 4750 3492 4824">
    <p class='ocr_par' dir='ltr' id='par_1_103' title="bbox 1922 4750 3492 4824">
     <span class='ocr_line' id='line_1_103' title="bbox 1922 4750 3492 4824; baseline -0.003 -14"><span class='ocrx_word' id='word_1_723' title='bbox 1922 4765 2145 4810; x_wconf 90' lang='lat' dir='ltr'><strong>sanctus</strong></span> <span class='ocrx_word' id='word_1_724' title='bbox 2202 4755 2458 4824; x_wconf 88' lang='lat' dir='ltr'><strong>delapsus</strong></span> <span class='ocrx_word' id='word_1_725' title='bbox 2506 4762 2652 4809; x_wconf 81' lang='lat' dir='ltr'><strong>esset</strong></span> <span class='ocrx_word' id='word_1_726' title='bbox 2701 4768 2865 4822; x_wconf 87' lang='lat' dir='ltr'><strong>super</strong></span> <span class='ocrx_word' id='word_1_727' title='bbox 2911 4752 3072 4806; x_wconf 87' lang='lat' dir='ltr'><strong>illos?</strong></span> <span class='ocrx_word' id='word_1_728' title='bbox 3123 4750 3276 4804; x_wconf 90' lang='lat' dir='ltr'><strong>Hunc</strong></span> <span class='ocrx_word' id='word_1_729' title='bbox 3331 4751 3492 4821; x_wconf 76' lang='lat' dir='ltr'><strong>igitur</strong></span> 
     </span>
    </p>
   </div>
   <div class='ocr_carea' id='block_1_104' title="bbox 1924 4842 3492 4915">
    <p class='ocr_par' dir='ltr' id='par_1_104' title="bbox 1924 4842 3492 4915">
     <span class='ocr_line' id='line_1_104' title="bbox 1924 4842 3492 4915; baseline -0.003 -15"><span class='ocrx_word' id='word_1_730' title='bbox 1924 4861 2080 4900; x_wconf 93' lang='lat' dir='ltr'><strong>usum</strong></span> <span class='ocrx_word' id='word_1_731' title='bbox 2110 4860 2210 4915; x_wconf 78' lang='lat' dir='ltr'><strong>ego</strong></span> <span class='ocrx_word' id='word_1_732' title='bbox 2261 4845 2458 4909; x_wconf 91' lang='lat' dir='ltr'><strong>dicam,</strong></span> <span class='ocrx_word' id='word_1_733' title='bbox 2510 4859 2573 4898; x_wconf 91' lang='lat' dir='ltr'><strong>ae</strong></span> <span class='ocrx_word' id='word_1_734' title='bbox 2633 4843 2947 4914; x_wconf 81' lang='lat' dir='ltr'><strong>mysterium</strong></span> <span class='ocrx_word' id='word_1_735' title='bbox 3007 4857 3267 4896; x_wconf 89' lang='lat' dir='ltr'><strong>arcanum</strong></span> <span class='ocrx_word' id='word_1_736' title='bbox 3334 4842 3492 4896; x_wconf 86' lang='lat' dir='ltr'><strong>vobis</strong></span> 
     </span>
    </p>
   </div>
   <div class='ocr_carea' id='block_1_105' title="bbox 1924 4933 3488 5004">
    <p class='ocr_par' dir='ltr' id='par_1_105' title="bbox 1924 4933 3488 5004">
     <span class='ocr_line' id='line_1_105' title="bbox 1924 4933 3488 5004; baseline -0.002 -14"><span class='ocrx_word' id='word_1_737' title='bbox 1924 4937 2193 4990; x_wconf 85' lang='lat' dir='ltr'><strong>rcvelabo.</strong></span> <span class='ocrx_word' id='word_1_738' title='bbox 2253 4936 2442 4990; x_wconf 91' lang='lat' dir='ltr'><strong>Divina</strong></span> <span class='ocrx_word' id='word_1_739' title='bbox 2513 4949 2610 5004; x_wconf 89' lang='lat' dir='ltr'><strong>per</strong></span> <span class='ocrx_word' id='word_1_740' title='bbox 2671 4949 2793 4989; x_wconf 86' lang='lat' dir='ltr'><strong>eam</strong></span> <span class='ocrx_word' id='word_1_741' title='bbox 2866 4933 3226 5004; x_wconf 81' lang='lat' dir='ltr'><strong>perﬁciuntur</strong></span> <span class='ocrx_word' id='word_1_742' title='bbox 3282 4933 3488 5002; x_wconf 80' lang='lat' dir='ltr'><strong>signa:</strong></span> 
     </span>
    </p>
   </div>
   <div class='ocr_carea' id='block_1_106' title="bbox 1925 5024 3492 5094">
    <p class='ocr_par' dir='ltr' id='par_1_106' title="bbox 1925 5024 3492 5094">
     <span class='ocr_line' id='line_1_106' title="bbox 1925 5024 3492 5094; baseline -0.001 -14"><span class='ocrx_word' id='word_1_743' title='bbox 1925 5027 2203 5094; x_wconf 87' lang='lat' dir='ltr'><strong>sepultura</strong></span> <span class='ocrx_word' id='word_1_744' title='bbox 2243 5036 2297 5080; x_wconf 87' lang='lat' dir='ltr'><strong>et</strong></span> <span class='ocrx_word' id='word_1_745' title='bbox 2355 5025 2722 5091; x_wconf 80' lang='lat' dir='ltr'><strong>mortiﬁcatio,</strong></span> <span class='ocrx_word' id='word_1_746' title='bbox 2776 5024 3014 5093; x_wconf 88' lang='lat' dir='ltr'><strong>itemque</strong></span> <span class='ocrx_word' id='word_1_747' title='bbox 3068 5024 3398 5078; x_wconf 86' lang='lat' dir='ltr'><strong>resurrectio</strong></span> <span class='ocrx_word' id='word_1_748' title='bbox 3435 5034 3492 5078; x_wconf 86' lang='lat' dir='ltr'><strong>et</strong></span> 
     </span>
    </p>
   </div>
   <div class='ocr_carea' id='block_1_107' title="bbox 1921 5115 3484 5186">
    <p class='ocr_par' dir='ltr' id='par_1_107' title="bbox 1921 5115 3484 5186">
     <span class='ocr_line' id='line_1_107' title="bbox 1921 5115 3484 5186; baseline -0.001 -15"><span class='ocrx_word' id='word_1_749' title='bbox 1921 5119 2048 5172; x_wconf 81' lang='lat' dir='ltr'><strong>vita.</strong></span> <span class='ocrx_word' id='word_1_750' title='bbox 2085 5118 2237 5172; x_wconf 90' lang='lat' dir='ltr'><strong>Sicut</strong></span> <span class='ocrx_word' id='word_1_751' title='bbox 2269 5119 2425 5173; x_wconf 90' lang='lat' dir='ltr'><strong>nobis</strong></span> <span class='ocrx_word' id='word_1_752' title='bbox 2456 5119 2613 5173; x_wconf 79' lang='lat' dir='ltr'><strong>facile</strong></span> <span class='ocrx_word' id='word_1_753' title='bbox 2645 5126 2728 5174; x_wconf 87' lang='lat' dir='ltr'><strong>est</strong></span> <span class='ocrx_word' id='word_1_754' title='bbox 2775 5115 3038 5186; x_wconf 88' lang='lat' dir='ltr'><strong>baptizari</strong></span> <span class='ocrx_word' id='word_1_755' title='bbox 3088 5126 3144 5170; x_wconf 90' lang='lat' dir='ltr'><strong>et</strong></span> <span class='ocrx_word' id='word_1_756' title='bbox 3172 5131 3484 5186; x_wconf 81' lang='lat' dir='ltr'><strong>emergere:</strong></span> 
     </span>
    </p>
   </div>
   <div class='ocr_carea' id='block_1_108' title="bbox 1921 5208 3488 5277">
    <p class='ocr_par' dir='ltr' id='par_1_108' title="bbox 1921 5208 3488 5277">
     <span class='ocr_line' id='line_1_108' title="bbox 1921 5208 3488 5277; baseline -0.001 -13"><span class='ocrx_word' id='word_1_757' title='bbox 1921 5211 1990 5264; x_wconf 83' lang='lat' dir='ltr'><strong>ita</strong></span> <span class='ocrx_word' id='word_1_758' title='bbox 2032 5211 2140 5264; x_wconf 85' lang='lat' dir='ltr'><strong>Deo</strong></span> <span class='ocrx_word' id='word_1_759' title='bbox 2193 5209 2349 5263; x_wconf 81' lang='lat' dir='ltr'><strong>facile</strong></span> <span class='ocrx_word' id='word_1_760' title='bbox 2393 5221 2475 5265; x_wconf 89' lang='lat' dir='ltr'><strong>est</strong></span> <span class='ocrx_word' id='word_1_761' title='bbox 2511 5220 2748 5265; x_wconf 73' lang='lat' dir='ltr'><strong>veterem</strong></span> <span class='ocrx_word' id='word_1_762' title='bbox 2803 5209 3080 5263; x_wconf 81' lang='lat' dir='ltr'><strong>hominem</strong></span> <span class='ocrx_word' id='word_1_763' title='bbox 3138 5208 3386 5277; x_wconf 83' lang='lat' dir='ltr'><strong>sepelire,</strong></span> <span class='ocrx_word' id='word_1_764' title='bbox 3433 5218 3488 5262; x_wconf 87' lang='lat' dir='ltr'><strong>et</strong></span> 
     </span>
    </p>
   </div>
   <div class='ocr_carea' id='block_1_109' title="bbox 1922 5298 3482 5369">
    <p class='ocr_par' dir='ltr' id='par_1_109' title="bbox 1922 5298 3482 5369">
     <span class='ocr_line' id='line_1_109' title="bbox 1922 5298 3482 5369; baseline -0.001 -17"><span class='ocrx_word' id='word_1_765' title='bbox 1922 5317 2119 5354; x_wconf 88' lang='lat' dir='ltr'><strong>novum</strong></span> <span class='ocrx_word' id='word_1_766' title='bbox 2150 5300 2457 5369; x_wconf 86' lang='lat' dir='ltr'><strong>designare.</strong></span> <span class='ocrx_word' id='word_1_767' title='bbox 2493 5300 2603 5356; x_wconf 88' lang='lat' dir='ltr'><strong>lloc</strong></span> <span class='ocrx_word' id='word_1_768' title='bbox 2631 5310 2812 5355; x_wconf 85' lang='lat' dir='ltr'><strong>autent</strong></span> <span class='ocrx_word' id='word_1_769' title='bbox 2848 5299 2908 5354; x_wconf 84' lang='lat' dir='ltr'><strong>ﬁt</strong></span> <span class='ocrx_word' id='word_1_770' title='bbox 2940 5299 3182 5362; x_wconf 90' lang='lat' dir='ltr'><strong>tertium,</strong></span> <span class='ocrx_word' id='word_1_771' title='bbox 3230 5309 3287 5351; x_wconf 92' lang='lat' dir='ltr'><strong>ut</strong></span> <span class='ocrx_word' id='word_1_772' title='bbox 3324 5298 3482 5351; x_wconf 64' lang='lat' dir='ltr'><strong>intel-</strong></span> 
     </span>
    </p>
   </div>
   <div class='ocr_carea' id='block_1_110' title="bbox 1922 5387 3484 5458">
    <p class='ocr_par' dir='ltr' id='par_1_110' title="bbox 1922 5387 3484 5458">
     <span class='ocr_line' id='line_1_110' title="bbox 1922 5387 3484 5458; baseline 0.001 -19"><span class='ocrx_word' id='word_1_773' title='bbox 1922 5389 2051 5458; x_wconf 80' lang='lat' dir='ltr'><strong>ligas</strong></span> <span class='ocrx_word' id='word_1_774' title='bbox 2083 5392 2322 5456; x_wconf 80' lang='lat' dir='ltr'><strong>potcntia</strong></span> <span class='ocrx_word' id='word_1_775' title='bbox 2355 5389 2532 5445; x_wconf 78' lang='lat' dir='ltr'><strong>Patris</strong></span> <span class='ocrx_word' id='word_1_776' title='bbox 2557 5401 2611 5445; x_wconf 89' lang='lat' dir='ltr'><strong>et</strong></span> <span class='ocrx_word' id='word_1_777' title='bbox 2641 5389 2758 5444; x_wconf 82' lang='lat' dir='ltr'><strong>Filii</strong></span> <span class='ocrx_word' id='word_1_778' title='bbox 2807 5399 2862 5443; x_wconf 90' lang='lat' dir='ltr'><strong>et</strong></span> <span class='ocrx_word' id='word_1_779' title='bbox 2888 5387 3127 5458; x_wconf 89' lang='lat' dir='ltr'><strong>Spiritus</strong></span> <span class='ocrx_word' id='word_1_780' title='bbox 3169 5389 3340 5442; x_wconf 88' lang='lat' dir='ltr'><strong>sancti</strong></span> <span class='ocrx_word' id='word_1_781' title='bbox 3377 5389 3484 5441; x_wconf 87' lang='lat' dir='ltr'><strong>illic</strong></span> 
     </span>
    </p>
   </div>
   <div class='ocr_carea' id='block_1_111' title="bbox 1918 5479 3483 5549">
    <p class='ocr_par' dir='ltr' id='par_1_111' title="bbox 1918 5479 3483 5549">
     <span class='ocr_line' id='line_1_111' title="bbox 1918 5479 3483 5549; baseline 0 -19"><span class='ocrx_word' id='word_1_782' title='bbox 1918 5481 2096 5533; x_wconf 82' lang='lat' dir='ltr'><strong>omnia</strong></span> <span class='ocrx_word' id='word_1_783' title='bbox 2152 5482 2354 5548; x_wconf 85' lang='lat' dir='ltr'><strong>perlici.</strong></span> <span class='ocrx_word' id='word_1_784' title='bbox 2416 5483 2490 5536; x_wconf 80' lang='lat' dir='ltr'><strong>Ac</strong></span> <span class='ocrx_word' id='word_1_785' title='bbox 2560 5498 2665 5536; x_wconf 90' lang='lat' dir='ltr'><strong>non</strong></span> <span class='ocrx_word' id='word_1_786' title='bbox 2725 5493 2845 5535; x_wconf 88' lang='lat' dir='ltr'><strong>esse</strong></span> <span class='ocrx_word' id='word_1_787' title='bbox 2897 5479 3265 5549; x_wconf 81' lang='lat' dir='ltr'><strong>conjecturam</strong></span> <span class='ocrx_word' id='word_1_788' title='bbox 3335 5479 3483 5544; x_wconf 84' lang='lat' dir='ltr'><strong>quod</strong></span> 
     </span>
    </p>
   </div>
   <div class='ocr_carea' id='block_1_112' title="bbox 1917 5569 3482 5637">
    <p class='ocr_par' dir='ltr' id='par_1_112' title="bbox 1917 5569 3482 5637">
     <span class='ocr_line' id='line_1_112' title="bbox 1917 5569 3482 5637; baseline -0.001 -15"><span class='ocrx_word' id='word_1_789' title='bbox 1917 5573 2058 5632; x_wconf 85' lang='lat' dir='ltr'><strong>dico,</strong></span> <span class='ocrx_word' id='word_1_790' title='bbox 2087 5573 2208 5623; x_wconf 81' lang='lat' dir='ltr'><strong>:tudi</strong></span> <span class='ocrx_word' id='word_1_791' title='bbox 2243 5572 2468 5627; x_wconf 81' lang='lat' dir='ltr'><strong>Paulum</strong></span> <span class='ocrx_word' id='word_1_792' title='bbox 2519 5574 2828 5628; x_wconf 87' lang='lat' dir='ltr'><strong>dicentem:</strong></span> <span class='ocrx_word' id='word_1_793' title='bbox 2875 5569 2989 5625; x_wconf 80' lang='lat' dir='ltr'><strong>Una</strong></span> <span class='ocrx_word' id='word_1_794' title='bbox 3023 5586 3139 5624; x_wconf 84' lang='lat' dir='ltr'><strong>cum</strong></span> <span class='ocrx_word' id='word_1_795' title='bbox 3193 5583 3254 5624; x_wconf 88' lang='lat' dir='ltr'><strong>eo</strong></span> <span class='ocrx_word' id='word_1_796' title='bbox 3291 5569 3482 5637; x_wconf 77' lang='lat' dir='ltr'><strong>sepulti</strong></span> 
     </span>
    </p>
   </div>
   <div class='ocr_carea' id='block_1_113' title="bbox 1442 5759 2328 5821">
    <p class='ocr_par' dir='ltr' id='par_1_113' title="bbox 1442 5759 2328 5821">
     <span class='ocr_line' id='line_1_113' title="bbox 1442 5759 2328 5821; baseline 0.002 -5"><span class='ocrx_word' id='word_1_797' title='bbox 1442 5759 1637 5817; x_wconf 60' lang='lat' dir='ltr'><strong>Vi&#39;ll‘iil‘</strong></span> <span class='ocrx_word' id='word_1_798' title='bbox 1687 5760 1989 5820; x_wconf 64' lang='lat' dir='ltr'><strong>lecllurzcs</strong></span> <span class='ocrx_word' id='word_1_799' title='bbox 2041 5774 2095 5820; x_wconf 64' lang='lat' dir='ltr'><strong>(si</strong></span> <span class='ocrx_word' id='word_1_800' title='bbox 2145 5781 2328 5821; x_wconf 55' lang='lat' dir='ltr'><strong>linat.</strong></span> 
     </span>
    </p>
   </div>
   <div class='ocr_carea' id='block_1_114' title="bbox 319 5855 1393 5924">
    <p class='ocr_par' dir='ltr' id='par_1_114' title="bbox 319 5855 1393 5924">
     <span class='ocr_line' id='line_1_114' title="bbox 319 5855 1393 5924; baseline -0.005 -18"><span class='ocrx_word' id='word_1_801' title='bbox 319 5862 356 5883; x_wconf 82' lang='lat'>&quot;</span> <span class='ocrx_word' id='word_1_802' title='bbox 395 5855 484 5923; x_wconf 71' lang='lat' dir='ltr'><strong>.‘l&#39;rl</strong></span> <span class='ocrx_word' id='word_1_803' title='bbox 525 5872 621 5905; x_wconf 81' lang='lat' dir='ltr'><strong>non</strong></span> <span class='ocrx_word' id='word_1_804' title='bbox 662 5866 731 5908; x_wconf 69' lang='lat' dir='ltr'><strong>cst</strong></span> <span class='ocrx_word' id='word_1_805' title='bbox 763 5873 812 5907; x_wconf 85' lang='lat' dir='ltr'><strong>tu</strong></span> <span class='ocrx_word' id='word_1_806' title='bbox 849 5858 1145 5924; x_wconf 60' lang='lat' dir='ltr'><strong>«ruuntplu-</strong></span> <span class='ocrx_word' id='word_1_807' title='bbox 1182 5873 1393 5909; x_wconf 50' lang='lat' dir='ltr'><strong>“unum;</strong></span> 
     </span>
    </p>
   </div>
   <div class='ocr_carea' id='block_1_115' title="bbox 1499 5861 1874 5932">
    <p class='ocr_par' dir='ltr' id='par_1_115' title="bbox 1499 5861 1874 5932">
     <span class='ocr_line' id='line_1_115' title="bbox 1499 5861 1874 5932; baseline -0.019 -20"><span class='ocrx_word' id='word_1_808' title='bbox 1499 5862 1534 5882; x_wconf 75' lang='grc'><strong>¹”</strong></span> <span class='ocrx_word' id='word_1_809' title='bbox 1574 5861 1631 5912; x_wconf 81' lang='lat' dir='ltr'><strong>In</strong></span> <span class='ocrx_word' id='word_1_810' title='bbox 1669 5864 1874 5932; x_wconf 57' lang='lat' dir='ltr'><strong>tiu/gmw</strong></span> 
     </span>
    </p>
   </div>
   <div class='ocr_carea' id='block_1_116' title="bbox 1911 5863 2631 5922">
    <p class='ocr_par' dir='ltr' id='par_1_116' title="bbox 1911 5863 2631 5922">
     <span class='ocr_line' id='line_1_116' title="bbox 1911 5863 2631 5922; baseline -0.004 -6"><span class='ocrx_word' id='word_1_811' title='bbox 1911 5883 2005 5918; x_wconf 54' lang='lat'><strong>&quot;&#39;3&quot;</strong></span> <span class='ocrx_word' id='word_1_812' title='bbox 2064 5873 2317 5922; x_wconf 66' lang='grc' dir='ltr'><strong>(Νηοιῖἱιῌ</strong></span> <span class='ocrx_word' id='word_1_813' title='bbox 2363 5880 2430 5918; x_wconf 55' lang='lat' dir='ltr'><strong>to&quot;</strong></span> <span class='ocrx_word' id='word_1_814' title='bbox 2553 5885 2631 5914; x_wconf 71' lang='lat' dir='ltr'><strong>T&#39;l&#39;</strong></span> 
     </span>
    </p>
   </div>
  </div>
