4184 6458
135 434 241 494 673

136 545 288 602 dicit,
323 553 377 592 et
424 556 532 594 non
588 539 698 594 vult
739 540 814 592 uti
865 541 1125 608 dignitate
1172 538 1436 608 magistri.
1489 539 1703 602 Quanto
1741 537 1886 590 enim
1918 537 2105 590 mitius
2166 551 2230 590 ac
2303 536 2589 606 benignius
2644 532 2904 603 loquitur,

135 649 231 687 eos
275 633 323 685 in
375 647 532 685 suam
589 641 910 700 potestatein
960 639 1124 697 atque
1167 629 1495 681 sententiam
1530 625 1768 680 adducit.

821 429 1219 488 EXFOSlTlﬁ
1259 430 1331 486 ΙΝ
1368 429 1547 487 ACTA
1587 427 2154 488 APOSTULORUM.
2209 453 2251 461 -
2296 428 2448 488 CAP.
2482 427 2585 489 Χῐ.

3275 420 3374 492 675

2994 539 3147 589 tanto
3203 549 3380 606 magis

208 729 318 782 Kal
371 728 505 782 ιδοὺ
545 728 612 791 ἐξ
653 725 842 793 αὐτῆς
903 726 1055 793 τρεῖς
1104 725 1318 792 ἇνδρες
1363 722 1713 788 ἐπέστησαν

1887 723 2047 778 Vens.
2077 723 2161 776 ll.
2198 722 2262 776 Et
2315 740 2427 777 ecce
2457 720 2714 790 extemplo
2759 721 2859 774 eiri
2895 730 2998 774 tres
3033 727 3222 788 pra'sto
3265 717 3381 788 {ui--

135 815 230 866 ἑπι
270 815 381 881 τὴν
417 815 634 878 οὶκίαν,
674 815 742 867 ὲν
783 809 822 885 ᾐ
856 813 1039 882 ἢμην,
1088 812 1532 882 ἀπεσταλμένοι
1591 812 1709 866 ἀπὸ

137 909 497 971 Καισαρείας
521 907 671 972 πρός
703 921 800 973 με.

210 995 362 1048 Εἷπε
413 994 481 1046 δέ
533 1011 635 1061 μοι
679 995 744 1047 τὸ
800 993 1067 1062 Πνεῦμα,
1117 991 1440 1046 συνελθεῖν
1484 991 1709 1056 αὐτοῖς,

131 1087 326 1154 μηδὲν
359 1087 815 1154 διακρινόμενον
834 1102 847 1115 ο
878 1081 1070 1154 ἦλθον
1101 1083 1170 1136 δὲ
1211 1085 1334 1137 σὺν
1368 1083 1495 1151 ἐμοὶ
1525 1082 1622 1135 καὶ
1657 1084 1712 1135 οι

136 1179 201 1239 ἓξ
228 1177 487 1246 ἀδελφοί
514 1173 702 1241 οὗτοι,
738 1177 837 1230 καὶ
867 1176 1233 1247 εἰσήλθομεν
1277 1176 1366 1242 εις
1399 1176 1508 1229 τὸν
1543 1170 1714 1229 οἷκον

137 1269 244 1320 τοῦ
275 1268 503 1333 ἀνδρός
523 1284 538 1299 ⁸

218 1358 576 1428 Ἀπιῖγγειλέ
607 1375 672 1412 τε
710 1359 852 1427 ἡμῖν
896 1357 1022 1425 πῶς
1049 1355 1170 1413 εἶδε
1210 1359 1318 1413 τὸν
1345 1359 1603 1426 ἄγγελον
1646 1357 1714 1410 ἐν

137 1451 214 1515 τῷ
259 1454 409 1517 οῖκῳ
465 1452 654 1505 αὐτοῦ
699 1452 996 1504 σταθέντα
1050 1450 1148 1505 καὶ
1203 1452 1449 1505 εἰπόντα
1509 1449 1669 1513 αὐτῷ
1693 1465 1708 1480 ο

149 1543 549 1596 Ἀπόστειλον
569 1545 656 1606 είς
684 1543 935 1609 Ἰόππην
952 1540 1307 1610 ἀνδρας-,καὶ
1329 1541 1710 1611 μετάπεμψαι

136 1637 374 1703 Σίμωνα
400 1636 508 1689 τὸν
532 1636 1012 1705 ἐπικαλούμενον
1041 1634 1290 1702 Πέτρον,

209 1729 321 1793 Ὃς
352 1728 615 1792 ,λαλήσει
657 1725 894 1794 ῥήματα
926 1726 1072 1794 πρὸς
1109 1727 1206 1792 σὲ,
1229 1727 1298 1779 ἐν
1341 1719 1433 1790 οἷς
1457 1725 1709 1792 σωθήσῃ

138 1817 215 1869 σὺ
250 1817 354 1870 καὶ
382 1815 504 1882 πᾶς
529 1819 562 1870 ὁ
585 1813 748 1882 οἵκός
776 1833 913 1871 σου.

217 1909 318 1960 ἐν
353 1907 423 1960 δὲ
452 1906 530 1971 τῷ
555 1908 599 1938 ³⁸
639 1907 937 1974 ἄρξασθαί
962 1922 1041 1975 με
1083 1905 1317 1970 λαλεῖν,
1350 1905 1612 1960 ἐπέπεσε
1644 1905 1710 1958 τὸ

141 1999 385 2068 Πνεῦμα
414 2001 476 2052 τὸ
501 1999 672 2068 ἄτιον
699 1998 791 2052 ἐπ’
819 1997 1062 2063 αὐτοὺς,
1086 1996 1288 2066 ὥσπερ
1320 1998 1420 2052 καὶ
1441 1997 1533 2066 ἐφ’
1555 1995 1712 2065 ἡμᾶς

140 2092 204 2140 ἐν
237 2089 424 2158 ἀρχῇ.

221 2182 574 2248 Ἐμνήσθην
600 2180 667 2233 δὲ
690 2181 798 2234 τοῦ
828 2180 1100 2249 ῥήματος
1137 2179 1181 2212 ¹⁶
1211 2178 1317 2232 τοῦ
1355 2177 1596 2246 Κυρίου.
1633 2177 1712 2242 ὡς
1742 2249 1746 2256 _

141 2272 355 2338 ἔλεγεν
388 2272 476 2325 ὅτι
512 2271 789 2338 Ἰωάννης
808 2273 924 2340 μὲν
951 2271 1277 2325 ἐϐάπτισεν
1299 2270 1508 2336 ὕδατι,
1544 2268 1713 2339 ὑμεῖς

143 2364 204 2415 δὲ
225 2363 731 2428 ,ϐαπτισθήσεσθε
761 2365 832 2416 ἐν
865 2365 1160 2432 Πνεύματι
1190 2363 1355 2432 ἁγίῳ.

206 2460 272 2510 ει
304 2451 421 2510 οὖν
454 2455 568 2523 τὴν
593 2457 738 2522 ῐσην
759 2455 985 2523 δωρεὰν
1010 2455 1232 2509 ἔδωκεν
1253 2455 1458 2521 αὐτοῖς
1488 2457 1520 2508 ὁ
1543 2454 1710 2518 Θεὸς,

246 2546 345 2598 καὶ
369 2546 516 2614 ἡμῖν
537 2548 942 2600 πιστεύσασιν
966 2546 1066 2602 ἐπὶ
1097 2548 1204 2600 τὸν
1228 2547 1448 2614 Κύριον
1469 2543 1714 2612 Ἰησοῦν

145 2640 399 2703 Χριστόν
419 2654 434 2667 ο
463 2637 578 2705 ἐγὼ
604 2637 673 2690 δὲ
703 2639 795 2701 τίς
819 2637 982 2705 ἥμην
1003 2635 1266 2701 δυνατὸς
1301 2635 1573 2690 κωλῦσαι
1605 2636 1712 2688 τὸν

147 2732 290 2779 θεσῖν
311 2746 330 2779 :

210 2771 617 2861 έᾸκούσαν-τες
635 2797 704 2850 δὲ
731 2797 933 2863 ταῦτα,
951 2797 1281 2865 ἡσύχασαν
1309 2797 1406 2850 καὶ
1432 2793 1714 2860 ἐδόξαζον

148 2885 247 2936 τὸν
281 2885 457 2948 Θεὸν,
495 2883 776 2952 λέγοντες
795 2901 810 2914 ·
841 2879 984 2952 Ἀρά
1012 2901 1078 2953 γε
1100 2883 1142 2914 ⁸⁸
1181 2885 1278 2936 καὶ
1313 2883 1436 2950 τοῖς
1468 2883 1713 2937 ἔθνεσιν

149 2975 178 3023 ὀ
210 2971 354 3037 Θεὸς
382 2973 499 3037 τὴν
521 2971 847 3041 μετάνοιαν
866 2973 1088 3026 ἔδωκεν
1107 2975 1193 3037 εὶς
1219 2971 1390 3039 ζωήν.

214 3152 439 3209 Ἦλθον
482 3154 551 3207 δὲ
595 3154 718 3208 σὺν
750 3155 878 3225 ἐμοὶ
916 3156 1012 3208 καὶ
1045 3159 1099 3209 οἱ
1143 3155 1213 3220 ἒξ
1249 3155 1496 3224 ἀδελφοὶ
1525 3151 1710 3212 οὗτοι.

152 3246 308 3299 Οὐδὲν
340 3247 745 3316 ταπεινότερον,
794 3249 922 3299 ὅταν
953 3249 1060 3300 τῶν
1091 3248 1336 3316 ἀδελφῶν
1366 3250 1465 3320 τὴν
1497 3267 1704 3321 μαρτυ-

1812 826 1934 870 runt
1970 819 2023 869 in
2053 816 2274 882 (edibus,
2322 817 2376 868 in
2426 814 2612 886 quibus
2635 829 2803 874 eram,
2852 830 2884 866 a
2935 811 3178 868 Cwsaren
3232 811 3378 864 missi

1811 908 1882 960 ad
1909 923 2008 960 me.

1884 995 2043 1052 Vens.
2073 997 2157 1051 12.
2211 999 2287 1050 Ac
2315 998 2447 1050 dixit
2477 997 2602 1050 mihi
2645 994 2914 1063 Spiritus,
2972 1003 3028 1048 ut
3081 993 3214 1048 irem
3261 1009 3378 1046 cum

1812 1087 1918 1139 illis
1954 1088 2084 1140 nihil
2119 1088 2388 1140 lia'sitans.
2421 1086 2676 1139 Venerunt
2727 1097 2904 1139 autem
2962 1100 3162 1136 mecum
3209 1083 3374 1138 etiam

1811 1177 1900 1230 isti
1929 1179 2120 1248 fratres
2152 1193 2264 1239 sex,
2295 1187 2343 1230 et
2371 1176 2589 1245 ingressi
2611 1191 2791 1227 sumus
2809 1175 3021 1227 domum
3048 1170 3173 1234 viri,

1885 1355 2047 1410 Vens.
2073 1355 2160 1409 15.
2187 1355 2288 1419 Qui
2309 1357 2548 1416 exposuit
2576 1352 2740 1413 nobis,
2772 1349 3211 1422 quemadmodum
3237 1349 3377 1401 domi

1811 1464 1922 1503 sure
1975 1448 2182 1501 vidisset
2237 1447 2482 1514 angelum
2545 1453 2768 1498 stantem
2824 1459 2888 1495 ac
2945 1443 3202 1495 dicentem
3231 1440 3376 1492 sibi:

1813 1539 1966 1594 Mitte
1997 1541 2135 1593 viros
2156 1539 2210 1591 in
2237 1537 2458 1608 Joppen,
2494 1547 2541 1590 et
2599 1551 2808 1590 accerse
2855 1533 3140 1599 Simonem,
3190 1547 3380 1603 cogno-

1813 1641 1984 1686 mento
2017 1629 2255 1690 Petrum,

1886 1717 2052 1774 Vens.
2087 1717 2174 1771 Η.
2201 1717 2302 1780 Qui
2331 1716 2570 1784 loquetur
2588 1715 2740 1768 verba
2771 1715 2841 1768 ad
2865 1723 2936 1779 te,
2983 1713 3171 1782 quibus
3202 1727 3382 1766 serva-

1813 1808 1948 1860 beris
1981 1816 2035 1858 tu
2075 1815 2122 1858 et
2156 1814 2262 1857 tota
2287 1805 2474 1857 donms
2508 1813 2622 1856 tua.

1883 1895 2042 1950 Vens.
2077 1895 2164 1948 15.
2193 1894 2323 1950 Cum
2353 1905 2528 1948 autem
2561 1893 2824 1962 ca'pissem
2851 1891 3013 1962 loqui,
3060 1892 3216 1944 irruit
3257 1889 3381 1959 Spi-

1813 1987 1945 2038 ritus
1975 1993 2191 2037 sanctus
2219 1982 2236 2022 ι
2264 1985 2318 2036 in
2340 1983 2477 2044 illos,
2516 1982 2956 2052 quemadmodum
2984 1981 3214 2034 etiamin
3237 1981 3384 2032 initio

1739 2049 1786 2108 Β
1815 2078 1867 2128 in
1900 2091 2012 2128 nos.

1889 2164 2043 2217 Vens.
2077 2163 2162 2216 16.
2201 2161 2326 2216 Tum
2361 2161 2666 2214 recordatus
2695 2175 2810 2212 sum
2839 2158 2977 2212 verbi
3007 2156 3240 2218 Domini,
3267 2172 3386 2210 cum

1813 2256 2004 2310 diceret
2031 2253 2307 2308 :Joannes
2331 2253 2537 2322 quidem
2569 2267 2710 2320 aqua
2738 2249 3031 2319 baptizavit
3056 2265 3074 2302 :
3106 2264 3189 2302 ros
3210 2258 3386 2303 autent

1811 2345 2207 2412 baptizabimini
2236 2344 2292 2396 in
2319 2342 2524 2410 Spiritu
2552 2350 2754 2394 saneto.

1887 2435 2049 2489 Vens.
2077 2435 2162 2488 i7.
2212 2433 2271 2488 Si
2306 2435 2472 2503 igitur
2501 2433 2635 2484 idem
2667 2433 2858 2484 donum
2905 2431 3048 2484 dedit
3091 2430 3164 2483 eis
3217 2429 3381 2494 Deus,

1813 2530 1950 2595 quod
2003 2536 2051 2581 et
2117 2527 2301 2591 nobis,
2369 2525 2460 2594 qui
2521 2523 2916 2576 eredideramus
2980 2522 3036 2574 in
3098 2521 3381 2575 Dominum

1811 2618 1989 2672 Jesum
2011 2617 2312 2672 Christum:
2370 2632 2464 2687 ego
2496 2631 2614 2669 vero
2665 2615 2760 2684 qui
2795 2613 3077 2683 potuissem
3121 2612 3388 2682 prohibere

1813 2708 1979 2761 Deum
2003 2709 2028 2760 .9

1888 2799 2048 2854 Vens.
2089 2800 2172 2854 18.
2226 2799 2424 2864 Quibus
2464 2797 2572 2850 illis
2618 2796 2841 2860 auditis,
2905 2796 3287 2858 conticuerunt,
3339 2806 3388 2849 et

1813 2890 2236 2962 gloriﬁcaverunt
2271 2889 2434 2942 Deum
2458 2889 2685 2940 dicentes
2701 2903 2720 2940 :
2740 2885 2877 2956 Ergo
2900 2887 3089 2939 exteris
3112 2886 3220 2956 97
3255 2903 3356 2956 quo
3375 2919 3387 2929 -

1814 2997 1915 3047 quc
1978 2981 2282 3034 nationibus
2357 2978 2494 3032 Deus
2567 2977 2927 3046 ptruitentiam
2985 2977 3128 3029 dedit
3187 2977 3257 3029 ad
3308 2977 3388 3029 ei-

1815 3082 1950 3124 tant.

1891 3162 2145 3216 Venerunt
2195 3169 2374 3213 autem
2424 3173 2630 3211 mecum
2685 3158 2846 3210 etiam
2892 3157 2978 3210 isti
3024 3156 3215 3226 fratres
3274 3170 3383 3208 sex.

1816 3251 1961 3307 Nihil
2010 3253 2189 3322 potuit
2241 3251 2354 3305 ﬁeri
2405 3249 2703 3312 humilius,
2764 3263 2926 3317 quam
2980 3262 3102 3301 cum
3159 3246 3386 3300 fratrum

156 3337 266 3403 ρίαν
307 3337 585 3404 ἐπείγηται
607 3349 622 3364 ⁸
649 3335 773 3387 οὔτε
799 3337 866 3389 τὰ
887 3337 1037 3405 παρά
1067 3338 1160 3390 τοῦ
1196 3339 1424 3405 ἀγγέλου
1460 3341 1712 3409 ρηθέντα,

1819 3343 2188 3400 testimonium
2244 3341 2515 3411 producit.
2584 3339 2773 3408 Neque
2841 3337 3067 3408 exponit
3124 3352 3207 3401 ca,
3267 3353 3389 3406 qua:

153 3425 185 3479 ἃ.
219 3423 333 3478 εἷπε
367 3427 449 3496 τῷ
485 3426 770 3496 Κορνηλίῳ
793 3442 806 3456 ο
839 3429 904 3479 Al
936 3427 1112 3495 εὐχαί
1139 3442 1256 3481 σου
1304 3428 1403 3481 καὶ
1442 3431 1502 3480 αἱ
1529 3430 1714 3495 ἐλεη-

1817 3435 2034 3491 dixerat
2059 3432 2286 3502 angelus
2311 3432 2379 3485 ad
2415 3429 2751 3494 Cornelium,
2795 3442 2992 3496 nempe
3047 3426 3237 3480 Preces
3283 3437 3388 3479 tua:

150 3519 405 3583 μοσύναι
436 3531 554 3569 σου
588 3533 602 3546 ·
636 3514 759 3568 οὕτε
813 3515 942 3585 περὶ
995 3519 1094 3586 τῆς
1145 3518 1448 3581 ἐπιεικείας
1495 3519 1714 3584 διέξεισι

153 3609 239 3660 τοῦ
264 3609 457 3676 ἀνδρός
481 3623 496 3638 ·
529 3606 649 3660 οὐδὲ
684 3605 851 3673 λέγει,
888 3607 968 3660 ὅτι
997 3606 1088 3659 τοῦ
1121 3608 1432 3676 Πνεύματος
1469 3609 1717 3680 πέμψαν-

154 3714 258 3760 τος,
290 3697 385 3749 τοῦ
417 3694 556 3748 Θεοῦ
600 3693 954 3757 κελεύσαντος
999 3696 1087 3749 διὰ
1119 3693 1212 3748 τοῦ
1247 3695 1479 3762 ἀγγέλου
1505 3696 1716 3748 ἐκεῖθεν

157 3785 481 3841 καλέσαντος
513 3799 529 3814 ο
581 3782 696 3834 ἀλλ’
742 3783 852 3836 ἀπο
903 3781 995 3834 τοῦ
1055 3781 1284 3851 ὑστέρου
1336 3781 1668 3854 ἰσχυρίζεται
1699 3799 1716 3815 ο

156 3871 183 3923 ὃ
208 3873 296 3922 καὶ
318 3870 445 3922 καθ’
485 3867 618 3922 αὐτὸ
649 3869 1129 3939 ἀναμφισϐήτητον
1159 3862 1227 3939 ἦν
1255 3870 1572 3938 τεκμήριον.
1607 3868 1721 3920 Οὐκ

158 3962 400 4029 ἀρκεῖται
451 3958 508 4011 δὲ
563 3959 674 4020 τοῖς
732 3959 1087 4029 εἰρημένοις,
1145 3957 1280 4010 ἀλλὰ
1329 3958 1423 4008 καὶ
1477 3957 1719 4026 ῥήματος

156 4054 554 4122 ἀναμιμνήσκει
585 4049 676 4102 τοῦ
713 4051 942 4116 Κυρίου,
977 4049 1036 4100 τὸ
1057 4050 1125 4112 ",
1176 4047 1361 4115 Ὑμεῖς
1395 4047 1463 4099 δὲ
1496 4049 1718 4112 βαπτι-

157 4143 456 4210 σθήσεσθε
489 4141 560 4192 ἑν
588 4140 881 4206 Πνεύματι
908 4140 1074 4205 ἁγιῳ.
1115 4138 1302 4199 Οὐδὲν,
1335 4139 1488 4206 φησὶ,
1532 4139 1716 4190 καινό-

157 4255 300 4306 τερον
327 4240 557 4305 γέγονεν
580 4250 592 4263 ⁶
638 4233 753 4286 ἀλλ’
783 4233 921 4303 ὅπερ
960 4235 1240 4301 προεῖπεν.
1299 4232 1444 4284 Ἀλλ’
1473 4233 1572 4284 οὐκ
1612 4233 1720 4286 ἔδει

163 4328 408 4396 βαπτίσαι
437 4344 452 4358 ο
503 4323 620 4376 ἀλλ’
667 4323 970 4392 ἀπήρτιστο
1018 4321 1078 4373 τὸ
1139 4319 1441 4390 βάπτισμα.
1514 4324 1623 4375 Καὶ
1660 4324 1720 4374 οὐ

162 4419 316 4485 λέγει,
360 4415 659 4468 Ἐχέλευσα
691 4414 884 4474 αὖτοὺς
919 4411 1303 4480 βαπτισθῆναι,
1337 4411 1474 4463 ἀλλὰ
1506 4415 1709 4466 δείκνυ-

162 4524 235 4558 σιν
287 4507 456 4560 αὑτὸν
525 4504 677 4555 οὐδὲν
729 4504 1059 4572 ποιήσαντα.
1119 4502 1298 4568 Ὅπερ
1365 4504 1750 4573 ἐσχήκαμεν,

162 4599 328 4663 φησιν,
372 4598 557 4666 ἡμεῖς,
589 4592 777 4644 ἔλαϐον
824 4593 1037 4644 ἐκεῖνοι.
1062 4593 1127 4644 Ei
1149 4587 1262 4645 οὖν
1291 4592 1406 4658 τὴν
1440 4593 1585 4661 ἴσην
1613 4595 1718 4648 δωο

1815 3536 1864 3580 et
1903 3525 2240 3592 eleemosyna:
2287 3530 2427 3575 tute:
2461 3535 2636 3590 neque
2665 3519 2829 3573 verba
2856 3518 2984 3572 facit
3026 3517 3093 3572 de
3121 3516 3391 3586 probitate

1815 3631 1878 3670 ac
1906 3614 2239 3684 benignitate
2269 3612 2392 3677 viri,
2421 3625 2598 3681 neque
2624 3610 2775 3672 dicit.
2801 3623 2860 3664 se
2905 3607 3075 3677 missu
3131 3608 3388 3677 Spiritus,

1814 3710 1968 3777 jussu
1999 3705 2092 3759 Dei
2143 3719 2243 3774 per
2272 3703 2526 3772 angelum
2582 3701 2733 3756 illinc
2760 3699 3040 3755 evocantis
3082 3698 3388 3769 proiectum

1821 3805 1977 3844 esse:
2035 3791 2131 3846 sed
2176 3806 2206 3844 a
2240 3792 2544 3858 posteriore
2597 3791 2798 3845 factum
2856 3805 3015 3845 suum
3073 3795 3396 3863 comprobat

1819 3889 1984 3949 atque
2038 3879 2346 3935 continuat.
2400 3879 2555 3945 Quod
2583 3890 2639 3934 et
2669 3896 2764 3948 per
2808 3895 2868 3935 se
2913 3890 3122 3936 certum
3173 3890 3291 3936 erat
3340 3891 3395 3935 et

1822 3970 2048 4026 minime
2075 3970 2387 4040 ambiguum
2420 3981 2826 4040 argumentum.
2852 3969 2958 4023 Sed
2983 3968 3069 4023 his
3094 3968 3256 4023 dictis
3284 3985 3392 4024 non

1819 4070 1904 4116 est
1928 4070 2238 4114 contentus.
2267 4061 2573 4126 Quinetiam
2597 4060 2743 4115 verbi
2767 4059 3032 4113 Dominici
3062 4059 3392 4113 mentionem

1822 4151 1986 4204 facit:
2038 4165 2254 4219 nempe,
2293 4151 2386 4204 Vos
2443 4151 2842 4220 baptizabimini
2866 4153 2918 4203 in
2949 4148 3151 4217 Spiritu
3189 4160 3389 4215 sancto.

1822 4241 1965 4295 Nihil
1993 4257 2216 4300 novum.
2251 4242 2450 4311 inquit,
2494 4241 2728 4294 accidit:
2761 4242 2878 4303 sed,
2920 4239 3066 4308 quod
3115 4240 3390 4308 prtedixit.

1823 4332 1891 4385 At
1920 4346 2028 4384 non
2059 4331 2343 4400 Oportebat
2367 4332 2640 4399 baptizare
2678 4348 2691 4382 :
2726 4338 2784 4385 at
2803 4330 3066 4400 baptisma
3094 4338 3210 4383 erat
3229 4330 3392 4383 abso-

1823 4421 2018 4474 lutum.
2079 4422 2154 4474 Ac
2209 4437 2317 4474 non
2378 4421 2531 4487 dicit,
2585 4419 2729 4474 Jussi
2779 4437 2874 4474 eos
2935 4420 3242 4489 baptizari;
3296 4419 3390 4475 sed

1821 4510 2058 4564 ostendit
2087 4525 2147 4563 se
2190 4510 2325 4563 nihil
2359 4509 2572 4564 fecisse.
2599 4509 2754 4576 Quod
2802 4526 2924 4574 nos,
2978 4510 3176 4578 inquit,
3199 4523 3393 4564 conse-

1822 4601 1934 4656 cuti
1982 4615 2206 4664 sumus,
2241 4600 2315 4653 illi
2370 4610 2714 4670 acceperunt.
2781 4601 2842 4654 Si
2891 4602 3053 4670 igitur
3100 4602 3239 4653 idem
3285 4599 3392 4652 illis

155 4689 288 4755 ρεὰν
342 4688 570 4740 ἔδωκεν
624 4685 824 4750 αὐτοῖς
876 4689 907 4738 ό
947 4684 1111 4749 Θεὸς,
1144 4685 1223 4749 ὡς
1250 4685 1344 4736 καὶ
1375 4685 1549 4753 ἡμῖν,
1599 4688 1716 4740 Ἵνα

1820 4693 2011 4746 donum
2064 4691 2202 4744 Deus
2243 4691 2386 4745 dedit
2441 4693 2580 4762 quod
2637 4692 2797 4745 etiam
2837 4693 3009 4744 nobis.
3065 4689 3134 4744 Ut
3179 4689 3260 4742 eis
3299 4704 3391 4742 ora

160 4778 404 4850 ἰμρρᾶξῃ
433 4776 612 4829 αὐτῶν
645 4776 712 4829 τὰ
758 4776 1024 4845 στόματα,
1057 4777 1386 4846 προσέθηκε·
1426 4779 1542 4844 Τὴν
1573 4780 1720 4847 ἴσην

163 4872 396 4940 δωρεάν.
435 4872 551 4924 Οὐκ
572 4871 782 4939 ἀφίησι,
810 4870 994 4937 φησὶν,
1021 4868 1204 4930 αὐτοῖς
1229 4869 1274 4900 ³³
1298 4867 1516 4920 ἔλαττον
1549 4873 1716 4938 σχεῖν,

163 4965 205 5012 εἰ
234 4965 551 5016 πιστεύσασι
585 4959 682 5032 τὴν
714 4962 836 5031 ἴσην
873 4958 1080 5028 δωρεὰν
1110 4958 1298 5013 ἔδωκε.
1325 4961 1431 5012 Καὶ
1462 4960 1522 5012 οὐ
1547 4961 1716 5029 λέγει,

171 5053 249 5115 Ὠς
279 5056 370 5106 καὶ
400 5054 553 5122 ὑμῖν,
585 5051 723 5117 ἀλλ’,
761 5050 841 5115 ὼς
869 5050 965 5102 καὶ
994 5047 1157 5118 ἡμῖν.
1194 5048 1260 5102 Τί
1284 5049 1717 5114 ἁναξιοπαθεῖτε.

161 5143 276 5196 ὅταν
303 5148 465 5215 ἡμεῖς
505 5145 791 5204 κοινωνοὺς
837 5143 1032 5205 αὐτοὺς
1061 5142 1334 5210 λέγωμενς
1365 5141 1515 5210 Ἐγὼ
1543 5143 1608 5196 δὲ
1631 5147 1723 5211 τίς

167 5233 318 5300 ἤμην
343 5235 682 5305 δυνάμενος
705 5234 974 5288 κωλῦσαι
1002 5234 1110 5288 τὸν
1140 5237 1288 5288 Θεόν
1312 5250 1332 5298 ;
1369 5233 1720 5302 Ἐγκαλοῦσιν

166 5331 498 5402 ἀπολογεῖται
545 5332 748 5401 σφόδρα
777 5329 1148 5400 ἐντρεπτιχῶς
1194 5330 1287 5383 καὶ
1330 5329 1542 5399 βαρέως
1566 5347 1580 5361 ο
1617 5332 1720 5383 οὐκ

1822 4784 2121 4848 obturarct,
2149 4783 2380 4851 adjecit,
2409 4783 2545 4837 idem
2588 4785 2805 4837 donum.
2841 4783 2958 4836 Non
3003 4781 3156 4846 sinit,
3196 4780 3390 4850 inquit,

1824 4873 1943 4926 illos
1976 4871 2158 4926 minus
2206 4871 2428 4935 habere,
2467 4888 2628 4941 quam
2661 4888 2780 4936 nos,
2822 4873 2864 4925 si
2901 4879 3189 4940 postquam
3212 4869 3391 4923 credi-

1821 4964 2034 5026 derant,
2067 4963 2212 5017 idem
2262 4963 2466 5017 donum
2523 4963 2693 5024 dedit,
2741 4963 2886 5032 quod
2916 4963 3090 5016 nobis.
3141 4960 3217 5014 Ac
3278 4975 3388 5013 non

1822 5055 1976 5118 dicit,
2024 5056 2168 5125 quod
2233 5054 2397 5108 etiam
2441 5055 2628 5110 vobis:
2669 5055 2784 5118 sed,
2848 5056 2986 5124 quod
3011 5056 3165 5107 etiam
3223 5053 3385 5106 nobis.

1820 5147 1961 5214 Quid
2016 5145 2397 5216 indignamini,
2462 5161 2587 5199 cum
2643 5162 2744 5200 nos
2803 5145 2924 5200 illos
2972 5145 3264 5214 participes
3324 5159 3388 5196 ac

1818 5238 1992 5292 socios
2020 5237 2250 5290 dicimus
2287 5236 2309 5288 ?
2343 5235 2454 5306 Ego
2496 5253 2612 5290 vero
2667 5236 2754 5304 qui
2785 5237 3068 5304 potuissem
3118 5236 3387 5305 pro/libere

1817 5328 1982 5382 Deum
2010 5331 2034 5381 ξ)
2063 5327 2543 5397 Expostulantibus
2565 5342 2748 5382 secum
2783 5328 3016 5399 graviter
3074 5327 3382 5396 respondet,

1351 5484 1550 5547 Variae
1597 5483 1901 5557 lectiones
1941 5490 2002 5544 et
2043 5489 2232 5543 notze.

233 5613 272 5644 "
290 5611 346 5664 τδ
375 5624 516 5664 erat.

169 5690 252 5738 ις’.
296 5685 491 5751 ἄραγε.
564 5681 610 5710 ²¹
635 5680 718 5732 Io’.
746 5678 880 5732 τοῦ(
935 5680 982 5710 ’³
1018 5678 1241 5741 αὐτοὺς,
1285 5682 1369 5732 ir.

243 5795 254 5833 ³
292 5796 347 5851 ν.
393 5799 585 5850 «'elliilit
621 5814 774 5861 super
809 5812 911 5848 eos.

613 5610 658 5640 ’θ
687 5607 750 5662 In
775 5608 1008 5679 uulgato,
1043 5617 1165 5679 ante
1218 5609 1424 5678 Κυρέου
1478 5628 1577 5665 non
1613 5620 1685 5662 est
1721 5650 1722 5653 η

1817 5609 1977 5661 irulus
2026 5607 2138 5674 τοῦ,
2174 5625 2263 5662 nec
2296 5607 2373 5660 ὅτι
2425 5619 2545 5662 ante
2586 5606 2860 5677 Ἰωάννης.

2967 5609 3010 5640 ¹¹
3043 5606 3108 5662 In
3171 5606 3380 5678 vulgato
