4184 6458
775 402 887 469 6Ἔ9

1366 506 1592 565 CAPUT
1628 507 1740 561 XII.

846 609 1016 662 Vens.
1054 606 1102 658 1.
1145 601 1404 658 ϐωιετ-ιιιη
1434 601 1527 652 illa
1560 607 1866 667 tempestate
1898 595 2075 662 injecit
2111 591 2342 646 Herodes

784 717 878 756 rex
921 712 1128 760 manus,
1163 705 1217 748 ut
1246 695 1488 763 aﬂligeret
1519 691 1768 761 quosdam
1805 690 1868 740 de
1912 685 2162 738 Ecclesia.

849 881 1014 936 Vens.
1044 882 1095 934 ‘2.
1129 880 1293 948 Atque
1339 877 1594 948 interfecit
1627 873 1788 927 etiam
1837 872 2092 926 Jacobum
2129 871 2346 939 fratrem

779 973 1006 1027 Jan-uuis
1039 971 1234 1039 gladio.

861 1065 1015 1118 Vens.
1045 1065 1098 1118 3.
1138 1061 1346 1115 Etcum
1389 1057 1840 1110 animadvertisset
1889 1055 1941 1107 id
1986 1062 2195 1122 gratum
2242 1069 2349 1104 esse

781 1157 1003 1219 .ludwis,
1032 1154 1227 1222 adjecit
1265 1150 1499 1203 animum
1536 1150 1605 1200 ad
1633 1145 2164 1214 comprehendendum
2193 1144 2351 1196 etiam

783 1247 999 1302 Petrum
1040 1247 1209 1316 (erant
1235 1255 1409 1295 autent
1441 1242 1548 1293 dies
1576 1236 1937 1309 Azymorum).

858 1338 1021 1390 Vens.
1060 1338 1110 1389 4.
1147 1335 1312 1399 Quem
1341 1349 1457 1385 cum
1487 1332 1645 1384 etiam
1694 1328 2184 1395 compreheiulisset,
2213 1343 2346 1381 cou-

780 1429 910 1498 jecit
947 1431 1000 1479 in
1040 1441 1328 1490 carcerem,
1363 1441 1424 1476 ac
1451 1423 1671 1475 tradidit
1728 1437 1846 1474 eum
1878 1430 2106 1489 quatuor
2136 1432 2350 1488 quater-

787 1517 1032 1572 niouibus
1084 1516 1316 1569 militum
1379 1513 1798 1576 custodiendum,
1847 1509 2021 1563 volens
2069 1526 2188 1562 eum
2241 1518 2353 1579 post

787 1607 990 1660 Pascha
1030 1606 1309 1674 producere
1333 1605 1544 1671 populo.

859 1697 1020 1751 Vens.
1057 1699 1109 1750 ὅ.
1139 1695 1203 1748 Ει
1238 1694 1429 1748 Petrus
1458 1693 1663 1762 quidem
1696 1690 2008 1744 servabatur
2037 1692 2090 1744 iu
2115 1706 2354 1743 carcere:

1670 386 2246 456 THEOPIIYLACTI
2280 383 2689 446 BULGARUE
2719 383 3071 444 ARCHIEP.

2368 507 2419 560 Δ

3913 381 4042 443 680

3038 497 3289 550 ΚΕΦΑΛ.
3321 493 3421 548 lB'.

2521 596 2658 650 Κατ’
2689 592 2926 647 ἐκεῖνον
2953 592 3021 643 δὲ
3068 591 3175 642 τὸν
3197 588 3406 656 καιρὸν
3432 584 3728 640 ἐπέϐαλεν
3759 586 4044 654 Ἡρώδης

2449 689 2482 741 ὀ
2508 685 2806 751 βασιλεὺς
2855 683 2960 748 τὰς
3008 681 3226 749 χεῖρας,
3271 677 3541 733 κακῶσαι
3563 695 3732 743 τινας
3755 678 3872 731 τῶν
3906 681 4042 731 ἀπὸ

2450 777 2559 845 τῆς
2581 777 2961 841 Ἐκκλησίας.

2523 866 2744 920 Ἀνεῖ.1ε
2782 865 2850 917 δὲ
2887 863 2984 917 καὶ
3005 863 3049 895 ³⁰
3091 862 3370 916 Ἰάκωϐον
3405 862 3514 914 τὸν
3536 861 3804 931 ἀδελφὸν
3826 861 4043 914 ἰωιὲν-

2453 976 2562 1012 νου
2581 959 2870 1027 μαχαίρᾳ.

2527 1051 2633 1105 Kal
2691 1051 2834 1104 ἰδὼν
2883 1051 2973 1104 ὅτι
3029 1049 3289 1118 ἀρεστόν
3337 1049 3468 1101 ἐστι
3517 1046 3639 1112 τοῖς
3699 1047 4042 1110 Ἰουδαίοις,

2454 1143 2780 1212 προσέθετο
2833 1142 3169 1197 συλλαϐεῖν
3215 1140 3312 1197 καί
3365 1138 3592 1208 Πέτρον
3636 1134 3817 1208 (ἦσαν
3843 1139 3916 1191 δὲ
3971 1140 4040 1190 αἱ

2454 1235 2664 1305 ἡμέραι
2696 1233 2816 1288 τῶν
2843 1233 3138 1304 Ἀζύμων).

2532 1329 2634 1379 Ὅν
2661 1327 2758 1379 καὶ
2789 1324 3018 1389 πιάσας
3053 1326 3220 1378 ἔθετο
3256 1326 3343 1388 εἰς
3370 1323 3676 1392 φυλακὴν,
3722 1321 4041 1387 παραδοὺς

2455 1418 2753 1484 τέσσαρσι
2778 1417 3105 1485 τετραδίοις
3139 1415 3517 1483 στρατιωτῶν
3542 1415 3888 1483 φυλάσσειν
3918 1413 4040 1466 αὐ-

2456 1511 2587 1574 τὸν,
2612 1511 2994 1578 ,βουλόμενος
3031 1509 3177 1574 μετὰ
3203 1509 3287 1562 ’τὸ
3330 1507 3546 1576 Πάσχα
3581 1505 3904 1574 ἀναγαγεῖν
3927 1507 4045 1557 αὐ-

2460 1603 2566 1655 τὸν
2588 1600 2667 1666 τῷ
2696 1599 2842 1664 λαῷ.

2542 1693 2604 1745 '0
2643 1691 2759 1761 μὲν
2808 1687 2927 1746 οὖν
2980 1690 3203 1759 Πέτρος
3232 1689 3496 1757 ἐτηρεῖτο
3523 1689 3593 1741 ἐν
3637 1686 3712 1754 τῇ
3743 1685 3996 1756 φυλακῇ
4026 1700 4042 1712 ·

790 1791 1104 1860 supplicatio
1139 1797 1312 1838 autem
1339 1785 1556 1837 assidua
1588 1800 1650 1836 ac
1682 1783 1866 1836 sedula
1915 1783 1980 1833 ab
2025 1781 2259 1834 Ecclesia
2285 1782 2354 1833 ad

2471 1783 2773 1852 προσευχὴ
2805 1783 2874 1836 δὲ
2900 1779 2980 1853 ἦν
3002 1781 3256 1848 ἑκτενὴς
3286 1780 3571 1849 γινομένη
3605 1781 3719 1832 ὑπὸ
3760 1777 3868 1843 τῆς
3906 1779 4044 1830 Ἕκα

790 1883 956 1936 Deum
992 1897 1085 1949 pro
1109 1879 1199 1931 illo
1217 1878 1396 1945 ﬁebat.

860 1973 961 2026 Illa
1003 1980 1326 2039 tempestate.
1369 1966 1480 2032 Qua
1528 1967 1896 2036 tempestate?
1954 1983 2171 2036 nempe,
2219 1976 2356 2022 tem-

791 2079 924 2133 pore
957 2062 1166 2117 Claudii
1199 2059 1449 2114 Caesaris.
1483 2058 1651 2113 Caius
1686 2059 1845 2128 100
1873 2059 2019 2114 enim
2065 2061 2358 2128 imperator

791 2153 1160 2208 Romanorum
1223 2151 1515 2222 Agrippam
1580 2150 1862 2204 constituit
1909 2165 2087 2220 regem
2132 2150 2356 2213 δυόωσι,

791 2260 918 2298 cum
971 2244 1238 2299 Herodem
1291 2254 1452 2310 atque
1501 2240 1661 2294 etiam
1718 2239 2017 2294 llcrodiada
2077 2241 2128 2293 in
2172 2242 2358 2297 Gallia:

797 2335 986 2388 urbem
1015 2333 1334 2401 Lugdunum
1363 2334 1674 2401 relegasset.
1728 2329 1826 2385 Hic
1852 2339 1936 2385 est
1981 2331 2068 2384 ille
2099 2329 2358 2396 Herodes,

793 2427 886 2494 qui
941 2426 1040 2478 fuit
1069 2441 1132 2476 eo
1169 2435 1428 2491 tempore,
1473 2439 1582 2491 quo
1609 2422 1850 2476 Joannes
1905 2432 2080 2476 morte
2127 2423 2360 2478 allectus

794 2523 898 2576 cst,
927 2525 986 2568 ut
1045 2516 1321 2568 memoriae
1371 2514 1613 2584 prodidit
1657 2513 1930 2582 Josephus
1965 2523 2022 2567 et
2070 2514 2356 2570 Eusebius.

796 2607 1168 2674 lliscrepautia
1212 2607 1370 2676 igitur
1398 2605 1659 2667 nominis,
1683 2605 1824 2673 quod
1857 2621 1954 2674 pro
1974 2607 2210 2678 Agrippa
2231 2607 2362 2662 dicit

795 2697 1086 2760 Herodem,
1124 2707 1214 2750 aut
1245 2713 1429 2751 errore
1464 2697 1662 2750 accidit
1687 2699 1986 2766 scriptoris,
2018 2710 2112 2753 aut
2140 2710 2361 2769 propte-

797 2805 888 2843 rea
919 2790 992 2842 ita
1024 2789 1201 2843 dictus
1227 2798 1332 2852 est,
1359 2789 1503 2858 quod
1533 2789 1830 2844 binominis
1860 2800 2023 2845 esset.
2055 2791 2361 2847 Notandum

795 2887 880 2932 est
909 2888 1092 2932 autem
1125 2895 1188 2932 cx
1224 2879 1511 2933 duodecim
1549 2879 1654 2934 illis
1681 2878 1964 2949 discipulis
2003 2880 2217 2937 Domini
2249 2883 2362 2952 pri-

796 2987 944 3025 mum
978 2971 1242 3024 Iacobum
1282 2971 1352 3024 ob
1394 2972 1766 3025 testimonium
1802 2971 2020 3027 Christo
2077 2975 2362 3043 prtebitum

797 3059 1066 3128 supplicio
1095 3057 1262 3113 fuisse
1289 3059 1565 3113 allectum.
1633 3061 1696 3116 Ut
1736 3060 1982 3129 afﬂigeret
2023 3064 2274 3130 quosdam
2301 3066 2364 3117 de

2468 1877 2733 1942 πλησίας
2766 1875 2920 1943 πρὸς
2947 1876 3056 1928 τὸν
3077 1873 3228 1926 Θεὸν
3254 1872 3406 1940 ὑπὲρ
3431 1871 3641 1925 αὑτοῦ.

2534 1969 2671 2022 Κατ’
2707 1966 2944 2021 ἐκεῖνον
2964 1965 3033 2019 δὲ
3065 1965 3174 2018 τὸν
3194 1967 3426 2032 καιρόν.
3464 1965 3621 2016 Ποῖον
3657 1964 3883 2034 καιρόνς
3931 1964 4045 2014 Τὸν

2466 2061 2561 2111 ἐπὶ
2607 2057 2880 2111 Κλαυδίου
2939 2057 3236 2126 Καίσαρος.
3299 2056 3458 2118 Γάϊος
3517 2056 3628 2124 γὰρ
3676 2054 4046 2122 αὐτοκράτωρ

2481 2151 2774 2220 Ῥωμαίων
2818 2150 3130 2220 Ἀγρίππαν
3160 2147 3452 2217 καθίστησι
3485 2147 3710 2217 βασιλέα
3763 2147 3860 2214 τῆς
3899 2146 4045 2199 ’1ου-

2465 2241 2641 2305 δαίας,
2675 2242 2768 2294 τὸν
2807 2240 3055 2312 Ἡρώδην
3081 2239 3335 2310 ὲξορίσας
3362 2240 3422 2291 ἐν
3468 2237 3755 2306 Δουγδὸνῳ
3785 2237 3883 2300 τῆς
3927 2236 4043 2288 Γα-

2467 2332 2676 2395 λιλαίας
2708 2333 2750 2364 ³¹
2803 2333 2900 2384 σὺν
2958 2333 3054 2386 καὶ
3109 2333 3175 2401 τῇ
3235 2329 3548 2400 Ἡρωδιάδι.
3605 2323 3774 2390 Οὗτός
3811 2331 3982 2388 ἐστιν,
4015 2330 4048 2378 δ

2468 2425 2609 2478 κατὰ
2634 2425 2694 2476 τὸ
2723 2417 2895 2487 acilio;
2919 2423 3015 2476 τοῦ
3061 2423 3332 2486 Ἰωάννου,
3365 2423 3440 2483 ὡς
3484 2422 3688 2490 ἱστορεῖ
3729 2419 4046 2488 Ἰὠσηππος

2468 2519 2565 2572 καὶ
2617 2519 2896 2581 Εὐσέϐιος.
2966 2519 3030 2570 ’11
3071 2513 3172 2570 οὖν
3226 2515 3494 2584 διαφωνία
3535 2514 3630 2567 τοῦ
3660 2513 3922 2581 ὀνόματος
3955 2513 4046 2564 ὲν-

2470 2613 2647 2667 ταῦΘα
2677 2613 2737 2664 τὸ
2765 2611 2948 2677 λέγειν
2976 2607 3096 2661 ἀντὶ
3157 2607 3440 2677 Ἀγρίππα
3493 2604 3772 2673 Ἡρώδην,
3812 2605 3846 2673 ἦ
3894 2604 4046 2655 uati

2471 2703 2694 2772 σφάλμα
2726 2701 2915 2770 γέγονε
2956 2699 3247 2769 γραφικὸν,
3283 2699 3315 2768 ἢ
3371 2697 3509 2750 κατὰ
3539 2696 3834 2765 διωνυμίαν
3885 2695 4046 2765 εἴρη-

2469 2769 2582 2847 ται.
2617 2769 2959 2863 Σήμειωτέον
2987 2789 3043 2842 δὲ
3082 2789 3164 2842 ὅτι
3195 2788 3409 2859 πρῶτος
3452 2787 3705 2849 Ἰἀκωεος
3732 2786 4049 2856 ἐμαρτύρη-

2473 2902 2564 2938 σεν
2601 2883 2708 2936 ἀπὸ
2757 2881 2869 2934 τῶν
2919 2879 2987 2950 ιβ’
3049 2879 3325 2950 μαθητῶν.
3377 2874 3657 2931 Κακῶσαί
3705 2893 3873 2942 τινας
3921 2879 4050 2930 ἀπὸ

2471 2976 2582 3044 τῆς
2611 2973 2998 3042 Ἐκκλῃσίαᾳ
3050 2971 3162 3024 Θέα
3191 2973 3273 3024 ὃτι
3305 2971 3485 3024 πιστοὶ
3528 2971 3737 3039 ἄνδρες,
3774 2969 3870 3022 καὶ
3891 2970 3953 3021 τὸ
3985 2968 4048 3030 ἐξ

2474 3069 2652 3122 αὐτῶν
2682 3067 2956 3136 σύστημα,
2985 3065 3286 3132 Ἐκκλησία
3315 3064 3582 3116 καλεῖται.
3635 3063 3741 3114 Καὶ
3785 3061 3927 3112 Ιὸὼν
3955 3062 4049 3114 ὅτι.

800 3152 1057 3204 Ecclesia.
1111 3152 1518 3217 Animadverte,
1578 3153 1763 3207 ﬁdeles
1823 3155 2008 3217 viros,
2064 3164 2118 3208 et
2181 3171 2245 3209 ex
2303 3156 2368 3211 iis

2471 3157 2729 3226 ἀρεστόν
2751 3156 2882 3209 ἐστι
2906 3155 3030 3219 τοῖς
3063 3153 3397 3216 Ἰουδαίοις,
3440 3151 3770 3220 προσέθετο
3810 3156 4049 3204 cultu-

797 3257 998 3312 corpus
1051 3243 1437 3309 constitutum,
1497 3244 1796 3300 Ecclesiam
1863 3246 2068 3299 vocari.
2129 3245 2198 3299 Et
2251 3263 2368 3303 cum

799 3337 1258 3390 animadvertisset
1298 3337 1353 3389 id
1389 3346 1600 3408 gratum
1641 3354 1753 3391 esse
1779 3337 2000 3405 Judwis,
2032 3339 2368 3407 adjecitani-

800 3443 944 3479 mum
964 3428 1034 3479 ad
1058 3427 1598 3493 comprehendendum
1654 3429 1816 3481 etiam
1869 3428 2107 3483 Petrum.
2145 3429 2225 3484 Ne
2253 3432 2374 3498 quis

801 3518 969 3578 dicat,
999 3517 1202 3572 idcirco
1230 3517 1351 3571 illos
1380 3517 1583 3587 absque
1612 3519 1859 3588 periculo
1903 3518 2174 3588 intrepide
2213 3529 2372 3590 atque

800 3608 1067 3664 audacter
1100 3623 1221 3663 sese
1253 3610 1414 3663 morti
1444 3610 1662 3673 oll‘erre,
1698 3611 1840 3678 quod
1883 3610 2023 3664 Deus
2073 3627 2167 3665 eos
2194 3612 2373 3681 eripe-

802 3712 924 3757 ret:
960 3711 1251 3772 prOpterea
1291 3703 1557 3772 permittit
1590 3702 1822 3755 interlici
1869 3704 2029 3757 etiam
2080 3703 2371 3772 principes,

802 3794 1142 3862 Stephanum
1180 3794 1434 3847 videlicet
1483 3801 1539 3846 ct
1580 3791 1863 3856 Jacobmn,
1909 3803 1967 3846 ut
2026 3795 2376 3862 persuaderet

806 3885 940 3953 ipsis
977 3884 1442 3949 interfectoribus,
1475 3899 1544 3938 ne
1586 3884 1670 3938 his
1701 3885 1918 3954 quidem
1947 3885 2065 3938 illos
2097 3886 2375 3954 suppliciis

805 3979 872 4030 ad
907 3976 1268 4031 defectionem
1311 3977 1560 4045 compelli
1625 3988 1679 4031 et
1737 3978 2001 4047 impediri.
2045 3979 2152 4033 Res
2195 3990 2374 4033 autem

806 4076 954 4134 grata
988 4074 1105 4120 erat
1137 4066 1335 4129 caedes,
1373 4074 1428 4119 et
1477 4067 1655 4120 etedes
1712 4066 1909 4135 iujusta
1968 4069 2213 4122 absurdis
2259 4070 2375 4123 illo-

808 4173 926 4211 rum
963 4166 1018 4211 et
1045 4156 1368 4226 importunis
1424 4157 1807 4224 cupiditatibus
1833 4159 2160 4213 iuserviebat
2199 4178 2210 4212 :
2246 4176 2367 4214 cum

808 4257 1087 4315 oporteret
1120 4248 1464 4309 exscindere,
1503 4263 1566 4301 ac
1623 4249 1902 4304 refrenare
1956 4250 2169 4305 illorum
2208 4253 2377 4321 impe—

809 4351 920 4394 tum
945 4349 1000 4394 et
1051 4341 1369 4409 appetitum,
1434 4341 1541 4405 ille,
1570 4343 1750 4410 utqui
1803 4342 2066 4406 carnifex,
2115 4360 2219 4398 non
2259 4359 2376 4398 me-

807 4433 960 4487 dicus
997 4441 1142 4485 esset
1200 4433 1591 4502 mgrolanlium,
1638 4435 1783 4487 auxit
1854 4435 2066 4488 illorum
2115 4437 2372 4504 impetum

809 4527 863 4571 et
893 4519 1172 4573 incitavit:
1209 4520 1421 4573 tametsi
1473 4530 1730 4574 sexcenta
1765 4523 1999 4577 habebat
2043 4526 2290 4595 exempla
2319 4536 2374 4581 et

808 4611 890 4662 ιιι-ἱ
932 4620 986 4662 et
1017 4611 1183 4678 patris
1213 4609 1462 4664 llerodis.
1486 4611 1652 4684 Erant
1682 4622 1857 4665 autem
1903 4618 2012 4668 dies
2037 4615 2380 4686 Azymorum:

810 4718 961 4768 quem
997 4717 1111 4752 cum
1153 4702 1312 4752 etiam
1344 4705 1843 4768 comprehendisset,
1874 4706 2093 4774 conjecit
2126 4709 2178 4759 in
2205 4724 2381 4762 carce-

812 4811 939 4846 rem.
994 4794 1203 4846 Rursus
1263 4795 1537 4862 superﬂua
1576 4811 1637 4848 ac
1686 4810 2020 4864 supervacua
2070 4798 2378 4854 Judazorum

811 4895 1059 4937 accurata
1093 4885 1231 4936 ratio
1261 4887 1540 4937 servandae
1575 4886 1706 4954 legis
1767 4889 2106 4956 proponitur.
2163 4891 2375 4945 Interii-

811 4991 936 5030 (τρια
967 4974 1185 5042 quidem
1229 4989 1338 5026 non
1394 4976 1670 5039 vetabant,
1711 4978 1802 5029 sed
1838 4979 1889 5030 in
1931 4979 2196 5046 ejusmodi
2239 4992 2375 5036 tem-

816 5066 962 5134 poris
992 5073 1130 5118 statu
1181 5063 1232 5116 id
1273 5079 1432 5132 agere
1481 5065 1862 5132 prohibebant.
1909 5069 1980 5120 Ac
2011 5070 2225 5123 tradidit
2255 5089 2373 5125 eum

812 5167 1043 5227 quatuor
1075 5156 1496 5224 quaterniouibus
1544 5159 1768 5210 militum
1806 5159 2221 5218 custodiendum.
2263 5163 2375 5220 Iloc

816 5261 868 5303 et
899 5249 1192 5303 iracundiae
1224 5258 1278 5302 et
1337 5251 1544 5302 timoris
1581 5260 1714 5303 erat.
1751 5251 1966 5316 Quanto
1996 5264 2178 5310 autem
2209 5273 2371 5313 accu-

819 5340 982 5391 ratior
999 5347 1116 5392 erat
1140 5339 1407 5400 custodia,
1431 5348 1579 5393 tanto
1600 5340 1897 5396 mirabilius
1912 5354 2027 5397 erat
2043 5345 2243 5402 divina:
2274 5365 2371 5419 po-

2399 4485 2453 4544 D

2472 3251 2597 3304 ϐεῖν
2624 3249 2724 3302 καὶ
2753 3248 3004 3315 Πέτρον.
3055 3246 3171 3300 ’⁸1να
3198 3245 3386 3316 μηδεὶς
3415 3245 3552 3314 λέγῃ
3577 3245 3622 3276 ³³
3657 3247 3737 3298 ὅτι
3768 3246 3857 3297 διὰ
3887 3245 3980 3296 τοῦ
3992 3263 4050 3297 το

2472 3341 2772 3401 ἀκινδύνως
2815 3339 2911 3392 καὶ
2966 3337 3138 3399 ἀδεῶς
3195 3336 3578 3405 κατατολμῶσι
3631 3336 3725 3388 τοῦ
3785 3335 4047 3400 Θανάτου,

2477 3434 2575 3487 at:
2611 3431 3010 3502 ὲξαρπάζοντος
3044 3429 3242 3490 αὐτοὺς
3274 3427 3368 3478 τοῦ
3403 3427 3561 3492 Θεοῦ,
3597 3427 3683 3480 διὰ
3719 3428 3882 3480 τοῦτο
3914 3446 4051 3496 συγ-

2472 3527 2643 3596 χωρεῖ
2691 3522 3047 3592 ἀναιρεθῆναι
3083 3522 3177 3571 καὶ
3221 3520 3346 3578 τοὺς
3384 3519 3734 3588 κορυφαίους,
3771 3519 4052 3585 Στὲςξανον

2475 3619 2570 3670 καὶ
2629 3615 2926 3670 Ἰἅκωϐονο
2981 3612 3186 3664 πείθων
3232 3611 3429 3675 αὐτοὺς
3481 3613 3606 3673 τοὺς
3663 3611 4051 3680 ἀναιροῦντας,

2473 3709 2554 3761 ὅτι
2587 3705 2707 3758 οὐδὲ
2743 3703 2916 3758 ταῦτα
2939 3702 3232 3770 ἀφίστησιν
3266 3701 3460 3764 αὐτοὺς
3492 3701 3587 3754 καὶ
3626 3701 3846 3753 κωλύει.
3891 3703 4054 3770 Ἀρεο

2477 3799 2599 3850 στὸν
2629 3797 2683 3848 δὲ
2709 3796 2888 3864 φόνος,
2927 3797 3022 3847 καὶ
3053 3794 3212 3863 φόνος
3243 3793 3426 3856 ἄδικος
3454 3795 3574 3855 ταῖς
3600 3793 3918 3863 ἐπιθυμίαις
3947 3796 4054 3846 αὑ-

2474 3891 2583 3942 τῶν
2612 3891 2730 3950 ταῖς
2765 3887 2987 3947 ἀτόποις
3015 3887 3341 3954 ὑπηρετεῖτο
3371 3902 3382 3914 ·
3412 3885 3528 3936 δέον
3550 3886 3835 3938 ἐκκόπτειν
3866 3887 4054 3938 αὐτῶν

2476 3980 2572 4050 τὴν
2604 3979 2802 4051 ὁρμὴν,
2835 3980 2864 4030 ὁ
2890 3978 2945 4029 δὲ
2977 3979 3219 4028 ἐπέτεινε
3284 3975 3534 4045 καθάπερ
3580 3995 3660 4038 τις
3723 3977 3915 4045 δήμιος
3972 3978 4055 4029 ὢν

2475 4073 2582 4126 τῶν
2609 4073 2925 4136 νοσούντων,
2959 4070 3073 4122 ἀλλ’
3106 4069 3205 4120 οὐκ
3239 4070 3438 4138 ίατρδς,
3465 4068 3640 4120 καίτοι
3668 4069 3836 4138 μυρία
3865 4087 4053 4138 παρα-

2475 4164 2747 4232 δείγματα
2806 4160 2946 4228 ἔχων
2989 4158 3084 4210 καὶ
3133 4156 3228 4209 τοῦ
3287 4157 3513 4209 πάππου
3553 4157 3648 4207 καὶ
3697 4154 3792 4207 τοῦ
3840 4161 4056 4225 πατρὸς

2487 4255 2748 4324 Ἡρώδου.
2785 4248 2988 4304 Ἦσαν
3035 4247 3104 4300 δὲ
3125 4250 3183 4300 αἱ
3212 4247 3420 4314 ἡμέραι
3463 4245 3580 4297 τῶν
3625 4246 3891 4314 Ἆζύμων.
3935 4248 4059 4298 “Or

2477 4347 2574 4402 καὶ
2626 4345 2870 4408 πιάσας,
2905 4343 3072 4395 ἔθετο
3101 4341 3187 4403 εἰς
3217 4338 3525 4405 φυλακήν.
3559 4338 3727 4390 Πάλιν
3755 4339 3787 4406 ἡ
3817 4341 4054 4407 περιττὴ

2477 4441 2586 4492 τῶν
2629 4434 2894 4488 Ἰουδαίων
2925 4430 3301 4501 ἀκριϐολογία.
3356 4430 3624 4499 ’Λναιρεῖν
3653 4429 3750 4496 μὲν
3777 4429 3875 4481 οὐκ
3907 4432 4050 4482 sui?»

2479 4538 2627 4593 λυον,
2669 4530 2726 4580 ὲν
2750 4526 2806 4579 δὲ
2829 4523 3005 4594 καιρῷ
3036 4521 3287 4590 τοιούτῳ,
3327 4521 3394 4572 τὰ
3425 4521 3648 4572 τοιαῦτα
3676 4522 3720 4551 ³³
3751 4521 4046 4590 ἔπραττον.

2477 4617 2789 4689 Παραδοὺς
2828 4615 3124 4681 τέσσαρσι
3163 4611 3490 4679 τετραδίοις
3515 4611 3891 4678 στρατιωτῶν
3935 4631 4053 4680 μυ.

2474 4716 2739 4770 λάσσειν
2772 4710 2980 4763 αὐτόν.
3013 4707 3184 4758 Τοῦτο
3209 4706 3302 4757 καὶ
3319 4702 3414 4756 τοῦ
3447 4703 3622 4768 Θυμοῦ
3650 4705 3742 4754 καὶ
3774 4704 3868 4756 τοῦ
3897 4706 4052 4767 δέους

2474 4804 2564 4877 ἦν.
2603 4807 2753 4871 Ὅσῳ
2800 4800 2857 4852 δὲ
2889 4796 3260 4867 ἀκριϐεστέρα
3305 4796 3338 4863 ἡ
3381 4794 3613 4864 φρουρὰ,
3650 4794 3887 4862 τοσούτῳ
3922 4795 4054 4848 θαυ-

2485 4894 2800 4968 μασιωτὲρα
2831 4892 2865 4960 ἡ
2899 4886 3176 4951 ἐπίδειξις.
3228 4885 3397 4937 Τοῦτο
3444 4885 3498 4936 δὲ
3545 4880 3613 4954 ἦν
3648 4885 3787 4954 ὑπὲρ
3837 4886 4051 4955 Πέτρου

2480 4983 2835 5055 δοκιμοτέρου
2871 4978 3174 5046 γινομένου.
3230 4974 3547 5042 Προσευχὴ
3575 4973 3641 5026 δὲ
3689 4970 3763 5043 ἦν
3798 4975 4055 5042 exter-hc

2481 5073 2762 5147 γινομένη
2803 5071 2920 5124 ὑπὸ
2961 5067 3070 5133 τῆς
3125 5067 3490 5133 Ἐκκλησιάς
3539 5065 3690 5132 πρὸς
3751 5066 3858 5118 τὸν
3903 5069 4054 5120 Θεὸν

2482 5167 2635 5235 ὑπὲρ
2659 5162 2867 5218 αὑτοῦ.
2945 5158 3241 5211 Ἀκούσατε
3300 5156 3416 5217 πῶς
3447 5157 3711 5210 διέκειντο
3750 5158 3886 5227 πρὸς
3921 5162 4050 5223 τοὺς

2480 5257 2833 5316 διδασκάλους
2864 5269 2878 5284 ·
2927 5252 3027 5303 οὐκ
3070 5249 3420 5308 ἐστασίασαν,
3449 5248 3548 5298 οὐκ
3590 5248 4004 5317 ἐθορυϐήθησαν
4033 5267 4046 5280 ·

2483 5352 2598 5406 ἀλλ’
2639 5349 2734 5401 ἐπὶ
2775 5346 2906 5414 εὐχῇ
2935 5343 2981 5401 ’ξ
3008 5343 3345 5409 ἐτράπησαν,
3383 5339 3482 5406 τὴν
3507 5337 3671 5401 ὅντως
3707 5343 4046 5410 συμμαχίαν,

821 5430 1000 5482 tentim
1029 5430 1434 5484 documentum.
1461 5429 1572 5486 lloc
1600 5442 1780 5488 autem
1824 5434 1983 5490 fiebat
2003 5453 2101 5507 pro
2125 5439 2306 5506 Petro,
2336 5442 2429 5511 qui
2463 5443 2654 5499 melior
2675 5455 2739 5495 ac
2758 5435 3036 5508 probatior
3055 5433 3335 5488 evadebat.
3365 5431 3607 5485 Precatio
3642 5445 3813 5487 autem
3841 5438 4044 5498 sedula,

2012 5548 2215 5610 Varite
2263 5552 2566 5616 lectiones
2609 5561 2668 5614 et
2711 5559 2894 5614 notte.

893 5660 1046 5712 "ml.
1102 5674 1202 5711 non
1233 5669 1320 5742 est
1389 5663 1440 5714 iu
1498 5663 1730 5731 vulgato.
1867 5666 2024 5742 "_i_'0'.
2075 5668 2172 5736 τῆς
2229 5669 2367 5724 Γαλλ

2471 5713 2480 5735 ,
2521 5673 2582 5741 ᾗ,
2618 5673 2715 5742 τῆς
2745 5673 3037 5733 Γαλατίας.

3170 5667 3212 5697 ³¹
3239 5666 3385 5732 λέγει
3426 5683 3559 5723 erat.
3666 5674 3710 5704 ³³
3751 5672 3916 5726 Locus
3937 5693 4048 5728 cor-

822 5741 1005 5814 rup'tus
1051 5746 1157 5814 esse
1195 5731 1417 5814 videtur,
1472 5743 1562 5785 aut
1591 5749 1748 5814 ferte
1809 5737 2057 5803 mutilus;
2087 5731 2207 5791 nam
2262 5759 2351 5794 aut

2471 5731 2502 5798 ἐ
2528 5731 2827 5814 ’ἒὴρπίέτοεθ
2873 5744 2969 5793 οὐκ
2998 5731 3425 5806 prtrpoueutlum,
3466 5752 3557 5792 aut
3621 5761 3713 5808 pio
3757 5746 4044 5814 Euganea.

823 5801 1100 5870 πράττειν,
1129 5801 1394 5868 legendum
1421 5813 1511 5855 est.
1591 5805 1633 5834 ”
1657 5807 1740 5859 ῐσ.
1773 5809 1955 5878 εὐχήν.
