4184 6458
0 6018 275 6351 ν,

812 419 920 480 683
1731 418 2308 481 TIIEOPIIYLACTI
2353 422 2762 484 BULGARl/E
2799 426 2999 486 ABCII
3014 428 3153 487 [ΕΡ.
3955 427 4081 491 684

815 532 910 581 hac
942 529 1177 595 deinceps
1232 534 1553 595 comparate.
1588 525 1770 596 Itaque
1805 537 1934 583 tunc
1996 530 2126 582 illud
2176 545 2383 599 praece-

2485 534 2634 600 ταξε,
2674 535 2771 603 τὴν
2801 535 3029 605 δύναμιν
3054 537 3218 589 αὐτοῦ
3251 534 3424 601 δεῖξαι
3460 538 3811 609 βουλόμενος.
3839 541 3908 605 Τί
3933 542 4088 609 γὰρ,

816 620 914 688 pit,
946 618 1089 688 quod
1131 618 1292 671 vellet
1342 633 1494 670 suam
1544 620 1841 687 potentiam
1908 622 2215 674 ostendere.
2248 620 2384 685 Quid

2493 626 2614 678 εἰπέ
2646 644 2761 695 μοι,
2789 627 2883 681 ἕνα
2928 630 3132 697 χιτῶνα
3169 628 3345 699 ἔχεινς
3398 631 3465 683 Ti
3499 629 3626 696 oDv;
3669 633 3729 684 El
3760 632 4087 687 πλύναοοαι

814 711 1098 772 enim,dic
1122 711 1383 772 milii,est
1446 726 1605 764 unam
1659 710 1857 764 habere
1914 711 2176 766 duntaxat
2245 713 2390 768 tuni-

814 821 932 857 eam
953 806 975 858 ?
997 803 1134 870 Quid
1168 803 1364 874 igitur?
1387 804 1429 857 si
1463 803 1643 857 lavare
1672 804 1810 858 hanc
1844 806 2151 873 oportebat,
2186 821 2252 859 an
2293 822 2389 859 nu-

815 899 945 950 ilum
999 898 1282 965 oportebat
1355 898 1680 955 circumire?
1731 908 1823 951 aut
1862 900 2005 953 domi
2082 897 2387 952 desidere?

813 988 946 1052 Quid
1008 990 1179 1042 item?
1206 989 1250 1043 si
1284 989 1578 1041 vehemens
1608 989 1759 1058 algor
1807 990 2047 1068 intentus
2094 997 2261 1050 esset,
2290 998 2387 1041 aut

814 1082 982 1150 frigus
1033 1096 1231 1149 corpus
1284 1081 1581 1145 invaderet,
1634 1082 1714 1135 uri
1764 1092 1818 1134 et
1873 1090 2051 1135 tacere
2079 1082 2385 1150 oportebat,

812 1184 867 1226 et
905 1190 1009 1228 non
1072 1173 1256 1241 loqui?
1296 1189 1471 1241 neque
1516 1175 1658 1227 enim
1690 1173 1792 1226 illis
1827 1189 1890 1226 ex
1934 1175 2222 1229 adamante
2261 1189 2385 1229 oor-

813 1283 941 1335 pota
990 1266 1234 1320 conlecta
1274 1276 1447 1319 erant.
1492 1267 1563 1321 Et
1609 1266 1866 1326 nesciebat
1894 1284 2002 1320 rem
2048 1284 2225 1323 veram
2258 1283 2389 1331 esse,

814 1374 928 1427 qua:
958 1360 1097 1426 facta
1124 1368 1235 1410 erat
1260 1376 1357 1427 per
1386 1360 1627 1427 angelum
1652 1360 1775 1413 .‘sed
1801 1360 2019 1425 putabat
2050 1375 2102 1411 se
2128 1368 2388 1425 spectrum

813 1452 1003 1504 videre.
1038 1449 1146 1503 Nec
1174 1452 1369 1504 mirum
1400 1461 1621 1519 propter
1650 1450 2029 1505 t'mcredibili-m
2055 1466 2242 1505 earum
2296 1465 2385 1503 re-

813 1558 954 1608 rum,
988 1559 1107 1612 qua:
1138 1544 1357 1607 ﬁebant,
1391 1544 1545 1612 102
1569 1543 1941 1596 excellentiam
1970 1550 2021 1594 et
2048 1556 2380 1608 exsuperan-

814 1635 963 1688 tiam.
991 1636 1257 1689 lmmensa
1287 1636 1430 1688 enim
1465 1644 1519 1688 ct
1546 1634 1705 1688 ﬁdem
1757 1648 2020 1702 superans
2063 1631 2378 1703 magnitudo

2490 716 2678 768 τοῦτον
2708 717 2836 779 ἔδει,
2872 719 3075 788 γυμνὸν
3107 720 3277 791 ἐχρῆν
3311 718 3604 792 περιιέναι,
3636 718 3831 793 ἧοῖκοι
3856 724 3899 755 ⁶¹
3932 724 4087 777 καο-

2488 807 2683 875 ῆσθαι;
2717 809 2782 861 Τί
2826 808 2909 875 δέ;
2947 806 3010 863 El
3043 813 3253 882 κρυμὸς
3286 812 3520 883 ἐπετέθη
3567 815 3611 845 ⁵³
3646 816 3875 886 σφοδρὸς
3906 816 3937 885 ἢ
3982 816 4093 883 ψιε-

2489 913 2583 965 χος
2615 897 2895 951 κατέτεινε
2930 899 2991 952 τὸ
3023 902 3204 971 σῶμα,
3227 904 3490 974 τήκεσθαι
3512 904 3642 967 ἔδει,
3671 905 3762 957 καὶ
3796 905 3871 975 μὴ
3899 906 4088 973 φοέγ-

2485 990 2712 1054 γεσθαι;
2744 992 2879 1047 Οὐδὲ
2923 994 3030 1064 γὰρ
3050 994 3385 1064 ἀδαμάντινα
3409 997 3591 1060 αὐτοῖς
3633 997 3859 1067 σώματα
3901 1015 4085 1051 κατε-

2490 1080 2778 1137 σκεύαστο.
2809 1084 2917 1138 Kal
2963 1087 3075 1139 οὐκ
3116 1086 3245 1155 ᾔδει
3290 1088 3378 1139 ὅτι
3416 1089 3642 1155 ἀληθές
3681 1090 3817 1143 ἐστι
3870 1091 3938 1143 τὸ
3980 1108 4086 1158 γε·-

2484 1175 2743 1243 νόμενον
2794 1174 2890 1229 διὰ
2945 1176 3052 1228 τοῦ
3107 1177 3397 1246 ἀγγέλου·
3431 1180 3577 1233 ἀλλ’
3618 1181 3821 1234 ἐδόκει
3871 1183 4083 1251 ὅραμα

2482 1267 2761 1329 βλέπειν.
2792 1267 3051 1331 Εἰκότως,
3079 1268 3167 1322 διὰ
3213 1268 3314 1339 τὴν
3354 1270 3658 1340 ὑπερϐολὴν
3676 1273 3789 1325 πῶν
3839 1277 4081 1344 γινομέ-

2489 1375 2593 1411 νων
2616 1374 2628 1387 ’
2663 1359 2936 1429 ὑπερϐολὴ
2971 1360 3078 1431 γὰρ
3104 1362 3368 1429 σημείων,
3390 1363 3483 1414 τὸν
3505 1363 3717 1432 ὁρῶντι
3745 1365 4075 1434 ἐκπλήττει.

2502 1449 2560 1503 Ὀ
2588 1449 2647 1503 δὲ
2675 1452 2881 1521 Πέτρος
2948 1453 3123 1505 ἐδόκει
3170 1453 3351 1522 ὅραμα
3401 1452 3621 1524 βλέπειν
3644 1471 3655 1481 ·
3694 1458 3871 1509 χιι-τοι
3903 1461 4081 1514 aii-.5:

2490 1540 2804 1610 ζωσάμενος
2856 1542 2949 1593 καὶ
3009 1543 3451 1614 ὑποδησάμενος,
3512 1544 3564 1597 τί
3621 1546 3808 1617 ἕτερον
3860 1548 4083 1603 ἔπαυεν

2488 1631 2589 1693 ἄν;

814 1731 1089 1801 signorum
1139 1728 1410 1785 videntem
1453 1729 1737 1782 attonitum
1764 1726 2272 1781 reddit.AtPetrus
2302 1726 2603 1797 putabatse
2633 1738 2909 1798 specuum
2934 1730 3138 1785 videre.
3197 1729 3519 1801 Quanquam
3580 1734 3697 1803 ipse
3758 1748 3820 1790 se
3878 1736 4079 1791 cinxe-

813 1833 895 1877 rat
924 1834 979 1879 et
1003 1826 1342 1887 calciaverat,
1366 1824 1637 1892 quomodo
1662 1824 1819 1876 aliter
1848 1822 1983 1876 afﬁci
2020 1823 2325 1891 potuisset?

891 1918 1049 1972 Vens.
1095 1918 1176 1970 ll.
1206 1917 1270 1969 Et
1301 1916 1489 1969 Petrus
1517 1918 1587 1969 ad
1613 1932 1666 1968 se
1713 1931 1964 1978 reversus,
1997 1915 2127 1965 dixit
2186 1929 2201 1964 :
2237 1912 2384 1965 Nunc

2566 1911 2677 1966 Kal
2721 1916 2753 1966 ὀ
2809 1913 3029 1981 Πέτρος
3066 1915 3384 1985 γενόμενος
3413 1918 3483 1971 ἐν
3515 1918 3706 1983 ἐαυτῷ
3732 1916 3862 1975 εἶπε
3885 1939 3899 1951 ·
3937 1924 4081 1977 Νῦν

810 2011 915 2062 scio
939 2026 1053 2061 vere
1072 2008 1357 2063 Dominum
1381 2009 1581 2061 misisse
1608 2006 1849 2076 angelum
1868 2022 2040 2069 suum,
2074 2015 2121 2057 et
2142 2006 2387 2059 exemisse

813 2106 891 2153 uie
909 2100 971 2153 de
1001 2117 1159 2153 manu
1185 2099 1435 2164 Herodis,
1470 2116 1532 2154 ac
1565 2100 1626 2152 de
1656 2099 1795 2152 omni
1822 2097 2201 2165 exspectatione
2230 2097 2389 2166 plebis

810 2194 1131 2247 Judworum.

882 2375 1044 2428 Vens.
1090 2373 1174 2427 12.
1203 2369 1378 2440 Reque
1420 2386 1593 2425 secum
1624 2368 1954 2422 considerata
2008 2367 2193 2420 Petrus
2232 2376 2388 2437 atque

809 2481 1086 2535 perpensa,
1139 2464 1337 2516 accedit
1387 2461 1458 2513 ad
1485 2461 1619 2513 a'des
1661 2458 1847 2511 Maria:
1897 2462 2082 2510 matris
2142 2458 2384 2522 Joannis,

808 2558 892 2611 cui
928 2568 1207 2627 cognomen
1249 2560 1361 2608 crat
1396 2556 1605 2606 Marcus
1638 2550 1765 2605 :ubi
1795 2558 1943 2603 erant
1995 2548 2145 2602 multi
2168 2563 2387 2618 congres-

808 2649 939 2718 gati,
963 2647 1051 2715 qui
1070 2645 1443 2715 precabantur.

881 2739 1041 2793 Vens.
1077 2738 1160 2790 15.
1193 2735 1320 2792 Cum
1348 2734 1605 2803 pulsasset
1668 2741 1846 2786 autem
1890 2732 2072 2786 Petrus
2128 2733 2264 2801 fores
2305 2747 2387 2783 vc-

806 2832 1007 2895 stibuli,
1028 2829 1243 2882 accessit
1264 2826 1599 2881 auscultandi
1612 2834 1662 2881 et
1684 2826 1983 2879 sciscitandi
1996 2822 2382 2895 gratiaipuella,

810 2922 1014 2975 nomine
1034 2921 1239 2973 Rhode.

880 3013 1039 3064 \‘Icns.
1074 3009 1159 3062 Η.
1184 3007 1311 3071 Qua:
1334 3015 1390 3059 ut
1420 3006 1630 3077 agnovit
1678 3022 1849 3058 vocem
1881 3001 2049 3067 Petri,
2092 3018 2199 3071 prce
2251 3020 2384 3073 gau-

806 3106 891 3157 dio
923 3120 1024 3155 non
1047 3102 1253 3171 aperuit
1288 3099 1594 3152 vestibulum
1624 3114 1642 3151 :
1661 3100 1750 3150 sed
1771 3098 1914 3149 intro
1942 3112 2053 3149 sese
2069 3096 2381 3164 proripiens,

809 3194 1125 3249 renuntiavit
1176 3192 1393 3247 Petrum
1418 3199 1571 3244 stara
1609 3198 1733 3242 ante
1764 3188 2093 3242 vestibulum.

867 3377 1032 3431 Vens.
1062 3376 1147 3430 15.
1178 3374 1243 3428 At
1274 3374 1355 3427 illi
1407 3374 1477 3426 ad
1515 3389 1631 3427 eam
1672 3373 1914 3424 dixerunt
1950 3386 1966 3422 :
2014 3369 2243 3423 Insanis.
2278 3367 2378 3421 Illa

805 3486 924 3526 vero
964 3468 1258 3537 afﬁrmabat
1287 3468 1360 3518 ita
1396 3483 1449 3519 se
1474 3480 1580 3518 rem
1601 3465 1808 3517 habere.
1862 3466 1925 3515 At
1976 3462 2055 3513 illi
2086 3461 2323 3513 dicebant
2360 3475 2376 3510 :

806 3559 1035 3627 Angelus
1053 3558 1165 3626 ejus
1192 3566 1287 3609 est.

881 3650 1042 3704 Vens.
1081 3648 1159 3703 l6.
1196 3648 1381 3702 Petrus
1414 3656 1587 3700 autem
1609 3647 1821 3713 pulsare
1838 3641 2254 3712 pergebat.Cum
2281 3659 2380 3694 au-

807 3750 908 3795 tem
930 3741 1249 3808 aperuissent
1273 3740 1479 3803 ostium,
1497 3738 1734 3790 viderunt
1756 3752 1891 3799 eum,
1915 3745 1960 3787 et
1986 3734 2375 3801 obstupuerunt.

880 3833 1045 3885 Vens.
1074 3832 1160 3884 Π.
1214 3829 1346 3884 Cum
1387 3840 1560 3882 autem
1592 3838 1733 3881 mota
1768 3844 1926 3881 manu
1948 3842 2032 3879 eos
2059 3825 2212 3877 silere
2259 3824 2351 3892 jus
2378 3854 2381 3858 ι

806 3926 974 3987 sisset,
1000 3921 1238 3974 narravit
1284 3923 1356 3973 eis
1403 3919 1838 3989 quemadmodum
1865 3917 2117 3969 Dominus
2174 3931 2291 3967 eum
2318 3914 2380 3966 de

807 4030 1013 4067 carcere
1033 4013 1312 4074 eduxisset,
1338 4027 1399 4063 ac
1425 4011 1559 4063 dixit
1579 4025 1595 4062 :
1614 4009 1868 4061 Nuntiate
1895 4006 2109 4071 Jacobo,
2134 4015 2180 4058 et
2200 4004 2382 4074 fratri-

809 4105 900 4156 bus
925 4108 1053 4166 (tax,
1086 4111 1134 4154 et
1169 4115 1405 4170 egressus
1434 4099 1561 4149 abiit
1588 4098 1640 4149 in
1671 4097 1837 4149 alium
1869 4095 2059 4148 locum.

880 4282 1041 4334 Vens.
1104 4277 1190 4331 i8.
1218 4276 1385 4331 Porro
1462 4276 1550 4329 ubi
1575 4276 1683 4329 dies
1736 4276 1937 4340 illuxit,
1989 4274 2130 4328 haud
2185 4278 2373 4343 exigua

813 4373 1095 4441 trepidatio
1122 4388 1186 4424 ac
1223 4370 1548 4440 perturbatio
1578 4382 1688 4424 erat
1723 4371 1858 4423 inter
1888 4368 2101 4434 milites,
2134 4367 2381 4437 quoniam

809 4468 995 4521 Petrus
1024 4466 1283 4519 evasisset.

884 4557 1037 4610 Nunc
1068 4558 1172 4609 scio
1193 4574 1327 4610 vere.
1360 4555 1533 4623 Nunc,
1570 4555 1769 4625 inquit,
1801 4553 2050 4623 cognovi,
2085 4567 2195 4606 non
2224 4560 2374 4607 tunc.

813 4648 1137 4717 llcpentinn,
1157 4656 1211 4700 et
1228 4647 1378 4715 quasi
1406 4648 1457 4698 in
1480 4660 1647 4699 unum
1672 4644 1930 4714 temporis
1951 4642 2238 4697 articulum
2267 4642 2380 4695 col-

812 4744 919 4796 lato
944 4742 1138 4812 gaudio
1165 4739 1389 4809 angelus
1418 4754 1540 4793 eum
1569 4736 1822 4808 periundi
1856 4736 2071 4791 volebat
2106 4749 2206 4789 :ac
2228 4742 2381 4804 post-

810 4851 968 4905 quam
992 4839 1256 4892 evaserat,
1277 4844 1337 4882 ac
1358 4829 1619 4883 liberatus
1642 4837 1777 4891 erat,
1799 4835 1929 4881 tunc
1950 4827 2187 4896 primum
2212 4839 2377 4878 sensu

812 4928 1092 4998 percipere
1123 4925 1271 4978 illum
1306 4923 1429 4993 quid
1480 4921 1585 4976 sibi
1642 4920 1979 4989 contigisset.
2008 4916 2182 4986 Reque
2207 4932 2381 4969 secum

812 5020 1161 5072 considerata.
1190 5016 1327 5082 Quid
1358 5022 1459 5076 est,
1496 5012 1759 5065 συνιδώνῖ
1788 5010 1840 5065 id
1891 5016 1975 5064 est
2002 5010 2093 5063 ubi
2132 5008 2382 5063 conside-

810 5112 967 5178 ravil,
984 5111 1230 5181 cognovit
1246 5105 1738 5171 etintcllexit.Quia
1764 5119 1874 5158 non
1892 5102 2206 5171 simpliciter
2230 5101 2381 5155 abire

812 5214 1025 5274 oportet
1060 5218 1074 5257 :
1114 5202 1207 5257 sed
1239 5214 1587 5271 compensare
1616 5207 1670 5252 et
1700 5196 2031 5251 remunerari
2063 5194 2379 5249 benefacto-

812 5313 947 5350 rem.
972 5298 1208 5350 Joannes
1240 5302 1417 5347 autem
1464 5307 1573 5345 non
1622 5291 1806 5360 utique
1831 5297 1945 5343 erat
1976 5288 2085 5353 ille,
2115 5288 2207 5357 qui
2233 5302 2376 5340 sem-

812 5404 911 5457 per
937 5403 1058 5440 cum
1090 5387 1194 5440 illis
1222 5388 1401 5439 vivere
1432 5391 1811 5438 consueverat.
1844 5381 1976 5434 Nam
2000 5381 2201 5434 idcirco
2220 5380 2381 5432 etiam

810 5483 930 5549 ejus
957 5477 1451 5549 apposuitinsigne.
1479 5475 1617 5528 Dixit
1639 5474 1779 5528 enim
1812 5491 1823 5525 :
1853 5475 1981 5541 Ejus
2010 5474 2098 5542 qui
2125 5471 2385 5539 cognomi-

812 5580 1037 5624 nubatur
1077 5568 1305 5624 Marcus.
1335 5567 1577 5622 Forsitan
1629 5566 1717 5619 llic
1764 5575 1847 5619 est
1883 5564 2094 5617 Marcus
2149 5577 2382 5631 evange-

2490 2004 2623 2062 οῖδα
2661 2005 2919 2072 ἀληθῶς,
2960 2005 3049 2059 ὅτι
3101 2007 3491 2071 ἐξαπέστειλε
3521 2011 3733 2077 Κύριος
3757 2013 3862 2064 τὸν
3891 2012 4078 2081 ἄγγε-

2488 2099 2603 2150 λον
2643 2096 2849 2161 αὑτοῦ,
2882 2096 2979 2150 καὶ
3029 2096 3295 2160 ἐξείλετο
3332 2115 3409 2167 με
3456 2099 3524 2151 ἐκ
3572 2100 3772 2167 χειρὸς
3811 2100 4079 2167 Ἡρώδου

2488 2187 2588 2240 καὶ
2619 2188 2827 2254 πάσης
2858 2187 2972 2257 τῆς
3011 2189 3380 2257 προσδοκίας
3418 2190 3531 2244 τοῦ
3583 2191 3738 2246 λαοῦ
3766 2191 3886 2247 τῶν
3932 2194 4078 2247 Ἰου-

2482 2276 2692 2332 δαίων.

2555 2366 2827 2421 Συνιδών
2864 2384 2930 2421 τε
2952 2367 2997 2400 ⁸³
3040 2369 3285 2436 Πέτρος,
3321 2366 3511 2441 ἦλθεν
3542 2374 3641 2427 ἐπὶ
3694 2375 3810 2442 τὴν
3864 2377 4077 2429 οἰκίαν

2492 2455 2722 2524 Μαρίας
2776 2457 2887 2525 τῆς
2933 2458 3159 2526 μητρὸς
3201 2460 3503 2526 Ἰωάννου,
3539 2463 3643 2516 τοῦ
3672 2463 4080 2533 ἐπιωλουμέο

2487 2562 2597 2600 νου
2656 2536 2932 2616 Μάρκου·
2974 2544 3044 2605 οὗ
3089 2546 3252 2620 ἦσαν
3309 2552 3503 2606 ικανοὶ
3553 2554 4072 2624 συθηᾶροισμένοι

2488 2640 2585 2692 καὶ
2615 2643 3110 2709 προσευχόμενοι.
3710 2684 3711 2687 η

2562 2733 2941 2798 Κρούσαντος
2969 2732 3037 2784 δὲ
3069 2734 3174 2788 τοῦ
3202 2734 3423 2803 Πέτρου
3454 2735 3780 2805 τὴνθύραν
3811 2738 3918 2791 τοῦ
3948 2754 4075 2789 πυ-

2484 2825 2701 2891 λῶνος,
2742 2824 3051 2894 προσῆλθε
3098 2826 3390 2898 παιδίσκη
3422 2810 3785 2896 ὑπακοῦσαι,
3815 2831 4075 2899 ὀνόματι

2496 2914 2669 2982 Ῥόδη
2696 2931 2708 2943 -

2554 3007 2663 3061 Kal
2706 3008 3041 3076 ἐπιγνοῦσα
3094 3007 3209 3075 τὴν
3249 3010 3461 3078 φωνὴν
3498 3011 3605 3064 τοῦ
3653 3012 3901 3078 Πέτρου,
3944 3012 4075 3066 ἀπὸ

2484 3100 2592 3168 τῆς
2628 3099 2817 3168 χαρᾶς
2857 3103 2969 3154 οὐκ
3008 3101 3216 3167 ἤνοιξε
3250 3102 3356 3155 τὸν
3386 3102 3667 3156 πυλῶν-α’
3708 3101 4077 3171 εἰσδραμοῦς

2409 3169 2453 3229 C
2484 3207 2566 3245 σα
2608 3192 2697 3255 δὲ,
2736 3191 3105 3259 ἀπήγγειλεν
3131 3191 3379 3249 ἑστάναι
3428 3192 3537 3251 τὸν
3560 3195 3783 3259 Πέτρον
3810 3169 3928 3260 ἀρά
3956 3194 4075 3245 τοῦ

2485 3278 2788 3345 πυλῶνος.

2560 3374 2623 3424 Ol
2662 3370 2730 3423 δὲ
2760 3370 2910 3439 πρὸς
2938 3370 3134 3438 αὐτὴν
3161 3365 3335 3423 εἷπον
3355 3388 3369 3400 ·
3401 3370 3619 3437 Μαίνῃ.
3660 3370 3726 3425 Ἢ
3746 3370 3811 3423 δὲ
3833 3370 4076 3440 διισχυ-

2474 3462 2666 3529 ρίζετο
2694 3462 2881 3528 οὕτως
2911 3463 3093 3530 ἔχειν.
3122 3466 3185 3517 οι
3211 3463 3279 3516 δὲ
3305 3450 3547 3532 sumr-
3588 3463 3865 3531 Ἀγγελος
3887 3462 3931 3491 ⁸⁸
3957 3467 4075 3518 αὺ-

2482 3552 2589 3605 τοῦ
2629 3552 2821 3605 ἐστιν.

2564 3646 2626 3694 '0
2652 3642 2719 3695 δὲ
2746 3643 2967 3711 Πέτρος
3014 3643 3263 3711 ἐπέμενε
3286 3644 3538 3712 κρούων.
3581 3644 3951 3709 Ἀγοίξαντες
3970 3643 4007 3694 δ
4010 3647 4073 3705 ὲ,

2481 3732 2645 3803 εἶδον
2678 3736 2885 3800 αὑτὸν,
2917 3737 3011 3789 καὶ
3048 3737 3416 3803 ἐξέστησαν.

2540 3799 2932 3891 Ἆατασείσας
2974 3827 3043 3881 δὲ
3084 3799 3290 3895 αὐτοῖς
3313 3830 3357 3860 ⁸⁵
3394 3826 3469 3897 τῇ
3504 3829 3654 3898 χειρὶ
3690 3826 3891 3896 σιγᾷν,
3935 3828 4073 3894 διη-

2482 3920 2711 3989 γήσατο
2740 3919 2964 3984 αὐτοῖς,
2998 3918 3123 3983 πῶς
3161 3923 3188 3973 ὁ
3213 3921 3428 3987 Κύριος
3455 3920 3640 3972 αὑτὸν
3668 3919 3965 3987 ἐξήπηγεν
3993 3922 4071 3972 ex

2482 4011 2587 4077 τῆς
2636 4012 2960 4080 φυλακῆς·
3012 4007 3144 4064 εἶπε
3198 4011 3298 4063 δέ·
3348 4012 3769 4079 Ἀπαγγείλατε
3809 4012 4075 4077 Ἰακώϐῳ

2482 4102 2579 4159 καὶ
2609 4102 2734 4168 τοῖς
2761 4101 3049 4170 ἀδελφοῖς
3081 4102 3286 4156 ταῦτα.
3316 4102 3423 4157 Καὶ
3455 4101 3735 4167 ἐξελθὼν,
3764 4102 4069 4169 ἐπορεύθη

2481 4198 2566 4261 εἰς
2598 4195 2801 4261 ἕτερον
2828 4196 3033 4249 τόπον.

2556 4285 2898 4354 Γενομένης
2921 4285 2989 4337 δὲ
3018 4286 3261 4355 ἡμέρας.
3285 4282 3367 4355 ἦν
3406 4286 3665 4353 τάραχος
3712 4288 3821 4341 οὐκ
3853 4288 4072 4356 ὀλίγος

2483 4375 2554 4427 ἐν
2586 4374 2710 4439 τοῖς
2739 4375 3144 4443 στρατιώταις,
3178 4376 3235 4429 τι
3258 4376 3373 4444 ἄρα
3402 4380 3435 4430 ό
3459 4377 3681 4445 Πέτρος
3711 4378 3972 4447 ἐγένετο.

2553 4557 2684 4611 Νῦν
2715 4552 2846 4611 οῖδα
2892 4559 3151 4626 ἀληθῶς.
3184 4558 3299 4611 Νῦν
3333 4558 3527 4627 ἔγνων,
3581 4561 3768 4631 φησὶν,
3801 4561 3862 4611 οὺ
3908 4562 4066 4615 τότε.

2499 4650 2719 4721 Ἀθρὸον
2750 4649 3011 4721 ἡὸούλετο
3031 4650 3126 4718 τὴν
3148 4650 3337 4721 ἡδονὴν
3360 4650 3507 4719 αὑτῷ
3526 4650 3775 4718 γενέσθαι
3801 4652 4067 4719 ἄγγελος·

2487 4743 2579 4795 καὶ
2608 4742 2746 4811 μετὰ
2771 4742 2831 4794 τὸ
2860 4740 3263 4810 ἀπαλλαγῆναι,
3289 4741 3409 4792 τότε
3438 4741 3538 4811 τὴν
3565 4742 3817 4811 αἴσθησιν
3848 4742 4067 4795 λαϐεῖν.

2487 4830 2758 4885 Συνιδὼν
2786 4832 2873 4885 δέ.
2906 4832 2969 4885 Τί
3012 4834 3150 4897 ἐστι,
3197 4831 3504 4895 Evr-(803?;
3550 4832 3673 4884 Ὅτι
3717 4833 3815 4902 οὐχ
3872 4833 4070 4897 ἁπλῶς

2487 4924 2741 4977 ἀπελθεῖν
2769 4924 2867 4985 δεῖ,
2899 4922 3013 4977 ἀλλ’
3046 4922 3383 4990 ἀμείψασθαι
3408 4922 3497 4974 τὸν
3528 4922 3841 4992 εὐεργέτην.
3875 4922 4067 4976 Ἰωάνρ

2491 5033 2587 5085 νης
2618 5016 2674 5068 δὲ
2704 5016 2803 5068 οὐκ
2836 5016 3041 5077 ἐκεῖνος
3069 5010 3137 5084 ἧν
3164 5014 3315 5077 ἴσως,
3347 5016 3375 5066 ὁ
3402 5015 3487 5067 ἀεὶ
3518 5016 3700 5077 αὐτοῖς
3739 5016 3934 5068 συνών.
3964 5017 4071 5073 Διὰ

2490 5107 2600 5176 γὰρ
2638 5106 2798 5159 τοῦτο
2854 5105 2948 5159 καὶ
2997 5105 3059 5159 τὸ
3104 5107 3433 5175 παράσημον
3465 5105 3627 5158 αὐτοῦ
3660 5105 3856 5173 ἔθηκεν
3884 5123 3898 5135 ⁸
3934 5103 4067 5160 εἰπε

2487 5196 2629 5267 γάρ·
2693 5196 2803 5250 Τοῦ
2848 5195 3329 5263 ἐπικαλουμένου
3380 5194 3635 5262 Μάρκου.
3699 5196 3850 5264 Τάχα
3905 5192 4071 5258 οὗτός

2488 5290 2607 5340 ἐστι
2658 5287 2886 5358 Μάρκος
2924 5289 2951 5338 ὁ
3002 5286 3424 5355 εὑαγγελιστὴς,
3458 5281 3617 5339 δι’οὗ
3673 5286 3925 5353 λέγουσιν
3981 5287 4069 5339 ὅτι

2490 5379 2697 5448 Πέτρος
2729 5377 3143 5447 εὐηγγελίσατο.
3183 5378 3254 5430 Τὸ
3290 5378 3397 5447 γὰρ
3452 5378 3682 5448 Μάρκου
3726 5377 4071 5443 Εὐαγγέλιον

2494 5472 2700 5541 Πέτρου
2732 5470 2948 5537 λέγεται
2994 5464 3154 5522 εἶναι.
3186 5469 3417 5531 Πιθανδς
3448 5469 3504 5521 δὲ
3532 5471 3560 5521 ὁ
3591 5468 3745 5534 λόγος
3774 5466 3833 5531 ἐξ
3868 5460 3945 5520 ὧν
3971 5471 4071 5521 καὶ

2495 5562 2630 5633 πρὸς
2654 5563 2816 5614 αὑτὸν
2834 5562 2959 5615 κατέ
2971 5579 3127 5631 μενον
3145 5561 3173 5615 ὃ
3193 5579 3247 5615 τε
3269 5562 3471 5631 Πέτρος
3498 5562 3590 5615 καὶ
3616 5562 3665 5613 oi
3687 5560 3881 5614 λοιποί.
3914 5560 4069 5613 Ἀπὸ

2021 5683 2225 5743 Varia:
2272 5680 2574 5742 lectiones
2620 5688 2680 5741 et
2722 5691 2911 5741 notae.

881 5812 1038 5863 “10'.
1079 5810 1235 5863 οἴκοι.
1338 5810 1383 5841 δ’
1416 5810 1500 5862 ἵσ.
1544 5808 1802 5879 ἐπετάθη.
1907 5809 1950 5840 ⁸³
1983 5806 2047 5859 In
2088 5808 2296 5875 vulgati)
2328 5824 2384 5873 pc

2508 5805 2733 5860 συνιδών
2773 5824 2850 5874 τε,
2888 5823 2988 5860 non
3039 5816 3135 5874 est,
3167 5807 3192 5858 ὀ
3223 5805 3447 5876 Πέτρος.
3547 5804 3591 5836 ⁸⁸
3626 5804 3685 5858 In
3712 5804 3920 5874 vulgato
3961 5817 4066 5871 est,

883 5883 1109 5951 ἱγγε).ος.
1184 5882 1228 5912 ⁵⁸
1257 5881 1437 5946 αὐτὸς,
1475 5890 1608 5933 erat.
