4184 6458
729 455 831 517 687

1676 438 2262 503 THEOPIIYLACTI
2307 436 2714 498 BULGARIrE
2753 439 2796 494 Α
2810 437 3107 497 RCIIIEP.

3887 433 4000 495 688

730 567 836 637 guli
868 566 1100 622 indutus,
1135 576 1193 611 ac
1222 559 1401 611 sedens
1438 570 1531 624 pro
1564 555 1840 621 tribunali,
1876 551 2173 605 concionem
2200 551 2300 600 ha-

2437 545 2632 614 σθνῆτα
2657 547 3016 613 βασιλικὴν,
3044 544 3143 598 καὶ
3164 543 3419 608 καθίσας
3444 543 3539 595 ἐπὶ
3570 560 3627 593 τυ
3641 542 3672 594 ῐι
3714 544 4001 611 βήματος-

728 664 875 713 bibat
912 662 979 709 ad
1034 654 1174 705 illos.

805 748 966 801 Vens.
1010 744 1098 797 22.
1132 742 1195 795 At
1226 739 1445 810 populus
1480 737 1835 801 declamabat,
1874 735 1984 789 Vox
2018 733 2103 787 dei
2126 742 2172 786 et
2210 748 2312 785 non

732 840 976 894 hominis.

804 930 962 1001 104,
989 928 1144 982 Vens.
1177 927 1267 979 ‘23.
1304 923 1580 993 Extemplo
1604 933 1779 977 autem
1802 921 2048 990 percussit
2074 935 2192 971 cum
2215 934 2308 969 an~

2417 637 2766 705 ἐδημηγόρει
2802 638 2952 705 πρὸς
2978 639 3219 701 αὐτούς.

2496 732 2561 783 'O
2598 729 2667 783 δὲ
2723 731 2913 799 δῆμος
2950 730 3269 799 ἐπεφὼνεν
3310 729 3482 795 Φωνὴ
3532 728 3692 791 θεοῦ.
3738 728 3837 781 καί
3884 731 4003 779 σι’-ιι

2415 823 2750 895 ἀνθρώπου.

2491 911 2862 981 Παραχρῆμα
2901 912 2970 964 δὲ
2996 910 3301 975 ἐπάταξεν
3336 911 3526 965 αὐτὸν
3585 909 3839 979 ἄγγελος
3877 912 4005 962 Κυ-

729 1025 875 1095 gelus
911 1021 1136 1085 homini,
1165 1030 1437 1089 propterea
1464 1017 1603 1088 quod
1635 1033 1737 1069 non
1769 1015 2028 1067 tribuisset
2067 1013 2314 1064 honorem

2437 1008 2569 1071 alov,
2604 1008 2735 1061 ἀνθ’
2759 1001 2847 1060 ὧν
2879 1008 2991 1061 οὐκ
3041 1006 3228 1059 ἔδωκε
3276 1005 3467 1069 δόξαν
3497 1004 3576 1069 τῷ
3603 1003 3746 1069 Θεῷ,
3782 1004 3883 1057 καί
3913 1020 4010 1073 γε·

730 1130 777 1170 et
816 1115 1024 1169 tandem
1065 1112 1196 1178 Deo,
1222 1122 1268 1164 et
1329 1126 1505 1163 erasus
1530 1125 1561 1160 a
1590 1104 1848 1161 vermibus
1882 1101 2185 1169 exspiravit.

804 1213 966 1265 Vens.
993 1208 1081 1262 2-1.
1120 1207 1285 1262 Porro
1315 1206 1523 1261 verbum
1552 1203 1646 1257 Dei
1695 1201 1950 1255 crescebat
1975 1209 2023 1252 et
2062 1193 2317 1262 multipli-

733 1307 975 1359 cabatur.

815 1397 965 1451 I'este
995 1394 1161 1466 regali
1200 1395 1435 1447 indutus.
1465 1389 1737 1459 Iosephus
1766 1386 1898 1440 dicit
1952 1380 2201 1440 Heroden
2231 1379 2317 1433 in-

734 1491 924 1542 clutum
960 1498 1131 1549 veste,
1183 1502 1299 1554 qum
1330 1493 1439 1538 tota
1468 1498 1535 1537 ex
1586 1489 1811 1551 argento
1867 1474 2170 1531 admirabili
2201 1482 2317 1527 tex-

736 1594 854 1635 tura
886 1580 1130 1634 caulecta
1180 1577 1393 1641 fuisset,
1438 1576 1492 1629 in
1546 1574 1818 1629 theatrum
1873 1567 2159 1640 prodiisse,
2194 1565 2321 1619 inci-

737 1677 918 1742 piente
950 1683 1004 1726 ct
1069 1672 1418 1724 illucescente
1474 1666 1614 1720 die:
1669 1663 1759 1717 ubi
1822 1660 2012 1731 primis
2062 1657 2318 1713 solarium

738 1770 1012 1821 radiorum
1047 1762 1481 1819 innuissionibus
1512 1765 1799 1829 argentum
1833 1755 2160 1809 illustratum
2210 1750 2318 1805 mi-

741 1862 972 1915 randum
1006 1861 1057 1912 in
1090 1857 1308 1912 modum
1341 1852 1664 1924 refulgebat,
1697 1847 1998 1904 terribilem
2033 1842 2319 1913 quemdam

738 1963 791 2005 et
822 1950 1159 2005 intuentibus
1203 1946 1530 2001 horrendum
1572 1943 1830 1997 emittens
1856 1937 2220 2009 Splendorem,
2256 1947 2318 1985 ac

741 2043 921 2096 statim
970 2039 1279 2094 adulatores
1333 2037 1483 2090 illum
1523 2034 1685 2089 deum
1749 2027 2113 2100 appellabant,
2141 2023 2315 2077 aeda—

745 2145 958 2188 mantes
990 2151 1003 2187 :
1054 2131 1330 2202 PrOpitius
1366 2130 1440 2184 sis
1470 2145 1483 2180 :
1516 2126 1618 2180 etsi
1651 2135 1704 2179 te
1734 2124 1999 2177 hactenus
2029 2104 2087 2171 ut
2145 2115 2320 2169 homi-

744 2243 869 2280 nem
904 2224 1119 2280 reveriti
1178 2238 1388 2286 sumus,
1442 2227 1682 2273 attamen
1728 2214 1985 2281 deinceps
2043 2222 2095 2264 te
2125 2216 2318 2261 natura

746 2320 985 2371 humana
1017 2315 1279 2384 majorem
1310 2326 1434 2367 esse
1480 2307 1828 2364 conﬁtemur.
1860 2302 1994 2356 Vide
2023 2300 2212 2371 quales
2242 2297 2318 2350 illi

745 2418 900 2463 erant
952 2408 1280 2467 adulatores,
1336 2413 1500 2471 atque
1559 2399 1722 2453 etiam
1774 2395 1899 2450 vide
1949 2392 2315 2463 apostolorum

747 2501 911 2555 animi
970 2496 1419 2569 magnitudinem.
1452 2492 1623 2558 Quem
1658 2489 1801 2544 enim
1834 2488 2040 2555 integra
2066 2483 2214 2537 natio
2244 2483 2319 2536 ita

747 2594 976 2655 colebat,
1033 2591 1179 2645 hunc
1212 2589 1286 2641 illi
1312 2584 1759 2645 contemnebant,
1787 2590 1842 2633 et
1869 2576 2023 2648 quasi
2052 2587 2320 2643 conspue-

745 2688 898 2743 hant.
929 2684 1088 2753 Atqui
1116 2682 1159 2737 si
1195 2681 1291 2746 illi,
1328 2680 1474 2734 dicat
1502 2675 1715 2746 aliquis,
1743 2672 2071 2735 clamabant,
2102 2668 2229 2737 quid
2254 2666 2320 2720 ad

752 2778 936 2833 hunc?
963 2775 1098 2841 Quia
1135 2771 1399 2843 probabat
1446 2783 1657 2833 vocem,
1692 2766 1815 2835 quia
1857 2780 1915 2818 se
1967 2762 2194 2832 dignum
2230 2758 2318 2813 illa

2418 1099 2670 1168 νόμενος
2701 1098 3214 1165 σκωληκόόροτος,
3251 1095 3572 1164 ἐξέψυξεν.

2500 1190 2564 1244 '0
2598 1190 2668 1244 δὲ
2698 1192 2881 1261 λόγος
2907 1190 3014 1243 τοῦ
3043 1188 3190 1244 Θεοῦ
3210 1191 3437 1257 ηὔξανε
3469 1189 3567 1243 καί
3598 1189 4006 1257 ἐπληθύνετο.

2514 1381 2958 1452 Ἐνδυσάμενος
3013 1378 3243 1447 ἐσθῆτα
3302 1377 3662 1446 βασιλικήν.
3735 1376 4012 1448 Ἰώσηπος

2420 1482 2590 1550 λέγει,
2620 1478 2694 1541 ὡς
2728 1478 2757 1530 ὁ
2808 1474 3055 1546 Ἡρώδης
3106 1471 3299 1543 στολὴν
3341 1472 3703 1539 ἐνδυσάμενος
3730 1470 3789 1535 ἐξ
3814 1472 4008 1540 ἀργυ-

2426 1573 2540 1645 ρίου
2566 1569 2947 1638 πεποιημένην
2982 1568 3183 1629 πᾶσαν,
3209 1563 3285 1626 ὼς
3315 1561 3621 1634 Θαυμάσιον
3654 1563 3797 1633 ὑφὴν
3820 1559 3997 1626 εἶναι,

2429 1663 2707 1735 παρῆλθεν
2746 1662 2826 1724 εἰς
2866 1660 2929 1711 τὸ
2976 1658 3207 1728 θέατρον
3254 1656 3567 1728 ἀρχομένης
3593 1656 3841 1725 ἡμέραςο
3870 1656 4013 1708 ἔνθα

2423 1762 2542 1821 ταῖς
2571 1756 2818 1829 πρώταις
2846 1754 2955 1806 τῶν
2986 1751 3224 1823 ἡλιακῶν
3253 1751 3490 1804 ἀκτίνων
3536 1750 3816 1813 ἐπιϐολαῖς
3836 1752 3866 1803 ὁ
3896 1750 4012 1819 ἄρ-

2424 1867 2589 1919 γυρος
2618 1845 3045 1915 καταυγασθεὶς,
3086 1843 3406 1914 θαυμασίως
3453 1841 3739 1895 ἐπέστιλϐε
3776 1858 4014 1910 μαρμα-

2429 1940 2612 2016 ρυγῶν
2664 1958 2718 1993 τι
2764 1937 3015 2009 φοϐερὸν,
3050 1937 3146 1989 καὶ
3180 1937 3295 1998 τοῖς
3350 1937 3433 1998 εἱς
3476 1934 3643 1986 αὐτὸν
3692 1932 4011 1995 ἀτενίζουσι

2430 2037 2700 2108 φρικῶδες
2720 2052 2735 2067 ⁸
2769 2034 2929 2097 εὐθύς
2957 2050 3017 2085 τε
3047 2033 3097 2085 οἱ
3125 2031 3379 2094 κόλακες,
3415 2029 3535 2083 θεὸν
3557 2027 3970 2098 προσηγόρευον
3993 2044 4010 2056 ·

2430 2128 2681 2197 Εὐμενής
2702 2143 2761 2178 τε
2788 2126 2925 2194 εἴης,
2968 2122 3311 2189 ἐπιλέγοντες
3332 2137 3346 2150 ·
3377 2122 3425 2172 εί
3456 2120 3549 2172 καὶ
3597 2120 3760 2189 μέχρι
3799 2117 3897 2171 νῦν
3928 2117 4013 2180 ὼς

2429 2220 2717 2291 ἄνθρωπον
2746 2216 3125 2287 ἐφοϐήθημεν·
3160 2212 3295 2265 ἀλλὰ
3327 2211 3672 2275 τούντεῦθεν,
3720 2210 4016 2280 κρείττονά

2432 2327 2490 2363 σε
2525 2308 2627 2377 τῆς
2645 2309 2689 2339 ⁸¹
2740 2307 2953 2375 φύσεως
2996 2303 3390 2373 ὁμολογοῦμεν.
3420 2301 3563 2370 Ὀρα.
3604 2300 3721 2361 πῶς
3770 2299 4015 2360 κόλακες

2428 2398 2571 2473 ἦσαν
2594 2402 2822 2453 ἐκεῖνον
2844 2399 2945 2468 δρα
2972 2395 3027 2448 δὲ
3081 2396 3175 2448 κα)⁵
3234 2392 3341 2445 τῶν
3372 2390 3684 2445 ἀποστόλων
3711 2389 3771 2440 τὸ
3803 2388 4020 2457 φρόνη-

2434 2510 2533 2565 μα.
2575 2494 2671 2546 Ὃν
2725 2490 2836 2562 γὰρ
2887 2484 3382 2557 ἔθνος-ὀλόκληρον
3431 2481 3608 2543 οὕτως
3643 2478 4015 2549 ἐθεράπευσε,

2431 2586 2617 2640 τοῦτον
2668 2575 2817 2636 οὗτοι
2872 2580 3145 2633 διέπτυον.
3182 2577 3289 2629 Καὶ
3332 2574 3459 2645 μὴν,
3489 2574 3537 2626 εί
3572 2574 3788 2635 ἐκεῖνοι,
3818 2572 4015 2640 (φησὶν,

2432 2677 2682 2747 ἐϐόησαν,
2714 2673 2767 2726 τί
2811 2672 2947 2742 πρὸς
2979 2670 3205 2735 τοῦτονς
3240 2668 3359 2721 ’Ότι
3389 2663 3717 2728 κατεδέξατο
3758 2662 3857 2731 τὴν
3892 2681 4019 2732 φω-

2433 2772 2553 2842 νὴν,
2580 2771 2661 2822 ὅτι
2691 2764 2841 2831 ἄξιον
2872 2764 3063 2818 ἐαυτδν
3094 2761 3347 2831 ἐνόμισεν
3376 2753 3518 2811 εἶναι
3548 2756 3650 2825 τῆς
3692 2754 4014 2816 κολακείας.

754 2867 1067 2923 adulatione
1098 2864 1344 2935 putabat.
1379 2863 1483 2915 Per
1513 2860 1662 2913 hunc
1717 2865 1900 2911 autem
1932 2853 2168 2907 maxime
2222 2849 2323 2913 illi,

2437 2864 2535 2915 Διὰ
2577 2859 2769 2914 τούτου
2794 2857 2850 2910 δὲ
2885 2856 3118 2927 μάλιστα
3141 2854 3339 2906 ἐκεῖνοι
3363 2849 3713 2904 παιδεύονται
3752 2848 3802 2900 οἱ
3842 2847 4017 2899 κολα-

752 2962 844 3031 qui
900 2961 971 3015 ita
1005 2969 1210 3013 temere
1237 2954 1615 3015 adulabautur,
1649 2950 1915 3005 docentur
1937 2955 1991 3001 et
2023 2943 2325 2999 emendan-

2437 2948 2687 3011 κεύοντες
2718 2946 2867 3015 εῑκῆ.
2918 2945 3243 3013 Ἀμφότεροι
3270 2941 3369 3011 μὲν
3398 2936 3490 2993 οὖν
3512 2935 3652 3010 ἦσαν
3673 2938 3811 3005 ἄξιοι
3836 2954 4021 3006 τιμω-

754 3028 842 3109 tur
875 3074 890 3110 ι
922 3069 984 3107 ac
1009 3053 1223 3119 utrique
1256 3047 1472 3117 quidem
1507 3040 1771 3113 supplicio
1824 3037 1969 3108 digni
2021 3042 2196 3099 erant,
2230 3030 2325 3085 sed

2437 3043 2587 3111 ρίας·
2616 3039 2733 3093 ἀλλ’
2759 3039 2883 3091 ἐπεὶ
2910 3037 3147 3107 κρίσεως
3186 3035 3285 3087 οὐκ
3320 3032 3437 3085 ἔστι
3464 3031 3675 3099 καιρὸς,
3709 3033 3737 3083 ὁ
3777 3028 4021 3099 μάλιστα

752 3148 1007 3214 quoniam
1029 3142 1218 3212 judicii
1250 3150 1461 3207 tempus
1487 3149 1596 3188 non
1620 3140 1755 3193 erat,
1787 3130 1873 3183 ille
1902 3128 1992 3197 qui
2015 3126 2186 3194 culpa:
2210 3138 2323 3176 ma-

2438 3130 2735 3193 ὐπεύθυνος
2766 3128 3074 3193 κολάζεται,
3106 3127 3168 3179 Εἰ
3196 3125 3252 3177 δὲ
3281 3119 3433 3186 οὗτος
3459 3123 3693 3183 ἀκούσας
3727 3122 3808 3175 ὃτι
3836 3121 4019 3187 Φωνὴ

755 3212 900 3290 sime
939 3241 1055 3288 erat
1088 3230 1282 3293 aliinis,
1317 3230 1562 3297 punitur.
1598 3220 1755 3286 Quod
1828 3218 1873 3271 si
1904 3217 2013 3279 ille,
2043 3212 2189 3284 quod
2223 3226 2322 3265 au—

2437 3224 2588 3288 θεοῦ,
2639 3223 2738 3276 καί
2812 3223 2923 3275 οὐκ
2980 3217 3320 3285 ἀνθρώπου,
3363 3217 3539 3268 καίτοι
3596 3215 3761 3283 μηδὲν
3814 3213 4017 3277 εἰπὼν,

759 3331 876 3386 dire
926 3323 1292 3384 sustinuisset,
1342 3319 1451 3372 Vox
1490 3314 1585 3368 Dei
1617 3323 1665 3366 et
1706 3328 1807 3365 non
1842 3308 2085 3369 hominis,
2113 3303 2325 3359 tametsi

2437 3314 2657 3369 τοιαῦτα
2689 3314 2856 3365 ἔπαθε
2880 3328 2892 3340 ·
2922 3311 3102 3379 πολλῴ
3132 3309 3330 3379 μᾶλλον
3360 3310 3387 3360 ὁ
3416 3307 3667 3377 Χριστὸς,
3691 3309 3738 3358 εἱ
3776 3306 3850 3376 μὴ
3878 3306 4020 3366 Θεὸς

758 3420 894 3476 nihil
918 3418 1151 3478 dixerat,
1192 3428 1285 3467 eas
1334 3424 1523 3479 pmnas
1556 3405 1701 3459 dedit
1731 3421 1743 3456 :
1798 3401 1969 3455 multo
1991 3398 2182 3466 majori
2210 3411 2327 3450 mc-

758 3514 864 3567 rito
887 3508 1159 3569 Christus,
1188 3502 1292 3557 nisi
1340 3502 1456 3570 ipse
1494 3506 1637 3551 esset
1687 3495 1851 3560 Deus,
1875 3505 2062 3562 pmnas
2092 3489 2331 3543 dedisset

761 3605 855 3677 qui
884 3616 1099 3671 semper
1123 3597 1335 3653 dicebat
1396 3611 1410 3647 :
1462 3591 1626 3645 Verba
1658 3590 1765 3643 Iure
1791 3603 1893 3641 non
1922 3590 2042 3638 sunt
2083 3598 2221 3646 mea,
2252 3589 2328 3645 et,

763 3693 952 3763 Angeli
984 3690 1110 3745 mihi
1144 3688 1467 3741 ministrant.

824 3787 985 3841 Vens.
1008 3783 1098 3837 25.
1118 3779 1391 3835 Barnabas
1404 3783 1578 3830 autem
1597 3780 1643 3827 et
1664 3770 1858 3827 Saulus
1875 3767 2131 3838 perfuncti
2179 3766 2334 3818 mini-

762 3881 943 3941 sterio,
980 3875 1043 3928 ab
1078 3869 1449 3940 Hierosolymis
1479 3865 1802 3920 Antiochiam
1852 3861 2042 3914 reversi
2064 3865 2183 3911 sunt
2208 3896 2223 3918 ,
2251 3872 2335 3908 as-

764 3980 973 4041 sumpto
983 3982 1154 4023 secum
1169 3964 1328 4017 etiam
1342 3960 1562 4023 Joanne,
1584 3957 1669 4011 cui
1682 3969 1959 4025 cognomen
1985 3952 2080 4020 fuit
2099 3949 2330 4004 Marcus.

1354 4139 1578 4197 CAPUT
1630 4137 1770 4192 XIII.

845 4266 1005 4319 Vens.
1034 4261 1084 4314 1.
1116 4259 1479 4314 Erantautem
1496 4252 1781 4324 quidamin
1805 4247 2054 4306 Ecclesia,
2085 4261 2201 4315 qum
2228 4252 2342 4297 erat

772 4356 1079 4415 Antiochiw,
1135 4352 1398 4419 propheta:
1447 4356 1493 4398 et
1536 4346 1789 4405 doctores,
1846 4339 2121 4393 Barnabas
2160 4334 2342 4389 videli-

775 4463 875 4512 cet,
908 4458 954 4501 et
982 4445 1213 4507 Simeon,
1244 4441 1332 4510 qui
1363 4436 1648 4491 uocabatur
1680 4434 1866 4504 Niger,
1890 4440 1937 4484 et
1972 4430 2161 4484 Lucius
2184 4428 2346 4496 Cyre-

776 4541 969 4603 nensis,
999 4544 1187 4608 prwter
1233 4536 1322 4585 hos
1355 4528 1638 4590 Manahen,
1669 4527 1754 4594 qui
1806 4532 1918 4577 erat
1938 4537 2044 4575 una
2079 4536 2195 4572 cum
2240 4517 2345 4570 Ile-

779 4633 905 4687 rode
928 4627 1195 4684 tetrarcha
1226 4625 1497 4683 educatus,
1540 4627 1587 4672 et
1618 4614 1833 4671 Saulus.

849 4725 1039 4779 Adhuc
1070 4716 1327 4773 Barnabas
1359 4714 1593 4784 primum
1654 4706 1983 4762 mentionem
2024 4704 2173 4760 facit.
2211 4704 2348 4758 Pau—

779 4821 865 4875 lus
888 4815 1032 4871 enim
1064 4810 1306 4866 nondum
1341 4816 1460 4860 erat
1500 4803 1677 4857 clarus
1717 4817 1730 4852 :
1766 4798 2008 4853 nondum
2068 4797 2233 4850 ullum
2266 4796 2346 4851 le-

781 4916 929 4963 ccrat
962 4904 1195 4975 signum.
1241 4896 1547 4952 Notandum
1582 4900 1662 4946 est
1688 4900 1872 4945 autem
1930 4898 1986 4943 et
2033 4886 2255 4941 Paulum
2288 4897 2347 4941 et

782 4997 1080 5053 Barnabam
1111 5008 1232 5047 cum
1265 4988 1541 5059 prephetis
1577 4986 1887 5044 collocatos,
1914 4990 1969 5036 et
2008 4988 2347 5049 comparatos

781 5107 925 5146 esse.
980 5066 1177 5145 Prwter
1229 5085 1321 5137 hos
1354 5079 1636 5143 Manahen,
1671 5075 1759 5145 qui
1818 5081 1930 5126 erat
1986 5089 2101 5125 cum
2145 5070 2350 5125 Herode

787 5180 1051 5237 tetrarcha
1077 5176 1345 5230 educatus.
1380 5172 1517 5226 Ecce
1547 5183 1728 5223 mores
1767 5164 2227 5233 uniuscujusque;
2259 5175 2353 5214 ve-

790 5290 908 5327 rum
931 5287 1091 5341 quam
1129 5283 1158 5321 a
1193 5264 1422 5335 pueritia
1448 5266 1771 5330 acceperant
1804 5258 2204 5317 educationem,
2241 5270 2350 5307 non

792 5372 1022 5429 uterque
1069 5353 1314 5411 retinuit.
1348 5350 1480 5405 Vide
1510 5350 1713 5411 ‘enim,
1766 5357 1825 5400 ut
1850 5346 2089 5400 Herodes
2132 5344 2351 5413 quidem

787 5454 1059 5527 pessimus
1121 5446 1284 5502 fuerit
1323 5462 1337 5498 :
1382 5443 1646 5498 Manaben
1697 5449 1900 5503 autem,
1944 5438 2037 5507 qui
2082 5453 2187 5489 una
2229 5451 2351 5489 cum

794 5548 895 5599 hoc
926 5542 1184 5595 educatus
1214 5537 1410 5598 fuerat,
1443 5542 1651 5587 tantum
1681 5530 1748 5583 ab
1782 5530 1871 5582 illo
1900 5534 2138 5581 mutatus
2162 5534 2263 5589 est,
2297 5532 2354 5578 ut

797 5637 959 5691 etiam
991 5645 1192 5688 munus
1218 5628 1513 5699 prephetiae
1552 5630 1882 5678 consecutus
1909 5622 1994 5673 sit.

2434 3405 2504 3480 ἦν
2552 3406 2731 3469 αὐτὸς,
2767 3406 2852 3457 ἀεὶ
2880 3404 3075 3471 λέγων,
3109 3403 3213 3464 ὅτι,
3253 3402 3329 3454 Τὰ
3372 3399 3611 3467 ῥήματα
3662 3396 3849 3449 ταῦτα
3900 3398 4022 3449 οὐκ

2436 3503 2605 3555 ἐστιν
2627 3496 2738 3568 ἐμά
2763 3512 2776 3527 ·
2812 3497 2927 3558 καὶ,
2966 3491 3233 3564 Ἄγγελοι
3250 3509 3349 3560 μοι
3378 3488 3798 3558 ὑπηρετοῦσιν.

2514 3771 2823 3841 Βαρνάϐας
2860 3769 2929 3822 δὲ
2963 3766 3061 3821 καὶ
3093 3767 3329 3832 Σαῦλος
3375 3766 3770 3832 ὑπέστρεψαν
3791 3765 3877 3827 είς
3921 3765 4026 3817 Ἰε-

2436 3864 2764 3937 ρουσαλὴμ
2787 3865 2857 3927 ⁸⁸,
2898 3860 3328 3929 πληρώσαντες
3352 3858 3469 3925 τὴν
3497 3857 3826 3919 διακονίαν,
3861 3871 4027 3925 συμ-

2445 3958 2895 4027 παραλαϐόντες
2920 3953 3019 4006 καί
3046 3952 3152 4006 τὸν
3187 3949 3478 4018 Ἰωάννην
3496 3950 3603 4003 τὸν
3622 3946 4030 4015 ἐπικληθέντα

2448 4051 2709 4117 Μάρκον.

3039 4136 3295 4193 ΚΕΦΑΔ.
3329 4135 3432 4189 II".

2522 4253 2717 4310 Ἦσαν
2740 4253 2809 4306 δέ
2849 4270 3009 4317 τινες
3045 4251 3116 4305 ἐν
3160 4248 3480 4317 Ἀντιοχείᾳ
3502 4245 3655 4301 κατὰ
3682 4245 3795 4312 τὴν
3823 4238 4030 4299 οὖσαν

2464 4346 2854 4413 Ἐκκλησίαν,
2877 4341 3176 4411 προφῆται
3200 4339 3297 4393 καί
3328 4337 3702 4399 διδάσκαλοι,
3725 4336 3757 4388 ὅ
3782 4352 3845 4387 τε
3871 4336 4030 4403 Βαρ-

2452 4438 2641 4504 νάϐας
2687 4436 2786 4491 καί
2829 4436 3075 4506 Συμεὼν
3110 4436 3143 4487 ό
3192 4432 3565 4501 καλούμενος
3582 4429 3629 4460 ⁸³
3672 4430 3868 4497 Νίγερ,
3921 4428 4030 4480 καὶ

2456 4533 2711 4596 Λούκιος
2732 4533 2765 4584 ὁ
2796 4526 3128 4598 Κυρηναῖος
3150 4524 3218 4591 ⁸⁸,
3249 4523 3504 4589 Μαναήν
3525 4537 3587 4573 τε
3628 4518 3887 4587 Ἡρώδου
3914 4517 4030 4571 τοῦ

2452 4624 2779 4694 τετράρχου
2813 4623 3176 4689 σύντροφος,
3208 4616 3305 4669 καί
3340 4612 3593 4679 Σαῦλος.

2527 4717 2650 4768 Ἔτι
2705 4712 2990 4783 Βαρνάϐαν
3025 4710 3241 4780 πρῶτον
3278 4704 3649 4779 μνημονεύει·
3708 4700 3862 4755 οὔπω
3914 4701 4031 4770 γὰρ

2454 4806 2666 4869 Παῦλος
2693 4800 2761 4874 ἦν
2787 4802 3040 4872 λαμπρός
3064 4816 3076 4829 ·
3108 4797 3260 4851 οῠπω
3284 4798 3505 4867 σημεῖον
3533 4793 3683 4846 οὐδὲν
3708 4792 4028 4862 εἰργάσατο.

2453 4896 2797 4969 Σημειωτέον
2830 4893 2887 4946 δὲ
2930 4893 3011 4945 ὅτι
3042 4890 3136 4944 καὶ
3180 4887 3392 4950 Παῦλος
3430 4887 3527 4938 καὶ
3561 4882 3849 4951 Βαρνάϐας
3880 4880 4032 4948 »μετὰ

2597 4981 2898 5057 προφητῶν
2922 4978 3333 5048 κατετάγησαν.
3375 4972 3633 5037 Μαναήν
3674 4987 3735 5022 τε
3774 4967 4030 5035 Ἡρώδου

2447 5077 2555 5133 τοῦ
2580 5075 2908 5145 τετράρχου
2934 5071 3299 5139 σύντροφος.
3328 5064 3502 5118 Ἵδοὺὸ
3532 5061 3730 5131 τρόπος
3772 5058 4030 5123 ἑκάστου,

2448 5168 2569 5236 οὐχὶ
2600 5168 2633 5235 ἡ
2665 5168 2726 5216 ἐκ
2764 5162 2949 5224 παιδὸς
2981 5158 3262 5229 ἁνατροφὴ
3288 5154 3472 5219 σώζει.
3516 5152 3691 5205 Βλέπε
3724 5149 3831 5217 γὰρ
3857 5147 3975 5208 πῶς
4004 5148 4035 5198 ὁ

2456 5258 2554 5328 μὲν
2600 5255 2846 5323 Ἡρώδης
2879 5252 3140 5312 κάκιστος
3179 5243 3282 5318 ἦν·
3318 5248 3345 5297 ὁ
3369 5242 3470 5316 [δὲ]
3507 5242 3696 5296 τούτου
3724 5240 4028 5307 σύντροφος

2458 5326 2685 5415 θλίαναὴν
2740 5344 2995 5398 τοσοῦτον
3056 5336 3385 5410 μετεϐλήθη,
3425 5334 3508 5388 ὅτι
3557 5332 3653 5385 καί
3694 5326 4034 5400 προφητείας

2457 5440 2684 5511 ἠξιώθη.

1997 5711 2196 5771 Variae
2246 5708 2549 5770 lectiones
2594 5712 2648 5763 et
2696 5706 2882 5761 notua.

872 5835 913 5863 "
961 5832 1015 5883 Vi
1043 5825 1493 5882 ’cturdesirlemri,
1531 5822 1895 5888 ἀνθρωπίνης.

1997 5816 2041 5846 ⁵²
2081 5814 2139 5866 In
2164 5827 2325 5876 mem;

2437 5812 2447 5861 i
2496 5808 2714 5861 Lutetiw
2759 5805 2897 5876 edito
2927 5810 3027 5876 est,
3080 5797 3137 5876 ἐξ
3170 5790 3526 5876 Ἰερουσαλῂμ
3563 5785 4043 5872 εἰςῇλντιόχειαν,

872 5860 911 5863 ⁷⁷
965 5860 980 5877 υ
1004 5860 1015 5883 t
1043 5860 1162 5882 'uul
1188 5860 1493 5881 ucouccuuu.
1531 5860 1895 5888 νηηιωη-,Ἶη.
2081 5860 2139 5866 -.-
2166 5860 2246 5865 -.η
2276 5860 2320 5876 ρ,

832 5921 987 5960 unum
1039 5902 1305 5953 lectionem
1336 5910 1521 5964 sequor
1544 5908 1606 5944 ac
1647 5906 1814 5943 veram
1853 5902 1957 5940 esse
1991 5895 2134 5953 puto.
2212 5884 2254 5913 ⁵³
2283 5881 2325 5933 lt

2437 5881 2573 5951 lgrtto
2603 5887 2696 5940 est,
2724 5875 2904 5944 Σίμων
2942 5860 3292 5938 καλούμενος.
3371 5863 3417 5894 ⁸³⁵
3443 5860 3755 5930 Κυρινιιῖος,
3802 5868 3933 5907 erat.
