4184 6458
720 431 826 492 693*

1636 433 2204 494 TIIEOl'ill'LStLI‘t
2254 434 2658 492 BULUAliLE
2697 433 3056 497 AltLJlllEP.

3868 431 3979 494 696

723 552 811 596 tus
858 548 971 593 erat
1012 539 1282 594 Christus.
1346 541 1728 595 Animadverte
1766 552 1943 596 autem
1978 542 2140 595 etiam
2172 540 2301 594 Bar-

2419 542 2605 596 οοῦντα
2654 537 2735 611 τῷ
2783 543 3001 612 Παύλῳ,
3056 542 3246 613 ὥσπερ
3288 544 3383 597 καὶ
3425 542 3618 612 Πέτρῳ
3653 544 3682 595 ὁ
3723 543 3981 609 Ἰωάννης

727 635 904 684 naban
944 632 1139 686 cedere
1188 632 1375 695 Paulo,
1429 632 1904 703 (quemadmodum
1943 633 2106 687 etiam
2142 632 2301 685 Petro

722 727 960 780 Jnannes
990 727 1187 795 ubique
1221 727 1401 797 cedit)
1432 741 1736 795 quanquam
1767 725 2133 781 venerabilior
2157 733 2297 791 erat,

724 834 887 885 quam
920 818 1007 871 ille
1029 834 1042 869 :
1068 833 1257 872 verum
1282 832 1625 872 communem
1646 818 1930 873 utilitatem
1962 820 2297 888 spectabant.

727 911 864 962 Deus
900 910 1080 977 populi
1101 910 1257 977 hujus
1291 909 1446 979 elegit
1475 918 1652 978 patres
1686 920 1908 964 nostros.
1940 910 2299 980 Antiquarum

726 1001 951 1068 repetita
983 1001 1241 1055 memoria
1269 1016 1448 1054 rerum
1481 1002 1717 1056 ostendit
1757 1017 1949 1073 magna
1981 1017 2101 1057 esse
2132 1003 2301 1057 bene-

726 1094 865 1157 licia,
903 1108 1023 1161 qua:
1072 1093 1212 1145 Deus
1256 1093 1549 1147 contulerit
1581 1094 1633 1147 in
1670 1092 1809 1156 illos,
1848 1093 2301 1162 quemadmodum

726 1186 888 1237 etiam
923 1184 1234 1252 Stephanus
1264 1183 1413 1238 facit.
1462 1184 1669 1238 Nactus
1702 1202 1819 1237 sum
1851 1185 2102 1239 Doridem
2130 1187 2305 1255 ﬁlium

724 1275 927 1341 Jesstci,
968 1277 1135 1328 virum
1187 1277 1276 1345 qui
1325 1278 1454 1330 mihi
1492 1278 1637 1330 cordi
1693 1286 1787 1331 est.
1843 1276 2145 1332 Notandum
2194 1294 2301 1331 non

728 1370 845 1436 ipso
887 1378 1142 1421 contextu
1175 1369 1473 1421 dictionum
1505 1369 1617 1423 haec
1650 1368 1809 1424 verba
1836 1379 2047 1423 exstare
2087 1369 2140 1423 in
2169 1369 2305 1423 libro

729 1460 952 1529 Regum,
1012 1461 1104 1514 sed
1166 1461 1504 1516 solummodo
1561 1462 1878 1530 prophetico
1926 1477 2075 1515 more
2109 1461 2175 1515 ab
2218 1460 2303 1515 di-

728 1550 854 1602 \‘ino
895 1550 1145 1604 Samuelc
1172 1551 1311 1604 dicta
1348 1566 1470 1604 esse
1511 1551 1578 1603 ad
1608 1550 1824 1605 Saulcm
1859 1568 1873 1604 :
1907 1549 2116 1615 Quaeret
2141 1552 2302 1615 enim,

729 1643 927 1710 inquit,
974 1642 1076 1695 sibi
1122 1641 1378 1698 Dominus
1417 1644 1699 1708 hominem,
1745 1643 1835 1712 qui
1887 1644 1984 1695 sibi
2015 1644 2158 1696 cordi
2212 1644 2299 1701 sit.

727 1745 774 1787 ct
818 1735 1085 1787 mandabit
1123 1736 1168 1789 ei
1198 1736 1472 1801 Dominus,
1513 1744 1568 1789 ut
1594 1737 1768 1803 praesit
1795 1735 1987 1803 populo
2008 1752 2143 1791 suo:
2182 1737 2305 1806 quia

729 1845 832 1881 non
871 1830 1094 1881 servasti
1124 1837 1172 1881 ct
1199 1839 1468 1882 exsecutus
1509 1844 1561 1882 es
1601 1844 1920 1899 quwcuuque
1966 1828 2308 1881 mandaverat

728 1924 823 1976 tibi
851 1920 1101 1974 Dominus
1130 1921 1196 1974 ".
1240 1920 1376 1974 Hine
1412 1920 1608 1974 Paulus
1648 1919 1828 1989 posuit
1874 1938 1885 1972 :
1932 1919 2110 1973 Inveni
2154 1919 2310 1973 Davi-
2340 1898 2383 1957 Β

730 2015 847 2067 dem
888 2012 1055 2081 ﬁlium
1102 2011 1304 2076 Jessa'i,
1355 2013 1523 2064 virum
1566 2012 1654 2080 qui
1689 2012 1815 2064 mihi
1858 2011 2001 2064 cordi
2030 2021 2125 2066 est.
2156 2011 2310 2077 Quod

731 2115 912 2160 autem
939 2105 1072 2159 dixit
1107 2125 1120 2158 :
1155 2105 1258 2157 Viri
1286 2104 1501 2172 fratres,
1532 2104 1577 2157 si
1612 2119 1769 2172 quam
1793 2104 1994 2157 habetis
2020 2106 2311 2157 orationem

732 2197 894 2265 plebis
926 2196 1257 2265 appellanda:
1291 2207 1338 2248 et
1365 2194 1714 2247 adhortando:
1746 2211 1911 2247 causa
1946 2196 2311 2261 compositam,

732 2290 915 2355 dicite,
943 2289 992 2341 id
1022 2297 1106 2343 est
1136 2286 1469 2354 hujusmodi.
1508 2284 1619 2338 Mos
1649 2294 1765 2339 erat
1787 2285 1988 2340 Judais
2023 2285 2077 2339 in
2110 2285 2315 2340 Sabba-

738 2383 806 2435 tis
842 2382 1070 2434 recitare
1118 2379 1287 2447 legem
1342 2376 1537 2447 Moysis
1581 2386 1635 2431 et
1680 2377 1973 2446 prophetas
2014 2394 2028 2429 :
2082 2392 2145 2432 ac
2195 2384 2317 2446 post

737 2488 925 2527 eorum
976 2470 1345 2526 recitationem
1399 2468 1597 2537 alloqui
1656 2468 1866 2538 plebem
1913 2478 1968 2521 et
2022 2467 2314 2536 explicare.

739 2563 1102 2630 Quamobrem
1137 2562 1301 2616 etiam
1338 2560 1415 2613 illi
1447 2561 1738 2614 hortantur
1770 2559 1995 2613 Paulum
2024 2568 2079 2613 et
2118 2557 2317 2611 Barna-

740 2660 861 2712 ltam
911 2657 978 2712 ad
1032 2655 1417 2726 proferendum
1492 2654 1689 2717 verba,
1747 2653 1945 2723 quibus
1990 2661 2316 2706 conventum

745 2754 1118 2806 admonerent.
1165 2747 1338 2815 llujus
1372 2763 1435 2800 ea:
1466 2751 1662 2800 semine
1690 2746 1852 2810 Deus,
1880 2746 2320 2815 quemadmodum

746 2845 1077 2913 promiserat,
1102 2843 1279 2896 eduxit
1316 2841 1502 2895 Israeli
1531 2839 1880 2894 Serratorem.
1914 2839 2077 2894 Valde
2103 2839 2321 2894 deside-

748 2940 913 2993 iabile
950 2948 1067 2994 erat
1114 2939 1224 2992 illis
1254 2953 1452 2991 nomen
1489 2937 1729 2991 Dzwidis.
1770 2934 1940 3004 Hujus
1972 2935 2047 2990 rei
2077 2936 2245 3005 gratia
2290 2949 2319 2986 a

746 3035 915 3101 stirpe
974 3032 1117 3085 illius
1149 3031 1224 3085 ait
1273 3042 1556 3101 regnatum
1614 3030 1701 3083 iri.
1745 3029 1873 3084 Cum
1918 3039 2039 3083 ante
2090 3028 2319 3083 Joannes

747 3124 1078 3187 praedicasset
1136 3132 1259 3175 ante
1293 3122 1485 3191 facient
1533 3122 1779 3174 introitus
1834 3121 1967 3188 ejus.
2028 3119 2317 3173 lutroitum

748 3225 927 3269 autem
950 3215 1381 3269 incarnationem
1412 3214 1561 3268 dicit.

822 3311 987 3365 Vens.
1030 3310 1123 3365 25.
1154 3306 1286 3363 Cum
1310 3318 1486 3360 autem
1525 3304 1758 3359 Joannes
1786 3321 1994 3357 cursum
2026 3304 2321 3370 conﬁceret,

749 3404 953 3457 dicebat
986 3417 1004 3455 :
1035 3399 1324 3465 Quemnam
1356 3413 1435 3451 me
1462 3413 1570 3451 esse
1598 3396 1971 3464 suspicamini?
2004 3393 2114 3463 Ego
2149 3396 2192 3447 is
2226 3410 2329 3447 non

752 3513 868 3547 sum
900 3510 917 3547 :
952 3493 1043 3545 sed
1077 3505 1189 3544 ecce
1219 3488 1353 3542 venit
1380 3497 1492 3556 post
1526 3503 1624 3549 me,
1666 3486 1816 3553 cujus
1854 3501 1956 3537 non
1998 3500 2114 3537 sum
2142 3484 2328 3551 dignus

753 3588 841 3650 qui
871 3584 1013 3639 salva
1024 3601 1072 3635 m
1097 3581 1504 3633 calceamentum
1531 3578 1742 3647 pedum.

828 3678 991 3731 Vens.
1020 3674 1108 3728 26.
1147 3672 1254 3727 Viri
1278 3672 1488 3740 fratres,
1516 3670 1705 3736 posteri
1730 3669 1931 3737 generis
1956 3668 2261 3727 Abi-ultumi,
2284 3675 2332 3717 ct

755 3773 846 3839 qui
874 3770 1009 3824 inter
1037 3783 1124 3821 vos
1161 3763 1327 3817 Deum
1351 3763 1552 3825 timent,
1584 3762 1723 3814 vobis
1759 3762 1967 3814 verbum
2001 3759 2188 3812 salutis
2234 3760 2331 3809 hu—

754 3870 841 3933 jus
881 3864 1098 3915 missum
1130 3868 1224 3911 est.

832 3954 993 4007 Vatis.
1036 3952 1126 4005 27.
1166 3950 1305 4003 Nam
1354 3953 1442 4019 qui
1486 3946 1794 4001 habitabant
1835 3946 1891 3997 in
1932 3941 2246 4001 Jerusalem,
2289 3950 2336 3994 et

759 4044 1021 4112 principes
1049 4042 1421 4108 eorum,illum
1447 4042 1743 4109 ignorantes
1768 4034 2184 4105 quisnamlesset,
2219 4047 2337 4084 cum

758 4154 905 4192 voces
950 4137 1358 4204 prophetarum,
1403 4149 1519 4203 qua:
1557 4131 1699 4184 omni
1742 4128 1970 4183 Sabban
2028 4126 2337 4187 recitantur;

758 4229 957 4300 judicio
983 4244 1078 4281 suo
1109 4228 1531 4295 comprobarunt,

840 4320 997 4389 109
1032 4318 1197 4373 Vens.
1227 4318 1315 4371 28.
1351 4318 1477 4371 Tum
1519 4316 1666 4369 nulla
1700 4331 1862 4368 causa
1897 4314 2078 4367 mortis
2111 4314 2339 4373 inventa,

762 4414 1017 4479 petierunt
1045 4429 1075 4464 a
1105 4409 1277 4463 Pilato
1301 4420 1356 4462 ut
1391 4410 1679 4463 tolleretur.

836 4502 995 4556 Vens.
1031 4502 1121 4556 29.
1158 4503 1217 4556 lit
1245 4512 1416 4554 rlutem
1460 4502 1785 4569 perfecerunt
1829 4498 2004 4550 omnia
2041 4512 2156 4565 qua:
2196 4500 2258 4548 (te
2286 4511 2343 4547 eo

2404 636 2704 705 πανταχοῦ,
2762 637 2940 689 καίτοι
3000 635 3169 690 αὑτοῦ
3226 635 3650 704 αἰδεσιμώτερος
3701 629 3805 694 ἦν·
3840 634 3980 685 ἀλλὰ

2404 732 2538 797 1:96;
2571 727 2632 780 τὸ
2670 730 2822 797 κοινῇ
2864 728 3145 797 συμφέρον
3175 725 3383 797 ἐώρων.
3425 726 3487 779 '0
3512 725 3653 790 Θεὸς
3682 724 3789 777 τοῦ
3817 722 3980 777 λαοῦ

2402 823 2619 874 τούτου
2652 820 2971 884 ἐξελέξατο
2999 819 3140 886 τοὺς
3192 817 3452 886 πατέρας
3496 815 3684 886 ἡμῶν.
3733 814 3984 866 Ἀνωοεν

2402 916 2642 969 δείκνυσι
2695 916 2792 978 τὰς
2835 914 3155 985 εὐεργεσίας
3207 912 3301 964 τοῦ
3332 910 3467 964 Θεοῦ
3498 909 3741 979 μεγάλας
3780 906 3982 967 οὔσας,

2404 1006 2657 1076 καθάπερ
2687 1005 2783 1058 καὶ
2812 1006 3083 1072 Στέφανος
3108 1005 3271 1055 ποιεῖ.
3302 997 3501 1068 Εὗρον
3526 1000 3709 1053 Δαυῒδ
3730 996 3833 1050 τὸν
3870 995 3984 1048 τοῦ

2416 1098 2665 1162 Ἰεσσαὶ,
2684 1097 2875 1165 ἄνδρα
2894 1096 3045 1151 κατὰ
3059 1094 3175 1163 τὴν
3192 1094 3446 1163 καρδίαν
3461 1110 3603 1163 ⁸ιιου.
3627 1091 3702 1160 Ση
3712 1089 3985 1159 μειωτέον

2403 1192 2485 1245 ὅτι
2519 1192 2619 1245 οὑκ
2656 1190 2794 1260 αὐτῇ
2825 1188 2968 1253 λέξει
3012 1187 3186 1241 ταῦτα
3216 1188 3287 1241 τὰ
3318 1186 3539 1257 ῥήματα
3583 1186 3793 1236 κεῖνται
3814 1181 3876 1233 ὲν
3908 1181 3984 1247 τῇ

2406 1287 2573 1357 βίϐλῳ
2602 1287 2711 1340 τῶν
2742 1284 3061 1348 Βασιλειῶν,
3092 1282 3126 1352 ἢ
3175 1282 3336 1352 μόνον
3371 1276 3721 1349 προφητικῶς
3749 1276 3858 1327 ὑπὸ
3882 1272 3985 1325 τοῦ

2406 1383 2552 1437 Gelon
2587 1381 2841 1450 Σαμουὴλ
2870 1379 3138 1447 εἰρημένα
3165 1375 3301 1446 πρὸς
3345 1374 3437 1426 τὸν
3494 1371 3685 1425 Σαούλ.
3718 1368 3985 1435 Ζητήσει

2406 1476 2534 1544 γὰρ,
2588 1471 2745 1541 φησὶ,
2784 1470 2995 1537 Κύριος
3046 1466 3240 1532 ἐαυτῷ
3304 1466 3618 1532 ἄνθρωπον
3657 1458 3806 1513 κατὰ
3866 1456 3988 1521 τὴν

2407 1566 2659 1636 καρδίαν
2684 1562 2893 1627 αὑτοῦ,
2921 1561 3021 1616 καὶ
3057 1558 3381 1615 ἐντελεῖται
3434 1554 3594 1620 αὺτῷ
3627 1554 3847 1621 Κύριος
3893 1552 3988 1615 εὶς

2407 1659 2671 1727 ἄρχοντα
2707 1654 2805 1708 ἐπὶ
2830 1655 2937 1709 τὸν
2960 1652 3113 1707 λαὸν
3140 1651 3326 1706 αὐτοῦ
3357 1665 3370 1679 ·
3405 1650 3494 1702 ὅτι
3530 1649 3640 1701 οὐκ
3669 1641 3991 1714 ἐφύλαξα(-

2409 1752 2526 1804 ὄσα
2559 1745 2896 1802 ἐνετείλατό
2946 1758 3047 1798 σοι
3092 1744 3327 1810 Κύριος.
3372 1737 3654 1793 Ἐντεῦθεν
3699 1738 3728 1788 ὁ
3770 1732 3991 1793 Παῦλος

2408 1837 2620 1891 τέθεικε
2657 1836 2736 1898 τὸ,
2766 1830 2959 1901 Εὗρον
2987 1831 3168 1886 Δαυῒδ
3198 1830 3306 1884 τὸν
3355 1830 3462 1882 τοῦ
3514 1825 3763 1889 Ἰεσσαὶ,
3795 1821 3993 1888 ἄνδρα

2414 1930 2563 1983 κατὰ
2586 1928 2699 1995 τὴν
2719 1925 2971 1993 καρδίαν
2988 1941 3127 1993 μου.
3155 1923 3229 1975 Τὸ
3250 1922 3307 1974 δὲ
3329 1921 3525 1983 εἰπεῖν,
3547 1917 3789 1984 Ἄνδρες
3808 1914 3993 1969 ἀδελ-

2414 2020 2539 2089 φοὶ,
2593 2020 2644 2071 ει
2670 2016 2801 2069 ἔστι
2849 2017 3029 2082 λόγος
3057 2013 3127 2066 ἐν
3149 2012 3295 2081 ὑμῖν
3324 2007 3759 2078 παρακλήσεως
3833 2004 3992 2072 πρὸς

2414 2114 2522 2166 τὸν
2567 2112 2723 2164 λαὸν
2770 2109 2999 2177 λέγετε,
3055 2106 3212 2160 τοῦτο
3248 2101 3316 2175 ἦν
3344 2122 3359 2135 ·
3399 2102 3557 2165 Ἐοος
3595 2100 3665 2173 ἦν
3706 2103 3819 2161 τοῖς
3859 2100 3993 2151 Ἰου-

2414 2205 2582 2268 δαίοις
2641 2206 2700 2257 ὲν
2752 2205 2864 2264 τοῖς
2921 2200 3195 2255 Σάϐὄασιν
3246 2199 3644 2266 ἀναγινώσκειν
3690 2194 3782 2246 τὸν
3823 2192 3995 2260 νόμον

2417 2298 2695 2361 Μωῦσέως
2726 2299 2772 2330 ⁷⁸
2807 2297 2898 2351 καὶ
2927 2297 3051 2358 τοὺς
3076 2295 3363 2365 προφήτας
3383 2310 3396 2323 ·
3446 2290 3541 2345 καὶ
3573 2289 3712 2358 μετὰ
3741 2286 3839 2355 τὴν
3862 2284 3998 2336 τοῦ-

2417 2410 2525 2445 των
2546 2392 2873 2459 ἀνάγνωσιν,
2902 2388 3253 2458 προσομιλεῖν
3279 2388 3372 2440 καὶ
3400 2381 3735 2453 ἐξηγεῖσθαι.
3770 2379 3863 2431 Aab
3895 2377 3999 2428 καὶ

2418 2476 2563 2536 οῦτοι
2620 2482 3022 2553 προτρέπονται
3073 2477 3262 2540 robe"
3330 2477 3454 2544 περὶ
3500 2472 3711 2526 Παῦλον
3754 2466 3998 2535 λαλῆσαι

2420 2580 2489 2647 τῇ
2517 2576 2837 2643 Συναγωγῇ.
2880 2574 3099 2627 Τούτου
3126 2573 3158 2623 ὀ
3199 2568 3344 2633 Θεὸς
3370 2566 3488 2621 ἀπὸ
3517 2564 3624 2618 τοῦ
3651 2560 4004 2629 σπέρματος

2423 2670 2549 2723 κατ’
2579 2667 2946 2736 ἐπαγγελίαν
2982 2664 3169 2732 ἤγαγε
3189 2660 3271 2726 τῷ
3302 2659 3551 2727 ἰσραὶρλ
3580 2654 3884 2722 σωτηρίαν
3924 2652 4000 2703 ’⁷.

2424 2763 2573 2817 Πάνυ
2600 2761 2849 2815 ποθεινὸν
2866 2755 2933 2829 ἦν
2960 2759 3144 2819 αὐτοῖς
3170 2755 3232 2807 τὸ
3252 2753 3347 2806 τοῦ
3375 2751 3540 2805 Δαὸὶδ
3567 2750 3767 2817 ὄνομα·
3798 2744 4001 2797 τούτου

2424 2857 2583 2925 χάριν
2630 2853 2735 2906 ὑπὸ
2781 2851 2874 2903 τοῦ
2919 2848 3109 2911 παιδὸς
3190 2844 3357 2899 αὑτοῦ
3418 2838 3799 2914 βασιλεύεσθαι
3833 2851 4000 2905 φησι.

2424 2923 2920 3015 ᾖροκηρύξαντος
2973 2938 3257 2994 Ἰωάννου
3311 2934 3425 3001 πρὸ
3487 2930 3810 3000 προσώπου
3884 2923 4005 2993 τῆς

2422 3040 2667 3096 εἰσόδου
2695 3036 2902 3092 αὐτοῦ.
2935 3032 3150 3088 Εἶσοδον
3173 3030 3231 3085 δὲ
3255 3031 3355 3099 τὴν
3392 3028 3668 3095 σάρκωσιν
3691 3022 3860 3090 λέγει.

2514 3299 2609 3361 Ὠς
2642 3293 2709 3346 δὲ
2730 3289 2999 3357 ἐπλήρου
3040 3286 3317 3350 Ἰωάννης
3360 3282 3468 3335 τὸν
3507 3279 3753 3348 δρόμον,
3790 3276 3965 3343 uere
3990 3290 4006 3302 ·

2436 3391 2575 3443 Τίνα
2616 3403 2691 3455 με
2732 3380 3041 3440 ὑπονοεῖτε
3066 3379 3112 3411 ⁷⁸
3162 3378 3349 3438 sirm;
3377 3374 3501 3427 Οὐκ
3529 3371 3645 3439 ειμι
3688 3369 3833 3438 ἐγώ·
3861 3368 4011 3421 ἀλλ’

2433 3481 2563 3534 ἰδοὺ
2589 3479 2821 3545 ἔρχεται
2840 3473 2965 3543 μετ’
3001 3472 3126 3540 ἐμὲ,
3152 3464 3223 3523 οὗ
3252 3470 3364 3521 οὐκ
3391 3465 3507 3534 εἰμὶ
3544 3463 3711 3527 ἄξιος
3748 3462 3814 3514 τὸ
3853 3459 4015 3514 ὑπόοο

2432 3573 2593 3640 δημα
2614 3568 2733 3623 τῶν
2752 3564 2951 3621 ποδῶν
2968 3563 3176 3616 λῦσαι.

2518 3662 2687 3727 Ἀνδγ
2705 3676 2767 3725 ες
2793 3653 3062 3723 ἀδελφοὶ,
3099 3650 3215 3705 υἱοὶ
3266 3649 3480 3718 γένους
3504 3644 3784 3713 Ἀὕραὰμ,
3825 3641 3922 3697 καὶ
3953 3643 4015 3694 οἱ

2435 3759 2502 3811 ἐν
2542 3753 2683 3824 ὑμῖν
2701 3750 3056 3819 φοϐούμενοι
3094 3744 3199 3796 τὸν
3227 3742 3395 3805 Θεὸν,
3422 3738 3563 3808 ὑμῖν
3601 3739 3632 3789 ὁ
3670 3735 3852 3802 λόγος
3900 3731 4017 3798 τῆς

2438 3850 2735 3917 σωτηρίας
2762 3845 2981 3909 ταύτης
3013 3838 3350 3904 ἀπεστάλη.

2509 3946 2573 3997 Ol
2608 3942 2717 4011 γὰρ
2751 3935 3175 3999 κατοικοῦντες
3222 3932 3292 3985 ὲν
3358 3926 3775 3997 Ἰερουσαλὴμ.
3833 3924 3934 3975 καὶ
3961 3925 4022 3975 οι

2440 4039 2729 4105 ἄρχοντες
2767 4028 2983 4092 αὐτῶν,
3033 4026 3249 4079 τοῦτον
3284 4020 3721 4091 ἀγνοήσαντες,
3776 4015 3875 4069 καὶ
3908 4014 4027 4077 τὰς

2442 4126 2643 4198 φωνὰς
2666 4123 2785 4177 τῶν
2819 4114 3163 4189 προφητῶν,
3202 4118 3308 4180 τὰς
3360 4113 3511 4166 κατὰ
3558 4108 3681 4165 πᾶν
3711 4106 4028 4161 Σάϐϐατον

2444 4217 3030 4291 ἀναγινωσκομένας,
3065 4212 3380 4279 κρίναντες
3399 4205 3783 4274 ἐπλήρωσαν·

2515 4314 2623 4368 Καὶ
2657 4307 2958 4381 μηδεμίαν
3002 4303 3201 4359 αἰτίαν
3251 4298 3511 4354 θανάτου
3537 4296 3836 4364 εὑρόντες,
3867 4291 4022 4360 ᾐτή-

2448 4421 2637 4461 σαντο
2653 4400 2918 4457 Πιλᾶτον
2972 4392 3363 4462 ἀναιρεθῆναι
3383 4390 3590 4445 αὐτόν.

2527 4498 2625 4561 Ὠς
2661 4494 2729 4546 δὲ
2748 4491 3037 4545 ἐτέλεσαν
3066 4484 3262 4539 πάντα
3289 4486 3334 4517 ⁷³
3388 4482 3460 4536 τὰ
3485 4480 3618 4548 περὶ
3680 4476 3870 4531 αὐτοῦ
3924 4492 4021 4542 τε-

766 4597 962 4663 srripta
995 4604 1165 4658 erant,
1199 4595 1460 4661 demptum
1486 4593 1548 4644 de
1578 4593 1737 4662 ligno,
1768 4599 2048 4658 posuerunt
2080 4590 2134 4641 in
2161 4604 2317 4640 manu

2448 4584 2771 4660 γραμμένα,
2798 4578 3156 4643 καθελόντες
3183 4576 3303 4631 ἀπὸ
3351 4572 3458 4628 τοῦ
3533 4572 3746 4635 ξύλου,
3793 4567 4023 4633 ἔθηκαν

766 4698 959 4741 mento.

845 4780 1000 4832 Vsus.
1035 4779 1123 4832 30.
1155 4779 1291 4831 Deus
1324 4788 1501 4831 autem
1526 4778 1797 4831 suscitavit
1826 4793 1943 4829 eum
1973 4792 2002 4827 a
2033 4776 2271 4837 mortuis,

848 4873 1002 4922 Vens.
1046 4869 1135 4922 51.
1166 4868 1268 4931 Qui
1291 4871 1433 4922 visus
1464 4878 1537 4921 est
1564 4884 1654 4937 per
1681 4869 1788 4920 dies
1826 4866 2111 4933 complures
2142 4864 2205 4917 ab
2241 4864 2342 4925 his,

769 4965 856 5029 qui
892 4980 995 5015 una
1026 4978 1143 5015 cum
1165 4978 1223 5015 eo
1240 4964 1578 5015 ascenderant
1609 4978 1671 5015 es:
1696 4960 1919 5015 Galilata
1950 4962 2002 5013 in
2033 4960 2345 5021 Jerusalem,

771 5060 859 5125 qui
892 5066 1014 5111 sunt
1038 5065 1186 5110 testes
1218 5056 1332 5123 cjus
1363 5055 1503 5123 apud
1530 5056 1744 5123 plebem.

840 5242 992 5292 Vitns.
1020 5238 1109 5292 52.
1139 5236 1210 5290 Et
1236 5252 1325 5289 nos
1352 5236 1488 5289 vobis
1519 5236 1896 5287 annuntiamus
1920 5251 2055 5296 eam,
2084 5250 2198 5297 qua
2234 5250 2350 5285 ma-

777 5333 974 5395 joribus
988 5331 1225 5399 contigit,
1254 5330 1647 5397 promissionem
1667 5345 1684 5382 :
1704 5345 1882 5395 nempe
1908 5329 2041 5380 hanc
2067 5325 2233 5379 Deum
2262 5344 2351 5378 ex-

775 5425 992 5492 plevisse
1025 5438 1086 5473 ac
1114 5421 1419 5489 prmstitisse
1456 5420 1592 5473 vobis
1625 5421 1844 5485 posteris
1872 5422 2083 5473 illorum
2124 5418 2351 5472 resusci-

781 5525 888 5566 tnto
915 5512 1057 5566 Iesu.

888 5633 932 5661 ""
973 5630 1151 5703 lllcg.
1191 5647 1289 5686 xu.

2449 4684 2532 4745 εὶς
2548 4673 2857 4747 μνημεῖον.

2533 4773 2597 4823 '0
2621 4768 2689 4821 δὲ
2705 4767 2847 4830 Θεὸς
2879 4763 3117 4832 ἤγειρεν
3163 4757 3350 4813 αὑτὸν
3373 4759 3443 4811 ἐκ
3480 4753 3727 4823 νεκρῶν,

2530 4866 2636 4927 Ὃς
2669 4859 2834 4927 ὤφθη
2865 4854 2962 4909 ἐπὶ
2993 4852 3217 4923 ἡμέρας
3246 4852 3495 4911 πλείους
3540 4846 3665 4911 τοῖς
3702 4842 4031 4915 multa-ht-

2456 4955 2633 5011 ϐᾶσιν
2661 4947 2823 5013 αὐτῷ
2850 4948 2969 5002 ἀπὸ
3024 4944 3135 5012 τῆς
3184 4943 3518 5005 Γαλιλαίας
3584 4941 3671 5000 εὶς
3730 4938 4033 5002 Ἰερουσα-

2448 5050 2592 5117 λὶιμ,
2648 5043 2861 5105 οἵτινές
2914 5043 3034 5094 εισι
3092 5037 3387 5105 μάρτυρες
3456 5032 3641 5087 αὐτοῦ
3702 5030 3851 5097 πρὸς
3922 5030 4032 5081 τέν

2450 5142 2618 5194 λαόν.

2521 5232 2627 5285 Καὶ
2678 5228 2846 5295 ἡμεῖς
2908 5222 3060 5294 ὑμᾶς
3137 5219 3628 5289 εὐαγγελιζόμεθα
3686 5215 3798 5282 τὴν
3882 5214 4027 5281 :rpt'g

2453 5326 2594 5390 τοὺς
2650 5323 2909 5387 πατέρας
2976 5315 3339 5384 ἐπαγγελίαν
3426 5308 3756 5379 γενομένην
3811 5306 3880 5363 ⁸⁸.
3946 5306 4027 5357 (tv

2458 5420 2682 5483 ταύτην
2758 5416 2790 5466 ό
2871 5411 3015 5475 Θεὸς
3084 5404 3514 5471 ἐκπεπλήρωκε
3608 5399 3731 5463 τοῖς
3802 5397 4025 5453 τέκνω(

2459 5510 2676 5573 αὐτῶν,
2700 5505 2841 5574 ὑμῖν
2862 5504 2904 5536 δ¹
2935 5500 3291 5568 ἀναστήσας
3331 5494 3581 5562 Ἰησοῦν.

1992 5726 2192 5785 νεικείω
2239 5725 2549 5784 lectiones
2596 5725 2869 5782 ctnotw.

855 5836 899 5861 ’⁵
939 5834 1219 5898 Μωυσέος,
1252 5846 1383 5887 erat.
1495 5835 1641 5899 “sit,
1674 5843 1807 5885 erat.
1880 5833 1916 5861 ττ

1970 5832 2055 5883 ἵσ.
2084 5829 2309 5894 Σωτῆρα
2332 5828 2559 5895 Ἰησοῦν.

2663 5826 2705 5855 ⁷⁸
2727 5826 2752 5877 ὑ
2769 5823 3053 5877 πενθεῖται,
3072 5828 3203 5874 erat.
3283 5816 3336 5847 ⁷⁸
3360 5814 3425 5868 In
3443 5812 3649 5882 vulgato
3674 5820 3766 5870 cst,
3796 5810 4049 5865 ἅπαντα.

784 5906 828 5937 ⁶⁰
867 5906 926 5959 In
967 5905 1213 5975 vulgatis,
1242 5903 1634 5974 γεγενημένην.
1712 5904 1752 5934 δ’
1784 5902 1845 5957 In
1877 5902 2095 5970 ινιειυιιηδ
2120 5901 2377 5965 pictisque
2402 5910 2494 5953 nt.
2524 5899 2666 5966 ἡμῖν.
