4184 6458
225 450 325 511 697

950 441 1362 506 EXPOSITIO
1399 442 1480 501 IN
1523 443 1708 502 ACTA
1752 445 2307 505 Al‘OSTOIDRUM
2339 471 2404 479 -
2428 445 2582 504 CAP.
2624 446 2793 506 XIII.

3384 445 3491 515 698

311 560 411 624 Ὠς
438 559 537 612 καὶ
561 560 630 612 ἐν
665 556 742 623 τῷ
768 555 991 627 ψαλμῷ
1017 553 1098 619 τῷ
1133 553 1391 620 δευτέρῳ
1442 551 1762 620 γέγραπται
1790 568 1803 582 ο

1982 555 2141 609 Vens.
2201 557 2288 610 '53.
2332 557 2394 612 Ut
2437 557 2596 610 ctiam
2633 558 2687 610 in
2731 557 2935 624 psalmo
2985 557 3209 610 secumlo
3239 557 3491 624 scriptum

234 653 361 713 Υἱός
387 668 509 718 μου
529 647 589 703 εἷ
603 651 684 705 σύ
715 666 730 678 ·
760 649 876 718 ἐγὼ
911 648 1182 718 σήμερον
1201 644 1537 716 γεγέννηκά
1564 661 1661 700 σε.

295 742 422 795 Ὅτι
449 741 520 794 δὲ
572 741 914 810 ἀνέστησεν
949 742 1137 794 αὐτὸν
1191 740 1259 794 ἐκ
1303 737 1554 806 νεκρῶν,
1599 736 1810 808 μηκέτι

225 833 534 902 μέλλοντα
569 835 616 868 ⁸⁸
645 833 1050 903 ὑποστρέφειν
1097 835 1185 896 εις
1222 828 1573 900 διαφθορὰν,
1620 830 1811 894 οὕτως

226 925 492 993 εἴρηκεν,
533 924 623 978 ὅτι
655 923 832 978 Δώσω
854 922 1001 994 ὑμῖν
1022 922 1094 977 τὰ
1141 922 1282 976 ὅσια
1312 920 1485 976 Δαυῒδ
1507 921 1578 974 τὰ
1599 920 1808 974 πιστά.

297 1017 398 1070 Διὸ
423 1016 524 1070 καὶ
553 1017 623 1070 ἐν
643 1015 826 1084 ἑτέρῳ
852 1015 1051 1086 λέγει’
1083 1015 1166 1069 Οὐ
1204 1013 1420 1080 δώσεις
1468 1013 1578 1067 τὸν
1637 1011 1811 1067 ὅσιόν

225 1128 342 1164 σου
370 1103 530 1165 ἰδεῖν
556 1109 908 1180 διαφθοράν.

295 1201 484 1256 Acuta
517 1201 636 1272 μὲν
657 1202 770 1272 γὰρ
798 1201 916 1270 ὶδιᾳ
948 1201 1129 1272 τενεᾷ
1173 1200 1585 1271 ὑπηρετήσας,
1611 1199 1684 1270 τῇ
1703 1200 1810 1256 τοῦ

229 1295 382 1348 Θεοῦ
403 1295 614 1364 ,ϐουλῇ
652 1295 961 1366 ἐκοιμήθη,
981 1297 1077 1351 καὶ
1102 1295 1435 1366 προσετέθη
1467 1295 1617 1366 πρὸς
1667 1293 1812 1362 τοὺς

226 1385 492 1454 πατέρας
515 1387 724 1450 αὐτοῦ,
761 1387 861 1440 καὶ
887 1381 1010 1442 εἶδε
1045 1385 1394 1454 διαφθοράν.

306 1478 418 1530 ‘Or
443 1477 512 1530 δὲ
541 1482 573 1534 d
598 1479 743 1546 Θεὸς
763 1477 1027 1548 ἤγειρεν,
1052 1480 1166 1533 οὐκ
1189 1473 1310 1532 εἶδε
1331 1475 1737 1550 διαφξθῙορὰν.

315 1656 576 1728 Ἰωάννης
625 1660 898 1730 μαρτυρεί
950 1658 1047 1728 οὐχ
1101 1657 1322 1722 ἀπλῶςο
1401 1657 1539 1711 ἀλλὰ
1593 1657 1812 1712 πάντων

228 1750 325 1802 ὑπ’
358 1748 529 1803 αὑτὸν
549 1750 793 1817 ἀγόντων
805 1749 904 1818 τὴν
927 1749 1109 1816 δόξαν,
1135 1749 1298 1812 αὐτὸς
1325 1749 1512 1820 ἀὐτὴν
1533 1747 1814 1819 ἀποκρού-

226 1859 369 1895 εται.
408 1842 484 1894 Οὐ
507 1841 615 1912 γάρ
635 1843 785 1895 ἐστιν
813 1841 931 1895 ῐσον
966 1841 1198 1912 μηδενὸς
1219 1841 1452 1904 διδόντος
1479 1843 1572 1895 καὶ
1600 1839 1813 1894 πολλῶν

1911 656 1985 700 est
2007 662 2025 698 :
2063 645 2236 700 Filius
2264 665 2406 702 meus
2432 665 2484 702 es
2516 661 2594 713 tu,
2625 665 2718 719 ego
2749 650 2900 702 hodie
2925 649 3081 719 genui
3111 659 3179 701 te.

1981 737 2141 791 Vens.
2169 738 2257 792 34.
2293 738 2446 801 Quod
2474 749 2652 793 autem
2681 756 2800 793 eum
2827 739 3157 793 suscitaverit
3181 755 3213 789 a
3247 738 3488 802 mortuis,

1913 846 2014 882 non
2045 830 2274 896 amplius
2300 831 2638 902 redigendum
2673 834 2742 886 ad
2769 833 3182 902 corruptionem,
3207 832 3284 885 ita
3318 829 3490 884 dixit:

1913 919 2063 975 Dabo
2091 923 2229 976 vobis
2250 934 2436 977 sancta
2480 921 2651 977 David
2679 924 2880 992 ﬁdelia.

1983 1013 2140 1069 Vens.
2179 1015 2270 1072 55.
2303 1014 2657 1080 Quamobrem
2690 1018 2850 1070 etiam
2871 1016 3002 1071 alibi
3028 1017 3154 1070 dicit
3183 1032 3201 1069 :
3236 1015 3353 1070 Non
3375 1033 3493 1083 per-

1913 1106 2108 1172 mittes,
2140 1116 2196 1160 ut
2219 1117 2434 1162 sanctus
2464 1117 2584 1162 tuus
2600 1108 2774 1162 videat
2800 1109 3208 1177 corruptionem.

1983 1199 2144 1255 Vens.
2175 1201 2262 1256 36.
2286 1201 2427 1254 Nam
2451 1200 2622 1256 David
2647 1201 2854 1272 quidem
2874 1218 2990 1254 cum
3017 1217 3128 1256 sua!
3155 1202 3302 1255 (elati
3327 1203 3495 1256 inser-

1912 1292 2090 1358 visset,
2139 1293 2362 1347 consilio
2405 1291 2500 1347 Dei
2540 1294 2872 1356 obdormivit,
2909 1305 2959 1348 et
3003 1295 3271 1364 appositus
3318 1303 3395 1348 est
3422 1297 3492 1347 ad

1913 1385 2143 1454 majores
2172 1401 2315 1449 suos,
2342 1393 2394 1438 et
2429 1385 2557 1437 vidit
2591 1387 3000 1454 corruptionem.

1984 1479 2150 1533 Vsus.
2199 1478 2291 1533 37.
2322 1475 2426 1532 Sed
2462 1493 2614 1546 quem
2648 1476 2790 1532 Deus
2844 1477 3194 1538 resuscitavit.
3237 1495 3339 1534 non
3364 1479 3494 1534 vidit

1913 1570 2316 1640 corruptionem.

1983 1660 2223 1716 Joannes
2243 1675 2352 1716 non
2380 1659 2702 1730 simpliciter
2729 1657 3072 1723 testiﬁcatur,
3097 1657 3196 1713 sed
3222 1671 3350 1712 cum
3376 1671 3496 1710 om-

1914 1769 2015 1809 nes
2070 1753 2138 1809 ad
2185 1768 2312 1808 eum
2376 1753 2656 1808 deferrent
2704 1751 3188 1814 existimationem,
3215 1748 3335 1820 ipse
3376 1761 3495 1800 eam

1913 1846 2116 1916 rejicit.
2147 1845 2264 1901 Non
2296 1845 2440 1899 enim
2465 1845 2606 1900 idem
2635 1853 2737 1906 est,
2770 1843 2992 1898 nemine
3019 1842 3202 1905 dante,
3230 1850 3286 1895 et
3314 1838 3502 1895 multis

227 1932 606 2002 παρεχόντων,
637 1933 844 2002 ταύτην
868 1932 968 2002 τὴν
1005 1934 1174 2003 τιμὴν
1211 1931 1540 1986 διωθεῖσθαι.
1576 1929 1816 1997 Ἄνδρες

1921 1939 2292 2010 praebentibus
2319 1939 2466 1993 hunc
2502 1938 2764 1992 honorem
2795 1936 2975 2007 respui
3001 1944 3165 2005 atque
3199 1931 3496 2003 repudiari.

226 2020 506 2088 ἀδελφοὶ,
579 2023 696 2076 viai
757 2021 976 2092 γένους
1034 2022 1301 2092 Ἀϐραάμ.
1363 2021 1477 2092 Τὴν
1533 2020 1815 2089 εὐγένειαν

227 2111 467 2164 ὲνθαῦθα
519 2111 763 2166 δείκνυσι
821 2111 920 2183 τὴν
965 2113 1284 2181 Ἰουδαῖκήν.
1331 2112 1440 2167 Kal
1492 2115 1546 2166 οι
1586 2113 1810 2180 ἄρχον-

229 2219 330 2266 τες
385 2202 586 2257 αὐτῶν
625 2204 842 2260 τοῦτον
878 2204 1314 2273 ἀγνοήσαντες.
1365 2203 1535 2274 ’Υπὲρ
1586 2203 1812 2256 ἐκείνων

226 2294 582 2363 ἀπολογεῖται
648 2297 856 2369 ἠρέμα.
915 2296 1334 2367 Ἐσταῦρωσαν,
1385 2299 1589 2365 φησὶν,
1649 2295 1812 2349 αὑτὸν

226 2391 633 2460 ἀγνοήσαντες
667 2391 890 2460 ἀγνοίας
919 2391 1027 2461 γὰρ
1073 2387 1143 2464 ἦν
1197 2393 1258 2446 τὸ
1311 2392 1636 2463 ἁμάρτημα.
1692 2390 1808 2444 Καὶ

223 2482 529 2552 μηδεμίαν
570 2484 771 2538 αἰτίαν
834 2486 1094 2541 θανάτου
1148 2486 1448 2553 εὑρόντες,
1505 2485 1814 2552 ᾐτήσαντο

230 2577 500 2631 Πιλᾶτον
579 2577 970 2646 ἀναιρεθῆναι
1049 2580 1256 2633 αὐτόν.
1338 2579 1811 2648 Περισπούδαστον

229 2668 418 2730 αὐτοῖς
440 2667 531 2720 τὸν
561 2671 764 2738 τρόπον
838 2665 959 2722 εἷπε
1019 2670 1115 2723 τοῦ
1170 2670 1424 2725 Θανάτου.
1459 2670 1707 2727 ,Πιλᾶτον
1759 2668 1817 2722 δὲ

228 2759 310 2820 εἰς
341 2758 508 2827 μέσον
542 2759 823 2828 φέρουσιν,
869 2759 959 2812 ἴνα
984 2760 1078 2812 καὶ
1131 2760 1192 2812 τὸ
1251 2760 1424 2823 πάθος
1490 2760 1649 2828 δῆλον
1717 2762 1812 2827 γέ-

226 2867 390 2920 νηται
458 2851 565 2904 ἀπὸ
635 2851 727 2905 τοῦ
799 2851 1106 2921 κριτηρίου,
1162 2853 1258 2904 καὶ
1323 2850 1411 2906 ῐνα
1457 2851 1654 2905 ἐκεῖνοι
1688 2869 1812 2923 μει-

230 2945 404 3008 ζόνως
435 2943 872 3014 κατηγορῶνται,
909 2942 1066 3014 ἀνδρὶ
1114 2942 1449 3013 παραδόντες
1505 2942 1813 3014 ἀλλοφύλῳ.

232 3039 344 3090 Καὶ
379 3037 480 3088 οὐκ
519 3033 695 3102 εἶπεν,
729 3037 1028 3106 Ἐνέτυχον,
1065 3035 1182 3088 ἀλλ’
1244 3036 1601 3108 ᾙτήσαντο.
1637 3036 1816 3107 Χάριν

231 3128 454 3193 ελαδον,
487 3129 671 3198 φησὶν,
705 3127 780 3190 ὡς
811 3127 1020 3181 ἐκείνου
1060 3127 1135 3198 μὴ
1170 3127 1437 3191 θέλοντος.
1491 3128 1670 3199 Ὅπερ
1719 3143 1818 3182 σα-

233 3221 500 3288 φέστερον
525 3217 726 3286 Πέτρος
755 3215 924 3284 λέγει·
953 3215 1196 3270 Ἐκείνου
1223 3215 1508 3288 κρίναντος
1533 3215 1812 3270 ἀπολύειν.

243 3311 297 3362 Ὀ
326 3311 397 3364 δὲ
419 3311 560 3374 Θεὸς
583 3308 822 3376 ἤγειρεν
839 3307 1028 3362 αὐτὸν
1042 3308 1111 3361 ἐκ
1136 3306 1385 3376 νεκρῶν.
1410 3308 1502 3378 Μὴ
1517 3307 1815 3377 Θορυδείτω

235 3420 293 3454 σε
314 3402 395 3464 τὺ,
413 3400 506 3454 τὸν
537 3399 746 3469 Ἰησοῦν
797 3398 1098 3470 ιγῃγέρθαι
1123 3399 1229 3452 ὑπὸ
1251 3399 1347 3454 τοῦ
1380 3399 1515 3453 Θεοῦ
1541 3399 1814 3469 λέγεσθαι,

235 3495 296 3545 1πὶ
333 3493 446 3562 γὰρ
484 3491 691 3562 Ἰησοῦς
718 3492 817 3544 οὐκ
841 3491 1002 3554 ἄλλος
1029 3491 1199 3558 ἐστὶν,
1240 3491 1319 3563 ἥδ
1365 3491 1540 3561 Λόγος
1597 3494 1624 3545 ό
1685 3509 1820 3562 σαρ-

234 3584 435 3647 ximat;
470 3599 484 3612 ·
551 3578 705 3646 οὗτος
750 3583 806 3636 δὲ
854 3585 885 3654 ἡ
929 3584 1158 3654 δύναμις
1208 3583 1304 3637 τοῦ
1359 3585 1594 3656 Πατρὸς,
1643 3585 1712 3638 δι’
1749 3580 1819 3656 ἦς

235 3680 456 3730 ἅπαντα
479 3677 694 3746 ἐνεργεῖ
729 3676 872 3729 κατὰ
905 3676 986 3740 τὸ,
1045 3676 1323 3744 Χριστὸς,
1361 3677 1511 3732 Θεοῦ
1563 3677 1818 3746 δύναμις

233 3771 332 3823 καὶ
379 3767 528 3823 Θεοῦ
547 3760 950 3837 extima-316;
980 3769 1176 3821 ἑαυτὸν
1209 3769 1567 3823 ἀνεσπακέναι
1623 3771 1819 3841 νοηοή-

238 3880 414 3925 σεται,
469 3863 564 3915 καὶ
603 3861 907 3932 ἑγηγέρθαι
947 3862 1244 3932 λεγόμενος
1300 3863 1407 3916 ὑπὸ
1461 3863 1553 3916 τοῦ
1581 3864 1817 3934 Πατρὸς,

237 3953 326 4021 ἐφ’
351 3953 434 4017 ὃν,
467 3953 543 4016 ὼς
576 3953 756 4022 ἀρχὴν
793 3952 887 4005 καὶ
933 3951 1115 4006 αἰτίαν
1162 3952 1412 4022 ἄχρονον,
1449 3953 1664 4006 ἅπαντα
1688 3953 1820 4006 ἀνα-

235 4048 488 4116 φέρεται.
526 4044 680 4096 Ἐπεὶ
713 4042 810 4097 καὶ
827 4044 988 4106 αὑτός
1016 4060 1150 4112 φησι
1179 4059 1191 4072 ο
1254 4044 1493 4097 Λύσατε
1534 4044 1642 4097 τόν
1670 4045 1821 4098 ναὸν

233 4135 473 4201 τοῦτον,
504 4136 602 4190 καὶ
620 4138 689 4189 ἐν
708 4136 900 4203 τρισὶν
932 4135 1180 4205 ἡμέραις
1192 4135 1374 4205 ἐγερῶ
1400 4136 1608 4190 αὐτόν.
1630 4167 1699 4179 —
1717 4140 1822 4201 ’ος

233 4228 402 4297 ὤφθη
430 4225 557 4292 τοῖς
575 4225 998 4281 συναναϐᾶσιν
1020 4225 1182 4291 αὑτῷ
1213 4229 1258 4260 ⁸³
1281 4229 1370 4294 εις
1403 4226 1820 4297 Ἰερουσαλὴμ,

236 4321 339 4376 ἐπὶ
401 4321 626 4391 ἡμέρας
646 4320 1142 4386 πλείουςρῖτινές
1173 4322 1293 4374 εισι
1316 4319 1617 4390 μάρτυρες
1636 4321 1823 4375 αὐτοῦ

234 4415 515 4482 πρίὲςτὸν
543 4415 701 4468 λαόν
727 4429 739 4442 ·
789 4412 888 4465 οὐκ
925 4411 991 4465 ἂν
1027 4411 1207 4474 ὄντες,
1230 4413 1278 4464 εἰ
1328 4411 1403 4480 μὴ
1437 4410 1556 4482 Θείᾳ
1597 4409 1825 4482 δυνάμει

232 4504 603 4560 ὲόεϐαιοῦντο.
638 4503 764 4569 Τοῖς
779 4503 1014 4569 τέκνοις
1032 4502 1152 4556 τῶν
1177 4502 1448 4571 πατέρων
1485 4503 1647 4572 ὑμῖν,
1675 4505 1825 4559 ἀνα-

1924 2032 2032 2086 Viri
2065 2033 2275 2101 fratres,
2314 2032 2506 2100 posteri
2551 2030 2756 2100 generis
2794 2028 3104 2082 Abrahami.
3155 2023 3500 2081 Nobilitatem

1919 2123 1974 2178 in
2007 2123 2110 2178 hoc
2137 2123 2279 2189 loco,
2301 2137 2364 2178 ac
2390 2119 2926 2193 generisJudzorum
2947 2119 3291 2189 splendorem
3314 2125 3502 2170 osten-

1915 2216 2014 2272 dit.
2045 2217 2110 2271 Et
2140 2217 2402 2286 principes
2431 2231 2610 2269 eorum
2640 2215 2786 2268 illum
2814 2215 3138 2284 ignorantes.
3174 2207 3424 2265 Defendit
3445 2213 3504 2259 et

1915 2316 2142 2365 excusat
2159 2307 2280 2362 illos
2299 2306 2485 2376 aliquo
2508 2304 2692 2360 modo.
2714 2303 3135 2366 Crucilixerunt,
3153 2299 3349 2370 inquit,
3371 2311 3498 2352 eum

1917 2402 2238 2472 ignorantes
2269 2399 2519 2467 quisnam
2549 2407 2695 2453 esset
2742 2414 2756 2450 :
2815 2394 3135 2467 ignorantiae
3181 2392 3328 2447 enim
3380 2397 3503 2445 erat

1917 2495 2198 2550 delictum.
2237 2492 2304 2547 Et
2329 2491 2477 2545 nulla
2506 2507 2668 2544 causa
2698 2491 2880 2542 mortis
2909 2489 3144 2548 inventa,
3180 2484 3440 2554 petierunt
3467 2499 3502 2535 α

1917 2587 2118 2650 Pilato,
2142 2594 2198 2640 ut
2227 2581 2844 2652 tolleretur.Expetitum
2873 2579 2942 2633 ab
2961 2577 3067 2632 illis
3096 2575 3317 2631 modum
3346 2588 3504 2627 mor-

1920 2680 1988 2736 tis
2015 2693 2138 2733 esse
2171 2678 2322 2732 dicit.
2354 2676 2583 2732 Pilatum
2610 2683 2793 2729 autem
2817 2672 2872 2726 in
2903 2669 3143 2725 medium
3174 2666 3502 2735 producunt,

1920 2782 1980 2826 ut
2018 2781 2073 2826 et
2108 2769 2435 2840 supplicium
2474 2768 2644 2823 aloco
2692 2765 2892 2836 iudicii]
2923 2761 3270 2818 manifestum
3323 2758 3502 2822 ﬁeret,

1916 2872 1972 2918 et
1995 2861 2068 2916 illi
2101 2859 2482 2915 vehementius
2502 2853 3017 2922 accusarentur,qui
3042 2851 3159 2905 viro
3188 2849 3506 2918 alienigcnze

1920 2955 2203 3012 Christum
2237 2951 2608 3008 tradidissent.
2639 2950 2708 3004 Et
2733 2963 2842 3002 non
2869 2946 3026 3010 dixit,
3063 2941 3504 3004 Postulaverunt,

1917 3044 2016 3100 sed
2047 3045 2328 3114 petierunt.
2371 3040 2558 3096 Gratia
2593 3040 3044 3107 impetraverunt,
3082 3031 3281 3101 inquit,
3314 3037 3506 3100 utpote

1920 3137 2015 3192 illo
2060 3135 2304 3191 nolente.
2340 3131 2497 3199 Quod
2547 3130 2740 3185 Petrus
2772 3127 3012 3198 apertius
3031 3124 3168 3180 dicit
3197 3140 3213 3178 :
3245 3123 3381 3177 Cum
3415 3121 3506 3176 ille

1921 3227 2203 3284 statuisset
2232 3239 2359 3280 eum
2387 3223 2674 3278 absolvere
2724 3237 2786 3276 ac
2815 3219 3110 3275 dimittere.
3147 3217 3284 3270 Deus
3325 3224 3503 3268 autem

1923 3337 2040 3376 eum
2075 3319 2350 3374 suscitavit
2398 3333 2432 3369 a
2477 3313 2718 3369 mortuis.
2755 3309 2834 3367 Ne
2871 3319 2925 3365 te
2961 3316 3176 3363 moveat
3201 3321 3264 3360 ac
3299 3304 3502 3366 turbet,

1921 3412 2066 3483 quod
2096 3411 2258 3466 Jesus
2282 3409 2484 3463 dicitur
2513 3405 2812 3461 suscitatus
2848 3416 2970 3456 esse
3009 3415 3040 3454 a
3091 3399 3227 3453 Deo.
3271 3396 3406 3450 Nam
3455 3393 3504 3447 si

1918 3505 2080 3560 Jesus
2101 3517 2210 3558 non
2238 3500 2379 3554 alius
2399 3509 2482 3555 est
2509 3507 2673 3568 atque
2693 3495 2929 3550 Verbum
2955 3493 3317 3549 incarnatum.
3342 3497 3506 3556 atque.

1921 3597 2026 3653 hoc
2069 3593 2316 3666 potentia
2362 3589 2540 3646 Patris
2573 3597 2679 3654 est,
2720 3601 2826 3656 qua
2871 3585 3055 3639 omnia
3115 3581 3274 3651 110
3319 3577 3505 3640 eilicit,

1919 3689 2065 3746 sicut
2107 3687 2312 3743 dictum
2349 3691 2434 3740 est
2473 3681 2606 3736 illud
2645 3696 2660 3734 :
2713 3679 2948 3735 Christus
2983 3676 3080 3730 Dei
3118 3673 3352 3742 potentia
3379 3712 3392 3736 ,
3443 3687 3507 3723 ac

1921 3781 2018 3836 Dei
2070 3779 2354 3850 sapientia,
2391 3774 2685 3844 semetipso
2726 3771 3082 3826 resuscitasse
3130 3765 3462 3834 intelligetur
3487 3804 3504 3829 ,

1921 3874 2130 3931 etiamsi
2165 3889 2194 3927 a
2228 3872 2386 3926 Patre
2414 3869 2775 3925 resuscitatus
2802 3880 2923 3920 esse
2956 3864 3190 3926 dicatur,
3225 3859 3290 3915 ad
3321 3873 3503 3928 quem,

1921 3977 2178 4037 tanquam
2196 3962 2527 4034 principium
2553 3971 2607 4016 et
2642 3974 2866 4016 causam
2903 3955 3164 4026 temporis
3201 3961 3507 4022 expertem.

1923 4059 2109 4115 omnia
2137 4056 2472 4112 referuntur.
2511 4051 2782 4120 Quoniam
2825 4061 2881 4105 et
2919 4050 3036 4119 ipse
3067 4049 3140 4101 ait
3188 4063 3201 4099 :
3246 4045 3511 4100 Destruite

1925 4149 2177 4218 templum
2200 4149 2314 4212 hac,
2337 4155 2387 4201 et
2418 4148 2471 4200 in
2497 4146 2660 4199 tribus
2684 4143 2863 4198 diebus
2884 4141 3119 4195 excitabo
3138 4139 3290 4193 illud.
3315 4167 3382 4179 —
3405 4135 3508 4201 Qui

1923 4244 2066 4296 visus
2109 4251 2182 4296 est
2233 4242 2345 4295 dies
2394 4239 2687 4307 complures
2737 4237 2801 4290 ab
2858 4236 2958 4297 his,
3012 4233 3102 4292 qui
3150 4248 3254 4284 una
3291 4243 3410 4282 cum
3450 4243 3509 4281 eo

1927 4335 2274 4388 ascenderant
2318 4333 2375 4386 in
2412 4329 2740 4394 Jerusalem,
2781 4327 2870 4397 qui
2919 4333 3039 4379 sunt
3076 4324 3124 4377 ei
3172 4331 3325 4376 testes
3368 4321 3512 4389 apud

1929 4429 2148 4496 plebem.
2174 4426 2330 4491 Quod
2364 4439 2475 4479 non
2505 4432 2717 4485 essent,
2754 4419 2859 4474 nisi
2885 4418 3068 4474 divina
3105 4414 3350 4486 potentia
3380 4428 3514 4467 con-

1930 4521 2299 4574 ﬁrmarentur.
2335 4516 2484 4570 Vobis
2515 4514 2732 4584 posteris
2757 4521 2993 4578 patrum,
3023 4509 3332 4563 resuscitato
3360 4505 3509 4560 Jesu.

229 4598 473 4664 στήσας
526 4596 782 4666 Ἰησοῦν.
835 4597 910 4649 Τὸ
951 4595 1194 4664 Ἰησοῦς
1231 4595 1403 4668 ὄνομα
1452 4597 1546 4650 ἐπὶ
1588 4596 1684 4650 τοῦ
1733 4599 1816 4652 ἀν-

1929 4615 2136 4669 Nomen
2198 4609 2354 4664 Iesus
2430 4608 2498 4663 de
2555 4605 2779 4661 homine
2841 4601 3115 4670 accipiunt
3174 4597 3511 4654 deicidarum

230 4689 457 4763 Ορὼπου
496 4690 940 4761 ἐπιλαμϐάνουσιν
969 4690 1020 4744 οἱ
1078 4690 1187 4744 τῶν
1237 4690 1540 4744 θεοκτόνων
1580 4690 1819 4761 ἀδελφοί.

241 4782 465 4854 Ἐπειδὴ
491 4781 585 4835 οὖν
608 4781 902 4853 προλαϐὼν
937 4778 1060 4835 sine
1105 4783 1383 4837 τεθεῖσθαι
1415 4785 1507 4838 τὸν
1558 4786 1730 4854 Λόγον
1762 4787 1821 4839 ιν

231 4872 509 4943 μνημείῳ,
543 4873 628 4925 ἵνα
655 4874 728 4944 μή
758 4890 843 4937 τις
871 4873 1118 4946 ὑπολάϐῃ
1131 4875 1373 4946 ἄσαρκον
1402 4877 1568 4932 αὐτὸν
1599 4879 1819 4949 εἰρηκέ·

225 4985 319 5019 ναι
347 4965 442 5017 τὸν
468 4965 667 5033 Λόγον,
703 4965 870 5019 πάλιν
899 4966 1062 5020 αὑτὸν
1094 4967 1311 5038 Ἰησοῦν
1338 4969 1521 5036 καλεῖ,
1574 4969 1815 5040 οὐδαμοῦ

225 5061 503 5131 διαίρεσιν
559 5059 740 5123 διδοὺς
790 5060 869 5130 τῷ
931 5062 1268 5132 σαρκωθέντι
1319 5065 1479 5136 Λόγῳ
1525 5065 1665 5136 μετὰ
1718 5065 1820 5136 τὴν

225 5152 444 5206 ἕνωσιν.
486 5153 622 5218 Υἱός
643 5170 763 5222 μου
805 5148 867 5206 ετ
886 5154 966 5209 σύ
989 5171 1002 5185 ·
1025 5154 1140 5224 ἐγὼ
1172 5155 1444 5227 σήμερον
1476 5157 1819 5228 γεγέννηκά

225 5259 326 5297 σε.
361 5241 552 5296 Ταῦτα
600 5245 668 5315 τῇ
722 5243 1136 5317 ὲνανθρωπήσει
1177 5246 1273 5300 τοῦ
1325 5246 1566 5317 Χριστοῦ
1626 5249 1819 5302 σκόπει

231 5333 408 5400 δήπου
432 5333 501 5386 τὰ
528 5333 774 5403 ῥήματα,
791 5334 913 5404 ἥτις
929 5335 1187 5407 χρονικὴν
1203 5331 1317 5408 εἶχε
1332 5338 1431 5407 τὴν
1451 5339 1705 5409 ὲπιφοίτη
1714 5355 1818 5394 σιν.

235 5426 314 5480 Τὸ
346 5425 456 5497 γὰρ
487 5428 726 5498 σήμερον
759 5429 853 5482 καὶ
877 5427 1089 5500 αὔριον,
1116 5430 1345 5500 ἡμερῶν
1367 5432 1484 5484 ἐστὶ
1535 5448 1823 5501 παραστα-

227 5518 378 5570 τικά.
422 5518 695 5587 Ἀχρόνως
729 5518 838 5589 γὰρ
871 5519 1022 5595 παροὰ
1050 5519 1146 5573 τοῦ
1178 5520 1412 5592 Πατρὺς,
1453 5521 1530 5586 ὡς
1563 5524 1657 5574 καὶ
1693 5526 1816 5576 παϊ-

230 5615 317 5673 όες
376 5610 671 5681 αἱρετικῶν
723 5611 1092 5681 ὁμολογοῦσι,
1150 5614 1410 5669 τίκτεται.
1479 5616 1558 5668 Οὐ
1603 5615 1817 5679 δώσεις

1926 4708 2157 4762 fratres.
2213 4701 2487 4768 Quoniam
2547 4699 2711 4769 igitur
2777 4711 2944 4766 supra
2998 4694 3214 4750 dixerat
3269 4690 3509 4744 Verbum

1924 4796 2163 4868 positum
2208 4792 2380 4848 fuisse
2423 4793 2479 4846 in
2523 4797 2903 4849 monumento,
2942 4801 3012 4841 ne
3048 4784 3171 4853 quis
3203 4782 3512 4851 suspicetur

1922 4886 2074 4940 illum
2121 4883 2326 4938 dixisse
2373 4878 2615 4934 Verbum
2648 4893 2815 4933 carne
2857 4875 3099 4931 caruisse
3122 4915 3138 4940 ,
3163 4887 3354 4927 rursus
3382 4886 3509 4926 eum

1922 4984 2082 5033 vocat
2129 4974 2317 5030 Jesum
2353 4990 2367 5027 :
2404 4985 2675 5041 nusquam
2721 4968 2979 5024 nimirum
3019 4964 3345 5021 divisionem
3371 4964 3508 5018 dans

1924 5071 2211 5125 incarnato
2235 5064 2418 5120 Verbo
2446 5073 2571 5134 post
2596 5062 2921 5118 unitienem.
2952 5057 3122 5112 Filius
3151 5073 3295 5112 meus
3324 5073 3376 5110 es
3407 5065 3461 5108 tu
3490 5071 3510 5110 :

1926 5175 2016 5228 ego
2050 5158 2202 5212 hodie
2227 5155 2380 5227 genui
2410 5163 2478 5208 te.
2504 5152 2634 5208 Haec
2667 5151 2833 5207 verba
2855 5148 3115 5203 nimirum
3145 5141 3508 5200 incarnationi

1926 5250 2130 5305 Christi
2163 5248 2423 5310 attribue,
2464 5244 2560 5315 qui
2593 5244 2910 5300 incarnatus
2944 5239 3299 5310 temporalem
3320 5235 3511 5291 habuit

1929 5342 2248 5397 adventum.
2297 5339 2436 5393 Nam
2469 5336 2654 5402 hodie,
2699 5343 2757 5390 et
2799 5349 2942 5398 cras,
2979 5332 3192 5387 dierum
3225 5332 3509 5384 continent

1931 5431 2404 5505 signiﬁcationem.
2434 5429 2568 5483 Nam
2596 5429 2801 5497 absque
2836 5435 3079 5494 tempore
3105 5438 3135 5476 a
3172 5423 3330 5476 Patre
3349 5420 3507 5492 geni-

1927 5538 2015 5580 tus
2039 5535 2145 5589 est,
2190 5530 2248 5576 ut
2274 5521 2438 5576 etiam
2463 5519 2708 5575 lueretici
2738 5515 3093 5573 conﬁtentur.
3134 5515 3253 5569 Non
3285 5513 3508 5583 permit-

1928 5626 2019 5678 tes,
2071 5625 2124 5667 ut
2165 5622 2380 5666 sanctus
2414 5621 2532 5664 tuus
2574 5611 2747 5666 videat
2789 5608 3196 5676 corruptionem.
3246 5603 3509 5658 Mentitur

1435 5753 1629 5812 \‘aricc
1677 5751 1986 5814 lectiones
2031 5758 2089 5812 et.
2136 5756 2326 5812 uoltu.

303 5897 340 5924 “
372 5894 622 5963 Μέλλων,
672 5907 747 5951 est
776 5913 828 5950 tn
866 5899 1218 5969 manuscripto
1243 5921 1258 5953 ,ι
1300 5904 1384 5953 sul
1417 5902 1569 5964 matr,
1611 5901 1816 5952 opinor.

1895 5900 1937 5931 ⁵⁵
1962 5894 2223 5950 ἀναϐᾶσιν
2258 5892 2442 5961 αὑτὸν,
2473 5909 2517 5946 ει
2538 5904 2617 5942 ας.
