4184 6458
190 416 290 481 795
905 410 1311 469 EXFOSITIO
1335 411 1415 470 ΙΝ
1457 410 1642 471 ACTA
1685 411 2257 474 APOSTOLORUM.
2290 441 2356 450 --
2397 417 2557 479 CAP.
2600 418 2757 481 XIV.
3344 422 3447 487 706

188 521 375 578 αὐτοὺς
426 516 503 577 ὡς
538 516 631 567 καὶ
677 516 810 586 πρ³ς
863 516 1131 585 Ἕλληνας
1175 517 1537 585 διαλέγεσοαι.
1587 521 1652 571 Ol
1691 518 1759 570 δὲ

1864 523 2292 577 excusationem.
2322 522 2625 581 Verisimile
2678 535 2763 583 cst
2817 540 2999 583 autem
3033 543 3129 585 eos
3178 536 3445 587 sermocio

187 606 570 670 ἀπειθοῦντες
616 606 891 658 Ἰουδαῖοι
952 607 1276 674 ἐπήγειραν
1305 609 1401 660 καί
1438 608 1759 662 ἐκάκωσαν

1866 624 2027 668 natos
2057 630 2177 670 esse
2200 616 2266 671 ad
2296 617 2416 672 illos
2444 620 2901 688 quemadmodum
2923 622 3085 676 etiam
3106 622 3176 677 ad
3206 622 3444 679 Graecos.

188 699 285 763 τὰς
339 697 547 766 ψυχὰς
584 697 702 750 τῶν
744 697 935 752 ἐθνῶν
988 698 1137 751 κατὰ
1168 697 1284 752 τῶν
1316 699 1615 768 ἀδελφῶν.
1647 701 1759 754 Καὶ

1864 702 1967 758 Sed
1993 705 2166 761 .Iudwi
2212 710 2300 772 qui
2330 726 2433 771 non
2482 712 2783 778 credebant,
2810 714 3203 767 concitaverunt
3238 731 3301 768 ac
3356 718 3448 769 de-

185 792 251 845 ti
275 789 402 860 ἔθνη
433 791 754 861 ἐπήγειραν,
778 790 853 855 ὡς
882 792 983 845 οὐκ
1033 791 1328 861 ἀρκοῦντες
1375 793 1549 847 αὐτοί.
1584 795 1758 847 Ἐκεῖ-

1865 808 2219 862 ρναυαυενιιηι
2296 800 2502 855 animos
2601 803 2836 873 gentium
2907 806 3159 859 adversus
3231 807 3443 875 fratres.

187 883 272 935 θεν
303 883 361 936 δὲ
394 884 495 935 οὐκ
525 882 781 953 ἐξῆλθον·
817 885 877 937 οὐ
903 885 1012 955 γὰρ
1050 884 1359 948 ἐδιώκοντο,
1407 884 1525 938 ἀλλ’
1558 885 1753 939 ἐπολεο

1864 887 2038 941 Etiam
2060 897 2247 961 gentes
2276 893 2717 960 concitaverunt,
2754 904 3016 965 tanquam
3047 896 3147 966 ipsi
3180 913 3290 952 non
3318 898 3409 952 sul‘
3430 928 3449 938 -

186 974 381 1049 μοῦντο
411 976 593 1046 μόνον.
661 974 902 1029 Ἱκανὸν
953 978 1069 1045 μὲν
1098 973 1214 1032 οὖν
1269 978 1494 1046 χρόνον
1544 976 1759 1046 διέτρι-

1864 977 2147 1046 ﬁcientes,
2207 983 2301 1038 sed
2348 984 2498 1039 illinc
2544 1000 2658 1040 non
2713 987 2920 1059 egressi
2950 996 3077 1042 sunt
3109 1003 3124 1039 :
3158 1004 3267 1044 non
3297 989 3444 1044 enim

84 1134 87 1141 ,
182 1076 305 1141 ψαν
352 1068 1057 1141 παρρησιαζόμενοιρτὴν
1092 1069 1192 1141 μὲν
1245 1070 1562 1140 παρρησίαν
1586 1070 1759 1123 ἐποίει

1868 1070 2214 1140 lugabantur,
2242 1074 2336 1129 sed
2378 1074 2645 1131 duntaxat
2702 1078 3181 1150 oppugnabantur.
3212 1079 3285 1134 Ac
3310 1082 3444 1135 satis

182 1166 213 1234 ἠ
245 1166 425 1219 αὐτῶν
456 1160 737 1238 προθυμία
758 1178 774 1193 ·
797 1161 858 1214 τὸ
880 1160 938 1214 δὲ
968 1161 1254 1215 πιστεῦσαι
1282 1163 1409 1224 τοὺς
1430 1162 1758 1227 ἀκούοντας,

1869 1163 2094 1218 multum
2121 1167 2331 1235 quidem
2358 1180 2563 1237 tempus
2593 1180 3023 1239 consumpserunt
3053 1171 3211 1226 libere
3228 1172 3446 1243 loquen-

181 1258 284 1311 τῶν
312 1259 561 1328 σημείων
582 1255 652 1328 ἦν
681 1272 695 1285 °
725 1253 970 1308 συντελεῖ
992 1253 1047 1306 δέ
1085 1272 1139 1307 τι
1170 1254 1318 1324 καὶὴ
1348 1253 1651 1326 παρρησία.

1870 1265 1965 1311 tes.
2006 1258 2333 1317 Libertatem
2377 1262 2598 1332 quidem
2630 1263 2888 1335 loquendi
2922 1264 3193 1321 eﬂiciebat
3226 1262 3443 1321 illorum

182 1350 430 1405 alacritas
472 1360 528 1404 et
595 1345 761 1404 animi
810 1345 1180 1416 prbmptitudo
1215 1363 1227 1399 :
1264 1344 1359 1399 sed
1390 1354 1450 1398 ut
1485 1344 1775 1401 crederent
1843 1348 1935 1417 qui
1988 1350 2298 1416 audiebant,
2342 1353 2621 1423 signorum
2676 1363 2795 1409 erat
2841 1352 3094 1411 etl‘ectus.
3132 1355 3443 1427 Adjuvabut

181 1453 356 1499 autem
390 1463 503 1500 rem
526 1447 775 1500 nonnihil
806 1443 969 1499 etiam
996 1442 1195 1513 lingua:
1224 1441 1472 1498 libertas.

258 1539 544 1607 Ἐσχίσθη
589 1537 658 1591 δὲ
705 1540 770 1592 τὸ
827 1534 1062 1601 πλῆθος
1105 1533 1217 1603 τῆς
1271 1535 1528 1602 πόλεως,
1559 1534 1659 1589 καί
1692 1537 1747 1589 οἰ

1929 1534 2091 1590 Vens.
2146 1536 2199 1591 4.
2266 1535 2453 1590 Divisa
2500 1546 2576 1591 est
2614 1546 2791 1593 autem
2820 1538 3026 1592 urbana
3045 1539 3350 1603 tnultituda,
3383 1551 3433 1594 et
3458 1586 3482 1601 ,

181 1632 288 1701 μὲν
311 1628 479 1702 ἦσαν
540 1633 663 1687 σὺν
713 1634 839 1699 τοῖς
899 1629 1238 1707 Ἰουδαίοις,
1269 1631 1325 1684 οἰ
1354 1629 1443 1696 δὲ,
1478 1628 1600 1684 σὺν
1636 1629 1759 1696 τοῖς

1864 1627 1959 1683 alii
1987 1630 2196 1699 quidem
2226 1639 2379 1683 erant
2412 1629 2478 1683 ab
2516 1627 2745 1697 Iudaeis,
2801 1631 3042 1686 nonnulli
3070 1648 3190 1687 vero
3231 1634 3443 1686 stabant

184 1722 571 1788 ἀποστόλοις.

1864 1723 1925 1776 ab
1950 1724 2221 1792 apostolis.

256 1815 355 1881 Ὠς
383 1813 453 1867 δὲ
469 1815 708 1885 ἐγένετο
772 1815 925 1885 ὁρμὴ
972 1812 1090 1868 τῶν
1134 1810 1330 1870 ἐθνῶν
1369 1829 1435 1866 τε
1475 1816 1575 1866 καὶ
1610 1816 1759 1868 Ἰου-

1934 1813 2099 1873 Vens.
2136 1818 2190 1871 5.
2218 1814 2324 1870 Sed
2370 1826 2427 1869 ut
2472 1818 2723 1887 impetum
2764 1826 3011 1886 ceperunt
3060 1826 3172 1871 tam
3221 1816 3439 1888 reliqua:

182 1905 361 1958 δαίων
419 1906 542 1959 σὺν
596 1909 720 1973 τοῖς
748 1907 1047 1975 ἄρχουσιν
1096 1912 1316 1978 αὐτων,
1361 1910 1606 1977 ὑϐρίσαι
1651 1908 1753 1963 και

1864 1909 2123 1972 nationes,
2155 1923 2313 1977 quam
2344 1904 2523 1962 Judaei
2556 1924 2663 1961 una
2705 1925 2825 1961 cum
2880 1907 3202 1978 principibus
3231 1908 3339 1962 suis
3372 1908 3443 1962 ad

195 1994 577 2064 itOOGOJﬁO'at
598 1996 645 2028 ”
679 1998 922 2063 αὐτοὺς,
1302 1976 1310 1978 -
1440 1976 1443 1977 ν
1789 1976 1836 2039 Β
1860 1976 2175 2054 violandum
2195 2014 2281 2053 eos
2326 2016 2389 2052 ac
2426 1999 2803 2069 lapidandum,

248 2086 640 2152 Συνιόόντες¹
699 2088 1073 2159 κατέφυγον¹
1102 2094 1190 2159 εἰς
1240 2092 1345 2159 τὰς
1393 2094 1604 2159 πόλεις
1650 2090 1758 2157 τῆς

186 2181 543 2247 Λυκαονίας,
597 2181 882 2250 Λύστραν
911 2183 1013 2237 καί
1050 2185 1296 2256 Δέρϐην,
1327 2185 1427 2240 καί
1452 2186 1566 2255 τὴν
1591 2186 1757 2253 περί-

185 2287 406 2336 χωρον.

249 2359 440 2415 Κάκεῖ
459 2356 623 2431 ἦσαν
648 2360 1178 2436 εὐαγγελιζόμενοι.

260 2546 557 2615 Ἐσχίσθη
592 2546 659 2599 δὲ
685 2547 754 2601 τὸ
778 2547 1013 2616 πλῆθος
1035 2547 1146 2616 τῆς
1191 2548 1444 2615 πόλεως.
1488 2548 1659 2602 Τοῦτο
1691 2545 1759 2621 ἦν

184 2639 211 2690 ὃ
231 2640 422 2707 ἔλεγεν
454 2642 481 2692 ὁ
512 2641 748 2711 Χριστός
784 2658 795 2670 ·
857 2644 977 2695 Οὐκ
1010 2636 1202 2711 ἦλθον
1233 2640 1464 2706 ,βαλεῖν
1486 2641 1758 2710 εἰρήνην,

185 2732 334 2783 ἀλλὰ
366 2731 694 2800 μάχαιραν.
724 2732 1074 2798 Συνειδότες
1094 2733 1137 2797 ³,
1170 2735 1581 2803 κατέφυγονρί
1621 2734 1758 2787 ἁπό-

1934 2094 2093 2166 ιιά,
2129 2093 2287 2150 Vens.
2330 2094 2382 2149 6.
2441 2094 2513 2148 lie
2551 2097 2939 2161 animadversa,
2963 2096 3303 2167 confugerunt
3342 2112 3444 2164 apo

1859 2187 1981 2239 stoli
2002 2188 2057 2239 in
2076 2187 2264 2255 oppida
2299 2186 2575 2255 Lycaonia:
2600 2185 2827 2256 Lystran
2848 2202 2911 2240 ac
2930 2185 3135 2242 Derben
3157 2196 3312 2256 atque
3337 2187 3442 2240 cir-

1861 2278 2210 2347 cumjncentia
2245 2278 2382 2331 loca.

1932 2367 2099 2423 Vens.
2141 2369 2193 2422 7.
2227 2371 2297 2422 Et
2335 2369 2449 2423 illic
2487 2369 2832 2423 morabantur
2863 2370 3214 2442 Erangeiium
3243 2370 3443 2439 pradi-

1861 2469 2062 2516 cantes.

1943 2554 2127 2607 Divisa
2189 2561 2267 2607 est
2318 2562 2518 2617 autem,
2561 2563 2669 2607 etc.
2703 2551 2814 2607 Hoc
2844 2562 2981 2618 erat.
3011 2554 3157 2623 quod
3192 2553 3444 2609 Christus

1862 2644 2079 2700 dicebat
2107 2661 2122 2698 :
2152 2641 2277 2697 Non
2306 2644 2418 2697 veni
2451 2644 2665 2697 missum
2712 2660 2921 2712 pacem,
2965 2647 3056 2699 sed
3104 2645 3345 2715 gladium
3373 2647 3441 2699 ".

1863 2734 1937 2789 Re
1966 2736 2334 2789 animadversa
2384 2738 2728 2806 confugerunt
2775 2735 3019 2804 apostoli.
3063 2735 3225 2791 Nullo
3278 2735 3447 2806 igitur

188 2821 378 2874 στολοι.
433 2820 599 2874 Οὐδὲν
619 2817 713 2875 οὖν
741 2822 1056 2877 horto-toi“
1100 2824 1248 2889 ἅγιοι
1301 2823 1566 2891 φεύγουσι
1623 2824 1750 2886 τοὺς

1864 2824 2022 2879 modo
2053 2824 2349 2879 absurdum
2383 2834 2488 2889 est,
2524 2824 2569 2878 si
2602 2823 2777 2879 sancti
2818 2824 3032 2894 fugiunt
3060 2839 3176 2890 eos,
3216 2824 3308 2894 qui
3340 2825 3443 2880 sibi

186 2909 557 2965 ἐπιϐουλεύειν
595 2912 792 2975 αὐτοὺς
814 2912 834 2943 ⁵
873 2913 1192 2983 μέλλοντας,
1230 2914 1324 2966 καὶ
1350 2913 1664 2967 εὑὼκοῦσιν
1695 2916 1759 2966 ἐκ

1864 2916 2177 2970 insidiaturi
2218 2915 2372 2978 sint,
2413 2924 2470 2970 et
2521 2915 2726 2969 idcirco
2780 2914 3285 2970 commodissimum
3325 2929 3447 2968 esse

185 3005 366 3057 τούτου
424 3003 783 3074 δραπετεύειν
828 3007 918 3058 τὸν
954 3005 1062 3057 ἀπὸ
1111 3004 1206 3058 τοῦ
1252 3005 1553 3076 μαρτυρίου
1587 3006 1755 3059 πόλει

190 3113 305 3166 μον.

1859 3008 2113 3077 judicant
2131 3006 2255 3077 iuga
2284 3006 2388 3061 sibi
2419 3006 2726 3071 consulere,
2763 3014 2821 3060 et
2852 3007 3024 3060 vitare
3050 3006 3275 3067 bellum,
3298 3005 3444 3074 quod

1861 3097 1963 3152 sibi
2004 3096 2074 3151 ob
2104 3097 2479 3151 testimonium
2528 3096 2746 3151 Christo
2781 3096 3115 3167 prohibitum
3164 3095 3444 3150 infereba-

1862 3197 1972 3243 tur.

253 3282 362 3336 Kal
396 3299 488 3347 τις
520 3280 675 3352 ἀνὴρ
708 3281 776 3338 ἐν
809 3286 1106 3353 Λύστροις
1165 3284 1467 3351 ἀδύνατος
1494 3284 1619 3352 τοῖς
1661 3301 1759 3339 πο-

1940 3300 2100 3355 Vens.
2134 3300 2187 3354 8.
2224 3301 2291 3354 Et
2335 3300 2416 3354 vir
2470 3300 2687 3369 quidam
2741 3298 2942 3368 Lystris
2983 3298 3195 3352 sedebat
3228 3298 3443 3366 pedibus

188 3376 286 3428 σίν
305 3374 588 3440 ἐκάθητο,
654 3376 849 3444 χωλὸς
890 3377 959 3430 ἐκ
1004 3379 1234 3443 κοιλίας
1281 3379 1508 3446 μητρός
1575 3378 1760 3432 αὐτοῦ

190 3466 493 3535 ὑπάρχων,
517 3466 585 3535 ὃς
611 3469 897 3523 οὐδέποτε
915 3470 1412 3537 περιεπεπατήκει
1434 3471 1476 3524 ⁸.

256 3554 445 3626 Οὗτος
471 3559 701 3628 ἤκουσε
729 3558 834 3613 τοῦ
875 3560 1125 3614 Παύλου
1148 3560 1507 3627 λαλοῦντος,
1543 3562 1609 3627 ὃς
1629 3561 1762 3615 ἁτε-

188 3654 357 3720 νίσας
382 3650 568 3719 αὐτῷ,
600 3652 696 3705 καί
726 3650 868 3705 ἰδὼν
898 3650 988 3705 ότι
1022 3652 1234 3705 πίστιν
1296 3651 1421 3721 ἔχει
1481 3652 1589 3706 τοῦ
1645 3668 1762 3706 σω-

190 3745 382 3812 θῆναι,

247 3833 392 3891 Εἰπε
443 3834 677 3906 μεγάλῃ
714 3832 787 3901 τῇ
834 3833 1005 3905 φωνῇ
1032 3850 1047 3864 ο
1103 3835 1411 3901 Ἀνάστηθι
1470 3835 1570 3887 ἐπὶ
1620 3835 1763 3903 τοὺς

189 3930 367 3993 πόδας
406 3944 527 3981 σου
565 3925 810 3994 όρθῶςτ.
845 3926 953 3979 Καὶ
979 3926 1200 3991 ἥλλετο
1253 3929 1351 3979 καὶ
1394 3926 1757 3993 περιεπάτει.

256 4027 315 4077 Oi
348 4023 417 4077 δὲ
447 4024 641 4090 ὄχλοι,
666 4022 897 4083 ἰδόντες
930 4020 961 4072 ὃ
987 4020 1285 4087 ἐποίησεν
1312 4024 1345 4074 ό
1372 4021 1627 4086 Παῦλος,
1655 4023 1760 4074 ἐπ·

190 4114 333 4182 ἦραν
386 4111 635 4166 αὺτῶν⁸
671 4112 786 4179 τὴν
815 4110 1025 4180 φωνὴν
1064 4113 1431 4165 Λυκαονιστὶ
1453 4113 1756 4182 λέγοντεςο

192 4208 250 4258 Οἱ
277 4208 396 4260 θεοί
432 4205 821 4275 ὁμοιωθέντες
860 4205 1196 4275 ἀνθρώποις
1228 4208 1578 4276 κατέϐησαν
1606 4208 1761 4275 πρὸς

189 4296 361 4365 uillic-

265 4390 567 4443 Ἑκάλουν
593 4406 657 4443 τε
678 4389 784 4443 τὸν
839 4390 956 4460 μὲν
982 4390 1301 4459 Βαρνάϐαν
1346 4392 1452 4445 Δία
1481 4429 1497 4456 ,
1552 4390 1662 4445 τὸν
1691 4391 1761 4445 δὲ

189 4481 425 4535 Παῦλον
498 4480 733 4550 Ἑρμῆν,
785 4480 993 4552 ἐπειδὴ
1040 4484 1225 4550 αὐτὸς
1248 4478 1328 4553 ἦν
1362 4485 1397 4539 ό
1427 4484 1760 4553 ἡγούμενος

189 4573 288 4626 τοῦ
311 4574 524 4642 λόγου.
830 4606 833 4610 -

1866 3390 2151 3453 invalidus,
2185 3390 2424 3452 claudus,
2460 3383 2717 3453 videlicet,
2751 3388 2817 3440 ab
2875 3396 3022 3442 utero
3080 3388 3269 3440 matris
3311 3403 3441 3453 sum,

1868 3484 1959 3551 qui
1995 3498 2263 3551 nunquam
2294 3482 2558 3549 ingressus
2592 3488 2733 3535 erat.

1941 3573 2107 3629 Vens.
2140 3573 2193 3627 9.
2254 3571 2358 3625 llic
2420 3573 2623 3626 audivit
2674 3571 2909 3626 Paulum
2968 3572 3299 3640 loquentem,
3352 3572 3443 3642 qui

1868 3677 2120 3719 contuens
2150 3666 2207 3718 in
2244 3680 2385 3730 eum,
2413 3674 2461 3718 et
2496 3664 2674 3717 videns
2712 3663 2861 3716 illum
2895 3664 3106 3717 credere
3157 3679 3211 3717 se
3240 3664 3445 3716 salvtttn

1866 3759 2000 3827 fore,

1940 3848 2101 3901 Vens.
2137 3845 2224 3901 10.
2252 3844 2455 3915 Magna
2482 3860 2605 3899 voce
2651 3844 2789 3898 dixit
2818 3859 2837 3897 :
2870 3842 3039 3914 Surge
3064 3844 3119 3898 in
3150 3845 3302 3912 pedes
3331 3854 3444 3898 tuos

1868 3948 2023 3992 recte.
2056 3938 2123 3991 Et
2160 3938 2408 3991 exiliebat
2442 3948 2492 3989 et
2517 3936 2809 3991 incedebat.

1941 4027 2101 4082 Vens.
2128 4026 2213 4080 Η.
2264 4025 2447 4081 Turbte
2482 4037 2663 4079 autem
2701 4025 3013 4093 conspicata:
3069 4027 3207 4095 quod
3250 4027 3445 4095 fecerat

1867 4118 2089 4182 Paulus,
2122 4116 2450 4171 sustulerunt
2501 4132 2676 4169 vocem
2731 4134 2884 4169 suam
2935 4116 3228 4185 Lycaonice
3266 4118 3444 4170 dicen-

1868 4222 1941 4266 tes
1978 4227 1997 4264 ε
2032 4209 2120 4263 Dii
2147 4208 2443 4262 hominibus
2491 4208 2777 4261 assimilati
2816 4209 3190 4262 descenderunt
3226 4208 3295 4261 ad
3324 4224 3440 4263 nos.

1935 4390 2099 4445 Vens.
2139 4389 2226 4443 12.
2261 4390 2327 4444 Et
2356 4388 2613 4443 vocabant
2643 4386 2949 4441 Barnabam
2972 4388 3184 4457 quidem
3225 4388 3444 4443 Jovem:

1868 4482 2100 4537 Paulum
2127 4497 2247 4535 vero
2278 4479 2623 4547 Mercurium,
2664 4481 2805 4548 quod
2830 4480 2875 4532 is
2909 4487 3040 4533 esset
3066 4486 3177 4534 dua:
3208 4488 3257 4535 et
3294 4480 3445 4549 prin-

1867 4590 1986 4643 eeps
2032 4574 2311 4627 orationis.

252 4661 400 4718 ELte
420 4664 656 4733 μεγάλῃ
680 4664 755 4733 τῇ
790 4668 982 4735 φωνῇ.
1009 4664 1108 4718 Διὰ
1129 4665 1182 4718 τι
1212 4664 1425 4738 μεγάλῃ
1450 4668 1517 4735 τῇ
1552 4668 1707 4737 φωνῇ
1737 4685 1753 4735 ;

1935 4668 2129 4738 Hagna
2188 4682 2309 4720 voce
2378 4666 2537 4719 dixit.
2579 4665 2692 4719 Cur
2720 4679 2916 4735 magna
2940 4664 3119 4720 voce?
3161 4672 3223 4719 ut
3274 4666 3446 4719 turltte

192 4755 343 4808 Ὥστε
364 4757 493 4819 τοὺς
521 4754 711 4824 ὄχλους
732 4756 1044 4809 πιστεῦσαι.
1073 4755 1172 4809 Διά
1191 4755 1248 4809 δὲ
1276 4756 1394 4822 τοῦ,
1436 4757 1539 4822 Ὃς
1564 4758 1762 4811 άτενίο

190 4862 293 4913 σας
314 4847 479 4911 αὐτῷ
502 4848 602 4901 καὶ
630 4845 771 4901 ἰδὼν
804 4847 891 4901 ὅτι
929 4847 1139 4901 πίστιν
1170 4848 1296 4917 ἔχει
1328 4847 1434 4901 τοῦ
1466 4847 1755 4917 σωθῆναι,

191 4938 303 5005 ἐμοὶ
322 4938 473 4991 δοκεῖ
496 4938 578 5001 εἰς
609 4938 709 5008 τὴν
732 4936 909 5008 ψυχὴν
936 4938 1063 4992 ἰδεῖν
1091 4937 1190 5011 τὴν
1223 4938 1389 4992 αὑτοῦ
1406 4939 1498 4991 τὸν
1523 4939 1753 4993 Παῦλον·

190 5027 277 5078 καὶ
297 5025 406 5097 γὰρ
460 5024 757 5095 φιλοσόφου
783 5024 963 5096 ψυχῆς
1001 5022 1093 5098 ἦν,
1113 5028 1173 5081 τὸ
1202 5029 1495 5098 προσέχειν
1516 5030 1629 5092 τοῖς
1657 5029 1755 5082 λα.-

190 5112 465 5182 λουμένοις
495 5114 602 5167 ὑπὸ
630 5112 726 5166 τοῦ
774 5114 1009 5167 Παύλου.
1045 5116 1155 5171 Καὶ
1181 5116 1404 5186 ἥλλετο
1433 5117 1533 5171 καί
1561 5134 1755 5185 nepte-

190 5205 371 5263 πάτει.
397 5207 713 5278 Τεκμήριον
744 5207 846 5276 τῆς
876 5208 1065 5276 ὑγείας
1094 5210 1195 5280 τῆς
1247 5210 1482 5281 ἀληθοῦς
1510 5212 1572 5265 τὸ
1596 5212 1755 5266 ἅλλε-

192 5299 324 5352 σθαι.
350 5303 415 5354 Ol
449 5300 523 5353 δὲ
555 5299 747 5369 ὄχλοι,
781 5301 1011 5369 ἰδόντες
1036 5300 1070 5355 ὃ
1106 5302 1400 5372 ἐποίησεν
1426 5308 1460 5359 ό
1492 5306 1755 5373 Παῦλος.

254 5415 297 5449 δ’
322 5415 526 5471 Matth.
563 5430 618 5482 ι,
649 5414 741 5472 δι.

1866 4759 2154 4814 crederent
2200 4774 2215 4811 :
2264 4755 2537 4811 Caeterum
2569 4793 2583 4818 ,
2620 4762 2909 4824 propterea
2944 4753 3090 4826 quod
3147 4753 3298 4819 dicit,
3339 4753 3445 4819 Qui

1867 4852 2075 4904 intuens
2121 4850 2175 4901 in
2205 4864 2344 4913 eum,
2385 4856 2435 4899 et
2476 4847 2655 4900 videns
2707 4845 2861 4899 illum
2920 4846 3128 4900 credere
3159 4862 3213 4899 se
3236 4845 3442 4899 salvum

1866 4944 1996 5013 fore,
2023 4940 2157 4994 mihi
2194 4938 2407 4994 videtur
2454 4937 2656 4991 Paulus
2684 4935 2929 4990 animum
2959 4935 3080 5005 ejus
3110 4934 3441 5004 inspexisse.

1866 5034 2080 5089 Etenim
2103 5030 2467 5102 philosophici
2497 5039 2554 5085 et
2577 5044 2761 5084 rerum
2784 5028 3292 5099 cognoscendarnm
3327 5039 3444 5083 stu-

1864 5126 2005 5181 diosi
2045 5125 2214 5178 animi
2246 5132 2387 5188 erat,
2424 5121 2710 5176 attendere
2763 5134 2828 5175 ea
2883 5134 3005 5190 quae
3048 5120 3371 5175 dicebantur
3411 5135 3442 5174 a

1863 5216 2121 5273 Paulo.Et
2140 5215 2434 5279 exsiliebat,
2454 5222 2503 5268 et
2524 5215 2812 5269 incedebat.
2825 5213 3045 5267 Certum
3065 5220 3441 5283 argumentum

1868 5327 1996 5368 vere
2017 5311 2281 5366 restitutae
2310 5307 2561 5363 sanitatis
2594 5315 2730 5372 erat,
2750 5306 2894 5377 quod
2920 5303 3223 5363 exsiliebat.
3259 5303 3443 5357 Turba:

1382 5514 1581 5575 Varia)
1620 5514 1927 5579 lectiones
1972 5522 2032 5577 et
2076 5523 2270 5581 notae.

254 5620 297 5651 ”
330 5617 391 5672 In
416 5614 779 5682 manttscripto
808 5622 903 5677 est,
936 5611 1284 5669 λιθοϐολισαι.

191 5769 274 5809 aut
302 5758 474 5812 simile
504 5757 649 5828 quid.
772 5755 791 5784 ⁵
818 5756 902 5807 Ξσ.
963 5755 1168 5816 αὐτοῖς.

191 5829 325 5880 αὑτῶ
334 5848 357 5879 ‘l
366 5870 377 5882 .

1365 5617 1379 5645 ⁸
1414 5616 1476 5690 In
1501 5632 1759 5690 ntanuscrt

1894 5628 1991 5678 est,
2035 5621 2354 5685 συνειδότες.
2432 5624 2453 5653 ¹
2476 5621 2539 5675 In
2562 5623 2917 5690 mannscripto
2966 5622 3226 5690 adjectum
3252 5631 3350 5681 est,
3388 5619 3438 5669 oi

194 5688 492 5751 ἂπόσξολοι,
515 5688 651 5755 quod
680 5695 851 5757 tamen
873 5700 1253 5757 supervacuum
1286 5695 1333 5739 et
1360 5688 1686 5741 subdititintn
1717 5705 1759 5741 et

1864 5690 2078 5742 videtur.
2160 5690 2180 5720 ³
2206 5693 2322 5744 Ἵσ.
2359 5693 2682 5757 συνιδόντες.

1247 5757 1267 5785 ⁸
1296 5762 1705 5828 περιεπατήκει,
1742 5769 1875 5813 erat.

2760 5694 2780 5723 ⁸
2814 5692 3113 5745 Desiderari
3132 5691 3339 5743 videtur
3369 5691 3437 5748 εἰ,

1982 5759 1999 5787 ⁷
2041 5757 2103 5811 1η
2125 5761 2337 5833 vulgato
2361 5773 2455 5827 est,
2487 5764 2666 5832 ὀρθός.
2743 5764 2843 5818 “In
2872 5762 3102 5831 vulgato,
3127 5760 3222 5831 τὴν
3256 5760 3439 5830 φωνὴν
