4184 6458
677 432 782 497 707

1593 414 2171 479 THEOPHYLACTI
2209 410 2621 474 BUl.GARld§
2657 407 3008 469 ARCHIEP.

3786 407 3895 467 703

672 530 848 595 autem
887 534 1196 606 conspicata:
1227 535 1360 603 quod
1395 530 1587 600 fecerat
1625 529 1844 589 Paulus,
1880 534 1986 579 etc.
2021 522 2156 578 Vide
2181 530 2237 578 et
2267 532 2309 585 Δ

2367 524 2482 591 Op:
2512 520 2607 573 καὶ
2639 518 2747 572 τῶν
2777 517 2947 569 ἐθνῶν
2979 516 3078 587 τὴν
3115 515 3385 587 ὠφέλειαν
3408 516 3472 581 ⁸⁸,
3510 514 3604 569 καὶ
3633 514 3744 567 τῶν
3773 514 3912 568 ’1ου-

674 642 988 686 exterarum
1017 626 1259 696 gentium
1312 620 1654 683 beneﬁcium,
1688 628 1742 672 et
1767 617 2080 672 Judaeorum
2110 631 2230 669 ma-

672 724 927 789 leﬁcium.
982 719 1056 775 llli
1105 717 1322 787 quidem
1377 723 1633 783 tanquam
1678 712 1808 765 deos
1846 709 2229 764 honorabant:

675 816 731 869 hi
762 828 893 868 vero
947 822 1201 878 tanquam
1244 805 1530 877 pestiferos
1575 802 1823 857 homines
1853 814 1908 865 et
1932 800 2237 871 perditores

675 904 937 973 lngabant
967 909 1022 954 et
1054 898 1362 966 ejiciebant.
1400 894 1465 948 Et
1492 894 1741 947 vocabant
1773 892 2075 949 Barnabam
2119 891 2237 960 qui-

675 997 788 1047 dem
826 994 1002 1045 Jovem
1034 1007 1051 1043 :
1085 990 1311 1043 Paulum
1358 1003 1475 1040 vero
1530 986 1862 1039 Mercurium.
1893 985 2156 1039 Vidistine
2178 994 2237 1039 ιιι

675 1085 877 1139 Graecis
922 1099 1035 1137 mos
1086 1081 1250 1135 fuerit
1309 1095 1377 1132 ex
1433 1078 1744 1133 hominibus
1804 1076 1985 1130 facere
2049 1075 2226 1130 deos?

678 1179 859 1245 Itaque
881 1174 1096 1244 quando
1121 1174 1328 1234 dicunt,
1349 1171 1505 1226 Unde
1533 1180 1684 1223 ortus
1715 1178 1797 1223 est
1826 1169 2238 1223 simulacrorum

676 1269 896 1323 cultus?
944 1268 1080 1321 scito
1128 1266 1414 1334 originem.
1470 1260 1579 1315 llac
1623 1261 2019 1319 consuetudine
2076 1262 2241 1319 etiam

676 1362 954 1429 apostolos
1006 1376 1067 1411 ex
1125 1357 1436 1410 hominibus
1464 1356 1593 1408 deus
1620 1353 1889 1406 faciebant
1918 1370 1931 1405 :
1974 1354 2045 1407 ita
2075 1354 2240 1407 etiam

681 1455 924 1508 diabolus
968 1452 1019 1504 in
1061 1450 1215 1502 initio
1245 1450 1577 1517 impietatem
1627 1446 1971 1499 introducere
2015 1454 2242 1499 conatus

681 1558 785 1605 εει,
817 1560 941 1597 cum
972 1542 1181 1596 diceret
1212 1559 1224 1593 :
1253 1540 1414 1592 Erilis
1447 1540 1519 1590 dii
1571 1538 1637 1590 Et
1680 1537 1933 1605 quoniam
1984 1546 2113 1590 tune
2136 1551 2244 1589 non

685 1635 891 1697 valuit,
938 1645 1122 1703 postea
1191 1645 1478 1700 aggressus
1545 1638 1629 1683 est
1705 1628 1903 1697 ubique
1961 1627 2288 1693 πολυθεῖαν,

685 1733 973 1783 connitcns
1000 1739 1159 1797 atque
1185 1725 1540 1780 contendens.

690 1854 705 1861 "
756 1845 915 1897 Vens.
958 1841 1042 1894 15.
1096 1841 1161 1895 At
1220 1840 1458 1892 sacerdos
1508 1836 1675 1902 Iovis,
1706 1838 1855 1905 cujus
1906 1849 2030 1891 ante
2067 1840 2244 1893 urbem
2278 1853 2320 1908 Β

686 1936 897 1989 illorum
918 1944 1029 1987 erat
1053 1932 1343 1995 delubrum,
1378 1931 1615 1984 adductis
1640 1930 1825 1994 tauris,
1854 1928 2010 1998 115
2037 1938 2083 1982 et
2106 1945 2252 1983 coro-

691 2030 769 2081 nis
828 2027 1006 2080 allatis
1039 2027 1106 2078 ad
1144 2023 1481 2085 vestibulum,
1530 2038 1636 2075 una
1673 2036 1790 2075 cum
1830 2020 1993 2075 turbis
2052 2021 2257 2076 uolebat

688 2120 1008 2187 sacriﬁcare.

769 2212 927 2265 Vens.
973 2210 1063 2264 14.
1113 2208 1307 2273 Quibus
1356 2208 1573 2273 auditis,
1607 2208 1830 2273 apostoli
1874 2206 2153 2262 Barnabas
2207 2215 2255 2259 et

693 2302 919 2366 Paulus,
938 2302 1113 2355 scissis
1139 2301 1451 2354 vestimentis
1472 2301 1602 2365 suis,
1628 2299 1924 2354 iusilierunt
1943 2299 2000 2353 in
2020 2298 2250 2364 turbam,

693 2394 1066 2449 exclamantes.

764 2485 928 2538 Vnus.
962 2484 1046 2537 15.
1075 2483 1148 2536 Ac
1189 2482 1416 2535 dicentes
1462 2497 1479 2534 :
1528 2480 1677 2546 Viri,
1712 2499 1806 2535 cur
1834 2483 1935 2535 ista
1962 2481 2178 2551 facitis?
2209 2489 2259 2534 et

696 2592 787 2630 nos
812 2576 1047 2628 homines
1075 2589 1255 2628 sumus
1287 2571 1470 2625 iisdem
1518 2572 1704 2641 quibus
1731 2589 1818 2629 vos
1858 2571 2011 2624 malis
2051 2579 2098 2624 et
2132 2571 2258 2639 σηε-

697 2669 863 2721 ctibus
898 2667 1127 2729 obnoxii,
1161 2666 1248 2734 qui
1282 2665 1658 2718 denuntiamus
1692 2664 1866 2729 vobis,
1906 2672 1961 2717 ut
1987 2663 2053 2716 ab
2084 2664 2261 2717 istius-

700 2758 841 2810 modi
877 2757 1026 2810 vanis
1072 2756 1327 2808 institutis
1376 2755 1690 2808 convertatis
1732 2770 1823 2812 ~vos
1867 2754 1941 2808 ad
1978 2753 2145 2807 Deum
2179 2754 2261 2807 ui-

696 2866 838 2909 uum,
876 2848 966 2915 qui
1000 2848 1117 2917 fecit
1152 2845 1336 2899 ctelum
1384 2855 1430 2899 et
1462 2854 1679 2911 terram,
1706 2853 1761 2898 et
1787 2861 1959 2910 mare,
2002 2854 2050 2898 et
2082 2844 2261 2897 omnia

694 2956 813 3011 qua:
844 2947 964 2992 sunt
1002 2940 1057 2990 in
1091 2939 1179 2991 iis.

774 3029 932 3084 Vens.
974 3030 1059 3085 iii.
1089 3030 1191 3093 Qui
1233 3029 1512 3097 prmteritis
1543 3027 1783 3082 a'tatibus
1806 3026 1926 3083 sivit
1949 3042 2123 3079 omnes
2164 3042 2264 3079 na-

701 3126 864 3177 tiones
893 3124 1097 3194 ingredi
1108 3122 1217 3175 .viis
1243 3122 1375 3174 suis.

2340 611 2504 664 δαίων
2537 610 2637 679 τὴν
2668 607 3117 677 κακουργίαι-Οἱ
3166 607 3265 676 μὲν
3288 606 3361 669 ὡς
3390 607 3548 667 θεοὺς
3580 606 3783 674 ἐτίμων
3808 645 3825 669 ,
3857 606 3910 655 οἱ

2341 700 2395 755 δὲ
2428 702 2503 763 ὡς
2544 698 2827 769 λυμεῶνας
2876 697 3118 750 ἐδίωκον.
3179 694 3469 749 Ἐκάλουν
3524 693 3592 747 δὲ
3641 694 3750 746 τὸν
3790 692 3913 761 μὲν

2342 792 2655 862 Βαρνάϐαν
2676 792 2802 855 Δία,
2830 791 2937 843 τὸν
2976 788 3313 843 δὲΠαῦλον-
3333 785 3572 856 Ἑρμῆν.
3615 783 3765 848 Εἶδες
3792 784 3918 846 πῶς

2344 885 2463 947 ἔθος
2487 885 2601 946 τοῖς
2636 882 2895 953 Ἕλλησιν
2956 882 3064 934 ἀπὸ
3124 880 3430 949 ἀνθρώπων
3482 879 3639 947 θεοὺς
3697 878 3913 939 ποιεῖνς

2346 979 2505 1030 Ὥστε
2532 978 2661 1033 ὅταν
2683 975 2904 1043 λέγωσι,
2938 973 3111 1027 Πόθεν
3129 974 3160 1042 ἡ
3180 970 3632 1041 εἰδωλολατρίαος
3671 968 3915 1039 μάνθανε

2342 1073 2440 1141 τὴν
2469 1072 2664 1142 ἀρχήν.
2698 1071 2853 1124 Οὕτω
2874 1070 2967 1122 καὶ
3005 1070 3131 1130 τοὺς
3159 1066 3490 1127 ἀποστόλους
3510 1064 3580 1128 ἐξ
3605 1061 3918 1132 ἀνθρώπων

2344 1162 2563 1215 ἐποίουν
2619 1160 2807 1225 θεούς’
2863 1159 3006 1212 οὕτω
3066 1158 3162 1211 καὶ
3192 1156 3490 1217 ὁδιάϐολος
3530 1153 3919 1222 ἐφιλονείκησε

2347 1257 2498 1326 παρὰ
2527 1257 2626 1326 τὴν
2660 1254 2835 1325 ἀρχὴν
2880 1254 2979 1322 τὴν
3034 1252 3290 1305 ἀσέϐειαν
3320 1248 3653 1315 εἰσαγαγεῖν,
3684 1245 3862 1312 λέγων
3900 1258 3917 1274 ·

2353 1351 2609 1407 Ἐσεσθε
2653 1347 2795 1401 θεοί.
2828 1346 2935 1399 Καὶ
2969 1343 3155 1414 ἐπειδὴ
3182 1343 3303 1394 τότε
3330 1342 3428 1393 οὐκ
3465 1339 3701 1407 ἴσχυσεν,
3762 1335 3922 1387 ὕστε-

2352 1459 2443 1513 ρον
2473 1438 2758 1509 ἐπιχειρεῖ,
2815 1434 3090 1506 πανταχοῦ
3144 1432 3463 1504 φιλονεικῶν
3489 1431 3588 1502 τὴν
3619 1427 3921 1481 πολυθεῖαν

2352 1554 2375 1588 ε
2386 1537 2686 1603 ῑσαγαγεϊν.

2350 1628 2455 1683 hoc
2510 1637 2617 1693 est,
2673 1624 2965 1680 multorum
3019 1620 3224 1675 cultum
3280 1619 3508 1676 deorum
3569 1613 3921 1672 introducere

2429 1838 2492 1897 '0
2522 1837 2589 1893 δὲ
2614 1836 2806 1905 ἱερεὺς
2833 1834 2939 1889 τοῦ
2967 1835 3125 1898 Διὸς,
3181 1830 3288 1885 τοῦ
3325 1829 3503 1893 ὄντος
3532 1825 3647 1894 πρὸ
3672 1825 3784 1890 τῆς
3811 1824 3924 1875 πό-

2351 1935 2501 1997 λεως
2551 1928 2768 1992 αὐτῶν,
2820 1927 3075 1994 ταύρους
3123 1923 3222 1977 καὶ
3274 1919 3585 1989 στέμματα
3628 1915 3729 1970 ἐπὶ
3776 1914 3925 1978 τοὺς

2353 2023 2639 2089 πυλῶνας
2683 2021 2953 2090 ἐνέγκας,
3003 2016 3126 2071 σὺν
3190 2014 3316 2080 τοῖς
3379 2012 3586 2080 ὄχλοις
3631 2008 3857 2078 ἤθελον
3879 2008 3922 2036 ⁸⁸

2354 2117 2542 2172 θύειν.

2436 2205 2826 2268 Ἀκούσαντες
2846 2199 2914 2254 δὲ
2962 2202 3017 2255 ot
3077 2199 3408 2253 ἀπόστολοι
3454 2194 3765 2262 Βαρνάϐας
3820 2192 3922 2243 καὶ

2356 2297 2594 2362 Παῦλος
2617 2336 2633 2362 ,
2655 2294 3081 2363 διαρρήξαντες
3109 2293 3178 2344 τὰ
3209 2290 3403 2358 ἱμάτια
3429 2286 3648 2352 αὐτῶν,
3682 2283 3899 2346 alveari
3915 2313 3927 2322 -

2356 2388 2558 2457 δησαν
2580 2388 2662 2453 εις
2691 2386 2800 2440 τὸν
2822 2386 3030 2454 ὄχλον,
3046 2381 3368 2451 κράζοντες

2427 2479 2539 2532 Kal
2572 2476 2873 2546 λέγοντες·
2910 2474 3169 2542 Ἄνδρες,
3210 2474 3265 2526 τι
3298 2472 3483 2526 ταῦτα
3534 2469 3786 2531 ποιεῖτε;
3817 2467 3929 2521 Καὶ

2358 2569 2529 2639 ἡμεῖς
2563 2566 2941 2638 ὁμοιοπαθεῖς
2975 2566 3163 2635 ἐσμεν
3206 2563 3349 2633 ὑμῖν
3377 2562 3696 2630 ἅνθρωποι,
3739 2560 3930 2624 Εὐαγ-

2359 2659 2744 2731 γρλιζόμενοι,
2777 2658 2934 2729 ὑμᾶς
2963 2659 3081 2713 ἀπὸ
3111 2659 3338 2711 τούτων
3366 2654 3485 2709 τῶν
3506 2654 3774 2725 ματαίων
3810 2651 3936 2703 ἐπι-

2361 2753 2644 2821 στρέφειν
2673 2752 2771 2805 ἐπὶ
2819 2756 2927 2809 τὸν
2980 2751 3128 2809 Θεὸν
3153 2750 3260 2803 τὸν
3302 2747 3515 2811 ζῶντα,
3570 2745 3638 2811 ὃς
3680 2744 3935 2809 ἐποίησε

2361 2845 2470 2898 τὸν
2502 2847 2779 2913 οὐρανὸν,
2798 2842 2897 2897 και
2918 2843 3033 2912 τὴν
3056 2841 3190 2913 γῆν,
3213 2839 3310 2895 καί
3328 2839 3449 2908 τὴν
3472 2838 3812 2899 θάλασσαν,
3833 2836 3936 2887 καὶ

2364 2936 2561 2992 πάντα
2590 2938 2662 2991 τὰ
2678 2935 2755 2989 ἐν
2773 2936 2997 3000 αὐτοῖς.

2441 3030 2541 3094 ’ος
2567 3029 2636 3081 ἐν
2666 3026 2795 3092 ταῖς
2810 3025 3266 3094 παρῳχημέναις
3282 3022 3517 3092 γενεαῖς
3535 3022 3708 3075 εἴασε
3735 3017 3937 3073 πάντα

2366 3122 2437 3175 τὰ
2462 3122 2607 3187 ἔθνη
2639 3120 2996 3188 πορεύεσθαι
3023 3118 3152 3181 ταῖς
3193 3115 3355 3180 όδοῖς
3385 3115 3427 3146 ³⁸
3459 3113 3677 3168 αὐτῶν.

770 3212 932 3267 Vens.
951 3181 1059 3264 v17.
1091 3210 1402 3279 Quanquam
1440 3225 1542 3262 non
1593 3224 1721 3261 sane
1754 3208 2035 3261 testimonii
2078 3216 2263 3260 semet-
2292 3181 2314 3238 (

2438 3181 2643 3265 Καίτοι
2768 3212 2879 3263 οὐκ
2908 3208 3245 3277 ἀμάρτυρον
3273 3206 3491 3259 ἑαυτὸν
3517 3203 3755 3272 ἀφῆκεν
3788 3204 3939 3271 dra-

700 3306 870 3373 ipsum
900 3312 1159 3370 expertem
1204 3318 1309 3355 esse
1350 3316 1534 3368 passus
1579 3310 1676 3362 est,
1718 3299 2038 3369 benefaciens
2068 3300 2267 3353 caelitus

704 3394 850 3447 nobis
896 3393 1099 3460 pluvias
1136 3393 1292 3455 dans,
1340 3404 1389 3445 et
1447 3401 1680 3459 tempora
1714 3392 1988 3461 fructifera
2012 3430 2027 3456 ,
2068 3391 2268 3460 replens

704 3485 817 3538 cibo
841 3495 889 3538 et
917 3484 1104 3539 latitia
1133 3484 1292 3536 corda
1326 3491 1529 3536 nostra.

779 3576 942 3631 VERS.
979 3576 1066 3630 18.
1116 3577 1286 3645 Atque
1343 3578 1453 3627 btet:
1499 3573 1749 3635 dicentes,
1796 3574 1881 3625 vix
1933 3572 2271 3625 cohibuerunt

708 3676 911 3732 turbas,
941 3683 1003 3720 ne
1026 3665 1125 3720 sibi
1148 3653 1536 3732 sacrificarent.

778 3758 1021 3811 Discissis
1047 3756 1357 3810 vestimentis
1391 3756 1523 3809 suis.
1543 3752 1678 3809 Vide
1715 3754 1835 3808 illos
1869 3754 2069 3822 ubique
2099 3768 2127 3807 a
2154 3754 2271 3823 glo-
2342 3752 2346 3755 ⁷

709 3852 787 3904 ria
818 3866 981 3919 puros
1025 3855 1082 3904 et
1136 3850 1394 3919 integros,
1437 3862 1550 3902 non
1598 3847 1763 3902 modo
1820 3862 1927 3902 non
1965 3846 2270 3916 cupientes,

710 3955 904 3994 verum
939 3939 1101 3992 etiam
1146 3938 1324 3992 datam
1383 3946 1704 4006 respuentes
1750 3954 1763 3990 :
1817 3936 2275 4005 quemadmodum

709 4033 872 4087 etiam
921 4030 1115 4085 Petrus
1167 4029 1427 4082 dicebat:
1470 4027 1606 4092 Quid
1651 4043 1744 4080 nos
1774 4028 2074 4090 intuemini,
2125 4026 2277 4095 quasi

707 4123 924 4191 propria
975 4120 1233 4190 facultate
1284 4121 1537 4187 pietateve
1574 4119 1889 4187 effecerimus
1917 4126 1971 4169 ut
2016 4119 2109 4169 iste
2140 4117 2279 4169 ince-

710 4215 853 4267 dat?
901 4212 969 4265 Et
1003 4209 1058 4263 bi
1089 4211 1230 4266 idem
1277 4210 1490 4275 dicunt,
1530 4209 1623 4263 sed
1662 4208 1902 4262 adhibita
1933 4207 2278 4261 vehementia

712 4303 765 4358 id
821 4301 1069 4358 faciunt:
1112 4299 1442 4352 Disciderunt
1476 4301 1807 4360 vestimenta,
1861 4310 1905 4351 et
1956 4296 2277 4351 insilieruut.

710 4420 782 4433 --
800 4392 865 4445 Et
883 4408 976 4447 nos
992 4391 1223 4443 homines
1253 4407 1454 4451 sumus,
1472 4390 1660 4443 iisdem
1688 4388 1875 4457 quibus
1901 4404 1989 4441 uos
2019 4388 2196 4451 malis,
2231 4396 2279 4440 et

2370 3301 2649 3367 θοποιῶν,
2694 3301 3022 3369 οὐρανόθεν
3077 3299 3225 3367 ἡμῖν
3255 3300 3297 3330 ³⁸
3325 3296 3539 3361 ὑετοὺς
3578 3295 3808 3361 διδοὺς,
3835 3294 3939 3347 καί

2373 3395 2617 3462 καιροὺς
2640 3394 3079 3462 καρποφόρους,
3109 3390 3429 3461 ἐμπιπλῶν
3453 3389 3680 3459 τροφῆς
3709 3389 3808 3441 καὶ
3833 3389 3939 3442 εὑ-

2372 3488 2683 3556 φροσύνης
2703 3487 2808 3551 τὰς
2838 3486 3085 3552 καρδίας
3114 3483 3302 3552 ἡμῶν.

2443 3578 2555 3631 Καὶ
2584 3577 2772 3631 ταῦτα
2828 3575 3128 3645 λέγοντες,
3154 3578 3334 3644 μόλις
3365 3577 3759 3631 κατέπαυσαν
3795 3573 3945 3639 τοὺς

2376 3670 2594 3736 ὄχλους
2615 3667 2722 3721 τοῦ
2742 3665 2827 3735 μὴ
2849 3666 3014 3720 θύειν
3041 3667 3267 3733 αὐτοῖς.

2445 3760 2879 3829 Διαρῤήξαντες
2907 3758 2980 3811 τὰ
3031 3759 3228 3827 Ιμάτια
3266 3757 3485 3814 αὐτῶν.
3555 3759 3696 3827 Ὀρα
3744 3757 3947 3819 αὐτοὺς

2377 3851 2652 3921 πανταχοῦ
2700 3850 2858 3920 δόξης
2888 3850 3181 3921 καθαροὺς,
3213 3850 3274 3902 οὐ
3303 3851 3467 3921 μόνον
3490 3849 3567 3918 μὴ
3596 3850 3944 3919 ἐφιεμένους,

2378 3942 2513 3996 ἀλλὰ
2536 3944 2629 3995 καὶ
2649 3941 2939 4010 δεδομένην
2968 3941 3463 4010 ἁποκρουομένους·
3505 3940 3693 4008 ὥσπερ
3720 3942 3812 3993 καὶ
3840 3942 3949 3993 Πέ-

2377 4050 2503 4102 τρος
2529 4033 2679 4101 ελεγε
2701 4048 2715 4062 ο
2762 4032 2822 4086 Τί
2842 4031 2985 4099 ἡμῖν
3016 4031 3325 4097 ἀτενίζετε,
3353 4033 3433 4103 ᾡς
3461 4032 3582 4098 ιδίᾳ
3625 4031 3873 4101 δυνάμει
3904 4033 3945 4101 ἦ

2379 4124 2653 4189 εὐσεϐείᾳ
2674 4125 3040 4190 πεποιηκόσι
3062 4123 3168 4178 τοῦ
3194 4124 3538 4191 περιπατεῖν
3562 4125 3781 4188 αὐτόν;
3831 4124 3949 4177 Καὶ

2380 4211 2525 4270 οὗτοι
2564 4215 2625 4267 τὸ
2674 4215 2805 4268 αὐτὸ
2863 4231 3029 4282 φασι*
3083 4218 3228 4283 Δμετὰ
3277 4216 3637 4287 σφοδρότητος
3688 4216 3744 4269 δὲ
3785 4217 3951 4270 τοῦτο

2383 4302 2615 4359 ποιοῦδι·
2651 4307 2978 4374 Διέρρηξαν
3015 4306 3085 4360 τὰ
3114 4307 3312 4373 ἱμάτια
3354 4309 3452 4361 καί
3501 4309 3949 4376 εἰσεπήδησαν.

2472 4396 2579 4454 Καὶ
2620 4396 2792 4473 ἡμεῖς
2852 4398 3225 4469 ὁμοιοπαθεῖς
3244 4399 3430 4468 ἐσμεν
3458 4399 3603 4467 ὑμῖν
3629 4399 3953 4468 ἅνθρωποι.

711 4483 1074 4551 affectionibus
1115 4482 1342 4535 obnoxii.
1389 4480 1648 4535 Homines
1677 4480 1894 4550 quidem
1943 4494 2152 4547 sumus,
2192 4479 2314 4572 in-1

2388 4486 2699 4557 ΙἌνθρωποι
2746 4486 2845 4555 μέν
2891 4487 3095 4556 ἐσμεν,
3148 4489 3302 4557 φησὶ,
3349 4487 3553 4540 τούτων
3583 4488 3641 4541 δὲ
3679 4488 3897 4559 μείζους
3936 4508 3953 4521 ο

712 4574 852 4643 quit,
881 4572 975 4626 sed
1012 4571 1094 4626 his
1123 4571 1357 4640 majores
1389 4590 1400 4623 :
1432 4587 1557 4625 nam
1607 4571 1724 4624 liam
1765 4570 2101 4641 [simulacra]
2130 4586 2277 4624 mor-

717 4676 807 4718 tua
844 4672 991 4718 sunt.
1023 4661 1292 4717 Vidistine
1320 4672 1379 4716 ut
1412 4677 1531 4717 mos
1550 4661 1754 4718 Graecis
1802 4662 1968 4717 fuerit
2002 4678 2068 4717 ex
2102 4662 2278 4717 homi—

715 4757 879 4811 nibus
913 4756 1094 4811 facere
1127 4754 1299 4807 deos?
1330 4754 1542 4808 Etenim
1568 4754 1769 4823 reperis
1799 4754 1852 4807 in
1884 4744 2040 4808 libris
2067 4768 2277 4821 eorum,

716 4844 813 4913 qui
860 4844 1204 4911 antiquorum
1233 4858 1319 4896 res
1348 4850 1527 4913 gestas
1560 4843 1897 4913 scripserunt
1928 4840 2140 4906 Jovem,
2186 4842 2278 4911 qui

719 4936 881 4992 homo
923 4942 1064 4997 erat,
1112 4948 1233 4987 sese
1279 4934 1439 4987 deum
1495 4932 1708 4994 fecisse.
1747 4933 1978 4988 dicendo
2025 4949 2083 4988 se
2116 4934 2280 4987 deum

716 5042 860 5081 esse.
920 5025 1072 5079 Sicut
1118 5024 1273 5079 inulti
1320 5025 1482 5078 etiam
1532 5022 1759 5081 Romani
1796 5025 2149 5095 imperatores
2176 5064 2191 5088 ,
2225 5031 2280 5079 et

723 5133 876 5189 reges
929 5117 1281 5173 Macedonum
1328 5118 1400 5170 dii
1457 5115 1579 5187 [seu
1635 5116 1770 5188 divi]
1828 5118 2081 5187 appellati
2131 5126 2278 5172 sunt.

723 5208 1087 5273 Quamobrem
1127 5222 1235 5261 non
1283 5216 1501 5276 oportet
1544 5207 1702 5266 ﬁdem
1737 5209 1997 5279 abrogare
2032 5209 2121 5273 iis,
2161 5224 2282 5278 quae

723 5298 1026 5365 antiquitus
1079 5297 1146 5352 de
1204 5298 1304 5352 hac
1330 5312 1387 5350 re
1421 5298 1699 5353 memoria:
1741 5301 1954 5369 prodita
1976 5308 2127 5361 sunt.
2156 5300 2283 5369 quia

726 5392 939 5461 decepti
966 5393 1213 5448 nonnulli
1267 5393 1519 5459 luerunt,
1572 5404 1627 5449 et
1668 5392 1928 5463 quosdam
1984 5389 2285 5463 [homines]

726 5484 859 5540 deos
880 5486 1290 5556 appellaverunt
1315 5503 1328 5539 :
1375 5485 1809 5556 quandoquidem
1830 5484 1992 5539 etiam
2024 5482 2113 5537 isti
2139 5493 2288 5537 certe

2385 4577 2557 4630 ταῦτα
2588 4577 2696 4646 γὰρ
2720 4578 2909 4646 νεκρά.
2943 4577 3095 4640 Εἶδες
3119 4577 3236 4640 πῶς
3267 4578 3387 4641 ἔθος
3419 4581 3529 4640 τοϊς
3555 4579 3814 4649 Ἕλλησιν
3841 4582 3955 4634 ἀπὸ

2385 4668 2687 4739 ἀνθρώπων
2715 4668 2868 4731 Θεοὺς
2908 4672 3116 4734 ποιεῑν;
3152 4671 3259 4722 Καὶ
3278 4672 3384 4741 γὰρ
3412 4672 3471 4724 ἐν
3499 4673 3612 4733 τοῖς
3633 4672 3952 4743 ἀναγραψα-

2389 4760 2571 4829 μένοις
2621 4760 2719 4822 τὰς
2775 4760 3013 4824 παλαιὰς
3046 4763 3283 4833 ἱστορίας
3302 4764 3602 4833 εὑρίσκεις,
3628 4767 3713 4819 ὅτι
3740 4769 3769 4819 ὁ
3807 4768 3951 4829 Ζεὺς

2386 4850 2671 4921 ἄνθρωπος
2704 4849 2799 4912 ὢν,
2832 4852 3025 4906 ἑαυτὸν
3052 4852 3373 4924 ἑθεοποίησε
3405 4855 3580 4923 λέγων
3610 4853 3752 4909 εἶναι
3790 4858 3913 4919 θεός
3939 4877 3955 4893 -

2388 4941 2462 5003 ὡς
2490 4941 2581 4994 καὶ
2634 4939 2817 4994 πολλοὶ
2861 4940 2969 4995 τῶν
3001 4942 3287 5013 Ῥωμαίων
3316 4943 3551 5013 βασιλεῖς
3588 4948 3681 5002 καὶ
3707 4947 3959 5001 Μακεδό-

2389 5047 2494 5082 νων
2550 5030 2916 5101 ἐχρημάτιζον
2984 5030 3113 5086 οεοί.
3175 5034 3265 5087 Διὸ
3295 5037 3354 5087 οὐ
3393 5036 3498 5107 χρὴ
3558 5039 3810 5091 ἀπιστεῖν
3838 5042 3958 5105 τοῖς

2390 5123 2555 5177 πάλαι
2574 5123 2815 5195 λεχθεῖσι
2861 5125 2992 5193 περὶ
3026 5125 3218 5179 τούτου
3258 5127 3340 5179 ὅτι
3394 5128 3756 5199 ἠπατήθησαν
3783 5147 3957 5197 τινες,

2391 5214 2486 5265 καὶ
2513 5211 2803 5281 ὠνόμασαν
2832 5229 2985 5275 τινας
3016 5213 3191 5274 θεούςο
3220 5215 3352 5267 ὅπου
3370 5232 3432 5282 γε
3456 5216 3552 5271 καὶ
3579 5210 3961 5289 οὗτοιηπατή-

2393 5303 2563 5373 θησαν
2606 5305 2685 5366 εἰς
2738 5302 2829 5358 τὸν
2861 5303 3152 5373 Βαρνάϐαν
3174 5306 3272 5359 καὶ
3309 5305 3541 5361 Παῦλον.
3588 5306 3700 5362 Καὶ
3730 5308 3961 5377 Σίμωνα

2392 5392 2481 5446 τὸν
2539 5394 2710 5463 μάγον
2743 5396 2792 5447 οἱ
2817 5396 2874 5448 ὲν
2907 5398 2972 5464 τῇ
3006 5397 3285 5467 Σαμαρείᾳ
3330 5398 3517 5465 ἔλεγον
3546 5395 3684 5453 εἶναι
3717 5402 3817 5471 τὴν
3858 5402 3960 5453 τοῦ

2392 5483 2528 5537 Θεοῦ
2552 5483 2779 5555 δύναμιν
2806 5486 2904 5556 τὴν
2940 5486 3205 5556 μεγάλην.
3252 5488 3470 5560 Ἐπειδὴ
3504 5490 3559 5543 δὲ
3582 5492 3683 5543 οὐκ
3704 5492 3961 5561 ὠνόμασε

1920 5649 2120 5711 Varim
2164 5649 2472 5712 lectiones
2511 5661 2571 5713 et
2618 5659 2808 5715 notae.

802 5763 877 5841 "_
901 5766 986 5841 to:
1016 5767 1323 5841 -ἀφέλειαν,
1353 5769 1406 5821 id
1426 5778 1527 5831 est,
1551 5770 1979 5841 simplicitatem.
2006 5773 2160 5829 Εοιτ.
2201 5771 2408 5829 Patrol.

2521 5778 2543 5853 ξ
2584 5776 3127 5853 ζον,ιείδῳλολιιτρείαἶ
3235 5781 3277 5810 ¹⁰
3312 5779 3372 5832 1η
3400 5782 3610 5853 vulgato
3643 5794 3737 5837 est.
3774 5784 3963 5853 ἢθελε.

730 5831 774 5867 ⁸⁸
793 5835 905 5899 τοῖς
930 5835 1061 5900 ὁδοῖς
1088 5831 1198 5892 erat
1222 5842 1276 5892 in
1310 5831 1733 5908 utanuscripto'et
1756 5844 1828 5895 itu
1858 5845 2106 5912 repetitur
2132 5846 2185 5898 in
2213 5850 2314 5900 sclu

2362 5851 2423 5900 io.
2504 5848 2545 5878 "
2580 5848 2728 5916 ὑμῖν,
2770 5848 2822 5900 in
2864 5831 3234 5917 man'usaipto,
3270 5831 3321 5903 et
3348 5831 3863 5926 paulo,
