4184 6458
160 477 261 541 713

902 483 1307 547 EXPOSITIO
1342 484 1421 543 IN
1454 483 1640 542 ACTA
1678 475 2252 540 APOSTOLORUM.
2289 500 2359 508 ’-
2390 475 2545 534 CAP.
2577 476 2697 535 XV.

3302 468 3407 534 7H

210 590 561 659 Γενομένης
599 590 713 648 οὖν
738 594 1009 660 στάσεως
1040 595 1136 648 καὶ
1183 592 1479 662 ζητήσεως
1502 594 1547 624 ’⁸
1605 592 1716 645 οὐκ

1893 586 2055 642 Vens.
2089 587 2144 641 2.
2181 586 2311 641 Cum
2350 603 2471 655 ergo
2501 585 2753 638 dissensio
2787 582 3197 653 disceptatioque
3250 580 3407 637 Pauli

147 679 355 748 ὀλίγης
380 679 461 744 τῷ
505 684 723 747 Παύλῳ
745 685 842 737 καί
890 683 968 749 τῷ
999 686 1275 754 Βαρνάϐᾳ
1298 685 1449 753 πρὸς
1473 683 1715 748 αὐτοὺς.

146 768 367 832 ἔταξαν
393 769 747 825 ἀναϐαίνειν
774 774 1037 839 Παῦλον,
1083 775 1180 828 καί
1232 774 1567 843 Βαρνάϐαν,
1620 774 1721 826 καί

146 878 313 926 τινας
364 861 599 930 ἄλλους
626 866 695 929 ἐξ
747 866 943 920 αὐτῶν
970 867 1120 935 πρὸς
1169 867 1312 933 τοὺς
1333 868 1718 930 ἀποστόλους

145 953 239 1006 καί
273 958 723 1025 πρεσϐυτέρους
760 961 846 1026 είς
877 959 1265 1029 Ἰερουσαλὴμ
1318 960 1449 1028 περὶ
1485 959 1589 1011 τοῦ
1629 958 1720 1024 ζῆ-

145 1043 407 1112 τήματος
430 1050 666 1101 τούτου.

212 1140 279 1188 Οί
306 1139 430 1205 μὲν
460 1136 575 1193 οὖν
626 1142 1111 1211 προπεμφθέντες
1150 1144 1265 1198 ὑπὸ
1321 1141 1430 1208 τῆς
1474 1141 1719 1206 Ἐκκλη·

142 1228 280 1292 σιάς
308 1228 631 1297 διήρχοντο
688 1232 801 1299 τὴν
831 1234 1120 1298 Φοινίκην
1165 1232 1264 1286 καί
1311 1231 1425 1298 τὴν
1450 1232 1493 1261 ’⁷
1535 1231 1727 1298 Σαμά-

141 1336 329 1387 ρειαν,
369 1322 820 1393 ἐκδιηγούμενοι
868 1324 983 1392 τὴν
1038 1325 1411 1394 ἐπιστροφὴν
1467 1324 1585 1377 τῶν
1629 1324 1717 1378 ἑθ-

144 1410 281 1475 νὼν,
319 1416 423 1466 καὶ
450 1415 700 1469 ἐποίουν
730 1417 923 1485 χαρὰν
949 1416 1223 1485 μεγάλην
1262 1416 1385 1482 τοῖς
1416 1415 1722 1484 ἀδελφοῖς.

209 1508 694 1575 Παραγενόμενοι
732 1508 801 1561 δὲ
823 1510 910 1575 είς
941 1506 1359 1577 Ἰερουσαλὴμ,
1394 1507 1727 1576 ἀπεδέχθη-

142 1617 262 1653 σαν
301 1600 425 1654 ὑπὸ
472 1600 581 1667 τῆς
625 1600 1012 1671 Ἐκκλησίας,
1044 1602 1142 1655 καί
1179 1599 1297 1654 τῶν
1344 1601 1726 1662 ἀποστόλων,

145 1694 243 1745 καί
268 1692 391 1745 τῶν
411 1692 855 1763 πρεσϐυτέρων,
894 1693 1263 1763 ἀνήγγειλάν
1291 1710 1354 1746 τε
1384 1692 1499 1747 ὅσα
1526 1694 1559 1745 ό
1585 1692 1729 1755 Θεὸς

145 1772 398 1849 ἐποίησε
415 1786 544 1853 μετ’
569 1783 792 1839 αὐτῶν.

223 1877 389 1946 Ὁρᾷς
411 1878 537 1940 τοὺς
553 1878 890 1947 πειρασμοὺς
909 1876 1138 1941 ἔνδοθεν,
1163 1873 1360 1939 ἔξωθεν
1382 1892 1395 1941 ;
1416 1875 1530 1927 Οὐκ
1548 1873 1730 1940 ελεγον

1826 697 1888 732 ac
1920 678 2179 733 Barnaba:
2213 688 2326 730 orta
2373 686 2505 730 esset
2556 676 2805 728 adversus
2840 674 2957 727 illos
3004 674 3150 727 haud
3189 674 3403 745 exigua,

1825 770 2160 822 decreverunt
2190 776 2244 818 ut
2273 766 2492 831 Paulus,
2528 778 2575 819 ct
2603 764 2903 830 Barnabas,
2938 775 2987 818 et
3030 768 3123 820 alii
3167 762 3406 821 nonnulli

1826 860 1888 912 de
1912 875 2006 910 suo
2035 874 2251 911 numero
2294 860 2630 910 accenderent
2667 860 2719 908 in
2750 854 3048 909 Jerusalem
3089 858 3159 909 ad
3192 871 3408 925 aposto-

1827 954 1901 1006 los
1944 962 2099 1021 atque
2153 951 2479 1019 presbyteros
2547 949 2875 1003 sciscitaturi
2931 949 2992 999 ab
3040 950 3146 1003 illis
3194 951 3258 1003 de
3307 950 3409 1004 hac

1827 1047 2133 1114 qua'stione.

1904 1137 2065 1205 118
2090 1136 2247 1190 Vens.
2282 1138 2333 1188 5.
2366 1136 2535 1205 Atque
2558 1135 2891 1203 illiprodurti
2920 1136 2987 1189 ab
3012 1134 3272 1197 Ecclesia,
3292 1150 3410 1209 per-

1828 1220 2085 1289 agrabant
2112 1219 2400 1272 Plituniecm
2425 1229 2474 1271 et
2510 1216 2834 1285 Samariam,
2865 1228 3172 1272 enarrantcs
3199 1233 3409 1271 conver-

1828 1308 2027 1359 sionem
2065 1307 2334 1377 gentium,
2374 1314 2426 1357 et
2470 1320 2661 1375 magno
2718 1306 2912 1374 gaudio
2958 1307 3149 1376 fratres
3214 1303 3409 1373 aﬂicic-

1832 1401 1978 1452 bant.

1905 1493 2072 1550 Vens.
2122 1495 2173 1547 4.
2233 1493 2367 1547 Cum
2425 1500 2601 1546 autem
2659 1492 2914 1545 uenissent
2973 1490 3029 1543 in
3084 1488 3402 1547 Jerusalem,

1832 1587 2031 1655 excepti
2050 1596 2170 1639 sunt
2201 1587 2265 1638 ab
2309 1584 2542 1639 Ecclesia
2607 1595 2653 1636 et
2685 1582 2932 1651 apostolis
2989 1591 3148 1652 atque
3187 1580 3413 1634 seniori-

1836 1679 1959 1745 bus,
2025 1688 2073 1732 et
2133 1679 2583 1731 annuntiavcrunt
2646 1693 2965 1746 quotcunque
3034 1675 3174 1728 Deus
3233 1688 3410 1726 secum

1837 1772 2055 1839 fecisset.

1908 1883 2073 1938 Vides
2104 1882 2427 1937 tentationcs
2460 1880 2812 1941 intrinsecus,
2854 1877 3241 1935 extrinsecus?
3288 1882 3410 1935 Non

146 1970 199 2019 δὲ
217 1970 524 2039 περιτομὴν
544 1970 754 2036 ἁπλῶς,
773 1970 909 2035 ἀλλ’,
933 1970 1016 2022 ὅτι
1032 1970 1075 2001 ⁸⁸
1095 1967 1366 2036 Σωθῆναι
1391 1968 1655 2020 δύνασθε
1673 1983 1683 1993 ’
1707 1964 1729 2016 ὃ

1837 1977 2155 2049 simpliciter
2217 1984 2400 2031 autem
2476 1966 2946 2030 circunicisionem
3007 1974 3410 2045 suscipiendam

146 2060 458 2113 toivavu'ov
484 2057 551 2130 ἦν
570 2076 584 2089 ·
620 2061 702 2113 ὅτι
730 2062 1201 2132 περιτεμνόμενοι,
1232 2058 1585 2131 σωθῆναιούκ
1609 2055 1734 2128 ἡδύ-

146 2167 330 2203 ναντο.
357 2151 475 2204 Οὐκ
503 2146 625 2205 εἶπε
651 2151 707 2205 δὲ
744 2152 951 2214 Παῦλος
970 2170 983 2183 -
1005 2152 1070 2204 Τί
1098 2153 1207 2222 γάρ
1227 2168 1242 2216 ;
1265 2151 1365 2205 οὐκ
1387 2152 1503 2219 εἰμὶ
1524 2150 1732 2214 ἀξιόπι-

149 2257 272 2303 στος
293 2242 407 2294 ἀπὸ
420 2242 693 2296 τοσούτων
710 2243 948 2311 σημείων
968 2260 983 2308 ;
1006 2242 1120 2296 ἀλλ’
1148 2241 1376 2313 ἐπείσθη
1397 2241 1465 2293 δι’
1488 2242 1731 2303 ἐκείνους

149 2332 416 2384 ἀνελθεῖν.
469 2332 577 2387 Καὶ
599 2333 715 2397 πῶς
747 2335 806 2388 ὲν
833 2336 900 2404 τῇ
956 2332 1095 2403 πρὸς
1129 2333 1377 2396 Γαλάτας
1420 2332 1730 2402 Ἐπιστολῇ,

156 2421 309 2475 οὐδὲ
348 2421 643 2490 ἀνῆλθον,
677 2424 866 2494 φησὶν,
887 2427 976 2491 εἰς
1001 2422 1400 2494 Ἱεροσόλυμα
1423 2424 1574 2492 πρὸς
1592 2422 1729 2489 τοὺς

153 2516 267 2581 πρὸ
284 2514 440 2582 ἐμοῦ
471 2516 879 2583 ἀποστόλους,
910 2516 1053 2571 οὐδὲ
1078 2516 1377 2586 ἀνεθέμην
1390 2533 1409 2582 ;
1436 2517 1557 2570 ὀτι
1578 2514 1702 2585 πρῶ

153 2621 245 2658 τον
303 2610 409 2674 μὲν
460 2608 563 2659 οὐκ
604 2606 770 2669 αὐτὸς
809 2607 1063 2676 ἀνῆλθεν,
1123 2607 1240 2661 ἀλλ’
1278 2607 1561 2675 ἀπεστάλη
1602 2604 1732 2675 παρ’

155 2698 396 2767 ἑτέρων·
428 2698 681 2768 δεύτερον
722 2699 798 2767 δὲ,
849 2700 911 2752 οὐ
945 2699 1326 2771 μαθησόμενος
1380 2698 1730 2771 παρεγένετο,

157 2791 272 2841 ἀλλ’
308 2789 538 2858 ἑτέρους
565 2792 791 2846 πείσων.
820 2792 993 2855 Αὐτὸς
1038 2790 1137 2860 μὲν
1169 2790 1279 2862 γὰρ
1312 2788 1373 2853 ἐξ
1398 2788 1572 2859 ἀρχῆς
1604 2787 1735 2840 ταύ-

158 2899 255 2948 της
286 2884 469 2949 ετχετο
514 2882 614 2950 τῆς
638 2880 887 2952 γνώμης,
925 2881 993 2953 ἢν
1025 2882 1121 2935 καὶ
1176 2880 1227 2933 οἱ
1260 2879 1547 2934 ἀπόστολοι
1595 2880 1734 2949 μετά

154 2972 329 3023 ταῦτα.
385 2970 695 3041 ἐκύρωσαν,
724 2972 785 3024 τδ
813 2973 889 3043 μὴ
937 2972 1048 3026 δεῖν
1070 2970 1521 3041 περιτέμνεσθαι·
1546 2967 1734 3038 ἐπειδὴ

157 3064 211 3114 δὲ
230 3064 333 3115 οὐκ
367 3061 543 3115 ἐδόκει
572 3063 711 3126 τέως
731 3063 915 3126 αὐτοῖς
936 3062 1249 3127 ἀξιόπιστος
1280 3057 1444 3126 εἶναι,
1467 3060 1601 3114 ἀλλὰ
1622 3061 1735 3121 τοῖς
1768 3118 1771 3121 μ

156 3158 212 3205 ἐν
248 3155 649 3224 Ἰεροσολύμοις
693 3154 1003 3227 προσεῖχον,
1033 3153 1266 3224 ἀνῆλθεν
1289 3170 1300 3182 ⁸
1342 3154 1443 3207 οὐκ
1489 3152 1648 3215 αὑτός
1682 3170 1733 3205 τι

1834 2084 1956 2125 esse
2001 2068 2272 2135 dicebant,
2322 2066 2418 2122 sed
2460 2066 2564 2121 nisi
2611 2065 2700 2119 illa
2733 2072 3005 2135 suscepta,
3057 2067 3258 2121 servari
3308 2082 3411 2120 non

1834 2162 2065 2231 potestis,
2105 2159 2251 2230 quod
2285 2158 2620 2214 contrarium
2665 2166 2827 2212 erat:
2874 2158 2999 2228 quia
3048 2157 3094 2213 si
3123 2157 3415 2213 circumci-

1833 2254 2118 2317 derentur,
2151 2251 2357 2306 servari
2410 2264 2525 2304 non
2569 2257 2840 2319 poterant.
2890 2249 3012 2304 Non
3053 2248 3189 2304 dixit
3229 2257 3411 2303 autem

1834 2345 2034 2401 Paulus
2066 2359 2080 2396 :
2119 2340 2432 2408 Quidnam?
2455 2354 2639 2395 annon
2671 2354 2792 2394 sum
2832 2338 2897 2401 is,
2934 2339 3023 2393 cui
3057 2353 3089 2393 a
3119 2347 3201 2394 tot
3240 2338 3413 2409 signis

1836 2452 1935 2506 per
1961 2450 2049 2490 me
2085 2434 2245 2490 editis
2284 2433 2419 2489 ﬁdes
2466 2431 2657 2488 haberi
2688 2431 2929 2487 debeat?
2971 2430 3069 2487 sed
3102 2436 3295 2501 passus
3327 2438 3417 2485 est

1836 2526 1934 2581 sibi
1964 2524 2302 2595 persuaderi,
2334 2531 2395 2577 ut
2433 2530 2657 2593 propter
2689 2520 2810 2577 illos
2846 2520 3188 2577 ascenderet.
3224 2520 3290 2574 Et
3318 2519 3414 2589 qui

1836 2618 1897 2671 lit
1923 2626 1980 2671 ut
2015 2618 2067 2671 in
2117 2615 2356 2685 Epistula
2389 2615 2459 2669 ad
2495 2612 2712 2669 Galatas
2741 2612 2888 2668 dicat
2921 2629 2935 2666 :
2965 2610 3073 2665 Nec
3112 2610 3327 2665 arcendi
3354 2610 3413 2665 in

1834 2706 2133 2761 Jerusalem
2183 2707 2254 2760 ad
2304 2721 2413 2772 eos,
2449 2706 2541 2774 qui
2586 2712 2710 2758 ante
2753 2717 2835 2757 nee
2895 2703 3123 2772 apostoli
3176 2702 3411 2773 fuerunt,

1837 2816 2000 2869 neque
2025 2796 2407 2852 communicavi
2456 2812 2579 2849 cum
2612 2794 2717 2849 illis
2748 2794 2839 2848 “l
2868 2792 3005 2858 Quia
3028 2794 3263 2864 primum
3293 2794 3416 2863 qui-

1836 2888 1959 2942 dem
1992 2900 2102 2942 non
2130 2885 2243 2956 ipse
2270 2899 2303 2939 a
2324 2900 2385 2939 se
2408 2884 2675 2949 ascendit,
2705 2884 2800 2939 sed
2828 2884 3026 2940 missus
3045 2891 3129 2937 est
3161 2882 3230 2937 ab
3258 2882 3409 2947 aliis,

1836 2968 2033 3030 deinde
2077 2990 2189 3029 non
2240 2983 2300 3028 ut
2337 2973 2594 3037 disceret,
2647 2974 2875 3028 accessit
2918 2972 2985 3022 ad
3029 2972 3171 3035 illos,
3213 2971 3311 3027 sed
3353 2980 3415 3025 ut

1837 3066 1971 3120 alios
2026 3065 2080 3117 in
2135 3079 2288 3118 suam
2337 3066 2666 3119 sententiam
2722 3063 3039 3119 adducunt.
3097 3064 3236 3117 Nam
3297 3063 3414 3132 ipso

1836 3155 2051 3223 quidem
2081 3153 2153 3208 ab
2186 3154 2339 3208 initio
2363 3162 2483 3208 erat
2514 3154 2567 3207 in
2600 3154 2702 3209 hac
2739 3153 3029 3215 sententia,
3059 3166 3222 3224 quam
3242 3164 3412 3207 etiam

150 3247 436 3315 εἰσόμενος
492 3245 677 3309 πλέον,
728 3246 864 3300 ἀλλά
919 3245 1122 3298 πείσων
1169 3246 1297 3308 τοὺς
1332 3244 1729 3312 ἀντιλέγοντας,

1837 3246 2063 3316 apostoli
2101 3254 2289 3315 postea
2320 3245 2782 3301 conﬁrmaverunt
2815 3260 3074 3315 :nempe,
3106 3258 3217 3299 non
3249 3260 3417 3313 opor-

148 3336 230 3387 ὅτι
288 3336 385 3388 καὶ
440 3335 489 3388 ol
540 3337 596 3389 ὲν
638 3333 1034 3406 Ἱεροσολύμοις
1081 3334 1292 3398 τούτοις
1355 3334 1727 3404 συμψηφίζον-

144 3441 254 3479 ται.

1839 3349 1953 3395 tere
1995 3336 2311 3393 circumcidi
2353 3336 2447 3406 qui
2495 3335 2565 3391 de
2616 3336 2820 3391 exteris
2865 3335 3185 3390 nationibus
3230 3335 3414 3390 credi-

1834 3430 2043 3484 dissent
2075 3445 2089 3481 :
2128 3426 2386 3496 quoniam
2429 3434 2613 3481 autem
2648 3426 2802 3481 initio
2848 3440 2959 3479 non
2996 3425 3284 3481 videbatur
3308 3426 3417 3479 illis

142 3536 202 3573 ea
230 3522 561 3577 auctoritate
591 3523 854 3594 preditus
879 3538 1022 3589 esse,
1074 3524 1161 3578 cui
1200 3524 1268 3579 de
1301 3534 1451 3580 tanta
1492 3542 1549 3581 re
1586 3526 1721 3582 ﬁdes
1760 3528 2077 3590 haberetur,
2126 3522 2221 3577 sed
2270 3536 2367 3576 eos
2405 3521 2500 3591 qui
2546 3520 2934 3591 Hierosolymis
2973 3529 3135 3576 erant
3202 3529 3415 3590 specta-

143 3613 273 3665 bant
352 3624 405 3667 et
458 3614 833 3681 attendebant,
880 3616 1008 3670 illuc
1052 3618 1319 3679 ascendit,
1372 3634 1482 3673 non
1561 3629 1621 3673 ut
1670 3621 1786 3689 ipse
1848 3616 2053 3687 aliquid
2099 3614 2333 3684 amplius
2376 3614 2703 3676 addisceret,
2744 3612 2841 3667 sed
2872 3621 2934 3667 ut
2974 3612 3315 3667 adversarios
3358 3612 3413 3666 in

140 3726 297 3765 suam
327 3711 657 3767 sententiam
679 3712 995 3778 adduceret,
1025 3714 1170 3781 quod
1202 3723 1258 3769 et
1297 3714 1373 3768 illi
1407 3715 1500 3784 qui
1544 3715 1599 3769 in
1634 3715 1934 3769 Jerusalem
1960 3719 2134 3778 erant,
2166 3710 2283 3765 haec
2305 3709 2741 3779 comprobarent.

222 3807 680 3874 Ἐξανέστησαν
700 3805 770 3859 δέ
821 3822 981 3872 τινες
1012 3807 1132 3861 ἀπὸ
1162 3807 1271 3876 τῆς
1300 3809 1585 3877 αιρέσεως
1604 3809 1724 3863 τῶν

138 3898 488 3965 Φαρισαίων
510 3899 979 3963 πεπιστευκότες
1007 3898 1074 3963 ’⁸,
1092 3898 1377 3968 λέγοντες
1397 3897 1488 3954 ὅτι
1508 3901 1601 3954 δεῖ
1617 3916 1721 3953 πε-

127 3987 441 4056 ριτέμνειν
469 3987 714 4053 αὐτοὺς,
773 3988 1215 4058 παραγγέλλειν
1262 4008 1327 4044 τε
1373 3991 1579 4060 τηρεῖν
1618 3994 1723 4045 τόν

137 4084 333 4153 νόμον
359 4080 681 4147 Μωῦσέως.

208 4176 632 4243 Συνηχθησαν
658 4173 729 4227 δὲ
757 4177 823 4229 οί⁴
842 4176 1177 4232 ἀπόστολοι
1207 4179 1305 4233 καί
1326 4182 1381 4233 al
1406 4181 1725 4247 πρεσϐύτε-

132 4284 231 4333 ροι
256 4266 414 4320 ιδεῖν
468 4268 601 4335 περὶ
627 4268 736 4322 τοῦ
757 4270 945 4337 λόγου
976 4273 1214 4326 τούτου.

209 4356 464 4423 Πολλῆς
494 4357 566 4410 δὲ
611 4358 997 4429 συζητήσεως
1050 4365 1402 4433 γενομένης,
1458 4365 1729 4432 ἀναστὰς

138 4448 371 4515 Πέτρος
414 4444 551 4502 εἶπε
601 4450 755 4518 πρὸς
812 4455 1035 4520 αὐτούς
1062 4470 1077 4484 ·
1123 4456 1375 4523 Ἄνδρες
1439 4458 1693 4526 ἀδελφοί
1711 4498 1728 4523 ,

137 4538 313 4605 ὑμεῖς
347 4538 706 4607 ἐπίστασθε,
728 4542 822 4597 ὅτι
847 4544 954 4613 ἀφ’
970 4545 1206 4615 ἡμερῶν
1229 4548 1489 4617 ἀρχαίων
1519 4552 1552 4603 ό
1586 4550 1730 4615 Θεὸς

136 4630 209 4680 ἐν
230 4629 383 4696 ημῖν
402 4630 723 4695 ἐξελέξατο
748 4634 847 4689 διὰ
872 4637 979 4691 τοῦ
1008 4640 1306 4706 στόματός
1322 4657 1441 4708 μου
1469 4641 1729 4697 ἀκοῦσαι

137 4720 210 4772 τὰ
235 4722 389 4788 ἔθνη
418 4721 527 4774 τὸν
552 4725 740 4792 λόγον
786 4726 894 4780 τοῦ
922 4730 1315 4797 Εὑαγτελίου,
1347 4731 1448 4783 καί
1484 4732 1728 4786 πιστεῦ-

134 4828 270 4865 σαι.

208 4904 328 4958 Kal
375 4908 408 4958 ό
453 4905 937 4977 καρδιογνώστης
969 4912 1119 4978 Θεὸς
1162 4912 1576 4983 ἐμαρτύρησεν
1618 4919 1726 4971 αὑ-

136 4996 291 5060 τοῖς,
319 4996 468 5061 δοὺς
489 4997 700 5064 αὐτοῖς
722 4999 787 5052 τὸ
815 5002 1062 5071 Πνεῦμα
1082 5003 1149 5057 τὸ
1180 5004 1373 5075 ἅγιον,
1415 5008 1609 5074 καθὼς
1626 5009 1727 5063 καί

134 5085 309 5152 ἡμῖν.

211 5177 328 5229 Kal
360 5172 542 5231 οὐδὲν
564 5179 821 5248 διέκρινε
834 5184 1062 5251 μεταξὺ
1089 5185 1258 5254 ημῶν
1277 5203 1342 5240 τε
1375 5188 1473 5241 καί
1499 5188 1718 5250 αὐτῶν.

133 5269 211 5337 τῇ
240 5272 449 5323 πίστει
477 5276 813 5341 καθαρίσας
842 5276 949 5341 τὰς
977 5278 1227 5344 καρδίας
1244 5279 1468 5334 αὐτῶν.

206 5361 343 5417 Νῦν
371 5358 487 5417 οὖν
516 5365 571 5416 τί
598 5366 896 5433 πειράζετε
918 5368 1026 5422 τὸν
1052 5372 1201 5426 Θεὸν
1225 5374 1513 5437 ἐπιθεῖναι
1544 5375 1721 5445 (mer

238 5501 291 5533 “
335 5499 517 5556 Galat.
550 5502 700 5565 1,Γ1.

1904 3806 2047 3862 Vens
2095 3807 2147 3860 5.
2183 3806 2612 3860 Exsurrexerunt
2648 3812 2827 3857 autem
2851 3805 3070 3873 quidam
3104 3805 3414 3873 defaetione

1830 3916 1894 3954 ac
1922 3910 2063 3954 secta
2095 3899 2487 3953 lerisworum
2518 3897 2611 3965 qui
2654 3895 3009 3959 crediderant,
3042 3897 3134 3966 qui
3167 3896 3411 3952 dicebant

1829 4003 2064 4062 oportere
2088 3991 2211 4047 illos
2241 3990 2634 4053 circumcidere,
2672 3995 2831 4057 atque
2864 3989 3170 4056 prmipere,
3200 3998 3258 4042 ut
3296 4006 3412 4043 ser-

1827 4094 2010 4139 varent
2044 4084 2204 4154 legem
2242 4082 2464 4152 Moysis.

1899 4175 2064 4229 Vens.
2114 4175 2166 4229 6.
2205 4173 2565 4230 Convenerunt
2604 4174 2768 4243 igitur
2809 4172 3036 4241 apostoli
3062 4189 3127 4227 ac
3160 4174 3410 4238 seniores,

1827 4276 1884 4320 ut
1908 4267 2221 4335 dispicerent
2251 4267 2315 4319 de
2348 4266 2449 4319 hac
2481 4266 2789 4334 quastione.

1904 4357 2064 4412 Vsus.
2105 4358 2160 4411 7.
2199 4355 2331 4412 Cum
2368 4366 2542 4410 autem
2580 4358 2671 4410 diu
2702 4372 2766 4409 ac
2796 4357 3020 4410 multum
3048 4358 3402 4427 disceptatum

1828 4450 2027 4521 fuisset,
2058 4452 2290 4503 surrexit
2320 4448 2535 4511 Petrus,
2565 4466 2629 4502 ac
2673 4450 2809 4503 dixit
2854 4450 2924 4502 ad
2950 4448 3071 4503 illos
3105 4465 3124 4504 :
3164 4448 3278 4503 Viri
3303 4455 3409 4518 [ra-

1827 4549 1950 4600 tres.
1980 4555 2064 4593 vos
2086 4540 2230 4593 scitis
2252 4538 2424 4592 Deum
2463 4539 2530 4592 ab
2558 4540 2786 4610 antiquis
2813 4539 2995 4594 diebus
3038 4542 3178 4594 inter
3198 4557 3292 4595 nos
3312 4543 3407 4594 de-

1831 4632 2021 4685 lectum
2043 4631 2305 4694 habuisse,
2344 4640 2401 4683 ut
2428 4647 2520 4699 per
2539 4647 2596 4684 os
2620 4647 2791 4684 meum
2816 4641 3010 4685 extera
3035 4632 3274 4686 nationes
3302 4650 3404 4685 au-

1832 4722 2007 4775 dirent
2037 4721 2244 4775 verbum
2270 4721 2569 4790 Evangelii,
2593 4736 2655 4774 ac
2686 4720 2979 4775 crederent.

1895 4920 2058 4977 Vens.
2096 4922 2150 4977 8.
2190 4920 2271 4977 Et.
2306 4921 2448 4975 Deus
2483 4924 2573 4992 qui
2621 4921 2781 4975 corda
2828 4932 3097 4976 scrutatur
3128 4940 3192 4977 ac
3236 4926 3399 4987 novit,

1823 5012 2175 5066 testimonium
2204 5012 2464 5079 perhibuit
2496 5011 2629 5076 illis,
2678 5027 2793 5064 cum
2825 5012 2966 5065 dedit
3020 5013 3096 5067 eis
3138 5012 3396 5085 Spiritum

1824 5116 2089 5169 sanctum,
2116 5104 2249 5158 sicut
2280 5106 2439 5157 etiam
2474 5106 2619 5157 nobis
2653 5120 2671 5157 :

1897 5195 2057 5249 Vens.
2098 5196 2151 5250 9.
2204 5196 2276 5248 Ac
2327 5196 2532 5248 nullum
2581 5197 2863 5250 discrimen
2898 5198 3014 5268 fecit
3049 5199 3189 5252 inter
3232 5208 3398 5253 noset

1822 5286 1962 5347 illos,
1998 5302 2115 5338 cum
2140 5285 2243 5353 ﬁde
2269 5286 2512 5354 purgavit
2548 5295 2705 5339 corda
2735 5303 2935 5340 eorum.

1895 5377 2058 5431 Vens.
2090 5376 2174 5430 10.
2206 5372 2365 5428 Nunc
2390 5376 2577 5447 igitur,
2608 5377 2733 5446 quid
2772 5378 2986 5432 tentatis
3030 5377 3195 5433 Deum
3228 5380 3397 5447 impo-

1331 5640 1528 5700 Variaa
1574 5641 1878 5702 lectiones
1905 5651 1965 5703 et
2010 5647 2197 5703 notae.

200 5806 251 5838 “
280 5804 343 5858 In
370 5805 607 5877 uulgato,
628 5804 995 5877 συζητήσεως.
1034 5804 1167 5877 ’⁷1η
1193 5806 1417 5877 vulgatis
1470 5816 1593 5859 ante
1626 5808 1729 5874 Σαι.

1832 5825 1943 5859 ειαν
1976 5823 2075 5859 non
2124 5816 2199 5859 est
2242 5808 2518 5869 articulus,
2543 5806 2661 5874 τήν.
2702 5807 2747 5837 ’⁸
2771 5808 2857 5859 lo‘.
2886 5807 3030 5861 οὐδὲ.
3102 5808 3150 5841 ⁸⁹
3176 5807 3236 5861 In
3278 5809 3392 5861 rul-

132 5877 273 5947 gatt's
305 5876 529 5937 duobus,
558 5890 674 5940 quia
717 5875 846 5936 vidi,
895 5884 966 5926 est
998 5876 1141 5937 τινὲς
1172 5876 1282 5929 τῶν
1319 5877 1426 5928 ἀπὸ
1456 5877 1550 5944 τῆς
1580 5878 1729 5946 αἰρέο

1832 5878 1977 5939 ;τῶν
2005 5880 2314 5946 Φαρισαίων
2353 5880 2458 5931 τῶν
2500 5878 2940 5933 πεπιστευκότων

456 5971 724 6031 Parnm.
768 5972 882 6029 Gn.
916 5972 1017 6030 CX
1032 5973 1158 6032 XV.

2874 5970 2951 6027 23
