4794 6454
1445 413 1556 480 7L3

2342 399 2922 464 THEOPHYLACTI
2961 398 3061 458 BU
3074 394 3372 456 [ΟΛΒΙΕ
3401 390 3756 456 ARCHIEP.

4568 389 4707 451 ῗΗ»

1430 535 1601 590 stituit
1627 540 1854 594 tempora
1884 522 2211 591 prwscripta,
2253 529 2401 573 certa
2443 530 2598 588 atque
2626 519 2889 572 destinata
2927 519 3011 569 in-
3046 525 3085 578 Α
3116 531 3262 565 νοιαν
3295 527 3310 542 ·

2819 527 2889 570 tta
2927 519 3011 569 in-
3046 525 3085 578 Α
3116 531 3262 565 νοιαν
3295 527 3310 542 ·
3367 510 3427 562 οὺ
3481 505 3791 574 κατεγέλων
3848 502 4014 557 αὐτοῦ
4076 502 4125 554 οἱ
4178 502 4459 570 φιλόσοφοι
4511 502 4712 565 οὕτως

1431 623 1724 693 quitinatus
1754 625 1803 670 et
1831 614 2175 668 habitationis
2208 626 2387 681 eorum
2416 626 2429 662 :
2463 611 2663 678 quibus
2697 610 2880 662 verbis
2915 606 3005 658 Dei

1431 706 1828 781 providentiam
1854 701 2113 759 ostendit.
2155 700 2277 753 Non
2323 699 2647 753 deridebant
2675 713 2800 751 eum
2836 696 3009 766 philo-

1431 801 1591 870 sophi
1629 801 1701 853 ita
1733 800 2043 867 loquentem
2081 811 2095 847 :
2137 808 2315 863 neque
2344 794 2487 848 enim
2519 794 2808 862 quidquam
2846 791 3009 843 intel-

1432 892 1666 963 Iigebattt
1694 905 1904 951 eorum,
1954 904 2076 957 qua:
2105 886 2447 941 dicebantur.
2479 884 2582 950 Qui
2624 883 2769 938 enim
2800 882 3010 951 potuis-

1432 991 1553 1037 sent
1596 995 1825 1051 quorum
1862 979 1952 1032 alii
2001 978 2217 1047 quidem
2261 976 2429 1031 Deum
2494 990 2694 1046 corpus
2737 989 2877 1037 esse,
2922 972 3011 1025 alii

1435 1089 1562 1126 vero
1622 1071 1953 1140 voluptatem
2003 1069 2392 1123 bettitudinem
2427 1083 2551 1123 esse
2596 1067 2888 1122 dicebant?
2940 1066 3013 1116 Ac

1434 1162 1672 1214 nonnulli
1716 1162 1997 1214 dicebant:
2043 1159 2179 1224 Quid
2231 1160 2351 1214 velit
2403 1160 2758 1227 spermologus
2804 1160 3013 1213 dicere?

1434 1254 1875 1324 Spermoloégum,
1923 1253 2029 1307 hoc
2073 1261 2231 1307 sonat
2261 1253 2633 1321 seminilegam
2660 1268 2756 1306 seu
2791 1252 3013 1321 frugile-

1435 1363 1579 1414 gum,
1630 1344 1896 1397 aviculam
1942 1344 2094 1397 aiunt
2126 1359 2245 1397 esse
2277 1343 2620 1406 vilissimam,
2659 1357 2779 1413 qua:
2806 1343 3011 1397 semina

1435 1437 1489 1489 in
1539 1434 1715 1489 triviis
1749 1434 1908 1506 135
1948 1436 2207 1504 discipata
2259 1435 2513 1503 colligere
2563 1433 2722 1487 solita
2761 1436 2833 1487 sit
2869 1450 2882 1485 :
2922 1433 3010 1485 cui

1435 1525 1526 1594 qui
1569 1524 1731 1579 inane
1784 1524 2140 1593 supercilium
2175 1526 2373 1577 tollunt
2406 1532 2461 1576 et
2506 1523 2734 1575 multum
2760 1523 2861 1575 sibi
2897 1522 3013 1590 pla-

1435 1626 1582 1681 cent,
1617 1631 1952 1686 magnosque
2002 1616 2232 1684 spiritus
2284 1624 2509 1669 sumunt
2550 1626 2770 1683 propter
2802 1614 3010 1683 copiam

1436 1718 1492 1762 et
1520 1710 1821 1762 ubertatem
1850 1708 2071 1761 dicendi
2110 1707 2444 1775 pliilosotilii,
2480 1706 2704 1758 Paulum
2742 1703 3014 1757 assimila-

3112 603 3279 656 αὑτοῦ
3336 599 3709 670 φθεγγομένου
3730 611 3745 627 ’
3777 596 3897 648 οὐδὲ
3945 594 4055 664 γὰρ
4084 594 4268 646 ἐνόουν
4296 610 4350 645 τι
4393 593 4504 646 τῶν
4530 594 4716 661 λεγοι-

3114 693 3313 762 μένων·
3367 689 3493 752 Πῶς
3526 689 3635 757 γὰρ
3660 686 3710 738 oi
3752 684 3852 755 μὲν
3884 683 4043 753 σῶμα
4083 685 4176 736 τὸν
4211 683 4345 735 Θεὸν
4390 682 4647 749 λέγοντες
4685 698 4707 714 ο

3112 786 3161 836 οἱ
3199 785 3255 835 δὲ
3284 782 3475 851 ἡδονὴν
3500 780 3602 851 τὴν
3628 778 4042 849 μακαριότητας
4098 776 4209 829 Kal
4242 791 4406 840 τινες
4430 776 4655 844 ἔλεγον
4684 792 4703 804 ·

3119 876 3181 928 Τί
3208 874 3287 927 ἂν
3309 874 3473 927 θέλοι
3511 874 3544 924 ό
3572 868 3989 936 σπερμολόγος
4018 862 4199 931 οὗτος
4234 868 4437 935 λέγειν
4454 882 4474 930 ;
4506 867 4710 932 Σπερο

3118 966 3344 1036 μοὶόγον
3390 963 3591 1033 πτηνὸν
3634 956 3775 1012 εἷναί
3825 976 3993 1028 φασιν
4046 956 4477 1021 εὐτελέστατον,
4518 958 4597 1009 τὰ
4630 960 4712 1008 ὲν

3113 1060 3233 1119 ταῖς
3271 1056 3501 1126 τριόδοις
3543 1052 4027 1123 κατεσχεδασμένα
4062 1050 4172 1105 τῶν
4202 1051 4531 1122 σπερμάτων
4560 1051 4710 1102 εἰω-

3115 1149 3205 1209 θὸς
3256 1146 3569 1214 συλλέγεινο
3619 1137 3664 1211 ᾧ
3709 1145 3731 1176 ⁸
3787 1143 4025 1212 ματαίαν
4076 1143 4324 1213 αἴροντες
4371 1142 4546 1211 ὀφρὺν
4593 1143 4710 1194 ἐπὶ

3114 1236 3328 1307 γλώττῃ
3379 1234 3631 1305 πλατείᾳ,
3688 1232 4013 1303 φρονοῦντες
4046 1250 4106 1285 τε
4154 1233 4317 1302 μέγα,
4354 1230 4709 1301 παρείκαζον

3113 1327 3205 1380 τὸν
3248 1326 3459 1379 Παῦλον
3492 1326 3533 1379 ⁷.
3572 1326 3712 1388 Τοὺς
3745 1327 3853 1394 γὰρ
3913 1325 4113 1393 σοφοὺς
4155 1324 4391 1391 φαύλους
4432 1322 4705 1387 καλοῦσι,

3114 1417 3251 1487 φησὶ
3281 1419 3309 1468 ὁ
3344 1415 3780 1486 Παροιμιαστής.
3839 1413 4059 1482 Ἐπειδὴ
4105 1410 4200 1464 οὖν
4242 1410 4427 1480 θρνεόν
4466 1413 4619 1463 ἐστιν
4668 1411 4709 1459 ὁ

3118 1507 3488 1578 σπερμολόγος
3542 1506 3740 1576 βραχὺ,
3778 1507 3875 1559 καὶ
3925 1503 4051 1558 οὔτε
4110 1504 4249 1573 πρὶς
4300 1502 4524 1572 βρῶσιν,
4560 1500 4707 1553 οὔτε

3118 1600 3251 1668 πρὸς
3293 1599 3485 1669 τέρψιν
3531 1599 3858 1668 ἐπιτήδειον,
3916 1598 4046 1660 τοὺς
4083 1596 4326 1657 εὐτελεῖς
4372 1594 4703 1664 σπερμολό-

3114 1708 3245 1759 γους
3270 1690 3521 1746 ἐκάλουν.
3540 1693 3607 1744 Ol
3636 1690 3723 1754 δὲ,
3756 1690 3960 1743 Ξένων
3984 1689 4308 1754 δαιμονίων
4342 1686 4513 1739 δοκεῖ
4538 1702 4705 1739 κατ-

1437 1801 1588 1854 bant.
1628 1799 1915 1870 Sapientes
1952 1800 2097 1853 enim
2129 1799 2260 1853 viles
2305 1806 2520 1861 vocant,
2556 1797 2734 1865 inquit
2776 1795 3013 1864 scriptor
3040 1859 3082 1870 __
3115 1786 3330 1853 αγτειε

2813 1795 3013 1864 criptor
3040 1859 3082 1870 ῃ
3115 1784 3406 1853 αγτειεὺς
3446 1778 3618 1836 εἶναι.
3678 1782 3789 1833 Καὶ
3837 1779 3949 1852 γὰρ
4010 1779 4110 1860 τῂν
4159 1779 4492 1841 ἀνάστασιν,
4550 1776 4706 1829 Θεᾶν

1436 1891 1888 1946 Proverbiorum.
1936 1889 2218 1955 Quoniam.
2261 1890 2429 1958 igitur
2470 1888 2846 1957 spertuologus
2895 1886 3010 1940 sive
3040 1859 3086 1917 Β
3115 1892 3234 1927 τινα
3265 1872 3329 1927 dt

2811 1902 2846 1940 ,ε
2887 1859 3010 1940 give
3040 1859 3086 1917 Β
3115 1892 3234 1927 τινα
3265 1872 3406 1928 εῖναι
3437 1872 3707 1943 ἐνόμιζον,
3765 1871 3863 1925 ἁτε
3913 1859 4167 1933 είωθότες
4210 1870 4307 1922 καὶ
4330 1868 4555 1940 θηλείας
4599 1868 4704 1919 σέ-

1430 1982 1695 2053 frugilega
1727 1998 1893 2052 parva
1925 1991 2008 2037 est
2049 1982 2187 2044 avis,
2229 1998 2406 2051 neque
2431 1981 2497 2034 ad
2525 1982 2877 2043 vescendum,
2912 1994 3010 2033 ne-

1432 2090 1540 2143 que
1568 2073 1633 2126 ad
1665 2074 2045 2127 delectandum
2075 2074 2291 2134 idonea,
2327 2072 2462 2125 viles
2494 2071 2740 2125 homines
2771 2084 3009 2138 spermo-

1436 2163 1585 2232 logos
1607 2162 1973 2231 appellabant.
1992 2162 2097 2214 Alii
2114 2178 2255 2227 vero,
2272 2160 2671 2231 Peregrinarum
2694 2160 3008 2222 dwmonum,

1432 2253 1697 2322 inquiunt,
1740 2256 2087 2307 annuntiutor
2117 2270 2224 2307 esse
2273 2256 2496 2307 videtur.
2526 2253 2740 2307 Etenim
2772 2265 3011 2305 resurre-

1434 2345 1673 2399 ctionem
1702 2345 1856 2400 deam
1917 2346 2207 2414 quamdam
2240 2359 2361 2399 esse
2394 2344 2816 2405 'existimabant,
2845 2350 2900 2395 ut
2926 2342 3019 2409 qui

1433 2439 1596 2490 etiam
1638 2437 1870 2493 feminas
1920 2437 2099 2491 colere
2153 2438 2413 2491 solerent.
2475 2434 2745 2489 Daunonis
2785 2448 3021 2502 namque

1435 2525 1569 2579 deos
1593 2541 1722 2580 suos
1763 2528 2047 2580 vocabant.
2090 2526 2362 2578 Duxerunt
2394 2543 2511 2579 eum
2546 2526 2615 2577 ad
2660 2523 2843 2576 collem
2869 2522 3012 2575 Mar-

1443 2616 1596 2667 tium.
1631 2615 1749 2669 Non
1778 2616 2028 2670 discendi
2056 2632 2244 2679 causa,
2280 2616 2371 2669 sed
2418 2614 2675 2683 puniendi
2715 2615 2767 2665 in
2796 2628 2863 2666 eo
2899 2613 3019 2665 loco

1440 2707 1532 2758 ubi
1565 2706 1865 2775 agebantur
1902 2716 1957 2760 et
1992 2708 2461 2777 cognoscebantur
2500 2721 2681 2759 causa:
2708 2703 3006 2758 homicidii.

3116 1964 3249 2017 ὕειν.
3270 1964 3530 2034 Δαιμόνια
3558 1964 3665 2033 γὰρ
3684 1962 3808 2024 τοὺς
3837 1962 3994 2025 θεοὺς
4020 1960 4200 2014 αὐτῶν
4225 1960 4474 2012 ἐκάλουν.
4504 1959 4698 2027 Ἠτα-

3118 2075 3226 2126 γον
3253 2057 3441 2110 αὑτὸν
3471 2055 3571 2107 ἐπὶ
3591 2055 3700 2107 τὸν
3732 2056 3959 2122 Ἀρειον
3975 2052 4197 2120 Πάγον,
4223 2054 4321 2121 οὐχ
4350 2053 4431 2104 ὅτι
4466 2051 4697 2121 μαθεῖν,

3118 2148 3233 2198 ἀλλ’
3265 2146 3405 2197 ὥστε
3431 2144 3784 2209 κολάσασθαι,
3806 2144 3932 2196 ἔνθα
3955 2145 4011 2196 al
4036 2145 4256 2210 φονικαὶ
4284 2142 4449 2195 δίκαι.
4497 2143 4709 2210 ’Δρει-

3118 2254 3175 2299 ος
3208 2238 3231 2269 ⁸
3269 2237 3326 2289 δὲ
3359 2238 3528 2303 πάγος
3574 2235 3837 2300 ἐκαλεῖτο,
3868 2235 4052 2302 ἐπειδὴ
4095 2236 4125 2287 ὁ
4172 2235 4343 2305 Ἀρης
4379 2235 4557 2285 ἐκεῖσε
4590 2236 4707 2302 τῆς

3122 2331 3369 2399 μοιχείας
3402 2329 3448 2389 ⁹,
3498 2327 3574 2388 ὥς
3623 2344 3778 2394 φασι,
3840 2328 4041 2379 δέδωκε
4096 2326 4271 2388 δίκας,
4335 2326 4515 2391 Πάγος
4555 2324 4619 2377 δὲ
4660 2329 4698 2377 ὁ

3120 2421 3322 2490 ὑψηλὸς
3354 2425 3542 2482 τόπος·
3571 2421 3628 2471 ιν
3658 2420 3767 2489 γὰρ
3809 2418 3955 2488 θχθῳ
3992 2418 4103 2471 τινὶ
4132 2413 4202 2487 ἦν
4235 2420 4409 2470 ἐκεῖνο
4444 2417 4506 2469 τὸ
4531 2418 4705 2469 δικα-

3120 2515 3358 2584 στήριον.
3388 2512 3729 2581 Σημειωτέον
3760 2510 3865 2573 ὃτι,
3906 2509 4086 2562 καίτοι
4114 2512 4174 2561 ἐν
4202 2510 4277 2577 τῷ
4313 2509 4494 2561 λαλεῖν
4517 2510 4703 2578 ἀσχοο

3118 2602 3369 2674 λούμενοι
3398 2608 3493 2656 καὶ
3524 2605 3764 2667 ἀκούειν,
3798 2605 3945 2671 ὅμως
3971 2602 4247 2667 ξενίζοκτα
4274 2600 4523 2669 ἐνόμιζον
4541 2597 4701 2655 εἶναι

3119 2700 3324 2760 ἐκεῖνα,
3356 2696 3500 2764 ἅπερ
3524 2695 3778 2747 οὐδέποτε
3818 2696 4059 2765 ἤκουσαν
4085 2711 4100 2726 ·
4136 2686 4311 2755 ἄλλως
4337 2710 4394 2744 τε
4430 2694 4487 2745 δὲ
4517 2695 4617 2745 καὶ
4647 2696 4703 2745 εἰ

1440 2796 1665 2849 Martius
1708 2806 1889 2850 autem
1942 2798 2097 2851 collis
2139 2798 2430 2851 vocabatur
2462 2797 2508 2850 is
2550 2796 2724 2859 locus,
2756 2795 3009 2863 quoniam
3114 2789 3333 2859 ἄνθρωπ

2814 2795 3009 2846 Ioniam
3114 2789 3399 2859 ἄνθρωπον
3447 2791 3749 2856 ἐκήρυττεν
3786 2786 4183 2857 ἐσταυρῶσθαι,
4220 2787 4280 2838 οὐ
4327 2787 4477 2851 ξένον
4518 2780 4594 2855 ἧν
4637 2787 4707 2836 τὸ

1443 2887 1582 2941 lllars
1614 2888 1744 2951 illic,
1780 2899 1836 2941 ut
1871 2889 2009 2942 fama
2036 2898 2138 2952 est,
2182 2888 2435 2942 adulterii
2476 2902 2663 2956 ptenas
2695 2886 2861 2938 dedit.
2896 2887 3008 2937 Πά-
3116 2882 3336 2947 λεγόμει

2824 2894 2861 2937 ι.
2896 2887 3008 2937 ne-
3116 2882 3410 2947 λεγόμενον
3440 2896 3453 2908 ·
3483 2880 3532 2930 εἰ
3561 2878 3618 2929 δὲ
3657 2879 3790 2931 Θεὸν
3817 2878 4002 2944 ἔλεγεν
4023 2878 4400 2946 ἐσταυρῶσθαι
4436 2879 4531 2930 καὶ
4555 2879 4708 2947 ἐτη-

1440 2996 1534 3043 γος
1574 2991 1755 3033 autem
1810 2981 1961 3033 lorus
1988 2993 2069 3035 est
2101 2982 2280 3035 editus
2315 3001 2325 3031 :
2365 2995 2487 3033 nam
2521 2980 2573 3031 in
2609 2977 2745 3032 colle
2776 2976 3007 3046 quodam
3112 2974 3326 3043 '{épllat,

2174 2983 2280 3034 itus
2315 3001 2325 3031 :
2365 2995 2487 3033 nam
2521 2980 2573 3031 in
2609 2977 2745 3032 colle
2776 2976 3007 3046 quodam
3112 2974 3326 3043 γερθαι,
3360 2971 3529 3035 ὅντως
3562 2970 3837 3036 ξενίζοντα
3866 2972 4067 3025 ἐλάλει.

1440 3080 1559 3126 erat
1586 3072 1676 3123 illa
1708 3069 2205 3124 curia.Notaudutu
2232 3079 2316 3124 est
2340 3081 2519 3122 autem
2545 3070 2690 3132 illos,
2720 3083 3029 3136 quanquam
3072 3064 3620 3118 sermocinationibus
3662 3072 3718 3116 et
3751 3062 4123 3116 auditionibus
4159 3061 4337 3117 dediti
4391 3070 4445 3118 et
4490 3061 4707 3119 addicti

1440 3171 1619 3227 erant,
1654 3171 1831 3214 tamen
1860 3162 1969 3224 illa,
2008 3177 2128 3231 quae
2206 3176 2482 3229 nunquam
2563 3160 2907 3221 audiverant,
2987 3171 3270 3225 peregi-tua
3311 3170 3372 3206 ac
3416 3170 3551 3207 nova
3577 3163 3822 3222 putasse.
3863 3154 3998 3208 Nam
4029 3156 4271 3225 alioquin
4304 3158 4517 3211 etiamsi
4551 3175 4705 3227 pra:-

1440 3254 1658 3307 dicabat
1690 3253 1965 3305 hominem
1996 3255 2143 3306 cruci
2184 3252 2399 3305 atlixurn
2442 3252 2631 3313 fuisse,
2664 3266 2771 3303 non
2806 3265 2999 3304 novum
3042 3258 3158 3300 erat
3183 3247 3326 3315 quod
3361 3247 3685 3299 dicebatur:
3717 3246 3799 3300 sin
3832 3255 4013 3299 autem
4076 3247 4478 3302 Deutndicebat
4539 3254 4705 3305 cruci

1440 3344 1658 3396 allimm
1707 3358 1849 3406 esse,
1886 3352 1940 3397 ct
1977 3344 2362 3407 resurresisse,
2421 3357 2611 3395 revera
2661 3357 2801 3393 nova
2851 3349 3011 3407 atque
3050 3338 3333 3407 peregrina
3375 3336 3713 3404 loquebatur.

1516 3430 1679 3485 Vens.
1708 3434 1797 3486 22.
1846 3434 2005 3487 Stans
2033 3445 2210 3486 autem
2235 3433 2432 3486 Paulus
2456 3435 2511 3485 in
2534 3434 2702 3484 medio
2717 3432 2896 3485 Martii
2922 3433 3031 3482 col-
3060 3436 3104 3492 C
3208 3430 3409 3482 Σταθεί

2815 3432 2896 3482 rtii
2922 3433 3031 3482 cot-
3060 3436 3104 3492 (ζ
3208 3430 3452 3490 Σταθεὶς
3471 3427 3539 3478 δὲ
3566 3426 3799 3492 Παῦλος
3824 3427 3895 3479 ἐν
3910 3425 4078 3496 μέσῳ
4098 3427 4205 3481 τοῦ
4224 3428 4445 3495 Ἀρείου
4466 3428 4708 3499 Πάγου,

1445 3526 1529 3589 lis,
1568 3525 1770 3577 diccbat
1805 3542 1820 3578 :
1856 3525 1960 3579 Viri
2012 3526 2359 3588 Athenienses,
2409 3528 2465 3577 in
2507 3525 2743 3577 omnibus
2794 3539 2881 3575 tos
2919 3524 3024 3591 fere

1445 3616 1593 3668 video
1617 3615 1963 3686 religiosiores
1984 3633 2112 3670 esse.

1518 3708 1681 3760 Vsus.
1702 3708 1794 3761 25.
1827 3708 2107 3762 Transiens
2151 3709 2310 3771 enim,
2346 3717 2391 3760 et
2422 3706 2780 3773 contemplans
2806 3707 3022 3757 numina

1445 3814 1563 3867 quae
1590 3796 1783 3859 colitis,
1814 3800 1982 3867 reperi
2008 3800 2166 3851 etiam
2202 3815 2354 3851 aram
2380 3815 2495 3850 cum
2526 3800 2624 3849 hac
2647 3798 3023 3863 inscriptione:

1448 3888 1633 3957 [gnato
1658 3888 1784 3941 Deo.
1818 3888 1980 3953 Quem
2014 3892 2177 3960 igitur
2219 3891 2520 3959 ignorantes
2555 3891 2739 3953 colitis,
2771 3890 2906 3941 hunc
2933 3905 3024 3959 ego

1447 3980 1705 4030 annuntio
1734 3980 1893 4032 vobis.

1531 4068 1692 4121 νεεδ.
1731 4070 1817 4122 24.
1865 4074 2006 4124 Deus
2036 4072 2124 4139 qui
2155 4072 2276 4140 fecit
2308 4071 2582 4134 mundum,
2621 4080 2665 4122 et
2702 4071 2877 4123 omnia
2908 4086 3024 4140 qua:

1448 4168 1565 4210 sunt
1600 4174 1651 4208 tn
1678 4174 1758 4221 eo,
1808 4158 1892 4211 hic
1927 4176 2043 4211 cum
2083 4162 2195 4213 cali
2242 4170 2492 4229 ternaque
2529 4160 2783 4213 Dominus
2807 4164 2893 4226 sit,
2924 4176 3024 4213 non

1454 4247 1509 4297 in
1542 4247 1859 4312 manufuctis
1891 4248 2094 4315 templis
2124 4248 2352 4299 habitat.

1528 4335 1690 4389 Vens.
1715 4338 1802 4389 25.
1840 4337 2020 4406 Neque
2052 4341 2290 4391 manibus
2327 4341 2592 4392 hominum
2623 4340 2828 4402 colitur,
2853 4348 2909 4392 ut
2938 4343 3026 4409 qui

1457 4426 1687 4494 alicujus
1710 4429 1783 4478 rei
1820 4444 2007 4495 egenus
2036 4429 2121 4493 sit,
2144 4445 2261 4481 cum
2285 4431 2393 4497 ipse
2429 4434 2664 4485 omnibus
2690 4433 2871 4496 vitam,
2903 4434 3024 4485 ani-

1451 4534 1591 4569 mam
1624 4527 1672 4570 et
1705 4519 1926 4571 halitum
1954 4530 2111 4589 atque
2142 4525 2318 4574 omnia
2353 4524 2457 4576 det.

1522 4604 1687 4659 Vsus.
1718 4608 1808 4661 26.
1843 4607 2088 4676 Fecitque
2136 4627 2199 4662 ex
2249 4628 2350 4663 una
2393 4613 2648 4681 sanguine
2687 4630 2836 4667 omne
2864 4631 3024 4684 genus

1449 4696 1736 4759 hominum,
1774 4708 1830 4749 ut
1852 4700 1906 4750 in
1935 4701 2078 4751 omni
2105 4700 2213 4752 solo
2240 4710 2393 4754 terra:
2422 4703 2738 4767 habitarent,
2761 4706 3024 4770 definivit-

3125 3524 3273 3590 ἔφη·
3327 3519 3574 3585 ’Δνδρες
3619 3519 3935 3581 Ἀθηναῖοι,
3978 3519 4127 3571 κατὰ
4158 3520 4351 3573 πάντα
4387 3521 4468 3586 ὡς
4516 3522 4713 3577 δεισι-

3126 3611 3633 3679 δα-μονεστέρους
3667 3607 3821 3676 ὑμᾶς
3849 3608 4060 3675 θεωρῶ.

3194 3702 3588 3770 Διερχόμενος
3617 3701 3726 3767 γὰρ
3747 3699 3843 3752 και
3869 3700 4219 3769 ἀναθεωρῶν
4248 3702 4317 3756 τὰ
4347 3684 4715 3773 σεϐάσματα

3126 3792 3290 3860 ὑμῶν
3318 3833 3332 3855 ,
3379 3787 3560 3857 εὗρον
3604 3791 3702 3843 καὶ
3747 3791 3997 3859 βωμὸν,
4042 3793 4112 3845 ἑν
4160 3788 4209 3859 ᾧ
4244 3793 4666 3863 ἐπετέτραπτο
4694 3814 4708 3824 .

3127 3882 3430 3952 Ἀτνώστῳ
3475 3880 3618 3946 Θεῷ.
3668 3885 3777 3934 “Or
3808 3881 3922 3937 οὖν
3961 3884 4327 3953 ἀγνοοῦντες
4370 3890 4711 3951 εὐσεϐεῖτε,

3124 3976 3339 4029 τοῦτον
3359 3972 3473 4042 ἐγὼ
3497 3964 3882 4043 καταγγέλλω
3906 3975 4068 4043 ὑμῖν.

3211 4067 3273 4118 '0
3305 4070 3449 4131 Θεὸς
3497 4070 3529 4119 ό
3574 4068 3836 4133 ποιήσας
3868 4067 3974 4119 τὸν
4006 4067 4239 4135 κόσμον
4268 4069 4364 4123 καὶ
4402 4070 4612 4123 πάντα
4642 4076 4715 4125 τὰ

3124 4157 3193 4208 ἐν
3217 4156 3397 4220 αὐτῷ,
3426 4151 3606 4222 οὗτος
3634 4156 3895 4223 οὐρανοῦ
3928 4156 4025 4208 καὶ
4052 4155 4163 4225 γῆς
4194 4159 4407 4224 Κύριος
4432 4161 4475 4190 ¹⁶
4514 4164 4716 4231 ὑπάρ-

3127 4265 3271 4315 χων,
3300 4249 3411 4300 οὐκ
3433 4247 3503 4299 ἐν
3526 4247 3961 4315 χειροποιήτοις
3992 4247 4160 4312 ναοῖς
4193 4250 4475 4315 κατοικεῖ,

3201 4338 3353 4391 Οὐδὲ
3368 4340 3486 4391 ὑπὸ
3504 4336 3717 4404 χειρῶν
3742 4336 4068 4405 ἀνθριὶιπων
4084 4341 4485 4405 θεραπεύεται,
4513 4358 4713 4409 προσ.

3126 4429 3409 4497 δεόμενός
3451 4445 3656 4492 τινος,
3708 4430 3891 4493 αὐτὸς
3937 4428 4141 4494 διδοὺς
4187 4428 4338 4482 πᾶσι
4392 4430 4553 4499 ζωὴν
4602 4440 4711 4488 καὶ

3128 4519 3331 4586 πνοὴν
3358 4519 3456 4570 καὶ
3486 4517 3557 4571 τά
3584 4518 3783 4571 πάντα
3815 4518 3877 4571 ⁸⁸.

3195 4609 3477 4675 Ἐποίησε
3498 4625 3563 4661 τε
3601 4609 3668 4671 ἐξ
3696 4611 3834 4674 ἐνὸς
3861 4612 4108 4679 αἵματος
4132 4612 4257 4667 πᾶν
4278 4616 4453 4681 ἐθνος
4480 4618 4716 4686 ἀνθρώ.

3128 4711 3263 4750 πων
3312 4700 3612 4753 κατοικεῖν
3663 4700 3761 4752 ἐπὶ
3803 4701 3929 4754 πᾶν
3959 4702 4025 4754 τὸ
4056 4705 4381 4770 πρόσωπον
4424 4706 4536 4775 τῆς
4565 4709 4711 4777 τῆς,

1450 4800 1548 4852 que
1574 4800 1637 4836 ac
1661 4787 1847 4839 statuit
1871 4796 2106 4856 tempora
2144 4800 2285 4842 certa
2318 4802 2472 4860 atque
2498 4794 2802 4860 prazscripta
2833 4804 2900 4845 ac
2923 4804 3026 4846 ter-
3049 4805 3103 4866 Ῑ)
3130 4793 3341 4857 ὁρίσας

2833 4793 3341 4866 ασιετ-Βόρίσας
3390 4793 3945 4860 προστεταγμένους
3990 4795 4035 4824 ⁸³
4096 4796 4381 4863 καιροὺς,
4442 4800 4542 4852 καὶ
4598 4804 4715 4867 τὰς

1452 4878 1621 4927 minos
1650 4877 1994 4930 habitationis
2033 4895 2231 4944 eorum,

1520 4963 1681 5019 Vens.
1725 4968 1816 5021 2⁸1.
1857 4969 1917 5023 Ut
1940 4979 2228 5037 quererent
2283 4969 2596 5033 Dominum,
2647 4973 2692 5024 si
2738 4972 2869 5040 forte
2913 4972 3029 5041 pal-

3133 4883 3445 4948 όροθεσίας
3465 4884 3571 4947 τὰς
3602 4886 3904 4949 κατοικίας
3934 4883 4154 4951 αὐτῶν,

3203 4971 3415 5038 Ζητεῖν
3474 4973 3580 5024 τὸν
3636 4974 3881 5039 Κύριον,
3928 4975 3981 5025 εί
4026 4974 4209 5043 ἄρατε
4265 4980 4717 5047 ψηλαφήσειαν

1451 5059 1626 5126 pando
1659 5070 1706 5111 et
1736 5065 2098 5112 contrectando
2127 5077 2244 5113 eum
2268 5062 2554 5119 inveniant.
2582 5061 2895 5131 Quanquam
2928 5079 3029 5115 non
3132 5063 3320 5114 αὑτὸν

2821 5080 2895 5115 ιηι
2928 5079 3029 5115 non
3132 5063 3320 5114 αὑτὸν
3349 5062 3445 5114 καὶ
3476 5062 3713 5129 εὕροιεν
3741 5077 3755 5092 ο
3812 5064 3914 5115 καί
3944 5080 4009 5133 τε
4047 5067 4119 5119 οὐ
4142 5069 4382 5135 μακρὰν
4410 5070 4531 5123 ἀπὸ
4563 5073 4714 5141 ἐνὸς

1452 5150 1641 5217 procul
1666 5152 1813 5203 abest
1842 5150 1907 5202 ab
1942 5167 2249 5221 unoquoque
2276 5164 2533 5206 nostrum.

1525 5238 1691 5293 Vsus.
1726 5241 1818 5295 28.
1866 5239 1966 5293 Per
2004 5258 2124 5294 eum
2168 5244 2307 5295 enim
2346 5246 2565 5297 vivimus
2599 5256 2646 5297 et
2684 5261 2949 5297 movemur
2978 5256 3025 5298 et

1452 5343 1654 5394 sumus,
1688 5339 1742 5381 ut
1785 5331 2001 5401 quidam
2030 5331 2189 5383 etiam
2217 5341 2508 5385 vestrorum
2556 5344 2829 5400 poetarum
2874 5336 3025 5387 dixe-

1458 5430 1578 5473 runt
1602 5435 1621 5473 :
1654 5437 1775 5473 nam
1807 5421 1964 5491 hujus
1993 5437 2195 5491 quoque
2219 5424 2489 5492 progenies
2519 5439 2720 5478 sumus.

3132 5152 3398 5203 ἑκάστου
3434 5151 3604 5217 ἡμῶν
3634 5152 4001 5219 ὑπάρχοντα.

3206 5244 3309 5296 Ἐν
3336 5242 3494 5308 αὐτῷ
3536 5246 3644 5311 γὰρ
3670 5244 3853 5312 ζῶμεν
3885 5247 3979 5298 καὶ
4007 5250 4329 5317 κινούμεθα
4357 5251 4455 5304 καὶ
4488 5254 4712 5322 ἐσμὲν,

3133 5335 3213 5397 ὠς
3250 5334 3350 5386 καί
3391 5350 3549 5397 τινες
3580 5334 3697 5386 τῶν
3727 5336 3857 5386 καθ’
3907 5334 4062 5403 ὑμᾶς
4093 5336 4353 5405 ποιητῶν
4380 5340 4667 5407 εἰρήκασι
4700 5363 4711 5375 ·

3140 5426 3250 5479 Τοῦ
3278 5428 3387 5493 γὰρ
3419 5427 3515 5477 καὶ
3550 5425 3721 5494 γένος
3742 5427 3949 5494 ἐσμέν.

2602 5564 2799 5624 Vatia)
2836 5564 3139 5625 lectiones
3185 5571 3247 5625 et
3287 5571 3479 5625 notte.

1531 5664 1551 5693 ⁸
1581 5660 1646 5736 ᾧ,
1691 5676 1823 5736 erat.
1898 5672 1918 5699 τ
1945 5664 2371 5736 παρεικάζοντες
2411 5665 2641 5727 Παῦλον,
2674 5677 2807 5719 emt.

1457 5740 1557 5793 est,
1603 5732 1631 5780 ὁ
1676 5733 1899 5802 Κύριος.

1461 5816 1736 5871 προτεταγ
1744 5805 1951 5872 μένους,

2910 5668 2931 5698 ⁸
2957 5668 3151 5720 ὄρειος.
3180 5678 3316 5720 erat.

1977 5668 2371 5767 ξαρεικάξοντες
2411 5668 2641 5727 Παῦλον,
2674 5677 2807 5752 em‘t.
2871 5739 2880 5751 '
2910 5668 2931 5698 ⁸
2957 5668 3151 5736 ὄρειος,
3180 5678 3351 5749 ενοι..
3416 5670 3435 5701 ⁸
3469 5668 3704 5736 μοιχίας,
3754 5677 3887 5721 erat.
4001 5669 4045 5699 "
4075 5668 4136 5720 In
4181 5670 4406 5747 vulgatis
4435 5674 4707 5753 nonnulli!

2053 5736 2113 5789 ν.
2144 5740 2203 5791 (λ.
2241 5747 2289 5790 et
2335 5737 2393 5789 Β.
2439 5736 2635 5804 legunt,
2686 5753 2778 5787 και
2814 5754 3009 5801 παντα,
3048 5755 3205 5806 quam
3232 5739 3500 5791 lectionem
3532 5753 3623 5805 ego
3649 5753 3849 5807 quoque
3877 5754 4080 5806 sequor.
4161 5740 4203 5770 "
4236 5739 4549 5809 luvulgatts
4598 5755 4707 5799 eu.

3416 5670 3435 5701 ³
3469 5668 3704 5736 μοιχίας,
3754 5677 3887 5721 erat.
4001 5669 4045 5699 "
4075 5667 4136 5720 In
4181 5670 4406 5738 vulgatis
4435 5674 4713 5730 nonnulli!
