4794 6454
192 461 297 523 745

905 457 1307 520 EXPOSITIO
1345 456 1422 515 IN
1455 457 1641 515 ACTA
1671 453 2246 536 APOSTOLORUM.
2277 477 2348 489 -
2378 451 2538 513 CAP.
2569 451 2757 512 XVII.

3356 450 3465 516 746

254 577 444 638 Γένσς
502 568 618 641 οὖν
671 576 1044 644 ὑπάρχοντες
1096 576 1200 628 τοῦ
1238 575 1410 639 Θεοῦ,
1453 575 1566 626 οὐκ
1616 573 1852 642 ὄφει-Α
1953 571 2147 626 νωιεώ

1616 573 1774 642 όφεί-
1802 575 1852 634 Α
1953 571 2113 626 Vens.
2143 570 2232 624 29.
2272 571 2402 625 Cum
2421 569 2584 639 igitur
2609 569 2774 622 simus
2797 565 2890 621 Dei
2918 565 3210 636 progenies,
3240 582 3342 620 non
3371 571 3465 621 de-

178 673 364 736 λττμεν
393 669 660 737 νομίζειν
704 669 930 736 χρυσῷ,
965 669 1002 735 ἢ
1034 667 1290 735 ἀργύρῳ,
1328 665 1366 732 ἢ
1413 665 1562 729 λίθῳ
1593 663 1772 731 χαρά-

1875 661 2050 714 bemus
2076 662 2380 714 existimare
2409 675 2568 730 quro,
2593 667 2687 710 aut
2741 665 2980 726 argento.
3024 669 3117 708 aut
3150 655 3316 725 lapidi
3352 657 3470 710 art‘

181 776 354 828 πίστι
429 762 652 827 τέχνης
708 761 809 814 καί
873 760 1261 828 ἐνϋυμήονεως
1322 755 1639 824 ἀνθρώπου
1705 755 1770 808 τὸ
1873 758 1924 804 et
1952 752 2074 804 indu

1569 773 1639 809 ου
1705 755 1770 808 τὸ
1873 758 1924 804 et
1952 751 2215 804 industria
2248 752 2480 802 humana
2521 747 2722 816 sculpta
2753 747 2924 801 simile
2947 763 3058 801 esse
3099 763 3293 800 neuneu
3320 748 3462 800 divi-

182 851 354 903 Θεῒον
377 847 536 902 εἶναι
562 849 794 916 ὅμοιον.

259 943 349 1005 Ὡς
385 939 1085 1008 δεισιδαιμονεστέρους.
1130 935 1488 1006 Δεισιδαίμων
1558 934 1774 1001 λέγεται

178 1033 202 1080 6
234 1027 426 1091 δεδιὼς
451 1030 519 1082 τὰ
558 1027 829 1096 δαιμόνια,
859 1029 886 1079 ό
922 1027 1099 1079 πάντα
1137 1023 1395 1088 θειάζων,
1447 1023 1547 1074 καὶ
1594 1021 1769 1086 ξύλον,

179 1124 270 1174 καὶ
293 1122 466 1182 λίθον,
499 1121 592 1173 καὶ
622 1118 860 1186 πνεῦμα.
899 1119 1113 1186 Ὥσπερ
1159 1115 1532 1186 ἐγκωμιάζειν
1576 1114 1774 1172 αὐτοὺς

179 1215 342 1265 δοκεῖ.
378 1209 1047 1280 Δεισιδαιμονεστέρους
1083 1209 1161 1275 δὲ,
1213 1211 1333 1262 ἀντὶ
1371 1209 1486 1269 τοῦ,
1548 1206 1774 1260 εὐλαϐε-

178 1304 428 1371 στέρους·
454 1302 614 1355 τοῦτο
656 1284 730 1356 δὲ’
755 1299 875 1354 εἷπε
916 1300 1003 1352 διὰ
1046 1301 1138 1353 τὸν
1179 1298 1381 1368 βωμόν.
1438 1297 1775 1365 Ἀνειστήκει

180 1395 233 1447 δὲ
265 1395 452 1456 αὐτοῖς
481 1397 509 1448 ὁ
542 1395 722 1464 βωμὸς
768 1395 832 1444 ἐκ
869 1392 1126 1460 τοιαύτης
1156 1391 1355 1452 αἰτίας·
1394 1389 1635 1457 Πόλεμος
1667 1390 1776 1449 τοῖς

193 1489 497 1556 Ἀθηναίοις
561 1487 690 1539 ποτὲ
739 1487 1048 1556 σδνερῤἅγη
1108 1483 1247 1552 πρὸς
1298 1481 1595 1543 ἐναντίους·
1656 1475 1772 1532 εἶτα

181 1579 495 1646 πράξαντες
526 1576 712 1639 κακῶς
750 1576 1126 1644 ἀνεχώρησαν.
1179 1575 1288 1627 Καὶ
1327 1573 1512 1642 ἐπειδὴ
1563 1571 1778 1635 παίζειν

179 1671 378 1730 αὐτοὺς
401 1671 514 1730 τοῖς
540 1667 789 1737 δαίμοσιν
816 1666 933 1728 ἔθος
970 1661 1060 1735 ἦν,
1084 1667 1199 1718 τῶν
1241 1665 1512 1734 δαιμόνων
1542 1683 1626 1727 τις
1659 1667 1778 1716 ὲπι-

186 1762 401 1824 φανεὶς,
431 1758 785 1812 οὐδεπώποτε
815 1757 918 1827 ἔφη
953 1758 1084 1827 παρ’
1114 1757 1293 1809 αὐτῶν
1327 1756 1776 1826 τεθεραπεῦσθαι·

182 1853 440 1913 κάκεῖνος
486 1851 670 1912 αὐτοῖς
698 1850 996 1926 ὀργισθεὶς,
1029 1850 1124 1917 τῆς
1157 1848 1326 1918 ἦττης
1368 1847 1568 1916 ταύτης
1607 1847 1779 1909 αἴτιος

182 1941 540 2010 γεγενῆσθαι.
601 1941 824 2010 Ἐκείνῳ
861 1957 916 1992 τε
953 1939 1044 1991 οὖν
1092 1940 1388 2006 ἁνίστησαν
1432 1938 1474 1969 ¹³
1501 1939 1645 1990 ναόν·
1691 1938 1780 1990 καὶ

181 2033 256 2094 ὡς
300 2030 702 2099 φυλαττόμενοι
757 2030 927 2100 μὴτὸ
982 2029 1112 2082 αὐτὸ
1162 2029 1256 2081 καὶ
1312 2029 1499 2082 ἄλλοτε
1535 2029 1776 2093 πάθοιεν,

184 2126 454 2191 παρέντες
485 2124 608 2176 τινὰ
636 2123 770 2175 Θεὸν
802 2123 1074 2188 ἄγνωστον
1107 2121 1310 2182 αὐτοῖς,
1346 2121 1652 2189 ἀνέστησαν
1688 2121 1779 2171 τὸν

186 2216 370 2284 βωμὸν
405 2217 614 2267 ἐκεῖνον
658 2214 1056 2284 ἐπιγράφοντες
1078 2227 1091 2240 ·
1137 2210 1447 2279 ’Λγνὼστῳ
1479 2209 1630 2274 Θεῷ·
1656 2209 1780 2261 τοῦ·

183 2324 243 2358 το
298 2307 579 2375 λέγοντες,
611 2306 714 2368 ὅτι,
767 2305 829 2358 Ii!
863 2305 954 2355 καί
1006 2319 1090 2363 τις
1128 2302 1313 2370 ἔτερος
1354 2301 1599 2367 ἀγνοοῖτο
1649 2297 1778 2368 παρ’

191 2400 372 2467 ἡμῶν,
418 2402 501 2461 εἰς
538 2397 700 2467 τιμὴν
727 2397 930 2448 ἐκείνου
981 2394 1133 2454 οὗτος
1184 2395 1212 2446 ὁ
1253 2393 1435 2462 βωμὸς
1471 2390 1780 2460 ἐγηγέρθω,

187 2493 260 2554 ὡς
296 2494 365 2544 ἂν
392 2492 556 2554 ἵλεως
583 2490 743 2560 ἡμῶν
771 2489 815 2520 ⁸⁵
851 2487 957 2557 εἴη,
990 2487 1147 2556 εἰπερ
1169 2485 1532 2564 ᾁγνοούμενος
1578 2483 1654 2536 ὢν
1707 2484 1781 2552 μὴ

187 2583 574 2653 θεραπεύοιτο.
603 2577 711 2633 Ἦν
735 2580 791 2632 δὲ
827 2580 859 2650 ὴ
910 2581 1059 2631 πᾶσα
1104 2577 1197 2630 τοῦ
1249 2575 1438 2647 βωμοῦ
1473 2576 1778 2646 ἐπιγραφή·

191 2678 354 2739 Θεοῖς
409 2675 641 2738 Ἀσίας,
682 2675 778 2726 καὶ
828 2671 1140 2739 Εὐρώπης,
1198 2670 1298 2723 καί
1352 2670 1611 2735 Λιϐύης·
1656 2667 1780 2732 Θεῷ

189 2767 482 2833 ἀγνώστῳ
534 2765 631 2817 καί
661 2763 835 2826 ξένῳ.
871 2793 933 2802 —--
963 2761 1354 2830 Διερχὸμενος
1380 2760 1490 2827 γὰρ
1517 2760 1617 2812 καὶ
1639 2761 1781 2813 ἁνα-

192 2856 427 2925 Οεωρῶγ
468 2857 541 2909 τὰ
575 2855 924 2921 σεϐάσματα
965 2853 1152 2920 ὑμῶν.
1197 2846 1370 2920 Εὗρεν
1415 2853 1472 2902 ἐν
1515 2853 1580 2920 τῇ
1629 2851 1784 2903 πόλει

191 2952 306 3019 οὐχὶ
342 2947 554 3018 βιϐλίον
586 2946 746 3010 Θείον,
781 2945 920 2999 ἀλλὰ
967 2944 1148 3014 βωμὸν
1189 2942 1491 3011 ἑστηκότα·
1539 2945 1634 2994 καὶ
1678 2943 1786 2994 ἀπὸ

189 3040 286 3107 τῆς
326 3037 648 3106 ἐπιγραφῆς
687 3035 776 3088 τοῦ
821 3034 1005 3105 βωμοῦ
1053 3034 1142 3086 τὸν
1185 3033 1368 3102 βωμδν
1417 3031 1657 3085 καθεῖλε.
1720 3032 1785 3084 Τί

190 3133 296 3200 γὰρ
323 3131 437 3183 ἔδει
468 3129 689 3198 ποιῆσαι
722 3127 919 3192 αὺτόν;
957 3125 1220 3192 ’Έλληνες
1263 3125 1463 3186 πάντες
1487 3119 1626 3195 ἦσαν
1658 3124 1786 3176 ἀσε-

1881 859 2030 897 num.

1949 931 2105 1002 135
2132 932 2260 986 Fere
2282 932 2643 1001 religiosiores.
2671 929 3029 999 Δεισιδαίμων
3049 931 3248 983 dicitur
3275 929 3344 990 is,
3373 931 3468 998 qui

1877 1025 2033 1078 timet
2064 1024 2354 1086 dannonia,
2386 1025 2478 1094 qui
2508 1025 2691 1077 o-uuia
2727 1039 2824 1092 pro
2849 1022 3076 1076 numine
3132 1015 3341 1076 colite't
3376 1037 3472 1074 vc-

1879 1125 2129 1179 ncratur,
2175 1125 2229 1169 et
2259 1118 2491 1188 lignum,
2525 1125 2582 1169 et
2611 1115 2869 1182 lapidem,
2903 1125 2960 1168 et
3005 1113 3277 1183 Spiritum.
3305 1113 3469 1179 Quasi

1880 1207 2104 1260 laudare
2136 1207 2232 1261 eos
2273 1207 2504 1260 videtur.
2540 1205 3140 1274 Δεισιδαιμονεστέρους
3171 1212 3379 1266 autem,
3411 1205 3467 1257 id

1879 1307 1985 1360 est,
2022 1298 2288 1352 daemonia
2323 1298 2598 1361 timentes,
2629 1297 2808 1366 posuit
2840 1312 2935 1365 pro
2965 1297 3298 1365 religiosores
3323 1311 3339 1347 :
3367 1295 3472 1347 hoc

1879 1403 2060 1444 autem
2101 1390 2238 1445 dixit
2268 1401 2492 1458 promer
2525 1391 2716 1443 altare.
2749 1387 2918 1442 Porro
2941 1388 3108 1441 altare
3133 1394 3468 1441 exstructum

1878 1481 2056 1536 fuerat
2083 1482 2150 1534 ab
2173 1480 2280 1534 illis
2301 1495 2369 1533 ex
2404 1480 2712 1549 huiusmodi
2743 1496 2938 1535 causa:
2975 1481 3163 1534 Praelio
3195 1480 3468 1550 quondam

1879 1574 2241 1629 conﬂixerant
2270 1571 2648 1637 Athenienses
2695 1588 2816 1626 cum
2847 1571 3184 1626 adversariis
3218 1588 3232 1625 :
3274 1572 3470 1626 deinde

1879 1675 2100 1734 accepta
2135 1665 2287 1720 clade
2334 1672 2700 1718 recesserant.
2753 1663 2816 1718 Et
2851 1665 3114 1734 quoniam
3165 1664 3325 1718 ludus
3360 1664 3473 1718 da:-

1885 1757 2139 1813 monibus
2185 1757 2466 1811 celebrare
2504 1769 2928 1818 consueverant,
2985 1757 3204 1826 quidam
3257 1757 3469 1811 daamon

1882 1864 2005 1902 cum
2037 1849 2409 1918 apparuisset,
2452 1864 2731 1918 nunquam
2765 1850 2835 1901 al)
2866 1849 2976 1902 illis
3019 1864 3078 1901 se
3108 1849 3316 1903 cultum
3347 1864 3473 1903 esse

1811 1919 1856 1978 B
1885 1940 2102 1995 dicebat
2141 1959 2154 1993 :
2187 1955 2252 1995 ac
2287 1955 2409 1994 sese
2443 1940 2550 1994 illis
2585 1940 2782 1992 iratum
2818 1939 2946 1992 mali
2978 1938 3148 2008 praelii
3201 1939 3346 1992 illius
3373 1953 3474 1992 au-

1883 2041 2095 2086 ctorem
2130 2040 2184 2086 et
2235 2047 2456 2086 causam
2500 2032 2691 2085 fuisse.
2728 2033 2914 2100 Itaque
2955 2039 3010 2084 et
3063 2030 3140 2084 illi
3182 2030 3471 2084 delubrum

1880 2133 2271 2178 exstruxerunt
2306 2142 2320 2177 :
2353 2132 2408 2177 et
2449 2132 2508 2176 ut
2543 2132 2800 2177 caventes
2830 2138 2898 2175 ne
2923 2122 3144 2191 quando
3167 2121 3296 2174 alias
3331 2135 3473 2188 quo-

1881 2231 2010 2284 que.
2043 2217 2187 2286 quod
2215 2217 2451 2287 aliquem
2479 2216 2813 2287 incognitum
2838 2216 2939 2270 sibi
2973 2215 3141 2269 Deum
3176 2215 3473 2284 prazteriisa-

1881 2317 2003 2361 sent
2027 2323 2089 2361 ac
2121 2307 2510 2377 neglexissent,
2540 2306 2681 2360 idem
2713 2306 2846 2376 ipsis
2876 2306 3165 2368 accideret,
3185 2316 3473 2360 exstruxe-

1884 2407 2014 2451 runt
2042 2399 2174 2452 illud
2214 2398 2412 2462 altare,
2439 2399 2834 2452 inscribcntes:
2864 2395 3051 2464 Ignoto
3079 2395 3184 2449 Deo
3216 2412 3234 2450 :
3269 2397 3372 2450 hoc
3400 2395 3476 2450 si-

1883 2489 2230 2557 gniﬁcantes.
2265 2488 2493 2544 Etiamsi
2518 2490 2642 2558 quis
2668 2488 2805 2542 alius
2834 2503 2871 2542 ι
2893 2488 3050 2542 nobis
3075 2489 3379 2558 ignoretur,
3415 2488 3472 2541 in

1885 2582 2147 2636 honorem
2179 2583 2322 2637 illius
2352 2586 2454 2637 hoc
2479 2583 2650 2636 altare
2676 2592 3024 2636 exstructum
3049 2589 3188 2647 esto,
3229 2589 3288 2635 ut
3314 2580 3474 2634 nobis

1885 2676 2158 2744 prapitius
2188 2676 2280 2738 sit,
2314 2675 2360 2728 si
2391 2691 2514 2728 cum
2547 2675 2707 2729 nobis
2732 2675 3042 2744 incognitus
3076 2676 3147 2728 sit
3176 2689 3284 2726 non
3319 2673 3472 2728 cola-

1885 2774 1993 2820 tur.
2051 2767 2181 2820 Erat
2229 2775 2412 2820 autem
2461 2782 2569 2820 arae
2613 2775 2726 2821 tota
2791 2765 3078 2836 inscriptio
3128 2765 3244 2820 haec
3292 2784 3306 2820 :
3359 2764 3475 2819 Diis

1886 2859 2047 2921 Asiae,
2075 2858 2302 2926 Europa!
2328 2867 2378 2911 et
2409 2856 2587 2928 Libya:
2619 2876 2637 2912 :
2669 2857 2776 2912 Deo
2808 2857 3070 2928 incognito
3092 2874 3155 2910 ac
3180 2857 3472 2928 peregrino.

1889 2979 1954 2990 -
1982 2948 2118 3004 Cum
2154 2950 2437 3003 transirent
2465 2949 2601 3002 enim
2624 2957 2673 3002 et
2701 2948 3080 3016 contemplarer
3108 2947 3324 3000 numina
3356 2961 3476 3002 auat

1890 3041 2081 3094 colitis.
2115 3040 2328 3094 Invenit
2375 3042 2429 3094 in
2476 3042 2611 3095 urbe
2660 3055 2770 3094 non
2819 3041 3016 3094 librum
3060 3040 3332 3103 divinum,
3377 3039 3475 3093 sed

1891 3149 2039 3186 aram
2080 3141 2360 3187 stantem:
2393 3142 2558 3202 atque
2597 3131 2887 3186 occasione
2934 3140 3151 3200 sumpta
3193 3131 3260 3184 ab
3288 3130 3476 3184 altaris

194 3224 324 3289 βεῖς.
360 3221 423 3273 Εἰ
456 3219 567 3272 ἀπὸ
599 3215 944 3284 Εὑαγγελίων
987 3214 1242 3284 διηλέχοη
1281 3214 1466 3275 αὐτοῖς
1489 3251 1505 3276 ,
1559 3213 1788 3280 κατεγέ-
1813 3256 1855 3314 C
1891 3226 2087 3295 inscrip

1579 3213 1788 3280 ιατεγέ-
1813 3256 1855 3314 C
1891 3226 2272 3295 inscriptione,
2299 3225 2469 3279 altare
2498 3225 2789 3279 demolitus
2827 3231 2931 3278 est.
2965 3223 3105 3288 Quid
3135 3222 3281 3276 enim
3321 3223 3472 3277 illum

192 3314 318 3364 λων·
364 3311 481 3364 ἀπὸ
523 3309 841 3380 προφητῶν,
885 3306 984 3358 οὐκ
1033 3307 1338 3358 ἐπίστευον.
1395 3304 1528 3356 Ἀπὸ
1569 3305 1676 3356 τῶν
1723 3304 1781 3356 ὃ-

194 3403 341 3455 πλων
362 3401 463 3455 οὖν
489 3400 599 3453 τῶν
637 3398 909 3467 πολεμίων
943 3397 1080 3450 αὐτὰ
1123 3395 1456 3466 ἐχειρώσατο
1475 3411 1489 3426 ·
1519 3395 1616 3450 καὶ
1657 3396 1783 3447 τοῦ-

192 3517 254 3551 το
279 3498 430 3550 ἐστιν
461 3494 494 3547 ὃ
517 3493 695 3560 λέγει·
729 3490 1055 3559 Ἐγενόμην
1093 3488 1218 3554 τοῖς
1256 3489 1506 3557 ἀνόμοις
1533 3489 1616 3553 ὡς
1645 3489 1783 3541 ἄνο-

191 3606 324 3658 μσς.
367 3581 496 3638 Εἷδε
531 3585 624 3636 τὸν
659 3583 861 3652 βωμὸν,
903 3581 997 3633 καὶ
1029 3580 1326 3649 μετέστησε
1371 3581 1439 3632 τὰ
1481 3580 1784 3648 γράμματα

197 3683 330 3751 πρὸς
354 3678 550 3732 ἑαυτὸν
571 3691 586 3707 ·
621 3675 821 3744 μᾶλλον
842 3673 897 3726 δὲ
927 3675 986 3725 τδ
1017 3672 1194 3741 νόημα
1227 3670 1430 3724 τούτων
1463 3672 1784 3741 μετέθηκεν.

207 3774 576 3840 Ἐγέγραπτο,
621 3765 806 3834 φησὶν,
855 3765 912 3815 ὲν
936 3762 1015 3832 τῷ
1047 3761 1246 3831 βωμῷ·
1279 3762 1596 3828 Ἀγνώστφ
1642 3759 1785 3824 Θεῷ.

197 3865 290 3926 Τίς
315 3863 372 3915 δὲ
406 3857 479 3930 ἦν
506 3858 660 3919 ἄλλος
688 3854 1053 3923 ἀγνοούμενος
1073 3853 1227 3914 Θεδς,
1272 3851 1386 3904 ἀλλ’
1407 3852 1440 3921 ἦ
1465 3854 1491 3904 ὁ
1520 3851 1785 3920 ’Χριστόςς

195 3955 261 4008 τί
291 3951 387 4005 οὖν
413 3967 429 4016 ;
469 3951 521 4002 οἱ
547 3948 822 4016 Ἀθηναῖοι
865 3946 953 3998 διὰ
998 3945 1090 3996 τὸν
1121 3943 1356 4013 Χριστὸν
1386 3942 1632 4012 ἔγραψαν
1665 3943 1789 3993 τοῦ-

195 4061 291 4109 τος
329 4045 394 4096 EI
439 4041 530 4094 διὰ
566 4040 658 4092 τὸν
678 4037 911 4105 Χριστὸν
940 4034 1207 4104 ἔγραψαν,
1245 4033 1346 4086 οὐκ
1384 4028 1451 4103 ἦν
1481 4030 1622 4084 οὕτω
1661 4030 1789 4084 θαυ-

199 4135 410 4204 μαστὸν
459 4133 521 4186 τὸ
575 4130 907 4201 κατόρθωμα
947 4129 1184 4181 Παύλου.
1243 4127 1383 4179 Ἀλλ’
1444 4128 1638 4179 ἐκεῖνοι
1692 4126 1791 4194 μὲν

195 4231 373 4288 ἄλλως
410 4223 660 4293 ἔγραψαν
683 4238 698 4252 ·
728 4215 882 4283 οὗτος
905 4219 959 4273 δὲ
992 4219 1209 4288 ίσχυσεν
1239 4218 1415 4281 ἄλλως
1463 4217 1596 4270 αὐτὸ
1627 4233 1792 4287 μετα-

198 4321 412 4374 ϐαλεῖν.
472 4316 795 4382 ’Δναγκαῖον
848 4313 903 4365 δὲ
937 4313 1111 4366 εἰπεῖν
1154 4312 1297 4374 τίνος
1351 4311 1540 4364 ἕνεκεν
1593 4311 1793 4364 ἐκεῖνοι

199 4411 486 4481 ξγραψαν·
565 4405 878 4475 Ἀγνώστῳ
935 4400 1077 4467 Θεῷ.
1142 4402 1375 4464 Πολλοὺς
1434 4396 1580 4470 εῐχον
1638 4399 1794 4463 Θεοὺς

199 4505 426 4565 ἐκεῖνοι,
469 4499 564 4553 καὶ
593 4497 919 4568 ἐπιχωρίους
953 4495 1047 4547 καὶ
1074 4492 1281 4557 ξένους.
1334 4491 1573 4554 Τούτους
1612 4492 1794 4544 τοίνυν

1889 3317 2070 3370 facere
2097 3315 2426 3385 oportebat?
2454 3315 2626 3369 Graeci
2652 3329 2844 3367 omnes
2876 3320 3032 3366 erant
3083 3312 3233 3381 impii
3270 3323 3327 3367 et
3356 3314 3472 3368 veri

1889 3409 1982 3464 Dei
2014 3409 2195 3464 cultus
2220 3416 2497 3477 expertes.
2527 3406 2585 3460 Si
2622 3407 2692 3460 ab
2725 3405 3035 3473 Evangeliis
3065 3413 3286 3473 sumpto
3311 3419 3474 3475 argu-

1885 3510 2073 3554 mento
2104 3497 2267 3552 verba
2297 3496 2367 3550 ad
2391 3511 2484 3549 eos
2519 3493 2762 3558 fecisset,
2787 3493 3110 3548 derisissent
3148 3511 3160 3546 :
3205 3495 3250 3548 si
3285 3509 3316 3547 a
3344 3509 3475 3564 pro-

1885 3592 2090 3662 phetis,
2127 3605 2238 3643 non
2269 3588 2652 3643 credidissent.
2686 3586 2866 3640 Armis
2887 3585 3050 3656 igitur
3083 3587 3324 3642 hostium
3354 3588 3474 3658 ipsa

1888 3697 2038 3737 arma
2079 3680 2332 3750 subegit;
2363 3689 2527 3747 atque
2556 3679 2655 3731 hoc
2689 3686 2772 3731 est
2808 3677 2953 3745 quod
2989 3677 3158 3732 dicit:
3202 3676 3306 3732 Fui
3347 3679 3475 3751 legis

1901 3772 2197 3840 expertibus
2226 3780 2275 3823 et
2329 3770 2504 3836 impiis
2545 3777 2799 3837 tanquam
2826 3767 3020 3836 impius
3051 3776 3099 3820 et
3120 3767 3244 3838 legis
3268 3783 3475 3823 expers.

1895 3863 2037 3916 Vidit
2087 3861 2278 3924 altare,
2319 3868 2375 3913 et
2416 3859 2483 3912 ad
2535 3874 2694 3914 suum
2742 3873 2898 3912 usum
2934 3857 3138 3926 scripta
3189 3858 3474 3916 traduxit:

1893 3955 2002 4007 imo
2027 3967 2156 4007 vero
2200 3951 2527 4004 sententiam
2586 3949 2804 4002 illorum
2854 3947 3098 4002 traduxit
3123 3958 3181 4002 et
3228 3949 3472 4005 invertit.

1891 4045 2242 4114 Inscriptum,
2292 4043 2489 4112 inquit,
2517 4043 2672 4094 altari
2706 4050 2825 4095 erat
2869 4078 2885 4103 ,
2945 4041 3129 4111 Ignoto
3166 4041 3295 4095 Deo.
3343 4042 3476 4108 Quis

1892 4145 2073 4190 autem
2102 4147 2216 4190 erat
2244 4135 2382 4188 alius
2407 4133 2549 4187 Deus
2578 4133 2668 4202 qui
2699 4133 3072 4202 ignorabatur,
3115 4143 3476 4203 praeterquam

1893 4225 2179 4280 Christus?
2228 4224 2372 4289 Quid
2434 4220 2643 4293 igitur?
2703 4236 2771 4274 an
2821 4221 3187 4275 Atheuienses
3252 4229 3478 4292 pr0pter

1893 4315 2172 4368 Christum
2214 4313 2548 4382 scripserant
2602 4309 2759 4363 hoc?
2810 4307 2865 4363 Si
2924 4319 3149 4380 propter
3199 4309 3476 4366 Christum

1897 4407 2267 4475 scripsissent,
2317 4419 2427 4457 non
2456 4404 2594 4456 adeo
2625 4401 2910 4455 mirandus
2936 4409 3085 4454 esset
3131 4400 3206 4454 rei
3242 4417 3272 4454 a
3306 4400 3476 4456 Paulo

1898 4499 2125 4566 inceptae
2159 4510 2381 4565 prosper
2411 4508 2720 4549 successus.
2761 4489 2958 4546 Verum
3011 4491 3083 4544 illi
3121 4492 3340 4562 quidem
3369 4492 3475 4547 ali-

197 4595 326 4655 τοὺς
392 4589 494 4660 μέν
541 4587 696 4658 παρὰ
741 4583 993 4655 μητέρων
1027 4579 1172 4652 εἰχον
1201 4579 1514 4650 δεξάμενοι·
1548 4582 1674 4643 τοὺς
1712 4579 1791 4646 δὲ,
1812 4599 1870 4654 -υ
1900 4597 1982 4643 ιρι.
2010 4605 2090 4643 sm.

1582 4582 1674 4643 οὺς
1712 4579 1791 4646 δὲ,
1812 4599 1870 4654 'D
1900 4597 1982 4643 ter
2010 4591 2372 4656 scripserant:
2404 4587 2493 4640 hic
2514 4601 2644 4640 vero
2675 4583 2855 4655 potuit
2885 4585 3146 4655 scriptum
3183 4583 3339 4638 aliter
3362 4594 3475 4639 tra-

203 4689 308 4745 ·ῖιτεὺ
346 4686 459 4740 τῶν
495 4681 739 4752 πλησίων
777 4679 965 4732 ἐθνῶν.
1023 4677 1177 4731 Ἐπεὶ⁵
1225 4676 1318 4730 οὖν
1364 4678 1464 4730 οὐκ
1517 4677 1576 4740 ἐξ
1619 4677 1794 4746 ἀρχῆς

200 4781 418 4839 πάντας
470 4774 740 4838 ἐδέξαντο,
784 4769 922 4823 ἀλλὰ
969 4769 1111 4822 κατὰ
1162 4768 1357 4839 μικρὸν
1401 4768 1793 4838 εἰσηνέχθησαν

201 4873 412 4931 αὐτοῖς·
441 4866 493 4919 οἱ
526 4866 646 4936 μὲν,
701 4863 795 4915 ἐπί
826 4860 935 4914 τῶν
976 4861 1250 4930 πατέρων,
1297 4859 1346 4912 oi
1405 4860 1482 4926 δὲ,
1541 4861 1633 4912 ἐπὶ
1686 4858 1796 4911 τῶν

203 4965 476 5024 πάππων,
516 4960 567 5011 οἱ
591 4957 648 5009 δὲ
674 4956 768 5008 ἐπὶ
797 4954 896 5021 τῆς
936 4952 1128 5021 γενεᾶς
1152 4951 1247 5020 τῆς
1278 4949 1476 5014 αὐτῶν,
1511 4949 1795 5003 συνελθόν-

203 5072 296 5116 τες
333 5049 516 5115 εἷπον,
547 5050 653 5112 ὅτι,
691 5046 926 5115 ιὮσπερ
995 5044 1219 5105 τούτους
1282 5041 1608 5111 ἠγνοοῦμεν,
1677 5037 1796 5093 εἶτα

208 5148 446 5216 ὕστερον
494 5141 697 5201 αὐτοὺς
734 5139 1132 5207 ἐγνωρίσαμεν,
1168 5134 1308 5189 οὕτω
1353 5132 1642 5202 συμὸαίνει
1702 5134 1799 5184 καὶ

205 5236 370 5290 ἄλλον
415 5228 559 5284 εἶναι
613 5227 1000 5296 ἀγνοούμενον,
1055 5226 1150 5277 καὶ
1199 5225 1329 5278 ὄντα
1389 5224 1488 5291 μὲν
1529 5223 1683 5286 Θεὸν,
1735 5222 1797 5274 οὐ

207 5323 616 5395 γνωριζόμενον
641 5319 696 5371 δὲ
722 5317 812 5384 ὑφ’
839 5316 1019 5386 ἡμῶν.
1063 5315 1156 5368 καὶ
1207 5314 1298 5368 διὰ
1349 5314 1506 5366 τοῦτο
1547 5312 1798 5365 λανθάνει

210 5411 591 5482 ἀμελούμενος
620 5406 716 5459 καὶ
757 5405 832 5474 μὴ
880 5403 1339 5474 θεραπευόμενος.
1395 5403 1668 5472 Ἔστησαν
1707 5401 1801 5453 οὖν

211 5505 423 5575 βωμὸν,
465 5501 565 5553 καὶ
594 5495 939 5566 ἐπέγραψαν·
992 5493 1308 5564 Ἀγνώστῳ
1352 5492 1491 5557 Θεῷ·
1528 5493 1685 5546 τοῦτο
1718 5493 1804 5544 λέ-

207 5609 406 5664 γοντες
444 5591 538 5644 διὰ
553 5587 650 5643 τοῦ
679 5587 1025 5658 γράμματος,
1070 5584 1152 5636 ὅτι
1183 5585 1292 5638 Καὶ
1349 5585 1482 5644 εἴτις
1519 5585 1636 5636 ἐστὶ
1664 5584 1797 5648 Θεὸς

1898 4680 2098 4735 ducere
2123 4690 2285 4748 atque
2321 4679 2636 4732 immutare.
2673 4677 2912 4731 Necesse
2935 4684 3022 4729 est
3046 4684 3227 4729 autem
3265 4675 3474 4741 dicere,

1899 4769 2055 4837 cujus
2073 4769 2147 4821 rei
2168 4767 2336 4839 gratia
2357 4767 2431 4820 illi
2451 4766 2799 4836 scripserant,
2827 4765 3012 4836 Ignoto
3035 4765 3161 4821 Deo.
3178 4764 3378 4822 Multos
3400 4767 3476 4823 illi

1897 4861 2028 4915 deos
2043 4860 2313 4913 habebant
2330 4868 2443 4912 tum
2465 4859 2671 4928 patrios
2694 4868 2854 4927 atque
2868 4858 3349 4918 domesticos.tum
3373 4859 3480 4913 ho-

1898 4953 2066 5020 spites
2088 4966 2151 5005 ac
2183 4951 2518 5021 peregrinos.
2538 4949 2648 5005 Hos
2671 4950 2834 5021 igitur
2851 4951 3043 5020 partim
3066 4951 3282 5021 quidem
3306 4967 3342 5007 a
3363 4968 3480 5006 ma-

1897 5039 2072 5092 tribus
2087 5049 2340 5106 acceptos
2373 5037 2668 5103 habebant,
2689 5038 2883 5106 partim
2907 5052 3036 5092 vero
3060 5055 3089 5092 a
3115 5039 3358 5096 ﬁnitimis
3377 5057 3476 5094 na-

1901 5130 2156 5184 tionibus.
2179 5127 2447 5193 Quoniam
2464 5145 2594 5200 ergo
2622 5145 2733 5185 non
2761 5145 2953 5185 omnes
2983 5131 3052 5186 ab
3069 5131 3226 5187 initio
3246 5149 3478 5203 accepe-

1901 5231 2052 5286 runt,
2085 5221 2180 5276 sed
2203 5221 2464 5290 paulatim
2500 5222 2569 5276 ab
2600 5222 2668 5276 iis
2697 5222 2993 5277 introducti
3021 5234 3197 5287 erant,
3233 5225 3323 5278 alii
3353 5227 3477 5295 qui-

1901 5314 2023 5368 dem
2053 5323 2210 5368 :etate
2237 5323 2476 5384 patrum,
2526 5314 2618 5367 alii
2658 5297 2784 5369 vero
2818 5325 3060 5383 tempore
3106 5329 3357 5378 avorum,
3385 5315 3475 5368 alii

1902 5405 2146 5474 ipsorum
2185 5413 2366 5468 aetate,
2416 5407 2728 5474 congregati
2779 5407 3039 5460 dixerunt
3073 5405 3478 5470 :Quemadmo.

1905 5499 2035 5552 dum
2064 5498 2599 5568 bosignorabamus,
2639 5499 2835 5554 deinde
2870 5508 3060 5568 postea
3095 5513 3194 5554 eos
3219 5502 3477 5570 cognovi-

1902 5605 2025 5644 mus
2056 5631 2070 5655 ,
2106 5590 2181 5643 ita
2230 5589 2481 5645 accidere
2515 5600 2695 5660 potest
2725 5598 2784 5645 ut
2813 5590 2978 5646 etiam
3004 5591 3146 5647 alius
3174 5591 3472 5662 ignoretur,

1369 5763 1569 5825 Variae
1606 5763 1912 5829 lectiones
1955 5773 2018 5828 et
2061 5771 2250 5829 notae.

285 5875 330 5907 ⁸⁸
359 5875 449 5928 ισ.
479 5870 808 5939 ἀνέστησαν.
884 5868 928 5900 ⁸⁸
959 5867 1091 5936 ἡμῖν
1121 5864 1206 5918 ίσ.

551 5972 822 6030 Parnm.
871 5969 986 6027 Gn.
1034 5960 1272 6024 CXXV.

3070 5955 3151 6021 24
