4794 6454
1407 418 1509 480 ἨἹ

2288 421 2864 485 THEOPIIYLACTI
2909 420 3314 483 BUI.GARl/E
3355 420 3709 480 ARCIIIEP.

4532 417 4645 478 718

1406 535 1501 602 qni
1538 534 1680 587 Deus
1705 533 1920 602 quidem
1968 533 2058 598 sit,
2103 533 2199 587 sed
2250 535 2406 588 nobis
2457 534 2786 603 incognitus,
2818 543 2874 587 et
2903 532 2983 587 id-
3014 542 3055 593 Λ
3086 533 3273 601 ἕτερος

2776 580 2786 594 ,
2818 543 2874 587 et
2903 532 2983 587 id-
3014 542 3055 593 Λ
3086 533 3273 601 ἕτερος
3310 531 3671 599 ἀγνοούμενος
3729 531 3880 598 ἡμῖν,
3930 528 4179 579 διαχεῖ-ιον
4229 526 4665 597 θεραπεύσομεν.

1401 626 1547 678 circo
1585 638 1685 679 nos
1718 623 1900 685 fallat,
1939 623 2067 676 dum
2087 626 2391 695 megligitor
2419 634 2594 678 etnon
2612 625 2824 678 colitur.
2853 624 2977 678 Sta-

1403 721 1626 764 tuerunt
1664 712 1827 782 igitur
1854 711 2025 765 altare
2062 722 2119 767 et
2144 715 2556 783 inscripserunt,
2605 714 2789 785 Ignoto
2825 714 2982 784 136

1407 803 1686 857 Deo:lioc
1734 803 1943 872 scripto
1994 804 2088 859 illo
2142 805 2553 875 signiﬁcantes:
2600 805 2820 860 Etiamsi
2859 806 2981 874 quis

1405 898 1543 950 alius
1564 907 1643 950 est
1675 896 1817 951 Deus
1845 899 2007 953 nobis
2040 899 2367 968 incognitus,
2398 900 2548 954 illum
2585 914 2802 968 quoque
2831 899 2978 952 cole-

1405 1003 1547 1042 mus.
1588 987 1983 1041 Animadverle
2024 988 2353 1042 immensum
2382 998 2437 1042 et
2469 988 2826 1042 excellentem
2871 989 2974 1042 dze-

1406 1092 1627 1129 monum
1676 1086 1902 1131 metum.
1930 1077 2139 1131 Idcirco
2170 1078 2369 1132 Paulus
2408 1079 2664 1133 dicebat:
2702 1079 2763 1131 In
2807 1080 2980 1132 omni-

1407 1177 1498 1222 bus
1527 1170 1635 1238 fere
1675 1170 1744 1221 ad
1776 1169 2011 1222 timorem
2060 1171 2351 1223 dwmonum
2380 1173 2736 1240 propensiores
2764 1188 2851 1225 vos
2877 1187 2983 1225 esse

1405 1263 1575 1326 video,
1614 1262 1718 1315 lioe
1752 1272 1857 1325 est,
1908 1263 2279 1332 religiosiores.
2311 1262 2426 1315 Non
2459 1262 2601 1317 enim
2642 1263 2794 1318 vobis
2826 1272 2983 1317 notos

1408 1354 1683 1407 daemones
1711 1354 1857 1407 solos
1887 1356 2084 1415 colitis,
2122 1370 2311 1407 verum
2358 1354 2517 1408 etiam
2564 1356 2715 1409 vobis
2742 1356 2981 1409 nondum

1382 1456 1587 1501 notos.
1637 1446 1822 1516 Itaque
1845 1462 1969 1501 cum
2023 1448 2264 1517 captiose
2313 1449 2638 1503 sententiam
2679 1449 2865 1502 altaris
2899 1450 2982 1502 in-

1409 1536 1725 1604 scriptionis
1773 1537 2166 1605 iuterpretatus
2193 1548 2362 1601 esset,
2412 1539 2982 1608 accommodaviteam

1410 1628 1473 1679 ad
1506 1627 1805 1680 Christum.
1844 1627 2003 1692 Quem
2035 1631 2171 1681 enim
2198 1632 2493 1698 ignorantes
2520 1648 2608 1683 vos
2634 1632 2821 1693 colitis,
2851 1633 2986 1685 hunc

1408 1735 1500 1788 ego
1532 1720 1787 1773 «munitio
1817 1721 1975 1773 vobis.
2015 1721 2107 1775 llis
2138 1723 2313 1775 verbis
2341 1722 2490 1775 illum
2514 1734 2670 1776 erant
2704 1725 2983 1777 insimula-

1412 1816 1517 1868 turi
1554 1814 1917 1867 Atheuienses
1947 1832 1959 1865 :
1992 1813 2189 1865 Novam
2222 1825 2382 1883 atque
2411 1817 2751 1884 peregrinam
2783 1816 2984 1869 doctri-

3088 626 3226 693 ’Όρα
3273 624 3577 694 ὑπερὸολὴν
3610 620 4052 691 δεισιδαιμονίας.
4106 620 4205 671 Διὰ
4253 619 4410 672 τοῦτο
4453 623 4482 673 ὁ
4512 622 4669 675 Παῦ-

3082 717 3171 778 λος
3225 716 3349 785 ἔφη·
3397 716 3558 769 Κατὰ
3619 715 3814 767 πάντα
3872 714 3949 778 ὡς
4005 713 4673 783 δεισιδαιμονεστέρους

3082 806 3234 876 ὑμᾶς
3293 806 3505 875 θεωρῶ,
3563 806 3684 859 ἀντὶ
3726 804 3839 869 τοῦ,
3904 805 4411 871 εὐλαϐεστέρους*
4444 806 4506 857 οὐ
4558 806 4673 874 γὰρ

3080 898 3209 961 τούς
3265 899 3574 969 γνωρίμους
3627 897 3757 965 ὑμῖν
3794 897 4053 964 δαίμονας
4102 897 4434 967 (θεραπεύετε
4481 898 4669 966 μόνον,

3082 992 3216 1044 ἀλλὰ
3246 991 3337 1043 καὶ
3368 991 3493 1051 τοὺς
3523 990 3674 1043 οὔπω
3699 990 4100 1058 γνωρισθέντας
4124 991 4274 1058 ὑμῖν.
4306 991 4414 1043 Καὶ
4458 993 4670 1060 αἱχμα·

3081 1082 3311 1144 λωτίσας
3341 1082 3400 1133 τὸ
3434 1080 3630 1148 νόημα,
3661 1079 3960 1146 ἐπέστησεν
3990 1079 4121 1129 αὐτὸ
4165 1079 4259 1130 ἐπὶ
4293 1079 4385 1130 τὸν
4410 1080 4667 1148 Χριστόν.

3088 1176 3198 1223 “Or
3266 1172 3376 1240 γὰρ
3437 1170 3798 1239 ἀγνοοῦντες
3852 1169 4153 1223 εὐσεϐεῖτε
4197 1169 4387 1239 ὑμεῖς,
4450 1170 4675 1223 τοῦτον

3082 1265 3196 1333 ἐγὼ
3223 1261 3605 1332 καταγγέλλω
3643 1261 3801 1329 ὑμῖν.
3859 1262 4122 1329 Ἔμελλον
4177 1265 4351 1313 ταῦτα
4409 1258 4675 1327 ἐγκαλεῖν

3097 1357 3390 1424 Ἀθηναῖοι,
3471 1355 3575 1419 ὃτι,
3663 1353 3946 1416 Ξενεζοντα
4054 1353 4294 1420 δόγματα
4368 1352 4671 1422 εἰσφέρεις

3084 1446 3185 1509 ὅτι,
3262 1444 3393 1496 Θεὸν
3467 1444 3525 1496 ὃν
3578 1445 3676 1496 οὐκ
3727 1442 3903 1512 ἴσμεν,
3977 1444 4270 1512 εἰσφέρεις.
4335 1442 4676 1511 Βουλόμενος

3085 1535 3179 1591 οὖν
3276 1536 3652 1603 ἀπαλλαγῆναι
3752 1534 3851 1601 τῆς
3920 1533 4154 1601 ὑποψίας
4258 1535 4352 1587 xui.
4454 1533 4674 1597 διδάξαι

3084 1629 3166 1679 ὅτι
3218 1628 3277 1678 οὐ
3333 1626 3483 1689 ξένον
3521 1624 3979 1694 κηρύττειθεὺν,
4019 1624 4132 1677 ἀλλ’
4194 1624 4254 1676 ὃν
4301 1624 4675 1694 προλαΰόντες

3085 1718 3236 1769 αὐτοὶ
3267 1716 3353 1768 διὰ
3383 1717 3479 1783 τῆς
3512 1715 3807 1783 θεραπείας
3853 1714 4141 1782 ἐτίμησαν,
4174 1715 4363 1783 Ὑμεῖς
4413 1732 4481 1782 με
4536 1731 4675 1783 προ-

3087 1807 3327 1868 ελάὅετε,
3361 1806 3544 1875 φησιν,
3590 1806 3821 1873 ἔφθασεν
3860 1804 4013 1875 ὑμῶν
4056 1807 4089 1875 ὴ
4131 1805 4395 1875 Θεραπεία
4439 1806 4501 1858 τὺ
4534 1806 4674 1874 ἐμὲ-ν

1412 1921 1536 1957 nam
1571 1903 1889 1966 introducis,
1925 1903 2090 1957 Deum
2123 1921 2284 1973 quem
2319 1906 2628 1976 ignoramus
2658 1906 2979 1961 introducis.
3020 1914 3058 1964 Β
3086 1901 3305 1968 κήρυγμ

2780 1906 2979 1961 )ducis.
3020 1914 3058 1964 lt
3086 1901 3369 1968 κήρυγμα·
3420 1898 3609 1951 τοῦτον
3637 1899 3746 1968 γὰρ
3783 1897 4155 1975 καταγγέλλω.
4194 1898 4252 1950 ὃν
4297 1898 4452 1967 ὑμεῖς
4498 1900 4673 1964 ἀγνο-

1411 1998 1546 2051 Cum
1582 1997 1745 2063 igitur
1785 1996 1947 2049 vellet
1979 1996 2193 2049 liberari
2223 1999 2535 2066 suspicione
2581 2010 2744 2066 atque
2788 2000 2984 2053 docere

1413 2103 1469 2140 sc
1498 2102 1608 2140 non
1642 2089 1987 2158 peregrinum
2023 2092 2187 2142 Deum
2219 2090 2534 2157 praedicare,
2566 2093 2658 2145 sed
2685 2106 2846 2160 quem
2885 2091 2982 2161 ipsi

1415 2192 1574 2231 antea
1604 2180 1834 2233 colendo
1869 2182 2248 2246 lionorassent,
2275 2179 2404 2243 Vos,
2446 2183 2643 2250 inquit,
2674 2198 2758 2237 me
2785 2199 2983 2252 praeve-

1416 2271 1594 2329 nistis.
1636 2279 1819 2323 vester
1846 2270 2025 2325 enltus
2064 2287 2197 2325 mea:
2248 2273 2617 2341 praedicationi
2654 2276 2983 2328 antevertit:

1417 2363 1559 2415 hunc
1599 2363 1745 2415 enim
1793 2364 2079 2425 annuntio,
2123 2379 2281 2432 quem
2316 2380 2413 2418 vos
2440 2364 2752 2433 ignorantes
2787 2366 2983 2420 colitis.

1414 2451 1554 2505 Deus
1594 2455 1684 2520 qui
1710 2452 1829 2520 feeit
1885 2453 2157 2506 mundum.
2208 2450 2381 2506 Unum
2416 2454 2638 2507 verbum
2674 2456 2987 2525 prolocutus

1413 2554 1516 2606 est,
1544 2559 1651 2613 quo
1682 2545 1861 2597 omnia
1895 2544 2344 2613 philosophorum
2376 2546 2626 2615 dogmata
2660 2556 2823 2615 atque
2858 2562 2986 2601 scn-

1418 2637 1617 2691 tentias
1650 2637 1936 2691 subvertit.
1976 2635 2107 2691 Nam
2138 2637 2387 2704 Epicurei
2418 2639 2637 2708 quidem
2672 2654 2760 2692 res
2791 2638 2988 2692 fortui-

1416 2737 1499 2781 tas
1522 2742 1643 2782 esse
1687 2727 1861 2789 aiunt,
1895 2738 1949 2782 et
1983 2742 2047 2781 ex
2074 2728 2289 2792 atomis,
2319 2728 2422 2783 hoc
2455 2740 2557 2792 est,
2598 2745 2660 2784 ex
2693 2730 2989 2785 individuis

1413 2820 1753 2890 corpusculis
1785 2820 1925 2874 effici
1958 2839 1971 2875 :
2003 2821 2091 2876 hic
2113 2837 2243 2875 vero
2294 2822 2387 2875 Dei
2413 2838 2549 2890 Opus
2582 2825 2841 2876 mundum
2858 2838 2990 2877 esse

1416 2914 1508 2977 ait,
1545 2922 1601 2967 et
1643 2913 1823 2967 omnia
1874 2928 1996 2981 qua:
2044 2922 2174 2966 sunt
2220 2914 2273 2966 in
2309 2928 2394 2967 eo.
2444 2913 2560 2967 Non
2588 2916 2644 2967 in
2675 2917 2990 2985 manufaais

1420 3005 1626 3069 templis
1674 3005 1898 3057 habitat.
1947 3003 2023 3057 Ne
2072 3004 2451 3058 existimarent
2504 3022 2669 3058 unum
2697 3006 2763 3058 de
2804 3008 3002 3059 multis

1420 3113 1541 3153 esse
1586 3098 1776 3158 Deum,
1812 3098 1904 3167 qui
1951 3097 2019 3150 ab
2047 3112 2111 3150 eo
2152 3097 2575 3165 praedicabatur,
2605 3098 2750 3166 quod
2777 3099 2993 3153 dixerat

1418 3187 1661 3256 eorr'git,
1696 3188 2053 3254 subjungens,
2078 3185 2197 3239 Non
2237 3187 2287 3237 in
2323 3189 2639 3257 ntanufactis
2669 3188 2872 3256 templis
2894 3190 2989 3240 Ita-

3086 1989 3267 2053 οῦντες
3317 1989 3673 2057 θεραπεύετε.
3739 1990 3793 2040 '0
3827 1989 3971 2053 Θεὸς
3994 1989 4258 2053 ποιήσας
4283 1990 4389 2040 τὸν
4411 1988 4671 2055 κόσμον,

3089 2081 3219 2148 μὲαν
3260 2079 3443 2149 φωνὴν
3492 2078 3814 2147 ἐφθέγξατο,
3873 2078 3940 2129 δι’
3972 2073 4034 2148 ἧς
4097 2079 4272 2130 πάντα
4327 2076 4673 2144 κατέστρεψε

3084 2173 3149 2226 τὰ
3174 2173 3279 2224 τῶν
3306 2172 3629 2241 φιλοσόφων.
3666 2172 3729 2224 Οἱ
3761 2170 3857 2239 μὲν
3896 2170 4005 2239 γὰρ
4050 2168 4383 2239 Ἐπικούριοι
4430 2171 4474 2201 ¹⁸
4511 2168 4675 2219 αὐτό-

3089 2266 3233 2335 ματά
3272 2282 3404 2331 φασι
3454 2264 3549 2315 καὶ
3577 2263 3684 2314 ἀπὸ
3724 2262 3964 2331 ἀτόμων·
4010 2256 4163 2323 οὗτος
4208 2260 4285 2322 δὲ,
4330 2260 4491 2330 ἔργον
4531 2258 4675 2326 φησι

3085 2359 3221 2412 Θεοῦ
3262 2359 3350 2410 τὸν
3380 2357 3582 2425 κόσμον
3616 2355 3710 2407 καὶ
3762 2354 3834 2407 τὰ
3880 2356 3939 2406 ὲν
3988 2353 4136 2422 αὖτῴ
4186 2355 4380 2407 πάντα.
4438 2354 4562 2405 Οὐκ
4600 2351 4676 2403 ἐν·

3086 2449 3519 2519 χειροποιήτοις
3544 2448 3714 2512 ναοῖς
3754 2446 4034 2500 κατοικεῖ.
4082 2447 4201 2499 Ἵνα
4246 2446 4320 2514 μὴ
4373 2445 4676 2513 νομίσωσιν

3085 2543 3181 2594 ἕνα
3206 2541 3313 2592 τῶν
3349 2540 3559 2592 πολλῶν
3588 2536 3725 2592 εἶναι
3768 2539 3902 2591 Θεὸν
3935 2539 4027 2590 τὸν
4058 2537 4147 2589 ὑπ’
4195 2536 4360 2589 αὑτοῦ
4403 2535 4676 2605 κηρυττό-

3090 2650 3270 2703 μενον,
3301 2630 3606 2701 διορθοῦται
3645 2632 3886 2697 ὲπάγων·
3937 2630 4055 2682 Οὐκ
4110 2628 4179 2681 ἐν
4235 2626 4678 2695 χειροποιήτοις

3088 2724 3255 2789 ναοῖς
3281 2722 3562 2788 κατοικεῖ,
3602 2721 3718 2773 ἀλλ’
3748 2723 3805 2773 ὲν
3851 2719 4165 2789 ἀνθρωπίνῃ
4205 2719 4372 2788 ψυχῇ.
4427 2719 4492 2770 Ti
4534 2718 4675 2784 οὖνς

3089 2817 3165 2869 Οὐ
3196 2815 3435 2883 κατῴκει
3470 2817 3526 2865 ὲν
3553 2813 3630 2883 τῷ
3660 2812 3773 2878 ναῷ
3801 2812 3909 2864 τῶν
3954 2812 4373 2881 Ἰεροσολύμωνς
4406 2813 4479 2863 0;
4512 2812 4674 2882 δῆτα,

3088 2906 3199 2959 ἀλλ’
3255 2906 3499 2975 ἐνήργει.
3559 2904 3680 2965 Πῶς
3730 2900 3823 2957 οὖν
3879 2904 4247 2973 ἐθεραπεύετο
4311 2906 4416 2957 ὑπὸ
4468 2907 4680 2975 χειρῶν

3090 2997 3391 3068 ἀνθρώπων
3456 2996 3607 3067 παρὰ
3640 2996 3942 3061 Ἰουδαίοις;
3977 2998 4087 3065 Οὐχ
4128 2998 4231 3049 ὑπὸ
4287 2996 4507 3065 χειρῶν,
4553 2998 4678 3050 ἀλλ’

3092 3090 3194 3141 ὑπὸ
3244 3090 3502 3150 διανοέαςο
3563 3088 3683 3141 ἐπεὶ
3737 3090 3918 3140 ἐκεῖνα
3978 3087 4078 3141 οὐκ
4129 3090 4311 3158 ἐζήτει
4368 3082 4524 3152 οὗτος
4598 3092 4681 3153 ὡς

3090 3180 3507 3248 προσδεόμενος.
3547 3178 3642 3246 Μὴ
3683 3179 3941 3247 φάγομαι
3991 3180 4136 3246 κρέα
4188 3181 4459 3246 ταύρων-ς
4512 3182 4677 3248 φησὶ,

1417 3282 1569 3340 bitat,
1613 3279 1707 3332 sed
1739 3280 1791 3329 in
1836 3279 2021 3329 animo
2061 3278 2317 3330 humano.
2354 3276 2495 3341 Quid
2556 3277 2757 3347 igitur?
2807 3294 2986 3333 annon
3017 3267 3059 3323 C
3092 3268 3186 3319 καὶ
3232 3269 3300 3320 τὰ

2807 3294 2986 3333 annon
3017 3267 3059 3323 C
3092 3268 3186 3319 καὶ
3232 3269 3300 3320 τὰ
3359 3268 3509 3335 ἑξῆς.
3534 3297 3609 3319 .—
3632 3267 3729 3335 Μὴ
3802 3268 4240 3336 προσδεόμενός
4282 3286 4442 3334 τινος
4485 3272 4681 3335 αὐτὸς

1419 3370 1697 3425 habitabat
1741 3370 1795 3422 in
1831 3369 2033 3436 templo
2064 3366 2564 3437 Jerosolymorum?
2614 3368 2985 3437 Nequaquam,

1419 3460 1513 3514 sed
1543 3458 1871 3528 operabatur
1903 3472 1965 3510 ac
1993 3458 2097 3509 vim
2120 3471 2271 3510 suam
2300 3457 2610 3521 exercebat,
2640 3467 2693 3511 et
2720 3459 2772 3510 in
2806 3470 2985 3512 aetum

1422 3550 1731 3619 proferebat
1780 3549 1879 3613 Qui
1908 3548 2070 3617 igitur
2101 3548 2349 3601 manibus
2378 3547 2657 3601 hominum
2707 3550 2989 3602 colebatur

1421 3639 1832 3710 apudJudaaos?
1882 3638 1999 3691 Non
2033 3639 2301 3701 manibus,
2335 3641 2427 3693 sed
2461 3647 2639 3693 mente
2672 3657 2686 3693 :
2729 3642 2987 3708 quoniam

1422 3733 1513 3785 illa
1549 3731 1638 3785 hic
1674 3746 1783 3784 non
1810 3729 2154 3783 desiderabat
2182 3730 2331 3797 quasi
2363 3730 2591 3797 alicujus
2615 3732 2690 3783 rei
2733 3745 2936 3800 egenus
2971 3749 2985 3784 :

1422 3824 1562 3878 Num
1593 3839 1784 3887 vescor,
1808 3821 2000 3890 inquit,
2019 3820 2261 3873 carnibus
2284 3828 2554 3873 taurorum
2570 3820 2593 3872 ?
2609 3835 2714 3875 etc.
2740 3851 2804 3861 —
2836 3821 2988 3875 Nulla

1424 3931 1479 3967 re
1512 3912 1768 3982 indigens,
1803 3927 1919 3963 cum
1946 3912 2055 3977 ipse
2084 3911 2173 3962 det
2198 3910 2434 3961 omnibus
2463 3910 2627 3962 vitam
2655 3922 2701 3963 et
2743 3910 2986 3964 halitum.

1425 4005 1543 4059 Duo
1573 4004 1725 4072 ponit
1750 4001 1966 4055 deitatis
2015 4009 2159 4054 certa
2192 4008 2528 4069 argumenta,
2556 4000 2814 4054 nimirum
2844 4001 2990 4070 quod

1424 4106 1479 4150 ιι
1514 4098 1626 4165 ipse
1663 4094 1815 4148 nulla
1858 4108 1914 4146 re
1948 4092 2205 4163 indigeat,
2254 4101 2309 4145 et
2344 4091 2597 4145 omnibus
2637 4093 2817 4146 omnia
2856 4108 2991 4162 pra:-

1425 4189 1569 4241 bi-at.
1617 4183 1756 4239 Ecce
1808 4191 1989 4238 autem
2042 4183 2200 4237 etiam
2228 4183 2421 4237 animae
2461 4183 2610 4236 illum
2652 4185 2989 4238 eomtitorem

1427 4278 1577 4341 facit,
1618 4291 1729 4330 non
1779 4274 2103 4344 genitorem.
2144 4272 2495 4340 Deﬁnivitque
2523 4290 2587 4325 ac
2628 4276 2816 4327 statuit
2857 4285 2987 4327 tent-

1422 4386 1554 4439 pora
1584 4376 1733 4421 certa
1769 4377 1926 4435 atque
1956 4366 2289 4433 prwscripta.
2336 4364 2588 4418 Deﬁnivit
2629 4381 2690 4418 ac
2745 4367 2993 4434 praeseri-

1430 4462 1535 4532 psit
1584 4470 1642 4513 ut
1687 4465 1992 4527 qumrerent
2026 4456 2230 4510 Deum:
2271 4471 2458 4510 verum
2495 4472 2602 4511 non
2639 4472 2850 4521 semper
2891 4458 2992 4510 hoc

1424 4550 1775 4621 prmscripsit.
1805 4548 1897 4601 sed
1931 4548 2093 4601 certis
2134 4557 2292 4616 atque
2325 4549 2654 4617 praescriptis
2685 4558 2987 4616 temporum

1426 4640 1911 4698 vicissitudinibus,
1935 4639 2227 4692 ostendens
2247 4653 2341 4691 eos
2367 4652 2531 4702 nunc,
2553 4653 2673 4691 cum
2702 4654 2807 4690 non
2840 4654 2989 4706 quaa-

1424 4730 1703 4792 sivisseut,
1741 4729 2039 4781 invenisse.
2072 4727 2339 4792 Quoniam
2388 4729 2531 4780 enim
2563 4729 2851 4795 quaesitum
2881 4744 2988 4780 non

1427 4826 1767 4883 invenerant,
1799 4823 2034 4877 ostendit
2063 4823 2213 4874 illum
2241 4823 2313 4874 ita
2338 4822 2506 4875 fuisse
2536 4822 2902 4884 manifestum,
2935 4834 2992 4875 ut

1426 4919 1469 4970 si
1497 4918 1671 4985 aliqua
1701 4932 1784 4970 res
1813 4915 1864 4968 in
1892 4915 2068 4967 medio
2087 4915 2261 4982 posita
2286 4921 2672 4968 c0ntrectetttr.
2706 4912 2819 4966 Non
2849 4915 2990 4967 enim

1428 5008 1515 5061 hic
1560 5006 1777 5076 quidem
1825 5005 2021 5059 cmlnm
2064 5013 2200 5069 erat,
2238 5003 2362 5057 alibi
2407 5012 2587 5056 autem
2624 5019 2731 5055 non
2767 5022 2779 5055 :
2816 5020 2991 5071 neque

1427 5104 1478 5154 in
1512 5102 1612 5154 hoc
1638 5099 1856 5168 quidem
1901 5110 2140 5160 tempore
2170 5102 2306 5159 erat,
2342 5095 2393 5146 in
2421 5095 2527 5148 alio
2556 5111 2684 5148 vero
2728 5109 2858 5149 non.
2889 5095 2993 5147 lta-

1426 5208 1530 5262 que
1560 5202 1612 5245 et
1644 5194 1693 5243 in
1732 5188 1881 5243 omni
1914 5198 2177 5255 tempore,
2222 5194 2276 5239 et
2308 5184 2362 5238 in
2390 5186 2536 5238 omni
2574 5188 2803 5238 termino
2834 5202 2895 5240 ac
2932 5187 2994 5239 li-

1426 5284 1559 5339 mite
1602 5289 1811 5349 poterat
1847 5278 2077 5331 inveniri
2113 5296 2125 5331 :
2166 5276 2234 5329 ita
2269 5291 2380 5329 rem
2426 5276 2689 5345 disposuit
2731 5285 2786 5330 et
2818 5276 2990 5328 admi-

1428 5372 1697 5434 nistravit,
1736 5379 1796 5425 ut
1829 5383 2008 5437 neque
2040 5367 2157 5421 loco
2186 5382 2359 5435 neque
2400 5375 2644 5434 tempore
2670 5368 2989 5435 proliime-

1428 5475 1537 5517 tur.
1575 5461 1687 5515 lloe
1719 5462 1861 5515 enim
1908 5460 2084 5529 ipsum
2117 5457 2349 5511 maxime
2383 5472 2476 5511 eos
2512 5457 2819 5527 adjuvabat,
2844 5458 2986 5527 quod

1430 5556 1630 5624 ubique
1662 5553 1859 5607 caelum
1894 5559 2001 5615 est,
2032 5560 2086 5603 et
2117 5547 2263 5617 quod
2297 5548 2351 5603 in
2400 5550 2547 5602 omni
2588 5557 2829 5617 tempore
2858 5557 2986 5605 stat.

3088 3359 3290 3423 διδοὺς
3354 3359 3505 3415 ,πᾶσι
3558 3359 3713 3426 ζωὴν
3774 3361 3868 3412 καὶ
3938 3360 4155 3429 πνοήν.
4225 3362 4329 3413 Δύο
4392 3364 4681 3431 τεκμήρια

3089 3452 3371 3520 Θεότητος,
3426 3454 3486 3502 τὸ
3535 3451 3695 3503 αὐτόν
3745 3468 3803 3504 τε
3862 3451 4081 3520 μηδενὸς
4133 3452 4361 3516 δεῖσθαι,
4390 3456 4485 3506 καὶ
4537 3458 4682 3507 πᾶσι

3091 3542 3264 3596 πάντα
3292 3542 3572 3610 παρέχειν.
3620 3543 3750 3595 Ἰδοὺ
3790 3543 3845 3595 δὲ
3874 3545 3965 3595 καὶ
4008 3546 4105 3612 τῆς
4143 3544 4319 3615 ψυχῆς
4370 3546 4537 3600 αὐτὸν
4584 3548 4683 3616 δη-

3093 3635 3351 3703 μιουργὸν
3413 3636 3576 3699 ποιεῖ,
3638 3636 3698 3686 οὐ
3758 3636 4075 3703 γεννήτορα.
4156 3636 4398 3702 Ὀρίσας
4480 3653 4683 3704 προσ-

3090 3726 3484 3794 τεταγμένους
3532 3727 3790 3793 καιρούς.
3843 3726 4030 3794 ’Ὡρισε
4062 3727 4293 3797 ζητῆσαι
4356 3729 4447 3783 τὸν
4503 3731 4680 3784 836v-

3090 3814 3205 3867 ἀλλ’
3252 3816 3312 3867 οὐ
3358 3816 3649 3877 διαπαντὸς
3709 3814 3867 3867 τοῦτο
3930 3815 4151 3885 ὥρισεν,
4208 3817 4345 3869 ἀλλὰ
4383 3819 4425 3849 ¹⁶
4498 3835 4683 3888 προσ-

3091 3910 3458 3979 τεταγμένους
3488 3910 3960 3979 καιρούςονδεικνίις
3977 3912 4055 3963 ὅτι
4085 3910 4177 3963 νῦν
4204 3914 4321 3983 οὐχί
4337 3914 4685 3985 ζητήσαντες

3090 3992 3280 4070 εὗρον·
3380 3999 3567 4072 ἐπειδὴ
3644 4001 3749 4072 γὰρ
3845 4001 4181 4073 ζητήσαντες
4290 4006 4389 4076 οὐχ
4485 4001 4683 4078 εὗρον,

3090 4090 3358 4143 δείκνυσιν
3436 4093 3518 4143 ὅτι
3619 4092 3791 4155 οὕτως
3851 4088 3919 4162 ἦν
3999 4097 4247 4164 φανερῶς
4297 4096 4338 4128 ’⁷
4389 4137 4407 4163 ,
4479 4097 4685 4170 ὥσπερ

3091 4183 3156 4235 ἂν
3178 4186 3253 4244 εις
3288 4186 3451 4251 μέσον
3479 4201 3532 4236 τι
3556 4184 3975 4254 ψηλαφώμενος.
4029 4189 4105 4240 Οὐ
4130 4189 4239 4259 γὰρ
4287 4191 4522 4245 ἐνταῦθα
4572 4198 4685 4263 μὶν

3089 4268 3157 4342 ἦν
3194 4267 3437 4343 οὐρανὸς,
3478 4277 3706 4345 ἀλλαχοῦ
3754 4278 3808 4330 δὲ
3841 4277 3921 4330 οὔ·
3969 4280 4087 4331 οὐδὲ
4135 4282 4192 4331 ἐν
4233 4282 4406 4351 τούτῳ
4455 4283 4558 4348 μὲν
4608 4282 4687 4355 ἦν

3090 4364 3167 4433 τῷ
3201 4366 3395 4435 χρόνῳ,
3427 4368 3569 4436 ἄλλῳ
3597 4367 3652 4419 δὲ
3674 4367 3756 4421 οὗ.
3787 4369 3947 4422 Ὥστε
3978 4372 4070 4424 καὶ
4100 4372 4240 4424 κατὰ
4274 4372 4447 4426 πάντα
4478 4379 4684 4445 καιρὸν

3093 4458 3186 4508 καὶ
3224 4458 3365 4509 κατὰ
3411 4458 3589 4510 πᾶσαν
3639 4459 3918 4529 ὁροθεσίαν
3971 4462 4192 4515 δυνατὸν
4241 4465 4421 4533 εὑρεῖν
4475 4468 4680 4521 αὐτόν·

3094 4546 3263 4607 οὕτως
3314 4547 3682 4617 ᾠκονόμησεν,
3750 4550 3890 4602 ὥστε
3956 4554 4094 4621 μήτε
4163 4556 4312 4624 τόπῳ
4368 4556 4685 4612 κωλύεσθαι

3098 4640 3233 4707 μήτε
3262 4642 3457 4710 χρόνῳ.
3510 4644 3648 4695 Αὐτὸ
3687 4644 3794 4714 γὰρ
3840 4645 3998 4699 τοῦτο
4056 4648 4288 4716 μάλιστα
4321 4653 4503 4714 αὐτοῖς
4550 4669 4687 4705 συν-

3089 4727 3342 4781 εϐάλλετο
3372 4731 3431 4782 τὸ
3462 4733 3735 4801 πανταχοῦ
3776 4730 3912 4786 εἶναι
3958 4738 4048 4791 τὸν
4092 4740 4339 4807 οὐρανὸν,
4375 4744 4468 4793 καὶ
4510 4744 4573 4795 τὸ
4621 4747 4683 4796 ὲν

3090 4822 3250 4871 παντὶ
3308 4823 3481 4891 χρόνῳ
3528 4823 3767 4876 ἑστάναι.
3828 4827 4015 4890 Οὕτως
4066 4829 4233 4897 ἐγγύς
4280 4832 4419 4896 ἐστι,
4477 4839 4679 4903 φησιν,

3090 4911 3161 4969 ὡς
3213 4914 3382 4980 χωρίς
3438 4916 3602 4967 αὑτοῦ
3660 4916 3733 4987 μὴ
3780 4916 3900 4986 ζῇν.
3957 4920 4062 4973 Ἐν
4110 4921 4268 4987 αὐτῷ
4321 4924 4432 4991 ’γὰρ
4484 4926 4683 4994 ζῶμεν

3092 5005 3191 5056 καὶ
3229 5008 3546 5075 κινούμεθα
3595 5011 3691 5061 καὶ
3752 5010 3958 5078 ἐσμέν,
4010 5012 4221 5082 Ὠσπερ
4272 5017 4330 5067 ὲν
4372 5020 4681 5089 σωματικῷ

3093 5094 3447 5165 ὑποδείγματι
3476 5098 3516 5129 ¹⁸
3574 5100 3832 5153 ἀδύνατον
3888 5102 4153 5172 ἀγνοῆσαι
4209 5107 4346 5175 ἀέρα
4390 5111 4678 5179 πανταχοῦ

3092 5189 3406 5256 κεχυμένον,
3452 5190 3545 5241 καὶ
3577 5193 3637 5243 οὐ
3671 5194 3888 5261 μακρὰν
3920 5196 4028 5248 ἀπὸ
4072 5196 4191 5259 ἑνὸς
4239 5199 4469 5251 ἑκάστου
4511 5202 4679 5269 ἡμῶν

3090 5278 3421 5349 ὑπάρχοντα,
3455 5283 3653 5352 μᾶλλον
3681 5284 3737 5337 δὲ
3768 5286 3860 5338 καὶ
3898 5288 3954 5340 ὲν
3995 5290 4126 5358 ἡμῖν
4180 5290 4327 5344 ὄντα.
4387 5290 4496 5361 Τὴν
4537 5296 4680 5362 πρός

3087 5388 3234 5423 νοιαν
3275 5373 3438 5425 αὑτοῦ
3481 5373 3627 5442 λέγει
3674 5376 3767 5428 καὶ
3819 5378 3916 5445 τὴν
3972 5381 4356 5451 συγκρότησιν,
4415 5384 4476 5435 τὸ
4526 5382 4679 5439 εἶναι

3095 5459 3225 5528 παρ’
3253 5460 3438 5524 αὑτοῦ,
3472 5462 3531 5514 τὸ
3560 5465 3823 5533 ἐνεργεῖν,
3856 5467 3916 5518 τὸ
3944 5469 4018 5537 μὴ
4046 5470 4362 5525 ἀπολέσθαι.
4437 5473 4536 5538 Ὦς
4569 5480 4680 5531 καί

3098 5565 3257 5615 τινες
3349 5551 3468 5604 τῶν
3546 5554 3674 5609 καθ’
3747 5554 3904 5624 ὑμᾶς
3989 5559 4250 5627 ποιητῶν
4326 5564 4674 5633 εἰρήκασιν.

2593 5660 2792 5721 Variae
2823 5661 3127 5723 lectiones
3175 5671 3236 5723 et
3279 5672 3468 5726 noue.

1503 5768 1546 5799 ⁸⁸
1579 5766 1665 5817 ἵσ.
1696 5761 2078 5831 Ἐπικούρειοι.
2122 5830 2131 5831 7
2176 5761 2231 5831 7‘7'
2266 5760 2474 5813 Videtur
2514 5762 2800 5814 desiderari
2838 5763 3002 5814 κατά.

3101 5763 3141 5792 ³⁷
3174 5763 3262 5850 ξὀ-ἶ
3297 5767 3551 5837 φανερός.
3591 5767 3661 5823 Et
3715 5769 4053 5843 ψηλαφῶμεν
4102 5784 4196 5828 aut
4240 5775 4676 5850 ψηλαφώμενον.

1434 5840 1475 5871 ³⁸
1520 5834 1735 5889 Videtur
1774 5832 2079 5898 desiderari,
2116 5830 2373 5899 διδάσκει,
2408 5832 2758 5903 παρίστησιν,
2797 5842 2885 5886 aut
2915 5831 3085 5891 simile
3138 5834 3283 5901 quid.
