  <div class='ocr_page' id='page_1' title='image "/cluster/home/n/w/nwhite01/storage/ocr_20150623/125/nnc1.0046979794/378.png"; bbox 0 0 4794 6454; ppageno 0'>
   <div class='ocr_carea' id='block_1_1' title="bbox 185 472 287 533">
    <p class='ocr_par' dir='ltr' id='par_1_1' title="bbox 185 472 287 533">
     <span class='ocr_line' id='line_1_1' title="bbox 185 472 287 533; baseline 0.039 -4"><span class='ocrx_word' id='word_1_1' title='bbox 185 472 287 533; x_wconf 69' lang='grc'><strong>749</strong></span> 
     </span>
    </p>
   </div>
   <div class='ocr_carea' id='block_1_2' title="bbox 907 479 2774 557">
    <p class='ocr_par' dir='ltr' id='par_1_2' title="bbox 907 479 2774 557">
     <span class='ocr_line' id='line_1_2' title="bbox 907 479 2774 557; baseline 0.011 -21"><span class='ocrx_word' id='word_1_2' title='bbox 907 479 1312 539; x_wconf 83' lang='lat' dir='ltr'><strong>EXPOSlTlO</strong></span> <span class='ocrx_word' id='word_1_3' title='bbox 1353 480 1433 540; x_wconf 79' lang='grc' dir='ltr'><strong>ΙΝ</strong></span> <span class='ocrx_word' id='word_1_4' title='bbox 1466 482 1651 542; x_wconf 87' lang='lat' dir='ltr'><strong>ACTA</strong></span> <span class='ocrx_word' id='word_1_5' title='bbox 1700 483 2274 550; x_wconf 80' lang='lat' dir='ltr'><strong>APOSTOLORUM.</strong></span> <span class='ocrx_word' id='word_1_6' title='bbox 2301 517 2367 526; x_wconf 81' lang='grc'><strong><em>--</em></strong></span> <span class='ocrx_word' id='word_1_7' title='bbox 2391 492 2546 554; x_wconf 76' lang='lat' dir='ltr'><strong>CAP.</strong></span> <span class='ocrx_word' id='word_1_8' title='bbox 2592 496 2774 557; x_wconf 80' lang='lat' dir='ltr'><strong>XVII.</strong></span> 
     </span>
    </p>
   </div>
   <div class='ocr_carea' id='block_1_3' title="bbox 3315 503 3424 570">
    <p class='ocr_par' dir='ltr' id='par_1_3' title="bbox 3315 503 3424 570">
     <span class='ocr_line' id='line_1_3' title="bbox 3315 503 3424 570; baseline 0.046 -5"><span class='ocrx_word' id='word_1_9' title='bbox 3315 503 3424 570; x_wconf 83' lang='lat'><strong>750</strong></span> 
     </span>
    </p>
   </div>
   <div class='ocr_carea' id='block_1_4' title="bbox 196 589 2089 680">
    <p class='ocr_par' dir='ltr' id='par_1_4' title="bbox 196 589 2089 669">
     <span class='ocr_line' id='line_1_4' title="bbox 196 589 2089 669; baseline 0.006 -29"><span class='ocrx_word' id='word_1_10' title='bbox 196 592 428 658; x_wconf 67' lang='grc' dir='ltr'>Ἄρατος</span> <span class='ocrx_word' id='word_1_11' title='bbox 457 591 560 660; x_wconf 82' lang='grc' dir='ltr'><strong>μὲν</strong></span> <span class='ocrx_word' id='word_1_12' title='bbox 601 593 628 644; x_wconf 84' lang='grc' dir='ltr'>ὁ</span> <span class='ocrx_word' id='word_1_13' title='bbox 658 594 818 661; x_wconf 75' lang='grc' dir='ltr'>σοφὸς</span> <span class='ocrx_word' id='word_1_14' title='bbox 850 594 977 663; x_wconf 70' lang='grc' dir='ltr'>περὶ</span> <span class='ocrx_word' id='word_1_15' title='bbox 1006 592 1100 645; x_wconf 75' lang='grc' dir='ltr'><strong>τοῦ</strong></span> <span class='ocrx_word' id='word_1_16' title='bbox 1130 593 1249 656; x_wconf 81' lang='grc' dir='ltr'><strong>Διὸς</strong></span> <span class='ocrx_word' id='word_1_17' title='bbox 1289 589 1410 645; x_wconf 84' lang='grc' dir='ltr'>εἷπε</span> <span class='ocrx_word' id='word_1_18' title='bbox 1430 611 1443 624; x_wconf 74' lang='grc' dir='ltr'>ο</span> <span class='ocrx_word' id='word_1_19' title='bbox 1495 592 1611 647; x_wconf 82' lang='grc' dir='ltr'><strong>Τοῦ</strong></span> <span class='ocrx_word' id='word_1_20' title='bbox 1652 595 1764 664; x_wconf 76' lang='grc' dir='ltr'>γὰρ</span> <span class='ocrx_word' id='word_1_21' title='bbox 1790 599 1836 658; x_wconf 77' lang='grc' dir='ltr'><strong>Α</strong></span> <span class='ocrx_word' id='word_1_22' title='bbox 1867 598 2017 653; x_wconf 81' lang='lat' dir='ltr'><strong>Adeo</strong></span> <span class='ocrx_word' id='word_1_23' title='bbox 2039 615 2089 669; x_wconf 86' lang='lat' dir='ltr'><strong>pl</strong></span> 
     </span>
    </p>
   </div>
   <div class='ocr_carea' id='block_1_5' title="bbox 1540 589 3433 680">
    <p class='ocr_par' dir='ltr' id='par_1_5' title="bbox 1540 593 3433 680">
     <span class='ocr_line' id='line_1_5' title="bbox 1540 593 3433 680; baseline 0.014 -33"><span class='ocrx_word' id='word_1_24' title='bbox 1540 593 1611 647; x_wconf 90' lang='grc' dir='ltr'><strong>οῦ</strong></span> <span class='ocrx_word' id='word_1_25' title='bbox 1652 595 1764 664; x_wconf 78' lang='grc' dir='ltr'>γὰρ</span> <span class='ocrx_word' id='word_1_26' title='bbox 1790 599 1836 658; x_wconf 77' lang='grc' dir='ltr'><strong>Α</strong></span> <span class='ocrx_word' id='word_1_27' title='bbox 1867 598 2017 653; x_wconf 83' lang='lat' dir='ltr'><strong>Adeo</strong></span> <span class='ocrx_word' id='word_1_28' title='bbox 2039 615 2208 669; x_wconf 85' lang='lat' dir='ltr'><strong>prope</strong></span> <span class='ocrx_word' id='word_1_29' title='bbox 2238 611 2342 665; x_wconf 84' lang='lat' dir='ltr'><strong>est.</strong></span> <span class='ocrx_word' id='word_1_30' title='bbox 2368 603 2562 674; x_wconf 84' lang='lat' dir='ltr'><strong>inquit,</strong></span> <span class='ocrx_word' id='word_1_31' title='bbox 2591 616 2650 660; x_wconf 90' lang='lat' dir='ltr'><strong>ut</strong></span> <span class='ocrx_word' id='word_1_32' title='bbox 2682 607 2837 678; x_wconf 76' lang='lat'><strong>137</strong></span> <span class='ocrx_word' id='word_1_33' title='bbox 2869 610 3073 680; x_wconf 91' lang='lat' dir='ltr'><strong>absque</strong></span> <span class='ocrx_word' id='word_1_34' title='bbox 3119 612 3208 670; x_wconf 92' lang='lat' dir='ltr'><strong>illo</strong></span> <span class='ocrx_word' id='word_1_35' title='bbox 3252 615 3433 674; x_wconf 77' lang='lat' dir='ltr'><strong>vivere</strong></span> 
     </span>
    </p>
   </div>
   <div class='ocr_carea' id='block_1_6' title="bbox 181 681 1753 757">
    <p class='ocr_par' dir='ltr' id='par_1_6' title="bbox 181 681 1753 757">
     <span class='ocr_line' id='line_1_6' title="bbox 181 681 1753 757; baseline 0.003 -23"><span class='ocrx_word' id='word_1_36' title='bbox 181 682 270 740; x_wconf 77' lang='grc' dir='ltr'><strong>καὶ</strong></span> <span class='ocrx_word' id='word_1_37' title='bbox 323 681 500 751; x_wconf 77' lang='grc' dir='ltr'><em>γένος</em></span> <span class='ocrx_word' id='word_1_38' title='bbox 533 682 757 751; x_wconf 61' lang='grc' dir='ltr'><em>ἐσμένθ</em></span> <span class='ocrx_word' id='word_1_39' title='bbox 793 702 944 747; x_wconf 80' lang='grc' dir='ltr'>ουτος</span> <span class='ocrx_word' id='word_1_40' title='bbox 991 685 1046 736; x_wconf 73' lang='grc' dir='ltr'><strong>δὲ</strong></span> <span class='ocrx_word' id='word_1_41' title='bbox 1094 685 1223 755; x_wconf 75' lang='grc' dir='ltr'>περὶ</span> <span class='ocrx_word' id='word_1_42' title='bbox 1272 683 1363 737; x_wconf 75' lang='grc' dir='ltr'><strong>τοῦ</strong></span> <span class='ocrx_word' id='word_1_43' title='bbox 1409 685 1753 757; x_wconf 78' lang='grc' dir='ltr'>Δημιουργοῦ</span> 
     </span>
    </p>
   </div>
   <div class='ocr_carea' id='block_1_7' title="bbox 178 773 1754 847">
    <p class='ocr_par' dir='ltr' id='par_1_7' title="bbox 178 773 1754 847">
     <span class='ocr_line' id='line_1_7' title="bbox 178 773 1754 847; baseline 0.005 -24"><span class='ocrx_word' id='word_1_44' title='bbox 178 773 306 824; x_wconf 66' lang='grc' dir='ltr'><strong>αὐτο</strong></span> <span class='ocrx_word' id='word_1_45' title='bbox 329 773 500 839; x_wconf 78' lang='grc' dir='ltr'>λέγει,</span> <span class='ocrx_word' id='word_1_46' title='bbox 530 776 589 826; x_wconf 72' lang='grc' dir='ltr'>οὐ</span> <span class='ocrx_word' id='word_1_47' title='bbox 617 775 706 828; x_wconf 74' lang='grc' dir='ltr'><strong>τὸν</strong></span> <span class='ocrx_word' id='word_1_48' title='bbox 733 775 894 830; x_wconf 77' lang='grc' dir='ltr'><strong>αὑτὸν</strong></span> <span class='ocrx_word' id='word_1_49' title='bbox 926 775 1121 846; x_wconf 77' lang='grc' dir='ltr'>ἐκεινῳ</span> <span class='ocrx_word' id='word_1_50' title='bbox 1153 777 1345 843; x_wconf 73' lang='grc' dir='ltr'>λέγων,</span> <span class='ocrx_word' id='word_1_51' title='bbox 1391 776 1466 847; x_wconf 80' lang='grc' dir='ltr'><strong>μὴ</strong></span> <span class='ocrx_word' id='word_1_52' title='bbox 1511 777 1754 844; x_wconf 83' lang='grc' dir='ltr'>γένοιτοΙ</span> 
     </span>
    </p>
   </div>
   <div class='ocr_carea' id='block_1_8' title="bbox 180 865 1756 939">
    <p class='ocr_par' dir='ltr' id='par_1_8' title="bbox 180 865 1756 939">
     <span class='ocr_line' id='line_1_8' title="bbox 180 865 1756 939; baseline 0.004 -23"><span class='ocrx_word' id='word_1_53' title='bbox 180 865 333 916; x_wconf 74' lang='grc' dir='ltr'><strong>’Δὶλὰ</strong></span> <span class='ocrx_word' id='word_1_54' title='bbox 379 869 442 918; x_wconf 82' lang='grc' dir='ltr'><strong>τὸ</strong></span> <span class='ocrx_word' id='word_1_55' title='bbox 525 867 728 936; x_wconf 80' lang='grc' dir='ltr'>κυρίως</span> <span class='ocrx_word' id='word_1_56' title='bbox 781 867 868 920; x_wconf 72' lang='grc' dir='ltr'><strong>ἐπ’</strong></span> <span class='ocrx_word' id='word_1_57' title='bbox 928 868 1077 939; x_wconf 84' lang='grc' dir='ltr'><strong>αὐτῷ</strong></span> <span class='ocrx_word' id='word_1_58' title='bbox 1132 871 1174 902; x_wconf 81' lang='grc'><strong>¹⁹</strong></span> <span class='ocrx_word' id='word_1_59' title='bbox 1223 869 1431 930; x_wconf 84' lang='grc' dir='ltr'>λέγων·</span> <span class='ocrx_word' id='word_1_60' title='bbox 1485 871 1608 923; x_wconf 74' lang='grc' dir='ltr'><strong>ἐπεὶ</strong></span> <span class='ocrx_word' id='word_1_61' title='bbox 1662 873 1756 925; x_wconf 70' lang='grc' dir='ltr'><strong>καὶ</strong></span> 
     </span>
    </p>
   </div>
   <div class='ocr_carea' id='block_1_9' title="bbox 179 956 1756 1026">
    <p class='ocr_par' dir='ltr' id='par_1_9' title="bbox 179 956 1756 1026">
     <span class='ocr_line' id='line_1_9' title="bbox 179 956 1756 1026; baseline 0.005 -18"><span class='ocrx_word' id='word_1_62' title='bbox 179 959 356 1026; x_wconf 71' lang='grc' dir='ltr'>βωμὸν</span> <span class='ocrx_word' id='word_1_63' title='bbox 384 959 578 1012; x_wconf 76' lang='grc' dir='ltr'><strong>τούτου</strong></span> <span class='ocrx_word' id='word_1_64' title='bbox 616 956 792 1025; x_wconf 76' lang='grc' dir='ltr'>εἶπεν,</span> <span class='ocrx_word' id='word_1_65' title='bbox 842 962 940 1014; x_wconf 76' lang='grc' dir='ltr'>οὐκ</span> <span class='ocrx_word' id='word_1_66' title='bbox 987 961 1192 1014; x_wconf 78' lang='grc' dir='ltr'>ἐκείνου</span> <span class='ocrx_word' id='word_1_67' title='bbox 1226 956 1287 1016; x_wconf 77' lang='grc' dir='ltr'>οὗ</span> <span class='ocrx_word' id='word_1_68' title='bbox 1352 960 1560 1015; x_wconf 71' lang='grc' dir='ltr'><strong>ἔσεϐον.</strong></span> <span class='ocrx_word' id='word_1_69' title='bbox 1599 963 1756 1026; x_wconf 84' lang='grc' dir='ltr'><strong>Γένυς</strong></span> 
     </span>
    </p>
   </div>
   <div class='ocr_carea' id='block_1_10' title="bbox 175 1047 1755 1122">
    <p class='ocr_par' dir='ltr' id='par_1_10' title="bbox 175 1047 1755 1122">
     <span class='ocr_line' id='line_1_10' title="bbox 175 1047 1755 1122; baseline 0.006 -23"><span class='ocrx_word' id='word_1_70' title='bbox 175 1050 260 1100; x_wconf 74' lang='grc' dir='ltr'><strong>τοῦ</strong></span> <span class='ocrx_word' id='word_1_71' title='bbox 291 1051 430 1102; x_wconf 78' lang='grc' dir='ltr'><strong>Θεοῦ</strong></span> <span class='ocrx_word' id='word_1_72' title='bbox 461 1047 616 1104; x_wconf 82' lang='grc' dir='ltr'>εἶπεν</span> <span class='ocrx_word' id='word_1_73' title='bbox 660 1055 830 1122; x_wconf 77' lang='grc' dir='ltr'>ἡμᾶς,</span> <span class='ocrx_word' id='word_1_74' title='bbox 900 1055 1175 1107; x_wconf 76' lang='grc' dir='ltr'><strong>τουτέστιν</strong></span> <span class='ocrx_word' id='word_1_75' title='bbox 1239 1053 1473 1118; x_wconf 78' lang='grc' dir='ltr'>οἰκείους</span> <span class='ocrx_word' id='word_1_76' title='bbox 1520 1056 1755 1122; x_wconf 74' lang='grc' dir='ltr'><strong>ἐγγυτά-</strong></span> 
     </span>
    </p>
   </div>
   <div class='ocr_carea' id='block_1_11' title="bbox 174 1145 1758 1218">
    <p class='ocr_par' dir='ltr' id='par_1_11' title="bbox 174 1145 1758 1218">
     <span class='ocr_line' id='line_1_11' title="bbox 174 1145 1758 1218; baseline 0.005 -27"><span class='ocrx_word' id='word_1_77' title='bbox 174 1157 314 1202; x_wconf 72' lang='grc' dir='ltr'><strong>τους·</strong></span> <span class='ocrx_word' id='word_1_78' title='bbox 351 1145 540 1212; x_wconf 81' lang='grc' dir='ltr'>ἐπειδὴ</span> <span class='ocrx_word' id='word_1_79' title='bbox 593 1148 656 1197; x_wconf 82' lang='grc' dir='ltr'><strong>ἐκ</strong></span> <span class='ocrx_word' id='word_1_80' title='bbox 697 1146 791 1198; x_wconf 81' lang='grc' dir='ltr'><strong>τοῦ</strong></span> <span class='ocrx_word' id='word_1_81' title='bbox 822 1147 1014 1214; x_wconf 83' lang='grc' dir='ltr'>γένους</span> <span class='ocrx_word' id='word_1_82' title='bbox 1047 1148 1204 1217; x_wconf 81' lang='grc' dir='ltr'><strong>ἡμῶν</strong></span> <span class='ocrx_word' id='word_1_83' title='bbox 1249 1148 1276 1198; x_wconf 84' lang='grc' dir='ltr'><strong>ὁ</strong></span> <span class='ocrx_word' id='word_1_84' title='bbox 1325 1147 1456 1210; x_wconf 81' lang='grc' dir='ltr'><strong>Θεὸς</strong></span> <span class='ocrx_word' id='word_1_85' title='bbox 1500 1148 1758 1218; x_wconf 80' lang='grc' dir='ltr'><strong>εὑδόκησε</strong></span> 
     </span>
    </p>
   </div>
   <div class='ocr_carea' id='block_1_12' title="bbox 175 1233 1760 1309">
    <p class='ocr_par' dir='ltr' id='par_1_12' title="bbox 175 1233 1760 1309">
     <span class='ocr_line' id='line_1_12' title="bbox 175 1233 1760 1309; baseline 0.006 -27"><span class='ocrx_word' id='word_1_86' title='bbox 175 1233 430 1301; x_wconf 73' lang='grc' dir='ltr'><strong>τεχθῆναι</strong></span> <span class='ocrx_word' id='word_1_87' title='bbox 479 1237 572 1288; x_wconf 78' lang='grc' dir='ltr'><strong>ἐπὶ</strong></span> <span class='ocrx_word' id='word_1_88' title='bbox 619 1239 719 1306; x_wconf 74' lang='grc' dir='ltr'><strong>τῆς</strong></span> <span class='ocrx_word' id='word_1_89' title='bbox 763 1241 886 1308; x_wconf 79' lang='grc' dir='ltr'><strong>γῆς.</strong></span> <span class='ocrx_word' id='word_1_90' title='bbox 939 1241 1052 1292; x_wconf 74' lang='grc' dir='ltr'><strong>Οὐκ</strong></span> <span class='ocrx_word' id='word_1_91' title='bbox 1098 1236 1218 1292; x_wconf 79' lang='grc' dir='ltr'>εἷπε</span> <span class='ocrx_word' id='word_1_92' title='bbox 1259 1239 1338 1301; x_wconf 84' lang='grc' dir='ltr'><strong>δὲ,</strong></span> <span class='ocrx_word' id='word_1_93' title='bbox 1374 1241 1488 1292; x_wconf 74' lang='grc' dir='ltr'><strong>Οὐκ</strong></span> <span class='ocrx_word' id='word_1_94' title='bbox 1518 1238 1760 1309; x_wconf 73' lang='grc' dir='ltr'>ὀφείλετε</span> 
     </span>
    </p>
   </div>
   <div class='ocr_carea' id='block_1_13' title="bbox 174 1326 1759 1402">
    <p class='ocr_par' dir='ltr' id='par_1_13' title="bbox 174 1326 1759 1402">
     <span class='ocr_line' id='line_1_13' title="bbox 174 1326 1759 1402; baseline 0.006 -28"><span class='ocrx_word' id='word_1_95' title='bbox 174 1326 352 1394; x_wconf 75' lang='grc' dir='ltr'>χρυσῷ</span> <span class='ocrx_word' id='word_1_96' title='bbox 389 1327 425 1395; x_wconf 72' lang='grc' dir='ltr'>ἦ</span> <span class='ocrx_word' id='word_1_97' title='bbox 475 1329 703 1398; x_wconf 80' lang='grc' dir='ltr'>ἀργύρῳ</span> <span class='ocrx_word' id='word_1_98' title='bbox 752 1330 813 1382; x_wconf 81' lang='grc' dir='ltr'>τὸ</span> <span class='ocrx_word' id='word_1_99' title='bbox 873 1331 1016 1382; x_wconf 82' lang='grc' dir='ltr'>οεῖον</span> <span class='ocrx_word' id='word_1_100' title='bbox 1077 1331 1320 1400; x_wconf 73' lang='grc' dir='ltr'>νομίζειν</span> <span class='ocrx_word' id='word_1_101' title='bbox 1371 1326 1510 1384; x_wconf 74' lang='grc' dir='ltr'>εἶναι</span> <span class='ocrx_word' id='word_1_102' title='bbox 1553 1331 1759 1402; x_wconf 86' lang='grc' dir='ltr'>ὅμοιον,</span> 
     </span>
    </p>
   </div>
   <div class='ocr_carea' id='block_1_14' title="bbox 171 1415 1760 1492">
    <p class='ocr_par' dir='ltr' id='par_1_14' title="bbox 171 1415 1760 1492">
     <span class='ocr_line' id='line_1_14' title="bbox 171 1415 1760 1492; baseline 0.01 -28"><span class='ocrx_word' id='word_1_103' title='bbox 171 1415 297 1467; x_wconf 70' lang='grc' dir='ltr'><em>ἀλλὰ</em></span> <span class='ocrx_word' id='word_1_104' title='bbox 345 1421 735 1490; x_wconf 74' lang='grc' dir='ltr'><strong>ταπεινότερον</strong></span> <span class='ocrx_word' id='word_1_105' title='bbox 783 1424 998 1482; x_wconf 75' lang='grc' dir='ltr'><strong>τούτου,</strong></span> <span class='ocrx_word' id='word_1_106' title='bbox 1059 1426 1180 1475; x_wconf 72' lang='grc' dir='ltr'><strong>Οὐκ</strong></span> <span class='ocrx_word' id='word_1_107' title='bbox 1227 1424 1568 1492; x_wconf 67' lang='grc' dir='ltr'><strong>ὀφείλομεν.</strong></span> <span class='ocrx_word' id='word_1_108' title='bbox 1619 1422 1760 1490; x_wconf 85' lang='grc' dir='ltr'><strong>Ὅρα</strong></span> 
     </span>
    </p>
   </div>
   <div class='ocr_carea' id='block_1_15' title="bbox 168 1507 1742 1586">
    <p class='ocr_par' dir='ltr' id='par_1_15' title="bbox 168 1507 1742 1586">
     <span class='ocr_line' id='line_1_15' title="bbox 168 1507 1742 1586; baseline 0.008 -29"><span class='ocrx_word' id='word_1_109' title='bbox 168 1507 219 1558; x_wconf 78' lang='grc' dir='ltr'><strong>δὲ</strong></span> <span class='ocrx_word' id='word_1_110' title='bbox 261 1509 381 1572; x_wconf 80' lang='grc' dir='ltr'><strong>πῶς</strong></span> <span class='ocrx_word' id='word_1_111' title='bbox 423 1511 485 1563; x_wconf 69' lang='grc' dir='ltr'><strong>τὸ</strong></span> <span class='ocrx_word' id='word_1_112' title='bbox 532 1512 824 1583; x_wconf 81' lang='grc' dir='ltr'><strong>ἀσώματον</strong></span> <span class='ocrx_word' id='word_1_113' title='bbox 877 1516 1194 1584; x_wconf 74' lang='grc' dir='ltr'>εισήγαγεν.</span> <span class='ocrx_word' id='word_1_114' title='bbox 1254 1517 1317 1569; x_wconf 85' lang='grc' dir='ltr'><strong>Ἦ</strong></span> <span class='ocrx_word' id='word_1_115' title='bbox 1364 1518 1472 1586; x_wconf 79' lang='grc' dir='ltr'><strong>γὰρ</strong></span> <span class='ocrx_word' id='word_1_116' title='bbox 1515 1516 1742 1578; x_wconf 78' lang='grc' dir='ltr'><strong>διάνοια,</strong></span> 
     </span>
    </p>
   </div>
   <div class='ocr_carea' id='block_1_16' title="bbox 168 1600 1562 1675">
    <p class='ocr_par' dir='ltr' id='par_1_16' title="bbox 168 1600 1562 1675">
     <span class='ocr_line' id='line_1_16' title="bbox 168 1600 1562 1675; baseline 0.009 -28"><span class='ocrx_word' id='word_1_117' title='bbox 168 1600 286 1651; x_wconf 71' lang='grc' dir='ltr'>ὅταν</span> <span class='ocrx_word' id='word_1_118' title='bbox 310 1602 632 1673; x_wconf 79' lang='grc' dir='ltr'><strong>ὑποπτεύσῃ</strong></span> <span class='ocrx_word' id='word_1_119' title='bbox 674 1603 854 1673; x_wconf 79' lang='grc' dir='ltr'>σῶμα,</span> <span class='ocrx_word' id='word_1_120' title='bbox 893 1607 990 1658; x_wconf 79' lang='grc' dir='ltr'><strong>καὶ</strong></span> <span class='ocrx_word' id='word_1_121' title='bbox 1021 1605 1295 1675; x_wconf 81' lang='grc' dir='ltr'><strong>διάστημα</strong></span> <span class='ocrx_word' id='word_1_122' title='bbox 1327 1606 1562 1659; x_wconf 79' lang='grc' dir='ltr'><strong>ὑπονοεῖ.</strong></span> 
     </span>
    </p>
   </div>
   <div class='ocr_carea' id='block_1_17' title="bbox 1861 695 3433 767">
    <p class='ocr_par' dir='ltr' id='par_1_17' title="bbox 1861 695 3433 767">
     <span class='ocr_line' id='line_1_17' title="bbox 1861 695 3433 767; baseline 0.011 -21"><span class='ocrx_word' id='word_1_123' title='bbox 1861 708 1969 746; x_wconf 92' lang='lat' dir='ltr'><strong>non</strong></span> <span class='ocrx_word' id='word_1_124' title='bbox 2007 695 2297 764; x_wconf 84' lang='lat' dir='ltr'><strong>possimus.</strong></span> <span class='ocrx_word' id='word_1_125' title='bbox 2325 697 2426 751; x_wconf 84' lang='lat' dir='ltr'><strong>Per</strong></span> <span class='ocrx_word' id='word_1_126' title='bbox 2463 700 2634 767; x_wconf 85' lang='lat' dir='ltr'><strong>ipsum</strong></span> <span class='ocrx_word' id='word_1_127' title='bbox 2680 702 2817 754; x_wconf 87' lang='lat' dir='ltr'><strong>enim</strong></span> <span class='ocrx_word' id='word_1_128' title='bbox 2852 703 3068 760; x_wconf 77' lang='lat' dir='ltr'><strong>vivimus</strong></span> <span class='ocrx_word' id='word_1_129' title='bbox 3098 715 3146 760; x_wconf 86' lang='lat' dir='ltr'><strong>et</strong></span> <span class='ocrx_word' id='word_1_130' title='bbox 3171 725 3433 764; x_wconf 80' lang='lat' dir='ltr'><strong>movemur</strong></span> 
     </span>
    </p>
   </div>
   <div class='ocr_carea' id='block_1_18' title="bbox 1861 786 3433 868">
    <p class='ocr_par' dir='ltr' id='par_1_18' title="bbox 1861 786 3433 868">
     <span class='ocr_line' id='line_1_18' title="bbox 1861 786 3433 868; baseline 0.013 -31"><span class='ocrx_word' id='word_1_131' title='bbox 1861 797 1906 838; x_wconf 87' lang='lat' dir='ltr'><strong>et</strong></span> <span class='ocrx_word' id='word_1_132' title='bbox 1931 803 2131 840; x_wconf 82' lang='lat' dir='ltr'><strong>siunus.</strong></span> <span class='ocrx_word' id='word_1_133' title='bbox 2161 786 2322 852; x_wconf 84' lang='lat' dir='ltr'><strong>Quasi</strong></span> <span class='ocrx_word' id='word_1_134' title='bbox 2360 804 2620 859; x_wconf 90' lang='lat' dir='ltr'><strong>corporea</strong></span> <span class='ocrx_word' id='word_1_135' title='bbox 2653 791 3012 850; x_wconf 78' lang='lat' dir='ltr'><strong>similitudine</strong></span> <span class='ocrx_word' id='word_1_136' title='bbox 3046 807 3209 868; x_wconf 88' lang='lat' dir='ltr'><strong>atque</strong></span> <span class='ocrx_word' id='word_1_137' title='bbox 3243 816 3433 856; x_wconf 77' lang='lat' dir='ltr'><strong>exem-</strong></span> 
     </span>
    </p>
   </div>
   <div class='ocr_carea' id='block_1_19' title="bbox 1861 878 3432 963">
    <p class='ocr_par' dir='ltr' id='par_1_19' title="bbox 1861 878 3432 963">
     <span class='ocr_line' id='line_1_19' title="bbox 1861 878 3432 963; baseline 0.013 -34"><span class='ocrx_word' id='word_1_138' title='bbox 1861 878 1951 946; x_wconf 89' lang='lat' dir='ltr'><strong>plo</strong></span> <span class='ocrx_word' id='word_1_139' title='bbox 1979 879 2220 933; x_wconf 90' lang='lat' dir='ltr'><strong>ostendit</strong></span> <span class='ocrx_word' id='word_1_140' title='bbox 2249 878 2364 933; x_wconf 84' lang='lat' dir='ltr'><strong>ﬁeri</strong></span> <span class='ocrx_word' id='word_1_141' title='bbox 2404 897 2510 934; x_wconf 91' lang='lat' dir='ltr'><strong>non</strong></span> <span class='ocrx_word' id='word_1_142' title='bbox 2553 899 2735 952; x_wconf 87' lang='lat' dir='ltr'><strong>posse,</strong></span> <span class='ocrx_word' id='word_1_143' title='bbox 2769 896 2829 939; x_wconf 92' lang='lat' dir='ltr'><strong>ut</strong></span> <span class='ocrx_word' id='word_1_144' title='bbox 2850 901 2944 941; x_wconf 89' lang='lat' dir='ltr'><strong>aer</strong></span> <span class='ocrx_word' id='word_1_145' title='bbox 2977 889 3068 958; x_wconf 92' lang='lat' dir='ltr'><strong>qui</strong></span> <span class='ocrx_word' id='word_1_146' title='bbox 3103 892 3304 963; x_wconf 87' lang='lat' dir='ltr'><strong>ubique</strong></span> <span class='ocrx_word' id='word_1_147' title='bbox 3342 893 3432 949; x_wconf 77' lang='lat' dir='ltr'><strong>fu-</strong></span> 
     </span>
    </p>
   </div>
   <div class='ocr_carea' id='block_1_20' title="bbox 1860 972 3433 1046">
    <p class='ocr_par' dir='ltr' id='par_1_20' title="bbox 1860 972 3433 1046">
     <span class='ocr_line' id='line_1_20' title="bbox 1860 972 3433 1046; baseline 0.015 -27"><span class='ocrx_word' id='word_1_148' title='bbox 1860 982 1972 1032; x_wconf 82' lang='lat' dir='ltr'><strong>sus,</strong></span> <span class='ocrx_word' id='word_1_149' title='bbox 2006 985 2068 1023; x_wconf 92' lang='lat' dir='ltr'><strong>ac</strong></span> <span class='ocrx_word' id='word_1_150' title='bbox 2099 986 2205 1024; x_wconf 91' lang='lat' dir='ltr'><strong>non</strong></span> <span class='ocrx_word' id='word_1_151' title='bbox 2228 972 2501 1038; x_wconf 89' lang='lat' dir='ltr'><strong>proculab</strong></span> <span class='ocrx_word' id='word_1_152' title='bbox 2525 990 2852 1046; x_wconf 86' lang='lat' dir='ltr'><strong>unoquoque</strong></span> <span class='ocrx_word' id='word_1_153' title='bbox 2875 989 3140 1044; x_wconf 87' lang='lat' dir='ltr'><strong>nostrum.</strong></span> <span class='ocrx_word' id='word_1_154' title='bbox 3173 984 3282 1039; x_wconf 91' lang='lat' dir='ltr'><strong>imo</strong></span> <span class='ocrx_word' id='word_1_155' title='bbox 3305 1002 3433 1042; x_wconf 84' lang='lat' dir='ltr'><strong>vero</strong></span> 
     </span>
    </p>
   </div>
   <div class='ocr_carea' id='block_1_21' title="bbox 1861 1059 3428 1138">
    <p class='ocr_par' dir='ltr' id='par_1_21' title="bbox 1861 1059 3428 1138">
     <span class='ocr_line' id='line_1_21' title="bbox 1861 1059 3428 1138; baseline 0.015 -27"><span class='ocrx_word' id='word_1_156' title='bbox 1861 1059 1950 1128; x_wconf 85' lang='lat' dir='ltr'><strong>qui</strong></span> <span class='ocrx_word' id='word_1_157' title='bbox 2004 1063 2169 1116; x_wconf 85' lang='lat' dir='ltr'><strong>etiam</strong></span> <span class='ocrx_word' id='word_1_158' title='bbox 2215 1064 2266 1116; x_wconf 91' lang='lat' dir='ltr'><strong>in</strong></span> <span class='ocrx_word' id='word_1_159' title='bbox 2317 1065 2475 1119; x_wconf 86' lang='lat' dir='ltr'><strong>nobis</strong></span> <span class='ocrx_word' id='word_1_160' title='bbox 2511 1075 2614 1130; x_wconf 89' lang='lat' dir='ltr'><strong>est,</strong></span> <span class='ocrx_word' id='word_1_161' title='bbox 2669 1069 2968 1138; x_wconf 76' lang='lat' dir='ltr'><strong>ignoretur.</strong></span> <span class='ocrx_word' id='word_1_162' title='bbox 3026 1072 3428 1134; x_wconf 81' lang='lat' dir='ltr'><strong>Providentiam</strong></span> 
     </span>
    </p>
   </div>
   <div class='ocr_carea' id='block_1_22' title="bbox 1859 1153 3431 1236">
    <p class='ocr_par' dir='ltr' id='par_1_22' title="bbox 1859 1153 3431 1236">
     <span class='ocr_line' id='line_1_22' title="bbox 1859 1153 3431 1236; baseline 0.014 -30"><span class='ocrx_word' id='word_1_163' title='bbox 1859 1153 2001 1207; x_wconf 85' lang='lat' dir='ltr'><strong>illius</strong></span> <span class='ocrx_word' id='word_1_164' title='bbox 2038 1155 2323 1224; x_wconf 75' lang='lat' dir='ltr'><strong>significat.</strong></span> <span class='ocrx_word' id='word_1_165' title='bbox 2369 1166 2424 1212; x_wconf 89' lang='lat' dir='ltr'><strong>et</strong></span> <span class='ocrx_word' id='word_1_166' title='bbox 2463 1158 2845 1216; x_wconf 83' lang='lat' dir='ltr'><strong>conﬂationem</strong></span> <span class='ocrx_word' id='word_1_167' title='bbox 2881 1175 3045 1236; x_wconf 87' lang='lat' dir='ltr'><strong>atque</strong></span> <span class='ocrx_word' id='word_1_168' title='bbox 3089 1173 3431 1228; x_wconf 77' lang='lat' dir='ltr'><strong>exercitatio-</strong></span> 
     </span>
    </p>
   </div>
   <div class='ocr_carea' id='block_1_23' title="bbox 1861 1249 3431 1327">
    <p class='ocr_par' dir='ltr' id='par_1_23' title="bbox 1861 1249 3431 1327">
     <span class='ocr_line' id='line_1_23' title="bbox 1861 1249 3431 1327; baseline 0.015 -31"><span class='ocrx_word' id='word_1_169' title='bbox 1861 1259 2005 1306; x_wconf 68' lang='lat' dir='ltr'><strong>nem,</strong></span> <span class='ocrx_word' id='word_1_170' title='bbox 2038 1261 2231 1312; x_wconf 84' lang='lat' dir='ltr'><strong>nempe</strong></span> <span class='ocrx_word' id='word_1_171' title='bbox 2252 1249 2393 1316; x_wconf 88' lang='lat' dir='ltr'><strong>quod</strong></span> <span class='ocrx_word' id='word_1_172' title='bbox 2429 1249 2496 1303; x_wconf 91' lang='lat' dir='ltr'><strong>ab</strong></span> <span class='ocrx_word' id='word_1_173' title='bbox 2529 1252 2620 1304; x_wconf 92' lang='lat' dir='ltr'><strong>illo</strong></span> <span class='ocrx_word' id='word_1_174' title='bbox 2646 1252 2816 1308; x_wconf 87' lang='lat' dir='ltr'><strong>simus</strong></span> <span class='ocrx_word' id='word_1_175' title='bbox 2844 1257 3034 1318; x_wconf 72' lang='lat' dir='ltr'><strong>creati.</strong></span> <span class='ocrx_word' id='word_1_176' title='bbox 3073 1260 3216 1327; x_wconf 90' lang='lat' dir='ltr'><strong>quod</strong></span> <span class='ocrx_word' id='word_1_177' title='bbox 3247 1263 3313 1317; x_wconf 91' lang='lat' dir='ltr'><strong>ab</strong></span> <span class='ocrx_word' id='word_1_178' title='bbox 3339 1264 3431 1319; x_wconf 90' lang='lat' dir='ltr'><strong>illo</strong></span> 
     </span>
    </p>
   </div>
   <div class='ocr_carea' id='block_1_24' title="bbox 1860 1334 3430 1422">
    <p class='ocr_par' dir='ltr' id='par_1_24' title="bbox 1860 1334 3430 1422">
     <span class='ocr_line' id='line_1_24' title="bbox 1860 1334 3430 1422; baseline 0.016 -37"><span class='ocrx_word' id='word_1_179' title='bbox 1860 1334 2235 1402; x_wconf 77' lang='lat' dir='ltr'><strong>proﬁciscatur</strong></span> <span class='ocrx_word' id='word_1_180' title='bbox 2277 1336 2570 1394; x_wconf 85' lang='lat' dir='ltr'><strong>cl‘licienlia</strong></span> <span class='ocrx_word' id='word_1_181' title='bbox 2601 1353 2655 1396; x_wconf 89' lang='lat' dir='ltr'><strong>et</strong></span> <span class='ocrx_word' id='word_1_182' title='bbox 2687 1353 2862 1405; x_wconf 86' lang='lat' dir='ltr'><strong>actus,</strong></span> <span class='ocrx_word' id='word_1_183' title='bbox 2905 1349 3050 1414; x_wconf 86' lang='lat' dir='ltr'><strong>quod</strong></span> <span class='ocrx_word' id='word_1_184' title='bbox 3094 1366 3202 1404; x_wconf 90' lang='lat' dir='ltr'><strong>non</strong></span> <span class='ocrx_word' id='word_1_185' title='bbox 3236 1369 3430 1422; x_wconf 88' lang='lat' dir='ltr'><strong>perea-</strong></span> 
     </span>
    </p>
   </div>
   <div class='ocr_carea' id='block_1_25' title="bbox 1861 1426 3430 1502">
    <p class='ocr_par' dir='ltr' id='par_1_25' title="bbox 1861 1426 3430 1502">
     <span class='ocr_line' id='line_1_25' title="bbox 1861 1426 3430 1502; baseline 0.017 -29"><span class='ocrx_word' id='word_1_186' title='bbox 1861 1438 1999 1478; x_wconf 88' lang='lat' dir='ltr'><strong>mus.</strong></span> <span class='ocrx_word' id='word_1_187' title='bbox 2039 1426 2101 1480; x_wconf 90' lang='lat' dir='ltr'><strong>Ut</strong></span> <span class='ocrx_word' id='word_1_188' title='bbox 2131 1428 2293 1480; x_wconf 89' lang='lat' dir='ltr'><strong>etiam</strong></span> <span class='ocrx_word' id='word_1_189' title='bbox 2326 1429 2541 1496; x_wconf 86' lang='lat' dir='ltr'><strong>quidam</strong></span> <span class='ocrx_word' id='word_1_190' title='bbox 2573 1435 2724 1485; x_wconf 79' lang='lat' dir='ltr'><strong>vestri</strong></span> <span class='ocrx_word' id='word_1_191' title='bbox 2750 1437 2916 1502; x_wconf 60' lang='lat' dir='ltr'><strong>poeta?</strong></span> <span class='ocrx_word' id='word_1_192' title='bbox 2931 1435 3194 1493; x_wconf 73' lang='lat' dir='ltr'><strong>dixerunt.</strong></span> <span class='ocrx_word' id='word_1_193' title='bbox 3231 1443 3430 1499; x_wconf 77' lang='lat' dir='ltr'><strong>Aratus</strong></span> 
     </span>
    </p>
   </div>
   <div class='ocr_carea' id='block_1_26' title="bbox 1850 1517 3430 1592">
    <p class='ocr_par' dir='ltr' id='par_1_26' title="bbox 1850 1517 3430 1592">
     <span class='ocr_line' id='line_1_26' title="bbox 1850 1517 3430 1592; baseline 0.017 -27"><span class='ocrx_word' id='word_1_194' title='bbox 1850 1517 2072 1585; x_wconf 90' lang='lat' dir='ltr'><strong>quidem</strong></span> <span class='ocrx_word' id='word_1_195' title='bbox 2099 1517 2186 1571; x_wconf 91' lang='lat' dir='ltr'><strong>ille</strong></span> <span class='ocrx_word' id='word_1_196' title='bbox 2211 1519 2440 1588; x_wconf 76' lang='lat' dir='ltr'><strong>sapiens</strong></span> <span class='ocrx_word' id='word_1_197' title='bbox 2467 1521 2535 1575; x_wconf 89' lang='lat' dir='ltr'><strong>de</strong></span> <span class='ocrx_word' id='word_1_198' title='bbox 2563 1521 2693 1578; x_wconf 81' lang='lat' dir='ltr'><strong>Jove</strong></span> <span class='ocrx_word' id='word_1_199' title='bbox 2717 1525 2890 1580; x_wconf 79' lang='lat' dir='ltr'><strong>dixit:</strong></span> <span class='ocrx_word' id='word_1_200' title='bbox 2918 1526 3071 1582; x_wconf 84' lang='lat' dir='ltr'><strong>Illius</strong></span> <span class='ocrx_word' id='word_1_201' title='bbox 3089 1534 3226 1586; x_wconf 87' lang='lat' dir='ltr'><strong>enim</strong></span> <span class='ocrx_word' id='word_1_202' title='bbox 3252 1551 3430 1592; x_wconf 86' lang='lat' dir='ltr'><strong>sumus</strong></span> 
     </span>
    </p>
   </div>
   <div class='ocr_carea' id='block_1_27' title="bbox 1851 1607 3427 1684">
    <p class='ocr_par' dir='ltr' id='par_1_27' title="bbox 1851 1607 3427 1684">
     <span class='ocr_line' id='line_1_27' title="bbox 1851 1607 3427 1684; baseline 0.012 -26"><span class='ocrx_word' id='word_1_203' title='bbox 1851 1607 2120 1676; x_wconf 77' lang='lat' dir='ltr'><strong>progenies</strong></span> <span class='ocrx_word' id='word_1_204' title='bbox 2155 1624 2172 1662; x_wconf 92' lang='lat'><em>:</em></span> <span class='ocrx_word' id='word_1_205' title='bbox 2211 1611 2308 1664; x_wconf 88' lang='lat' dir='ltr'><strong>sed</strong></span> <span class='ocrx_word' id='word_1_206' title='bbox 2337 1611 2425 1665; x_wconf 89' lang='lat' dir='ltr'><strong>hic</strong></span> <span class='ocrx_word' id='word_1_207' title='bbox 2465 1611 2518 1665; x_wconf 91' lang='lat' dir='ltr'><strong>id</strong></span> <span class='ocrx_word' id='word_1_208' title='bbox 2549 1612 2682 1667; x_wconf 86' lang='lat' dir='ltr'><strong>dicit</strong></span> <span class='ocrx_word' id='word_1_209' title='bbox 2711 1615 2778 1668; x_wconf 89' lang='lat' dir='ltr'><strong>de</strong></span> <span class='ocrx_word' id='word_1_210' title='bbox 2814 1617 3088 1684; x_wconf 81' lang='lat' dir='ltr'><strong>Creatore,</strong></span> <span class='ocrx_word' id='word_1_211' title='bbox 3135 1638 3244 1679; x_wconf 90' lang='lat' dir='ltr'><strong>non</strong></span> <span class='ocrx_word' id='word_1_212' title='bbox 3271 1640 3427 1682; x_wconf 74' lang='lat' dir='ltr'><strong>eum-</strong></span> 
     </span>
    </p>
   </div>
   <div class='ocr_carea' id='block_1_28' title="bbox 169 1693 3428 1788">
    <p class='ocr_par' dir='ltr' id='par_1_28' title="bbox 169 1693 3428 1788">
     <span class='ocr_line' id='line_1_28' title="bbox 169 1693 3428 1788; baseline 0.01 -47"><span class='ocrx_word' id='word_1_213' title='bbox 169 1693 282 1745; x_wconf 67' lang='lat' dir='ltr'><strong>dem</strong></span> <span class='ocrx_word' id='word_1_214' title='bbox 315 1694 655 1764; x_wconf 69' lang='lat' dir='ltr'><strong>signiﬁcans,</strong></span> <span class='ocrx_word' id='word_1_215' title='bbox 687 1711 850 1766; x_wconf 85' lang='lat' dir='ltr'><strong>quem</strong></span> <span class='ocrx_word' id='word_1_216' title='bbox 904 1697 1014 1752; x_wconf 90' lang='lat' dir='ltr'><strong>ille.</strong></span> <span class='ocrx_word' id='word_1_217' title='bbox 1046 1697 1237 1753; x_wconf 80' lang='lat' dir='ltr'><strong>Absit!</strong></span> <span class='ocrx_word' id='word_1_218' title='bbox 1270 1699 1363 1754; x_wconf 75' lang='lat' dir='ltr'><strong>sed</strong></span> <span class='ocrx_word' id='word_1_219' title='bbox 1392 1698 1442 1753; x_wconf 89' lang='lat' dir='ltr'><strong>id</strong></span> <span class='ocrx_word' id='word_1_220' title='bbox 1478 1699 1623 1768; x_wconf 88' lang='lat' dir='ltr'><strong>quod</strong></span> <span class='ocrx_word' id='word_1_221' title='bbox 1663 1699 1882 1769; x_wconf 87' lang='lat' dir='ltr'><strong>proprie</strong></span> <span class='ocrx_word' id='word_1_222' title='bbox 1919 1699 1986 1754; x_wconf 90' lang='lat' dir='ltr'><strong>de</strong></span> <span class='ocrx_word' id='word_1_223' title='bbox 2007 1700 2119 1754; x_wconf 89' lang='lat' dir='ltr'><strong>Deo</strong></span> <span class='ocrx_word' id='word_1_224' title='bbox 2155 1701 2262 1756; x_wconf 80' lang='lat' dir='ltr'><strong>diri</strong></span> <span class='ocrx_word' id='word_1_225' title='bbox 2293 1705 2569 1769; x_wconf 87' lang='lat' dir='ltr'><strong>convenit,</strong></span> <span class='ocrx_word' id='word_1_226' title='bbox 2612 1705 2926 1777; x_wconf 80' lang='lat' dir='ltr'><strong>signiﬁcans</strong></span> <span class='ocrx_word' id='word_1_227' title='bbox 2964 1715 3218 1781; x_wconf 86' lang='lat' dir='ltr'><strong>quoniam</strong></span> <span class='ocrx_word' id='word_1_228' title='bbox 3261 1719 3428 1788; x_wconf 73' lang='lat' dir='ltr'><strong>etiam</strong></span> 
     </span>
    </p>
   </div>
   <div class='ocr_carea' id='block_1_29' title="bbox 169 1787 3426 1877">
    <p class='ocr_par' dir='ltr' id='par_1_29' title="bbox 169 1787 3426 1877">
     <span class='ocr_line' id='line_1_29' title="bbox 169 1787 3426 1877; baseline 0.01 -43"><span class='ocrx_word' id='word_1_229' title='bbox 169 1787 323 1839; x_wconf 81' lang='lat' dir='ltr'><strong>altare</strong></span> <span class='ocrx_word' id='word_1_230' title='bbox 356 1787 522 1856; x_wconf 81' lang='lat' dir='ltr'><strong>hujus</strong></span> <span class='ocrx_word' id='word_1_231' title='bbox 545 1787 698 1850; x_wconf 89' lang='lat' dir='ltr'><strong>dicit,</strong></span> <span class='ocrx_word' id='word_1_232' title='bbox 732 1803 838 1842; x_wconf 93' lang='lat' dir='ltr'><strong>non</strong></span> <span class='ocrx_word' id='word_1_233' title='bbox 869 1789 1018 1844; x_wconf 93' lang='lat' dir='ltr'><strong>illius</strong></span> <span class='ocrx_word' id='word_1_234' title='bbox 1043 1807 1204 1860; x_wconf 84' lang='lat' dir='ltr'><strong>quem</strong></span> <span class='ocrx_word' id='word_1_235' title='bbox 1236 1791 1506 1845; x_wconf 85' lang='lat' dir='ltr'><strong>colebant.</strong></span> <span class='ocrx_word' id='word_1_236' title='bbox 1539 1791 1860 1861; x_wconf 78' lang='lat' dir='ltr'><strong>Progeniem</strong></span> <span class='ocrx_word' id='word_1_237' title='bbox 1912 1790 2004 1846; x_wconf 88' lang='lat' dir='ltr'><strong>Dei</strong></span> <span class='ocrx_word' id='word_1_238' title='bbox 2052 1808 2152 1846; x_wconf 91' lang='lat' dir='ltr'><strong>nos</strong></span> <span class='ocrx_word' id='word_1_239' title='bbox 2197 1809 2318 1848; x_wconf 87' lang='lat' dir='ltr'><strong>esse</strong></span> <span class='ocrx_word' id='word_1_240' title='bbox 2364 1795 2520 1858; x_wconf 84' lang='lat' dir='ltr'><strong>dixit,</strong></span> <span class='ocrx_word' id='word_1_241' title='bbox 2591 1798 2694 1852; x_wconf 87' lang='lat' dir='ltr'><strong>hoc</strong></span> <span class='ocrx_word' id='word_1_242' title='bbox 2761 1809 2863 1861; x_wconf 91' lang='lat' dir='ltr'><strong>est,</strong></span> <span class='ocrx_word' id='word_1_243' title='bbox 2909 1815 3167 1872; x_wconf 86' lang='lat' dir='ltr'><strong>cognatos</strong></span> <span class='ocrx_word' id='word_1_244' title='bbox 3237 1812 3426 1877; x_wconf 79' lang='lat' dir='ltr'><strong>proxi-</strong></span> 
     </span>
    </p>
   </div>
   <div class='ocr_carea' id='block_1_30' title="bbox 167 1881 3427 1966">
    <p class='ocr_par' dir='ltr' id='par_1_30' title="bbox 167 1881 3427 1966">
     <span class='ocr_line' id='line_1_30' title="bbox 167 1881 3427 1966; baseline 0.01 -39"><span class='ocrx_word' id='word_1_245' title='bbox 167 1893 312 1930; x_wconf 81' lang='lat' dir='ltr'><strong>inus:</strong></span> <span class='ocrx_word' id='word_1_246' title='bbox 357 1881 620 1946; x_wconf 84' lang='lat' dir='ltr'><strong>quoniam</strong></span> <span class='ocrx_word' id='word_1_247' title='bbox 669 1895 734 1933; x_wconf 77' lang='lat' dir='ltr'><strong>ex</strong></span> <span class='ocrx_word' id='word_1_248' title='bbox 781 1896 979 1950; x_wconf 78' lang='lat' dir='ltr'><strong>genere</strong></span> <span class='ocrx_word' id='word_1_249' title='bbox 1027 1892 1216 1936; x_wconf 91' lang='lat' dir='ltr'><strong>nostro</strong></span> <span class='ocrx_word' id='word_1_250' title='bbox 1260 1882 1372 1936; x_wconf 88' lang='lat' dir='ltr'><strong>Deo</strong></span> <span class='ocrx_word' id='word_1_251' title='bbox 1421 1886 1600 1936; x_wconf 88' lang='lat' dir='ltr'><strong>visum</strong></span> <span class='ocrx_word' id='word_1_252' title='bbox 1652 1891 1738 1937; x_wconf 88' lang='lat' dir='ltr'><strong>est</strong></span> <span class='ocrx_word' id='word_1_253' title='bbox 1777 1883 1929 1936; x_wconf 86' lang='lat' dir='ltr'><strong>nasci</strong></span> <span class='ocrx_word' id='word_1_254' title='bbox 1962 1885 2014 1936; x_wconf 92' lang='lat' dir='ltr'><strong>in</strong></span> <span class='ocrx_word' id='word_1_255' title='bbox 2047 1893 2214 1939; x_wconf 88' lang='lat' dir='ltr'><strong>terra.</strong></span> <span class='ocrx_word' id='word_1_256' title='bbox 2243 1885 2360 1940; x_wconf 85' lang='lat' dir='ltr'><strong>Non</strong></span> <span class='ocrx_word' id='word_1_257' title='bbox 2392 1889 2529 1940; x_wconf 81' lang='lat' dir='ltr'><strong>dixit</strong></span> <span class='ocrx_word' id='word_1_258' title='bbox 2555 1891 2902 1954; x_wconf 66' lang='lat' dir='ltr'><strong>autem,Non</strong></span> <span class='ocrx_word' id='word_1_259' title='bbox 2967 1895 3180 1952; x_wconf 84' lang='lat' dir='ltr'><strong>debetis</strong></span> <span class='ocrx_word' id='word_1_260' title='bbox 3241 1903 3427 1966; x_wconf 82' lang='lat' dir='ltr'><strong>existi-</strong></span> 
     </span>
    </p>
   </div>
   <div class='ocr_carea' id='block_1_31' title="bbox 168 1971 3428 2055">
    <p class='ocr_par' dir='ltr' id='par_1_31' title="bbox 168 1971 3428 2055">
     <span class='ocr_line' id='line_1_31' title="bbox 168 1971 3428 2055; baseline 0.009 -38"><span class='ocrx_word' id='word_1_261' title='bbox 168 1983 303 2022; x_wconf 80' lang='lat' dir='ltr'><strong>Inarc</strong></span> <span class='ocrx_word' id='word_1_262' title='bbox 332 1986 540 2023; x_wconf 85' lang='lat' dir='ltr'><strong>numen</strong></span> <span class='ocrx_word' id='word_1_263' title='bbox 567 1971 812 2025; x_wconf 85' lang='lat' dir='ltr'><strong>divinum</strong></span> <span class='ocrx_word' id='word_1_264' title='bbox 842 1973 1018 2027; x_wconf 88' lang='lat' dir='ltr'><strong>simile</strong></span> <span class='ocrx_word' id='word_1_265' title='bbox 1046 1989 1166 2028; x_wconf 87' lang='lat' dir='ltr'><strong>esse</strong></span> <span class='ocrx_word' id='word_1_266' title='bbox 1194 1989 1332 2028; x_wconf 90' lang='lat' dir='ltr'><strong>auro</strong></span> <span class='ocrx_word' id='word_1_267' title='bbox 1383 1982 1479 2028; x_wconf 91' lang='lat' dir='ltr'><strong>aut</strong></span> <span class='ocrx_word' id='word_1_268' title='bbox 1515 1982 1776 2043; x_wconf 84' lang='lat' dir='ltr'><strong>argento:</strong></span> <span class='ocrx_word' id='word_1_269' title='bbox 1820 1973 1914 2029; x_wconf 85' lang='lat' dir='ltr'><strong>sed</strong></span> <span class='ocrx_word' id='word_1_270' title='bbox 1944 1977 2091 2044; x_wconf 88' lang='lat' dir='ltr'><strong>quod</strong></span> <span class='ocrx_word' id='word_1_271' title='bbox 2129 1977 2386 2033; x_wconf 83' lang='lat' dir='ltr'><strong>humilius</strong></span> <span class='ocrx_word' id='word_1_272' title='bbox 2411 1987 2495 2033; x_wconf 89' lang='lat' dir='ltr'><strong>est</strong></span> <span class='ocrx_word' id='word_1_273' title='bbox 2525 1996 2684 2049; x_wconf 88' lang='lat' dir='ltr'><strong>quam</strong></span> <span class='ocrx_word' id='word_1_274' title='bbox 2714 1983 2840 2046; x_wconf 91' lang='lat' dir='ltr'><strong>hoc,</strong></span> <span class='ocrx_word' id='word_1_275' title='bbox 2885 2001 3080 2055; x_wconf 86' lang='lat' dir='ltr'><strong>nempe</strong></span> <span class='ocrx_word' id='word_1_276' title='bbox 3120 1986 3240 2043; x_wconf 87' lang='lat' dir='ltr'><strong>Non</strong></span> <span class='ocrx_word' id='word_1_277' title='bbox 3271 1991 3428 2047; x_wconf 65' lang='lat' dir='ltr'><strong>debeo</strong></span> 
     </span>
    </p>
   </div>
   <div class='ocr_carea' id='block_1_32' title="bbox 168 2062 3420 2149">
    <p class='ocr_par' dir='ltr' id='par_1_32' title="bbox 168 2062 3420 2149">
     <span class='ocr_line' id='line_1_32' title="bbox 168 2062 3420 2149; baseline 0.009 -37"><span class='ocrx_word' id='word_1_278' title='bbox 168 2078 287 2113; x_wconf 75' lang='lat' dir='ltr'><strong>mus.</strong></span> <span class='ocrx_word' id='word_1_279' title='bbox 330 2062 468 2116; x_wconf 68' lang='lat' dir='ltr'><strong>Vide</strong></span> <span class='ocrx_word' id='word_1_280' title='bbox 491 2071 675 2116; x_wconf 88' lang='lat' dir='ltr'><strong>autem</strong></span> <span class='ocrx_word' id='word_1_281' title='bbox 714 2073 776 2118; x_wconf 92' lang='lat' dir='ltr'><strong>ut</strong></span> <span class='ocrx_word' id='word_1_282' title='bbox 807 2064 1175 2120; x_wconf 75' lang='lat' dir='ltr'><strong>introduxerit</strong></span> <span class='ocrx_word' id='word_1_283' title='bbox 1202 2066 1254 2120; x_wconf 92' lang='lat' dir='ltr'><strong>id</strong></span> <span class='ocrx_word' id='word_1_284' title='bbox 1277 2065 1421 2135; x_wconf 85' lang='lat' dir='ltr'><strong>quod</strong></span> <span class='ocrx_word' id='word_1_285' title='bbox 1453 2074 1536 2120; x_wconf 88' lang='lat' dir='ltr'><strong>est</strong></span> <span class='ocrx_word' id='word_1_286' title='bbox 1564 2065 1969 2134; x_wconf 83' lang='lat' dir='ltr'><strong>incorporeum.</strong></span> <span class='ocrx_word' id='word_1_287' title='bbox 2003 2067 2156 2125; x_wconf 79' lang='lat' dir='ltr'><strong>Mens</strong></span> <span class='ocrx_word' id='word_1_288' title='bbox 2198 2073 2345 2126; x_wconf 87' lang='lat' dir='ltr'><strong>enim</strong></span> <span class='ocrx_word' id='word_1_289' title='bbox 2413 2088 2537 2127; x_wconf 89' lang='lat' dir='ltr'><strong>cum</strong></span> <span class='ocrx_word' id='word_1_290' title='bbox 2578 2089 2779 2144; x_wconf 92' lang='lat' dir='ltr'><strong>corpus</strong></span> <span class='ocrx_word' id='word_1_291' title='bbox 2818 2091 2940 2132; x_wconf 85' lang='lat' dir='ltr'><strong>esse</strong></span> <span class='ocrx_word' id='word_1_292' title='bbox 3003 2090 3182 2149; x_wconf 89' lang='lat' dir='ltr'><strong>putat,</strong></span> <span class='ocrx_word' id='word_1_293' title='bbox 3254 2085 3420 2146; x_wconf 87' lang='lat' dir='ltr'><strong>etiam</strong></span> 
     </span>
    </p>
   </div>
   <div class='ocr_carea' id='block_1_33' title="bbox 168 2154 1007 2209">
    <p class='ocr_par' dir='ltr' id='par_1_33' title="bbox 168 2154 1007 2209">
     <span class='ocr_line' id='line_1_33' title="bbox 168 2154 1007 2209; baseline 0.007 -7"><span class='ocrx_word' id='word_1_294' title='bbox 168 2154 503 2207; x_wconf 74' lang='lat' dir='ltr'><strong>intervallum</strong></span> <span class='ocrx_word' id='word_1_295' title='bbox 537 2169 658 2208; x_wconf 89' lang='lat' dir='ltr'><strong>esse</strong></span> <span class='ocrx_word' id='word_1_296' title='bbox 691 2155 1007 2209; x_wconf 85' lang='lat' dir='ltr'><strong>arbitratur.</strong></span> 
     </span>
    </p>
   </div>
   <div class='ocr_carea' id='block_1_34' title="bbox 232 2244 2125 2332">
    <p class='ocr_par' dir='ltr' id='par_1_34' title="bbox 232 2244 2125 2320">
     <span class='ocr_line' id='line_1_34' title="bbox 232 2244 2125 2320; baseline 0.002 -22"><span class='ocrx_word' id='word_1_297' title='bbox 232 2246 371 2310; x_wconf 80' lang='grc' dir='ltr'><em>Τοὺς</em></span> <span class='ocrx_word' id='word_1_298' title='bbox 397 2247 516 2314; x_wconf 84' lang='grc' dir='ltr'><strong>μὲν</strong></span> <span class='ocrx_word' id='word_1_299' title='bbox 539 2244 652 2302; x_wconf 84' lang='grc' dir='ltr'><strong>οὖν</strong></span> <span class='ocrx_word' id='word_1_300' title='bbox 689 2249 945 2317; x_wconf 81' lang='grc' dir='ltr'><strong>χρόνους</strong></span> <span class='ocrx_word' id='word_1_301' title='bbox 971 2249 1081 2318; x_wconf 82' lang='grc' dir='ltr'><em>τῆς</em></span> <span class='ocrx_word' id='word_1_302' title='bbox 1104 2251 1351 2319; x_wconf 73' lang='grc' dir='ltr'><em>ἀγνοίας</em></span> <span class='ocrx_word' id='word_1_303' title='bbox 1375 2251 1670 2320; x_wconf 81' lang='grc' dir='ltr'><strong>ὑπεριδὼν</strong></span> <span class='ocrx_word' id='word_1_304' title='bbox 1694 2253 1726 2304; x_wconf 82' lang='grc' dir='ltr'><em>ό</em></span> <span class='ocrx_word' id='word_1_305' title='bbox 1760 2257 1800 2311; x_wconf 79' lang='grc' dir='ltr'><strong>Β</strong></span> <span class='ocrx_word' id='word_1_306' title='bbox 1911 2249 2077 2304; x_wconf 73' lang='lat' dir='ltr'><strong>Vens.</strong></span> <span class='ocrx_word' id='word_1_307' title='bbox 2119 2251 2125 2299; x_wconf 67' lang='grc' dir='ltr'><strong><em>ἰ</em></strong></span> 
     </span>
    </p>
   </div>
   <div class='ocr_carea' id='block_1_35' title="bbox 1524 2244 3417 2332">
    <p class='ocr_par' dir='ltr' id='par_1_35' title="bbox 1530 2249 3417 2332">
     <span class='ocr_line' id='line_1_35' title="bbox 1530 2249 3417 2332; baseline 0.008 -28"><span class='ocrx_word' id='word_1_308' title='bbox 1530 2251 1726 2304; x_wconf 81' lang='grc' dir='ltr'>ιδὼνό</span> <span class='ocrx_word' id='word_1_309' title='bbox 1760 2257 1800 2311; x_wconf 78' lang='grc' dir='ltr'><strong><em>Β</em></strong></span> <span class='ocrx_word' id='word_1_310' title='bbox 1911 2249 2077 2304; x_wconf 74' lang='lat' dir='ltr'><strong>Vens.</strong></span> <span class='ocrx_word' id='word_1_311' title='bbox 2119 2249 2212 2304; x_wconf 74' lang='lat'><strong>30.</strong></span> <span class='ocrx_word' id='word_1_312' title='bbox 2257 2252 2330 2304; x_wconf 83' lang='lat' dir='ltr'><strong>Ac</strong></span> <span class='ocrx_word' id='word_1_313' title='bbox 2373 2261 2608 2319; x_wconf 84' lang='lat' dir='ltr'><strong>tempora</strong></span> <span class='ocrx_word' id='word_1_314' title='bbox 2646 2255 2859 2322; x_wconf 82' lang='lat' dir='ltr'><strong>quidem</strong></span> <span class='ocrx_word' id='word_1_315' title='bbox 2904 2259 3058 2314; x_wconf 79' lang='lat' dir='ltr'><strong>istius</strong></span> <span class='ocrx_word' id='word_1_316' title='bbox 3101 2261 3417 2332; x_wconf 76' lang='lat' dir='ltr'><strong>ignorantia:</strong></span> 
     </span>
    </p>
   </div>
   <div class='ocr_carea' id='block_1_36' title="bbox 167 2339 2060 2420">
    <p class='ocr_par' dir='ltr' id='par_1_36' title="bbox 167 2339 2060 2412">
     <span class='ocr_line' id='line_1_36' title="bbox 167 2339 2060 2412; baseline 0.004 -21"><span class='ocrx_word' id='word_1_317' title='bbox 167 2341 318 2402; x_wconf 69' lang='grc' dir='ltr'><strong>Θεὸς,</strong></span> <span class='ocrx_word' id='word_1_318' title='bbox 368 2339 564 2392; x_wconf 84' lang='grc' dir='ltr'><em>τανῦν</em></span> <span class='ocrx_word' id='word_1_319' title='bbox 609 2342 1010 2410; x_wconf 53' lang='lat' dir='ltr'><strong>uagam-silet</strong></span> <span class='ocrx_word' id='word_1_320' title='bbox 1054 2342 1178 2408; x_wconf 82' lang='grc' dir='ltr'><em>τοῖς</em></span> <span class='ocrx_word' id='word_1_321' title='bbox 1209 2343 1540 2412; x_wconf 73' lang='grc' dir='ltr'><em>ἀνθρώποις</em></span> <span class='ocrx_word' id='word_1_322' title='bbox 1578 2342 1730 2400; x_wconf 80' lang='grc' dir='ltr'><em>πᾶσι</em></span> <span class='ocrx_word' id='word_1_323' title='bbox 1831 2361 1947 2398; x_wconf 84' lang='lat' dir='ltr'><strong>cum</strong></span> <span class='ocrx_word' id='word_1_324' title='bbox 1993 2346 2060 2398; x_wconf 83' lang='lat' dir='ltr'><strong>De</strong></span> 
     </span>
    </p>
   </div>
   <div class='ocr_carea' id='block_1_37' title="bbox 1524 2339 3417 2420">
    <p class='ocr_par' dir='ltr' id='par_1_37' title="bbox 1524 2342 3417 2420">
     <span class='ocr_line' id='line_1_37' title="bbox 1524 2342 3417 2420; baseline 0.01 -24"><span class='ocrx_word' id='word_1_325' title='bbox 1524 2365 1540 2410; x_wconf 68' lang='grc' dir='ltr'><em>τ</em></span> <span class='ocrx_word' id='word_1_326' title='bbox 1578 2342 1730 2400; x_wconf 80' lang='grc' dir='ltr'><em>πᾶσι</em></span> <span class='ocrx_word' id='word_1_327' title='bbox 1831 2361 1947 2398; x_wconf 84' lang='lat' dir='ltr'><strong>cum</strong></span> <span class='ocrx_word' id='word_1_328' title='bbox 1993 2346 2131 2398; x_wconf 85' lang='lat' dir='ltr'><strong>Deus</strong></span> <span class='ocrx_word' id='word_1_329' title='bbox 2170 2361 2330 2415; x_wconf 86' lang='lat' dir='ltr'><strong>usque</strong></span> <span class='ocrx_word' id='word_1_330' title='bbox 2358 2348 2452 2400; x_wconf 85' lang='lat' dir='ltr'><strong>hoc</strong></span> <span class='ocrx_word' id='word_1_331' title='bbox 2492 2357 2689 2416; x_wconf 84' lang='lat' dir='ltr'><strong>tempus</strong></span> <span class='ocrx_word' id='word_1_332' title='bbox 2718 2349 3089 2420; x_wconf 87' lang='lat' dir='ltr'><strong>dissimularit,</strong></span> <span class='ocrx_word' id='word_1_333' title='bbox 3137 2374 3275 2412; x_wconf 88' lang='lat' dir='ltr'><strong>nunc</strong></span> <span class='ocrx_word' id='word_1_334' title='bbox 3299 2377 3417 2414; x_wconf 84' lang='lat' dir='ltr'><strong>om-</strong></span> 
     </span>
    </p>
   </div>
   <div class='ocr_carea' id='block_1_38' title="bbox 166 2431 2059 2512">
    <p class='ocr_par' dir='ltr' id='par_1_38' title="bbox 166 2431 2059 2500">
     <span class='ocr_line' id='line_1_38' title="bbox 166 2431 2059 2500; baseline 0.001 -20"><span class='ocrx_word' id='word_1_335' title='bbox 166 2447 342 2483; x_wconf 74' lang='grc' dir='ltr'><em>ποντα</em></span> <span class='ocrx_word' id='word_1_336' title='bbox 347 2431 468 2498; x_wconf 80' lang='grc' dir='ltr'><strong>χοῦ</strong></span> <span class='ocrx_word' id='word_1_337' title='bbox 499 2431 837 2500; x_wconf 81' lang='grc' dir='ltr'><em>μετανοεῖν.</em></span> <span class='ocrx_word' id='word_1_338' title='bbox 1831 2434 1984 2486; x_wconf 86' lang='lat' dir='ltr'><strong>uibus</strong></span> <span class='ocrx_word' id='word_1_339' title='bbox 1999 2473 2012 2496; x_wconf 92' lang='lat'><strong>,</strong></span> <span class='ocrx_word' id='word_1_340' title='bbox 2056 2465 2059 2482; x_wconf 81' lang='grc'><strong>.</strong></span> 
     </span>
    </p>
   </div>
   <div class='ocr_carea' id='block_1_39' title="bbox 1521 2431 3414 2512">
    <p class='ocr_par' dir='ltr' id='par_1_39' title="bbox 1831 2434 3414 2512">
     <span class='ocr_line' id='line_1_39' title="bbox 1831 2434 3414 2512; baseline 0.011 -26"><span class='ocrx_word' id='word_1_341' title='bbox 1831 2434 2012 2496; x_wconf 83' lang='lat' dir='ltr'><strong>uibus,</strong></span> <span class='ocrx_word' id='word_1_342' title='bbox 2056 2435 2146 2502; x_wconf 83' lang='lat' dir='ltr'><strong>qui</strong></span> <span class='ocrx_word' id='word_1_343' title='bbox 2175 2435 2364 2504; x_wconf 83' lang='lat' dir='ltr'><strong>ubique</strong></span> <span class='ocrx_word' id='word_1_344' title='bbox 2391 2445 2533 2501; x_wconf 88' lang='lat' dir='ltr'><strong>sunt,</strong></span> <span class='ocrx_word' id='word_1_345' title='bbox 2572 2439 2867 2494; x_wconf 77' lang='lat' dir='ltr'><strong>hominibus</strong></span> <span class='ocrx_word' id='word_1_346' title='bbox 2895 2441 3172 2498; x_wconf 75' lang='lat' dir='ltr'><strong>denuntiat</strong></span> <span class='ocrx_word' id='word_1_347' title='bbox 3197 2487 3212 2512; x_wconf 93' lang='lat'><strong>,</strong></span> <span class='ocrx_word' id='word_1_348' title='bbox 3250 2457 3312 2502; x_wconf 79' lang='lat' dir='ltr'><strong>ut</strong></span> <span class='ocrx_word' id='word_1_349' title='bbox 3342 2452 3414 2504; x_wconf 88' lang='lat' dir='ltr'><strong>ad</strong></span> 
     </span>
    </p>
   </div>
   <div class='ocr_carea' id='block_1_40' title="bbox 1830 2526 2496 2580">
    <p class='ocr_par' dir='ltr' id='par_1_40' title="bbox 1830 2526 2496 2580">
     <span class='ocr_line' id='line_1_40' title="bbox 1830 2526 2496 2580; baseline 0.006 -4"><span class='ocrx_word' id='word_1_350' title='bbox 1830 2526 2110 2579; x_wconf 83' lang='lat' dir='ltr'><strong>sanitatem</strong></span> <span class='ocrx_word' id='word_1_351' title='bbox 2145 2537 2496 2580; x_wconf 81' lang='lat' dir='ltr'><strong>revertantur.</strong></span> 
     </span>
    </p>
   </div>
   <div class='ocr_carea' id='block_1_41' title="bbox 227 2610 1730 2686">
    <p class='ocr_par' dir='ltr' id='par_1_41' title="bbox 227 2610 1730 2686">
     <span class='ocr_line' id='line_1_41' title="bbox 227 2610 1730 2686; baseline 0.006 -25"><span class='ocrx_word' id='word_1_352' title='bbox 227 2614 368 2665; x_wconf 78' lang='grc' dir='ltr'>Διότι</span> <span class='ocrx_word' id='word_1_353' title='bbox 401 2613 674 2679; x_wconf 81' lang='grc' dir='ltr'><em>ἔστησεν</em></span> <span class='ocrx_word' id='word_1_354' title='bbox 702 2613 952 2680; x_wconf 81' lang='grc' dir='ltr'><strong>ἡμέραν,</strong></span> <span class='ocrx_word' id='word_1_355' title='bbox 977 2613 1048 2667; x_wconf 81' lang='grc' dir='ltr'><strong>ἐν</strong></span> <span class='ocrx_word' id='word_1_356' title='bbox 1125 2615 1337 2682; x_wconf 78' lang='grc' dir='ltr'><strong>μέλλει</strong></span> <span class='ocrx_word' id='word_1_357' title='bbox 1362 2617 1588 2683; x_wconf 81' lang='grc' dir='ltr'>κρίνειν</span> <span class='ocrx_word' id='word_1_358' title='bbox 1615 2615 1730 2682; x_wconf 74' lang='grc' dir='ltr'><strong>τὴν</strong></span> 
     </span>
    </p>
   </div>
   <div class='ocr_carea' id='block_1_42' title="bbox 168 2699 1728 2773">
    <p class='ocr_par' dir='ltr' id='par_1_42' title="bbox 168 2699 1728 2773">
     <span class='ocr_line' id='line_1_42' title="bbox 168 2699 1728 2773; baseline 0.004 -20"><span class='ocrx_word' id='word_1_359' title='bbox 168 2703 517 2771; x_wconf 76' lang='grc' dir='ltr'><strong>οιιιουμένην</strong></span> <span class='ocrx_word' id='word_1_360' title='bbox 543 2702 612 2754; x_wconf 85' lang='grc' dir='ltr'><strong>ὲν</strong></span> <span class='ocrx_word' id='word_1_361' title='bbox 645 2703 1004 2770; x_wconf 81' lang='grc' dir='ltr'><strong>δικαιοσύνῃ</strong></span> <span class='ocrx_word' id='word_1_362' title='bbox 1031 2705 1102 2756; x_wconf 80' lang='grc' dir='ltr'><strong>ἐν</strong></span> <span class='ocrx_word' id='word_1_363' title='bbox 1121 2705 1307 2772; x_wconf 74' lang='grc' dir='ltr'><strong>Ἀνδρὶ</strong></span> <span class='ocrx_word' id='word_1_364' title='bbox 1335 2699 1384 2772; x_wconf 82' lang='grc' dir='ltr'><em>ᾧ</em></span> <span class='ocrx_word' id='word_1_365' title='bbox 1401 2704 1597 2773; x_wconf 73' lang='grc' dir='ltr'>ὥρισε,</span> <span class='ocrx_word' id='word_1_366' title='bbox 1631 2708 1728 2759; x_wconf 81' lang='grc' dir='ltr'><strong>πί-</strong></span> 
     </span>
    </p>
   </div>
   <div class='ocr_carea' id='block_1_43' title="bbox 167 2791 1726 2861">
    <p class='ocr_par' dir='ltr' id='par_1_43' title="bbox 167 2791 1726 2861">
     <span class='ocr_line' id='line_1_43' title="bbox 167 2791 1726 2861; baseline 0.006 -20"><span class='ocrx_word' id='word_1_367' title='bbox 167 2805 286 2843; x_wconf 80' lang='grc' dir='ltr'><em>στιν</em></span> <span class='ocrx_word' id='word_1_368' title='bbox 314 2792 650 2861; x_wconf 76' lang='grc' dir='ltr'><em>παρασχὼν</em></span> <span class='ocrx_word' id='word_1_369' title='bbox 681 2791 894 2857; x_wconf 77' lang='grc' dir='ltr'>πᾶσιν,</span> <span class='ocrx_word' id='word_1_370' title='bbox 923 2793 1280 2861; x_wconf 76' lang='grc' dir='ltr'><strong>ἀναστήσας</strong></span> <span class='ocrx_word' id='word_1_371' title='bbox 1311 2798 1496 2849; x_wconf 75' lang='grc' dir='ltr'><em>αὑτὸν</em></span> <span class='ocrx_word' id='word_1_372' title='bbox 1527 2797 1593 2849; x_wconf 81' lang='grc' dir='ltr'><strong>ἐκ</strong></span> <span class='ocrx_word' id='word_1_373' title='bbox 1627 2813 1726 2850; x_wconf 85' lang='grc' dir='ltr'><strong>νε-</strong></span> 
     </span>
    </p>
   </div>
   <div class='ocr_carea' id='block_1_44' title="bbox 169 2882 325 2947">
    <p class='ocr_par' dir='ltr' id='par_1_44' title="bbox 169 2882 325 2947">
     <span class='ocr_line' id='line_1_44' title="bbox 169 2882 325 2947; baseline 0.026 -15"><span class='ocrx_word' id='word_1_374' title='bbox 169 2882 325 2947; x_wconf 71' lang='grc' dir='ltr'><strong>κρὼν.</strong></span> 
     </span>
    </p>
   </div>
   <div class='ocr_carea' id='block_1_45' title="bbox 237 2970 1728 3042">
    <p class='ocr_par' dir='ltr' id='par_1_45' title="bbox 237 2970 1728 3042">
     <span class='ocr_line' id='line_1_45' title="bbox 237 2970 1728 3042; baseline 0.003 -20"><span class='ocrx_word' id='word_1_375' title='bbox 237 2970 633 3036; x_wconf 77' lang='grc' dir='ltr'><strong>Ἀκούσαντες</strong></span> <span class='ocrx_word' id='word_1_376' title='bbox 693 2971 761 3025; x_wconf 75' lang='grc' dir='ltr'><strong>δὲ</strong></span> <span class='ocrx_word' id='word_1_377' title='bbox 819 2972 1160 3026; x_wconf 78' lang='grc' dir='ltr'><em>ἀνάστασιν</em></span> <span class='ocrx_word' id='word_1_378' title='bbox 1208 2973 1456 3040; x_wconf 77' lang='grc' dir='ltr'>νεκρῶν,</span> <span class='ocrx_word' id='word_1_379' title='bbox 1513 2977 1565 3026; x_wconf 88' lang='lat' dir='ltr'><strong>ol</strong></span> <span class='ocrx_word' id='word_1_380' title='bbox 1610 2974 1728 3042; x_wconf 84' lang='grc' dir='ltr'><strong>μὲν</strong></span> 
     </span>
    </p>
   </div>
   <div class='ocr_carea' id='block_1_46' title="bbox 172 3057 1728 3132">
    <p class='ocr_par' dir='ltr' id='par_1_46' title="bbox 172 3057 1728 3132">
     <span class='ocr_line' id='line_1_46' title="bbox 172 3057 1728 3132; baseline 0.004 -23"><span class='ocrx_word' id='word_1_381' title='bbox 172 3061 491 3126; x_wconf 73' lang='grc' dir='ltr'><strong>ἐχλεύαζον,</strong></span> <span class='ocrx_word' id='word_1_382' title='bbox 523 3065 578 3115; x_wconf 81' lang='grc' dir='ltr'>οι</span> <span class='ocrx_word' id='word_1_383' title='bbox 611 3061 680 3115; x_wconf 81' lang='grc' dir='ltr'><strong>δὲ</strong></span> <span class='ocrx_word' id='word_1_384' title='bbox 715 3057 915 3117; x_wconf 76' lang='grc' dir='ltr'><em>εἷπονσ</em></span> <span class='ocrx_word' id='word_1_385' title='bbox 952 3063 1356 3132; x_wconf 77' lang='grc' dir='ltr'><strong>Ἀκουσόμεθά</strong></span> <span class='ocrx_word' id='word_1_386' title='bbox 1387 3081 1505 3118; x_wconf 85' lang='grc' dir='ltr'><em>σου</em></span> <span class='ocrx_word' id='word_1_387' title='bbox 1544 3067 1728 3119; x_wconf 76' lang='grc' dir='ltr'><em>πάλιν</em></span> 
     </span>
    </p>
   </div>
   <div class='ocr_carea' id='block_1_47' title="bbox 169 3153 552 3219">
    <p class='ocr_par' dir='ltr' id='par_1_47' title="bbox 169 3153 552 3219">
     <span class='ocr_line' id='line_1_47' title="bbox 169 3153 552 3219; baseline 0.023 -19"><span class='ocrx_word' id='word_1_388' title='bbox 169 3153 283 3219; x_wconf 65' lang='grc' dir='ltr'><strong>περὶ</strong></span> <span class='ocrx_word' id='word_1_389' title='bbox 311 3157 552 3209; x_wconf 84' lang='grc' dir='ltr'><em>τούτου.</em></span> 
     </span>
    </p>
   </div>
   <div class='ocr_carea' id='block_1_48' title="bbox 227 3245 1722 3316">
    <p class='ocr_par' dir='ltr' id='par_1_48' title="bbox 227 3245 1722 3316">
     <span class='ocr_line' id='line_1_48' title="bbox 227 3245 1722 3316; baseline 0.005 -20"><span class='ocrx_word' id='word_1_390' title='bbox 227 3245 325 3297; x_wconf 80' lang='lat' dir='ltr'><strong>Kal</strong></span> <span class='ocrx_word' id='word_1_391' title='bbox 355 3246 549 3311; x_wconf 82' lang='grc' dir='ltr'><em>οὕτως</em></span> <span class='ocrx_word' id='word_1_392' title='bbox 585 3250 620 3300; x_wconf 83' lang='grc' dir='ltr'><em>ὁ</em></span> <span class='ocrx_word' id='word_1_393' title='bbox 672 3247 913 3314; x_wconf 83' lang='grc' dir='ltr'><em>Παῦλος</em></span> <span class='ocrx_word' id='word_1_394' title='bbox 956 3246 1216 3314; x_wconf 82' lang='grc' dir='ltr'><strong>ἐξῆλθεν</strong></span> <span class='ocrx_word' id='word_1_395' title='bbox 1266 3247 1336 3300; x_wconf 82' lang='grc' dir='ltr'><strong><em>ἐκ</em></strong></span> <span class='ocrx_word' id='word_1_396' title='bbox 1388 3251 1585 3316; x_wconf 80' lang='grc' dir='ltr'><em>μέσου</em></span> <span class='ocrx_word' id='word_1_397' title='bbox 1615 3253 1722 3303; x_wconf 83' lang='grc' dir='ltr'><strong>αὑ-</strong></span> 
     </span>
    </p>
   </div>
   <div class='ocr_carea' id='block_1_49' title="bbox 169 3350 286 3388">
    <p class='ocr_par' dir='ltr' id='par_1_49' title="bbox 169 3350 286 3388">
     <span class='ocr_line' id='line_1_49' title="bbox 169 3350 286 3388; baseline 0.026 -3"><span class='ocrx_word' id='word_1_398' title='bbox 169 3350 286 3388; x_wconf 81' lang='grc' dir='ltr'><strong>των.</strong></span> 
     </span>
    </p>
   </div>
   <div class='ocr_carea' id='block_1_50' title="bbox 231 3426 1722 3498">
    <p class='ocr_par' dir='ltr' id='par_1_50' title="bbox 231 3426 1722 3498">
     <span class='ocr_line' id='line_1_50' title="bbox 231 3426 1722 3498; baseline 0.003 -19"><span class='ocrx_word' id='word_1_399' title='bbox 231 3426 384 3492; x_wconf 81' lang='grc' dir='ltr'><em>Τινὲς</em></span> <span class='ocrx_word' id='word_1_400' title='bbox 401 3427 471 3481; x_wconf 81' lang='grc' dir='ltr'><strong>δὲ</strong></span> <span class='ocrx_word' id='word_1_401' title='bbox 494 3428 705 3497; x_wconf 78' lang='grc' dir='ltr'>ἄνδρες</span> <span class='ocrx_word' id='word_1_402' title='bbox 729 3429 1122 3498; x_wconf 73' lang='grc' dir='ltr'><strong>κολληθέντες</strong></span> <span class='ocrx_word' id='word_1_403' title='bbox 1134 3429 1313 3497; x_wconf 81' lang='grc' dir='ltr'><strong>αὐτῷ,</strong></span> <span class='ocrx_word' id='word_1_404' title='bbox 1333 3429 1722 3484; x_wconf 62' lang='grc' dir='ltr'><strong>ἐπίστευσαν⁴⁹</strong></span> 
     </span>
    </p>
   </div>
   <div class='ocr_carea' id='block_1_51' title="bbox 168 3511 1716 3591">
    <p class='ocr_par' dir='ltr' id='par_1_51' title="bbox 168 3511 1716 3591">
     <span class='ocr_line' id='line_1_51' title="bbox 168 3511 1716 3591; baseline 0.005 -23"><span class='ocrx_word' id='word_1_405' title='bbox 168 3511 330 3584; x_wconf 78' lang='grc' dir='ltr'><strong>ὲνοῖς</strong></span> <span class='ocrx_word' id='word_1_406' title='bbox 381 3521 701 3585; x_wconf 82' lang='grc' dir='ltr'><em>Διονύσιος</em></span> <span class='ocrx_word' id='word_1_407' title='bbox 723 3522 768 3552; x_wconf 75' lang='grc' dir='ltr'><strong>³ο</strong></span> <span class='ocrx_word' id='word_1_408' title='bbox 819 3525 850 3575; x_wconf 82' lang='grc' dir='ltr'><strong><em>ό</em></strong></span> <span class='ocrx_word' id='word_1_409' title='bbox 893 3523 1354 3591; x_wconf 76' lang='grc' dir='ltr'><strong>Ἀρειοπαγίτης,</strong></span> <span class='ocrx_word' id='word_1_410' title='bbox 1410 3521 1509 3575; x_wconf 72' lang='grc' dir='ltr'><strong>καὶ</strong></span> <span class='ocrx_word' id='word_1_411' title='bbox 1561 3522 1716 3591; x_wconf 70' lang='grc' dir='ltr'><strong>γυνὴ</strong></span> 
     </span>
    </p>
   </div>
   <div class='ocr_carea' id='block_1_52' title="bbox 169 3605 1458 3680">
    <p class='ocr_par' dir='ltr' id='par_1_52' title="bbox 169 3605 1458 3680">
     <span class='ocr_line' id='line_1_52' title="bbox 169 3605 1458 3680; baseline 0.009 -26"><span class='ocrx_word' id='word_1_412' title='bbox 169 3605 386 3675; x_wconf 71' lang='grc' dir='ltr'><em>ὀνόματι</em></span> <span class='ocrx_word' id='word_1_413' title='bbox 411 3609 697 3678; x_wconf 81' lang='grc' dir='ltr'><strong>Δάμαρις,</strong></span> <span class='ocrx_word' id='word_1_414' title='bbox 735 3612 833 3664; x_wconf 76' lang='grc' dir='ltr'><strong>καὶ</strong></span> <span class='ocrx_word' id='word_1_415' title='bbox 857 3611 1045 3680; x_wconf 76' lang='grc' dir='ltr'>ἕτεροι</span> <span class='ocrx_word' id='word_1_416' title='bbox 1077 3614 1200 3666; x_wconf 83' lang='grc' dir='ltr'><em>σὺν</em></span> <span class='ocrx_word' id='word_1_417' title='bbox 1233 3612 1458 3678; x_wconf 81' lang='grc' dir='ltr'><em>αὐτοῖς.</em></span> 
     </span>
    </p>
   </div>
   <div class='ocr_carea' id='block_1_53' title="bbox 229 3696 1720 3773">
    <p class='ocr_par' dir='ltr' id='par_1_53' title="bbox 229 3696 1720 3773">
     <span class='ocr_line' id='line_1_53' title="bbox 229 3696 1720 3773; baseline 0.001 -21"><span class='ocrx_word' id='word_1_418' title='bbox 229 3699 363 3763; x_wconf 81' lang='grc' dir='ltr'><em>Τοὺς</em></span> <span class='ocrx_word' id='word_1_419' title='bbox 391 3701 512 3768; x_wconf 84' lang='grc' dir='ltr'><strong>μὲν</strong></span> <span class='ocrx_word' id='word_1_420' title='bbox 547 3696 662 3754; x_wconf 86' lang='grc' dir='ltr'><strong>οὖν</strong></span> <span class='ocrx_word' id='word_1_421' title='bbox 706 3703 961 3769; x_wconf 82' lang='grc' dir='ltr'><em>χρόνους</em></span> <span class='ocrx_word' id='word_1_422' title='bbox 1005 3702 1116 3770; x_wconf 83' lang='grc' dir='ltr'><em>τῆς</em></span> <span class='ocrx_word' id='word_1_423' title='bbox 1152 3703 1416 3773; x_wconf 75' lang='grc' dir='ltr'><strong>ἀγνοίας.</strong></span> <span class='ocrx_word' id='word_1_424' title='bbox 1465 3703 1540 3756; x_wconf 77' lang='grc' dir='ltr'><strong>Οὐ</strong></span> <span class='ocrx_word' id='word_1_425' title='bbox 1595 3703 1720 3772; x_wconf 82' lang='grc' dir='ltr'>περὶ</span> 
     </span>
    </p>
   </div>
   <div class='ocr_carea' id='block_1_54' title="bbox 171 3788 1721 3866">
    <p class='ocr_par' dir='ltr' id='par_1_54' title="bbox 171 3788 1721 3866">
     <span class='ocr_line' id='line_1_54' title="bbox 171 3788 1721 3866; baseline 0.01 -26"><span class='ocrx_word' id='word_1_426' title='bbox 171 3792 259 3841; x_wconf 77' lang='grc' dir='ltr'><strong>τῶν</strong></span> <span class='ocrx_word' id='word_1_427' title='bbox 286 3791 634 3845; x_wconf 73' lang='grc' dir='ltr'><strong>ἀπελθόντων</strong></span> <span class='ocrx_word' id='word_1_428' title='bbox 664 3794 830 3862; x_wconf 81' lang='grc' dir='ltr'>λέγει,</span> <span class='ocrx_word' id='word_1_429' title='bbox 863 3795 983 3848; x_wconf 77' lang='grc' dir='ltr'><em>ἀλλ’</em></span> <span class='ocrx_word' id='word_1_430' title='bbox 1011 3791 1091 3858; x_wconf 78' lang='grc' dir='ltr'><strong>οἷς</strong></span> <span class='ocrx_word' id='word_1_431' title='bbox 1129 3796 1504 3866; x_wconf 75' lang='grc' dir='ltr'>παραγγέλλει</span> <span class='ocrx_word' id='word_1_432' title='bbox 1529 3795 1572 3826; x_wconf 82' lang='grc'>¹¹</span> <span class='ocrx_word' id='word_1_433' title='bbox 1590 3811 1605 3824; x_wconf 76' lang='grc'>⁸</span> <span class='ocrx_word' id='word_1_434' title='bbox 1640 3788 1721 3855; x_wconf 80' lang='grc' dir='ltr'>οἷς</span> 
     </span>
    </p>
   </div>
   <div class='ocr_carea' id='block_1_55' title="bbox 169 3881 1720 3958">
    <p class='ocr_par' dir='ltr' id='par_1_55' title="bbox 169 3881 1720 3958">
     <span class='ocr_line' id='line_1_55' title="bbox 169 3881 1720 3958; baseline 0.001 -23"><span class='ocrx_word' id='word_1_435' title='bbox 169 3882 250 3935; x_wconf 73' lang='grc' dir='ltr'><strong>οὐκ</strong></span> <span class='ocrx_word' id='word_1_436' title='bbox 272 3881 409 3947; x_wconf 84' lang='grc' dir='ltr'>εἶπε,</span> <span class='ocrx_word' id='word_1_437' title='bbox 458 3883 736 3954; x_wconf 80' lang='grc' dir='ltr'>παρεῖδεν.</span> <span class='ocrx_word' id='word_1_438' title='bbox 779 3885 851 3938; x_wconf 78' lang='grc' dir='ltr'><strong>Οὐ</strong></span> <span class='ocrx_word' id='word_1_439' title='bbox 882 3885 1030 3954; x_wconf 80' lang='grc' dir='ltr'>λέγει</span> <span class='ocrx_word' id='word_1_440' title='bbox 1058 3885 1137 3951; x_wconf 79' lang='grc' dir='ltr'>δὲ,</span> <span class='ocrx_word' id='word_1_441' title='bbox 1158 3955 1161 3958; x_wconf 18' lang='grc' dir='ltr'>ί</span> <span class='ocrx_word' id='word_1_442' title='bbox 1183 3886 1432 3949; x_wconf 82' lang='grc' dir='ltr'><strong>Ἑκόντες</strong></span> <span class='ocrx_word' id='word_1_443' title='bbox 1456 3888 1720 3954; x_wconf 76' lang='grc' dir='ltr'><strong>ὲκακουρ-</strong></span> 
     </span>
    </p>
   </div>
   <div class='ocr_carea' id='block_1_56' title="bbox 170 3975 1719 4047">
    <p class='ocr_par' dir='ltr' id='par_1_56' title="bbox 170 3975 1719 4047">
     <span class='ocr_line' id='line_1_56' title="bbox 170 3975 1719 4047; baseline 0.002 -22"><span class='ocrx_word' id='word_1_444' title='bbox 170 3976 370 4043; x_wconf 73' lang='grc' dir='ltr'><strong>ῖὴσατε,</strong></span> <span class='ocrx_word' id='word_1_445' title='bbox 411 3977 560 4040; x_wconf 76' lang='grc' dir='ltr'><em>ἀλλ’,</em></span> <span class='ocrx_word' id='word_1_446' title='bbox 630 3976 1381 4047; x_wconf 78' lang='grc' dir='ltr'><strong>Ἥγνοήσατε..ῐῐαραγγέλλει</strong></span> <span class='ocrx_word' id='word_1_447' title='bbox 1431 3975 1583 4043; x_wconf 83' lang='grc' dir='ltr'>γοῦν,</span> <span class='ocrx_word' id='word_1_448' title='bbox 1619 3977 1719 4028; x_wconf 78' lang='grc' dir='ltr'>οὐκ</span> 
     </span>
    </p>
   </div>
   <div class='ocr_carea' id='block_1_57' title="bbox 169 4067 1714 4139">
    <p class='ocr_par' dir='ltr' id='par_1_57' title="bbox 169 4067 1714 4139">
     <span class='ocr_line' id='line_1_57' title="bbox 169 4067 1714 4139; baseline 0.003 -24"><span class='ocrx_word' id='word_1_449' title='bbox 169 4067 363 4119; x_wconf 78' lang='grc' dir='ltr'>ἁπαιτεί</span> <span class='ocrx_word' id='word_1_450' title='bbox 405 4067 653 4133; x_wconf 81' lang='grc' dir='ltr'><strong>κόλασιν,</strong></span> <span class='ocrx_word' id='word_1_451' title='bbox 713 4067 899 4139; x_wconf 80' lang='grc' dir='ltr'><strong>ὥσπερ</strong></span> <span class='ocrx_word' id='word_1_452' title='bbox 950 4068 1134 4132; x_wconf 78' lang='grc' dir='ltr'><strong>ἀξίους</strong></span> <span class='ocrx_word' id='word_1_453' title='bbox 1190 4068 1348 4129; x_wconf 81' lang='grc' dir='ltr'>ὄντας</span> <span class='ocrx_word' id='word_1_454' title='bbox 1405 4068 1714 4129; x_wconf 77' lang='grc' dir='ltr'><strong>κολάσεως·</strong></span> 
     </span>
    </p>
   </div>
   <div class='ocr_carea' id='block_1_58' title="bbox 169 4157 1720 4228">
    <p class='ocr_par' dir='ltr' id='par_1_58' title="bbox 169 4157 1720 4228">
     <span class='ocr_line' id='line_1_58' title="bbox 169 4157 1720 4228; baseline 0.002 -21"><span class='ocrx_word' id='word_1_455' title='bbox 169 4157 283 4210; x_wconf 64' lang='lat' dir='ltr'><strong>sm</strong></span> <span class='ocrx_word' id='word_1_456' title='bbox 310 4159 476 4213; x_wconf 79' lang='grc' dir='ltr'>τανῦν</span> <span class='ocrx_word' id='word_1_457' title='bbox 527 4160 683 4211; x_wconf 81' lang='grc' dir='ltr'><strong>καλεῖ</strong></span> <span class='ocrx_word' id='word_1_458' title='bbox 714 4160 850 4228; x_wconf 80' lang='grc' dir='ltr'><strong>πρὸς</strong></span> <span class='ocrx_word' id='word_1_459' title='bbox 888 4161 1198 4228; x_wconf 79' lang='grc' dir='ltr'>μετάνοιαν.</span> <span class='ocrx_word' id='word_1_460' title='bbox 1243 4160 1396 4212; x_wconf 82' lang='grc' dir='ltr'>Διότι</span> <span class='ocrx_word' id='word_1_461' title='bbox 1455 4159 1720 4224; x_wconf 76' lang='grc' dir='ltr'><em>ἔστησεν</em></span> 
     </span>
    </p>
   </div>
   <div class='ocr_carea' id='block_1_59' title="bbox 169 4247 1706 4323">
    <p class='ocr_par' dir='ltr' id='par_1_59' title="bbox 169 4247 1706 4323">
     <span class='ocr_line' id='line_1_59' title="bbox 169 4247 1706 4323; baseline -0.001 -19"><span class='ocrx_word' id='word_1_462' title='bbox 169 4252 386 4318; x_wconf 71' lang='grc' dir='ltr'><strong>ἡμέραν,</strong></span> <span class='ocrx_word' id='word_1_463' title='bbox 429 4254 502 4306; x_wconf 80' lang='grc' dir='ltr'><strong>ἐν</strong></span> <span class='ocrx_word' id='word_1_464' title='bbox 549 4247 588 4323; x_wconf 79' lang='grc' dir='ltr'><strong><em>ᾖ</em></strong></span> <span class='ocrx_word' id='word_1_465' title='bbox 637 4252 851 4321; x_wconf 80' lang='grc' dir='ltr'><strong>μέλλει</strong></span> <span class='ocrx_word' id='word_1_466' title='bbox 902 4252 1129 4319; x_wconf 78' lang='grc' dir='ltr'><strong>κρίνειν</strong></span> <span class='ocrx_word' id='word_1_467' title='bbox 1164 4250 1278 4317; x_wconf 75' lang='grc' dir='ltr'><strong>τὴν</strong></span> <span class='ocrx_word' id='word_1_468' title='bbox 1323 4251 1706 4319; x_wconf 71' lang='grc' dir='ltr'><strong>οἰκουμένην.</strong></span> 
     </span>
    </p>
   </div>
   <div class='ocr_carea' id='block_1_60' title="bbox 179 4341 1717 4412">
    <p class='ocr_par' dir='ltr' id='par_1_60' title="bbox 179 4341 1717 4412">
     <span class='ocr_line' id='line_1_60' title="bbox 179 4341 1717 4412; baseline 0 -19"><span class='ocrx_word' id='word_1_469' title='bbox 179 4341 516 4410; x_wconf 73' lang='grc' dir='ltr'>Ἀναγκαεως,</span> <span class='ocrx_word' id='word_1_470' title='bbox 577 4344 735 4412; x_wconf 73' lang='grc' dir='ltr'>φησὶ,</span> <span class='ocrx_word' id='word_1_471' title='bbox 787 4343 969 4412; x_wconf 79' lang='grc' dir='ltr'>κρίσιν</span> <span class='ocrx_word' id='word_1_472' title='bbox 1029 4343 1172 4394; x_wconf 71' lang='grc' dir='ltr'><strong>κατὰ</strong></span> <span class='ocrx_word' id='word_1_473' title='bbox 1223 4342 1414 4393; x_wconf 82' lang='grc' dir='ltr'>πασῶν</span> <span class='ocrx_word' id='word_1_474' title='bbox 1463 4341 1717 4408; x_wconf 80' lang='grc' dir='ltr'>πράξεων</span> 
     </span>
    </p>
   </div>
   <div class='ocr_carea' id='block_1_61' title="bbox 172 4431 1716 4506">
    <p class='ocr_par' dir='ltr' id='par_1_61' title="bbox 172 4431 1716 4506">
     <span class='ocr_line' id='line_1_61' title="bbox 172 4431 1716 4506; baseline 0.001 -24"><span class='ocrx_word' id='word_1_475' title='bbox 172 4434 247 4484; x_wconf 76' lang='lat' dir='ltr'><strong>zai</strong></span> <span class='ocrx_word' id='word_1_476' title='bbox 269 4435 569 4505; x_wconf 73' lang='grc' dir='ltr'>διαλήψεων</span> <span class='ocrx_word' id='word_1_477' title='bbox 609 4435 824 4504; x_wconf 75' lang='grc' dir='ltr'>ποιήσει</span> <span class='ocrx_word' id='word_1_478' title='bbox 857 4437 916 4485; x_wconf 74' lang='grc' dir='ltr'>ὲν</span> <span class='ocrx_word' id='word_1_479' title='bbox 948 4433 1151 4501; x_wconf 78' lang='grc' dir='ltr'>’Δνδρὶ,</span> <span class='ocrx_word' id='word_1_480' title='bbox 1177 4431 1238 4484; x_wconf 81' lang='grc' dir='ltr'>ὃν</span> <span class='ocrx_word' id='word_1_481' title='bbox 1274 4432 1472 4506; x_wconf 73' lang='grc' dir='ltr'>ὥρισεν</span> <span class='ocrx_word' id='word_1_482' title='bbox 1499 4431 1716 4484; x_wconf 74' lang='grc' dir='ltr'><strong>ἔσεσθαι</strong></span> 
     </span>
    </p>
   </div>
   <div class='ocr_carea' id='block_1_62' title="bbox 172 4525 1719 4600">
    <p class='ocr_par' dir='ltr' id='par_1_62' title="bbox 172 4525 1719 4600">
     <span class='ocr_line' id='line_1_62' title="bbox 172 4525 1719 4600; baseline -0.001 -20"><span class='ocrx_word' id='word_1_483' title='bbox 172 4531 337 4599; x_wconf 73' lang='grc' dir='ltr'>κριτὴν</span> <span class='ocrx_word' id='word_1_484' title='bbox 365 4530 586 4593; x_wconf 78' lang='grc' dir='ltr'>ζώντων</span> <span class='ocrx_word' id='word_1_485' title='bbox 625 4530 721 4583; x_wconf 75' lang='grc' dir='ltr'><strong>καὶ</strong></span> <span class='ocrx_word' id='word_1_486' title='bbox 745 4529 956 4600; x_wconf 74' lang='grc' dir='ltr'>νεκρῶν</span> <span class='ocrx_word' id='word_1_487' title='bbox 977 4543 990 4556; x_wconf 76' lang='grc'>⁸</span> <span class='ocrx_word' id='word_1_488' title='bbox 1028 4525 1182 4591; x_wconf 72' lang='grc' dir='ltr'>οὗτος</span> <span class='ocrx_word' id='word_1_489' title='bbox 1213 4527 1269 4581; x_wconf 81' lang='grc' dir='ltr'><em>δέ</em></span> <span class='ocrx_word' id='word_1_490' title='bbox 1304 4530 1454 4580; x_wconf 82' lang='grc' dir='ltr'>ἐστιν</span> <span class='ocrx_word' id='word_1_491' title='bbox 1495 4528 1524 4578; x_wconf 82' lang='grc' dir='ltr'>ὁ</span> <span class='ocrx_word' id='word_1_492' title='bbox 1572 4527 1719 4579; x_wconf 82' lang='grc' dir='ltr'>ἐναν-</span> 
     </span>
    </p>
   </div>
   <div class='ocr_carea' id='block_1_63' title="bbox 173 4619 1718 4692">
    <p class='ocr_par' dir='ltr' id='par_1_63' title="bbox 173 4619 1718 4692">
     <span class='ocr_line' id='line_1_63' title="bbox 173 4619 1718 4692; baseline 0 -19"><span class='ocrx_word' id='word_1_493' title='bbox 173 4619 438 4692; x_wconf 77' lang='grc' dir='ltr'>ὓρωπήσας</span> <span class='ocrx_word' id='word_1_494' title='bbox 467 4621 698 4690; x_wconf 77' lang='grc' dir='ltr'>Κύριος.</span> <span class='ocrx_word' id='word_1_495' title='bbox 735 4621 963 4689; x_wconf 81' lang='grc' dir='ltr'><strong>Μεγὰλα</strong></span> <span class='ocrx_word' id='word_1_496' title='bbox 1008 4621 1067 4674; x_wconf 79' lang='grc' dir='ltr'><strong>δὲ</strong></span> <span class='ocrx_word' id='word_1_497' title='bbox 1105 4621 1202 4674; x_wconf 80' lang='grc' dir='ltr'><strong>καὶ</strong></span> <span class='ocrx_word' id='word_1_498' title='bbox 1232 4621 1413 4689; x_wconf 74' lang='grc' dir='ltr'><strong>ὑψηλὰ</strong></span> <span class='ocrx_word' id='word_1_499' title='bbox 1453 4620 1718 4674; x_wconf 81' lang='grc' dir='ltr'><strong>ἀκούσαν-</strong></span> 
     </span>
    </p>
   </div>
   <div class='ocr_carea' id='block_1_64' title="bbox 171 4711 1714 4782">
    <p class='ocr_par' dir='ltr' id='par_1_64' title="bbox 171 4711 1714 4782">
     <span class='ocr_line' id='line_1_64' title="bbox 171 4711 1714 4782; baseline 0.004 -23"><span class='ocrx_word' id='word_1_500' title='bbox 171 4726 262 4775; x_wconf 82' lang='grc' dir='ltr'>τες,</span> <span class='ocrx_word' id='word_1_501' title='bbox 287 4713 400 4765; x_wconf 79' lang='grc' dir='ltr'><strong>οὐδὲ</strong></span> <span class='ocrx_word' id='word_1_502' title='bbox 433 4715 754 4782; x_wconf 84' lang='grc' dir='ltr'>προσεῖπον,</span> <span class='ocrx_word' id='word_1_503' title='bbox 790 4712 925 4764; x_wconf 80' lang='grc' dir='ltr'><em>ἀλλὰ</em></span> <span class='ocrx_word' id='word_1_504' title='bbox 949 4712 1049 4782; x_wconf 84' lang='grc' dir='ltr'><strong>τὴν</strong></span> <span class='ocrx_word' id='word_1_505' title='bbox 1080 4713 1376 4766; x_wconf 76' lang='grc' dir='ltr'><strong>ἀνάστασιν</strong></span> <span class='ocrx_word' id='word_1_506' title='bbox 1404 4711 1714 4781; x_wconf 73' lang='grc' dir='ltr'><strong>ἐχλεύαζον.</strong></span> 
     </span>
    </p>
   </div>
   <div class='ocr_carea' id='block_1_65' title="bbox 175 4802 1716 4875">
    <p class='ocr_par' dir='ltr' id='par_1_65' title="bbox 175 4802 1716 4875">
     <span class='ocr_line' id='line_1_65' title="bbox 175 4802 1716 4875; baseline 0.004 -24"><span class='ocrx_word' id='word_1_507' title='bbox 175 4802 408 4871; x_wconf 79' lang='grc' dir='ltr'><strong>Ψυχικὸς</strong></span> <span class='ocrx_word' id='word_1_508' title='bbox 444 4805 580 4875; x_wconf 77' lang='grc' dir='ltr'>γὰρ,</span> <span class='ocrx_word' id='word_1_509' title='bbox 605 4804 793 4872; x_wconf 77' lang='grc' dir='ltr'>φησὶν,</span> <span class='ocrx_word' id='word_1_510' title='bbox 818 4803 1124 4874; x_wconf 76' lang='grc' dir='ltr'>ἄνθρωπος,</span> <span class='ocrx_word' id='word_1_511' title='bbox 1143 4807 1215 4856; x_wconf 88' lang='grc' dir='ltr'><strong>οὐ</strong></span> <span class='ocrx_word' id='word_1_512' title='bbox 1243 4803 1478 4872; x_wconf 80' lang='grc' dir='ltr'><strong>δέχεται</strong></span> <span class='ocrx_word' id='word_1_513' title='bbox 1511 4803 1581 4856; x_wconf 81' lang='grc' dir='ltr'><strong>τὰ</strong></span> <span class='ocrx_word' id='word_1_514' title='bbox 1610 4803 1716 4857; x_wconf 83' lang='grc' dir='ltr'><strong>τοῦ</strong></span> 
     </span>
    </p>
   </div>
   <div class='ocr_carea' id='block_1_66' title="bbox 173 4892 1792 4991">
    <p class='ocr_par' dir='ltr' id='par_1_66' title="bbox 173 4892 1792 4991">
     <span class='ocr_line' id='line_1_66' title="bbox 173 4892 1792 4991; baseline 0.002 -49"><span class='ocrx_word' id='word_1_515' title='bbox 173 4893 504 4961; x_wconf 78' lang='grc' dir='ltr'><em>Πνεύματος.</em></span> <span class='ocrx_word' id='word_1_516' title='bbox 539 4923 606 4936; x_wconf 81' lang='lat'><strong>—-</strong></span> <span class='ocrx_word' id='word_1_517' title='bbox 630 4896 738 4947; x_wconf 85' lang='lat' dir='ltr'><strong>Kal</strong></span> <span class='ocrx_word' id='word_1_518' title='bbox 776 4895 963 4958; x_wconf 81' lang='grc' dir='ltr'><em>οὓτως</em></span> <span class='ocrx_word' id='word_1_519' title='bbox 1010 4897 1042 4946; x_wconf 90' lang='grc' dir='ltr'><em>ό</em></span> <span class='ocrx_word' id='word_1_520' title='bbox 1085 4892 1326 4959; x_wconf 81' lang='grc' dir='ltr'><em>Παῦλος</em></span> <span class='ocrx_word' id='word_1_521' title='bbox 1360 4893 1622 4961; x_wconf 80' lang='grc' dir='ltr'><strong>ἐξῆλθεν</strong></span> <span class='ocrx_word' id='word_1_522' title='bbox 1647 4894 1714 4991; x_wconf 53' lang='grc' dir='ltr'><strong>ἐν</strong></span> <span class='ocrx_word' id='word_1_523' title='bbox 1747 4933 1792 4991; x_wconf 76' lang='lat' dir='ltr'><strong>D</strong></span> 
     </span>
    </p>
   </div>
   <div class='ocr_carea' id='block_1_67' title="bbox 167 4984 1715 5074">
    <p class='ocr_par' dir='ltr' id='par_1_67' title="bbox 167 4984 1715 5074">
     <span class='ocr_line' id='line_1_67' title="bbox 167 4984 1715 5074; baseline 0.002 -40"><span class='ocrx_word' id='word_1_524' title='bbox 167 4984 330 5046; x_wconf 79' lang='grc' dir='ltr'>μέσον</span> <span class='ocrx_word' id='word_1_525' title='bbox 356 4987 580 5040; x_wconf 72' lang='grc' dir='ltr'><em>αὐτῶν.</em></span> <span class='ocrx_word' id='word_1_526' title='bbox 621 4985 799 5050; x_wconf 81' lang='grc' dir='ltr'>Οὕτω,</span> <span class='ocrx_word' id='word_1_527' title='bbox 837 4985 986 5050; x_wconf 82' lang='grc' dir='ltr'><strong>πῶς;</strong></span> <span class='ocrx_word' id='word_1_528' title='bbox 1020 4987 1157 5046; x_wconf 69' lang='grc' dir='ltr'><strong>Τοὺς</strong></span> <span class='ocrx_word' id='word_1_529' title='bbox 1190 4986 1294 5054; x_wconf 83' lang='grc' dir='ltr'><strong>,μὲν</strong></span> <span class='ocrx_word' id='word_1_530' title='bbox 1343 4987 1564 5049; x_wconf 75' lang='grc' dir='ltr'><strong>πείσας,</strong></span> <span class='ocrx_word' id='word_1_531' title='bbox 1611 4986 1715 5074; x_wconf 54' lang='lat' dir='ltr'><strong>uno</strong></span> 
     </span>
    </p>
   </div>
   <div class='ocr_carea' id='block_1_68' title="bbox 169 5067 1711 5150">
    <p class='ocr_par' dir='ltr' id='par_1_68' title="bbox 169 5067 1711 5150">
     <span class='ocr_line' id='line_1_68' title="bbox 169 5067 1711 5150; baseline 0.005 -25"><span class='ocrx_word' id='word_1_532' title='bbox 169 5074 212 5125; x_wconf 80' lang='grc' dir='ltr'><strong>δὲ</strong></span> <span class='ocrx_word' id='word_1_533' title='bbox 238 5077 332 5130; x_wconf 81' lang='grc' dir='ltr'><strong>τῶν</strong></span> <span class='ocrx_word' id='word_1_534' title='bbox 349 5079 681 5148; x_wconf 78' lang='grc' dir='ltr'><strong>γελώμενος.</strong></span> <span class='ocrx_word' id='word_1_535' title='bbox 718 5067 883 5143; x_wconf 70' lang='grc' dir='ltr'><em>Τινὲς</em></span> <span class='ocrx_word' id='word_1_536' title='bbox 906 5079 974 5131; x_wconf 81' lang='grc' dir='ltr'><strong>δὲ</strong></span> <span class='ocrx_word' id='word_1_537' title='bbox 989 5079 1385 5143; x_wconf 77' lang='grc' dir='ltr'><em>ἐπίστευσαν,</em></span> <span class='ocrx_word' id='word_1_538' title='bbox 1414 5079 1482 5132; x_wconf 81' lang='grc' dir='ltr'><strong>ἐν</strong></span> <span class='ocrx_word' id='word_1_539' title='bbox 1497 5067 1711 5150; x_wconf 65' lang='grc' dir='ltr'><strong>οἴςζίιαῑ</strong></span> 
     </span>
    </p>
   </div>
   <div class='ocr_carea' id='block_1_69' title="bbox 171 5165 1710 5241">
    <p class='ocr_par' dir='ltr' id='par_1_69' title="bbox 171 5165 1710 5241">
     <span class='ocr_line' id='line_1_69' title="bbox 171 5165 1710 5241; baseline 0 -20"><span class='ocrx_word' id='word_1_540' title='bbox 171 5170 452 5236; x_wconf 80' lang='grc' dir='ltr'><em>Διονύσιος</em></span> <span class='ocrx_word' id='word_1_541' title='bbox 470 5177 502 5224; x_wconf 87' lang='grc' dir='ltr'><em>ό</em></span> <span class='ocrx_word' id='word_1_542' title='bbox 531 5169 973 5237; x_wconf 77' lang='grc' dir='ltr'><strong>Ἀρεοπαγίτης.</strong></span> <span class='ocrx_word' id='word_1_543' title='bbox 1007 5169 1152 5234; x_wconf 79' lang='grc' dir='ltr'><strong>Ἐξω</strong></span> <span class='ocrx_word' id='word_1_544' title='bbox 1173 5171 1272 5241; x_wconf 80' lang='grc' dir='ltr'><strong>τῆς</strong></span> <span class='ocrx_word' id='word_1_545' title='bbox 1301 5169 1509 5232; x_wconf 82' lang='grc' dir='ltr'>πόλεως</span> <span class='ocrx_word' id='word_1_546' title='bbox 1537 5165 1606 5241; x_wconf 81' lang='grc' dir='ltr'>ἦν</span> <span class='ocrx_word' id='word_1_547' title='bbox 1643 5170 1710 5222; x_wconf 84' lang='grc' dir='ltr'><strong>τὸ</strong></span> 
     </span>
    </p>
   </div>
   <div class='ocr_carea' id='block_1_70' title="bbox 170 5259 1709 5332">
    <p class='ocr_par' dir='ltr' id='par_1_70' title="bbox 170 5259 1709 5332">
     <span class='ocr_line' id='line_1_70' title="bbox 170 5259 1709 5332; baseline 0.003 -24"><span class='ocrx_word' id='word_1_548' title='bbox 170 5260 266 5310; x_wconf 80' lang='grc' dir='ltr'><strong>κατ’</strong></span> <span class='ocrx_word' id='word_1_549' title='bbox 284 5263 489 5332; x_wconf 84' lang='grc' dir='ltr'>Ἀρειον</span> <span class='ocrx_word' id='word_1_550' title='bbox 517 5263 701 5329; x_wconf 86' lang='grc' dir='ltr'>Πάγον</span> <span class='ocrx_word' id='word_1_551' title='bbox 725 5262 1091 5332; x_wconf 84' lang='grc' dir='ltr'><strong>δικαστήριον.</strong></span> <span class='ocrx_word' id='word_1_552' title='bbox 1111 5261 1388 5325; x_wconf 75' lang='grc' dir='ltr'><strong>Ἐδίκαζον</strong></span> <span class='ocrx_word' id='word_1_553' title='bbox 1407 5259 1510 5330; x_wconf 62' lang='grc' dir='ltr'>οὒνζ</span> <span class='ocrx_word' id='word_1_554' title='bbox 1524 5263 1578 5314; x_wconf 81' lang='grc' dir='ltr'>Ἀ</span> <span class='ocrx_word' id='word_1_555' title='bbox 1589 5262 1709 5332; x_wconf 86' lang='grc' dir='ltr'>ρἐο-</span> 
     </span>
    </p>
   </div>
   <div class='ocr_carea' id='block_1_71' title="bbox 172 5350 1704 5423">
    <p class='ocr_par' dir='ltr' id='par_1_71' title="bbox 172 5350 1704 5423">
     <span class='ocr_line' id='line_1_71' title="bbox 172 5350 1704 5423; baseline 0.003 -23"><span class='ocrx_word' id='word_1_556' title='bbox 172 5355 364 5416; x_wconf 70' lang='grc' dir='ltr'>παγῐται</span> <span class='ocrx_word' id='word_1_557' title='bbox 396 5361 527 5423; x_wconf 73' lang='grc' dir='ltr'>περὶ</span> <span class='ocrx_word' id='word_1_558' title='bbox 565 5353 672 5405; x_wconf 81' lang='grc' dir='ltr'><strong>τῶν</strong></span> <span class='ocrx_word' id='word_1_559' title='bbox 709 5351 1041 5422; x_wconf 82' lang='grc' dir='ltr'><strong>σφαλμάτων</strong></span> <span class='ocrx_word' id='word_1_560' title='bbox 1071 5353 1288 5406; x_wconf 80' lang='grc' dir='ltr'>πάντων</span> <span class='ocrx_word' id='word_1_561' title='bbox 1320 5352 1414 5404; x_wconf 80' lang='grc' dir='ltr'><strong>καὶ</strong></span> <span class='ocrx_word' id='word_1_562' title='bbox 1442 5350 1704 5420; x_wconf 83' lang='grc' dir='ltr'><strong>ἀνομιῶν.</strong></span> 
     </span>
    </p>
   </div>
   <div class='ocr_carea' id='block_1_72' title="bbox 172 5440 1710 5512">
    <p class='ocr_par' dir='ltr' id='par_1_72' title="bbox 172 5440 1710 5512">
     <span class='ocr_line' id='line_1_72' title="bbox 172 5440 1710 5512; baseline 0.003 -24"><span class='ocrx_word' id='word_1_563' title='bbox 172 5440 250 5489; x_wconf 73' lang='grc' dir='ltr'>Διὰ</span> <span class='ocrx_word' id='word_1_564' title='bbox 268 5443 410 5495; x_wconf 82' lang='grc' dir='ltr'><strong>τοῦτο</strong></span> <span class='ocrx_word' id='word_1_565' title='bbox 439 5446 535 5497; x_wconf 72' lang='grc' dir='ltr'>ἅτε</span> <span class='ocrx_word' id='word_1_566' title='bbox 572 5443 737 5510; x_wconf 74' lang='grc' dir='ltr'>ξένων</span> <span class='ocrx_word' id='word_1_567' title='bbox 757 5444 1050 5512; x_wconf 84' lang='grc' dir='ltr'>δαιμονίων</span> <span class='ocrx_word' id='word_1_568' title='bbox 1078 5443 1416 5510; x_wconf 65' lang='grc' dir='ltr'>ωταγγελέα</span> <span class='ocrx_word' id='word_1_569' title='bbox 1444 5443 1536 5495; x_wconf 83' lang='grc' dir='ltr'><strong>τὸν</strong></span> <span class='ocrx_word' id='word_1_570' title='bbox 1563 5441 1710 5494; x_wconf 83' lang='grc' dir='ltr'><strong>Παῦ-</strong></span> 
     </span>
    </p>
   </div>
   <div class='ocr_carea' id='block_1_73' title="bbox 125 5528 1706 5606">
    <p class='ocr_par' dir='ltr' id='par_1_73' title="bbox 125 5528 1706 5606">
     <span class='ocr_line' id='line_1_73' title="bbox 125 5528 1706 5606; baseline 0.005 -28"><span class='ocrx_word' id='word_1_571' title='bbox 125 5549 130 5558; x_wconf 92' lang='grc'>·</span> <span class='ocrx_word' id='word_1_572' title='bbox 174 5528 248 5582; x_wconf 69' lang='grc' dir='ltr'>λον</span> <span class='ocrx_word' id='word_1_573' title='bbox 273 5537 396 5604; x_wconf 65' lang='grc' dir='ltr'><strong>πρὶς</strong></span> <span class='ocrx_word' id='word_1_574' title='bbox 439 5536 545 5606; x_wconf 80' lang='grc' dir='ltr'><strong>τὴν</strong></span> <span class='ocrx_word' id='word_1_575' title='bbox 607 5535 667 5599; x_wconf 78' lang='grc' dir='ltr'><strong>ἐξ</strong></span> <span class='ocrx_word' id='word_1_576' title='bbox 708 5536 918 5603; x_wconf 74' lang='grc' dir='ltr'>Ἀρείου</span> <span class='ocrx_word' id='word_1_577' title='bbox 954 5535 1144 5604; x_wconf 82' lang='grc' dir='ltr'>Πάγου</span> <span class='ocrx_word' id='word_1_578' title='bbox 1191 5535 1387 5606; x_wconf 80' lang='grc' dir='ltr'><strong>βουλὴν</strong></span> <span class='ocrx_word' id='word_1_579' title='bbox 1427 5535 1706 5589; x_wconf 69' lang='grc' dir='ltr'><strong>ἕλκουσιν·</strong></span> 
     </span>
    </p>
   </div>
   <div class='ocr_carea' id='block_1_74' title="bbox 1903 2614 3400 2703">
    <p class='ocr_par' dir='ltr' id='par_1_74' title="bbox 1903 2614 3400 2703">
     <span class='ocr_line' id='line_1_74' title="bbox 1903 2614 3400 2703; baseline 0.015 -37"><span class='ocrx_word' id='word_1_580' title='bbox 1903 2614 2060 2669; x_wconf 80' lang='lat' dir='ltr'><strong>Vens.</strong></span> <span class='ocrx_word' id='word_1_581' title='bbox 2114 2617 2201 2670; x_wconf 81' lang='lat'><strong>3|.</strong></span> <span class='ocrx_word' id='word_1_582' title='bbox 2251 2615 2536 2685; x_wconf 83' lang='lat' dir='ltr'><strong>Propterea</strong></span> <span class='ocrx_word' id='word_1_583' title='bbox 2589 2619 2727 2683; x_wconf 82' lang='lat' dir='ltr'><strong>quod</strong></span> <span class='ocrx_word' id='word_1_584' title='bbox 2767 2624 2954 2675; x_wconf 87' lang='lat' dir='ltr'><strong>statuit</strong></span> <span class='ocrx_word' id='word_1_585' title='bbox 2993 2624 3170 2690; x_wconf 84' lang='lat' dir='ltr'><strong>diem.</strong></span> <span class='ocrx_word' id='word_1_586' title='bbox 3209 2631 3265 2684; x_wconf 81' lang='lat' dir='ltr'><strong>in</strong></span> <span class='ocrx_word' id='word_1_587' title='bbox 3298 2642 3400 2703; x_wconf 81' lang='lat' dir='ltr'><strong>quo</strong></span> 
     </span>
    </p>
   </div>
   <div class='ocr_carea' id='block_1_75' title="bbox 1823 2707 3410 2792">
    <p class='ocr_par' dir='ltr' id='par_1_75' title="bbox 1823 2707 3410 2792">
     <span class='ocr_line' id='line_1_75' title="bbox 1823 2707 3410 2792; baseline 0.013 -35"><span class='ocrx_word' id='word_1_588' title='bbox 1823 2707 1969 2774; x_wconf 84' lang='lat' dir='ltr'><strong>juste</strong></span> <span class='ocrx_word' id='word_1_589' title='bbox 1984 2709 2325 2775; x_wconf 83' lang='lat' dir='ltr'><strong>judicaturus</strong></span> <span class='ocrx_word' id='word_1_590' title='bbox 2346 2723 2421 2762; x_wconf 84' lang='lat' dir='ltr'><strong>est</strong></span> <span class='ocrx_word' id='word_1_591' title='bbox 2451 2709 2626 2764; x_wconf 88' lang='lat' dir='ltr'><strong>orbem</strong></span> <span class='ocrx_word' id='word_1_592' title='bbox 2650 2720 2914 2765; x_wconf 83' lang='lat' dir='ltr'><strong>terrarum</strong></span> <span class='ocrx_word' id='word_1_593' title='bbox 2938 2729 3032 2781; x_wconf 89' lang='lat' dir='ltr'><strong>per</strong></span> <span class='ocrx_word' id='word_1_594' title='bbox 3062 2715 3239 2773; x_wconf 81' lang='lat' dir='ltr'><strong>Virum</strong></span> <span class='ocrx_word' id='word_1_595' title='bbox 3257 2739 3410 2792; x_wconf 80' lang='lat' dir='ltr'><strong>quem</strong></span> 
     </span>
    </p>
   </div>
   <div class='ocr_carea' id='block_1_76' title="bbox 1831 2798 3408 2878">
    <p class='ocr_par' dir='ltr' id='par_1_76' title="bbox 1831 2798 3408 2878">
     <span class='ocr_line' id='line_1_76' title="bbox 1831 2798 3408 2878; baseline 0.015 -31"><span class='ocrx_word' id='word_1_596' title='bbox 1831 2798 1950 2850; x_wconf 81' lang='lat' dir='ltr'><strong>huic</strong></span> <span class='ocrx_word' id='word_1_597' title='bbox 1980 2799 2185 2867; x_wconf 81' lang='lat' dir='ltr'><strong>negotio</strong></span> <span class='ocrx_word' id='word_1_598' title='bbox 2215 2801 2514 2863; x_wconf 76' lang='lat' dir='ltr'><strong>destinavit.</strong></span> <span class='ocrx_word' id='word_1_599' title='bbox 2547 2800 2807 2872; x_wconf 77' lang='lat' dir='ltr'><strong>ﬁdemque</strong></span> <span class='ocrx_word' id='word_1_600' title='bbox 2839 2805 2960 2873; x_wconf 77' lang='lat' dir='ltr'><strong>fecit</strong></span> <span class='ocrx_word' id='word_1_601' title='bbox 2991 2810 3250 2878; x_wconf 79' lang='lat' dir='ltr'><strong>omnibus,</strong></span> <span class='ocrx_word' id='word_1_602' title='bbox 3282 2815 3408 2870; x_wconf 85' lang='lat' dir='ltr'><strong>dum</strong></span> 
     </span>
    </p>
   </div>
   <div class='ocr_carea' id='block_1_77' title="bbox 1831 2885 2718 2946">
    <p class='ocr_par' dir='ltr' id='par_1_77' title="bbox 1831 2885 2718 2946">
     <span class='ocr_line' id='line_1_77' title="bbox 1831 2885 2718 2946; baseline 0.009 -9"><span class='ocrx_word' id='word_1_603' title='bbox 1831 2885 1978 2939; x_wconf 87' lang='lat' dir='ltr'><strong>illum</strong></span> <span class='ocrx_word' id='word_1_604' title='bbox 2016 2904 2081 2941; x_wconf 75' lang='lat' dir='ltr'><strong>ea:</strong></span> <span class='ocrx_word' id='word_1_605' title='bbox 2113 2891 2332 2942; x_wconf 85' lang='lat' dir='ltr'><strong>mortuis</strong></span> <span class='ocrx_word' id='word_1_606' title='bbox 2366 2893 2718 2946; x_wconf 82' lang='lat' dir='ltr'><strong>resuscitauit.</strong></span> 
     </span>
    </p>
   </div>
   <div class='ocr_carea' id='block_1_78' title="bbox 1903 2978 3402 3063">
    <p class='ocr_par' dir='ltr' id='par_1_78' title="bbox 1903 2978 3402 3063">
     <span class='ocr_line' id='line_1_78' title="bbox 1903 2978 3402 3063; baseline 0.015 -33"><span class='ocrx_word' id='word_1_607' title='bbox 1903 2978 2061 3033; x_wconf 79' lang='lat' dir='ltr'><strong>Vens.</strong></span> <span class='ocrx_word' id='word_1_608' title='bbox 2087 2981 2176 3035; x_wconf 61' lang='grc' dir='ltr'>δεῖ.</span> <span class='ocrx_word' id='word_1_609' title='bbox 2207 2982 2402 3036; x_wconf 80' lang='lat' dir='ltr'><strong>Audita</strong></span> <span class='ocrx_word' id='word_1_610' title='bbox 2427 2993 2603 3038; x_wconf 81' lang='lat' dir='ltr'><strong>autem</strong></span> <span class='ocrx_word' id='word_1_611' title='bbox 2641 2991 3016 3046; x_wconf 76' lang='lat' dir='ltr'><strong>resurrectione</strong></span> <span class='ocrx_word' id='word_1_612' title='bbox 3053 3005 3402 3063; x_wconf 86' lang='lat' dir='ltr'><strong>mortuorum,</strong></span> 
     </span>
    </p>
   </div>
   <div class='ocr_carea' id='block_1_79' title="bbox 1828 3069 3404 3144">
    <p class='ocr_par' dir='ltr' id='par_1_79' title="bbox 1828 3069 3404 3144">
     <span class='ocr_line' id='line_1_79' title="bbox 1828 3069 3404 3144; baseline 0.015 -23"><span class='ocrx_word' id='word_1_613' title='bbox 1828 3069 1925 3122; x_wconf 84' lang='lat' dir='ltr'><strong>alii</strong></span> <span class='ocrx_word' id='word_1_614' title='bbox 1969 3073 2176 3140; x_wconf 84' lang='lat' dir='ltr'><strong>quidem</strong></span> <span class='ocrx_word' id='word_1_615' title='bbox 2221 3073 2538 3140; x_wconf 78' lang='lat' dir='ltr'><strong>irridebant,</strong></span> <span class='ocrx_word' id='word_1_616' title='bbox 2588 3077 2682 3130; x_wconf 84' lang='lat' dir='ltr'><strong>alii</strong></span> <span class='ocrx_word' id='word_1_617' title='bbox 2723 3097 2843 3134; x_wconf 81' lang='lat' dir='ltr'><strong>vero</strong></span> <span class='ocrx_word' id='word_1_618' title='bbox 2876 3083 3164 3140; x_wconf 70' lang='lat' dir='ltr'><strong>dixerunt:</strong></span> <span class='ocrx_word' id='word_1_619' title='bbox 3206 3087 3404 3144; x_wconf 78' lang='lat' dir='ltr'><strong>Audie-</strong></span> 
     </span>
    </p>
   </div>
   <div class='ocr_carea' id='block_1_80' title="bbox 1831 3164 2550 3220">
    <p class='ocr_par' dir='ltr' id='par_1_80' title="bbox 1831 3164 2550 3220">
     <span class='ocr_line' id='line_1_80' title="bbox 1831 3164 2550 3220; baseline 0.011 -8"><span class='ocrx_word' id='word_1_620' title='bbox 1831 3177 1944 3214; x_wconf 79' lang='lat' dir='ltr'><strong>mus</strong></span> <span class='ocrx_word' id='word_1_621' title='bbox 1977 3172 2026 3214; x_wconf 81' lang='lat' dir='ltr'><strong>te</strong></span> <span class='ocrx_word' id='word_1_622' title='bbox 2049 3180 2231 3217; x_wconf 87' lang='lat' dir='ltr'><strong>rursus</strong></span> <span class='ocrx_word' id='word_1_623' title='bbox 2255 3164 2320 3218; x_wconf 89' lang='lat' dir='ltr'><strong>de</strong></span> <span class='ocrx_word' id='word_1_624' title='bbox 2348 3166 2450 3218; x_wconf 75' lang='lat' dir='ltr'><strong>hac</strong></span> <span class='ocrx_word' id='word_1_625' title='bbox 2475 3183 2550 3220; x_wconf 86' lang='lat' dir='ltr'><strong>re.</strong></span> 
     </span>
    </p>
   </div>
   <div class='ocr_carea' id='block_1_81' title="bbox 1900 3251 3398 3328">
    <p class='ocr_par' dir='ltr' id='par_1_81' title="bbox 1900 3251 3398 3328">
     <span class='ocr_line' id='line_1_81' title="bbox 1900 3251 3398 3328; baseline 0.016 -23"><span class='ocrx_word' id='word_1_626' title='bbox 1900 3251 2059 3306; x_wconf 73' lang='lat' dir='ltr'><strong>Vens.</strong></span> <span class='ocrx_word' id='word_1_627' title='bbox 2090 3253 2177 3306; x_wconf 77' lang='lat'><strong>&#39;53.</strong></span> <span class='ocrx_word' id='word_1_628' title='bbox 2203 3254 2369 3323; x_wconf 78' lang='lat' dir='ltr'><strong>Atque</strong></span> <span class='ocrx_word' id='word_1_629' title='bbox 2398 3257 2475 3309; x_wconf 90' lang='lat' dir='ltr'><strong>ita</strong></span> <span class='ocrx_word' id='word_1_630' title='bbox 2501 3255 2702 3314; x_wconf 89' lang='lat' dir='ltr'><strong>Paulus</strong></span> <span class='ocrx_word' id='word_1_631' title='bbox 2729 3262 2889 3316; x_wconf 77' lang='lat' dir='ltr'><strong>exivit</strong></span> <span class='ocrx_word' id='word_1_632' title='bbox 2917 3263 2981 3318; x_wconf 80' lang='lat' dir='ltr'><strong>de</strong></span> <span class='ocrx_word' id='word_1_633' title='bbox 3007 3269 3179 3323; x_wconf 83' lang='lat' dir='ltr'><strong>medio</strong></span> <span class='ocrx_word' id='word_1_634' title='bbox 3200 3287 3398 3328; x_wconf 88' lang='lat' dir='ltr'><strong>eorum.</strong></span> 
     </span>
    </p>
   </div>
   <div class='ocr_carea' id='block_1_82' title="bbox 1901 3425 3402 3516">
    <p class='ocr_par' dir='ltr' id='par_1_82' title="bbox 1901 3425 3402 3516">
     <span class='ocr_line' id='line_1_82' title="bbox 1901 3425 3402 3516; baseline 0.017 -36"><span class='ocrx_word' id='word_1_635' title='bbox 1901 3425 2064 3484; x_wconf 78' lang='lat' dir='ltr'><strong>Vens.</strong></span> <span class='ocrx_word' id='word_1_636' title='bbox 2103 3431 2191 3484; x_wconf 70' lang='lat' dir='ltr'><strong>3i.</strong></span> <span class='ocrx_word' id='word_1_637' title='bbox 2237 3431 2346 3487; x_wconf 85' lang='lat' dir='ltr'><strong>Sed</strong></span> <span class='ocrx_word' id='word_1_638' title='bbox 2379 3435 2596 3502; x_wconf 84' lang='lat' dir='ltr'><strong>quidam</strong></span> <span class='ocrx_word' id='word_1_639' title='bbox 2636 3438 2737 3492; x_wconf 76' lang='lat' dir='ltr'><strong>viri</strong></span> <span class='ocrx_word' id='word_1_640' title='bbox 2775 3456 2888 3494; x_wconf 88' lang='lat' dir='ltr'><strong>sese</strong></span> <span class='ocrx_word' id='word_1_641' title='bbox 2925 3443 3009 3496; x_wconf 87' lang='lat' dir='ltr'><strong>illi</strong></span> <span class='ocrx_word' id='word_1_642' title='bbox 3045 3446 3402 3516; x_wconf 77' lang='lat' dir='ltr'><strong>adjunxerunt</strong></span> 
     </span>
    </p>
   </div>
   <div class='ocr_carea' id='block_1_83' title="bbox 1829 3523 3401 3610">
    <p class='ocr_par' dir='ltr' id='par_1_83' title="bbox 1829 3523 3401 3610">
     <span class='ocr_line' id='line_1_83' title="bbox 1829 3523 3401 3610; baseline 0.016 -40"><span class='ocrx_word' id='word_1_643' title='bbox 1829 3527 1986 3586; x_wconf 87' lang='lat' dir='ltr'><strong>atque</strong></span> <span class='ocrx_word' id='word_1_644' title='bbox 2011 3523 2379 3578; x_wconf 84' lang='lat' dir='ltr'><strong>crediderunt:</strong></span> <span class='ocrx_word' id='word_1_645' title='bbox 2412 3525 2466 3578; x_wconf 86' lang='lat' dir='ltr'><strong>in</strong></span> <span class='ocrx_word' id='word_1_646' title='bbox 2490 3543 2714 3596; x_wconf 86' lang='lat' dir='ltr'><strong>quorum</strong></span> <span class='ocrx_word' id='word_1_647' title='bbox 2739 3547 2955 3586; x_wconf 84' lang='lat' dir='ltr'><strong>numero</strong></span> <span class='ocrx_word' id='word_1_648' title='bbox 2977 3546 3093 3589; x_wconf 90' lang='lat' dir='ltr'><strong>erat</strong></span> <span class='ocrx_word' id='word_1_649' title='bbox 3122 3535 3401 3610; x_wconf 64' lang='lat' dir='ltr'><strong>Dionysius</strong></span> 
     </span>
    </p>
   </div>
   <div class='ocr_carea' id='block_1_84' title="bbox 1827 3611 3395 3690">
    <p class='ocr_par' dir='ltr' id='par_1_84' title="bbox 1827 3611 3395 3690">
     <span class='ocr_line' id='line_1_84' title="bbox 1827 3611 3395 3690; baseline 0.018 -28"><span class='ocrx_word' id='word_1_650' title='bbox 1827 3611 2165 3680; x_wconf 81' lang='lat' dir='ltr'><strong>Areopagita,</strong></span> <span class='ocrx_word' id='word_1_651' title='bbox 2189 3623 2236 3667; x_wconf 89' lang='lat' dir='ltr'><strong>et</strong></span> <span class='ocrx_word' id='word_1_652' title='bbox 2255 3616 2440 3670; x_wconf 88' lang='lat' dir='ltr'><strong>mulier</strong></span> <span class='ocrx_word' id='word_1_653' title='bbox 2455 3621 2662 3674; x_wconf 83' lang='lat' dir='ltr'><strong>nomine</strong></span> <span class='ocrx_word' id='word_1_654' title='bbox 2682 3621 2948 3689; x_wconf 86' lang='lat' dir='ltr'><strong>Damaris,</strong></span> <span class='ocrx_word' id='word_1_655' title='bbox 2965 3630 3122 3682; x_wconf 90' lang='lat' dir='ltr'><strong>etalii</strong></span> <span class='ocrx_word' id='word_1_656' title='bbox 3139 3648 3256 3685; x_wconf 83' lang='lat' dir='ltr'><strong>cum</strong></span> <span class='ocrx_word' id='word_1_657' title='bbox 3270 3634 3395 3690; x_wconf 88' lang='lat' dir='ltr'><strong>illis.</strong></span> 
     </span>
    </p>
   </div>
   <div class='ocr_carea' id='block_1_85' title="bbox 1898 3701 3399 3785">
    <p class='ocr_par' dir='ltr' id='par_1_85' title="bbox 1898 3701 3399 3785">
     <span class='ocr_line' id='line_1_85' title="bbox 1898 3701 3399 3785; baseline 0.02 -34"><span class='ocrx_word' id='word_1_658' title='bbox 1898 3701 1972 3753; x_wconf 81' lang='lat' dir='ltr'><strong>Ac</strong></span> <span class='ocrx_word' id='word_1_659' title='bbox 2001 3712 2235 3770; x_wconf 86' lang='lat' dir='ltr'><strong>tempora</strong></span> <span class='ocrx_word' id='word_1_660' title='bbox 2265 3706 2478 3774; x_wconf 84' lang='lat' dir='ltr'><strong>quidem</strong></span> <span class='ocrx_word' id='word_1_661' title='bbox 2499 3708 2654 3763; x_wconf 87' lang='lat' dir='ltr'><strong>istius</strong></span> <span class='ocrx_word' id='word_1_662' title='bbox 2682 3713 3017 3785; x_wconf 64' lang='lat' dir='ltr'><strong>ignorantia,</strong></span> <span class='ocrx_word' id='word_1_663' title='bbox 3051 3729 3158 3776; x_wconf 90' lang='lat' dir='ltr'><strong>etc.</strong></span> <span class='ocrx_word' id='word_1_664' title='bbox 3183 3721 3301 3778; x_wconf 85' lang='lat' dir='ltr'><strong>Non</strong></span> <span class='ocrx_word' id='word_1_665' title='bbox 3330 3727 3399 3781; x_wconf 88' lang='lat' dir='ltr'><strong>de</strong></span> 
     </span>
    </p>
   </div>
   <div class='ocr_carea' id='block_1_86' title="bbox 1827 3793 3394 3873">
    <p class='ocr_par' dir='ltr' id='par_1_86' title="bbox 1827 3793 3394 3873">
     <span class='ocr_line' id='line_1_86' title="bbox 1827 3793 3394 3873; baseline 0.02 -31"><span class='ocrx_word' id='word_1_666' title='bbox 1827 3793 2056 3846; x_wconf 85' lang='lat' dir='ltr'><strong>mortuis</strong></span> <span class='ocrx_word' id='word_1_667' title='bbox 2081 3793 2337 3862; x_wconf 86' lang='lat' dir='ltr'><strong>loquitur,</strong></span> <span class='ocrx_word' id='word_1_668' title='bbox 2372 3797 2465 3852; x_wconf 84' lang='lat' dir='ltr'><strong>sed</strong></span> <span class='ocrx_word' id='word_1_669' title='bbox 2491 3800 2558 3854; x_wconf 90' lang='lat' dir='ltr'><strong>de</strong></span> <span class='ocrx_word' id='word_1_670' title='bbox 2590 3801 2674 3865; x_wconf 88' lang='lat' dir='ltr'><strong>iis,</strong></span> <span class='ocrx_word' id='word_1_671' title='bbox 2699 3804 2898 3872; x_wconf 89' lang='lat' dir='ltr'><strong>quibus</strong></span> <span class='ocrx_word' id='word_1_672' title='bbox 2922 3808 3208 3869; x_wconf 89' lang='lat' dir='ltr'><strong>denuntiat</strong></span> <span class='ocrx_word' id='word_1_673' title='bbox 3233 3815 3394 3873; x_wconf 84' lang='lat' dir='ltr'><strong>Deus.</strong></span> 
     </span>
    </p>
   </div>
   <div class='ocr_carea' id='block_1_87' title="bbox 1833 3883 3398 3971">
    <p class='ocr_par' dir='ltr' id='par_1_87' title="bbox 1833 3883 3398 3971">
     <span class='ocr_line' id='line_1_87' title="bbox 1833 3883 3398 3971; baseline 0.02 -38"><span class='ocrx_word' id='word_1_674' title='bbox 1833 3883 2154 3955; x_wconf 68' lang='lat' dir='ltr'><strong>&#39;t‘mptadw,</strong></span> <span class='ocrx_word' id='word_1_675' title='bbox 2176 3888 2227 3942; x_wconf 89' lang='lat' dir='ltr'><strong>id</strong></span> <span class='ocrx_word' id='word_1_676' title='bbox 2251 3905 2372 3943; x_wconf 90' lang='lat' dir='ltr'><strong>cum</strong></span> <span class='ocrx_word' id='word_1_677' title='bbox 2398 3891 2726 3961; x_wconf 79' lang='lat' dir='ltr'><strong>despexerit,</strong></span> <span class='ocrx_word' id='word_1_678' title='bbox 2744 3913 2868 3952; x_wconf 92' lang='lat' dir='ltr'><strong>cum</strong></span> <span class='ocrx_word' id='word_1_679' title='bbox 2885 3898 3260 3971; x_wconf 83' lang='lat' dir='ltr'><strong>dissimularit,</strong></span> <span class='ocrx_word' id='word_1_680' title='bbox 3288 3923 3398 3964; x_wconf 91' lang='lat' dir='ltr'><strong>non</strong></span> 
     </span>
    </p>
   </div>
   <div class='ocr_carea' id='block_1_88' title="bbox 1825 3975 3398 4064">
    <p class='ocr_par' dir='ltr' id='par_1_88' title="bbox 1825 3975 3398 4064">
     <span class='ocr_line' id='line_1_88' title="bbox 1825 3975 3398 4064; baseline 0.017 -37"><span class='ocrx_word' id='word_1_681' title='bbox 1825 3975 1979 4042; x_wconf 78' lang='lat' dir='ltr'><strong>dixit,</strong></span> <span class='ocrx_word' id='word_1_682' title='bbox 2016 3980 2290 4048; x_wconf 82' lang='grc' dir='ltr'>παρεῖδεν,</span> <span class='ocrx_word' id='word_1_683' title='bbox 2319 3981 2370 4034; x_wconf 85' lang='lat' dir='ltr'><strong>id</strong></span> <span class='ocrx_word' id='word_1_684' title='bbox 2408 3985 2626 4053; x_wconf 88' lang='lat' dir='ltr'><strong>proprie</strong></span> <span class='ocrx_word' id='word_1_685' title='bbox 2653 3988 2955 4058; x_wconf 78' lang='lat' dir='ltr'><strong>signiﬁcat,</strong></span> <span class='ocrx_word' id='word_1_686' title='bbox 3002 4009 3286 4064; x_wconf 88' lang='lat' dir='ltr'><strong>perperam</strong></span> <span class='ocrx_word' id='word_1_687' title='bbox 3320 3999 3398 4054; x_wconf 88' lang='lat' dir='ltr'><strong>vi-</strong></span> 
     </span>
    </p>
   </div>
   <div class='ocr_carea' id='block_1_89' title="bbox 1823 4068 3398 4149">
    <p class='ocr_par' dir='ltr' id='par_1_89' title="bbox 1823 4068 3398 4149">
     <span class='ocr_line' id='line_1_89' title="bbox 1823 4068 3398 4149; baseline 0.017 -28"><span class='ocrx_word' id='word_1_688' title='bbox 1823 4068 1921 4132; x_wconf 91' lang='lat' dir='ltr'><strong>dit,</strong></span> <span class='ocrx_word' id='word_1_689' title='bbox 1955 4068 2280 4126; x_wconf 82' lang='lat' dir='ltr'><strong>allucinatus</strong></span> <span class='ocrx_word' id='word_1_690' title='bbox 2310 4083 2412 4137; x_wconf 81' lang='lat' dir='ltr'><strong>est,</strong></span> <span class='ocrx_word' id='word_1_691' title='bbox 2443 4075 2571 4129; x_wconf 91' lang='lat' dir='ltr'><strong>dum</strong></span> <span class='ocrx_word' id='word_1_692' title='bbox 2599 4077 2746 4133; x_wconf 89' lang='lat' dir='ltr'><strong>aliud</strong></span> <span class='ocrx_word' id='word_1_693' title='bbox 2784 4095 2879 4149; x_wconf 93' lang='lat' dir='ltr'><strong>pro</strong></span> <span class='ocrx_word' id='word_1_694' title='bbox 2907 4083 3014 4139; x_wconf 90' lang='lat' dir='ltr'><strong>alio</strong></span> <span class='ocrx_word' id='word_1_695' title='bbox 3045 4086 3278 4144; x_wconf 85' lang='lat' dir='ltr'><strong>videndo</strong></span> <span class='ocrx_word' id='word_1_696' title='bbox 3304 4106 3398 4145; x_wconf 86' lang='lat' dir='ltr'><strong>ac-</strong></span> 
     </span>
    </p>
   </div>
   <div class='ocr_carea' id='block_1_90' title="bbox 1825 4161 3397 4237">
    <p class='ocr_par' dir='ltr' id='par_1_90' title="bbox 1825 4161 3397 4237">
     <span class='ocr_line' id='line_1_90' title="bbox 1825 4161 3397 4237; baseline 0.015 -23"><span class='ocrx_word' id='word_1_697' title='bbox 1825 4161 1975 4230; x_wconf 87' lang='lat' dir='ltr'><strong>cipit,</strong></span> <span class='ocrx_word' id='word_1_698' title='bbox 2009 4162 2154 4232; x_wconf 90' lang='lat' dir='ltr'><strong>quod</strong></span> <span class='ocrx_word' id='word_1_699' title='bbox 2187 4163 2256 4218; x_wconf 91' lang='lat' dir='ltr'><strong>de</strong></span> <span class='ocrx_word' id='word_1_700' title='bbox 2289 4163 2397 4219; x_wconf 91' lang='lat' dir='ltr'><strong>Deo</strong></span> <span class='ocrx_word' id='word_1_701' title='bbox 2426 4168 2690 4237; x_wconf 89' lang='lat' dir='ltr'><strong>suspicari</strong></span> <span class='ocrx_word' id='word_1_702' title='bbox 2723 4171 3020 4229; x_wconf 89' lang='lat' dir='ltr'><strong>absurdum</strong></span> <span class='ocrx_word' id='word_1_703' title='bbox 3049 4186 3134 4232; x_wconf 84' lang='lat' dir='ltr'><strong>est</strong></span> <span class='ocrx_word' id='word_1_704' title='bbox 3183 4189 3240 4235; x_wconf 90' lang='lat' dir='ltr'><strong>et</strong></span> <span class='ocrx_word' id='word_1_705' title='bbox 3265 4183 3397 4236; x_wconf 86' lang='lat' dir='ltr'><strong>alie-</strong></span> 
     </span>
    </p>
   </div>
   <div class='ocr_carea' id='block_1_91' title="bbox 1823 4251 3398 4328">
    <p class='ocr_par' dir='ltr' id='par_1_91' title="bbox 1823 4251 3398 4328">
     <span class='ocr_line' id='line_1_91' title="bbox 1823 4251 3398 4328; baseline 0.015 -25"><span class='ocrx_word' id='word_1_706' title='bbox 1823 4267 1976 4305; x_wconf 88' lang='lat' dir='ltr'><strong>num.</strong></span> <span class='ocrx_word' id='word_1_707' title='bbox 2020 4251 2138 4308; x_wconf 87' lang='lat' dir='ltr'><strong>Non</strong></span> <span class='ocrx_word' id='word_1_708' title='bbox 2172 4255 2306 4309; x_wconf 90' lang='lat' dir='ltr'><strong>dicit</strong></span> <span class='ocrx_word' id='word_1_709' title='bbox 2335 4265 2517 4311; x_wconf 89' lang='lat' dir='ltr'><strong>autem</strong></span> <span class='ocrx_word' id='word_1_710' title='bbox 2540 4299 2554 4320; x_wconf 94' lang='lat'><strong>,</strong></span> <span class='ocrx_word' id='word_1_711' title='bbox 2589 4257 2796 4328; x_wconf 87' lang='lat' dir='ltr'><strong>Sponte</strong></span> <span class='ocrx_word' id='word_1_712' title='bbox 2821 4277 2885 4318; x_wconf 88' lang='lat' dir='ltr'><strong>ac</strong></span> <span class='ocrx_word' id='word_1_713' title='bbox 2910 4265 3188 4323; x_wconf 81' lang='lat' dir='ltr'><strong>voluntate</strong></span> <span class='ocrx_word' id='word_1_714' title='bbox 3219 4280 3398 4325; x_wconf 80' lang='lat' dir='ltr'><strong>vestra</strong></span> 
     </span>
    </p>
   </div>
   <div class='ocr_carea' id='block_1_92' title="bbox 1824 4348 3396 4426">
    <p class='ocr_par' dir='ltr' id='par_1_92' title="bbox 1824 4348 3396 4426">
     <span class='ocr_line' id='line_1_92' title="bbox 1824 4348 3396 4426; baseline 0.013 -30"><span class='ocrx_word' id='word_1_715' title='bbox 1824 4353 1983 4414; x_wconf 82' lang='lat' dir='ltr'><strong>atque</strong></span> <span class='ocrx_word' id='word_1_716' title='bbox 2035 4348 2284 4401; x_wconf 93' lang='lat' dir='ltr'><strong>consulto</strong></span> <span class='ocrx_word' id='word_1_717' title='bbox 2333 4351 2597 4416; x_wconf 86' lang='lat' dir='ltr'><strong>peccastis</strong></span> <span class='ocrx_word' id='word_1_718' title='bbox 2644 4360 2699 4406; x_wconf 90' lang='lat' dir='ltr'><strong>et</strong></span> <span class='ocrx_word' id='word_1_719' title='bbox 2749 4355 2978 4410; x_wconf 80' lang='lat' dir='ltr'><strong>maleﬁci</strong></span> <span class='ocrx_word' id='word_1_720' title='bbox 3026 4356 3244 4425; x_wconf 81' lang='lat' dir='ltr'><strong>fuistis,</strong></span> <span class='ocrx_word' id='word_1_721' title='bbox 3274 4362 3396 4426; x_wconf 82' lang='lat' dir='ltr'><strong>sed,</strong></span> 
     </span>
    </p>
   </div>
   <div class='ocr_carea' id='block_1_93' title="bbox 1823 4437 3394 4521">
    <p class='ocr_par' dir='ltr' id='par_1_93' title="bbox 1823 4437 3394 4521">
     <span class='ocr_line' id='line_1_93' title="bbox 1823 4437 3394 4521; baseline 0.01 -33"><span class='ocrx_word' id='word_1_722' title='bbox 1823 4437 2108 4505; x_wconf 80' lang='lat' dir='ltr'><strong>ignorastis</strong></span> <span class='ocrx_word' id='word_1_723' title='bbox 2142 4439 2270 4507; x_wconf 86' lang='lat' dir='ltr'><strong>quid</strong></span> <span class='ocrx_word' id='word_1_724' title='bbox 2313 4439 2474 4508; x_wconf 77' lang='lat' dir='ltr'><strong>fuerit</strong></span> <span class='ocrx_word' id='word_1_725' title='bbox 2511 4441 2834 4510; x_wconf 82' lang='lat' dir='ltr'><strong>faciendum.</strong></span> <span class='ocrx_word' id='word_1_726' title='bbox 2871 4443 3168 4503; x_wconf 86' lang='lat' dir='ltr'><strong>Denuntiat</strong></span> <span class='ocrx_word' id='word_1_727' title='bbox 3211 4449 3394 4521; x_wconf 86' lang='lat' dir='ltr'><strong>igitur,</strong></span> 
     </span>
    </p>
   </div>
   <div class='ocr_carea' id='block_1_94' title="bbox 1823 4533 3395 4614">
    <p class='ocr_par' dir='ltr' id='par_1_94' title="bbox 1823 4533 3395 4614">
     <span class='ocr_line' id='line_1_94' title="bbox 1823 4533 3395 4614; baseline 0.011 -31"><span class='ocrx_word' id='word_1_728' title='bbox 1823 4545 1930 4583; x_wconf 93' lang='lat' dir='ltr'><strong>non</strong></span> <span class='ocrx_word' id='word_1_729' title='bbox 1961 4545 2150 4600; x_wconf 78' lang='lat' dir='ltr'><strong>ptenas</strong></span> <span class='ocrx_word' id='word_1_730' title='bbox 2171 4533 2396 4601; x_wconf 79' lang='lat' dir='ltr'><strong>expetit,</strong></span> <span class='ocrx_word' id='word_1_731' title='bbox 2427 4543 2681 4603; x_wconf 83' lang='lat' dir='ltr'><strong>tanquam</strong></span> <span class='ocrx_word' id='word_1_732' title='bbox 2709 4551 2737 4590; x_wconf 89' lang='lat' dir='ltr'><strong>a</strong></span> <span class='ocrx_word' id='word_1_733' title='bbox 2761 4537 3026 4607; x_wconf 90' lang='lat' dir='ltr'><strong>supplicio</strong></span> <span class='ocrx_word' id='word_1_734' title='bbox 3055 4540 3230 4614; x_wconf 80' lang='lat' dir='ltr'><strong>dignis</strong></span> <span class='ocrx_word' id='word_1_735' title='bbox 3257 4562 3271 4598; x_wconf 92' lang='lat'><strong>:</strong></span> <span class='ocrx_word' id='word_1_736' title='bbox 3301 4550 3395 4602; x_wconf 84' lang='lat' dir='ltr'><strong>sed</strong></span> 
     </span>
    </p>
   </div>
   <div class='ocr_carea' id='block_1_95' title="bbox 1823 4620 3395 4698">
    <p class='ocr_par' dir='ltr' id='par_1_95' title="bbox 1823 4620 3395 4698">
     <span class='ocr_line' id='line_1_95' title="bbox 1823 4620 3395 4698; baseline 0.011 -26"><span class='ocrx_word' id='word_1_737' title='bbox 1823 4635 1969 4673; x_wconf 91' lang='lat' dir='ltr'><strong>nunc</strong></span> <span class='ocrx_word' id='word_1_738' title='bbox 1997 4620 2190 4674; x_wconf 85' lang='lat' dir='ltr'><strong>invitat</strong></span> <span class='ocrx_word' id='word_1_739' title='bbox 2213 4622 2281 4674; x_wconf 86' lang='lat' dir='ltr'><strong>ad</strong></span> <span class='ocrx_word' id='word_1_740' title='bbox 2314 4623 2710 4691; x_wconf 59' lang='lat' dir='ltr'><strong>paenitentiam,</strong></span> <span class='ocrx_word' id='word_1_741' title='bbox 2732 4626 2800 4679; x_wconf 90' lang='lat' dir='ltr'><strong>ad</strong></span> <span class='ocrx_word' id='word_1_742' title='bbox 2826 4627 3100 4684; x_wconf 88' lang='lat' dir='ltr'><strong>saniorem</strong></span> <span class='ocrx_word' id='word_1_743' title='bbox 3132 4644 3395 4698; x_wconf 85' lang='lat' dir='ltr'><strong>mentem,</strong></span> 
     </span>
    </p>
   </div>
   <div class='ocr_carea' id='block_1_96' title="bbox 1821 4712 3395 4792">
    <p class='ocr_par' dir='ltr' id='par_1_96' title="bbox 1821 4712 3395 4792">
     <span class='ocr_line' id='line_1_96' title="bbox 1821 4712 3395 4792; baseline 0.011 -29"><span class='ocrx_word' id='word_1_744' title='bbox 1821 4720 1876 4764; x_wconf 90' lang='lat' dir='ltr'><strong>et</strong></span> <span class='ocrx_word' id='word_1_745' title='bbox 1914 4719 1974 4764; x_wconf 92' lang='lat' dir='ltr'><strong>ut</strong></span> <span class='ocrx_word' id='word_1_746' title='bbox 2015 4727 2114 4765; x_wconf 88' lang='lat' dir='ltr'><strong>vos</strong></span> <span class='ocrx_word' id='word_1_747' title='bbox 2153 4714 2221 4766; x_wconf 88' lang='lat' dir='ltr'><strong>ad</strong></span> <span class='ocrx_word' id='word_1_748' title='bbox 2267 4712 2474 4784; x_wconf 82' lang='lat' dir='ltr'><strong>frugem</strong></span> <span class='ocrx_word' id='word_1_749' title='bbox 2524 4714 2721 4770; x_wconf 87' lang='lat' dir='ltr'><strong>bonam</strong></span> <span class='ocrx_word' id='word_1_750' title='bbox 2765 4719 3060 4788; x_wconf 88' lang='lat' dir='ltr'><strong>recipiatis.</strong></span> <span class='ocrx_word' id='word_1_751' title='bbox 3107 4722 3395 4792; x_wconf 87' lang='lat' dir='ltr'><strong>Propterea</strong></span> 
     </span>
    </p>
   </div>
   <div class='ocr_carea' id='block_1_97' title="bbox 1822 4803 3395 4876">
    <p class='ocr_par' dir='ltr' id='par_1_97' title="bbox 1822 4803 3395 4876">
     <span class='ocr_line' id='line_1_97' title="bbox 1822 4803 3395 4876; baseline 0.011 -24"><span class='ocrx_word' id='word_1_752' title='bbox 1822 4803 1960 4871; x_wconf 90' lang='lat' dir='ltr'><strong>quod</strong></span> <span class='ocrx_word' id='word_1_753' title='bbox 1994 4805 2182 4856; x_wconf 85' lang='lat' dir='ltr'><strong>statuit</strong></span> <span class='ocrx_word' id='word_1_754' title='bbox 2209 4806 2369 4870; x_wconf 85' lang='lat' dir='ltr'><strong>diem,</strong></span> <span class='ocrx_word' id='word_1_755' title='bbox 2402 4807 2456 4858; x_wconf 86' lang='lat' dir='ltr'><strong>in</strong></span> <span class='ocrx_word' id='word_1_756' title='bbox 2489 4822 2591 4874; x_wconf 83' lang='lat' dir='ltr'><strong>quo</strong></span> <span class='ocrx_word' id='word_1_757' title='bbox 2613 4808 2958 4876; x_wconf 87' lang='lat' dir='ltr'><strong>judicaturus</strong></span> <span class='ocrx_word' id='word_1_758' title='bbox 2983 4823 3059 4867; x_wconf 89' lang='lat' dir='ltr'><strong>est</strong></span> <span class='ocrx_word' id='word_1_759' title='bbox 3090 4817 3265 4871; x_wconf 83' lang='lat' dir='ltr'><strong>orbem</strong></span> <span class='ocrx_word' id='word_1_760' title='bbox 3292 4829 3395 4873; x_wconf 87' lang='lat' dir='ltr'><strong>ter-</strong></span> 
     </span>
    </p>
   </div>
   <div class='ocr_carea' id='block_1_98' title="bbox 1822 4897 3396 4970">
    <p class='ocr_par' dir='ltr' id='par_1_98' title="bbox 1822 4897 3396 4970">
     <span class='ocr_line' id='line_1_98' title="bbox 1822 4897 3396 4970; baseline 0.011 -23"><span class='ocrx_word' id='word_1_761' title='bbox 1822 4912 2024 4949; x_wconf 86' lang='lat' dir='ltr'><strong>rarum.</strong></span> <span class='ocrx_word' id='word_1_762' title='bbox 2071 4897 2416 4961; x_wconf 74' lang='lat' dir='ltr'><strong>Neaessario,</strong></span> <span class='ocrx_word' id='word_1_763' title='bbox 2467 4900 2668 4968; x_wconf 89' lang='lat' dir='ltr'><strong>inquit,</strong></span> <span class='ocrx_word' id='word_1_764' title='bbox 2715 4901 2982 4970; x_wconf 84' lang='lat' dir='ltr'><strong>judicium</strong></span> <span class='ocrx_word' id='word_1_765' title='bbox 3030 4907 3097 4962; x_wconf 90' lang='lat' dir='ltr'><strong>de</strong></span> <span class='ocrx_word' id='word_1_766' title='bbox 3142 4910 3396 4966; x_wconf 88' lang='lat' dir='ltr'><strong>omnibus</strong></span> 
     </span>
    </p>
   </div>
   <div class='ocr_carea' id='block_1_99' title="bbox 1819 4985 3389 5070">
    <p class='ocr_par' dir='ltr' id='par_1_99' title="bbox 1819 4985 3389 5070">
     <span class='ocr_line' id='line_1_99' title="bbox 1819 4985 3389 5070; baseline 0.013 -33"><span class='ocrx_word' id='word_1_767' title='bbox 1819 4985 1975 5039; x_wconf 79' lang='lat' dir='ltr'><strong>factis</strong></span> <span class='ocrx_word' id='word_1_768' title='bbox 2008 4996 2169 5056; x_wconf 87' lang='lat' dir='ltr'><strong>atque</strong></span> <span class='ocrx_word' id='word_1_769' title='bbox 2197 4990 2446 5059; x_wconf 82' lang='lat' dir='ltr'><strong>cogitatis</strong></span> <span class='ocrx_word' id='word_1_770' title='bbox 2482 4990 2642 5061; x_wconf 75' lang='lat'><strong>138</strong></span> <span class='ocrx_word' id='word_1_771' title='bbox 2665 4991 2826 5050; x_wconf 76' lang='lat' dir='ltr'><strong>faciet</strong></span> <span class='ocrx_word' id='word_1_772' title='bbox 2858 5010 2951 5063; x_wconf 88' lang='lat' dir='ltr'><strong>per</strong></span> <span class='ocrx_word' id='word_1_773' title='bbox 2979 4995 3192 5064; x_wconf 82' lang='lat' dir='ltr'><strong>Virum,</strong></span> <span class='ocrx_word' id='word_1_774' title='bbox 3229 5017 3389 5070; x_wconf 89' lang='lat' dir='ltr'><strong>quem</strong></span> 
     </span>
    </p>
   </div>
   <div class='ocr_carea' id='block_1_100' title="bbox 1819 5078 3388 5149">
    <p class='ocr_par' dir='ltr' id='par_1_100' title="bbox 1819 5078 3388 5149">
     <span class='ocr_line' id='line_1_100' title="bbox 1819 5078 3388 5149; baseline 0.011 -17"><span class='ocrx_word' id='word_1_775' title='bbox 1819 5078 2113 5133; x_wconf 74' lang='lat' dir='ltr'><strong>destinavit</strong></span> <span class='ocrx_word' id='word_1_776' title='bbox 2140 5081 2378 5149; x_wconf 89' lang='lat' dir='ltr'><strong>judicem</strong></span> <span class='ocrx_word' id='word_1_777' title='bbox 2411 5084 2661 5137; x_wconf 82' lang='lat' dir='ltr'><strong>vivorum</strong></span> <span class='ocrx_word' id='word_1_778' title='bbox 2696 5094 2752 5140; x_wconf 88' lang='lat' dir='ltr'><strong>ct</strong></span> <span class='ocrx_word' id='word_1_779' title='bbox 2783 5097 3121 5144; x_wconf 90' lang='lat' dir='ltr'><strong>mortuorum</strong></span> <span class='ocrx_word' id='word_1_780' title='bbox 3155 5111 3166 5146; x_wconf 95' lang='lat'><strong>:</strong></span> <span class='ocrx_word' id='word_1_781' title='bbox 3204 5094 3250 5148; x_wconf 92' lang='lat' dir='ltr'><strong>is</strong></span> <span class='ocrx_word' id='word_1_782' title='bbox 3289 5112 3388 5148; x_wconf 85' lang='lat' dir='ltr'><strong>au-</strong></span> 
     </span>
    </p>
   </div>
   <div class='ocr_carea' id='block_1_101' title="bbox 1821 5171 3388 5243">
    <p class='ocr_par' dir='ltr' id='par_1_101' title="bbox 1821 5171 3388 5243">
     <span class='ocr_line' id='line_1_101' title="bbox 1821 5171 3388 5243; baseline 0.011 -19"><span class='ocrx_word' id='word_1_783' title='bbox 1821 5179 1927 5224; x_wconf 72' lang='lat' dir='ltr'><strong>tem</strong></span> <span class='ocrx_word' id='word_1_784' title='bbox 1978 5180 2061 5226; x_wconf 87' lang='lat' dir='ltr'><strong>est</strong></span> <span class='ocrx_word' id='word_1_785' title='bbox 2103 5171 2388 5238; x_wconf 88' lang='lat' dir='ltr'><strong>Dominus,</strong></span> <span class='ocrx_word' id='word_1_786' title='bbox 2431 5175 2524 5243; x_wconf 88' lang='lat' dir='ltr'><strong>qui</strong></span> <span class='ocrx_word' id='word_1_787' title='bbox 2571 5177 2734 5232; x_wconf 89' lang='lat' dir='ltr'><strong>homo</strong></span> <span class='ocrx_word' id='word_1_788' title='bbox 2773 5179 2950 5236; x_wconf 80' lang='lat' dir='ltr'><strong>iactus</strong></span> <span class='ocrx_word' id='word_1_789' title='bbox 2977 5193 3078 5239; x_wconf 90' lang='lat' dir='ltr'><strong>est.</strong></span> <span class='ocrx_word' id='word_1_790' title='bbox 3118 5184 3388 5242; x_wconf 70' lang='lat' dir='ltr'><strong>Caeterum</strong></span> 
     </span>
    </p>
   </div>
   <div class='ocr_carea' id='block_1_102' title="bbox 1818 5266 3385 5347">
    <p class='ocr_par' dir='ltr' id='par_1_102' title="bbox 1818 5266 3385 5347">
     <span class='ocr_line' id='line_1_102' title="bbox 1818 5266 3385 5347; baseline 0.011 -32"><span class='ocrx_word' id='word_1_791' title='bbox 1818 5275 1941 5315; x_wconf 88' lang='lat' dir='ltr'><strong>cum</strong></span> <span class='ocrx_word' id='word_1_792' title='bbox 1986 5277 2177 5332; x_wconf 80' lang='lat' dir='ltr'><strong>magna</strong></span> <span class='ocrx_word' id='word_1_793' title='bbox 2219 5272 2380 5332; x_wconf 88' lang='lat' dir='ltr'><strong>atque</strong></span> <span class='ocrx_word' id='word_1_794' title='bbox 2417 5266 2670 5320; x_wconf 87' lang='lat' dir='ltr'><strong>sublimia</strong></span> <span class='ocrx_word' id='word_1_795' title='bbox 2705 5269 3011 5335; x_wconf 88' lang='lat' dir='ltr'><strong>audissent,</strong></span> <span class='ocrx_word' id='word_1_796' title='bbox 3048 5289 3117 5328; x_wconf 91' lang='lat' dir='ltr'><strong>ne</strong></span> <span class='ocrx_word' id='word_1_797' title='bbox 3144 5276 3385 5347; x_wconf 83' lang='lat' dir='ltr'><strong>alloquio</strong></span> 
     </span>
    </p>
   </div>
   <div class='ocr_carea' id='block_1_103' title="bbox 1816 5353 3386 5425">
    <p class='ocr_par' dir='ltr' id='par_1_103' title="bbox 1816 5353 3386 5425">
     <span class='ocr_line' id='line_1_103' title="bbox 1816 5353 3386 5425; baseline 0.012 -20"><span class='ocrx_word' id='word_1_798' title='bbox 1816 5353 2034 5421; x_wconf 87' lang='lat' dir='ltr'><strong>quidem</strong></span> <span class='ocrx_word' id='word_1_799' title='bbox 2066 5354 2213 5408; x_wconf 89' lang='lat' dir='ltr'><strong>illum</strong></span> <span class='ocrx_word' id='word_1_800' title='bbox 2238 5355 2440 5425; x_wconf 87' lang='lat' dir='ltr'><strong>dignati</strong></span> <span class='ocrx_word' id='word_1_801' title='bbox 2467 5367 2614 5424; x_wconf 91' lang='lat' dir='ltr'><strong>sunt,</strong></span> <span class='ocrx_word' id='word_1_802' title='bbox 2643 5362 2737 5416; x_wconf 92' lang='lat' dir='ltr'><strong>sed</strong></span> <span class='ocrx_word' id='word_1_803' title='bbox 2768 5365 3253 5422; x_wconf 80' lang='lat' dir='ltr'><strong>ressurrectionem</strong></span> <span class='ocrx_word' id='word_1_804' title='bbox 3289 5373 3386 5424; x_wconf 82' lang='lat' dir='ltr'><strong>de-</strong></span> 
     </span>
    </p>
   </div>
   <div class='ocr_carea' id='block_1_104' title="bbox 1820 5445 3387 5528">
    <p class='ocr_par' dir='ltr' id='par_1_104' title="bbox 1820 5445 3387 5528">
     <span class='ocr_line' id='line_1_104' title="bbox 1820 5445 3387 5528; baseline 0.01 -30"><span class='ocrx_word' id='word_1_805' title='bbox 1820 5445 2088 5500; x_wconf 88' lang='lat' dir='ltr'><strong>ridebant.</strong></span> <span class='ocrx_word' id='word_1_806' title='bbox 2121 5447 2386 5502; x_wconf 87' lang='lat' dir='ltr'><strong>Animalis</strong></span> <span class='ocrx_word' id='word_1_807' title='bbox 2414 5451 2586 5514; x_wconf 89' lang='lat' dir='ltr'><strong>enim,</strong></span> <span class='ocrx_word' id='word_1_808' title='bbox 2621 5453 2820 5522; x_wconf 91' lang='lat' dir='ltr'><strong>inquit,</strong></span> <span class='ocrx_word' id='word_1_809' title='bbox 2853 5455 3016 5510; x_wconf 86' lang='lat' dir='ltr'><strong>homo</strong></span> <span class='ocrx_word' id='word_1_810' title='bbox 3050 5473 3157 5512; x_wconf 92' lang='lat' dir='ltr'><strong>non</strong></span> <span class='ocrx_word' id='word_1_811' title='bbox 3193 5461 3387 5528; x_wconf 77' lang='lat' dir='ltr'><strong>probat</strong></span> 
     </span>
    </p>
   </div>
   <div class='ocr_carea' id='block_1_105' title="bbox 1818 5537 3388 5615">
    <p class='ocr_par' dir='ltr' id='par_1_105' title="bbox 1818 5537 3388 5615">
     <span class='ocr_line' id='line_1_105' title="bbox 1818 5537 3388 5615; baseline 0.01 -27"><span class='ocrx_word' id='word_1_812' title='bbox 1818 5551 1998 5605; x_wconf 88' lang='lat' dir='ltr'><strong>neque</strong></span> <span class='ocrx_word' id='word_1_813' title='bbox 2026 5537 2371 5606; x_wconf 83' lang='lat' dir='ltr'><strong>amplectitur</strong></span> <span class='ocrx_word' id='word_1_814' title='bbox 2397 5542 2719 5610; x_wconf 87' lang='lat' dir='ltr'><strong>spiritualia.</strong></span> <span class='ocrx_word' id='word_1_815' title='bbox 2749 5545 2917 5615; x_wconf 81' lang='lat' dir='ltr'><strong>Atque</strong></span> <span class='ocrx_word' id='word_1_816' title='bbox 2942 5549 3018 5602; x_wconf 86' lang='lat' dir='ltr'><strong>ita</strong></span> <span class='ocrx_word' id='word_1_817' title='bbox 3047 5549 3251 5604; x_wconf 88' lang='lat' dir='ltr'><strong>Paulus</strong></span> <span class='ocrx_word' id='word_1_818' title='bbox 3275 5553 3388 5606; x_wconf 79' lang='lat' dir='ltr'><strong>exi-</strong></span> 
     </span>
    </p>
   </div>
   <div class='ocr_carea' id='block_1_106' title="bbox 1322 5699 2212 5766">
    <p class='ocr_par' dir='ltr' id='par_1_106' title="bbox 1322 5699 2212 5766">
     <span class='ocr_line' id='line_1_106' title="bbox 1322 5699 2212 5766; baseline 0.008 -7"><span class='ocrx_word' id='word_1_819' title='bbox 1322 5700 1522 5760; x_wconf 82' lang='lat' dir='ltr'><strong>Variae</strong></span> <span class='ocrx_word' id='word_1_820' title='bbox 1567 5699 1875 5764; x_wconf 87' lang='lat' dir='ltr'><strong>lectiones</strong></span> <span class='ocrx_word' id='word_1_821' title='bbox 1918 5712 1980 5766; x_wconf 87' lang='lat' dir='ltr'><strong>et</strong></span> <span class='ocrx_word' id='word_1_822' title='bbox 2017 5712 2212 5766; x_wconf 78' lang='lat' dir='ltr'><strong>noue.</strong></span> 
     </span>
    </p>
   </div>
   <div class='ocr_carea' id='block_1_107' title="bbox 230 5843 2123 5937">
    <p class='ocr_par' dir='ltr' id='par_1_107' title="bbox 230 5843 2123 5937">
     <span class='ocr_line' id='line_1_107' title="bbox 230 5843 2123 5937; baseline 0.004 -37"><span class='ocrx_word' id='word_1_823' title='bbox 230 5845 268 5876; x_wconf 81' lang='lat'><em>“</em></span> <span class='ocrx_word' id='word_1_824' title='bbox 298 5847 499 5904; x_wconf 78' lang='lat' dir='ltr'><strong>Videtur</strong></span> <span class='ocrx_word' id='word_1_825' title='bbox 517 5852 662 5931; x_wconf 78' lang='lat' dir='ltr'><strong>locus</strong></span> <span class='ocrx_word' id='word_1_826' title='bbox 681 5860 974 5937; x_wconf 56' lang='lat' dir='ltr'><strong>corrupti“.</strong></span> <span class='ocrx_word' id='word_1_827' title='bbox 1051 5853 1095 5884; x_wconf 77' lang='lat'><strong>’°</strong></span> <span class='ocrx_word' id='word_1_828' title='bbox 1127 5851 1189 5905; x_wconf 85' lang='lat' dir='ltr'><strong>In</strong></span> <span class='ocrx_word' id='word_1_829' title='bbox 1217 5851 1440 5921; x_wconf 84' lang='lat' dir='ltr'><strong>vulgatis</strong></span> <span class='ocrx_word' id='word_1_830' title='bbox 1473 5857 1567 5916; x_wconf 89' lang='lat' dir='ltr'><strong>est,</strong></span> <span class='ocrx_word' id='word_1_831' title='bbox 1587 5848 1643 5902; x_wconf 85' lang='grc' dir='ltr'>ὲν</span> <span class='ocrx_word' id='word_1_832' title='bbox 1666 5843 1746 5912; x_wconf 75' lang='grc' dir='ltr'><strong>οἷς</strong></span> <span class='ocrx_word' id='word_1_833' title='bbox 1773 5853 1866 5905; x_wconf 72' lang='grc' dir='ltr'><strong>καὶ</strong></span> <span class='ocrx_word' id='word_1_834' title='bbox 1891 5855 2123 5908; x_wconf 68' lang='grc' dir='ltr'><strong>Διονύσιε</strong></span> 
     </span>
    </p>
   </div>
   <div class='ocr_carea' id='block_1_108' title="bbox 1494 5843 3387 5937">
    <p class='ocr_par' dir='ltr' id='par_1_108' title="bbox 1494 5843 3387 5937">
     <span class='ocr_line' id='line_1_108' title="bbox 1494 5843 3387 5937; baseline 0.01 -34"><span class='ocrx_word' id='word_1_835' title='bbox 1494 5857 1567 5916; x_wconf 63' lang='grc' dir='ltr'><strong>τε,</strong></span> <span class='ocrx_word' id='word_1_836' title='bbox 1587 5848 1643 5902; x_wconf 85' lang='grc' dir='ltr'>ὲν</span> <span class='ocrx_word' id='word_1_837' title='bbox 1666 5843 1746 5912; x_wconf 77' lang='grc' dir='ltr'><strong>οἷς</strong></span> <span class='ocrx_word' id='word_1_838' title='bbox 1773 5853 1866 5905; x_wconf 72' lang='grc' dir='ltr'><strong>καὶ</strong></span> <span class='ocrx_word' id='word_1_839' title='bbox 1891 5855 2042 5908; x_wconf 85' lang='grc' dir='ltr'>Διονύ</span> <span class='ocrx_word' id='word_1_840' title='bbox 2054 5873 2182 5918; x_wconf 78' lang='grc' dir='ltr'><em>σιος.</em></span> <span class='ocrx_word' id='word_1_841' title='bbox 2259 5858 2300 5888; x_wconf 80' lang='grc'>¹¹</span> <span class='ocrx_word' id='word_1_842' title='bbox 2344 5856 2559 5912; x_wconf 80' lang='lat' dir='ltr'><strong>Videtur</strong></span> <span class='ocrx_word' id='word_1_843' title='bbox 2580 5859 2720 5914; x_wconf 87' lang='lat' dir='ltr'><strong>locus</strong></span> <span class='ocrx_word' id='word_1_844' title='bbox 2739 5864 3054 5927; x_wconf 83' lang='lat' dir='ltr'><strong>mutilus.ac</strong></span> <span class='ocrx_word' id='word_1_845' title='bbox 3077 5865 3387 5937; x_wconf 80' lang='lat' dir='ltr'><strong>desiderari,</strong></span> 
     </span>
    </p>
   </div>
   <div class='ocr_carea' id='block_1_109' title="bbox 181 5910 924 5989">
    <p class='ocr_par' dir='ltr' id='par_1_109' title="bbox 181 5910 924 5989">
     <span class='ocr_line' id='line_1_109' title="bbox 181 5910 924 5989; baseline 0.013 -25"><span class='ocrx_word' id='word_1_846' title='bbox 181 5910 429 5984; x_wconf 66' lang='grc' dir='ltr'>ὑπεριδὼν,</span> <span class='ocrx_word' id='word_1_847' title='bbox 461 5933 557 5975; x_wconf 86' lang='lat' dir='ltr'><strong>aut</strong></span> <span class='ocrx_word' id='word_1_848' title='bbox 588 5921 760 5974; x_wconf 85' lang='lat' dir='ltr'><strong>simile</strong></span> <span class='ocrx_word' id='word_1_849' title='bbox 780 5910 924 5989; x_wconf 77' lang='lat' dir='ltr'><strong>quid.</strong></span> 
     </span>
    </p>
   </div>
  </div>
