4794 6454
1432 439 1539 502 ’155

2332 433 2910 531 ΤΗΕΟΡΗΥιΙΔΑΟΤΙ
2952 431 3361 492 BULGARLE
3395 430 3749 491 ARCHIEP.

4568 418 4691 482 756

1433 555 1747 625 magistrum
1783 570 2082 625 synagogas,
2105 554 2384 623 pulsabant
2410 563 2566 623 atque
2592 550 2860 613 cadebant
2886 559 3003 601 ante
3034 551 3076 605 Α
3104 564 3223 613 νην
3250 547 3326 600 τὸς

2807 559 2860 603 nt
2886 559 3003 601 ante
3034 551 3076 605 Α
3104 564 3223 613 νην
3250 547 3357 600 τὸν
3382 546 3892 616 ἀρχισυνάγωγον,
3918 542 4179 597 ἔτυπτον
4200 541 4544 610 ἔμπροσθεν
4576 538 4695 590 τοῦ

1435 644 1670 699 tribunal
1690 662 1708 701 :
1736 655 1783 701 et
1812 645 1987 701 Gallio
2012 645 2141 699 nihil
2163 646 2348 699 horum
2381 644 2622 698 curabat.

1504 821 1664 878 Vens.
1704 822 1790 878 18.
1828 826 1895 879 At
1941 823 2143 877 Paulus
2187 840 2306 877 cum
2348 824 2519 877 adhuc
2555 824 2664 878 dies
2708 821 3000 889 complures

1434 912 1789 977 remansisset,
1819 916 2010 985 fratres
2046 914 2218 968 valere
2232 914 2413 983 jussit,
2447 923 2494 967 et
2526 914 2581 965 in
2610 910 2821 981 Syriam
2853 912 3003 966 nat-i-

1434 1006 1597 1074 gavit,
1627 1014 1675 1058 et
1699 1021 1805 1059 una
1829 1022 1943 1059 cum
1974 1005 2064 1059 illo
2090 1004 2335 1058 Priscilla
2362 1014 2408 1058 et
2437 1004 2647 1073 Aquila,
2682 1020 2797 1058 cum
2829 1011 3002 1058 toton-

1433 1096 1592 1149 disset
1626 1106 1786 1166 caput
1811 1098 1867 1151 in
1895 1097 2172 1151 Cenchreis
2198 1112 2215 1150 :
2238 1097 2292 1151 id
2318 1097 2455 1150 enim
2486 1105 2717 1151 voverat.

1502 1287 1676 1342 Judaei
1722 1289 1950 1343 universi
1997 1291 2170 1345 adorti
2213 1290 2463 1345 Paulum.
2517 1290 2801 1356 Quomodo
2842 1291 3006 1359 igitur

1436 1377 1663 1433 Paulum
1711 1380 1885 1436 adorti
1934 1391 2098 1447 sunt,
2147 1383 2342 1438 dixerit
2378 1383 2619 1453 aliquis?
2651 1383 2788 1439 Cum
2825 1382 3006 1437 subito

1436 1474 1762 1539 rapuissent.
1788 1474 1949 1543 Atqui
1975 1475 2109 1528 nihil
2136 1476 2443 1537 valuerunt,
2469 1476 2562 1530 sed
2586 1477 2859 1529 duxerunt
2881 1490 3005 1529 eum

1436 1562 1504 1616 ad
1552 1564 1968 1633 proconsulem,
2009 1564 2099 1633 qui
2135 1579 2230 1619 eos
2260 1566 2410 1619 curia
2448 1565 2757 1635 prohibuit,
2815 1581 2877 1619 ac
2929 1566 3009 1623 vir

1440 1655 1708 1709 humanus
1736 1668 1790 1711 et
1819 1672 2006 1726 aequus
2044 1658 2134 1711 hic
2166 1658 2298 1712 mihi
2330 1658 2501 1712 fuisse
2540 1658 2775 1712 videtur.
2808 1659 3008 1726 Appre-

1438 1747 1651 1801 hensum
1693 1748 2020 1805 Sosthenem.
2065 1749 2236 1805 Porro
2274 1751 2417 1819 quod
2454 1751 2780 1805 Sosthenem
2826 1750 3006 1819 pulsa-

1436 1840 1588 1905 bant,
1621 1842 1705 1895 vel
1738 1841 1940 1897 idcirco
1976 1843 2282 1912 pulsabant,
2311 1843 2454 1911 quod
2488 1843 2602 1911 ipse
2636 1841 2802 1895 Paulo
2842 1841 3011 1909 magis

1436 1940 1557 1984 erat
1604 1931 1816 1987 deditus
1873 1941 1928 1985 et
1996 1931 2276 1997 addictus,
2338 1932 2789 2002 quemadmodum
2846 1931 3008 1984 etiam

1438 2019 1664 2088 Crispus
1702 2019 1957 2090 magister
1986 2035 2269 2090 synagoga:
2298 2038 2311 2075 :
2353 2021 2437 2074 vel
2464 2025 2529 2074 ad
2560 2035 2685 2074 eum
2716 2035 2888 2089 usque
2920 2020 3009 2074 fu-

1437 2126 1615 2165 rorem
1658 2111 1927 2181 progressi
1973 2119 2150 2175 erant,
2203 2121 2263 2165 ut
2308 2128 2417 2167 non
2448 2115 2681 2167 assecuti
2740 2114 2882 2181 quod
2926 2114 3011 2167 in-

1437 2202 1724 2255 tenderant
1754 2213 1917 2271 atque
1947 2212 2319 2271 speraverant,
2351 2219 2451 2273 pro
2479 2202 2644 2257 Paulo
2681 2204 3006 2258 Sostbcncm

1436 2291 1754 2360 pulsarent:
1788 2292 1869 2347 vel
1899 2293 2104 2348 idcirco
2129 2294 2509 2363 percutiebant
2528 2310 2679 2358 eum,
2721 2295 2844 2364 quia
2874 2294 3006 2348 Pau-

1436 2382 1549 2437 lum
1580 2384 1830 2441 occidere
1854 2385 2160 2451 voluerant,
2197 2397 2254 2441 et
2290 2387 2593 2443 Sostbcnes
2622 2402 2717 2442 eos
2756 2387 3011 2456 prohibe-

1438 2475 1550 2544 bat.
1599 2478 1665 2529 At
1707 2491 1890 2530 coram
1934 2478 2054 2546 ipso
2101 2478 2417 2548 magistratu
2466 2481 2610 2547 quod
2658 2494 2764 2531 non
2816 2479 3011 2531 licebat

1436 2568 1697 2623 committ:
1719 2580 1840 2624 ntes
1860 2611 1875 2635 ,
1910 2570 2234 2624 Sostbenem
2266 2571 2579 2640 pulsabant,
2614 2571 2715 2625 hoc
2744 2572 2901 2639 quasi
2929 2571 3011 2624 di-

1439 2670 1627 2715 centes
1654 2680 1666 2713 :
1698 2659 1754 2715 Si
1783 2661 1875 2730 qui
1910 2662 2025 2715 vult
2054 2662 2182 2717 facit
2211 2663 2357 2732 quod
2390 2664 2526 2727 vult,
2556 2673 2612 2717 et
2638 2677 2748 2716 non
2780 2664 3010 2731 amplius

1438 2750 1619 2806 locum
1659 2752 1825 2807 habet
1885 2754 2005 2818 lex,
2061 2769 2189 2809 ecce
2225 2755 2389 2808 etiam
2416 2770 2515 2809 nos
2537 2756 2683 2809 hunc
2709 2755 3007 2824 pulsamus.

1438 2843 1555 2898 Non
1577 2846 1883 2903 vindicabat
1900 2855 2080 2901 autem
2101 2848 2413 2917 proconsul,
2434 2862 2536 2901 nec
2549 2848 3012 2902 animadvertebat

1441 2936 1496 2990 in
1524 2952 1649 3002 eos,
1680 2940 1776 2994 sed
1814 2939 2028 2994 sinebat
2057 2955 2152 2994 eos
2193 2955 2251 2993 se
2283 2951 2471 2993 mutuo
2511 2939 2730 3009 pulsare
2762 2959 2774 2993 :
2806 2940 2931 3008 quia
2964 2940 3009 2993 si

1441 3037 1631 3082 contra
1658 3030 1890 3099 aliquem
1936 3030 2098 3084 alium
2133 3030 2235 3084 hoc
2264 3029 2555 3093 fecissent,
2596 3045 2821 3099 prorsus
2858 3041 3010 3101 pote-

1443 3127 1528 3173 rat
1562 3134 1658 3175 eos
1698 3120 1993 3190 reprimere
2031 3132 2193 3189 atque
2230 3137 2505 3178 coercere.
2548 3122 2717 3190 Atque
2749 3142 2853 3177 una
2894 3142 3009 3179 cum

3098 640 3408 707 βήματος·
3450 639 3544 693 καί
3593 635 3776 690 οὐδὲν
3824 636 4053 689 τούτων
4092 634 4172 700 τῷ
4212 635 4513 688 Γαλλίωνι
4549 633 4697 701 ἐμε-

3102 733 3214 783 λεν
3234 729 3298 783 ⁸⁸.

3187 822 3251 875 '0
3283 822 3351 873 δὲ
3390 821 3629 886 Παῦλος
3657 821 3744 875 ἔτι
3781 820 4153 891 προσμείνας
4186 815 4413 887 ἡμέρας
4448 813 4693 879 ίκανὰς.

3104 912 3228 979 τοῖς
3277 915 3564 983 ἀδελφοῖς
3610 914 4087 983 ἀποταξάμενος,
4132 911 4377 975 ἐξέπλει
4429 911 4518 974 είς
4570 907 4695 973 τὴν

3106 1007 3359 1073 Συρίαν·
3402 1007 3497 1060 καὶ
3536 1005 3657 1059 σὺν
3685 1005 3846 1069 αὐτῷ
3891 1006 4232 1071 Πρίσκιλλα
4275 1002 4373 1054 καί
4427 1001 4693 1063 Ἀκύλας

3108 1097 3453 1165 κειράμενος
3488 1096 3600 1163 τὴν
3628 1096 3907 1165 κεφαλὴν
3928 1095 3997 1148 ὲν
4022 1091 4337 1162 Κεγχρεαῖς
4369 1106 4382 1118 ·
4413 1084 4543 1157 εἶχε
4574 1090 4695 1157 γὰρ

3107 1187 3321 1257 εὐχήν.

3177 1298 3648 1365 Κατεπέστησαν
3688 1297 4067 1367 ὁμοθυμαδὸν
4104 1297 4158 1349 ol
4211 1292 4509 1349 Ἰουδαῖοι.
4562 1290 4695 1348 Πῶς

3108 1392 3199 1445 οὖν
3228 1391 3519 1458 ὲπέθεντος
3554 1391 3695 1445 εἴποι
3718 1409 3802 1453 τις
3832 1391 3917 1445 ἄν.
3950 1392 4139 1458 ’Ἄφνω
4172 1387 4547 1457 ἁρπάσαντες.
4576 1384 4697 1435 Καὶ

3114 1483 3217 1552 μὴν
3250 1482 3403 1536 οὐδὲν
3435 1484 3658 1551 ἴσχυσαν
3680 1521 3695 1546 ,
3733 1481 3847 1536 ἀλλ’
3892 1479 4027 1551 ἦγον
4082 1481 4243 1533 αὐτὸν
4274 1478 4408 1550 πρὸς
4439 1476 4531 1529 τὸν
4560 1474 4697 1528 ἀνθ-

3112 1575 3332 1627 ύπατον.
3403 1573 3739 1642 ’Δπετείχισε
3802 1572 3856 1624 δὲ
3920 1572 4104 1635 αὐτοῖς
4173 1570 4235 1622 τὸ
4309 1568 4692 1635 δικαστήριον.

3124 1665 3403 1734 Ἐπιεικὴς
3450 1664 3505 1717 δέ
3555 1682 3639 1727 τις
3669 1665 3955 1734 ἄνθρωπος
3991 1660 4146 1724 οὗτος
4192 1656 4333 1714 εἶναί
4378 1676 4467 1728 μοι
4511 1659 4693 1710 δοκεῖ.

3123 1758 3575 1824 Ἐπιλαόόμενοι
3627 1754 3695 1807 δὲ
3744 1756 4085 1822 Σωσθένην,
4125 1754 4200 1806 Τὸ
4229 1752 4285 1805 δὲ
4317 1751 4380 1803 τύ
4396 1768 4544 1802 πτειν
4590 1749 4699 1800 τὸν

3113 1848 3419 1917 Σωσθένην,
3450 1848 3483 1917 ἢ
3514 1847 3604 1899 διά
3655 1846 3813 1900 τοῦτο
3855 1847 4109 1908 ἔτυπτον,
4165 1843 4355 1912 ἐπειδὴ
4394 1840 4487 1894 καὶ
4526 1838 4700 1899 αὑτὸς

3122 1940 3321 2009 μᾶλλον
3350 1938 3776 2009 προστιθέμενος
3816 1933 3885 2007 ἦν
3936 1937 4015 2007 τῷ
4048 1935 4266 2003 Παύλῳ,
4298 1932 4372 1994 ὡς
4403 1932 4500 1984 καὶ
4548 1930 4698 1998 Κρί-

3120 2050 3254 2093 σπος
3274 2035 3300 2085 ό
3325 2032 3773 2100 ἀρχισυνάγωγος
3793 2046 3808 2059 ·
3844 2030 3875 2098 ἢ
3905 2030 3984 2091 είς
4012 2027 4268 2081 τοσοῦτον
4310 2020 4450 2095 ἦσαν
4495 2022 4699 2090 ἐληλα-

3118 2124 3275 2183 κότες
3312 2122 3505 2192 μανίας
3530 2122 3594 2184 ³⁸,
3622 2121 3705 2174 ὅτι
3735 2119 4096 2190 ἀποτυχόντες
4122 2117 4217 2191 τού
4249 2112 4453 2169 σκοποῦ
4484 2112 4699 2175 αὐτῶν,

3118 2217 3238 2269 ἀντὶ
3288 2215 3384 2268 τοῦ
3434 2212 3647 2268 Παύλου
3684 2213 3970 2282 Σωσθένην
4002 2212 4264 2263 ἔτυπτον·
4318 2208 4351 2278 ἢ
4395 2208 4485 2260 διὰ
4531 2204 4701 2259 τοῦτο

3119 2309 3347 2360 ἔτυπτον
3393 2306 3578 2368 αὐτὸν,
3632 2305 3819 2375 ἐπειδὴ
3864 2305 4244 2375 ἠϐουλήθησαν
4294 2298 4555 2369 φονεῦσαι
4602 2297 4704 2347 τὸν

3123 2400 3354 2463 Παῦλον,
3396 2398 3493 2451 καλ
3522 2398 3803 2467 Σωσθένης
3834 2397 4123 2449 διεκώλυεν
4150 2393 4347 2456 αύτούς
4366 2409 4381 2422 σ
4411 2391 4498 2443 ἐπ’
4522 2387 4701 2442 αὐτοῦ

3117 2493 3172 2544 δὲ
3209 2491 3305 2543 τοῦ
3357 2490 3615 2559 ἄρχοντος
3664 2488 4053 2549 ἀκαθοσιὼτως
4100 2483 4402 2546 ποιοῦντες,
4461 2482 4707 2533 ἔτυπτον

3117 2585 3207 2636 τὸν
3238 2581 3543 2649 Σωσθένην,
3581 2580 3738 2632 τοῦτο
3785 2578 4064 2646 λέγοντες·
4119 2576 4183 2629 El
4229 2577 4258 2627 ὀ
4288 2573 4457 2645 θέλων
4492 2573 4642 2624 ποιεῖ
4675 2570 4706 2621 δ

3119 2676 3287 2738 θέλει,
3331 2674 3425 2726 καὶ
3453 2673 3556 2725 οὐκ
3587 2671 3701 2723 εστι
3730 2671 3913 2740 νόμος,
3947 2670 4047 2722 καὶ
4081 2668 4243 2736 ἡμεῖς
4273 2665 4382 2716 ἰδοὺ
4416 2663 4706 2728 τύπτομεν

3119 2768 3327 2822 τοῦτον.
3385 2766 3461 2818 Ού
3514 2766 3891 2833 προσεποιεῖτο
3929 2762 3985 2814 δὲ
4045 2760 4244 2819 αὐτοὺς
4290 2758 4320 2809 ὁ
4361 2755 4702 2815 ἀνθύπατος,

3120 2860 3233 2914 ἀλλ’
3259 2860 3345 2911 εἷα
3376 2857 3603 2910 τύπτειν
3630 2854 3889 2923 ἀλλήλους
3909 2868 3923 2883 ⁸
3962 2851 4083 2905 ἐπεὶ
4124 2852 4172 2902 εί
4200 2844 4341 2921 ἦσαν
4380 2846 4523 2900 κατά
4549 2861 4707 2902 τινος

3119 2952 3280 3003 ἄλλου
3305 2951 3397 3002 καὶ
3426 2948 3501 3017 μὴ
3532 2946 3657 2999 καθ’
3688 2944 3896 2998 ἑαυτῶν
3919 2942 4244 3011 ποιήσαντες
4264 2937 4443 3000 τοῦτο,
4472 2938 4703 2995 πάντως

3118 3039 3265 3113 εἶχεν
3314 3041 3512 3102 αὐτοὺς
3547 3038 3898 3106 σωφρονίσαι.
3942 3034 4219 3098 Ἐξέπλει
4248 3030 4317 3083 δὲ
4365 3028 4489 3083 σὺν
4533 3022 4707 3087 αὐτῷ

3118 3135 3454 3202 Πρίσκιλλα
3493 3131 3588 3183 καὶ
3632 3129 3877 3191 Ἀκύλας
3913 3124 4259 3193 κειράμενος
4280 3119 4396 3185 τὴν
4420 3115 4707 3186 κεφαλὴν

1441 3214 1558 3281 ipso
1584 3214 1902 3267 auehebatur
1928 3214 2173 3269 Priscilla
2199 3224 2250 3269 et
2269 3216 2483 3286 Aquila,
2511 3231 2627 3269 cum
2658 3225 2815 3285 caput
2852 3218 3011 3270 rasis-
3042 3252 3085 3310 ο
3116 3227 3185 3281 ἐν
3214 3230 3334 3292 Kef

2811 3225 2815 3267 ε
2852 3218 3011 3310 φάε,
3042 3252 3085 3310 c
3116 3227 3185 3281 ἐν
3214 3222 3554 3292 Κεγχρεαῖς,
3606 3219 3822 3289 Ἐπειδὴ
3871 3218 4044 3271 ἐδόκει
4096 3218 4208 3310 τοῖς
4252 3211 4704 3310 ΪΙουδαίοξςξπο-

1441 3314 1519 3357 set
1539 3305 1593 3357 in
1613 3304 1904 3360 Cenchreis.
1932 3306 2202 3372 Quoniam
2230 3308 2403 3363 Judaei
2426 3310 2842 3378 suspicabantur
2866 3309 3015 3362 illum

1441 3393 1802 3450 defectionem
1834 3412 1863 3449 a
1902 3397 2020 3468 lege
2049 3399 2277 3461 docere,
2314 3412 2379 3453 ac
2410 3398 2564 3453 multi
2602 3397 3016 3453 oll’endebantur

1444 3488 1500 3539 in
1533 3500 1633 3551 eo,
1681 3501 1745 3541 ac
1775 3487 2220 3556 praedicationem
2254 3505 2363 3543 non
2392 3489 2901 3559 amplectebantur:
2940 3491 3019 3544 id-

1444 3574 1591 3633 circo
1612 3583 1669 3629 et
1695 3575 1785 3630 hic
1813 3585 1867 3629 et
1898 3578 1950 3629 in
1979 3577 2183 3647 templo
2218 3576 2611 3647 Hierosolymis
2634 3579 2885 3632 consulto
2916 3580 3019 3633 hoc

1444 3664 1593 3729 facit,
1611 3674 1666 3720 et
1682 3666 1786 3721 hoc
1801 3676 1919 3721 erat
1937 3669 2080 3736 quod
2109 3668 2225 3736 ipse
2255 3669 2499 3724 dicebat:
2534 3666 2638 3727 Fui
2659 3668 2757 3737 legi
2785 3669 3019 3721 subditus

1451 3757 1603 3828 141
1625 3759 1778 3828 quasi
1798 3759 2097 3828 legiobnoxi
2104 3776 2181 3825 us,
2209 3770 2264 3813 ut
2280 3760 2380 3830 legi
2391 3760 2622 3813 subditos
2636 3760 3015 3830 lucrifacerem.

1446 3882 1516 3892 —
1551 3849 1619 3905 Id
1643 3852 1781 3905 enim
1804 3862 2015 3906 uouerat
2039 3850 2080 3907 ί.
2142 3850 2336 3907 Votum
2368 3851 2503 3907 dicit
2550 3850 3015 3921 pollicitatbnem.

1448 3942 1729 3997 Pollicitus
1763 3945 1909 3997 enim
1946 3954 2065 3998 erat
2099 3959 2159 3998 se
2186 3944 2439 4013 capillum
2476 3944 2844 3997 abscissurum
2875 3956 3016 4005 esse,

1448 4049 1518 4088 ne
1565 4044 1753 4104 postea
1794 4036 2029 4105 amplius
2083 4045 2340 4103 tanquam
2390 4035 2736 4097 mundanus,
2790 4048 2853 4088 ea
2900 4047 3020 4101 qua:

1449 4126 1708 4179 mundani
1732 4126 1907 4181 solent
1930 4141 2113 4197 agere,
2141 4134 2420 4188 tractaret,
2466 4127 2561 4179 sed
2588 4134 2848 4194 tanquam
2871 4138 3020 4177 more

1449 4217 1635 4270 divino
1664 4215 1884 4281 vivens,
1920 4226 2272 4284 permaneret
2302 4217 2447 4287 apud
2488 4216 2813 4271 Ecclesiam.
2845 4217 3021 4284 Atque

1449 4310 1614 4363 etiam
1652 4310 1842 4378 Aquila
1879 4325 1942 4363 ex
1974 4311 2367 4379 pollicitatione
2410 4310 2511 4365 sibi
2554 4310 2736 4365 crines
2764 4310 3015 4365 abscidit.

1452 4400 1557 4465 Qui
1586 4402 1732 4461 enim
1767 4402 1851 4470 pie
1883 4402 2137 4455 nimirum
2178 4405 2364 4456 vivere
2401 4402 2688 4465 volebant,
2727 4402 2827 4455 hoc
2855 4401 3021 4455 facie-

1451 4492 1621 4545 bant:
1655 4492 1955 4561 quinetiam
1992 4493 2296 4561 antiquitus
2338 4494 2440 4546 hoc
2470 4492 2646 4547 facere
2674 4491 2844 4546 Judaei
2887 4506 3021 4546 con-

1451 4594 1761 4639 sueverant.
1797 4583 1984 4654 Itaque
2017 4596 2068 4639 et
2100 4586 2491 4639 monachorum
2522 4594 2576 4638 et
2612 4585 3014 4646 canonicarum,

1450 4675 1503 4729 id
1552 4683 1639 4729 est
1702 4675 2028 4745 regularium
2076 4676 2347 4743 virginum
2398 4685 2453 4728 et
2501 4672 3013 4736 sanctimonialium,
3050 4660 3097 4719 ι)

1453 4766 1630 4836 capilli
1658 4777 1807 4822 recte
1842 4767 2227 4822 detondentur.

1524 4872 1687 4930 Vens.
1717 4878 1803 4929 l9.
1832 4874 2075 4930 Pervenit
2095 4885 2281 4929 autem
2309 4876 2592 4946 Ephesum,
2613 4885 2657 4927 et
2689 4875 2809 4928 illos
2837 4875 2905 4928 ibi
2937 4891 3019 4927 re-

1458 4968 1631 5036 liquit,
1668 4967 1760 5019 sed
1788 4968 1897 5035 ipse
1923 4968 2189 5036 ingressus
2223 4970 2277 5020 in
2314 4983 2659 5036 synagogam,
2690 4968 3018 5019 sermocina-

1450 5057 1612 5121 batur
1633 5074 1751 5110 cum
1779 5057 1994 5112 Judwis.

1528 5167 1689 5221 Vens.
1719 5166 1808 5221 20.
1847 5167 2170 5238 Rogantibus
2204 5179 2376 5221 autem
2414 5168 2521 5221 illis
2565 5176 2620 5221 ut
2656 5168 2850 5222 diutius
2882 5172 3027 5237 apud

1454 5275 1512 5314 se
1545 5269 1800 5321 maneret,
1835 5276 2030 5313 morem
2050 5262 2122 5313 eis
2151 5277 2253 5313 non
2281 5263 2457 5329 gessit,

1521 5368 1684 5425 Vens.
1710 5368 1801 5424 21.
1834 5367 1935 5422 Sed
1957 5386 2040 5423 eos
2066 5370 2241 5423 valere
2260 5371 2419 5438 jussit
2448 5387 2563 5423 cum
2589 5372 2779 5423 diceret
2811 5390 2822 5423 :
2854 5368 3021 5439 Opor-

1520 5546 1565 5579 “
1594 5544 1615 5600 l
1644 5546 1772 5603 Cor.
1804 5562 1877 5614 rx,
1906 5547 1973 5601 l9
1998 5547 2157 5603 etet.

3119 3320 3342 3374 στασίαν
3391 3316 3486 3369 τοῦ
3537 3315 3702 3383 νόμου
3749 3310 4041 3371 διδάσκειν,
4092 3306 4186 3359 καὶ
4249 3300 4708 3363 ἐσκανδαλίζοντο

3120 3411 3307 3465 πολλοὶ
3336 3411 3415 3470 εἰς
3444 3406 3627 3465 αὐτὸν,
3668 3404 3763 3457 καὶ
3793 3403 3853 3455 ού
3884 3399 4251 3469 παρεδέχοντο
4282 3396 4344 3449 τὸ
4390 3393 4663 3462 κήρυγμα
4688 3408 4699 3420 ·

3118 3504 3309 3558 τούτου
3341 3502 3502 3572 χάριν
3529 3500 3624 3551 καὶ
3653 3493 3885 3548 ἐνταῦθα
3927 3492 4021 3545 καὶ
4050 3492 4109 3543 ιν
4145 3488 4223 3559 τῷ
4269 3486 4400 3556 ἱερῷ
4432 3487 4492 3538 ἐν
4536 3485 4712 3572 Ἰερο-

3122 3594 3375 3663 σολύμοις
3416 3586 3775 3657 οἰκονομικῶς
3806 3585 3967 3636 τοῦτο
3996 3582 4229 3651 πράσσει
4252 3595 4267 3609 ⁸
4302 3578 4396 3630 καὶ
4427 3575 4589 3629 τοῦτο
4610 3571 4705 3646 ἦν,

3119 3685 3148 3736 θ
3196 3682 3356 3744 αὐτὸς
3407 3680 3625 3745 ἔλεγεν·
3672 3674 3997 3742 Ἔτενόμην
4041 3669 4167 3735 τοῖς
4220 3666 4341 3723 ὑπὸ
4386 3670 4580 3731 νέμον
4626 3666 4708 3727 ὡς

3120 3772 3239 3827 ὑπὸ
3268 3773 3478 3839 νόμον,
3503 3769 3604 3821 ἵνα
3625 3764 3765 3831 τοὺς
3792 3763 3913 3819 ὑπὸ
3937 3762 4127 3829 νόμον
4156 3756 4447 3826 κερδήσω.
4468 3786 4540 3796 -—-
4557 3750 4707 3821 Εῐχε

3119 3861 3231 3931 τὰρ
3274 3860 3486 3929 εὐχήν.
3539 3854 3718 3927 Εύχὴν
3750 3850 3897 3921 λέγει
3936 3851 4039 3920 τὴν
4087 3848 4401 3918 ὑπόσχεσιν.
4439 3844 4709 3915 ’Υποσχόο

3126 3967 3283 4020 μενος
3319 3951 3428 4017 γὰρ
3462 3944 3530 4016 ἦν
3563 3944 3839 4011 ἀποκόψαι
3892 3942 3993 4010 τὴν
4043 3938 4229 4009 τρίχα,
4270 3937 4358 3989 ἵνα
4393 3936 4591 4005 μηκέτι
4632 3935 4706 3995 ὠς

3121 4042 3384 4111 κοσμικὸς
3436 4041 3504 4092 τά
3552 4040 3659 4090 τῶν
3692 4033 3976 4105 κοσμικῶν
4022 4031 4264 4101 πράττῃ.
4296 4028 4412 4080 ἀλλ’
4442 4026 4518 4089 ὡς
4561 4027 4706 4078 κατὰ

3120 4137 3251 4189 Θεὸν
3280 4134 3389 4198 ζῶν
3421 4132 3736 4202 παραμείνῃ
3758 4130 3799 4161 ³⁷
3827 4130 3894 4197 τῇ
3946 4123 4262 4192 Ἐκκλησίᾳ.
4303 4121 4415 4173 Καὶ
4458 4118 4700 4180 Ἀκύλας

3119 4229 3178 4283 δὲ
3210 4228 3269 4292 ἐξ
3303 4226 3650 4295 ὑποσχέσεως
3690 4220 3969 4288 ἀπέκοψεν
4014 4214 4209 4271 ἑαυτοῦ
4246 4214 4345 4274 τὰς
4390 4212 4606 4281 τρίχας,
4645 4214 4704 4262 Οἱ

3124 4322 3369 4381 θέλοντες
3398 4318 3507 4387 γὰρ
3554 4316 3716 4384 δῆθεν
3747 4310 4015 4372 θεοσεϐῶς
4064 4309 4183 4377 ζῇν,
4231 4303 4449 4357 ἐποίουν
4500 4303 4700 4355 τοῦτο·

3123 4411 3262 4465 ἀλλά
3301 4410 3398 4463 καὶ
3435 4408 3554 4469 ἔθος
3602 4402 3671 4475 ἦν
3714 4403 3941 4457 παλαιὸν
3994 4399 4269 4459 Ἰουδαίοις
4312 4393 4491 4447 τοῦτο.
4537 4393 4703 4445 Ὥστε.

3125 4501 3307 4566 καλῶς
3347 4498 3441 4553 καὶ
3466 4500 3517 4551 οἱ
3567 4496 3889 4567 μονάζοντες
3932 4491 4027 4545 καὶ
4059 4490 4116 4542 αἱ
4153 4485 4436 4539 κανονικαὶ
4472 4483 4703 4536 ἀποκεί-

3130 4610 3313 4667 ρονται
3340 4592 3440 4655 τὰς
3469 4590 3667 4660 κόμας.

3208 4872 3560 4937 Κατήντησε
3615 4867 3682 4919 δὲ
3740 4869 3827 4931 είς
3888 4866 4174 4933 Ἔφεσον,
4251 4860 4347 4913 καὶ
4422 4860 4699 4919 ἐκείνους

3144 4966 3467 5018 κατέλιπεν
3494 4959 3678 5014 αὑτοῦ
3704 4976 3717 4990 ο
3749 4959 3931 5023 αὐτὸς
3960 4956 4027 5007 δὲ
4052 4954 4244 5007 ἐλθὼν
4270 4953 4315 4985 ³⁸
4363 4953 4479 5018 τὴν
4532 4967 4687 5006 συν-

3126 5056 3387 5127 αγωγὴν,
3410 5054 3685 5121 διελέχθη
3710 5051 3832 5116 τοῖς
3847 5050 4166 5113 Ἰουδαίοις.

3196 5166 3573 5235 Ἐρωτώντων
3616 5164 3683 5215 δὲ
3740 5158 3941 5215 αὐτῶν
3999 5159 4096 5211 ἐπὶ
4156 5157 4400 5209 πλείονα
4474 5156 4694 5223 χρόνον

3130 5261 3280 5314 εἶναι
3320 5260 3362 5290 ³⁸
3398 5258 3531 5324 παρ’
3559 5253 3786 5319 αὐτοῖς,
3820 5254 3929 5305 οὐκ
3962 5250 4316 5312 ἐπένευσεν,

3199 5366 3376 5420 Ἀλλὰ
3453 5362 3789 5423 ἀπετάξατο
3854 5357 4089 5425 αὐτοῖς,
4140 5354 4325 5411 εἰπών
4359 5372 4374 5388 ·
4450 5357 4558 5409 Δεῖ
4625 5369 4691 5424 με

2619 5659 2818 5721 Variae
2850 5657 3153 5720 lectiones
3196 5661 3256 5716 et
3302 5663 3489 5724 notae.

1530 5792 1574 5824 ³⁸
1602 5789 1850 5858 Ιμιλλιν,
1880 5799 2014 5845 erat.
2092 5789 2136 5821 "
2182 5788 2409 5861 μανίαν,
2442 5796 2577 5842 erat.
2654 5785 2698 5815 "
2730 5782 3080 5855 παραμιίνει,
3138 5790 3272 5835 erat.
3350 5778 3392 5813 "

2784 5782 3080 5855 ιραμιίνει,
3138 5790 3272 5835 erat.
3350 5778 3392 5813 "
3424 5773 3490 5831 In
3542 5775 3765 5847 vulgatis
3805 5784 3898 5839 est,
3930 5771 4203 5825 εἰσελθών.
4282 5770 4323 5801 ³³
4361 5768 4427 5822 In
4455 5766 4677 5839 vulgatu

1461 5870 1561 5927 est,
1595 5863 1796 5932 μεῖναι.
