4794 6454
1351 416 1457 477 759

2312 413 2888 476 THEOPHYLACTI
2920 413 3328 474 BULGARLE
3371 414 3722 474 ARCHIEP.

4503 413 4619 471 ’760

1354 523 1579 589 publice,
1639 525 2002 579 demonstrans
2034 536 2123 589 per
2198 520 2510 588 Scripturas
2581 519 2762 574 Jesum
2829 535 2942 573 esse
2968 521 3014 579 Α
3045 537 3183 587 χετο
3215 521 3247 572 δ

2724 537 2762 571 m
2829 535 2942 573 esse
2968 521 3014 579 Α
3045 537 3183 587 χετο
3215 521 3854 590 ὃημοσίᾳ,ὲπιδεικνὺς
3880 521 3978 576 διὰ
4007 522 4125 576 τῶν
4152 521 4432 592 Γραφῶν,
4463 517 4617 574 εἶναι

1356 613 1645 668 Christum.

1424 707 1482 761 Si
1524 707 1790 776 baptisma
1844 704 2068 760 Joannis
2100 703 2364 758 duntaxat
2415 703 2502 757 hic
2558 704 2788 767 sciebat,
2845 701 2937 771 qui

1359 799 1556 869 spiritu
1587 796 1878 852 fervebat?
1915 795 2150 864 Spiritus
2190 793 2337 847 enim
2390 794 2464 848 ita
2506 810 2611 848 non
2657 794 2934 847 dabatur:

1356 893 1484 945 item
1521 891 1567 944 si
1594 890 1687 958 qui
1716 890 1863 942 hunc
1888 886 2060 941 secuti
2104 895 2254 947 sunt,
2318 901 2456 954 opus
2491 886 2794 940 habuerunt
2845 886 2940 939 ba-

1356 982 1614 1051 ptismate
1637 977 2054 1044 Cbristi,multo
2081 977 2252 1046 magis
2275 977 2439 1030 etiam
2470 977 2574 1029 hic.
2603 975 2743 1039 Quid
2779 976 2943 1046 igitur

1356 1075 1462 1130 diei
1495 1074 1714 1145 potest?
1747 1072 1875 1126 Mihi
1923 1072 2136 1125 videtur
2197 1069 2286 1125 hic
2318 1070 2490 1122 fuisse
2521 1084 2667 1121 unus
2692 1069 2760 1122 de
2815 1083 2944 1121 cen-

1359 1177 1472 1220 tum
1508 1163 1718 1234 viginti,
1754 1164 1846 1232 qui
1876 1178 1984 1217 una
2018 1177 2142 1215 cum
2194 1160 2458 1230 apostolis
2490 1160 2745 1230 baptizati
2769 1170 2938 1213 sunt:

1357 1267 1452 1311 aut
1481 1257 1527 1311 si
1553 1257 1657 1311 hoe
1682 1257 1754 1310 ita
1815 1270 1925 1308 non
1956 1262 2061 1316 est,
2111 1253 2256 1322 quod
2320 1254 2374 1305 in
2430 1251 2692 1306 Cornelio
2722 1252 2941 1314 accidit,

1359 1350 1522 1404 etiam
1552 1347 1734 1401 evenit
1768 1345 1820 1398 in
1862 1345 1987 1399 hoc.
2017 1347 2183 1414 Atque
2221 1343 2395 1396 aliter.
2454 1340 2725 1410 Baptisma
2780 1341 2941 1395 Joan-

1362 1441 1450 1494 nis
1487 1438 1927 1492 exhortationem
2003 1436 2067 1490 ad
2127 1433 2505 1504 paenitentiam
2541 1443 2594 1486 et
2652 1433 2940 1486 meliorem

1360 1534 1575 1597 frugem
1606 1528 1868 1580 duntaxat
1899 1525 2210 1594 praestabat,
2231 1525 2325 1577 sed
2347 1539 2453 1576 non
2479 1525 2643 1576 etiam
2675 1521 2943 1591 expiatio-

1363 1638 1485 1676 nem
1519 1617 1728 1690 peccati
1759 1611 1773 1672 ε
1801 1626 1860 1670 ut
1901 1617 2017 1669 haec
2039 1615 2112 1668 sit
2137 1613 2442 1667 differentia
2475 1613 2620 1666 inter
2678 1613 2943 1680 baptisma

1359 1712 1586 1766 Joannis
1601 1717 1653 1763 et
1683 1707 1916 1762 ﬁdelium
1965 1707 2257 1776 baptisma,
2311 1720 2506 1775 nempe
2529 1706 2672 1774 quod
2705 1705 2942 1758 ﬁdelium

1362 1804 1631 1873 baptisma
1657 1799 2034 1854 remissionem
2057 1808 2400 1866 peccatorum
2435 1798 2678 1864 largitur.
2706 1795 2942 1863 Baptiza-

3047 615 3154 666 τὸν
3183 615 3443 680 Χριστὸν
3476 614 3742 680 Ἰησοῦν.

3111 706 3170 758 Εἰ
3197 706 3255 758 τὸ
3303 706 3586 776 βάπτισμα
3617 707 3778 772 μόνον
3838 707 4085 760 Ἰωάννου
4137 708 4406 776 ἠπίστατο
4431 707 4614 776 οὗτος,

3041 799 3160 860 πῶς
3188 797 3267 866 τῷ
3299 799 3576 867 Πνεύματι
3611 799 3722 862 ζέει
3748 817 3763 865 ;
3788 800 3849 852 τὸ
3873 800 3983 870 γὰρ
4010 803 4236 871 Πνεῦμα
4289 803 4384 872 οὐχ
4445 804 4623 869 οὕτως

3041 888 3274 941 ἐδίδοτο·
3311 888 3406 942 καὶ
3435 890 3484 940 εἰ
3513 891 3563 942 oi
3600 890 3739 959 μετὰ
3769 889 3958 943 τοῦτον
3986 892 4288 961 ἐδεήθησαν
4312 893 4406 946 τοῦ
4427 894 4624 964 βαπτί-

3044 995 3249 1044 σματος
3303 977 3396 1031 τοῦ
3435 981 3694 1048 Χριστοῦ,
3726 983 3910 1050 πολλῷ
3965 983 4168 1050 μᾶλλον
4218 986 4310 1037 καὶ
4341 979 4517 1048 οὗτος.
4553 987 4621 1038 Τί

3043 1069 3137 1120 οῦν
3170 1069 3320 1122 ἔστιν
3349 1071 3557 1136 είπεῖν;
3594 1069 3751 1137 Ἐμοὶ
3806 1071 3955 1125 δοκεῖ
3988 1066 4145 1134 οὗτος
4173 1070 4312 1125 εἶναι
4369 1075 4480 1127 τῶν
4536 1083 4622 1144 ρκ’

3042 1160 3151 1212 τῶν
3227 1161 3366 1229 μετὰ
3430 1161 3539 1214 τῶν
3600 1163 3918 1216 ἀποστόλων
3966 1165 4372 1233 βαπτισθέντων
4395 1167 4472 1236 ’ἢ
4509 1209 4523 1228 ,
4574 1169 4623 1218 ει

3048 1249 3122 1318 μὴ
3148 1249 3323 1314 τοῦτο,
3344 1252 3478 1320 ὅπερ
3509 1252 3599 1302 ἐπὶ
3623 1252 3716 1305 τοῦ
3768 1254 4069 1323 Κορνηλίου
4111 1256 4326 1324 γέγονε,
4376 1257 4472 1310 καὶ
4522 1258 4622 1310 ἐπὶ

3043 1341 3218 1410 τούτῳ
3259 1344 3303 1376 δ’
3329 1359 3342 1373 ⁸
3375 1345 3470 1396 καὶ
3502 1345 3700 1408 ἄλλως,
3748 1346 3809 1398 τὸ
3863 1348 4117 1400 Ἰωάννου
4167 1348 4447 1418 βάπτισμα
4489 1367 4626 1417 προ-

3047 1437 3251 1505 τροπὴν
3309 1431 3422 1503 εῖχε
3483 1438 3773 1504 μετανοίας
3843 1438 4044 1509 μόνον,
4079 1440 4140 1492 οὐ
4197 1441 4304 1511 μὴν
4345 1441 4442 1493 καὶ
4516 1458 4622 1493 κα-

3048 1526 3314 1596 θαρισμὸν
3363 1528 3676 1598 ἁμαρτίας·
3748 1528 3826 1592 ὡς
3887 1526 4025 1584 εἶναι
4083 1530 4289 1600 ταύτην
4352 1531 4454 1601 τὴν
4501 1531 4624 1584 δια-

3047 1617 3221 1686 φορὰν
3292 1617 3385 1669 τοῦ
3437 1619 3685 1672 Ἰωάννου
3725 1619 4099 1690 βαπτίσματος
4141 1624 4234 1676 καὶ
4265 1622 4366 1675 τοῦ
4388 1623 4499 1676 τῶν
4530 1640 4627 1675 πι-

3049 1707 3208 1770 στῶν,
3237 1708 3401 1761 ὅτιτὸ
3431 1710 3538 1761 τῶν
3571 1710 3777 1762 πιστῶν
3839 1711 4036 1778 ἄφεσιν
4062 1713 4352 1782 ἁμαρτιῶν
4401 1714 4626 1782 χαρίζε-

3049 1815 3141 1849 ται
3167 1814 3181 1829 ·
3222 1799 3544 1867 βαπτίζεται
3570 1803 3681 1868 γὰρ
3712 1804 3792 1866 είς
3819 1802 3882 1855 τὸ
3931 1803 4100 1872 ῦνομα
4123 1803 4216 1855 τοῦ
4250 1804 4486 1871 Πατρὸς,
4527 1805 4627 1856 καὶ

1368 1889 1456 1948 lur
1483 1894 1630 1949 enim
1662 1892 1838 1946 ﬁdelis
1867 1892 1918 1945 in
1946 1890 2167 1944 nomine
2197 1888 2371 1942 Patris
2398 1897 2452 1942 et
2477 1888 2594 1941 Filii
2627 1897 2681 1939 et
2714 1886 2949 1955 Spiritus
2982 1879 3022 1935 Β
3052 1889 3147 1941 τοῦ
3187 1891 3261 1942 Tt.

2734 1886 2949 1955 Spiritus
2982 1879 3022 1935 Β
3052 1889 3147 1941 τοῦ
3187 1890 3336 1954 Υῑοῦ,
3381 1893 3473 1943 καὶ
3519 1892 3614 1944 τοῦ
3644 1894 3799 1959 ἁγίου
3830 1895 4147 1965 Πνεύματος
4196 1898 4226 1948 ὁ
4272 1897 4484 1958 πιστὸς,
4528 1898 4627 1948 καὶ

1363 1985 1559 2049 sancti,
1595 1994 1650 2038 et
1701 1983 1939 2036 abluitur
1970 1982 2038 2035 ab
2075 1994 2159 2044 ea,
2218 1993 2379 2047 quam
2428 1987 2588 2031 antea
2646 1977 2947 2064 habuerat,

1364 2076 1644 2146 religione.
1674 2075 1825 2139 Quod
1859 2073 1903 2126 si
1939 2087 2048 2125 non
2084 2071 2358 2126 habebant
2385 2070 2654 2139 Spiritum
2697 2078 2944 2122 sanctum

1363 2164 1455 2232 qui
1497 2165 1564 2216 ab
1614 2162 1825 2216 Joanne
1885 2159 2145 2228 baptizati
2219 2167 2396 2218 erant,
2473 2156 2563 2223 qui
2645 2156 2808 2209 ﬁebat
2889 2165 2949 2209 ut

1365 2254 1602 2323 Apelles,
1636 2254 1726 2321 qui
1759 2253 1810 2304 iu
1841 2250 2068 2305 Joannis
2098 2247 2473 2302 tantummodo
2503 2246 2773 2315 baptisma
2812 2247 2937 2315 bap-

1367 2345 1566 2398 tizatus
1594 2351 1730 2405 erat,
1780 2341 1984 2410 Spiritu
2048 2339 2329 2393 ferveret?
2374 2338 2666 2390 Enimvero
2726 2338 2939 2392 etiamsi

1369 2438 1562 2506 spiritu
1592 2434 1853 2496 fervebat,
1884 2434 2144 2503 Spiritum
2176 2441 2424 2485 sanctum
2453 2428 2685 2501 [tamen]
2718 2445 2826 2483 non
2852 2429 2945 2483 ha-

1373 2533 1564 2596 bebat;
1600 2545 1777 2598 neque
1827 2530 1972 2582 enim
2017 2527 2215 2596 linguis
2255 2525 2596 2594 loquebatur,
2624 2538 2800 2591 neque
2823 2538 2949 2591 pro—

1371 2605 1651 2691 phetabat.
1698 2621 1856 2674 Aliud
1921 2628 2100 2672 autem
2155 2627 2238 2673 est
2281 2618 2492 2671 fervere
2539 2615 2756 2683 spiritu.
2799 2615 2946 2670 aliud

1375 2714 1504 2767 item
1551 2714 1750 2766 habere
1812 2711 2075 2779 Spiritum
2147 2717 2417 2762 sanctum.
2466 2709 2568 2771 Qui
2623 2709 2784 2763 habet
2830 2707 2951 2777 Spi-

1375 2804 1539 2855 ritum
1610 2813 1878 2864 sanctum,
1957 2801 2112 2854 habet
2189 2814 2313 2853 eum
2368 2800 2420 2852 in
2477 2815 2535 2854 se
2590 2801 2946 2863 habitantem,

1374 2910 1437 2947 ac
1516 2894 1758 2960 loquitur
1831 2892 1949 2959 ipse
1997 2889 2236 2958 Spiritus
2314 2905 2378 2942 ex
2417 2889 2622 2942 intimis
2662 2888 2950 2958 penetrali-

1376 2986 1480 3040 bus
1537 2980 2245 3051 cordis:quemadmodum
2295 2980 2614 3048 loquebatur
2668 2980 2949 3048 apostolis,

1374 3093 1499 3130 cum
1569 3091 1663 3129 eos
1683 3075 1828 3142 loqui
1848 3074 1930 3127 vel
1961 3073 2177 3142 juberet
2204 3071 2288 3125 vel
2339 3079 2566 3124 vetaret.
2598 3071 2664 3123 At
2711 3071 2803 3138 qui
2842 3070 2949 3123 fer-

1375 3171 1538 3222 vebat
1581 3167 1796 3236 spiritu.
1847 3182 1946 3234 per
1994 3163 2446 3217 illuminationem
2486 3172 2540 3216 et
2609 3162 2946 3216 exhortatio-

1376 3277 1523 3325 nem,
1556 3229 1679 3328 qua:
1709 3229 2049 3312 extrinsecus
2072 3254 2454 3318 adhibebatur,
2485 3254 2718 3308 faciebat
2743 3254 2947 3323 aliquid
2977 3229 3020 3287 θ

1377 3353 1503 3406 dum
1538 3351 1693 3421 1&3
1723 3367 1752 3403 a
1792 3350 1992 3418 Spiritu
2033 3347 2350 3402 ducebatur.
2408 3347 2539 3399 Nam
2573 3347 2640 3399 ab
2684 3346 2750 3400 iis
2788 3347 2952 3400 rebus

1377 3458 1496 3511 quze
1523 3443 1722 3496 cadunt
1751 3443 1850 3495 sub
1879 3454 2124 3503 sensum,
2155 3437 2422 3505 coniicere
2453 3446 2669 3505 oportet
2715 3452 2775 3489 ea
2830 3453 2951 3505 qua:

1377 3535 1546 3589 videri
1579 3549 1688 3587 non
1728 3541 1976 3601 possunt.
2039 3531 2243 3583 Acriter
2302 3531 2440 3582 enim
2497 3546 2562 3580 ac
2625 3529 2953 3581 vehementer

1377 3623 1680 3693 confutabat
1706 3623 1918 3676 Judteos
1940 3620 2165 3689 publice.
2202 3618 2278 3671 Eo
2304 3619 2446 3687 quod
2480 3619 2698 3686 publice
2718 3620 2952 3672 convin-

3054 1981 3426 2035 ἁποπλύνεται
3452 1984 3561 2038 ἀπὸ
3597 1985 3693 2055 τῆς
3720 1986 4075 2055 προῡπούσης
4103 1987 4253 2055 αὐτῷ
4299 1987 4625 2055 θρησκείας.

3053 2072 3114 2124 Ei
3149 2073 3203 2125 δὲ
3234 2073 3334 2126 οὐκ
3364 2069 3510 2144 εἶχον
3541 2075 3764 2145 Πνεῦμα
3801 2078 3957 2144 ᾶγιον
3987 2081 4038 2130 ot
4077 2079 4186 2130 ἀπὸ
4219 2079 4470 2132 Ἰωάννου
4526 2078 4626 2146 βα-

3053 2163 3393 2231 πτισθέντες,
3423 2167 3539 2229 πῶς
3568 2169 3596 2220 ό
3641 2168 3899 2239 Ἀπελλῆς
3946 2169 4107 2236 μόνον
4136 2171 4214 2232 είς
4261 2171 4321 2222 τὸ
4374 2170 4626 2223 Ἰωάννου

3055 2251 3342 2321 βάπτισμα
3383 2254 3721 2320 βαπτισθεὶς,
3752 2256 3869 2320 ἔζεε
3908 2257 3986 2326 τῷ
4012 2258 4327 2327 Ιινεύματις
4355 2259 4496 2312 Ἀλλ’
4529 2255 4628 2312 οὖν

3051 2343 3101 2394 εί
3135 2344 3227 2395 καὶ
3250 2344 3366 2403 ἔζεε
3401 2345 3477 2414 τῷ
3526 2346 3826 2415 Πνεύματι,
3855 2348 4076 2417 Πνεῦμα
4128 2350 4282 2417 ἅγιον
4323 2351 4422 2402 οὐκ
4453 2345 4627 2420 εἶχεν.

3054 2433 3192 2485 Οὔτε
3224 2436 3332 2503 γὰρ
3366 2437 3639 2502 γλώσσαις
3676 2439 4017 2504 ἐλά)ει,οὕτε
4048 2443 4436 2510 προεφήτευεν.
4461 2443 4631 2494 ’Δλλο

3052 2524 3110 2577 δέ
3143 2528 3258 2578 ἐστι
3298 2527 3357 2579 τὸ
3414 2526 3559 2590 ζέειν
3613 2530 3689 2596 τῷ
3723 2530 4021 2599 Πνεύματι,
4075 2532 4169 2584 καὶ
4207 2532 4333 2583 ἄλλο
4361 2531 4422 2583 τὸ
4474 2534 4629 2600 σχεῖν

3055 2617 3277 2686 Πνεῦμα
3315 2617 3490 2685 ἅγιον.
3562 2621 3621 2672 '0
3661 2621 3800 2690 ἔχων
3847 2622 4074 2692 Πνεῦμα
4119 2622 4294 2689 ἅγιον,
4327 2624 4439 2692 εχει
4491 2624 4634 2675 αὐτὸ

3054 2707 3297 2762 ἐνοικοῦν
3331 2710 3387 2760 ἐν
3419 2711 3587 2779 αὐτῷ,
3621 2712 3715 2763 καὶ
3744 2712 3896 2764 λσλεῖ
3923 2713 4052 2765 αὐτὸ
4069 2713 4127 2764 τὸ
4161 2713 4384 2779 Πνεῦμα
4419 2715 4484 2764 ἐκ
4515 2713 4630 2764 τῶν

3054 2798 3275 2863 ἔσωθεν,
3302 2803 3375 2861 ὡς
3403 2801 3631 2868 ἐλάλησε
3662 2806 3774 2866 τοῖς
3804 2804 4136 2866 ἀποστόλοις,
4194 2803 4401 2855 κωλῦον
4426 2804 4631 2866 αὐτοὺς

3051 2892 3325 2958 τὸνλόγον
3363 2895 3436 2960 μὴ
3469 2893 3668 2957 λαλεῖν,
3702 2895 3733 2963 ἢ
3766 2893 3966 2946 λαλεῖν.
4005 2895 4066 2946 Ὀ
4094 2895 4152 2946 δὲ
4177 2894 4319 2956 ζέων
4347 2893 4423 2961 τῷ
4455 2891 4627 2946 Ilsz—

3055 3001 3205 3052 ματι,
3251 2983 3317 3034 δι’
3370 2983 3688 3051 ἐλλάμψεως
3744 2985 3839 3036 καὶ
3900 2984 4215 3053 προτροπῆς
4267 2985 4367 3051 τῆς
4423 2983 4632 3046 ἐξωθεν

3053 3075 3292 3144 ἐπραττέ
3343 3092 3394 3125 τι
3423 3076 3787 3145 όδηγούμενος
3825 3075 3930 3127 ὑπὸ
3984 3075 4078 3128 τοῦ
4117 3075 4452 3143 Πνεύματος.
4490 3075 4632 3126 Ἀπὸ

3055 3167 3163 3236 γὰρ
3187 3167 3294 3218 τῶν
3327 3167 3620 3234 αἰσθητῶν,
3653 3167 3720 3218 τὰ
3751 3167 3959 3236 ἀόρατα
3982 3165 4062 3218 δεῖ
4090 3167 4469 3235 στοχάζεσθαι.
4511 3168 4630 3219 Εὐ-

3053 3260 3242 3321 τόνως
3267 3258 3385 3320 τοῖς
3435 3257 3749 3323 Ἰουδαίοις
3798 3258 4298 3326 διακατηλέγχετο
4341 3257 4630 3325 δημοσίᾳ.

3052 3349 3124 3399 Τὸ
3153 3350 3199 3378 ⁸⁸
3226 3351 3323 3417 μὲν
3359 3345 3450 3402 οὖν
3486 3350 3720 3418 δημοσίᾳ
3777 3350 4017 3418 ἐλέγχειν
4057 3351 4098 3417 ἡ
4146 3348 4427 3419 παρρησία
4493 3348 4634 3399 ἐδεί-

3054 3455 3215 3490 κνυτο
3237 3454 3249 3467 ·
3292 3439 3353 3490 τὸ
3409 3439 3464 3491 δὲ
3523 3439 3710 3506 σαφῶς
3739 3440 3805 3501 δ’,
3869 3441 3904 3507 ἡ
3936 3439 4165 3506 δύναμις
4191 3436 4474 3506 ἐδηλοῦτω
4499 3437 4562 3487 τὺ
4586 3437 4634 3468 ⁵⁸

3056 3529 3113 3580 δὲ
3148 3531 3210 3580 ἐκ
3240 3528 3346 3581 τῶν
3382 3531 3622 3599 Γραφῶν
3665 3531 4034 3582 ἐπιδείκνυσιν
4089 3531 4121 3598 ἡ
4165 3527 4446 3598 ἐμπειρία.
4486 3528 4633 3580 Οῦτε

3054 3620 3160 3686 γὰρ
3187 3620 3219 3687 ἡ
3251 3621 3531 3691 παρρησία
3567 3637 3620 3672 τι
3661 3620 3903 3672 συντελεῖ
3951 3620 4051 3672 οὐκ
4099 3618 4262 3688 οῦσης
4318 3619 4631 3687 δυνάμεως,

1377 3713 1564 3775 cebat,
1598 3711 1795 3776 lingua:
1835 3709 2058 3761 libertas
2091 3705 2482 3760 ostendebatur
2509 3721 2523 3760 ξ
2552 3720 2617 3758 eo
2641 3705 2784 3773 quod
2811 3707 2956 3760 acri-
3062 3708 3185 3762 οὒτε
3213 3712 3244 3779 ἡ

2308 3705 2482 3758 :batur
2509 3721 2523 3760 ξ
2552 3720 2617 3758 eo
2641 3705 2784 3773 quod
2811 3707 2956 3760 acri-
3062 3708 3185 3762 οὗτε
3213 3712 3244 3779 ἡ
3275 3711 3524 3780 δύναμις.
3553 3713 3653 3764 οὐκ
3675 3711 3839 3780 οὔσης
3869 3713 4201 3781 παρρησίας.

1379 3817 1462 3859 ter
1503 3805 1746 3872 potentia
1777 3800 2150 3855 declarabatur
2188 3816 2202 3851 :
2245 3812 2312 3851 eo
2337 3799 2482 3864 quod
2518 3814 2582 3852 ex
2647 3799 2944 3868 Scripturis
2993 3804 3187 3872 peritia
3223 3806 3718 3860 demonstrabatur.
3777 3806 3963 3874 Neque
4020 3808 4164 3858 enim
4200 3806 4397 3870 lingua:
4465 3804 4634 3858 liber-

1383 3905 1464 3949 tas
1517 3894 1811 3964 quidquam
1868 3892 2144 3953 conducit,
2182 3890 2272 3944 ubi
2320 3907 2428 3944 non
2465 3902 2549 3945 est
2577 3892 2655 3946 vis

1955 3985 2180 4040 CAPUT
2214 3986 2359 4040 XIX.

1454 4077 1616 4131 Vens.
1650 4079 1702 4132 1.
1737 4076 1942 4129 Accidit
1967 4086 2140 4128 autem
2184 4078 2383 4128 interea
2433 4077 2558 4128 dum
2609 4077 2817 4144 Apollas
2839 4088 2954 4130 erat

2710 3912 2722 3944 :
2771 3910 2950 3964 neque
2990 3901 3230 3966 potentia
3297 3916 3361 3954 ac
3390 3901 3491 3966 vis,
3531 3902 3622 3954 ubi
3653 3915 3761 3954 non
3792 3908 3877 3953 est
3916 3899 4110 3968 lingua:
4133 3897 4376 3952 libertas.

3656 3994 3904 4047 ΚΕΦΑΛ.
3948 3993 4046 4045 ΙΘ’.

3136 4085 3410 4152 Ἐγένετο
3469 4084 3557 4147 δὲ,
3610 4084 3679 4137 ἐν
3701 4083 3780 4147 τῷ
3796 4083 3902 4136 τόν
3914 4082 4188 4136 Ἀπολλὼ
4202 4081 4244 4112 ⁵⁸
4262 4078 4413 4134 εἶναι
4432 4081 4504 4133 ἐν
4523 4084 4632 4132 Κο-

1381 4173 1637 4236 Corinths,
1661 4180 1717 4223 ut
1773 4170 1968 4223 Paulus
1991 4171 2285 4238 peragratis
2330 4169 2674 4222 orientalibus
2715 4171 2955 4237 partibus
3047 4174 3274 4240 ρίνθῳ,

2739 4171 2955 4223 νοτιὶίηιδ
3047 4174 3252 4240 ρίνθῳ,
3272 4175 3514 4228 Παῦλον
3558 4174 3870 4227 διελθόντα
3901 4173 3973 4224 τὰ
4013 4172 4340 4224 ἀνατολικὰ
4395 4173 4632 4239 μέρη⁸¹,

1383 4265 1576 4318 veniret
1615 4262 1894 4329 Ephesum,
1939 4270 1987 4313 et
2031 4277 2148 4313 cum
2203 4260 2278 4312 ibi
2335 4262 2607 4326 reperisset
2671 4261 2957 4326 discipulos

1385 4355 1661 4424 quosdam,
1698 4354 1828 4404 dixit
1856 4353 1923 4404 ad
1945 4368 2028 4403 eos
2056 4367 2073 4403 :

1457 4443 1624 4497 Vens.
1645 4444 1700 4494 ἓ.
1733 4443 1816 4494 An
1842 4442 2113 4511 accepistis
2165 4441 2422 4507 Spiritum
2470 4451 2732 4506 sanctum,
2764 4456 2828 4494 ea:
2855 4457 2957 4510 quo

3055 4266 3255 4319 ἐλθεῖν
3288 4270 3377 4331 είς
3421 4265 3690 4333 Ἔφεσον
3712 4304 3729 4331 ,
3767 4265 3865 4316 καὶ
3903 4261 4093 4330 εὑρών
4142 4279 4312 4326 τινας
4333 4265 4638 4331 μαθητὰς,

3059 4353 3188 4409 εἷπε
3207 4356 3354 4422 πρὸς
3373 4359 3589 4422 αὐτούς
3614 4373 3628 4387 ο

3134 4450 3203 4501 Et
3279 4448 3522 4516 Πνεῦμα
3596 4449 3766 4517 ἅγιον
3827 4445 4066 4500 ἐλάϐετε
4147 4446 4638 4511 πιστεύσαντεςς

1386 4533 1719 4587 credidistis?
1755 4534 1820 4586 At
1849 4533 1930 4585 illi
1957 4534 2202 4586 dixerunt
2225 4534 2292 4586 ad
2339 4548 2454 4586 eum
2483 4548 2502 4587 :
2551 4534 2621 4586 At
2657 4549 2747 4585 nec
2788 4550 2860 4585 an
2891 4533 2960 4585 sit
3065 4543 3130 4594 οι
3168 4541 3236 4592 ab

2788 4550 2860 4585 tm
2891 4533 2960 4585 εἱι
3065 4543 3130 4594 Οἱ
3168 4541 3236 4592 δὲ
3281 4537 3455 4593 εἷπον
3501 4541 3652 4608 πρὸς
3680 4541 3900 4594 αὐτόν’
3943 4540 4098 4593 Ἀλλ’
4135 4538 4278 4592 οὐδὲ
4310 4541 4364 4592 ει
4389 4540 4641 4608 Πνεῦμα

1387 4625 1597 4694 quidem
1625 4622 1853 4692 Spiritus
1876 4634 2113 4689 sanctus,
2143 4625 2455 4677 audivimus.

3063 4632 3235 4699 ἅγιον
3263 4634 3434 4686 ἐστιν
3460 4633 3830 4701 ἠκούσαμεν.

1458 4716 1617 4769 Vens.
1651 4718 1703 4770 5.
1736 4718 1906 4785 Atque
1928 4716 2016 4768 ille
2045 4717 2179 4768 dixit
2222 4719 2290 4769 ad
2333 4733 2419 4769 eos
2450 4730 2470 4768 :
2503 4715 2618 4779 Quo
2647 4716 2809 4784 igitur
2862 4718 2948 4770 ba-
2981 4731 3025 4787 Ῑ)
3116 4723 3266 4779 Ειπέ
3328 4744 3351 4779 τ

2748 4733 2809 4769 ιιι·
2862 4718 2948 4770 θα·
2981 4731 3025 4787 Ι)
3116 4723 3266 4779 Eius
3328 4744 3391 4779 τε
3437 4726 3587 4794 πρὸς
3625 4727 3889 4792 αὐτούς⁹
3942 4727 4043 4791 Είς
4100 4727 4158 4778 τί
4230 4724 4346 4782 οὖν
4394 4727 4641 4780 ἐϐαπτί-

1385 4809 1630 4874 ptismate
1651 4806 1904 4877 baptisati
1933 4807 2088 4860 estis?
2115 4808 2179 4859 At
2208 4806 2288 4860 illi
2315 4807 2564 4860 dixerunt
2591 4824 2608 4860 :
2632 4806 2958 4874 Baptismate

1388 4896 1636 4950 Joannis.

1460 4986 1622 5039 Vens.
1670 4985 1724 5039 4.
1769 4985 1971 5039 Paulus
2021 4995 2198 5039 autem
2248 4987 2433 5042 dixit:
2469 4988 2704 5042 Joannes
2748 4993 2958 5058 quidem

1391 5078 1671 5146 baptizavit
1701 5078 2017 5146 baptismate
2072 5080 2394 5146 paenitentiae
2461 5089 2624 5150 atque
2645 5083 2961 5148 resipiscen-

3061 4823 3284 4886 σθητε;
3336 4821 3399 4872 Ol
3443 4818 3511 4870 es
3551 4813 3759 4871 εἶπον·
3799 4820 3904 4883 Είς
3963 4817 4031 4871 τὸ
4075 4820 4360 4873 Ἰωάννου
4401 4819 4638 4883 βάπτι-

3063 4925 3210 4963 σαα.

3104 4928 3107 4936 ν
3151 4928 3210 4962 α.

3104 4928 3278 5053 μΕἵπέ
3337 5015 3402 5050 τε
3429 4998 3476 5029 ⁸³
3527 4999 3798 5063 Παῦλος·
3841 4996 4133 5064 Ἰωάννης
4177 4999 4294 5066 μὲν
4346 4997 4640 5054 ἐϐάπτισε

3059 5092 3376 5160 βάπτισμα
3401 5092 3742 5159 μετανοίας.
3786 5089 3866 5155 τῷ
3900 5089 4028 5154 λαῷ
4054 5089 4266 5158 λέγων,
4291 5093 4378 5156 είς
4409 5093 4517 5144 τὸν
4540 5094 4640 5160 ἐρ

1394 5171 1504 5231 ιὶιε,
1532 5167 1782 5235 populum
1826 5169 2116 5222 adhortans
2161 5179 2218 5222 ut
2253 5172 2309 5222 in
2353 5187 2472 5223 eum
2517 5173 2607 5240 qui
2654 5181 2765 5239 post
2793 5172 2963 5239 ipsum
3067 5185 3285 5251 χάμενο

2749 5181 2765 5224 ε
2793 5172 2963 5239 ἱρειιηι
3067 5185 3326 5251 χύμενον
3345 5181 3474 5250 μετ’
3499 5182 3706 5246 αὑτὸν,
3741 5182 3841 5235 ἵνα
3875 5183 4268 5248 πιστεύσωσί,
4318 5182 4642 5238 τουτέστιν

1391 5269 1638 5313 venturus
1680 5269 1815 5314 esset
1866 5263 2155 5328 crederent,
2201 5264 2298 5316 hoc
2341 5273 2417 5315 est
2460 5264 2515 5316 in
2555 5262 2818 5317 Christum
2872 5262 2962 5317 Je-

1393 5368 1529 5404 sum.

1472 5442 1629 5496 Vens.
1666 5443 1721 5498 5.
1761 5442 1964 5507 Quibus
1989 5445 2209 5507 auditis,
2239 5445 2632 5512 baptizatisunt
2685 5447 2740 5498 in
2776 5461 2963 5498 nomen

1396 5535 1608 5586 Domini
1629 5533 1662 5587 J
1667 5552 1774 5589 esu.

3064 5275 3152 5339 είς
3177 5274 3284 5327 τὸν
3304 5275 3562 5340 Χριστὸν
3591 5272 3857 5338 Ἰησοῦν.

3138 5437 3189 5489 5.
3221 5434 3616 5498 Ἀκούσαντες
3645 5432 3713 5484 δὲ
3731 5432 4179 5500 ἐϐαπτίσθησαν
4207 5438 4293 5501 εις
4350 5437 4415 5489 τὸ
4445 5436 4643 5506 ὁνομα

3069 5527 3175 5580 τοῦ
3207 5528 3428 5594 Κυρίου
3459 5523 3684 5592 Ἰησοῦ.

2568 5647 2769 5707 Varite
2792 5643 3098 5706 lectiones
3141 5646 3203 5702 et
3246 5646 3437 5701 noue.

1470 5747 1516 5817 ‘_"
1543 5748 1628 5800 ιον.
1663 5747 1875 5803 τούτου.
1984 5749 2029 5782 ⁸³
2054 5751 2140 5802 ισ.
2170 5747 2266 5817 τῷ.
2379 5751 2422 5783 ⁸⁸
2457 5752 2541 5803 Io‘.
2575 5750 2824 5808 εὐτόνως.

2924 5747 2969 5778 ⁸⁸
2998 5748 3084 5799 ἷσ.
3119 5742 3216 5812 τῷ,
3255 5755 3304 5796 et
3329 5741 3693 5797 ἐπεδείκνυτο.

3799 5741 3840 5772 ³¹
3878 5737 3946 5794 In
3975 5737 4202 5808 vulgatis
4227 5747 4324 5805 est,
4359 5736 4637 5795 ’Δπολλῶ.

1399 5817 1444 5848 ⁵¹
1475 5815 1536 5870 In
1569 5819 1792 5888 vulgatis
1840 5827 1934 5885 est,
1965 5812 2267 5889 ἀνωτερωιὰ
2299 5820 2459 5890 μέρη.
2534 5820 2579 5853 ⁵³
2606 5819 2668 5873 In
2700 5818 2948 5888 vulgatis,
2978 5812 3098 5870 εἷπε
3122 5815 3200 5869 δέ.
