4794 6454
235 420 333 482 761

301 538 461 635 ‘A_.1.l’
490 540 636 635 οὐδὲ
663 547 714 598 ει
750 550 991 619 Πνεῦμα
1014 552 1186 621 ἅγιον
1219 555 1412 611 ἔστιν.
1450 557 1634 629 Πολλῷ
1659 555 1805 615 οὗτοι
1836 570 1882 626 Α
1981 574 2048 627 At
2076 594 2168 631 nec
2198 599 2268 635 αη

227 627 455 680 ὲκεὲνων
486 631 863 701 διεστήκασιν,
892 642 941 693 οἱ
978 644 1109 713 μηδὲ
1140 646 1364 716 Πνεῦμα
1391 648 1548 715 ἅγιον
1581 627 1630 702 ενι
1658 652 1804 707 ἔστιν

226 717 451 782 ειδότες.
482 722 629 790 ’θτι,
663 727 773 799 γὰρ
796 730 917 784 οὐδὲ
944 734 1021 796 ei;
1049 736 1283 805 Χριστὸν
1316 738 1625 807 ἐπίστευον,
1644 742 1804 809 δῆλον

224 809 287 861 ἐκ
314 813 414 865 τοῦ
453 817 631 871 εἰπεῖν
650 834 668 850 ’
705 822 810 888 Εἰς
846 826 955 878 τὸν
984 828 1313 896 ἐρχόμενον
1338 831 1465 898 μετ’
1495 834 1681 888 αὐτὸν
1703 837 1803 891 ἵνα

224 906 625 963 πιστεύσωσι.
675 912 789 967 Καὶ
820 914 921 969 οὐκ
946 912 1124 979 εἷπεν,
1155 920 1237 971 ὅτι
1258 920 1425 974 Οὐδέν
1452 923 1568 975 ἔστι
1596 926 1656 977 τδ
1707 926 1803 997 βά-

222 1009 437 1065 πτισμα
458 999 730 1069 Ἰωάννου,
758 1006 900 1073 ἀλλ’,
922 1010 1003 1062 ὅτι
1026 1010 1235 1075 ἀτελές.
1258 1013 1427 1067 Πόθεν
1448 1015 1503 1068 δὲ
1521 1017 1719 1071 ἐκεῖνοι
1744 1021 1803 1072 ὲν

223 1082 439 1155 Ἐφέσῳ
496 1088 653 1156 ὄντες
698 1094 759 1148 τὸ
794 1097 1078 1170 βάπτισμα
1116 1098 1261 1172 εἶχον
1311 1106 1602 1173 Ἰωάννους
1641 1110 1800 1173 Ἴσως

223 1175 581 1250 ἐπεδήμησαν
600 1186 713 1247 τοῖς
738 1187 1134 1262 Ἱεροσολύμοις
1152 1196 1272 1248 τότε
1301 1199 1396 1250 καὶ
1418 1198 1684 1266 ἀπῆλθον,
1704 1202 1798 1252 καὶ

219 1266 338 1319 οὐδὲ
372 1269 467 1321 τὸν
501 1274 711 1343 Ἰησοῦν
739 1279 1058 1346 ἠπίσταντο.
1092 1286 1165 1338 Οὐ
1194 1286 1346 1354 λέγει
1374 1288 1430 1340 δὲ
1450 1290 1656 1357 αὐτοῖς,
1700 1292 1798 1345 Πι-

220 1360 437 1415 στεύετε
465 1365 546 1427 εἰς
577 1368 668 1419 τὸν
699 1369 900 1439 Ἰησοῦν
931 1389 947 1437 ;
979 1373 1114 1427 ἀλλά
1143 1377 1193 1428 τί
1230 1394 1244 1444 ;
1279 1381 1344 1431 El
1370 1376 1609 1449 Πνεῦμα
1630 1380 1800 1450 ἅγιον

216 1452 466 1544 έλᾴόετε
486 1462 938 1531 πιστεύσαντες
957 1482 976 1529 ;
996 1469 1151 1539 ᾟδει
1204 1471 1286 1523 ὅτι
1340 1472 1438 1524 οὐκ
1468 1473 1634 1544 εἶχον,
1664 1476 1799 1529 ἀλλὰ

221 1541 473 1609 βούλεται
519 1550 704 1613 αὐτοῖς
728 1555 923 1623 εἰπεῖν,
954 1557 1041 1611 ἵνα
1099 1560 1365 1630 μαθόντες
1427 1541 1793 1619 ὧνηάπεστέ-

221 1651 438 1705 ρηνται,
468 1641 781 1713 αἰτήσωσιν.

281 1845 388 1898 Καὶ
444 1846 757 1917 ἐπιθέντος
816 1854 1019 1920 αὐτοῖς
1076 1858 1182 1913 τοῦ
1236 1860 1482 1915 Παύλου
1511 1860 1617 1927 τὰς
1662 1861 1789 1929 χεῖ-

209 1950 339 1999 ρας.
372 1932 528 2005 ἦλθε
560 1943 623 1994 τὸ
657 1943 901 2013 Πνεῦμα
929 1947 996 1998 τὸ
1027 1948 1199 2016 ἅγιον
1228 1952 1321 2003 ἐπ’
1365 1954 1587 2018 αὐτούς
1609 1967 1622 1980 ·
1651 1952 1792 2006 ἐλὰο

215 2027 366 2077 λουν
385 2044 454 2081 τε
479 2031 807 2101 γλώσσαις,
842 2038 936 2089 καὶ
954 2040 1381 2107 προεφήτευον.

282 2110 479 2169 Ἦσαν
508 2118 578 2171 δὲ
605 2123 661 2173 cl
686 2122 930 2191 πάντες,
979 2126 1196 2196 ἄνδρες
1237 2131 1379 2186 ὡσεὶ
1445 2136 1722 2197 δεκαδύο.

281 2298 394 2369 Οὐχ
425 2302 617 2371 ἐώρων
643 2305 703 2358 τὸ
733 2307 992 2377 Πνεῦμα·
1022 2311 1253 2382 ἀόρατον
1294 2316 1401 2387 γάρ
1456 2321 1604 2375 ἐστιν
1623 2339 1638 2354 ·
1702 2325 1790 2378 αἱ·

220 2390 411 2459 σθητὸν
453 2393 512 2445 δέ
541 2412 661 2448 τινα
685 2396 906 2466 ἔλεγχον
931 2400 1100 2455 ἐδίδου
1131 2404 1227 2471 τῆς
1263 2408 1544 2477 ἐνεργείας
1571 2414 1786 2488 ἐκείνης

216 2482 246 2549 ἠ
282 2484 458 2552 χάρις.
490 2487 600 2539 Καὶ
633 2488 660 2539 ὁ
694 2489 794 2557 μὲν
823 2494 890 2561 τῇ
929 2494 1171 2562 Περσῶν,
1203 2499 1229 2549 ὁ
1260 2498 1319 2551 δὲ
1347 2504 1413 2571 τῇ
1467 2482 1775 2572 Ῥωμαίων,

214 2576 239 2624 6
264 2574 315 2625 δὲ
339 2575 508 2647 ἑτέρᾳ
539 2579 837 2662 ἐφθέγγετο
863 2583 1086 2653 γλώσσῃ
1105 2601 1118 2614 ·
1157 2588 1253 2641 καὶ
1277 2589 1453 2660 τούτῳ
1483 2594 1781 2665 ἐφανεροῦ-

214 2680 270 2715 το
299 2665 359 2717 τὸ
393 2666 598 2730 ἔξωθεν
628 2670 696 2737 ⁸⁸,
742 2670 824 2723 ὅτι
873 2674 933 2726 τὸ
998 2676 1223 2748 ι]νεῦμά
1255 2681 1405 2733 ἐστιν
1446 2684 1507 2736 ἐν
1552 2686 1701 2757 αὑτῷ
1727 2688 1787 2740 τὸ

218 2755 606 2828 φθεγγόμενον.

277 2942 585 2998 Εισελθὼν
645 2946 714 2998 δὲ
771 2949 856 3013 εἰς
910 2949 1025 3017 τὴν
1083 2957 1467 3027 συναγωγὴν,
1528 2962 1781 3031 suam”.

222 3032 443 3093 σιάζετο
470 3036 573 3089 ἐπὶ
600 3037 803 3105 μῆνας
831 3042 1008 3107 τρεῖς,
1032 3042 1461 3117 διαλεγόμενος
1514 3054 1613 3106 καὶ
1654 3056 1786 3108 πεί-

217 3127 325 3175 θων
358 3126 431 3179 τὰ
472 3128 610 3195 περὶ
638 3128 748 3194 τῆς
771 3131 1094 3200 βασίλειἀς
1124 3136 1229 3189 τοῦ
1260 3141 1431 3196 Θεοῦ.

950 435 1354 499 EXPOSITIO
1386 442 1466 502 IN
1510 445 1696 504 ACTA
1731 449 2305 528 APOSTOLORUM.
2338 493 2387 503 -
2442 473 2598 536 CAP.
2644 480 2801 541 XIX.

3369 476 3476 543 762

2297 586 2365 637 sit
2385 589 2593 656 quidem
2629 589 2859 660 Spiritus
2883 604 3123 660 sanctus,
3163 607 3270 651 etc.
3330 596 3471 650 Mul-

1907 674 2017 757 tum
2057 672 2125 724 ab
2154 674 2255 728 illis
2280 677 2332 731 bi
2364 680 2640 745 diﬂerunt,
2680 685 2771 753 qui
2829 702 2931 742 nec
2958 702 3026 741 an
3072 695 3219 743 esset
3255 688 3471 757 quidem

1905 756 2143 828 Spiritus
2170 780 2392 825 sanctus
2425 784 2718 839 noverant.
2747 775 2883 832 Nam
2925 794 3028 833 nec
3084 781 3138 832 in
3193 778 3471 835 Christum

1902 858 2120 924 quidem
2151 857 2317 932 [illos]
2341 865 2657 933 credidisse,
2710 868 2881 939 liquet
2906 886 2970 925 ex
3013 887 3079 926 eo
3108 871 3253 940 quod
3279 870 3416 925 dixit
3456 886 3471 923 :

1906 947 1965 1002 Ut
1988 950 2041 1002 in
2078 966 2217 1015 eum,
2236 955 2327 1021 qui
2369 964 2485 1021 post
2537 959 2707 1025 ipsum
2735 968 2983 1012 venturus
3007 970 3158 1021 esset,
3180 968 3468 1014 crederent.

1899 1037 1977 1091 Ac
2002 1054 2111 1094 non
2144 1032 2293 1098 dixit.
2322 1045 2530 1099 nullum
2561 1062 2683 1104 esse
2744 1048 3014 1119 baptisma
3093 1049 3343 1112 Joannis,
3372 1051 3468 1108 sed

1900 1142 2020 1183 esse
2052 1130 2450 1209 imperlectum.
2484 1135 2589 1191 Sed
2616 1141 2759 1194 unde
2784 1140 2883 1200 illi.
2937 1139 3027 1211 qui
3060 1140 3256 1209 Ephesi
3288 1151 3466 1204 erant,

1899 1218 2163 1289 baptisma
2192 1224 2417 1281 Joannis
2445 1228 2757 1284 habebant?
2790 1230 3040 1287 Forsitan
3082 1229 3469 1300 Hierosolymis

1897 1320 2055 1365 erant
2084 1317 2403 1385 peregrinati
2438 1328 2569 1375 tunc
2596 1330 2651 1376 et
2684 1320 2987 1385 abiverant,
3014 1337 3079 1377 ac
3130 1336 3232 1375 nec
3279 1320 3465 1376 Iesum

1896 1406 2112 1473 quidem
2143 1420 2424 1464 noverant.
2456 1412 2573 1465 Non
2595 1412 2731 1467 dicit
2774 1425 2953 1467 autem
2986 1414 3113 1478 illis,
3144 1413 3360 1469 Credite
3411 1413 3463 1464 in

1894 1497 2119 1552 Iesum?
2153 1500 2248 1554 sed
2279 1502 2447 1570 quid?
2480 1503 2558 1555 Au
2589 1502 2845 1572 Spiritum
2875 1512 3123 1558 sanctum
3183 1501 3466 1572 accepistis

1895 1606 1961 1644 ex
1982 1608 2083 1661 quo
2110 1593 2447 1648 credidistis?
2477 1593 2818 1650 Noverateos
2840 1611 2950 1651 non
2976 1596 3174 1650 habere
3200 1594 3462 1665 Spiritum

1896 1691 2169 1747 sanctum,
2203 1686 2295 1740 sed
2325 1688 2440 1741 vult
2470 1688 2551 1742 eis
2585 1687 2786 1752 dicere,
2821 1697 2880 1743 ut
2906 1688 3139 1744 scientes
3160 1688 3355 1757 quibus
3384 1702 3466 1740 re—

1897 1773 1998 1828 bus
2025 1786 2264 1839 careant,
2299 1788 2505 1846 petant.

1964 1864 2126 1922 Vens.
2167 1868 2222 1922 6.
2254 1870 2459 1923 Etcum
2506 1870 2705 1927 Paulus
2742 1888 2929 1925 manus
2963 1872 3036 1925 eis
3109 1871 3462 1939 imposuisset,

1898 1960 2031 2011 venit
2062 1957 2290 2027 Spiritus
2320 1974 2536 2016 sanctus
2565 1981 2718 2032 super
2746 1956 2963 2019 illos:et
2983 1965 3327 2033 loquebantur
3361 1965 3465 2017 lin-

1895 2049 2030 2117 guis.
2062 2059 2108 2102 et
2143 2052 2541 2119 prophetabant.

1966 2142 2129 2196 Vsus.
2191 2143 2241 2198 7.
2269 2143 2436 2198 Erant
2468 2156 2646 2199 autent
2701 2147 2914 2201 omnino
2962 2148 3062 2202 viri
3112 2149 3219 2219 fere
3271 2147 3466 2201 duode-

1893 2231 2017 2284 cim.
3245 2252 3249 2261 '

1962 2327 2080 2381 Non
2116 2329 2375 2385 videbant
2400 2330 2686 2401 Spiritum.
2721 2330 2903 2387 Vidcri
2934 2332 3081 2386 enim
3115 2348 3225 2386 non
3260 2341 3460 2402 potest,

1892 2418 1984 2471 sed
2036 2420 2206 2487 gratia
2234 2420 2379 2474 illius
2402 2422 2735 2489 operationis
2781 2433 3160 2494 argumentum
3189 2424 3457 2493 quoddam

1890 2518 1945 2562 et
1990 2511 2202 2579 signum
2230 2512 2402 2577 dedit,
2441 2515 2584 2583 quod
2608 2530 2769 2568 sensu
2823 2516 3024 2584 percipi
3056 2524 3255 2583 posset.
3283 2516 3460 2584 Atque

1886 2603 2026 2657 alius
2052 2605 2270 2672 quidem
2310 2606 2490 2676 lingua
2514 2604 2825 2672 Persarum,
2881 2608 3019 2661 alius
3062 2608 3457 2668 Romanorum,

1887 2694 2026 2748 alius
2055 2696 2157 2749 alia
2200 2696 2381 2768 lingua
2417 2698 2779 2767 loquebantur
2808 2714 2827 2752 :
2856 2707 3026 2767 atque.
3083 2698 3189 2752 hoc
3218 2699 3460 2753 declara-

1888 2786 2048 2840 batur
2078 2789 2233 2858 signo
2257 2798 2505 2856 externo,
2541 2805 2739 2861 nempe
2782 2788 3049 2861 Spiritum
3073 2804 3195 2843 esse
3252 2789 3343 2858 qui
3380 2792 3459 2843 lo-

1884 2880 2152 2947 quebatur
2178 2880 2231 2932 in
2270 2881 2407 2945 ipso.

1960 2970 2118 3041 1M
2140 2969 2302 3026 Vens.
2341 2974 2392 3026 8.
2420 2973 2692 3044 Ingressus
2721 2984 2898 3028 autem
2930 2972 2984 3027 in
3035 2990 3357 3044 synagogam
3390 2974 3455 3025 li-

1885 3062 1999 3115 bere
2026 3063 2334 3132 loquebatur
2369 3066 2439 3119 ad
2470 3085 2667 3121 menses
2689 3078 2814 3132 tres,
2863 3068 3118 3121 disserens
3152 3082 3216 3118 ac
3233 3066 3457 3119 suadens

1884 3171 1968 3217 ea,
2001 3172 2118 3224 qua:
2145 3159 2403 3225 pertinent
2436 3160 2504 3212 ad
2536 3177 2750 3230 regnum
2787 3160 2901 3213 Dei.

278 3216 339 3267 Τί
404 3218 606 3320 ianva
635 3220 1131 3287 Ἐπαρῤησιάζετο
1158 3243 1177 3290 ;
1210 3229 1352 3298 Πρὸς
1404 3233 1685 3298 κινδύνους
1714 3232 1781 3307 ἦν
1809 3237 1853 3295 C
1956 3216 2095 3309 Quid

1561 3252 1685 3298 νους
1714 3232 1781 3307 ἦν
1809 3237 1853 3295 c
1956 3216 2095 3309 qua
2126 3216 2209 3300 est
2238 3250 2383 3315 quod
2411 3249 2563 3314 dicit,
2593 3216 2778 3303 iam
2814 3251 3159 3320 loquebatur?
3189 3254 3454 3309 Periculis

216 3308 698 3374 παρατεταγμένος
722 3325 735 3337 ·
764 3310 795 3377 ἦ
827 3313 920 3363 καὶ
947 3315 1328 3385 φανερώτερον
1381 3320 1675 3388 διελέγετο,
1719 3326 1780 3378 οὐ

219 3397 514 3460 ouantiva
568 3400 637 3450 τὰ
689 3399 953 3466 δόγματα.
1007 3404 1150 3476 Ὅρα
1183 3406 1240 3459 δὲ
1272 3412 1552 3481 πανταχοῦ
1587 3415 1781 3467 ἑαυτὸν

215 3486 531 3539 εἰσωθοῦντα
564 3490 608 3520 ⁸⁸
636 3490 719 3553 el;
746 3492 845 3554 τὰς
883 3499 1233 3565 συναγωγὰς,
1290 3502 1384 3552 καὶ
1408 3500 1580 3565 οὕτως
1605 3505 1778 3569 ἐξιόν-

216 3593 291 3632 τα.
318 3578 606 3652 Πανταχοῦ
636 3587 745 3655 γὰρ
774 3587 903 3657 παρ’
922 3588 1101 3641 αὐτῶν
1132 3588 1383 3644 ἐϐούλετο
1406 3590 1588 3647 λαϐεῖν
1613 3595 1781 3668 ἀφορ-

221 3685 335 3736 μας.

288 3781 381 3845 Ὠς
434 3781 507 3835 δέ
564 3800 720 3849 τινες
779 3786 1233 3857 ἐσκληρύνοντο
1306 3794 1402 3847 καὶ
1461 3798 1776 3863 ἠπείθουν,

218 3874 687 3941 κακολογοῦντες
718 3876 834 3943 τήν
863 3878 1007 3933 ὁδὸν
1032 3882 1292 3937 ἐνώπιον
1330 3886 1436 3941 τοῦ
1466 3891 1741 3956 πλήθους
1759 3907 1774 3924 ·

216 3962 471 4029 ἀποστὰς
498 3965 603 4017 ἀπ’
631 3965 830 4019 αὐτῶν
853 3968 1114 4036 ἀφώρισε
1147 3974 1290 4040 τοὺς
1311 3979 1604 4045 μαθητὰς,
1628 3986 1772 4036 καθ-

214 4057 422 4116 ημέραν
479 4053 909 4123 διαλεγόμενος
956 4059 1027 4111 ἐν
1081 4059 1158 4128 τῇ
1215 4063 1418 4132 σχολῇ
1473 4069 1775 4134 τυράννου

218 4143 381 4205 τινός.

284 4232 456 4288 Τοῦτο
524 4234 596 4288 δὲ
648 4237 885 4306 ἐγένετο
914 4241 1013 4295 ἐπὶ
1068 4242 1171 4310 ἐτη
1223 4243 1356 4309 δύο,
1407 4245 1564 4300 ὥστε
1626 4250 1775 4303 πάν-

219 4336 312 4387 τας
360 4325 503 4390 τοὺς
540 4329 970 4399 κατοικοῦντας
992 4332 1106 4400 τὴν
1157 4336 1358 4390 Ἀσίαν
1393 4337 1651 4393 ἀκοῦσαι
1673 4344 1777 4397 τὸν

228 4414 396 4481 λόγον
450 4417 562 4471 τοῦ
614 4421 835 4489 Κυιίου
892 4423 1117 4492 Ἰησοῦ,
1184 4425 1520 4493 Ἰουδαίους
1564 4448 1627 4483 τε
1673 4435 1773 4488 καὶ

221 4504 538 4576 Ἕλληνας.

279 4601 763 4671 Κακολογοῦντες
813 4605 927 4674 τὴν
974 4608 1140 4665 ὀδόν.
1172 4613 1247 4667 Ἢ
1294 4617 1412 4670 ὁδὸν
1472 4620 1622 4687 λέγει
1678 4622 1773 4675 τὸν

222 4686 455 4782 ξριστὺν,
484 4692 548 4754 ὃς
605 4695 702 4745 καὶ
756 4694 872 4759 ὁδὸς
928 4700 1208 4756 καλεῖται’
1269 4708 1447 4778 ῆόδὺν
1484 4686 1631 4780 λέγει
1670 4713 1771 4782 τὴν

220 4779 373 4852 ἀληθῆ
406 4785 617 4851 πίστιν,
662 4786 763 4856 τὴν
793 4787 880 4841 διὰ
933 4790 1029 4843 τοῦ
1066 4793 1280 4849 Παύλου
1334 4779 1774 4872 καταγγελλομέ-

223 4887 324 4939 νην.
363 4875 435 4927 Τὸ
486 4876 567 4940 δὲ,
621 4877 911 4947 ’Δφώρισε
969 4884 1112 4952 τοὺς
1169 4890 1462 4958 μαθητὰς,
1520 4894 1769 4947 παιδεύει

227 4966 538 5033 χωρίζεσθαι
560 4969 670 5022 ἀπὸ
720 4971 831 5026 τῶν
879 4972 1353 5047 βλασφημούντων
1380 4983 1472 5036 τὸν
1497 4985 1621 5039 Υἱὸν
1671 4986 1768 5039 τοῦ

220 5049 337 5104 Θεοῦ
360 5057 483 5119 τοὺς
520 5059 602 5121 εις
632 5059 796 5113 αὑτὸν
837 5065 1265 5132 πιστεύσαντας.

278 5132 559 5214 Δυνάμεις
599 5148 670 5202 δὲ
694 5150 743 5183 ⁸⁸
810 5154 883 5207 ού
934 5157 1044 5221 τὰς
1114 5160 1423 5228 τυχούσας
1497 5163 1684 5218 ἐποίει
1730 5166 1765 5219 ὁ

224 5235 349 5300 Θεὸς
370 5238 465 5291 διὰ
503 5239 625 5293 τῶν
651 5244 865 5311 χειρῶν
896 5250 1141 5305 Παύλου
1161 5267 1175 5282 ⁶

281 5326 449 5383 Ὥστε
493 5333 597 5386 καὶ
652 5334 750 5387 ἐπὶ
802 5338 945 5405 τοὺς
1002 5341 1416 5410 ἀσθενοῦντας
1483 5347 1758 5414 ἐπιφέρε-

223 5418 342 5471 σθαι
386 5421 503 5476 ἁπὸ
554 5424 661 5479 τοῦ
710 5429 935 5496 χρωτὸς
951 5432 1133 5500 αὐτὸς
1183 5435 1497 5504 σουδάρια,
1529 5437 1567 5503 ἢ
1613 5453 1763 5506 σιμι-

1883 3349 2003 3389 sese
2052 3339 2408 3405 Opponehat:
2465 3349 2560 3393 aut
2608 3340 2771 3393 etiam
2838 3344 3079 3411 apertius
3129 3343 3451 3405 disserebat,

1880 3442 1990 3481 non
2016 3429 2205 3481 umbra
2240 3431 2539 3485 sententias
2587 3431 2904 3487 obvolveus.
2938 3434 3328 3490 Animadverte
3354 3452 3453 3489 au-

1882 3527 1989 3572 tem
2023 3519 2171 3572 illum
2194 3521 2393 3589 ubique
2416 3537 2537 3576 sese
2563 3523 2615 3576 iu
2647 3539 2945 3595 synagogas
2965 3526 3263 3590 intrudere,
3292 3537 3455 3596 atque

1881 3612 1953 3665 ita
1982 3613 2187 3680 egredi.
2232 3613 2441 3682 Ubique
2472 3616 2616 3669 enim
2642 3618 2711 3670 ab
2746 3617 2853 3671 illis
2875 3633 3091 3673 sumere
3119 3619 3333 3673 volebat
3356 3635 3453 3673 oc-

1880 3702 2147 3757 casiones.

1952 3795 2111 3849 Vsus.
2138 3797 2190 3851 9.
2226 3796 2330 3851 Sed
2370 3807 2426 3849 ut
2473 3798 2713 3851 nonnulli
2743 3799 3171 3865 obdurescebant,
3217 3810 3264 3853 ct
3294 3802 3450 3869 ﬁdem

1879 3903 1980 3939 non
2011 3887 2289 3953 habebant,
2316 3890 2670 3956 vituperantes
2701 3891 2840 3943 uiam
2870 3889 3010 3958 apud
3036 3890 3447 3949 multitudinem.

1878 3978 2143 4044 digressus
2173 3979 2235 4032 ab
2275 3980 2384 4033 illis
2427 3982 2718 4051 segregavit
2747 3982 3058 4052 discipulos,
3086 3983 3320 4052 quotidie
3340 3983 3445 4036 dis-

1875 4084 2049 4121 serens
2076 4070 2131 4121 in
2154 4070 2328 4122 schola
2355 4073 2562 4139 tyranni
2591 4072 2883 4138 cuiusdam.

1948 4254 2107 4310 Vens.
2148 4256 2233 4311 10.
2268 4258 2434 4326 Atque
2476 4258 2572 4310 Itoc
2619 4260 2814 4327 factum
2857 4267 2933 4313 est
2958 4273 3120 4327 usque
3170 4262 3240 4313 ad
3282 4271 3449 4311 annos

1876 4350 2025 4411 duos,
2052 4361 2107 4401 ut
2139 4366 2314 4402 omnes
2344 4351 2433 4418 qui
2464 4350 2643 4402 Asiam
2673 4351 2991 4415 incolebant,
3049 4352 3293 4404 audirent
3334 4366 3450 4403 uer-

1877 4439 1997 4491 bum
2032 4438 2240 4491 Domini
2268 4436 2421 4501 Jesu,
2443 4437 2617 4493 ludtci
2643 4450 2691 4494 et
2723 4437 2918 4494 Graeci.

1953 4617 2319 4687 Vituperantes
2350 4622 2510 4674 viam.
2551 4621 2658 4673 Aut
2684 4619 2827 4674 viam
2849 4618 2982 4673 dicit
3015 4618 3319 4681 Christum,
3349 4618 3441 4686 qui

1877 4712 2042 4766 etiam
2077 4712 2160 4765 via
2192 4721 2417 4767 vocatur
2452 4728 2467 4766 :
2505 4721 2600 4766 aut
2628 4728 2730 4782 per
2767 4712 2909 4765 viam
2961 4709 3231 4781 signiﬁcat
3259 4724 3443 4762 veram

1878 4801 2058 4866 ﬁdem,
2094 4818 2214 4869 quae
2246 4818 2341 4871 per
2370 4801 2598 4856 Paulum
2648 4802 3096 4856 annuntiabatur.
3151 4799 3307 4865 Quod
3350 4814 3447 4852 au-

1879 4899 1984 4944 tem
2014 4891 2165 4954 dicit,
2199 4889 2497 4961 Segregaoit
2543 4893 2844 4960 discipulos,
2876 4891 3037 4945 docet
3070 4905 3167 4946 eos
3201 4891 3294 4959 qui
3327 4906 3446 4943 cre-

1874 4982 2011 5036 dunt
2033 4982 2087 5036 iu
2118 4982 2290 5043 illum,
2355 4992 2413 5035 ut
2450 4982 2733 5037 discedant
2762 4983 2831 5037 ab
2860 4979 2950 5046 iis,
2983 4980 3077 5051 qui
3142 4979 3444 5035 maledictis

1874 5072 2075 5127 lazdunt
2097 5072 2432 5140 maiestatem
2462 5072 2582 5127 Filii
2611 5073 2728 5127 Dei.

1944 5162 2108 5218 Vsus.
2145 5164 2229 5218 li.
2280 5164 2509 5217 Virtutes
2558 5172 2731 5217 autem
2782 5163 2922 5216 haud
2963 5160 3202 5233 vulgares
3258 5160 3441 5215 edebat

1870 5254 2008 5308 Deus
2046 5271 2139 5324 per
2164 5270 2349 5309 manus
2376 5253 2557 5320 Pauli,

1938 5346 2099 5401 Vsus.
2135 5348 2218 5401 12.
2248 5348 2386 5400 Adeo
2428 5355 2483 5399 ut
2541 5347 2697 5400 etiam
2737 5351 2802 5400 de
2842 5360 3055 5413 corpore
3077 5342 3189 5413 ejus
3214 5345 3433 5398 sudaria

1868 5446 1959 5490 aut
1979 5437 2298 5491 semicinctia
2324 5434 2656 5505 deferrentur
2695 5445 2742 5489 et
2777 5436 3173 5503 imponerentur
3197 5432 3433 5514 atgrotis'

1356 5612 1552 5673 Variae
1591 5611 1896 5676 lectiones
1940 5619 2001 5675 et
2046 5618 2233 5676 notae.

284 5742 436 5823 "'i'o'.
491 5749 653 5804 τοῦτο
709 5750 786 5823 τῷ
839 5752 1059 5819 ἔξωθεν.

226 5806 455 5879 δυνάμεις
480 5834 563 5873 τε.

1183 5757 1227 5791 ⁵⁸
1260 5757 1607 5825 Εἰσοθοῦντα,
1658 5770 1794 5817 erat.

1905 5762 1950 5794 "
1996 5759 2061 5815 In
2110 5761 2465 5829 manuscripto
2500 5771 2599 5832 est,
2661 5762 2916 5833 δυναμεις
2950 5760 3043 5814 δέ*
3091 5763 3147 5816 in
3180 5762 3426 5834 vulgatis,
