4794 6454
1384 375 1491 438 763

1379 485 1528 537 etilli
1553 487 1742 540 morbis
1769 488 1844 541 ita
1878 486 2246 554 liberarentur,
2277 500 2328 543 et
2351 491 2567 559 spiritus
2590 488 2716 542 mali
2751 489 2950 542 exirent
2977 503 3024 562 Α
3055 486 3253 538 xlv-0m
3301 487 3343 518 "’
3385 502 3397 515 ·

1381 575 1447 626 ab
1472 575 1602 630 illis.

1457 758 1530 810 De
1555 773 1770 826 corpore
1793 758 1908 826 ejus
1935 759 2264 828 deferrentur
2291 768 2340 813 et
2384 760 2776 828 imponerentur
2797 760 2953 813 suda-

1383 849 1482 899 ria.
1527 846 1643 900 Non
1679 847 1841 901 modo
1871 856 2168 915 gestantem
2220 849 2536 918 tangebam,
2569 865 2752 901 verum
2784 851 2948 902 etiam

1380 946 1663 991 sumentes
1716 936 1978 1008 [sudaria]
2011 937 2378 1007 imponebant.
2437 940 2540 994 Sed
2579 941 2952 996 animadverte

1377 1027 1686 1082 Judzeornm
1721 1029 1888 1082 animi
1914 1028 2194 1082 duritiem.
2230 1030 2362 1082 Cmn
2410 1045 2476 1084 ex
2516 1031 2859 1085 vestimentis
2896 1031 2952 1086 il-

1377 1119 1556 1172 lorum
1587 1118 1845 1172 miracula
1876 1119 1963 1172 edi
2015 1120 2303 1182 vidissent,
2337 1137 2446 1175 non
2480 1123 2743 1177 curabant
2775 1139 2951 1192 neque

1377 1209 1757 1263 movebantur.
1789 1209 1922 1264 Nam
1961 1211 2327 1276 sudariorum,
2375 1212 2838 1268 semicinctiorum
2898 1223 2951 1267 et

1379 1300 1694 1353 nilibrarum
1736 1300 2131 1370 discipulorum
2158 1302 2314 1371 signa
2359 1304 2562 1373 majora
2613 1313 2760 1365 sunt.
2789 1322 2949 1374 quam

1377 1405 1438 1442 ea
1467 1405 1587 1458 qua:
1618 1390 1872 1446 Christus
1920 1391 2124 1446 elfecit.
2153 1392 2379 1447 Sudaria
2408 1405 2460 1448 et
2489 1395 2850 1460 semicinctio,
2889 1397 2953 1449 li-

1377 1494 1479 1532 nea
1511 1487 1638 1534 sunt
1668 1489 1915 1550 utraque,
1949 1482 2042 1536 sed
2068 1483 2283 1538 sudaria
2321 1485 2539 1554 quidem
2579 1486 2738 1557 capiti
2780 1487 2952 1558 impo-

1376 1579 1606 1634 nuntur,
1658 1573 1995 1627 semicinctia
2051 1575 2258 1628 veroin
2305 1577 2559 1631 manibus
2594 1587 2803 1639 tenent,
2860 1581 2951 1648 qui

1377 1677 1484 1715 non
1518 1672 1744 1730 possunt
1766 1665 1981 1718 sudaria
2011 1675 2243 1735 gestare,
2267 1668 2453 1736 quales
2483 1671 2717 1738 suntqui
2743 1678 2955 1739 gestant

1375 1756 1692 1809 consulares
1723 1757 1908 1818 stolas,
1958 1767 2016 1810 ut
2044 1760 2355 1828 abstergant
2381 1761 2638 1816 humores
2694 1761 2868 1822 faciei,
2897 1772 2955 1817 ut

1377 1846 1625 1911 sudores,
1652 1846 1895 1911 salivam,
1919 1847 2184 1917 lacrymas
2215 1859 2267 1903 et
2301 1850 2529 1919 reliqua.

1446 2020 1610 2075 Vens.
1652 2023 1736 2076 13.
1774 2022 2015 2091 Aggressi
2053 2033 2173 2075 sunt
2200 2032 2375 2075 autem
2404 2023 2618 2092 quidam
2657 2039 2721 2076 ex
2757 2025 2838 2088 iis,
2873 2025 2960 2092 qui

1375 2112 1718 2165 obambulare
1746 2112 1979 2165 solebant
2014 2111 2214 2165 Judo'is
2257 2113 2546 2175 exorcistis,
2586 2112 2640 2164 id
2697 2122 2771 2165 est
2801 2113 2958 2181 adju-

1376 2205 1658 2266 ratoribus,
1687 2203 1957 2273 appellare
1973 2219 2129 2269 super
2147 2219 2232 2255 eos
2264 2204 2353 2271 qui
2380 2204 2532 2256 malis
2547 2205 2816 2272 spiritibus
2843 2219 2959 2255 cor-

1376 2298 1509 2362 repti
1537 2305 1709 2356 erant.
1745 2313 1930 2349 nomen
1968 2293 2346 2356 Dominilesu,
2390 2297 2620 2349 dicentes
2655 2313 2674 2349 :
2722 2296 2957 2363 Adjura-

1377 2401 1491 2437 mus
1521 2401 1608 2438 vos
1632 2401 1724 2452 per
1751 2383 1957 2452 Iesum,
1987 2401 2140 2454 quem
2170 2384 2373 2438 Paulus
2393 2387 2668 2454 pra'dicat.

1442 2477 1681 2531 Credere
1707 2477 1925 2546 quidem
1956 2478 2041 2531 isti
2099 2478 2386 2542 nolebant,
2459 2479 2552 2532 sed
2613 2493 2709 2546 per
2759 2491 2957 2531 nomen

1377 2567 1749 2622 DmniniJesu
1814 2569 2092 2623 daemonas
2147 2571 2344 2638 ejicere
2377 2570 2650 2624 volebant.
2710 2569 2963 2623 Indicant

1376 2661 1520 2712 enim
1547 2661 1710 2714 verba
1759 2659 2039 2728 scriptoris
2065 2661 2183 2716 illos
2218 2662 2536 2724 exorcistas,
2577 2677 2689 2716 non
2721 2670 2781 2715 ut
2842 2676 2961 2714 cre-

1375 2747 1567 2802 dentas
1592 2749 1739 2813 Jesn,
1770 2749 1862 2802 sed
1897 2758 2240 2804 iit-tentantes
2282 2759 2334 2804 ct
2355 2750 2654 2820 periculum
2676 2749 2958 2812 iacientes,

1379 2837 1537 2908 145
1558 2853 1653 2906 per
1672 2854 1867 2890 nomen
1896 2837 2102 2892 Domini
2124 2839 2290 2893 nostri
2315 2839 2439 2892 .Iesu
2463 2839 2662 2893 Christi
2680 2839 2962 2906 adjurassc

1376 2931 1600 2999 spiritus
1630 2932 1893 3000 impuros.
1926 2931 2079 2997 Quod
2113 2933 2274 3002 igitur
2297 2933 2448 2995 dicit,
2477 2932 2870 3000 ἐπεχείρησαν,
2907 2931 2960 2985 id

1376 3030 1553 3084 sonat,
1586 3021 1637 3072 in
1688 3037 1882 3076 manus
1933 3017 2302 3092 sumpserunt,
2346 3039 2536 3077 manus
2569 3023 2958 3088 adhibuerunt,

1379 3108 1482 3164 hoc
1514 3110 1799 3178 significat,
1860 3127 1967 3165 non
2000 3112 2118 3165 illos
2162 3113 2381 3180 quidem
2413 3114 2649 3168 conﬁsos
2697 3113 2867 3167 fuisse
2901 3130 2962 3167 se

2271 378 2850 440 THEOPIIYLACTI
2885 376 3294 437 BULGARI/E
3335 375 3681 434 ARCHIEP.

4506 370 4618 433 'iGi

3443 486 3540 538 καὶ
3587 484 4076 538 ἀπαλλάττεσθαι
4133 480 4233 535 ἀπ’
4282 482 4481 534 αὐτῶν
4517 487 4626 550 τὰς

3056 578 3301 641 νόσους,
3339 577 3409 629 τά
3428 593 3487 630 τε
3512 577 3821 644 πνεύματα
3879 576 3951 628 τὰ
3980 573 4214 640 πονηρὰ
4267 571 4625 640 ἐξέρχεσθαι

3054 669 3155 723 ἀπ’
3181 667 3401 722 αὐτῶν.

3125 759 3536 828 Ἑπιφέρεσοαι
3590 757 3840 813 ἀπὸτοῦ
3882 757 4109 826 χρωτὸς
4152 757 4339 810 αὑτοῦ
4405 754 4632 810 σουδὰο

3047 867 3166 917 pta.
3206 851 3338 920 Οὐχὶ
3370 851 3663 921 φοροῦντος
3698 850 3930 919 ἥπτοντο
3959 847 4144 914 μόνον,
4183 847 4319 900 ἀλλὰ
4366 848 4458 899 καὶ
4481 847 4629 914 λαμ-

3055 940 3308 1003 ϐάνοντες
3341 941 3683 995 ἐπετίθεσαν.
3722 941 3866 1009 Ὅρα
3894 937 3950 990 δὲ
3977 937 4236 1007 πώρωσιν
4279 937 4589 1006 Ἰουδαῖκήν
4617 953 4628 965 ·

3053 1034 3122 1088 τὰ
3158 1033 3353 1103 ἱμάτια
3398 1032 3582 1086 αὐτῶν
3644 1032 3846 1094 ἰδόντες
3894 1029 4242 1102 ἐνεργοῦντα,
4292 1029 4354 1081 οὐ
4406 1029 4630 1095 προσεῖ-

3055 1141 3171 1193 χον.
3205 1125 3285 1176 Τὰ
3306 1123 3413 1193 γὰρ
3474 1123 3582 1174 τῶν
3629 1120 3927 1190 σουδαρίων
3977 1120 4070 1173 καὶ
4131 1116 4476 1188 σιμικινθίων
4539 1117 4633 1169 καὶ

3056 1215 3165 1268 τῶν
3202 1214 3368 1268 σκιῶν
3417 1212 3526 1267 τῶν
3561 1211 3815 1283 μαθητῶν
3854 1209 4079 1280 σημεῖά,
4110 1211 4221 1262 είσι
4285 1209 4510 1279 μείζονα
4558 1202 4633 1257 ὧν

3055 1303 3083 1354 ὁ
3158 1304 3368 1373 Ἰησοῦς
3443 1303 3689 1374 ἐποίησε.
3773 1301 4038 1370 Σουδάρια
4130 1300 4224 1354 καὶ
4325 1297 4634 1368 σιμικίνθια

3055 1393 3286 1464 λινοειδῆ
3318 1396 3458 1447 είσιν
3506 1394 3794 1462 ἀμφότερα
3840 1409 3853 1422 δ
3887 1393 4026 1463 πλὴν
4081 1389 4150 1444 τὰ
4211 1389 4314 1460 μὲν
4374 1389 4639 1458 σουδάρια

3058 1485 3150 1537 ἐπὶ
3215 1484 3315 1554 τῆς
3377 1482 3622 1554 κεφαλῆς
3691 1482 4071 1535 ἐπιϐάλλεταιο
4149 1479 4216 1533 τὰ
4275 1479 4330 1532 δέ
4393 1476 4638 1548 σιμικίν-

3058 1576 3146 1629 θια
3229 1577 3288 1627 ἐν
3341 1578 3456 1638 ταῖς
3493 1575 3650 1645 χερσὶ
3724 1575 4060 1642 κατέχουσ.ν
4092 1574 4140 1626 οἱ
4193 1572 4270 1642 μὴ
4327 1570 4623 1640 δυνάμενοι

3059 1666 3271 1737 ώραρια
3289 1667 3334 1698 ⁵⁸
3355 1668 3580 1736 φορέσαι
3610 1681 3624 1697 ·
3669 1659 3771 1718 οἷοί
3801 1666 3938 1717 εἰσιν
3965 1663 4013 1716 οι
4045 1663 4337 1733 φοροῦντες
4361 1662 4640 1720 ὑπατικὰς

3065 1758 3280 1820 στολὰς,
3326 1759 3464 1826 πρὸς
3498 1757 3559 1810 τὸ
3599 1755 4008 1825 ἀπομάττεσθαι
4042 1755 4140 1819 τὰς
4168 1755 4479 1827 ὑγρότητας
4538 1751 4636 1805 τοῦ

2989 1858 3033 1916 ιι
3065 1845 3382 1914 προσώπου,
3415 1841 3530 1898 οἷον
3561 1846 3819 1916 ἱδρῶτας,
3851 1845 4104 1910 πτύελον,
4136 1844 4397 1916 δάκρυον,
4435 1845 4532 1896 καὶ
4565 1845 4640 1895 τὰ

3065 1934 3250 1988 λοιπά.

3135 2023 3585 2094 ἘπεχεΙρησαν
3647 2025 3714 2078 δέ
3773 2043 3932 2092 τινες
3985 2027 4103 2082 ἀπὸ
4165 2024 4283 2080 τῶν
4329 2041 4641 2095 περιερχο-

3057 2113 3258 2182 μένων
3285 2117 3593 2168 Ἰουδαίων
3616 2115 4001 2183 ἐξορκιστῶν,
4035 2114 4344 2186 ὀνομάζειν
4369 2115 4465 2169 ἐπὶ
4494 2115 4643 2180 τοὺς

3061 2205 3314 2271 ἔχοντας
3345 2205 3414 2257 τὰ
3439 2206 3748 2273 πνεύματα
3773 2205 3844 2258 τὰ
3893 2205 4126 2273 πονηρὰ
4177 2206 4243 2258 τὸ
4293 2206 4481 2273 ὄνομα
4527 2206 4642 2257 τοῦ

3063 2293 3287 2358 Κυρίου
3349 2291 3570 2359 Ἰησοῦ,
3605 2294 3888 2363 λέγοντες
3952 2291 4280 2364 Ὀρκίζόμεν
4329 2292 4484 2364 ὑμᾶς
4531 2295 4647 2346 τόν

3063 2382 3320 2448 Ἰησοῦν,
3349 2382 3422 2436 ζιν
3453 2384 3486 2438 ό
3523 2383 3759 2450 Παῦλος
3791 2386 4112 2452 κηρύσσει.

3136 2473 3434 2528 Πιστεῦσαι
3475 2475 3575 2542 μὲν
3615 2469 3762 2529 οῦτοι
3787 2476 3889 2527 οὐκ
3926 2475 4118 2546 ἤθελον
4151 2493 4165 2506 ο
4198 2475 4284 2528 δια
4313 2474 4368 2527 δὲ
4392 2473 4485 2527 τοῦ
4516 2473 4645 2526 ὀνό-

3066 2583 3234 2635 ματος
3262 2566 3455 2636 ἤθελον
3481 2566 3765 2620 ἐκϐάλλειν
3787 2566 4069 2636 δαίμονας.
4105 2565 4355 2618 Δείκνυσι
4385 2565 4494 2634 γὰρ
4544 2566 4648 2617 αὑ-

3074 2659 3264 2728 τοῦςή
3301 2659 3466 2723 λέξις,
3503 2659 3584 2711 ὅτι
3624 2659 3722 2728 οὐχ
3763 2661 3837 2720 ὼς
3871 2658 4223 2720 πιστεύοντες
4249 2657 4327 2727 τῷ
4347 2655 4526 2725 Ἰησοῦ
4593 2659 4646 2707 οἱ

3062 2745 3374 2816 ἐξορκισταὶ
3430 2746 3719 2819 ἐξώρκιζον
3772 2749 3840 2799 τὰ
3901 2748 4186 2817 ἀκάθαρτα
4238 2746 4525 2814 πνεύματα
4567 2745 4650 2811 τῷ

3061 2841 3289 2909 ὀνόματι
3333 2838 3429 2891 τοῦ
3456 2839 3662 2908 Κυρίου
3695 2839 3853 2908 ἡμῶν
3879 2838 4056 2908 Ἰησοῦ
4103 2839 4363 2910 Χριστοῦ,
4416 2839 4530 2890 ἀλλ’
4570 2838 4651 2898 ὡς

3063 2931 3437 3001 πειράζοντες.
3476 2931 3548 2984 Τὸ
3599 2929 3713 2994 οὖν,
3786 2931 4236 3000 Ἐπεχείρησαν,
4286 2929 4444 2982 τοῦτο
4493 2929 4654 2996 δηλοῖ

3061 3024 3144 3075 ὅτι
3191 3024 3291 3092 οῦκ
3320 3022 3588 3093 ἐθάρρουν
3635 3022 3754 3092 μὲν,
3789 3021 3927 3091 πλὴν
3975 3021 4270 3074 ἐπέϐαλλον
4311 3021 4411 3082 τὰς
4454 3022 4652 3089 χεῖρας

3063 3114 3209 3173 ὅπως
3238 3112 3625 3175 ἐπιτεύξωνται
3650 3112 3743 3163 τοῦ
3787 3110 4014 3164 σκοποῦ.
4049 3111 4138 3163 Διὸ
4193 3111 4287 3163 καὶ
4316 3113 4413 3180 τῆς
4440 3127 4655 3179 προπε-

1377 3201 1671 3255 cll'ectnros
1717 3201 1860 3272 quod
1935 3203 2365 3270 conababantnr,
2423 3204 2518 3258 sed
2581 3221 2772 3259 manus
2829 3198 3032 3274 inje-C
3065 3207 3215 3269 τείας
3268 3231 3270 3239 ·

2220 3213 2365 3270 ntnr,
2423 3204 2518 3258 sed
2581 3221 2772 3259 manus
2829 3206 2962 3274 iuje-
2990 3198 3032 3254 C
3065 3207 3215 3269 τείας
3268 3206 3402 3276 πρὸς
3435 3205 3617 3274 ὀλίγου
3645 3203 3910 3257 δεδώκασι
3941 3204 4113 3272 δίκην.

1377 3299 1538 3359 cisse,
1569 3305 1626 3350 ut
1652 3307 2118 3366 consequerentur
2140 3299 2283 3366 quod
2311 3298 2493 3354 animo
2525 3311 2944 3370 preposueranl.
2987 3300 3349 3366 Quamobrem
3411 3300 3574 3353 etiam
3613 3315 3803 3369 parum
3843 3297 4038 3364 abluit,
4101 3297 4232 3368 quin

1376 3401 1490 3442 Sua:
1524 3403 1712 3457 punias
1741 3388 1953 3443 darent.

1450 3477 1616 3534 Vens.
1685 3481 1766 3534 Η.
1850 3481 2016 3534 Erant
2072 3493 2249 3538 autem
2310 3487 2527 3554 quidam
2598 3487 2699 3555 ﬁlii
2779 3487 2956 3543 Scevre

1378 3571 1553 3624 Judwi
1580 3571 1833 3641 principis
1869 3575 2201 3628 sacerdotum
2237 3592 2452 3630 numero
2483 3589 2702 3647 septem,
2728 3581 2817 3648 qui
2869 3581 2962 3634 hoc

1383 3661 1636 3729 agebant.

1455 3749 1617 3805 Vens.
1651 3752 1730 3808 15.
1771 3749 1876 3806 Sed
1922 3754 2138 3820 spiritus
2192 3756 2372 3811 "talus
2409 3762 2728 3828 respondens
2785 3764 2954 3817 dixit:

1382 3842 1560 3897 Jesum
1585 3844 1722 3909 novi,
1747 3853 1794 3898 et
1823 3844 2027 3899 Paulus
2069 3849 2198 3900 milii
2246 3866 2350 3902 non
2396 3862 2470 3905 est
2508 3855 2834 3924 incognitus:
2866 3873 2953 3910 vos

1381 3945 1561 3985 autem
1588 3934 1806 4002 quinam
1828 3937 1997 3990 estis?

1454 4023 1618 4080 Vens.
1659 4025 1743 4080 lli.
1790 4026 1855 4080 Et
1879 4029 2030 4082 homo
2059 4030 2147 4084 ille
2177 4032 2231 4084 in
2253 4048 2354 4102 quo
2374 4034 2593 4102 spiritus
2623 4035 2795 4088 malus
2817 4046 2955 4104 erat,

1384 4115 1439 4167 in
1459 4115 1579 4168 illus
1599 4116 1796 4185 impetu
1832 4119 1972 4187 {acto
2002 4137 2119 4173 cum
2144 4123 2382 4190 superior
2411 4125 2485 4177 eis
2509 4125 2778 4187 evasisset,
2804 4126 2957 4177 inva-

1385 4207 1483 4260 luit
1523 4209 1768 4263 adversus
1799 4211 1917 4264 illos
1956 4213 2110 4279 adeo,
2136 4223 2191 4267 ut
2230 4216 2358 4268 nudi
2389 4225 2436 4270 et
2470 4216 2733 4270 vulnerati
2768 4218 2956 4287 e/fuge—

1383 4309 1500 4353 rent
1529 4316 1593 4356 ea:
1629 4302 1826 4357 antibus
1857 4305 1983 4358 illis.

1459 4483 1624 4538 Vens.
1661 4484 1749 4538 17.
1788 4485 1959 4554 Atque
1997 4485 2091 4538 hoc
2143 4496 2321 4539 notum
2356 4490 2552 4557 {artum
2597 4499 2670 4542 est
2726 4494 2964 4546 omnibus

1385 4573 1592 4628 Judwis
1657 4585 1814 4644 atque
1853 4575 2076 4642 Gra'cis,
2121 4579 2212 4646 qui
2263 4578 2455 4646 Ephesi
2515 4581 2848 4647 habitabant,
2915 4594 2964 4638 et

4327 3295 4659 3352 temeritatis

3136 3483 3341 3542 Ἷιοαν
3388 3487 3455 3540 δέ
3515 3503 3674 3551 τινες
3725 3484 3843 3538 υἱοὶ
3899 3482 4094 3540 Σκευᾶ
4135 3483 4422 3538 Ἰουδαίου
4455 3483 4656 3553 ἀρχιε-

3055 3579 3208 3646 ρέως
3228 3579 3397 3644 ἑπτὰ,
3441 3580 3494 3631 οὶ
3523 3577 3699 3631 τοῦτο
3730 3573 4064 3642 ποιοῦντες.

3137 3763 3486 3831 ’Λποκριθὲν
3536 3763 3604 3816 δὲ
3660 3763 3725 3816 τὸ
3775 3762 4012 3831 πνεῦμα
4045 3761 4112 3815 τὸ
4164 3762 4452 3829 πονηρὰ,
4482 3758 4656 3817 εἶπε·

3061 3850 3174 3904 Τὸν
3219 3850 3454 3916 Ἰησοῦν
3494 3849 3788 3918 γινώσκω,
3821 3851 3921 3902 καί
3967 3851 4076 3904 τὸν
4123 3849 4373 3904 Παῦλον
4398 3849 4660 3902 ἐπίστα-

3062 3959 3167 4010 μαι
3189 3958 3202 3972 ’
3237 3939 3408 4009 ὑμεῖς
3435 3939 3504 3993 δὲ
3525 3941 3685 4005 τίνες
3714 3939 3854 3993 ἐστέ
3878 3956 3896 4002 ;

3129 4033 3236 4088 Καὶ
3259 4033 3668 4101 ἐφαλλόμενος
3700 4031 3792 4084 ἐπ’
3823 4029 4045 4095 αὐτοὺς
4071 4032 4104 4083 ό
4142 4028 4474 4096 ἅνθρωπος,
4511 4029 4586 4081 ἐν
4611 4023 4665 4096 ᾧ

3055 4123 3134 4196 ἦν
3160 4127 3222 4178 τὸ
3257 4124 3493 4194 πνεῦμα
3522 4124 3588 4178 τὸ
3633 4123 3922 4191 πονηρὸν,
3963 4123 4059 4174 καί
4093 4122 4583 4188 κτιτακυριεῦσαν
4609 4124 4657 4155 ³³

3057 4216 3276 4279 αὐτῶν,
3325 4217 3549 4285 ἴσχυσε
3587 4216 3714 4268 κατ’
3752 4213 3979 4279 αὐτῶν,
4026 4213 4182 4267 ὥστε
4234 4215 4501 4281 γυμνοὺς
4553 4217 4660 4268 καί

3065 4307 3685 4378 τετραυματισμένους
3719 4307 4002 4376 ἐκφυγεῖν
4045 4307 4114 4359 ἐκ
4151 4303 4258 4358 τοῦ
4302 4305 4471 4358 οἴκου
4497 4305 4657 4358 ἐκεί-

3062 4419 3195 4456 νου.

3137 4489 3322 4543 Τοῦτο
3343 4489 3410 4542 δὲ
3433 4490 3669 4558 ἐγένετο
3708 4491 3980 4558 γνωστὸν
4011 4487 4204 4543 πᾶσιν
4242 4487 4566 4555 Ἰουδαίοις
4595 4507 4662 4541 τε

3065 4582 3159 4634 καὶ
3198 4583 3459 4647 Ἕλλησι
3490 4580 3615 4645 τοῖς
3654 4579 4004 4633 κατοικοῦσι
4059 4580 4172 4645 τὴν
4204 4581 4504 4647 Ἐςςεσονο
4551 4583 4653 4632 καί

1387 4665 1625 4720 omnibus
1649 4668 1715 4720 iis
1733 4679 1900 4722 metus
1920 4669 2146 4737 injectus
2171 4679 2267 4735 est,
2287 4688 2350 4724 ac
2380 4673 2720 4743 magniﬁebat
2769 4691 2956 4730 nomen
2985 4681 3035 4740 Ι)
3061 4674 3244 4726 ἔπεσε
3263 4674 3280 4705 ⁶

2769 4691 2956 4730 nemen
2985 4681 3035 4740 Ι)
3061 4674 3244 4726 ἔπεσε
3263 4674 3306 4705 ⁸⁸
3335 4673 3518 4740 φόϐος
3545 4672 3638 4724 ἐπὶ
3672 4671 3904 4736 πάντας
3928 4672 4169 4736 αὐτοὺς,
4207 4671 4305 4723 καί
4355 4670 4661 4739 ἐμεγαλὺ-

1388 4757 1600 4810 Domini
1623 4757 1769 4812 Iesu.

1459 4849 1563 4912 Qui
1606 4850 1699 4902 hoc
1733 4851 1982 4919 agebant.
2045 4851 2122 4904 Illi
2157 4852 2376 4921 quidem
2420 4854 2650 4908 latenter
2705 4857 2956 4926 agebant,

1388 4939 1532 5008 quod
1563 4940 2035 5009 aggrediebantur,
2069 4941 2162 4995 sed
2197 4958 2384 4996 eorum
2422 4943 2761 4999 imbecillitas
2802 4947 2962 5017 vulgo

1391 5029 1686 5092 spectanda
1715 5029 2004 5097 pra-betur.
2038 5037 2212 5099 Atque
2245 5032 2385 5104 haud
2418 5033 2654 5086 alienum
2682 5045 2764 5088 est
2791 5035 2964 5089 admi-

1391 5119 1499 5172 rari
1579 5135 1678 5173 cur
1759 5120 1974 5174 dtemon
2050 5137 2158 5175 non
2229 5122 2501 5188 adiuverit
2563 5125 2962 5179 exet-cistarum

1394 5211 1775 5279 imposturam,
1812 5212 1905 5265 sed
1933 5211 2269 5279 redarguerit
2290 5218 2454 5278 atque
2492 5214 2790 5267 eonvicerit
2822 5215 2961 5278 illos,

1395 5312 1450 5358 et
1479 5318 1668 5357 eorum
1696 5302 1942 5358 fraudem
1971 5303 2307 5373 patefecerit.
2340 5303 2468 5357 Mihi
2494 5306 2704 5360 videtur
2727 5317 2780 5360 et
2805 5307 2965 5361 vehe-

1398 5406 1611 5450 menter
1663 5395 1841 5452 iratus
1870 5407 1923 5451 et
1971 5396 2284 5464 indignatus
2331 5396 2528 5451 fuisse:
2565 5400 2792 5467 perinde
2830 5415 2892 5452 ac
2925 5400 2968 5454 si

3058 4783 3194 4820 νετο
3218 4765 3285 4817 τὸ
3313 4764 3500 4832 ὄνομα
3527 4763 3631 4816 τοῦ
3658 4764 3877 4829 Κυρίου
3911 4763 4135 4828 Ἰησοῦ.

3125 4855 3192 4906 οι
3245 4854 3422 4907 τοῦτο
3463 4852 3796 4918 ποιοῦντες.
3851 4853 4080 4905 Ἐκεῖνοι
4136 4852 4235 4922 μὲν
4277 4849 4662 4903 λανθανόντιης

3061 4945 3296 5010 ἐποίουν,
3325 4944 3872 5011 ἀλλ’ἐκπομπεύεται
3903 4944 4139 5014 αὖτῶνὴ
4174 4941 4660 5006 ἀσθένεια.Ἀξ;ο-ι

3065 5036 3122 5088 δὲ
3165 5035 3445 5106 θαυμάσαι
3500 5037 3616 5098 πῶς
3649 5040 3676 5090 ο
3705 5037 3914 5106 δαίμων
3946 5037 4006 5088 οὖ
4050 5036 4394 5104 συνέπραττε
4437 5037 4505 5104 τῇ
4543 5035 4658 5085 τῶν

3072 5126 3399 5194 ἐξορκιστῶν
3429 5125 3604 5196 πλάνῃ
3627 5167 3642 5191 ,
3677 5126 3814 5178 ἀλλὰ
3842 5127 4125 5196 διήλεγχεν
4161 5127 4377 5189 αὐτοὺς,
4415 5127 4515 5178 καὶ
4559 5127 4658 5194 τὴν

3075 5218 3282 5284 σκηνὴν
3334 5217 3511 5269 αὐτῶν
3559 5218 3799 5286 φανερὰν
3832 5217 4025 5269 ἐποὲει.
4070 5218 4224 5286 Ἐμοὶ
4266 5216 4414 5269 δοκεῖ
4448 5216 4657 5285 σφόδρα

3075 5308 3375 5377 θυμωθεὶς,
3405 5309 3594 5380 ὥσπερ
3626 5309 3692 5362 ἂν
3715 5309 3864 5371 εἴτις
3897 5309 4024 5376 περὶ
4057 5308 4163 5360 τῶν
4197 5309 4443 5378 ἐσχάτων
4475 5308 4660 5361 κινὸἑ-

3076 5417 3183 5454 νων
3215 5401 3319 5452 ὑπὸ
3365 5418 3510 5464 τινος
3550 5400 3772 5471 οἰκτροῦ
3802 5401 3894 5453 καὶ
3920 5400 4268 5469 ταλαιπώρου
4302 5399 4655 5469 διελέγχοιτο,

2594 5580 2794 5639 νοτία»
2826 5579 3130 5641 lectiones
3155 5587 3216 5641 et
3261 5587 3447 5641 notae.

1477 5704 1520 5732 ⁵⁷
1552 5700 1865 5775 ιιιυιιίῃιιιὶε
1889 5715 1982 5764 est.
2019 5705 2360 5775 σημικῖνθια,
2393 5715 2440 5758 et
2467 5704 2930 5758 ἀπαλλάσσεσθαι.

1408 5775 1504 5829 [ξιι-
1539 5774 1719 5842 furiat,
1757 5776 1973 5845 ingenue
2001 5774 2169 5846 fateor
2204 5794 2279 5830 ne:
2305 5777 2522 5832 ncst'ire.

2596 5781 2639 5810 δ)
2669 5775 2729 5829 1n
2762 5776 2980 5844 iulgatis
3015 5785 3111 5841 est,
3145 5776 3608 5843 κατακυριεύσας.

3033 5706 3078 5738 ⁸⁸
3115 5708 3234 5758 Ἵσ.
3285 5704 3562 5772 σουδάρια.
3606 5702 3852 5772 Ὠράρια,
3883 5704 4007 5771 quid
4034 5702 4121 5762 sit,
4149 5713 4240 5754 aut
4278 5703 4401 5763 quid
4439 5705 4657 5757 omnino

3684 5773 3726 5804 ⁶⁰
3745 5772 3805 5827 In
3825 5774 4051 5842 rulgatis
4082 5784 4176 5839 est,
4214 5774 4476 5828 ἐπέπεσε,
