4794 6454
1365 406 1461 469 ⁸ῖΉ

2178 403 2752 465 ΤΗΕΟΡΠΥῐιΑΟΤΙ
2791 400 3202 465 BULGARIE
3241 401 3593 461 ARCHIEP.

4504 394 4619 456 772

1439 512 1601 567 Vens.
1632 508 1719 565 40.
1756 507 1961 563 Etenim
1989 508 2045 562 in
2077 509 2311 577 periculo
2357 525 2648 572 versantur,
2680 525 2746 561 ne
2794 508 2933 560 sedi-
2964 512 3005 567 Α
3105 504 3212 558 Καὶ
3264 504 3332 573 τὰ

2726 525 2746 561 c
2794 508 2933 560 sedi-
2964 512 3005 567 Α
3105 504 3212 558 Καὶ
3264 504 3374 573 γὰρ
3412 502 3848 570 κινδυνεύομεν
3897 499 4279 569 ἐγκαλεῖσθαι
4334 500 4619 566 στάσεως

1366 606 1521 658 tionis
1552 618 1855 655 accusemur
1886 608 1948 654 de
1968 602 2217 653 hodierno
2237 601 2321 652 die
2346 614 2362 651 :
2397 617 2513 652 cum
2545 599 2691 651 nulla
2735 613 2930 665 suppe‘

1363 705 1443 749 tat
1477 712 1658 758 causa,
1694 705 1906 763 propter
1923 679 2079 762 quam
2111 693 2368 761 possimus
2414 692 2630 745 reddere
2674 690 2932 742 rationem

1364 790 1522 858 hujus
1568 804 1869 842 concursus.
1928 791 2101 854 Atque
2165 785 2275 839 hate
2330 785 2558 849 locutus,
2628 783 2929 835 concionem

1364 883 1592 935 dimisit.

1436 1063 1648 1117 Sensim
1683 1076 1745 1115 ac
1781 1059 1991 1113 modice
2034 1060 2154 1112 illos
2198 1056 2550 1126 reprehendit
2574 1065 2629 1110 et
2663 1056 2929 1125 obiurgat,

1366 1155 1661 1215 ostendens
1682 1170 1775 1207 eos
1807 1162 2009 1206 temere
2037 1152 2249 1213 fecisse,
2266 1165 2327 1201 ac
2342 1164 2447 1202 non
2465 1148 2773 1216 oportuisse
2796 1163 2891 1216 pro
2914 1178 2933 1186 -

3040 598 3171 663 περὶ
3209 595 3318 661 τῆς
3358 596 3644 664 σήμερον.
3672 594 3930 662 μηδενὸς
3974 594 4168 646 αἰτίου
4210 592 4618 661 ὑπάρχοντος,

3039 691 3169 757 περὶ
3191 687 3263 745 οὗ
3302 692 3687 758 δυνησόμεθα
3699 692 3744 725 ⁷⁸
3770 689 3981 743 δοῦναι
4008 689 4194 757 λόγον
4225 688 4339 755 τῆς
4351 706 4621 757 συστρο-

3050 783 3173 852 φῆς
3228 785 3470 851 ταύτης.
3510 782 3619 837 Kal
3670 782 3860 837 ταῦτα
3904 780 4114 843 εἰπὼν,
4164 782 4444 834 ἀπέλυσε
4501 780 4622 847 τὴν

3038 879 3103 931 ἐκ
3115 876 3396 941 κλησίαν.

3124 967 3334 1036 Ἰιρέμα
3389 967 3730 1021 καθάπτεται
3785 966 3987 1027 αὐτῶν,
4021 964 4239 1027 δεικνὺς
4271 965 4355 1017 ὅτι
4404 979 4620 1033 προπερ

3014 1058 3146 1120 ’τῶς
3185 1059 3431 1130 ἔπραξαν
3456 1074 3468 1087 ·
3503 1059 3598 1111 καὶ
3652 1058 3753 1110 οὐκ
3803 1058 3912 1109 ἔδει
3942 1056 4226 1115 ἰδιωτικῶν
4249 1056 4623 1124 ἐγκλημάτων

3040 1151 3226 1202 ἓνεκεν
3295 1150 3481 1221 κοινὴν
3518 1150 3818 1219 ἐκκλησίαν
3855 1149 4151 1202 ποιεῖσθαι.
4176 1149 4250 1200 Τὸ
4284 1148 4418 1216 γὰρ,
4466 1148 4622 1212 Ἀγο-

1364 1255 1483 1312 pter
1501 1244 1830 1312 privatorum
1848 1241 2125 1295 hominum
2144 1240 2369 1293 crimina
2386 1253 2729 1292 communem
2744 1253 2934 1307 cogere
3034 1241 3189 1307 ραῖοι
3220 1242 3257 1294 ἄ

2744 1253 2934 1307 cogere
3034 1241 3189 1307 ραῖοι
3220 1242 3486 1311 ἄγονται,
3514 1236 3652 1304 εἶδος
3694 1237 3761 1311 ἦν
3792 1240 4068 1293 δικαστῶν
4110 1242 4170 1292 ἐν
4198 1242 4265 1307 τῇ
4290 1238 4449 1306 Ἀσία
4474 1237 4624 1288 εὐτε-

1367 1335 1705 1388 coneionem.
1730 1332 1862 1386 Nam
1894 1331 2035 1402 quod
2065 1331 2216 1394 dicit,
2241 1332 2493 1399 ἀγοραῖοι
2520 1329 2766 1396 ἄγονται,
2791 1330 2935 1381 ἱιΙευ-

1367 1434 1479 1489 nat,
1506 1426 1751 1480 forenses
1772 1425 2046 1478 ducuntur
2066 1422 2418 1492 releguntur,
2437 1422 2649 1490 species
2666 1419 2933 1487 judicium

1364 1519 1552 1572 vilium
1577 1528 1738 1586 atque
1757 1517 2125 1587 pedaneorum
2152 1529 2271 1570 erat
2294 1514 2348 1567 in
2372 1513 2522 1577 Asia,
2546 1513 2636 1581 qui
2662 1514 2931 1581 ἀγοραῖοι,

1367 1611 1420 1663 id
1475 1619 1578 1673 est,
1630 1609 1876 1662 forenses
1918 1608 2356 1677 appellabantur:
2412 1606 2507 1675 qui
2536 1606 2627 1675 jus
2680 1605 2936 1658 dicebant

1366 1702 1703 1771 pauperibus
1732 1711 1785 1756 et
1819 1702 1870 1754 in
1900 1700 2018 1755 foro
2046 1701 2248 1753 versari
2293 1699 2469 1753 solitis
2518 1698 2715 1752 vilibus
2758 1697 2933 1750 homi-

1369 1795 1547 1847 nibus.
1584 1794 1945 1859 Quamobrcm
1974 1791 2137 1845 etiam
2175 1791 2345 1860 magis
2385 1789 2629 1843 forenses
2660 1789 2933 1840 vocaban-

3042 1332 3169 1396 λῶν,
3203 1335 3252 1385 οὶ
3298 1336 3568 1404 ἀγοραῖοι,
3604 1334 3799 1396 οἵτινες
3828 1332 4080 1395 ἐδίκαζον
4131 1333 4241 1392 τοῖς
4296 1329 4493 1397 πένησι
4528 1328 4626 1378 καὶ

3044 1424 3323 1494 ἀγοραίοις
3357 1424 3690 1494 ἀνθρώποις.
3738 1425 3831 1478 Διὸ
3853 1424 3949 1477 καὶ
3980 1424 4232 1492 ἀγοραῖοι
4264 1420 4464 1488 μᾶλλον
4486 1422 4592 1470 tua
4612 1444 4626 1454 -

3042 1516 3249 1582 λοῦντο,
3291 1516 3479 1587 ὥσπερ
3530 1518 3667 1570 εἰσιν
3697 1516 3901 1569 ἔκδικοι
3940 1515 4082 1568 κατά
4132 1513 4317 1575 πόλεις
4349 1513 4525 1574 τινάς.
4562 1512 4626 1561 Οἱ

3042 1611 3150 1679 γάρ
3201 1610 3501 1662 ἀνθύπατοι
3584 1612 3707 1672 ταῖς
3759 1608 3869 1661 τῶν
3927 1607 4219 1670 πλουσίων,
4268 1606 4302 1675 ἢ
4349 1607 4471 1665 ταῖς
4513 1604 4627 1656 ςῶν

3041 1700 3410 1770 ἐγκλημάτων
3434 1700 3614 1763 δίκαις
3642 1701 3942 1771 ὑπήκουον.
3968 1699 4231 1767 Λέγονται
4261 1698 4319 1750 δὲ
4374 1698 4629 1763 ἀγοραῖοι

3042 1791 3139 1843 καὶ
3193 1792 3243 1843 οι
3305 1791 3597 1859 δικολόγοι,
3647 1791 3800 1861 πσρά
3831 1792 3891 1844 τὸ
3925 1790 4217 1859 ἀγορεύειν
4252 1787 4538 1858 λεχθέντες
4555 1785 4625 1852 ⁸⁸,

1369 1884 1961 1959 tur,,guemadmodum
1990 1890 2118 1937 sunt
2171 1882 2396 1945 ἔκδικοι,
2426 1881 2478 1933 id
2512 1889 2617 1943 est,
2666 1879 2932 1943 vindices,
2966 1868 3010 1925 Β
3039 1883 3067 1934 ὃ
3095 1883 3262 1935 ἐστιδ

1703 1884 1961 1937 dmodum
1990 1890 2118 1937 sunt
2171 1882 2396 1945 ἔκδικοι,
2426 1881 2478 1933 id
2512 1889 2617 1943 est,
2666 1879 2932 1943 vindices,
2966 1868 3010 1925 Β
3039 1883 3067 1934 ὃ
3095 1883 3214 1935 ἔστι
3239 1884 3596 1955 δημηγορεῖν,

1366 1996 1462 2033 seu
1490 1978 1810 2033 defensores
1846 1978 1897 2030 in
1956 1974 2282 2045 quibusdam
2319 1974 2657 2028 civitatibus.
2733 1972 3103 2031 l’roconsules
3190 1979 3337 2032 enim
3390 1980 3618 2033 divitum
3650 1994 3846 2034 causas
3916 1988 4010 2033 aut
4064 1977 4374 2031 critninales
4459 1985 4631 2044 atque

1364 2072 1623 2140 capitales
1649 2072 2069 2141 cognoscebant.
2122 2068 2387 2123 Dicuntur
2422 2078 2604 2123 autem
2655 2070 2925 2137 ἀγοραῖοι,
3006 2073 3110 2127 hoc
3177 2084 3257 2129 est

2737 2072 2925 2137 οραῖοι,
3006 2073 3110 2127 hoc
3177 2084 3281 2135 est,
3315 2075 3587 2136 forenses.
3616 2084 3672 2129 et
3713 2076 4003 2143 δικολόγοι,
4042 2075 4093 2129 id
4130 2083 4235 2137 est,
4286 2072 4576 2135 causidici,
4600 2088 4630 2126 α

1368 2165 1534 2216 verbo
1563 2162 1846 2232 ἀγορεύειν
1871 2162 1951 2217 sic
1998 2160 2153 2222 dicti,
2177 2160 2323 2231 quod
2352 2170 2437 2215 est
2484 2159 2839 2232 δημηγορεῖν,
2887 2160 2940 2216 id
2973 2170 3078 2230 est,
3158 2164 3214 2218 in

2741 2162 2839 2227 εῖν,
2887 2160 2940 2216 id
2973 2170 3078 2230 est,
3158 2164 3214 2218 in
3277 2165 3397 2222 foro
3435 2176 3492 2222 et
3532 2166 3677 2237 apud
3730 2166 3992 2236 populum
4049 2164 4235 2219 dicere
4281 2173 4447 2232 atque
4501 2178 4634 2217 con-

1366 2261 1571 2317 cionari
1582 2302 1595 2315 .

1865 2351 2025 2422 11,9
2062 2349 2288 2405 CAPUT
2316 2348 2437 2403 xx.

1441 2444 1607 2498 Vens.
1638 2443 1691 2497 1.
1719 2442 2006 2512 Postquam
2037 2452 2210 2496 autem
2242 2442 2456 2496 sedatus
2495 2450 2651 2511 atque
2682 2440 2943 2510 composi-

1372 2548 1455 2590 tus
1512 2544 1590 2589 est
1632 2535 1910 2598 tumultus,
1949 2533 2153 2587 Paulus
2190 2551 2311 2587 cum
2365 2534 2650 2601 discipulos
2681 2534 2751 2585 ad
2778 2549 2833 2586 se
2856 2549 2944 2585 vo-

1369 2638 1564 2691 casset,
1614 2644 1800 2695 eosque
1844 2626 2143 2694 complexus
2179 2625 2352 2679 valere
2380 2625 2648 2693 jussisset,
2673 2625 2725 2676 in
2765 2622 2946 2677 Mace-

1369 2722 1581 2774 doniam
1608 2721 1683 2773 ire
1710 2720 1959 2788 perrexit.

1447 2812 1608 2864 Vens.
1635 2810 1689 2863 2.
1742 2810 1875 2863 Cum
1929 2818 2109 2862 autem
2155 2816 2486 2880 peragrasset
2529 2807 2649 2861 illas
2685 2817 2859 2876 partes
2898 2816 2945 2859 et

1369 2902 1534 2955 multo
1557 2916 1791 2955 sermone
1826 2916 1912 2953 eos
1932 2900 2268 2961 adhortatus,
2299 2900 2438 2952 venit
2472 2899 2528 2950 in
2556 2897 2840 2951 Greciam.

1444 2992 1607 3049 Vens.
1641 2993 1694 3045 3.
1730 2990 1829 3043 Ubi
1861 3007 1981 3044 cum
2008 2991 2197 3060 egisset
2226 3005 2425 3042 menses
2474 3000 2601 3052 tres,
2635 2997 2685 3041 et
2732 2987 2797 3039 ab
2839 2986 2939 3039 Ju-

1371 3085 1498 3136 dwis
1536 3085 1585 3137 ei
1632 3084 1687 3135 in
1719 3081 1933 3152 Syriam
1962 3083 2277 3151 navigatura
2319 3082 2474 3151 facta:
2517 3088 2687 3133 essent
2720 3078 2944 3142 insidior,

1371 3178 1644 3231 consilium
1674 3178 1807 3243 cepit
1834 3176 2127 3229 revertendi
2160 3190 2250 3227 uer
2281 3171 2673 3227 Macedoniam.

1449 3362 1605 3410 Vsus.
1632 3353 1684 3409 ὁ.
1711 3354 2006 3409 Comitatus
2032 3361 2106 3407 est
2137 3363 2316 3405 autem
2355 3368 2473 3405 eum
2497 3366 2660 3422 usque
2683 3351 2735 3403 in
2767 3350 2950 3401 Asiam
2980 3391 3022 3448 ο

3662 2346 3912 2400 ΚΕΦΑΛ.
3939 2347 4024 2399 K'.

3118 2439 3278 2494 Μετὰ
3301 2439 3369 2492 δέ
3398 2440 3464 2492 τὸ
3492 2438 3843 2491 παύσασθαι
3865 2434 3971 2488 τὸν
3993 2435 4266 2501 θόρυϐον,
4294 2434 4637 2499 προσκαλε-

3049 2532 3315 2600 σάμενος
3350 2534 3384 2585 ὀ
3415 2531 3659 2595 Παῦλος
3684 2529 3827 2594 τοὺς
3846 2528 4117 2598 μαθητὰς
4148 2530 4245 2579 και
4274 2524 4634 2594 ἀσπασάμε-

3050 2642 3177 2691 νος.
3215 2625 3435 2692 ἐξῆλθε
3462 2623 3827 2691 πορευθῆναι
3846 2624 3933 2686 εις
3959 2620 4075 2687 τὴν
4105 2618 4505 2675 Μακεδονίαν.

3121 2797 3379 2851 Διελθὼν
3405 2796 3473 2850 δέ
3501 2796 3573 2850 τὰ
3591 2796 3739 2866 μέρη
3794 2796 4014 2861 ἐκεῖνα,
4051 2796 4150 2849 καὶ
4198 2794 4636 2862 παρακαλέσας

3051 2888 3273 2953 αὐτοὺς
3300 2888 3424 2940 ἑν⁸¹
3450 2889 3611 2957 λόγῳ
3631 2887 3861 2952 πολλῷ,
3887 2882 4074 2956 ἦλθεν
4101 2888 4187 2951 εἱς
4212 2884 4631 2953 τὴνἙλλάδα.

3125 2979 3394 3047 Ποιήσας
3429 2996 3494 3031 τε
3517 2978 3719 3047 μῆνας
3746 2977 3928 3045 τρεῖς,
3959 2980 4288 3047 γενομένης
4315 2974 4476 3040 αὐτῷ
4498 2976 4638 3029 ἐπι·

3052 3069 3282 3135 ϐουλῆς
3310 3069 3433 3124 ὑπὸ
3473 3068 3593 3121 τῶν
3625 3068 3934 3123 Ἰουδαίων
3968 3067 4261 3136 μέλλοντι
4299 3067 4638 3135 ἀνάγεσθαι

3052 3164 3140 3225 εἰς
3169 3161 3285 3228 τὴν
3313 3161 3557 3226 Συρίαν,
3588 3159 3826 3230 ἐγένετο
3863 3158 4064 3229 ⁵γνώμη
4096 3158 4201 3212 τοῦ
4228 3157 4641 3227 ὑποστρέφειν

2960 3240 2971 3247 ’
3055 3253 3151 3305 διὰ
3180 3252 3577 3316 Μακεδονίας.

3126 3343 3457 3397 Συνείπετο
3503 3342 3573 3395 δὲ
3599 3342 3759 3407 αὐτῷ
3798 3341 3936 3410 ἄχρι
3985 3340 4096 3409 τῆς
4134 3342 4332 3407 Ἄσίας
4363 3341 4643 3395 Σωσίπα-

1374 3446 1646 3515 Sosipater
1692 3446 2033 3509 Berrteanus,
2088 3453 2249 3513 atque
2291 3459 2355 3497 ea:
2402 3440 2949 3496 Thessalonicensibus
2982 3432 3022 3448 ν
3055 3452 3193 3501 τρος
3214 3434 3260 3465 ⁸⁸

2745 3440 2949 3495 ensibus
2982 3432 3022 3448 ν
3055 3452 3193 3501 τρος
3214 3434 3260 3465 ⁸⁸
3291 3434 3633 3502 Βερῤοιαῖος
3654 3449 3668 3466 ο
3691 3432 4198 3487 Θεσσαλονικέων
4220 3432 4313 3492 δέ,
4330 3432 4638 3499 Ἀρίσταρ-

1374 3539 1711 3592 Aristarchus
1732 3547 1780 3590 et
1811 3535 2099 3600 Secundus,
2128 3544 2177 3589 et
2203 3535 2367 3590 Caius
2396 3534 2670 3588 Derbanus
2696 3544 2745 3587 et
2778 3531 2950 3586 Timo-

1375 3630 1563 3682 theus:
1601 3629 1817 3682 Asiatici
1845 3644 1969 3680 vero
2002 3626 2044 3680 Τ
2047 3626 2257 3696 yclticus
2286 3635 2334 3679 et
2368 3625 2708 3693 Trophimus.

1448 3722 1613 3775 Vens.
1643 3721 1696 3774 5.
1726 3720 1794 3773 Hi
1826 3718 2105 3789 pregressi
2133 3725 2507 3784 exspectaram
2529 3732 2620 3768 nos
2640 3717 2695 3767 in
2724 3714 2943 3769 Troade.

1446 3812 1611 3865 Vens.
1644 3810 1696 3864 6.
1734 3809 1842 3863 Nos
1875 3818 2055 3862 autem
2104 3810 2280 3861 navim
2321 3806 2722 3860 conscendimus
2759 3822 2793 3856 a
2822 3805 2951 3856 Phi-

1379 3900 1555 3974 lippis.
1610 3911 1723 3971 post
1762 3902 1870 3955 dies
1907 3902 2248 3970 Azymorum,
2286 3909 2335 3952 et
2384 3900 2622 3952 venimus
2670 3897 2741 3949 ad
2769 3912 2855 3950 eos
2896 3897 2951 3947 in

1378 3997 1633 4049 Troadem
1662 3995 1805 4047 intra
1834 3994 1948 4046 dies
1997 3993 2225 4062 quinque
2254 4007 2272 4047 :
2305 3991 2391 4043 ubi
2420 3988 2738 4044 commorati
2772 4003 2952 4040 sumus

1377 4086 1486 4140 dies
1509 4094 1730 4155 septem.

1450 4177 1512 4229 Et
1536 4176 1701 4229 multo
1715 4190 1949 4230 sermone
1976 4191 2062 4228 eos
2091 4182 2221 4227 esset
2239 4173 2509 4226 adltortus.
2532 4170 2700 4225 Ilulta
2721 4185 2954 4239 namque

1380 4269 1761 4322 exhortatione
1795 4281 1932 4336 opus
1968 4274 2087 4320 erat
2128 4265 2196 4320 ab
2230 4264 2317 4318 illa
2347 4264 2677 4318 turbatione.

1451 4442 1612 4496 Vens.
1647 4444 1698 4495 7.
1731 4443 1797 4495 In
1824 4457 1925 4494 uno
1954 4451 2130 4494 autem
2150 4442 2239 4492 die
2276 4438 2629 4492 Sabbatorum
2656 4439 2850 4492 coactis
2863 4440 2957 4492 di-

1382 4532 1594 4598 scipulis
1629 4543 1685 4584 ut
1724 4533 2025 4601 frangerent
2062 4511 2283 4599 panem;
2330 4527 2537 4583 Paulus
2566 4531 2821 4597 postridie
2840 4546 2959 4599 pro-

1382 4622 1611 4690 fecturus
1639 4620 2097 4673 sermocinabatur
2147 4620 2245 4683 eis,
2284 4619 2631 4688 produximus
2657 4635 2951 4675 sermonem

1382 4728 1544 4781 usque
1583 4713 1650 4765 ad
1678 4712 1907 4764 mediam
1947 4719 2170 4763 noctem.

1457 4802 1616 4856 Vens.
1652 4806 1705 4857 8.
1762 4802 1928 4855 Erant
1962 4808 2139 4853 autem
2192 4802 2389 4854 crebra:
2444 4801 2500 4853 in
2538 4801 2839 4868 ctenaculo,
2870 4803 2959 4856 ubi

1384 4906 1535 4945 erant
1558 4893 1878 4962 congregati,
1915 4892 2160 4945 lucerute.

1463 4983 1523 5035 In
1552 5000 1653 5036 uno
1685 4992 1860 5035 autem
1914 4983 1999 5035 die
2046 4980 2418 5035 Sabbatarum.
2468 4980 2793 5037 Pentecoste
2824 4992 2955 5037 tunc

1387 5082 1525 5133 erat,
1557 5083 1611 5125 et
1642 5071 1761 5125 dies
1793 5070 2092 5124 Dominica.
2157 5070 2325 5138 Usque
2368 5072 2438 5123 ad
2470 5073 2697 5124 mediam
2726 5082 2955 5126 uectem.

1388 5162 1467 5216 Ne
1498 5173 1656 5215 nocte
1686 5163 1905 5231 quidem
1939 5163 2153 5215 tacebat
2179 5179 2194 5214 :
2223 5162 2317 5215 sed
2352 5171 2482 5216 tunc
2513 5164 2680 5232 magis
2721 5163 2957 5218 dissere-

1387 5255 1498 5318 bat,
1530 5253 1673 5321 quod
1701 5253 1871 5307 otium
1905 5251 2116 5306 scilicet
2149 5261 2319 5307 esset.
2350 5252 2736 5307 Animadverte
2764 5264 2950 5309 autem

1385 5353 1446 5396 ut
1476 5344 1644 5397 multa
1678 5324 2019 5409 disseruerit,
2045 5359 2109 5397 ac
2140 5360 2237 5413 per
2270 5352 2486 5413 tempus
2521 5344 2692 5412 ipsius
2749 5360 2946 5401 cmnte.

1456 5432 1618 5488 Vens.
1647 5434 1699 5489 9.
1749 5434 1879 5489 Cum
1916 5434 2118 5488 sederet
2175 5443 2353 5488 autem
2397 5434 2696 5488 adolescens
2734 5438 2949 5505 quidam

3057 3545 3182 3594 χος,
3243 3525 3340 3577 καὶ
3393 3524 3756 3589 Σεκοῦνδος,
3793 3523 3894 3577 καὶ
3945 3523 4130 3588 Γάιος
4179 3522 4476 3588 Δερϐαῖος,
4532 3524 4638 3573 καὶ

3064 3617 3338 3685 Τιμόθεος
3361 3633 3374 3646 ο
3410 3616 3674 3670 ’Δσιανοὶ
3700 3614 3789 3675 δὲ.
3830 3614 4082 3683 Τυχικύς
4111 3613 4209 3667 καὶ
4238 3612 4562 3681 Τρόφιμος.

3129 3705 3303 3762 οὗτοι
3333 3708 3729 3775 προελθόντες
3758 3707 3976 3775 έμενον
3998 3703 4157 3775 ἡμᾶς
4194 3706 4263 3757 ὲν
4290 3704 4525 3772 Τρωάδι.

3141 3800 3343 3867 Ἡμεῖς
3378 3800 3446 3852 δὲ
3477 3799 3936 3866 ἐξεπλεύσαμεν
3956 3797 4105 3865 μετὰ
4136 3796 4245 3862 τὰς
4268 3796 4495 3863 ἡμέρας
4517 3795 4646 3847 τῶν

3072 3891 3330 3961 Ἀζύμων
3358 3892 3476 3945 ἀπὸ
3504 3892 3836 3953 Φιλίππων,
3886 3889 3984 3943 καὶ
4022 3888 4288 3957 ἤλθομεν
4340 3887 4495 3955 πρὸς
4526 3892 4644 3939 αὺ-

3057 3983 3200 4049 τοὺς
3238 3986 3325 4048 εις
3362 3982 3599 4051 Τρωάδα
3642 3981 3854 4051 am"
3886 3977 4126 4050 ἡμερῶν
4173 3977 4390 4033 πέντε·
4438 3975 4512 4033 οὗ
4560 3978 4648 4034 δι-

3062 4076 3392 4143 ετρίψαμεν
3421 4072 3646 4141 ἡμέρας
3677 4073 3851 4126 ἑπτά.

3129 4163 3241 4217 Καὶ
3286 4147 3721 4229 παρακαλέσας
3786 4161 4014 4225 αὐτοὺς
4060 4161 4129 4213 έν
4180 4163 4341 4229 λόγῳ
4402 4163 4644 4225 πολλῷ.

3060 4255 3269 4325 Πολλῆς
3326 4255 3438 4324 γὰρ
3470 4254 3585 4306 ἔδει
3629 4252 4030 4324 παρακλήσεως
4078 4251 4188 4306 ἀπὸ
4240 4255 4337 4322 τῆς
4391 4255 4646 4321 ταραχῆς

3061 4347 3297 4413 ἐκείνης.

3146 4438 3248 4492 Ἐν
3275 4438 3343 4491 δὲ
3373 4437 3447 4506 τῇ
3484 4437 3594 4507 μιᾷ
3620 4436 3737 4490 τῶν
3758 4436 4073 4491 Σαόεάτων
4096 4435 4493 4506 συνητμένων
4516 4437 4649 4489 τῶν

3059 4529 3339 4600 μαθητῶν
3378 4530 3605 4585 κλᾶσαι
3642 4531 3846 4597 ἄρτον,
3867 4534 3899 4583 ό
3932 4529 4175 4596 Παῦλος
4205 4528 4508 4598 διελέγετο
4533 4532 4645 4583 αὐ-

3064 4620 3207 4684 τοῖς,
3253 4621 3502 4689 μέλλων
3535 4621 3757 4683 ἐξιέναι
3807 4618 3880 4688 τῇ
3909 4620 4233 4688 ἐπαύριονο
4270 4620 4584 4688 παρέτεινε
4599 4624 4647 4652 ³³

2986 4739 3037 4798 D
3066 4712 3134 4764 δὲ
3169 4712 3275 4765 τὸν
3302 4713 3491 4779 λόγον
3517 4712 3698 4780 μέχρι
3717 4714 4142 4780 μεσονυκτίου.

3133 4800 3337 4856 Ἦσαν
3363 4802 3431 4855 δὲ
3465 4802 3780 4870 λαμπάδες
3837 4803 4040 4856 ἱκαναί
4071 4804 4143 4856 ἐν
4168 4802 4247 4868 τῷ
4274 4802 4541 4871 ὑπερῴῳ,
4567 4801 4646 4858 οὗ

3064 4889 3227 4963 ἦσαν
3255 4892 3651 4962 συνηγμένοι.

3145 4985 3248 5038 Ἐν
3271 4982 3339 5036 δὲ
3377 4982 3449 5051 τῇ
3481 4982 3589 5052 μιᾷ
3618 4982 3735 5037 τῶν
3762 4983 4099 5037 Σαϐϐἀτων.
4138 4981 4489 5052 Πεντηκοστὴ
4520 4983 4648 5033 τὸτε

3060 5072 3128 5146 ἦν
3179 5075 3273 5129 καὶ
3318 5076 3601 5146 Κυριακή.
3654 5074 3840 5143 Μέχρι
3891 5074 4321 5143 μεσονυκτίου.
4362 5072 4500 5125 Οὐδὲ
4540 5075 4647 5140 τὴν

3065 5169 3236 5220 νύκτα
3280 5168 3335 5220 δὲ
3392 5167 3587 5233 ἐσίγα·
3645 5166 3783 5219 ἀλλὰ
3810 5164 3933 5219 τότε
3967 5164 4166 5235 μᾶλλον
4194 5162 4485 5229 διελέγετο,
4543 5164 4644 5215 ita

3067 5260 3298 5329 ἡσυχίας
3336 5258 3525 5326 οὔσης.
3570 5258 3714 5327 Ὅρα
3740 5257 3798 5310 δὲ
3830 5259 3925 5310 καὶ
3982 5257 4101 5319 πῶς
4135 5255 4310 5308 πολλά
4344 5255 4645 5322 διελέγετο,

3067 5354 3160 5403 καὶ
3197 5351 3328 5418 παρ’
3359 5350 3524 5404 αὑτοῦ
3555 5350 3649 5402 τοῦ
3682 5351 3898 5403 δείπνου
3930 5352 4024 5402 τὸν
4052 5348 4266 5417 καιρόν.

3139 5441 3484 5510 Καθήμενος
3512 5440 3578 5494 δέ
3606 5458 3695 5506 τις
3752 5443 4016 5505 νεανίας,
4071 5440 4317 5508 ὀνόματι
4340 5438 4645 5506 Εὔτυχος,

2572 5595 2772 5656 νει-ἰῶ
2815 5597 3129 5662 lectiones
3170 5606 3234 5661 et
3277 5606 3472 5661 notte.

1454 5737 1503 5811 τ’
1526 5732 1587 5811 οὗ
1608 5750 1732 5794 ante
1758 5739 2118 5810 δυνησόμεθα,
2152 5756 2255 5793 non
2295 5751 2368 5794 est
2398 5740 2455 5793 in
2502 5740 2751 5811 vulgatis.

1390 5810 1617 5880 vulgatis
1643 5821 1740 5877 est,
1770 5811 2084 5878 Σώπατρος.
2158 5813 2204 5843 ⁸¹
2237 5810 2295 5863 lu
2337 5811 2572 5879 vulgato,
2611 5814 2793 5881 ἄχρις.

2872 5745 2919 5777 ⁸⁸
2954 5745 3293 5815 λεγχθέντες,
3321 5756 3454 5800 erat.

2870 5816 2917 5846 "
2948 5813 3011 5867 In
3055 5813 3303 5885 vulgato,
3337 5818 3625 5888 παρέτεινε
3655 5833 3738 5870 τε.

3552 5747 3596 5778 ⁸⁸
3628 5748 3709 5809 ὲν,
3735 5747 4066 5801 desideratur
4088 5746 4146 5798 in
4174 5745 4420 5815 vulgatis.
4502 5745 4552 5779 "
4580 5744 4645 5801 In
