  <div class='ocr_page' id='page_1' title='image "/cluster/home/n/w/nwhite01/storage/ocr_20150623/125/nnc1.0046979794/391.png"; bbox 0 0 4794 6454; ppageno 0'>
   <div class='ocr_carea' id='block_1_1' title="bbox 1366 434 1475 494">
    <p class='ocr_par' dir='ltr' id='par_1_1' title="bbox 1366 434 1475 494">
     <span class='ocr_line' id='line_1_1' title="bbox 1366 434 1475 494; baseline -0.009 0"><span class='ocrx_word' id='word_1_1' title='bbox 1366 434 1475 494; x_wconf 80' lang='lat'><strong><em>775</em></strong></span> 
     </span>
    </p>
   </div>
   <div class='ocr_carea' id='block_1_2' title="bbox 2267 418 3687 485">
    <p class='ocr_par' dir='ltr' id='par_1_2' title="bbox 2267 418 3687 485">
     <span class='ocr_line' id='line_1_2' title="bbox 2267 418 3687 485; baseline -0.004 0"><span class='ocrx_word' id='word_1_2' title='bbox 2267 422 2839 485; x_wconf 78' lang='lat' dir='ltr'><strong><em>THEOPHYLACTI</em></strong></span> <span class='ocrx_word' id='word_1_3' title='bbox 2881 418 3288 481; x_wconf 77' lang='lat' dir='ltr'><strong><em>BUI.GARI/E</em></strong></span> <span class='ocrx_word' id='word_1_4' title='bbox 3329 419 3687 480; x_wconf 82' lang='lat' dir='ltr'><strong><em>ARCIIIEP.</em></strong></span> 
     </span>
    </p>
   </div>
   <div class='ocr_carea' id='block_1_3' title="bbox 4503 409 4640 474">
    <p class='ocr_par' dir='ltr' id='par_1_3' title="bbox 4503 409 4640 474">
     <span class='ocr_line' id='line_1_3' title="bbox 4503 409 4640 474; baseline -0.051 1"><span class='ocrx_word' id='word_1_5' title='bbox 4503 409 4640 474; x_wconf 83' lang='lat'><strong>776</strong></span> 
     </span>
    </p>
   </div>
   <div class='ocr_carea' id='block_1_4' title="bbox 1364 526 3257 611">
    <p class='ocr_par' dir='ltr' id='par_1_4' title="bbox 1364 532 3235 611">
     <span class='ocr_line' id='line_1_4' title="bbox 1364 532 3235 611; baseline -0.007 -15"><span class='ocrx_word' id='word_1_6' title='bbox 1364 544 1509 597; x_wconf 86' lang='lat' dir='ltr'><strong><em>scitis</em></strong></span> <span class='ocrx_word' id='word_1_7' title='bbox 1541 560 1570 595; x_wconf 82' lang='grc' dir='ltr'><strong><em>ιι</em></strong></span> <span class='ocrx_word' id='word_1_8' title='bbox 1593 544 1762 611; x_wconf 90' lang='lat' dir='ltr'><strong><em>primo</em></strong></span> <span class='ocrx_word' id='word_1_9' title='bbox 1791 541 1893 605; x_wconf 84' lang='lat' dir='ltr'><strong><em>die,</em></strong></span> <span class='ocrx_word' id='word_1_10' title='bbox 1920 556 1981 593; x_wconf 77' lang='lat' dir='ltr'><strong><em>ex</em></strong></span> <span class='ocrx_word' id='word_1_11' title='bbox 2016 556 2115 604; x_wconf 87' lang='lat' dir='ltr'><strong><em>quo</em></strong></span> <span class='ocrx_word' id='word_1_12' title='bbox 2143 540 2195 592; x_wconf 91' lang='lat' dir='ltr'><strong><em>in</em></strong></span> <span class='ocrx_word' id='word_1_13' title='bbox 2236 540 2414 591; x_wconf 81' lang='lat' dir='ltr'><strong><em>Asiam</em></strong></span> <span class='ocrx_word' id='word_1_14' title='bbox 2464 539 2733 605; x_wconf 80' lang='lat' dir='ltr'><strong><em>ingressus</em></strong></span> <span class='ocrx_word' id='word_1_15' title='bbox 2782 552 2917 596; x_wconf 87' lang='lat' dir='ltr'><strong><em>sum,</em></strong></span> <span class='ocrx_word' id='word_1_16' title='bbox 2954 532 2997 591; x_wconf 84' lang='lat' dir='ltr'><strong>A</strong></span> <span class='ocrx_word' id='word_1_17' title='bbox 3040 532 3235 599; x_wconf 80' lang='grc' dir='ltr'><em>Ὑμεῖς</em></span> 
     </span>
    </p>
   </div>
   <div class='ocr_carea' id='block_1_5' title="bbox 2742 526 4635 611">
    <p class='ocr_par' dir='ltr' id='par_1_5' title="bbox 2782 526 4635 599">
     <span class='ocr_line' id='line_1_5' title="bbox 2782 526 4635 599; baseline -0.005 -12"><span class='ocrx_word' id='word_1_18' title='bbox 2782 552 2917 596; x_wconf 86' lang='lat' dir='ltr'><strong><em>sum,</em></strong></span> <span class='ocrx_word' id='word_1_19' title='bbox 2954 532 2997 591; x_wconf 84' lang='lat' dir='ltr'><strong>A</strong></span> <span class='ocrx_word' id='word_1_20' title='bbox 3040 532 3235 599; x_wconf 79' lang='grc' dir='ltr'><em>Ὑμεῖς</em></span> <span class='ocrx_word' id='word_1_21' title='bbox 3260 532 3593 586; x_wconf 82' lang='grc' dir='ltr'><em>ἐπίστασθε</em></span> <span class='ocrx_word' id='word_1_22' title='bbox 3612 531 3727 585; x_wconf 79' lang='grc' dir='ltr'><strong><em>ἀπὸ</em></strong></span> <span class='ocrx_word' id='word_1_23' title='bbox 3758 528 3860 597; x_wconf 73' lang='grc' dir='ltr'><strong><em>τῆς</em></strong></span> <span class='ocrx_word' id='word_1_24' title='bbox 3884 529 3927 561; x_wconf 80' lang='grc'><strong><em>⁸³</em></strong></span> <span class='ocrx_word' id='word_1_25' title='bbox 3953 526 4189 595; x_wconf 80' lang='grc' dir='ltr'><em>πρώτης</em></span> <span class='ocrx_word' id='word_1_26' title='bbox 4227 526 4469 595; x_wconf 77' lang='grc' dir='ltr'><em>ἡμέρας,</em></span> <span class='ocrx_word' id='word_1_27' title='bbox 4504 526 4635 592; x_wconf 56' lang='grc' dir='ltr'><strong><em>ἀφ’</em></strong></span> 
     </span>
    </p>
   </div>
   <div class='ocr_carea' id='block_1_6' title="bbox 1366 630 2933 704">
    <p class='ocr_par' dir='ltr' id='par_1_6' title="bbox 1366 630 2933 704">
     <span class='ocr_line' id='line_1_6' title="bbox 1366 630 2933 704; baseline -0.005 -17"><span class='ocrx_word' id='word_1_28' title='bbox 1366 635 1800 704; x_wconf 80' lang='lat' dir='ltr'><strong><em>quemadmodum</em></strong></span> <span class='ocrx_word' id='word_1_29' title='bbox 1855 649 1947 702; x_wconf 87' lang='lat' dir='ltr'><strong><em>per</em></strong></span> <span class='ocrx_word' id='word_1_30' title='bbox 2005 648 2156 685; x_wconf 89' lang='lat' dir='ltr'><strong><em>omne</em></strong></span> <span class='ocrx_word' id='word_1_31' title='bbox 2204 640 2403 699; x_wconf 86' lang='lat' dir='ltr'><strong><em>tempus</em></strong></span> <span class='ocrx_word' id='word_1_32' title='bbox 2466 630 2725 681; x_wconf 73' lang='lat' dir='ltr'><strong><em>vobiscum</em></strong></span> <span class='ocrx_word' id='word_1_33' title='bbox 2759 644 2933 680; x_wconf 82' lang='lat' dir='ltr'><strong><em>versa-</em></strong></span> 
     </span>
    </p>
   </div>
   <div class='ocr_carea' id='block_1_7' title="bbox 1368 729 1603 787">
    <p class='ocr_par' dir='ltr' id='par_1_7' title="bbox 1368 729 1603 787">
     <span class='ocr_line' id='line_1_7' title="bbox 1368 729 1603 787; baseline 0 -8"><span class='ocrx_word' id='word_1_34' title='bbox 1368 738 1450 779; x_wconf 86' lang='lat' dir='ltr'><strong><em>tus</em></strong></span> <span class='ocrx_word' id='word_1_35' title='bbox 1483 729 1603 787; x_wconf 84' lang='lat' dir='ltr'><strong><em>sint.</em></strong></span> 
     </span>
    </p>
   </div>
   <div class='ocr_carea' id='block_1_8' title="bbox 1444 810 2932 871">
    <p class='ocr_par' dir='ltr' id='par_1_8' title="bbox 1444 810 2932 871">
     <span class='ocr_line' id='line_1_8' title="bbox 1444 810 2932 871; baseline -0.005 -2"><span class='ocrx_word' id='word_1_36' title='bbox 1444 816 1605 870; x_wconf 74' lang='lat' dir='ltr'><strong><em>Vens.</em></strong></span> <span class='ocrx_word' id='word_1_37' title='bbox 1642 818 1723 871; x_wconf 75' lang='grc'><strong><em>19.</em></strong></span> <span class='ocrx_word' id='word_1_38' title='bbox 1774 816 2013 870; x_wconf 88' lang='lat' dir='ltr'><strong><em>Serviens</em></strong></span> <span class='ocrx_word' id='word_1_39' title='bbox 2048 814 2271 867; x_wconf 84' lang='lat' dir='ltr'><strong><em>Domino</em></strong></span> <span class='ocrx_word' id='word_1_40' title='bbox 2307 829 2422 865; x_wconf 88' lang='lat' dir='ltr'><strong><em>cum</em></strong></span> <span class='ocrx_word' id='word_1_41' title='bbox 2460 812 2602 864; x_wconf 87' lang='lat' dir='ltr'><strong><em>omni</em></strong></span> <span class='ocrx_word' id='word_1_42' title='bbox 2631 810 2801 863; x_wconf 86' lang='lat' dir='ltr'><strong><em>animi</em></strong></span> <span class='ocrx_word' id='word_1_43' title='bbox 2836 810 2932 861; x_wconf 85' lang='lat' dir='ltr'><strong><em>hu—</em></strong></span> 
     </span>
    </p>
   </div>
   <div class='ocr_carea' id='block_1_9' title="bbox 1368 903 2934 974">
    <p class='ocr_par' dir='ltr' id='par_1_9' title="bbox 1368 903 2934 974">
     <span class='ocr_line' id='line_1_9' title="bbox 1368 903 2934 974; baseline -0.004 -15"><span class='ocrx_word' id='word_1_44' title='bbox 1368 907 1591 959; x_wconf 87' lang='lat' dir='ltr'><strong><em>militate</em></strong></span> <span class='ocrx_word' id='word_1_45' title='bbox 1656 908 1934 974; x_wconf 74' lang='lat' dir='ltr'><strong><em>multisque</em></strong></span> <span class='ocrx_word' id='word_1_46' title='bbox 1980 905 2225 973; x_wconf 85' lang='lat' dir='ltr'><strong><em>lacrymis</em></strong></span> <span class='ocrx_word' id='word_1_47' title='bbox 2270 914 2320 957; x_wconf 87' lang='lat' dir='ltr'><strong><em>et</em></strong></span> <span class='ocrx_word' id='word_1_48' title='bbox 2366 903 2764 967; x_wconf 81' lang='lat' dir='ltr'><strong><em>tentationibus,</em></strong></span> <span class='ocrx_word' id='word_1_49' title='bbox 2819 916 2934 968; x_wconf 86' lang='lat' dir='ltr'><strong><em>qua:</em></strong></span> 
     </span>
    </p>
   </div>
   <div class='ocr_carea' id='block_1_10' title="bbox 1369 996 2584 1066">
    <p class='ocr_par' dir='ltr' id='par_1_10' title="bbox 1369 996 2584 1066">
     <span class='ocr_line' id='line_1_10' title="bbox 1369 996 2584 1066; baseline -0.004 -17"><span class='ocrx_word' id='word_1_50' title='bbox 1369 999 1496 1050; x_wconf 91' lang='lat' dir='ltr'><strong><em>mihi</em></strong></span> <span class='ocrx_word' id='word_1_51' title='bbox 1530 999 1830 1051; x_wconf 76' lang='lat' dir='ltr'><strong><em>acciderunt</em></strong></span> <span class='ocrx_word' id='word_1_52' title='bbox 1856 1014 1948 1066; x_wconf 87' lang='lat' dir='ltr'><strong><em>per</em></strong></span> <span class='ocrx_word' id='word_1_53' title='bbox 1978 997 2198 1049; x_wconf 85' lang='lat' dir='ltr'><strong><em>insidias</em></strong></span> <span class='ocrx_word' id='word_1_54' title='bbox 2230 996 2534 1048; x_wconf 70' lang='lat' dir='ltr'><strong><em>Juda’orum</em></strong></span> <span class='ocrx_word' id='word_1_55' title='bbox 2566 1008 2584 1045; x_wconf 83' lang='lat'><strong><em>.°</em></strong></span> 
     </span>
    </p>
   </div>
   <div class='ocr_carea' id='block_1_11' title="bbox 1442 1168 2935 1242">
    <p class='ocr_par' dir='ltr' id='par_1_11' title="bbox 1442 1168 2935 1242">
     <span class='ocr_line' id='line_1_11' title="bbox 1442 1168 2935 1242; baseline -0.005 -17"><span class='ocrx_word' id='word_1_56' title='bbox 1442 1175 1602 1227; x_wconf 73' lang='lat' dir='ltr'><strong><em>Vens.</em></strong></span> <span class='ocrx_word' id='word_1_57' title='bbox 1630 1174 1718 1227; x_wconf 67' lang='lat'><strong><em>20.</em></strong></span> <span class='ocrx_word' id='word_1_58' title='bbox 1761 1173 1824 1226; x_wconf 90' lang='lat' dir='ltr'><strong><em>Ut</em></strong></span> <span class='ocrx_word' id='word_1_59' title='bbox 1858 1174 1989 1229; x_wconf 91' lang='lat' dir='ltr'><strong><em>nihil</em></strong></span> <span class='ocrx_word' id='word_1_60' title='bbox 2023 1174 2161 1242; x_wconf 89' lang='lat' dir='ltr'><strong><em>quod</em></strong></span> <span class='ocrx_word' id='word_1_61' title='bbox 2188 1172 2317 1224; x_wconf 87' lang='lat' dir='ltr'><strong><em>utile</em></strong></span> <span class='ocrx_word' id='word_1_62' title='bbox 2370 1180 2501 1223; x_wconf 89' lang='lat' dir='ltr'><strong><em>esset</em></strong></span> <span class='ocrx_word' id='word_1_63' title='bbox 2536 1168 2935 1238; x_wconf 78' lang='lat' dir='ltr'><strong><em>suppresserim,</em></strong></span> 
     </span>
    </p>
   </div>
   <div class='ocr_carea' id='block_1_12' title="bbox 1368 1258 2936 1331">
    <p class='ocr_par' dir='ltr' id='par_1_12' title="bbox 1368 1258 2936 1331">
     <span class='ocr_line' id='line_1_12' title="bbox 1368 1258 2936 1331; baseline -0.003 -17"><span class='ocrx_word' id='word_1_64' title='bbox 1368 1266 1492 1331; x_wconf 82' lang='lat' dir='ltr'><strong><em>quin</em></strong></span> <span class='ocrx_word' id='word_1_65' title='bbox 1526 1266 1901 1317; x_wconf 82' lang='lat' dir='ltr'><strong><em>annnntiarein</em></strong></span> <span class='ocrx_word' id='word_1_66' title='bbox 1946 1264 2088 1317; x_wconf 82' lang='lat' dir='ltr'><strong><em>vobis</em></strong></span> <span class='ocrx_word' id='word_1_67' title='bbox 2122 1279 2183 1314; x_wconf 91' lang='lat' dir='ltr'><strong><em>ac</em></strong></span> <span class='ocrx_word' id='word_1_68' title='bbox 2228 1262 2464 1314; x_wconf 78' lang='lat' dir='ltr'><strong><em>docerem</em></strong></span> <span class='ocrx_word' id='word_1_69' title='bbox 2494 1276 2582 1314; x_wconf 84' lang='lat' dir='ltr'><strong><em>vos</em></strong></span> <span class='ocrx_word' id='word_1_70' title='bbox 2630 1258 2835 1327; x_wconf 76' lang='lat' dir='ltr'><strong><em>publice</em></strong></span> <span class='ocrx_word' id='word_1_71' title='bbox 2888 1266 2936 1310; x_wconf 92' lang='lat' dir='ltr'><strong><em>et</em></strong></span> 
     </span>
    </p>
   </div>
   <div class='ocr_carea' id='block_1_13' title="bbox 1368 1354 2051 1422">
    <p class='ocr_par' dir='ltr' id='par_1_13' title="bbox 1368 1354 2051 1422">
     <span class='ocr_line' id='line_1_13' title="bbox 1368 1354 2051 1422; baseline 0 -16"><span class='ocrx_word' id='word_1_72' title='bbox 1368 1354 1512 1406; x_wconf 84' lang='lat' dir='ltr'><strong><em>intra</em></strong></span> <span class='ocrx_word' id='word_1_73' title='bbox 1542 1355 1777 1422; x_wconf 84' lang='lat' dir='ltr'><strong><em>privatos</em></strong></span> <span class='ocrx_word' id='word_1_74' title='bbox 1802 1356 2051 1421; x_wconf 75' lang='lat' dir='ltr'><strong><em>parietes,</em></strong></span> 
     </span>
    </p>
   </div>
   <div class='ocr_carea' id='block_1_14' title="bbox 1445 1441 2938 1513">
    <p class='ocr_par' dir='ltr' id='par_1_14' title="bbox 1445 1441 2938 1513">
     <span class='ocr_line' id='line_1_14' title="bbox 1445 1441 2938 1513; baseline -0.003 -15"><span class='ocrx_word' id='word_1_75' title='bbox 1445 1445 1607 1501; x_wconf 69' lang='lat' dir='ltr'><strong><em>Vens.</em></strong></span> <span class='ocrx_word' id='word_1_76' title='bbox 1637 1447 1723 1500; x_wconf 75' lang='grc'><strong><em>21.</em></strong></span> <span class='ocrx_word' id='word_1_77' title='bbox 1764 1447 2069 1513; x_wconf 81' lang='lat' dir='ltr'><strong><em>Testiﬁcans</em></strong></span> <span class='ocrx_word' id='word_1_78' title='bbox 2117 1444 2317 1497; x_wconf 80' lang='lat' dir='ltr'><strong><em>Juda&#39;is</em></strong></span> <span class='ocrx_word' id='word_1_79' title='bbox 2353 1453 2508 1511; x_wconf 90' lang='lat' dir='ltr'><strong><em>atque</em></strong></span> <span class='ocrx_word' id='word_1_80' title='bbox 2532 1442 2733 1496; x_wconf 81' lang='lat' dir='ltr'><strong><em>Cra&#39;cis</em></strong></span> <span class='ocrx_word' id='word_1_81' title='bbox 2770 1441 2938 1509; x_wconf 66' lang='lat' dir='ltr'><strong><em>paeni-</em></strong></span> 
     </span>
    </p>
   </div>
   <div class='ocr_carea' id='block_1_15' title="bbox 1372 1535 2938 1607">
    <p class='ocr_par' dir='ltr' id='par_1_15' title="bbox 1372 1535 2938 1607">
     <span class='ocr_line' id='line_1_15' title="bbox 1372 1535 2938 1607; baseline -0.002 -18"><span class='ocrx_word' id='word_1_82' title='bbox 1372 1539 1591 1591; x_wconf 82' lang='lat' dir='ltr'><strong><em>tentiam</em></strong></span> <span class='ocrx_word' id='word_1_83' title='bbox 1621 1555 1741 1607; x_wconf 85' lang='lat' dir='ltr'><strong><em>erga</em></strong></span> <span class='ocrx_word' id='word_1_84' title='bbox 1771 1538 1957 1601; x_wconf 89' lang='lat' dir='ltr'><strong><em>Deum,</em></strong></span> <span class='ocrx_word' id='word_1_85' title='bbox 2018 1545 2065 1589; x_wconf 87' lang='lat' dir='ltr'><strong><em>et</em></strong></span> <span class='ocrx_word' id='word_1_86' title='bbox 2094 1536 2249 1605; x_wconf 82' lang='lat' dir='ltr'><strong><em>[idem</em></strong></span> <span class='ocrx_word' id='word_1_87' title='bbox 2292 1536 2345 1588; x_wconf 86' lang='lat' dir='ltr'><strong><em>in</em></strong></span> <span class='ocrx_word' id='word_1_88' title='bbox 2376 1535 2659 1588; x_wconf 81' lang='lat' dir='ltr'><strong><em>Dominum</em></strong></span> <span class='ocrx_word' id='word_1_89' title='bbox 2700 1542 2938 1587; x_wconf 86' lang='lat' dir='ltr'><strong><em>nostrum</em></strong></span> 
     </span>
    </p>
   </div>
   <div class='ocr_carea' id='block_1_16' title="bbox 1368 1628 1572 1681">
    <p class='ocr_par' dir='ltr' id='par_1_16' title="bbox 1368 1628 1572 1681">
     <span class='ocr_line' id='line_1_16' title="bbox 1368 1628 1572 1681; baseline 0.01 -2"><span class='ocrx_word' id='word_1_90' title='bbox 1368 1628 1572 1681; x_wconf 69' lang='lat' dir='ltr'><strong><em>Iesum.</em></strong></span> 
     </span>
    </p>
   </div>
   <div class='ocr_carea' id='block_1_17' title="bbox 1438 1716 2937 1785">
    <p class='ocr_par' dir='ltr' id='par_1_17' title="bbox 1438 1716 2937 1785">
     <span class='ocr_line' id='line_1_17' title="bbox 1438 1716 2937 1785; baseline -0.003 -12"><span class='ocrx_word' id='word_1_91' title='bbox 1438 1720 1570 1773; x_wconf 85' lang='lat' dir='ltr'><strong><em>Cum</em></strong></span> <span class='ocrx_word' id='word_1_92' title='bbox 1600 1720 1740 1772; x_wconf 85' lang='lat' dir='ltr'><strong><em>omni</em></strong></span> <span class='ocrx_word' id='word_1_93' title='bbox 1774 1720 1939 1772; x_wconf 87' lang='lat' dir='ltr'><strong><em>animi</em></strong></span> <span class='ocrx_word' id='word_1_94' title='bbox 1971 1718 2292 1771; x_wconf 74' lang='lat' dir='ltr'><strong><em>humilitate.</em></strong></span> <span class='ocrx_word' id='word_1_95' title='bbox 2314 1716 2430 1771; x_wconf 83' lang='lat' dir='ltr'><strong><em>Non</em></strong></span> <span class='ocrx_word' id='word_1_96' title='bbox 2468 1716 2593 1771; x_wconf 85' lang='lat' dir='ltr'><strong><em>dicit</em></strong></span> <span class='ocrx_word' id='word_1_97' title='bbox 2618 1716 2772 1785; x_wconf 72' lang='lat'><strong><em>151</em></strong></span> <span class='ocrx_word' id='word_1_98' title='bbox 2804 1717 2937 1769; x_wconf 85' lang='lat' dir='ltr'><strong><em>sim-</em></strong></span> 
     </span>
    </p>
   </div>
   <div class='ocr_carea' id='block_1_18' title="bbox 1369 1808 2934 1880">
    <p class='ocr_par' dir='ltr' id='par_1_18' title="bbox 1369 1808 2934 1880">
     <span class='ocr_line' id='line_1_18' title="bbox 1369 1808 2934 1880; baseline 0.001 -19"><span class='ocrx_word' id='word_1_99' title='bbox 1369 1812 1605 1880; x_wconf 74' lang='lat' dir='ltr'><strong><em>pliciter,</em></strong></span> <span class='ocrx_word' id='word_1_100' title='bbox 1662 1810 1798 1865; x_wconf 88' lang='lat' dir='ltr'><strong><em>Cum</em></strong></span> <span class='ocrx_word' id='word_1_101' title='bbox 1860 1809 2024 1863; x_wconf 90' lang='lat' dir='ltr'><strong><em>animi</em></strong></span> <span class='ocrx_word' id='word_1_102' title='bbox 2062 1810 2391 1871; x_wconf 85' lang='lat' dir='ltr'><strong><em>humilitate,</em></strong></span> <span class='ocrx_word' id='word_1_103' title='bbox 2446 1808 2566 1872; x_wconf 87' lang='lat' dir='ltr'><strong><em>sed,</em></strong></span> <span class='ocrx_word' id='word_1_104' title='bbox 2594 1808 2732 1863; x_wconf 88' lang='lat' dir='ltr'><strong><em>Cum</em></strong></span> <span class='ocrx_word' id='word_1_105' title='bbox 2769 1808 2934 1862; x_wconf 89' lang='lat' dir='ltr'><strong><em>omni.</em></strong></span> 
     </span>
    </p>
   </div>
   <div class='ocr_carea' id='block_1_19' title="bbox 1372 1899 2938 1970">
    <p class='ocr_par' dir='ltr' id='par_1_19' title="bbox 1372 1899 2938 1970">
     <span class='ocr_line' id='line_1_19' title="bbox 1372 1899 2938 1970; baseline -0.002 -17"><span class='ocrx_word' id='word_1_106' title='bbox 1372 1902 1548 1954; x_wconf 76' lang='lat' dir='ltr'><strong><em>Multa:</em></strong></span> <span class='ocrx_word' id='word_1_107' title='bbox 1574 1909 1701 1955; x_wconf 89' lang='lat' dir='ltr'><strong><em>sunt</em></strong></span> <span class='ocrx_word' id='word_1_108' title='bbox 1736 1901 1876 1954; x_wconf 90' lang='lat' dir='ltr'><strong><em>enim</em></strong></span> <span class='ocrx_word' id='word_1_109' title='bbox 1904 1902 2115 1970; x_wconf 89' lang='lat' dir='ltr'><strong><em>species</em></strong></span> <span class='ocrx_word' id='word_1_110' title='bbox 2150 1900 2315 1954; x_wconf 86' lang='lat' dir='ltr'><strong><em>animi</em></strong></span> <span class='ocrx_word' id='word_1_111' title='bbox 2360 1900 2709 1954; x_wconf 85' lang='lat' dir='ltr'><strong><em>demissionis</em></strong></span> <span class='ocrx_word' id='word_1_112' title='bbox 2739 1909 2795 1952; x_wconf 91' lang='lat' dir='ltr'><strong><em>et</em></strong></span> <span class='ocrx_word' id='word_1_113' title='bbox 2835 1899 2938 1951; x_wconf 87' lang='lat' dir='ltr'><strong><em>bu-</em></strong></span> 
     </span>
    </p>
   </div>
   <div class='ocr_carea' id='block_1_20' title="bbox 1374 1991 2941 2056">
    <p class='ocr_par' dir='ltr' id='par_1_20' title="bbox 1374 1991 2941 2056">
     <span class='ocr_line' id='line_1_20' title="bbox 1374 1991 2941 2056; baseline 0.001 -13"><span class='ocrx_word' id='word_1_114' title='bbox 1374 1994 1613 2046; x_wconf 78' lang='lat' dir='ltr'><strong><em>militatis</em></strong></span> <span class='ocrx_word' id='word_1_115' title='bbox 1656 2010 1669 2043; x_wconf 87' lang='lat'>:</span> <span class='ocrx_word' id='word_1_116' title='bbox 1716 1992 1771 2046; x_wconf 91' lang='lat' dir='ltr'><strong><em>in</em></strong></span> <span class='ocrx_word' id='word_1_117' title='bbox 1840 1994 2039 2056; x_wconf 76' lang='lat' dir='ltr'><strong><em>verbis,</em></strong></span> <span class='ocrx_word' id='word_1_118' title='bbox 2071 1994 2124 2045; x_wconf 86' lang='lat' dir='ltr'><strong><em>in</em></strong></span> <span class='ocrx_word' id='word_1_119' title='bbox 2166 1992 2344 2055; x_wconf 79' lang='lat' dir='ltr'><strong><em>factis,</em></strong></span> <span class='ocrx_word' id='word_1_120' title='bbox 2405 1993 2615 2045; x_wconf 83' lang='lat' dir='ltr'><strong><em>scilicet</em></strong></span> <span class='ocrx_word' id='word_1_121' title='bbox 2676 1991 2941 2045; x_wconf 85' lang='lat' dir='ltr'><strong><em>adversus</em></strong></span> 
     </span>
    </p>
   </div>
   <div class='ocr_carea' id='block_1_21' title="bbox 1372 2081 2941 2152">
    <p class='ocr_par' dir='ltr' id='par_1_21' title="bbox 1372 2081 2941 2152">
     <span class='ocr_line' id='line_1_21' title="bbox 1372 2081 2941 2152; baseline 0.001 -19"><span class='ocrx_word' id='word_1_122' title='bbox 1372 2084 1667 2152; x_wconf 83' lang='lat' dir='ltr'><strong><em>principes,</em></strong></span> <span class='ocrx_word' id='word_1_123' title='bbox 1703 2084 1963 2137; x_wconf 86' lang='lat' dir='ltr'><strong><em>adversus</em></strong></span> <span class='ocrx_word' id='word_1_124' title='bbox 1996 2084 2260 2137; x_wconf 84' lang='lat' dir='ltr'><strong><em>subditos.</em></strong></span> <span class='ocrx_word' id='word_1_125' title='bbox 2300 2081 2545 2135; x_wconf 76' lang='lat' dir='ltr'><strong><em>Evocavit</em></strong></span> <span class='ocrx_word' id='word_1_126' title='bbox 2581 2082 2809 2135; x_wconf 78' lang='lat' dir='ltr'><strong><em>seniores</em></strong></span> <span class='ocrx_word' id='word_1_127' title='bbox 2841 2082 2941 2135; x_wconf 86' lang='lat' dir='ltr'><strong><em>Ec-</em></strong></span> 
     </span>
    </p>
   </div>
   <div class='ocr_carea' id='block_1_22' title="bbox 1372 2173 2943 2242">
    <p class='ocr_par' dir='ltr' id='par_1_22' title="bbox 1372 2173 2943 2242">
     <span class='ocr_line' id='line_1_22' title="bbox 1372 2173 2943 2242; baseline 0.001 -17"><span class='ocrx_word' id='word_1_128' title='bbox 1372 2174 1566 2228; x_wconf 77' lang='lat' dir='ltr'><strong><em>rlesitv.</em></strong></span> <span class='ocrx_word' id='word_1_129' title='bbox 1608 2173 1873 2238; x_wconf 84' lang='lat' dir='ltr'><strong><em>Quoniam</em></strong></span> <span class='ocrx_word' id='word_1_130' title='bbox 1928 2175 2092 2242; x_wconf 77' lang='lat' dir='ltr'><strong><em>vulgo</em></strong></span> <span class='ocrx_word' id='word_1_131' title='bbox 2127 2173 2401 2242; x_wconf 83' lang='lat' dir='ltr'><strong><em>incognila</em></strong></span> <span class='ocrx_word' id='word_1_132' title='bbox 2457 2180 2540 2226; x_wconf 86' lang='lat' dir='ltr'><strong><em>est</em></strong></span> <span class='ocrx_word' id='word_1_133' title='bbox 2579 2173 2943 2238; x_wconf 82' lang='lat' dir='ltr'><strong><em>consuetudo,</em></strong></span> 
     </span>
    </p>
   </div>
   <div class='ocr_carea' id='block_1_23' title="bbox 1376 2260 2938 2332">
    <p class='ocr_par' dir='ltr' id='par_1_23' title="bbox 1376 2260 2938 2332">
     <span class='ocr_line' id='line_1_23' title="bbox 1376 2260 2938 2332; baseline 0.001 -18"><span class='ocrx_word' id='word_1_134' title='bbox 1376 2264 1608 2317; x_wconf 77' lang='lat' dir='ltr'><strong><em>maxime</em></strong></span> <span class='ocrx_word' id='word_1_135' title='bbox 1648 2263 1782 2316; x_wconf 75' lang='lat' dir='ltr'><strong><em>Novi</em></strong></span> <span class='ocrx_word' id='word_1_136' title='bbox 1808 2260 2140 2316; x_wconf 86' lang='lat' dir='ltr'><strong><em>Testamenti</em></strong></span> <span class='ocrx_word' id='word_1_137' title='bbox 2169 2278 2262 2316; x_wconf 89' lang='lat' dir='ltr'><strong><em>seu</em></strong></span> <span class='ocrx_word' id='word_1_138' title='bbox 2289 2262 2660 2331; x_wconf 84' lang='lat' dir='ltr'><strong><em>dispositionis</em></strong></span> <span class='ocrx_word' id='word_1_139' title='bbox 2700 2277 2938 2332; x_wconf 83' lang='lat' dir='ltr'><strong><em>evange-</em></strong></span> 
     </span>
    </p>
   </div>
   <div class='ocr_carea' id='block_1_24' title="bbox 1376 2352 2941 2421">
    <p class='ocr_par' dir='ltr' id='par_1_24' title="bbox 1376 2352 2941 2421">
     <span class='ocr_line' id='line_1_24' title="bbox 1376 2352 2941 2421; baseline 0.001 -19"><span class='ocrx_word' id='word_1_140' title='bbox 1376 2354 1532 2406; x_wconf 72' lang='lat' dir='ltr'><strong><em>licae:</em></strong></span> <span class='ocrx_word' id='word_1_141' title='bbox 1572 2368 1677 2421; x_wconf 88' lang='lat' dir='ltr'><strong><em>qua</em></strong></span> <span class='ocrx_word' id='word_1_142' title='bbox 1709 2353 2107 2406; x_wconf 86' lang='lat' dir='ltr'><strong><em>consuetudine</em></strong></span> <span class='ocrx_word' id='word_1_143' title='bbox 2144 2352 2409 2421; x_wconf 85' lang='lat' dir='ltr'><strong><em>episcopi,</em></strong></span> <span class='ocrx_word' id='word_1_144' title='bbox 2468 2353 2768 2421; x_wconf 88' lang='lat' dir='ltr'><strong><em>presbyteri</em></strong></span> <span class='ocrx_word' id='word_1_145' title='bbox 2844 2368 2941 2405; x_wconf 88' lang='lat' dir='ltr'><strong><em>seu</em></strong></span> 
     </span>
    </p>
   </div>
   <div class='ocr_carea' id='block_1_25' title="bbox 1377 2441 2938 2514">
    <p class='ocr_par' dir='ltr' id='par_1_25' title="bbox 1377 2441 2938 2514">
     <span class='ocr_line' id='line_1_25' title="bbox 1377 2441 2938 2514; baseline 0.001 -20"><span class='ocrx_word' id='word_1_146' title='bbox 1377 2453 1507 2495; x_wconf 86' lang='lat' dir='ltr'><strong><em>natu</em></strong></span> <span class='ocrx_word' id='word_1_147' title='bbox 1560 2442 1794 2510; x_wconf 83' lang='lat' dir='ltr'><strong><em>majores</em></strong></span> <span class='ocrx_word' id='word_1_148' title='bbox 1848 2441 2218 2505; x_wconf 81' lang='lat' dir='ltr'><strong><em>nominantur,</em></strong></span> <span class='ocrx_word' id='word_1_149' title='bbox 2246 2452 2300 2495; x_wconf 88' lang='lat' dir='ltr'><strong><em>et</em></strong></span> <span class='ocrx_word' id='word_1_150' title='bbox 2346 2442 2582 2514; x_wconf 72' lang='lat' dir='ltr'><strong><em>[contra]</em></strong></span> <span class='ocrx_word' id='word_1_151' title='bbox 2616 2442 2938 2512; x_wconf 75' lang='lat' dir='ltr'><strong><em>presbyteri,</em></strong></span> 
     </span>
    </p>
   </div>
   <div class='ocr_carea' id='block_1_26' title="bbox 1375 2532 2941 2600">
    <p class='ocr_par' dir='ltr' id='par_1_26' title="bbox 1375 2532 2941 2600">
     <span class='ocr_line' id='line_1_26' title="bbox 1375 2532 2941 2600; baseline 0 -16"><span class='ocrx_word' id='word_1_152' title='bbox 1375 2533 1615 2600; x_wconf 84' lang='lat' dir='ltr'><strong><em>episcopi</em></strong></span> <span class='ocrx_word' id='word_1_153' title='bbox 1646 2549 1658 2584; x_wconf 91' lang='lat'><strong>:</strong></span> <span class='ocrx_word' id='word_1_154' title='bbox 1705 2533 1866 2586; x_wconf 88' lang='lat' dir='ltr'><strong><em>etiam</em></strong></span> <span class='ocrx_word' id='word_1_155' title='bbox 1893 2534 1993 2586; x_wconf 90' lang='lat' dir='ltr'><strong><em>boc</em></strong></span> <span class='ocrx_word' id='word_1_156' title='bbox 2026 2541 2269 2586; x_wconf 86' lang='lat' dir='ltr'><strong><em>notatum</em></strong></span> <span class='ocrx_word' id='word_1_157' title='bbox 2300 2542 2404 2596; x_wconf 82' lang='lat' dir='ltr'><strong><em>est,</em></strong></span> <span class='ocrx_word' id='word_1_158' title='bbox 2429 2548 2550 2587; x_wconf 91' lang='lat' dir='ltr'><strong><em>cum</em></strong></span> <span class='ocrx_word' id='word_1_159' title='bbox 2577 2550 2641 2587; x_wconf 84' lang='lat' dir='ltr'><strong><em>ex</em></strong></span> <span class='ocrx_word' id='word_1_160' title='bbox 2673 2532 2775 2587; x_wconf 86' lang='lat' dir='ltr'><strong><em>hoc</em></strong></span> <span class='ocrx_word' id='word_1_161' title='bbox 2804 2534 2941 2594; x_wconf 86' lang='lat' dir='ltr'><strong><em>loco,</em></strong></span> 
     </span>
    </p>
   </div>
   <div class='ocr_carea' id='block_1_27' title="bbox 1375 2624 2940 2692">
    <p class='ocr_par' dir='ltr' id='par_1_27' title="bbox 1375 2624 2940 2692">
     <span class='ocr_line' id='line_1_27' title="bbox 1375 2624 2940 2692; baseline 0.001 -17"><span class='ocrx_word' id='word_1_162' title='bbox 1375 2632 1486 2676; x_wconf 83' lang='lat' dir='ltr'><strong><em>tum</em></strong></span> <span class='ocrx_word' id='word_1_163' title='bbox 1542 2641 1607 2677; x_wconf 79' lang='lat' dir='ltr'><strong><em>ex</em></strong></span> <span class='ocrx_word' id='word_1_164' title='bbox 1667 2624 1906 2692; x_wconf 77' lang='lat' dir='ltr'><strong><em>Epistula</em></strong></span> <span class='ocrx_word' id='word_1_165' title='bbox 1956 2624 2023 2677; x_wconf 88' lang='lat' dir='ltr'><strong><em>ad</em></strong></span> <span class='ocrx_word' id='word_1_166' title='bbox 2082 2624 2302 2677; x_wconf 85' lang='lat' dir='ltr'><strong><em>Titum:</em></strong></span> <span class='ocrx_word' id='word_1_167' title='bbox 2340 2633 2602 2692; x_wconf 82' lang='lat' dir='ltr'><strong><em>praeterea</em></strong></span> <span class='ocrx_word' id='word_1_168' title='bbox 2653 2625 2814 2677; x_wconf 86' lang='lat' dir='ltr'><strong><em>etiam</em></strong></span> <span class='ocrx_word' id='word_1_169' title='bbox 2874 2640 2940 2679; x_wconf 80' lang='lat' dir='ltr'><strong><em>ex</em></strong></span> 
     </span>
    </p>
   </div>
   <div class='ocr_carea' id='block_1_28' title="bbox 1374 2717 2940 2786">
    <p class='ocr_par' dir='ltr' id='par_1_28' title="bbox 1374 2717 2940 2786">
     <span class='ocr_line' id='line_1_28' title="bbox 1374 2717 2940 2786; baseline 0.001 -17"><span class='ocrx_word' id='word_1_170' title='bbox 1374 2718 1610 2784; x_wconf 72' lang='lat' dir='ltr'><strong><em>Epistola</em></strong></span> <span class='ocrx_word' id='word_1_171' title='bbox 1640 2717 1707 2771; x_wconf 90' lang='lat' dir='ltr'><strong><em>ad</em></strong></span> <span class='ocrx_word' id='word_1_172' title='bbox 1744 2718 2118 2785; x_wconf 85' lang='lat' dir='ltr'><strong><em>Philippenses</em></strong></span> <span class='ocrx_word' id='word_1_173' title='bbox 2148 2733 2161 2767; x_wconf 89' lang='lat'><strong>:</strong></span> <span class='ocrx_word' id='word_1_174' title='bbox 2200 2717 2341 2770; x_wconf 89' lang='lat' dir='ltr'><strong><em>scire</em></strong></span> <span class='ocrx_word' id='word_1_175' title='bbox 2368 2718 2497 2770; x_wconf 86' lang='lat' dir='ltr'><strong><em>item</em></strong></span> <span class='ocrx_word' id='word_1_176' title='bbox 2537 2718 2834 2786; x_wconf 85' lang='lat' dir='ltr'><strong><em>poterimus</em></strong></span> <span class='ocrx_word' id='word_1_177' title='bbox 2872 2734 2940 2770; x_wconf 89' lang='lat' dir='ltr'><strong><em>an</em></strong></span> 
     </span>
    </p>
   </div>
   <div class='ocr_carea' id='block_1_29' title="bbox 1370 2810 2939 2878">
    <p class='ocr_par' dir='ltr' id='par_1_29' title="bbox 1370 2810 2939 2878">
     <span class='ocr_line' id='line_1_29' title="bbox 1370 2810 2939 2878; baseline -0.001 -15"><span class='ocrx_word' id='word_1_178' title='bbox 1370 2811 1534 2863; x_wconf 88' lang='lat' dir='ltr'><strong><em>etiam</em></strong></span> <span class='ocrx_word' id='word_1_179' title='bbox 1569 2827 1629 2864; x_wconf 83' lang='lat' dir='ltr'><strong><em>ex</em></strong></span> <span class='ocrx_word' id='word_1_180' title='bbox 1656 2826 1742 2873; x_wconf 87' lang='lat' dir='ltr'><strong><em>eo,</em></strong></span> <span class='ocrx_word' id='word_1_181' title='bbox 1775 2810 1916 2878; x_wconf 88' lang='lat' dir='ltr'><strong><em>quod</em></strong></span> <span class='ocrx_word' id='word_1_182' title='bbox 1940 2824 2281 2877; x_wconf 88' lang='lat' dir='ltr'><strong><em>consequens</em></strong></span> <span class='ocrx_word' id='word_1_183' title='bbox 2320 2818 2483 2877; x_wconf 81' lang='lat' dir='ltr'><strong><em>atque</em></strong></span> <span class='ocrx_word' id='word_1_184' title='bbox 2509 2817 2939 2863; x_wconf 81' lang='lat' dir='ltr'><strong><em>consentaneum</em></strong></span> 
     </span>
    </p>
   </div>
   <div class='ocr_carea' id='block_1_30' title="bbox 1374 2898 2943 2968">
    <p class='ocr_par' dir='ltr' id='par_1_30' title="bbox 1374 2898 2943 2968">
     <span class='ocr_line' id='line_1_30' title="bbox 1374 2898 2943 2968; baseline -0.001 -16"><span class='ocrx_word' id='word_1_185' title='bbox 1374 2908 1478 2963; x_wconf 82' lang='lat' dir='ltr'><strong><em>est,</em></strong></span> <span class='ocrx_word' id='word_1_186' title='bbox 1517 2899 1657 2951; x_wconf 87' lang='lat' dir='ltr'><strong><em>idem</em></strong></span> <span class='ocrx_word' id='word_1_187' title='bbox 1712 2899 2073 2968; x_wconf 80' lang='lat' dir='ltr'><strong><em>colligendum</em></strong></span> <span class='ocrx_word' id='word_1_188' title='bbox 2126 2898 2196 2950; x_wconf 91' lang='lat' dir='ltr'><strong><em>sit</em></strong></span> <span class='ocrx_word' id='word_1_189' title='bbox 2225 2898 2389 2951; x_wconf 87' lang='lat' dir='ltr'><strong><em>etiam</em></strong></span> <span class='ocrx_word' id='word_1_190' title='bbox 2431 2914 2493 2952; x_wconf 77' lang='lat' dir='ltr'><strong><em>ex</em></strong></span> <span class='ocrx_word' id='word_1_191' title='bbox 2536 2898 2774 2966; x_wconf 79' lang='lat' dir='ltr'><strong><em>Epistola</em></strong></span> <span class='ocrx_word' id='word_1_192' title='bbox 2808 2898 2832 2950; x_wconf 80' lang='grc'><strong>1</strong></span> <span class='ocrx_word' id='word_1_193' title='bbox 2876 2898 2943 2951; x_wconf 88' lang='lat' dir='ltr'><strong><em>ad</em></strong></span> 
     </span>
    </p>
   </div>
   <div class='ocr_carea' id='block_1_31' title="bbox 1373 2989 2943 3057">
    <p class='ocr_par' dir='ltr' id='par_1_31' title="bbox 1373 2989 2943 3057">
     <span class='ocr_line' id='line_1_31' title="bbox 1373 2989 2943 3057; baseline 0.001 -16"><span class='ocrx_word' id='word_1_194' title='bbox 1373 2990 1741 3045; x_wconf 86' lang='lat' dir='ltr'><strong><em>Timotheum.</em></strong></span> <span class='ocrx_word' id='word_1_195' title='bbox 1783 2990 1849 3043; x_wconf 89' lang='lat' dir='ltr'><strong><em>Et</em></strong></span> <span class='ocrx_word' id='word_1_196' title='bbox 1887 3006 1955 3043; x_wconf 70' lang='lat' dir='ltr'><strong><em>ex</em></strong></span> <span class='ocrx_word' id='word_1_197' title='bbox 1991 2989 2144 3042; x_wconf 81' lang='lat' dir='ltr'><strong><em>Actis</em></strong></span> <span class='ocrx_word' id='word_1_198' title='bbox 2170 2990 2387 3057; x_wconf 88' lang='lat' dir='ltr'><strong><em>quidem</em></strong></span> <span class='ocrx_word' id='word_1_199' title='bbox 2438 2990 2504 3043; x_wconf 92' lang='lat' dir='ltr'><strong><em>de</em></strong></span> <span class='ocrx_word' id='word_1_200' title='bbox 2562 2989 2661 3041; x_wconf 91' lang='lat' dir='ltr'><strong><em>hac</em></strong></span> <span class='ocrx_word' id='word_1_201' title='bbox 2696 3007 2751 3043; x_wconf 88' lang='lat' dir='ltr'><strong><em>re</em></strong></span> <span class='ocrx_word' id='word_1_202' title='bbox 2812 2990 2943 3043; x_wconf 80' lang='lat' dir='ltr'><strong><em>lidcs</em></strong></span> 
     </span>
    </p>
   </div>
   <div class='ocr_carea' id='block_1_32' title="bbox 1376 3080 2945 3149">
    <p class='ocr_par' dir='ltr' id='par_1_32' title="bbox 1376 3080 2945 3149">
     <span class='ocr_line' id='line_1_32' title="bbox 1376 3080 2945 3149; baseline 0.001 -18"><span class='ocrx_word' id='word_1_203' title='bbox 1376 3080 1489 3135; x_wconf 71' lang='lat' dir='ltr'><strong><em>lieni</em></strong></span> <span class='ocrx_word' id='word_1_204' title='bbox 1520 3088 1716 3147; x_wconf 80' lang='lat' dir='ltr'><strong><em>potest.</em></strong></span> <span class='ocrx_word' id='word_1_205' title='bbox 1750 3080 2025 3149; x_wconf 88' lang='lat' dir='ltr'><strong><em>Scriptum</em></strong></span> <span class='ocrx_word' id='word_1_206' title='bbox 2048 3088 2129 3133; x_wconf 88' lang='lat' dir='ltr'><strong><em>est</em></strong></span> <span class='ocrx_word' id='word_1_207' title='bbox 2156 3080 2302 3133; x_wconf 89' lang='lat' dir='ltr'><strong><em>enim</em></strong></span> <span class='ocrx_word' id='word_1_208' title='bbox 2335 3080 2415 3134; x_wconf 91' lang='lat' dir='ltr'><strong><em>sic</em></strong></span> <span class='ocrx_word' id='word_1_209' title='bbox 2452 3096 2468 3134; x_wconf 87' lang='lat'>:</span> <span class='ocrx_word' id='word_1_210' title='bbox 2520 3080 2603 3133; x_wconf 76' lang='lat' dir='ltr'><strong><em>Ex</em></strong></span> <span class='ocrx_word' id='word_1_211' title='bbox 2641 3081 2816 3134; x_wconf 80' lang='lat' dir='ltr'><strong><em>Mileto</em></strong></span> <span class='ocrx_word' id='word_1_212' title='bbox 2847 3098 2945 3132; x_wconf 85' lang='lat' dir='ltr'><strong><em>au-</em></strong></span> 
     </span>
    </p>
   </div>
   <div class='ocr_carea' id='block_1_33' title="bbox 3022 616 4638 689">
    <p class='ocr_par' dir='ltr' id='par_1_33' title="bbox 3022 616 4638 689">
     <span class='ocr_line' id='line_1_33' title="bbox 3022 616 4638 689; baseline -0.008 -10"><span class='ocrx_word' id='word_1_213' title='bbox 3022 617 3109 689; x_wconf 82' lang='grc' dir='ltr'><strong><em>,ἧς</em></strong></span> <span class='ocrx_word' id='word_1_214' title='bbox 3144 621 3365 688; x_wconf 79' lang='grc' dir='ltr'><em>ἐπέϐην</em></span> <span class='ocrx_word' id='word_1_215' title='bbox 3389 624 3475 686; x_wconf 86' lang='grc' dir='ltr'><strong><em>είς</em></strong></span> <span class='ocrx_word' id='word_1_216' title='bbox 3502 620 3616 687; x_wconf 76' lang='grc' dir='ltr'><strong><em>τὴν</em></strong></span> <span class='ocrx_word' id='word_1_217' title='bbox 3661 622 3892 681; x_wconf 78' lang='grc' dir='ltr'><em>Ἀσίαν,</em></span> <span class='ocrx_word' id='word_1_218' title='bbox 3947 617 4072 684; x_wconf 84' lang='grc' dir='ltr'><em>πῶς</em></span> <span class='ocrx_word' id='word_1_219' title='bbox 4129 619 4257 687; x_wconf 82' lang='grc' dir='ltr'><em>μεθ’</em></span> <span class='ocrx_word' id='word_1_220' title='bbox 4304 616 4475 685; x_wconf 71' lang='grc' dir='ltr'><em>ὑμῶν</em></span> <span class='ocrx_word' id='word_1_221' title='bbox 4502 616 4638 668; x_wconf 78' lang='grc' dir='ltr'><strong><em>τὸν</em></strong></span> 
     </span>
    </p>
   </div>
   <div class='ocr_carea' id='block_1_34' title="bbox 3036 710 3813 778">
    <p class='ocr_par' dir='ltr' id='par_1_34' title="bbox 3036 710 3813 778">
     <span class='ocr_line' id='line_1_34' title="bbox 3036 710 3813 778; baseline 0 -16"><span class='ocrx_word' id='word_1_222' title='bbox 3036 710 3232 763; x_wconf 81' lang='grc' dir='ltr'><em>πάντα</em></span> <span class='ocrx_word' id='word_1_223' title='bbox 3256 714 3476 778; x_wconf 78' lang='grc' dir='ltr'><em>χρόνον</em></span> <span class='ocrx_word' id='word_1_224' title='bbox 3499 711 3813 778; x_wconf 78' lang='grc' dir='ltr'><em>ἐγενόμην,</em></span> 
     </span>
    </p>
   </div>
   <div class='ocr_carea' id='block_1_35' title="bbox 3108 801 4635 869">
    <p class='ocr_par' dir='ltr' id='par_1_35' title="bbox 3108 801 4635 869">
     <span class='ocr_line' id='line_1_35' title="bbox 3108 801 4635 869; baseline -0.001 -16"><span class='ocrx_word' id='word_1_225' title='bbox 3108 804 3419 855; x_wconf 83' lang='grc' dir='ltr'><em>Δουλεύων</em></span> <span class='ocrx_word' id='word_1_226' title='bbox 3450 801 3527 866; x_wconf 81' lang='grc' dir='ltr'><strong><em>τῷ</em></strong></span> <span class='ocrx_word' id='word_1_227' title='bbox 3566 802 3762 869; x_wconf 81' lang='grc' dir='ltr'><strong><em>Κυρίῳ</em></strong></span> <span class='ocrx_word' id='word_1_228' title='bbox 3792 801 3938 867; x_wconf 83' lang='grc' dir='ltr'><em>μετὰ</em></span> <span class='ocrx_word' id='word_1_229' title='bbox 3966 801 4173 866; x_wconf 81' lang='grc' dir='ltr'><em>πάσης</em></span> <span class='ocrx_word' id='word_1_230' title='bbox 4216 814 4635 866; x_wconf 57' lang='grc' dir='ltr'><em>ταπεινοφρο-</em></span> 
     </span>
    </p>
   </div>
   <div class='ocr_carea' id='block_1_36' title="bbox 3037 891 4634 959">
    <p class='ocr_par' dir='ltr' id='par_1_36' title="bbox 3037 891 4634 959">
     <span class='ocr_line' id='line_1_36' title="bbox 3037 891 4634 959; baseline -0.002 -15"><span class='ocrx_word' id='word_1_231' title='bbox 3037 893 3258 958; x_wconf 81' lang='grc' dir='ltr'><em>σύνης,</em></span> <span class='ocrx_word' id='word_1_232' title='bbox 3315 893 3413 945; x_wconf 74' lang='grc' dir='ltr'><em>καὶ</em></span> <span class='ocrx_word' id='word_1_233' title='bbox 3465 892 3716 946; x_wconf 84' lang='grc' dir='ltr'><em>πολλῶν</em></span> <span class='ocrx_word' id='word_1_234' title='bbox 3758 893 4056 959; x_wconf 83' lang='grc' dir='ltr'><em>δακρύων,</em></span> <span class='ocrx_word' id='word_1_235' title='bbox 4104 891 4205 943; x_wconf 75' lang='grc' dir='ltr'><strong><em>καὶ</em></strong></span> <span class='ocrx_word' id='word_1_236' title='bbox 4262 892 4634 958; x_wconf 58' lang='grc' dir='ltr'><em>πειρασμῶν</em></span> 
     </span>
    </p>
   </div>
   <div class='ocr_carea' id='block_1_37' title="bbox 3038 981 4632 1051">
    <p class='ocr_par' dir='ltr' id='par_1_37' title="bbox 3038 981 4632 1051">
     <span class='ocr_line' id='line_1_37' title="bbox 3038 981 4632 1051; baseline 0 -16"><span class='ocrx_word' id='word_1_237' title='bbox 3038 981 3155 1035; x_wconf 79' lang='grc' dir='ltr'><em>τῶν</em></span> <span class='ocrx_word' id='word_1_238' title='bbox 3185 983 3546 1051; x_wconf 72' lang='grc' dir='ltr'><em>συμϐάντων</em></span> <span class='ocrx_word' id='word_1_239' title='bbox 3568 1001 3664 1051; x_wconf 87' lang='grc' dir='ltr'><strong><em>μοι</em></strong></span> <span class='ocrx_word' id='word_1_240' title='bbox 3691 984 3761 1037; x_wconf 81' lang='grc' dir='ltr'><em>ἐν</em></span> <span class='ocrx_word' id='word_1_241' title='bbox 3782 982 3910 1046; x_wconf 79' lang='grc' dir='ltr'><em>ταῖς</em></span> <span class='ocrx_word' id='word_1_242' title='bbox 3930 981 4277 1049; x_wconf 79' lang='grc' dir='ltr'><em>ἐπιϐουλαῖς</em></span> <span class='ocrx_word' id='word_1_243' title='bbox 4309 983 4429 1036; x_wconf 82' lang='grc' dir='ltr'><strong><em>τῶν</em></strong></span> <span class='ocrx_word' id='word_1_244' title='bbox 4475 983 4632 1035; x_wconf 80' lang='grc' dir='ltr'><em>Ἰου-</em></span> 
     </span>
    </p>
   </div>
   <div class='ocr_carea' id='block_1_38' title="bbox 3036 1072 3257 1125">
    <p class='ocr_par' dir='ltr' id='par_1_38' title="bbox 3036 1072 3257 1125">
     <span class='ocr_line' id='line_1_38' title="bbox 3036 1072 3257 1125; baseline 0 -1"><span class='ocrx_word' id='word_1_245' title='bbox 3036 1072 3220 1125; x_wconf 68' lang='grc' dir='ltr'><em>δαίων</em></span> <span class='ocrx_word' id='word_1_246' title='bbox 3244 1088 3257 1100; x_wconf 90' lang='lat'><strong>&#39;</strong></span> 
     </span>
    </p>
   </div>
   <div class='ocr_carea' id='block_1_39' title="bbox 3124 1164 4635 1234">
    <p class='ocr_par' dir='ltr' id='par_1_39' title="bbox 3124 1164 4635 1234">
     <span class='ocr_line' id='line_1_39' title="bbox 3124 1164 4635 1234; baseline -0.002 -16"><span class='ocrx_word' id='word_1_247' title='bbox 3124 1166 3220 1230; x_wconf 79' lang='grc' dir='ltr'><em>Ὠς</em></span> <span class='ocrx_word' id='word_1_248' title='bbox 3269 1164 3455 1219; x_wconf 84' lang='grc' dir='ltr'><em>οὐδὲν</em></span> <span class='ocrx_word' id='word_1_249' title='bbox 3506 1167 3960 1234; x_wconf 81' lang='grc' dir='ltr'><em>ὑπεστειλάμην</em></span> <span class='ocrx_word' id='word_1_250' title='bbox 4004 1165 4123 1219; x_wconf 78' lang='grc' dir='ltr'><em>τῶν</em></span> <span class='ocrx_word' id='word_1_251' title='bbox 4181 1167 4635 1233; x_wconf 66' lang='grc' dir='ltr'><strong><em>συμφερόντων</em></strong></span> 
     </span>
    </p>
   </div>
   <div class='ocr_carea' id='block_1_40' title="bbox 3036 1256 4634 1326">
    <p class='ocr_par' dir='ltr' id='par_1_40' title="bbox 3036 1256 4634 1326">
     <span class='ocr_line' id='line_1_40' title="bbox 3036 1256 4634 1326; baseline 0 -18"><span class='ocrx_word' id='word_1_252' title='bbox 3036 1257 3145 1310; x_wconf 83' lang='grc' dir='ltr'><em>τοῦ</em></span> <span class='ocrx_word' id='word_1_253' title='bbox 3166 1256 3252 1323; x_wconf 75' lang='grc' dir='ltr'><em>μὴ</em></span> <span class='ocrx_word' id='word_1_254' title='bbox 3278 1257 3628 1326; x_wconf 73' lang='grc' dir='ltr'><em>ἀναγγεῖλαι</em></span> <span class='ocrx_word' id='word_1_255' title='bbox 3684 1258 3849 1325; x_wconf 80' lang='grc' dir='ltr'><em>ὑμῖν,</em></span> <span class='ocrx_word' id='word_1_256' title='bbox 3882 1256 3980 1310; x_wconf 70' lang='grc' dir='ltr'><strong><em>καί</em></strong></span> <span class='ocrx_word' id='word_1_257' title='bbox 4002 1256 4241 1322; x_wconf 81' lang='grc' dir='ltr'><em>διδάξαι</em></span> <span class='ocrx_word' id='word_1_258' title='bbox 4259 1258 4304 1289; x_wconf 81' lang='grc'>’³</span> <span class='ocrx_word' id='word_1_259' title='bbox 4349 1256 4634 1324; x_wconf 66' lang='grc' dir='ltr'><em>δημοσίῃ</em></span> 
     </span>
    </p>
   </div>
   <div class='ocr_carea' id='block_1_41' title="bbox 3038 1347 3555 1413">
    <p class='ocr_par' dir='ltr' id='par_1_41' title="bbox 3038 1347 3555 1413">
     <span class='ocr_line' id='line_1_41' title="bbox 3038 1347 3555 1413; baseline 0 -12"><span class='ocrx_word' id='word_1_260' title='bbox 3038 1348 3135 1401; x_wconf 78' lang='grc' dir='ltr'><em>καὶ</em></span> <span class='ocrx_word' id='word_1_261' title='bbox 3167 1347 3295 1399; x_wconf 77' lang='grc' dir='ltr'><em>κατ’</em></span> <span class='ocrx_word' id='word_1_262' title='bbox 3322 1348 3555 1413; x_wconf 72' lang='grc' dir='ltr'><em>οἴκους,</em></span> 
     </span>
    </p>
   </div>
   <div class='ocr_carea' id='block_1_42' title="bbox 3111 1439 4629 1508">
    <p class='ocr_par' dir='ltr' id='par_1_42' title="bbox 3111 1439 4629 1508">
     <span class='ocr_line' id='line_1_42' title="bbox 3111 1439 4629 1508; baseline 0.001 -19"><span class='ocrx_word' id='word_1_263' title='bbox 3111 1439 3665 1508; x_wconf 61' lang='grc' dir='ltr'><em>[διαμαρτυράμενος</em></span> <span class='ocrx_word' id='word_1_264' title='bbox 3720 1439 4032 1503; x_wconf 73' lang='grc' dir='ltr'><strong><em>Ἰουδαίοις</em></strong></span> <span class='ocrx_word' id='word_1_265' title='bbox 4076 1457 4141 1493; x_wconf 79' lang='grc' dir='ltr'><em>τε</em></span> <span class='ocrx_word' id='word_1_266' title='bbox 4190 1439 4289 1493; x_wconf 71' lang='grc' dir='ltr'><strong><em>καὶ</em></strong></span> <span class='ocrx_word' id='word_1_267' title='bbox 4346 1442 4629 1505; x_wconf 81' lang='grc' dir='ltr'><em>Ἕλλησι</em></span> 
     </span>
    </p>
   </div>
   <div class='ocr_carea' id='block_1_43' title="bbox 3040 1530 4633 1601">
    <p class='ocr_par' dir='ltr' id='par_1_43' title="bbox 3040 1530 4633 1601">
     <span class='ocr_line' id='line_1_43' title="bbox 3040 1530 4633 1601; baseline 0.002 -19"><span class='ocrx_word' id='word_1_268' title='bbox 3040 1530 3153 1597; x_wconf 74' lang='grc' dir='ltr'><strong><em>τὴν</em></strong></span> <span class='ocrx_word' id='word_1_269' title='bbox 3186 1534 3269 1596; x_wconf 83' lang='grc' dir='ltr'><strong><em>είς</em></strong></span> <span class='ocrx_word' id='word_1_270' title='bbox 3302 1533 3452 1584; x_wconf 83' lang='grc' dir='ltr'><em>Θεὸν</em></span> <span class='ocrx_word' id='word_1_271' title='bbox 3474 1532 3812 1601; x_wconf 77' lang='grc' dir='ltr'><em>μετάνοιαν,</em></span> <span class='ocrx_word' id='word_1_272' title='bbox 3856 1533 3954 1586; x_wconf 80' lang='grc' dir='ltr'><strong><em>καὶ</em></strong></span> <span class='ocrx_word' id='word_1_273' title='bbox 3996 1535 4207 1586; x_wconf 84' lang='grc' dir='ltr'><em>πίστιν</em></span> <span class='ocrx_word' id='word_1_274' title='bbox 4241 1534 4358 1600; x_wconf 77' lang='grc' dir='ltr'><strong><em>τὴν</em></strong></span> <span class='ocrx_word' id='word_1_275' title='bbox 4385 1535 4472 1599; x_wconf 85' lang='grc' dir='ltr'><em>εἰς</em></span> <span class='ocrx_word' id='word_1_276' title='bbox 4511 1534 4633 1585; x_wconf 78' lang='grc' dir='ltr'><em>τὸν·</em></span> 
     </span>
    </p>
   </div>
   <div class='ocr_carea' id='block_1_44' title="bbox 3039 1622 3770 1691">
    <p class='ocr_par' dir='ltr' id='par_1_44' title="bbox 3039 1622 3770 1691">
     <span class='ocr_line' id='line_1_44' title="bbox 3039 1622 3770 1691; baseline 0.004 -17"><span class='ocrx_word' id='word_1_277' title='bbox 3039 1622 3259 1689; x_wconf 76' lang='grc' dir='ltr'><em>Κύριον</em></span> <span class='ocrx_word' id='word_1_278' title='bbox 3296 1622 3467 1689; x_wconf 75' lang='grc' dir='ltr'><em>ἡμῶν</em></span> <span class='ocrx_word' id='word_1_279' title='bbox 3503 1624 3770 1691; x_wconf 80' lang='grc' dir='ltr'><em>Ἰησοῦν.</em></span> 
     </span>
    </p>
   </div>
   <div class='ocr_carea' id='block_1_45' title="bbox 3110 1715 4630 1787">
    <p class='ocr_par' dir='ltr' id='par_1_45' title="bbox 3110 1715 4630 1787">
     <span class='ocr_line' id='line_1_45' title="bbox 3110 1715 4630 1787; baseline 0.003 -21"><span class='ocrx_word' id='word_1_280' title='bbox 3110 1715 3270 1767; x_wconf 83' lang='grc' dir='ltr'><em>Μετὰ</em></span> <span class='ocrx_word' id='word_1_281' title='bbox 3287 1715 3488 1781; x_wconf 81' lang='grc' dir='ltr'><em>πάσης</em></span> <span class='ocrx_word' id='word_1_282' title='bbox 3515 1719 4088 1785; x_wconf 64' lang='grc' dir='ltr'><em>ταπεινοφροσύνης.</em></span> <span class='ocrx_word' id='word_1_283' title='bbox 4112 1717 4227 1787; x_wconf 78' lang='grc' dir='ltr'><strong><em>Οὐχ</em></strong></span> <span class='ocrx_word' id='word_1_284' title='bbox 4264 1718 4455 1779; x_wconf 74' lang='grc' dir='ltr'><em>ἁπλῶς</em></span> <span class='ocrx_word' id='word_1_285' title='bbox 4475 1758 4494 1783; x_wconf 87' lang='grc'><strong><em>,</em></strong></span> <span class='ocrx_word' id='word_1_286' title='bbox 4518 1737 4630 1771; x_wconf 66' lang='grc' dir='ltr'><strong><em>τι·</em></strong></span> 
     </span>
    </p>
   </div>
   <div class='ocr_carea' id='block_1_46' title="bbox 3041 1806 4625 1877">
    <p class='ocr_par' dir='ltr' id='par_1_46' title="bbox 3041 1806 4625 1877">
     <span class='ocr_line' id='line_1_46' title="bbox 3041 1806 4625 1877; baseline 0.004 -22"><span class='ocrx_word' id='word_1_287' title='bbox 3041 1806 3489 1875; x_wconf 71' lang='grc' dir='ltr'><em>πεινοερροσύνης,</em></span> <span class='ocrx_word' id='word_1_288' title='bbox 3539 1808 3696 1871; x_wconf 76' lang='grc' dir='ltr'><em>ἀλλὰ,</em></span> <span class='ocrx_word' id='word_1_289' title='bbox 3747 1808 3885 1877; x_wconf 81' lang='grc' dir='ltr'><em>μετὰ</em></span> <span class='ocrx_word' id='word_1_290' title='bbox 3922 1809 4122 1876; x_wconf 80' lang='grc' dir='ltr'><em>πάσης.</em></span> <span class='ocrx_word' id='word_1_291' title='bbox 4158 1808 4335 1862; x_wconf 83' lang='grc' dir='ltr'><em>Πολλὰ</em></span> <span class='ocrx_word' id='word_1_292' title='bbox 4361 1809 4469 1877; x_wconf 83' lang='grc' dir='ltr'><strong><em>γὰρ</em></strong></span> <span class='ocrx_word' id='word_1_293' title='bbox 4497 1811 4625 1872; x_wconf 77' lang='grc' dir='ltr'><em>εἴδη</em></span> 
     </span>
    </p>
   </div>
   <div class='ocr_carea' id='block_1_47' title="bbox 3040 1897 4630 1973">
    <p class='ocr_par' dir='ltr' id='par_1_47' title="bbox 3040 1897 4630 1973">
     <span class='ocr_line' id='line_1_47' title="bbox 3040 1897 4630 1973; baseline 0.004 -25"><span class='ocrx_word' id='word_1_294' title='bbox 3040 1897 3141 1964; x_wconf 79' lang='grc' dir='ltr'><strong><em>τῆς</em></strong></span> <span class='ocrx_word' id='word_1_295' title='bbox 3172 1900 3710 1968; x_wconf 78' lang='grc' dir='ltr'><strong><em>ταπεινοφροσύνης·</em></strong></span> <span class='ocrx_word' id='word_1_296' title='bbox 3738 1902 3797 1952; x_wconf 78' lang='grc' dir='ltr'><strong>ἐν</strong></span> <span class='ocrx_word' id='word_1_297' title='bbox 3831 1902 3991 1970; x_wconf 81' lang='grc' dir='ltr'><em>λόγῳ,</em></span> <span class='ocrx_word' id='word_1_298' title='bbox 4026 1902 4082 1953; x_wconf 74' lang='grc' dir='ltr'><strong>ἐν</strong></span> <span class='ocrx_word' id='word_1_299' title='bbox 4118 1902 4283 1970; x_wconf 80' lang='grc' dir='ltr'><em>ἔργῳ,</em></span> <span class='ocrx_word' id='word_1_300' title='bbox 4340 1903 4477 1973; x_wconf 81' lang='grc' dir='ltr'><em>πρὸς</em></span> <span class='ocrx_word' id='word_1_301' title='bbox 4518 1902 4630 1972; x_wconf 81' lang='grc' dir='ltr'><strong><em>ἆρ-</em></strong></span> 
     </span>
    </p>
   </div>
   <div class='ocr_carea' id='block_1_48' title="bbox 3042 1992 4629 2061">
    <p class='ocr_par' dir='ltr' id='par_1_48' title="bbox 3042 1992 4629 2061">
     <span class='ocr_line' id='line_1_48' title="bbox 3042 1992 4629 2061; baseline 0.004 -20"><span class='ocrx_word' id='word_1_302' title='bbox 3042 2007 3275 2059; x_wconf 78' lang='grc' dir='ltr'><strong><em>χοντας,</em></strong></span> <span class='ocrx_word' id='word_1_303' title='bbox 3338 1992 3473 2059; x_wconf 77' lang='grc' dir='ltr'><em>πρὸς</em></span> <span class='ocrx_word' id='word_1_304' title='bbox 3535 1994 3897 2061; x_wconf 76' lang='grc' dir='ltr'><strong><em>ἀρχομένους.</em></strong></span> <span class='ocrx_word' id='word_1_305' title='bbox 3965 1994 4417 2046; x_wconf 76' lang='grc' dir='ltr'><em>Μετεκιιλέσατο</em></span> <span class='ocrx_word' id='word_1_306' title='bbox 4470 1995 4629 2061; x_wconf 78' lang='grc' dir='ltr'><em>τοὺς</em></span> 
     </span>
    </p>
   </div>
   <div class='ocr_carea' id='block_1_49' title="bbox 3042 2078 4625 2155">
    <p class='ocr_par' dir='ltr' id='par_1_49' title="bbox 3042 2078 4625 2155">
     <span class='ocr_line' id='line_1_49' title="bbox 3042 2078 4625 2155; baseline 0.004 -22"><span class='ocrx_word' id='word_1_307' title='bbox 3042 2078 3485 2149; x_wconf 72' lang='grc' dir='ltr'><em>πρεσϐυτέρους</em></span> <span class='ocrx_word' id='word_1_308' title='bbox 3526 2082 3637 2150; x_wconf 80' lang='grc' dir='ltr'><strong><em>τῆς</em></strong></span> <span class='ocrx_word' id='word_1_309' title='bbox 3675 2086 4058 2150; x_wconf 76' lang='grc' dir='ltr'><em>Ἐιικλησιίις.</em></span> <span class='ocrx_word' id='word_1_310' title='bbox 4107 2086 4324 2155; x_wconf 79' lang='grc' dir='ltr'><strong><em>Ἐπειδὴ</em></strong></span> <span class='ocrx_word' id='word_1_311' title='bbox 4356 2084 4625 2140; x_wconf 80' lang='grc' dir='ltr'><em>λανθάνει</em></span> 
     </span>
    </p>
   </div>
   <div class='ocr_carea' id='block_1_50' title="bbox 3044 2173 4622 2245">
    <p class='ocr_par' dir='ltr' id='par_1_50' title="bbox 3044 2173 4622 2245">
     <span class='ocr_line' id='line_1_50' title="bbox 3044 2173 4622 2245; baseline 0.003 -20"><span class='ocrx_word' id='word_1_312' title='bbox 3044 2173 3170 2235; x_wconf 75' lang='grc' dir='ltr'>τοὺς</span> <span class='ocrx_word' id='word_1_313' title='bbox 3205 2174 3488 2244; x_wconf 75' lang='grc' dir='ltr'><em>πολλοὺςή</em></span> <span class='ocrx_word' id='word_1_314' title='bbox 3517 2176 3811 2243; x_wconf 70' lang='grc' dir='ltr'><em>συνήθεια,</em></span> <span class='ocrx_word' id='word_1_315' title='bbox 3835 2176 4069 2245; x_wconf 69' lang='grc' dir='ltr'><em>μάλιστα</em></span> <span class='ocrx_word' id='word_1_316' title='bbox 4095 2176 4192 2245; x_wconf 81' lang='grc' dir='ltr'><strong><em>τῆς</em></strong></span> <span class='ocrx_word' id='word_1_317' title='bbox 4232 2178 4442 2245; x_wconf 75' lang='grc' dir='ltr'><strong><em>Καινῆς</em></strong></span> <span class='ocrx_word' id='word_1_318' title='bbox 4479 2180 4622 2230; x_wconf 85' lang='grc' dir='ltr'><em>Δια-</em></span> 
     </span>
    </p>
   </div>
   <div class='ocr_carea' id='block_1_51' title="bbox 3044 2266 4623 2336">
    <p class='ocr_par' dir='ltr' id='par_1_51' title="bbox 3044 2266 4623 2336">
     <span class='ocr_line' id='line_1_51' title="bbox 3044 2266 4623 2336; baseline 0.002 -19"><span class='ocrx_word' id='word_1_319' title='bbox 3044 2266 3239 2334; x_wconf 77' lang='grc' dir='ltr'><em>οήκης,</em></span> <span class='ocrx_word' id='word_1_320' title='bbox 3294 2266 3420 2328; x_wconf 83' lang='grc' dir='ltr'><strong><em>τοὺς</em></strong></span> <span class='ocrx_word' id='word_1_321' title='bbox 3476 2268 3809 2329; x_wconf 72' lang='grc' dir='ltr'><strong><em>ἐπισκόπους</em></strong></span> <span class='ocrx_word' id='word_1_322' title='bbox 3842 2269 3967 2330; x_wconf 75' lang='grc' dir='ltr'><strong><em>τοὺς</em></strong></span> <span class='ocrx_word' id='word_1_323' title='bbox 4032 2267 4441 2336; x_wconf 76' lang='grc' dir='ltr'><em>πρεσϐυτέρους</em></span> <span class='ocrx_word' id='word_1_324' title='bbox 4491 2270 4623 2320; x_wconf 84' lang='grc' dir='ltr'><strong><em>ὀνο-</em></strong></span> 
     </span>
    </p>
   </div>
   <div class='ocr_carea' id='block_1_52' title="bbox 3047 2354 4629 2428">
    <p class='ocr_par' dir='ltr' id='par_1_52' title="bbox 3047 2354 4629 2428">
     <span class='ocr_line' id='line_1_52' title="bbox 3047 2354 4629 2428; baseline 0.003 -21"><span class='ocrx_word' id='word_1_325' title='bbox 3047 2354 3317 2421; x_wconf 77' lang='grc' dir='ltr'><em>μάζουσα,</em></span> <span class='ocrx_word' id='word_1_326' title='bbox 3347 2357 3441 2410; x_wconf 76' lang='grc' dir='ltr'><strong><em>καὶ</em></strong></span> <span class='ocrx_word' id='word_1_327' title='bbox 3465 2357 3593 2418; x_wconf 83' lang='grc' dir='ltr'><strong><em>τοὺς</em></strong></span> <span class='ocrx_word' id='word_1_328' title='bbox 3622 2358 4026 2427; x_wconf 66' lang='grc' dir='ltr'><em>πρεσϐυτέρους</em></span> <span class='ocrx_word' id='word_1_329' title='bbox 4055 2358 4387 2421; x_wconf 66' lang='grc' dir='ltr'><em>ἐπισκόπους</em></span> <span class='ocrx_word' id='word_1_330' title='bbox 4406 2375 4421 2389; x_wconf 82' lang='grc'><strong><em>⁸</em></strong></span> <span class='ocrx_word' id='word_1_331' title='bbox 4459 2376 4629 2428; x_wconf 64' lang='grc' dir='ltr'><em>σεσηπ-</em></span> 
     </span>
    </p>
   </div>
   <div class='ocr_carea' id='block_1_53' title="bbox 3048 2444 4623 2520">
    <p class='ocr_par' dir='ltr' id='par_1_53' title="bbox 3048 2444 4623 2520">
     <span class='ocr_line' id='line_1_53' title="bbox 3048 2444 4623 2520; baseline 0.003 -22"><span class='ocrx_word' id='word_1_332' title='bbox 3048 2444 3274 2513; x_wconf 78' lang='grc' dir='ltr'><em>μείωται</em></span> <span class='ocrx_word' id='word_1_333' title='bbox 3322 2447 3414 2500; x_wconf 75' lang='grc' dir='ltr'><strong><em>καὶ</em></strong></span> <span class='ocrx_word' id='word_1_334' title='bbox 3442 2447 3601 2501; x_wconf 82' lang='grc' dir='ltr'><em>τοῦτο</em></span> <span class='ocrx_word' id='word_1_335' title='bbox 3631 2448 3883 2501; x_wconf 73' lang='grc' dir='ltr'><strong><em>ἐντεῦθέν</em></strong></span> <span class='ocrx_word' id='word_1_336' title='bbox 3929 2467 3988 2502; x_wconf 83' lang='grc' dir='ltr'><em>τε</em></span> <span class='ocrx_word' id='word_1_337' title='bbox 4023 2451 4116 2503; x_wconf 74' lang='grc' dir='ltr'><strong><em>καὶ</em></strong></span> <span class='ocrx_word' id='word_1_338' title='bbox 4152 2452 4251 2519; x_wconf 74' lang='grc' dir='ltr'><strong><em>τῆς</em></strong></span> <span class='ocrx_word' id='word_1_339' title='bbox 4280 2450 4417 2520; x_wconf 70' lang='grc' dir='ltr'><em>πρὸς</em></span> <span class='ocrx_word' id='word_1_340' title='bbox 4450 2451 4623 2503; x_wconf 80' lang='grc' dir='ltr'>Τίτον</span> 
     </span>
    </p>
   </div>
   <div class='ocr_carea' id='block_1_54' title="bbox 3058 2538 4625 2610">
    <p class='ocr_par' dir='ltr' id='par_1_54' title="bbox 3058 2538 4625 2610">
     <span class='ocr_line' id='line_1_54' title="bbox 3058 2538 4625 2610; baseline 0.003 -21"><span class='ocrx_word' id='word_1_341' title='bbox 3058 2538 3402 2607; x_wconf 79' lang='grc' dir='ltr'><strong><em>Ἐπιστολῆς,</em></strong></span> <span class='ocrx_word' id='word_1_342' title='bbox 3423 2538 3502 2593; x_wconf 73' lang='grc' dir='ltr'><strong><em>ἔτι</em></strong></span> <span class='ocrx_word' id='word_1_343' title='bbox 3524 2557 3582 2592; x_wconf 81' lang='grc' dir='ltr'><em>τε.</em></span> <span class='ocrx_word' id='word_1_344' title='bbox 3618 2542 3710 2592; x_wconf 70' lang='grc' dir='ltr'><strong><em>καὶ</em></strong></span> <span class='ocrx_word' id='word_1_345' title='bbox 3740 2542 3839 2609; x_wconf 74' lang='grc' dir='ltr'><strong><em>τῆς</em></strong></span> <span class='ocrx_word' id='word_1_346' title='bbox 3872 2541 4007 2609; x_wconf 73' lang='grc' dir='ltr'><em>πρὸς</em></span> <span class='ocrx_word' id='word_1_347' title='bbox 4030 2541 4423 2610; x_wconf 78' lang='grc' dir='ltr'><em>Φιλιππηοίους</em></span> <span class='ocrx_word' id='word_1_348' title='bbox 4446 2543 4625 2594; x_wconf 79' lang='grc' dir='ltr'><strong><em>ἐξσὸ-</em></strong></span> 
     </span>
    </p>
   </div>
   <div class='ocr_carea' id='block_1_55' title="bbox 3049 2629 4632 2698">
    <p class='ocr_par' dir='ltr' id='par_1_55' title="bbox 3049 2629 4632 2698">
     <span class='ocr_line' id='line_1_55' title="bbox 3049 2629 4632 2698; baseline 0.003 -18"><span class='ocrx_word' id='word_1_349' title='bbox 3049 2629 3187 2698; x_wconf 79' lang='grc' dir='ltr'><em>μεοα</em></span> <span class='ocrx_word' id='word_1_350' title='bbox 3216 2630 3297 2694; x_wconf 84' lang='grc' dir='ltr'><em>δὲ,</em></span> <span class='ocrx_word' id='word_1_351' title='bbox 3330 2633 3379 2682; x_wconf 78' lang='grc' dir='ltr'><em>εἰ</em></span> <span class='ocrx_word' id='word_1_352' title='bbox 3409 2630 3502 2682; x_wconf 77' lang='grc' dir='ltr'><strong><em>καὶ</em></strong></span> <span class='ocrx_word' id='word_1_353' title='bbox 3535 2630 3679 2683; x_wconf 80' lang='grc' dir='ltr'><strong><em>κατὰ</em></strong></span> <span class='ocrx_word' id='word_1_354' title='bbox 3710 2632 3999 2684; x_wconf 73' lang='grc' dir='ltr'><em>ἀκόλουθον</em></span> <span class='ocrx_word' id='word_1_355' title='bbox 4035 2634 4095 2685; x_wconf 86' lang='grc' dir='ltr'>τὸ</span> <span class='ocrx_word' id='word_1_356' title='bbox 4146 2632 4278 2685; x_wconf 74' lang='grc' dir='ltr'><strong><em>αὐτὸ</em></strong></span> <span class='ocrx_word' id='word_1_357' title='bbox 4332 2633 4632 2685; x_wconf 74' lang='grc' dir='ltr'><strong><em>ἐκλεκτέον</em></strong></span> 
     </span>
    </p>
   </div>
   <div class='ocr_carea' id='block_1_56' title="bbox 3046 2721 4628 2792">
    <p class='ocr_par' dir='ltr' id='par_1_56' title="bbox 3046 2721 4628 2792">
     <span class='ocr_line' id='line_1_56' title="bbox 3046 2721 4628 2792; baseline 0.003 -21"><span class='ocrx_word' id='word_1_358' title='bbox 3046 2722 3140 2771; x_wconf 77' lang='grc' dir='ltr'><strong><em>καὶ</em></strong></span> <span class='ocrx_word' id='word_1_359' title='bbox 3177 2722 3240 2772; x_wconf 82' lang='grc' dir='ltr'><strong><em>ἐκ</em></strong></span> <span class='ocrx_word' id='word_1_360' title='bbox 3270 2724 3368 2789; x_wconf 72' lang='grc' dir='ltr'><strong><em>τῆς</em></strong></span> <span class='ocrx_word' id='word_1_361' title='bbox 3398 2722 3537 2788; x_wconf 75' lang='grc' dir='ltr'><em>πρὸς</em></span> <span class='ocrx_word' id='word_1_362' title='bbox 3572 2723 3837 2791; x_wconf 78' lang='grc' dir='ltr'><em>Τιμόθεον</em></span> <span class='ocrx_word' id='word_1_363' title='bbox 3895 2721 4140 2792; x_wconf 80' lang='grc' dir='ltr'><em>πρώτης.</em></span> <span class='ocrx_word' id='word_1_364' title='bbox 4189 2723 4319 2774; x_wconf 76' lang='grc' dir='ltr'><strong><em>Ἀπὸ</em></strong></span> <span class='ocrx_word' id='word_1_365' title='bbox 4368 2724 4468 2791; x_wconf 79' lang='grc' dir='ltr'><strong><em>μὲν</em></strong></span> <span class='ocrx_word' id='word_1_366' title='bbox 4526 2721 4628 2776; x_wconf 82' lang='grc' dir='ltr'><strong><em>οὖν</em></strong></span> 
     </span>
    </p>
   </div>
   <div class='ocr_carea' id='block_1_57' title="bbox 3045 2812 4629 2883">
    <p class='ocr_par' dir='ltr' id='par_1_57' title="bbox 3045 2812 4629 2883">
     <span class='ocr_line' id='line_1_57' title="bbox 3045 2812 4629 2883; baseline 0.003 -20"><span class='ocrx_word' id='word_1_367' title='bbox 3045 2812 3152 2863; x_wconf 83' lang='grc' dir='ltr'><strong><em>τῶν</em></strong></span> <span class='ocrx_word' id='word_1_368' title='bbox 3179 2814 3437 2880; x_wconf 76' lang='grc' dir='ltr'><strong><em>Πράξεων</em></strong></span> <span class='ocrx_word' id='word_1_369' title='bbox 3458 2814 3572 2865; x_wconf 75' lang='grc' dir='ltr'><em>ἔστι</em></span> <span class='ocrx_word' id='word_1_370' title='bbox 3603 2816 3731 2883; x_wconf 78' lang='grc' dir='ltr'><em>περὶ</em></span> <span class='ocrx_word' id='word_1_371' title='bbox 3754 2815 3944 2865; x_wconf 79' lang='grc' dir='ltr'><strong><em>τούτου</em></strong></span> <span class='ocrx_word' id='word_1_372' title='bbox 3970 2812 4279 2882; x_wconf 75' lang='grc' dir='ltr'><em>πεισθῆναι.</em></span> <span class='ocrx_word' id='word_1_373' title='bbox 4303 2815 4629 2881; x_wconf 62' lang='grc' dir='ltr'><em>Γέγραπται</em></span> 
     </span>
    </p>
   </div>
   <div class='ocr_carea' id='block_1_58' title="bbox 3051 2905 4631 2974">
    <p class='ocr_par' dir='ltr' id='par_1_58' title="bbox 3051 2905 4631 2974">
     <span class='ocr_line' id='line_1_58' title="bbox 3051 2905 4631 2974; baseline 0.001 -18"><span class='ocrx_word' id='word_1_374' title='bbox 3051 2905 3158 2974; x_wconf 78' lang='grc' dir='ltr'><strong><em>γὰρ</em></strong></span> <span class='ocrx_word' id='word_1_375' title='bbox 3211 2906 3417 2967; x_wconf 73' lang='grc' dir='ltr'><strong><em>οὕτως’</em></strong></span> <span class='ocrx_word' id='word_1_376' title='bbox 3467 2905 3610 2958; x_wconf 79' lang='grc' dir='ltr'><strong><em>Ἀπὸ</em></strong></span> <span class='ocrx_word' id='word_1_377' title='bbox 3662 2906 3730 2958; x_wconf 82' lang='grc' dir='ltr'><em>δὲ</em></span> <span class='ocrx_word' id='word_1_378' title='bbox 3779 2905 3886 2972; x_wconf 81' lang='grc' dir='ltr'><strong><em>τῆς</em></strong></span> <span class='ocrx_word' id='word_1_379' title='bbox 3928 2905 4199 2970; x_wconf 76' lang='grc' dir='ltr'><em>Μιλήτου</em></span> <span class='ocrx_word' id='word_1_380' title='bbox 4241 2906 4486 2973; x_wconf 73' lang='grc' dir='ltr'><em>πέμψας</em></span> <span class='ocrx_word' id='word_1_381' title='bbox 4534 2909 4631 2970; x_wconf 84' lang='grc' dir='ltr'><em>εις</em></span> 
     </span>
    </p>
   </div>
   <div class='ocr_carea' id='block_1_59' title="bbox 3051 2995 4633 3065">
    <p class='ocr_par' dir='ltr' id='par_1_59' title="bbox 3051 2995 4633 3065">
     <span class='ocr_line' id='line_1_59' title="bbox 3051 2995 4633 3065; baseline 0.002 -19"><span class='ocrx_word' id='word_1_382' title='bbox 3051 2998 3330 3063; x_wconf 66' lang='grc' dir='ltr'><em>Ἔφεσον,</em></span> <span class='ocrx_word' id='word_1_383' title='bbox 3364 2995 3811 3063; x_wconf 72' lang='grc' dir='ltr'><strong><em>μετεκαλέσατο</em></strong></span> <span class='ocrx_word' id='word_1_384' title='bbox 3839 2996 3979 3061; x_wconf 83' lang='grc' dir='ltr'><em>τοὺς</em></span> <span class='ocrx_word' id='word_1_385' title='bbox 4029 2996 4470 3065; x_wconf 76' lang='grc' dir='ltr'><em>πρεσϐυτέρους</em></span> <span class='ocrx_word' id='word_1_386' title='bbox 4512 2995 4633 3064; x_wconf 81' lang='grc' dir='ltr'><strong><em>τῆς</em></strong></span> 
     </span>
    </p>
   </div>
   <div class='ocr_carea' id='block_1_60' title="bbox 3060 3086 4627 3155">
    <p class='ocr_par' dir='ltr' id='par_1_60' title="bbox 3060 3086 4627 3155">
     <span class='ocr_line' id='line_1_60' title="bbox 3060 3086 4627 3155; baseline 0.001 -18"><span class='ocrx_word' id='word_1_387' title='bbox 3060 3087 3418 3150; x_wconf 79' lang='grc' dir='ltr'><em>Ἑκκλησιίις</em></span> <span class='ocrx_word' id='word_1_388' title='bbox 3437 3103 3452 3119; x_wconf 86' lang='grc'><strong>·</strong></span> <span class='ocrx_word' id='word_1_389' title='bbox 3481 3088 3577 3140; x_wconf 77' lang='grc' dir='ltr'><strong><em>καὶ</em></strong></span> <span class='ocrx_word' id='word_1_390' title='bbox 3601 3087 3698 3140; x_wconf 84' lang='grc' dir='ltr'><strong><em>οὐκ</em></strong></span> <span class='ocrx_word' id='word_1_391' title='bbox 3731 3087 3969 3155; x_wconf 81' lang='grc' dir='ltr'><em>εἴρηκεν,</em></span> <span class='ocrx_word' id='word_1_392' title='bbox 3999 3087 4080 3139; x_wconf 77' lang='grc' dir='ltr'><strong><em>ὅτι</em></strong></span> <span class='ocrx_word' id='word_1_393' title='bbox 4110 3086 4238 3147; x_wconf 79' lang='grc' dir='ltr'><strong><em>τοὺς</em></strong></span> <span class='ocrx_word' id='word_1_394' title='bbox 4260 3087 4627 3148; x_wconf 77' lang='grc' dir='ltr'><em>ἐπισκόπους.</em></span> 
     </span>
    </p>
   </div>
   <div class='ocr_carea' id='block_1_61' title="bbox 1375 3171 3268 3249">
    <p class='ocr_par' dir='ltr' id='par_1_61' title="bbox 1375 3171 3265 3249">
     <span class='ocr_line' id='line_1_61' title="bbox 1375 3171 3265 3249; baseline 0.005 -27"><span class='ocrx_word' id='word_1_395' title='bbox 1375 3180 1477 3223; x_wconf 70' lang='lat' dir='ltr'><strong><em>tem</em></strong></span> <span class='ocrx_word' id='word_1_396' title='bbox 1514 3171 1773 3239; x_wconf 73' lang='lat' dir='ltr'><strong><em>Ephesum</em></strong></span> <span class='ocrx_word' id='word_1_397' title='bbox 1798 3172 1993 3224; x_wconf 89' lang='lat' dir='ltr'><strong><em>nuntiis</em></strong></span> <span class='ocrx_word' id='word_1_398' title='bbox 2027 3172 2223 3235; x_wconf 79' lang='lat' dir='ltr'><strong><em>missis,</em></strong></span> <span class='ocrx_word' id='word_1_399' title='bbox 2244 3173 2468 3224; x_wconf 84' lang='lat' dir='ltr'><strong><em>evocavit</em></strong></span> <span class='ocrx_word' id='word_1_400' title='bbox 2494 3173 2816 3241; x_wconf 80' lang='lat' dir='ltr'><strong><em>presbyteros</em></strong></span> <span class='ocrx_word' id='word_1_401' title='bbox 2844 3171 2948 3224; x_wconf 82' lang='lat' dir='ltr'><strong><em>Ec—</em></strong></span> <span class='ocrx_word' id='word_1_402' title='bbox 2973 3187 3016 3249; x_wconf 69' lang='grc' dir='ltr'><strong><em>ρ</em></strong></span> <span class='ocrx_word' id='word_1_403' title='bbox 3052 3174 3185 3230; x_wconf 70' lang='grc' dir='ltr'><em>Εἶτα.</em></span> <span class='ocrx_word' id='word_1_404' title='bbox 3242 3180 3265 3229; x_wconf 87' lang='grc' dir='ltr'>ὲ</span> 
     </span>
    </p>
   </div>
   <div class='ocr_carea' id='block_1_62' title="bbox 2739 3171 4632 3249">
    <p class='ocr_par' dir='ltr' id='par_1_62' title="bbox 2739 3171 4632 3249">
     <span class='ocr_line' id='line_1_62' title="bbox 2739 3171 4632 3249; baseline 0.006 -27"><span class='ocrx_word' id='word_1_405' title='bbox 2739 3189 2816 3224; x_wconf 90' lang='lat' dir='ltr'><strong><em>ros</em></strong></span> <span class='ocrx_word' id='word_1_406' title='bbox 2844 3171 2948 3224; x_wconf 82' lang='lat' dir='ltr'><strong><em>Ec—</em></strong></span> <span class='ocrx_word' id='word_1_407' title='bbox 2973 3187 3016 3249; x_wconf 69' lang='grc' dir='ltr'><strong><em>ρ</em></strong></span> <span class='ocrx_word' id='word_1_408' title='bbox 3052 3174 3185 3230; x_wconf 70' lang='grc' dir='ltr'><em>Εἶτα.</em></span> <span class='ocrx_word' id='word_1_409' title='bbox 3242 3180 3495 3248; x_wconf 60' lang='grc' dir='ltr'><em>ἐπιφέρει</em></span> <span class='ocrx_word' id='word_1_410' title='bbox 3518 3196 3530 3208; x_wconf 86' lang='grc'><strong>·</strong></span> <span class='ocrx_word' id='word_1_411' title='bbox 3574 3181 3668 3231; x_wconf 82' lang='grc' dir='ltr'><em>Ἐν</em></span> <span class='ocrx_word' id='word_1_412' title='bbox 3696 3172 3743 3244; x_wconf 80' lang='grc' dir='ltr'><strong>ᾧ</strong></span> <span class='ocrx_word' id='word_1_413' title='bbox 3780 3177 3935 3247; x_wconf 78' lang='grc' dir='ltr'><em>ὑμᾶς</em></span> <span class='ocrx_word' id='word_1_414' title='bbox 3966 3179 4027 3231; x_wconf 84' lang='grc' dir='ltr'><strong><em>τὸ</em></strong></span> <span class='ocrx_word' id='word_1_415' title='bbox 4052 3178 4295 3244; x_wconf 81' lang='grc' dir='ltr'><em>Πνεῦμα</em></span> <span class='ocrx_word' id='word_1_416' title='bbox 4336 3178 4401 3231; x_wconf 84' lang='grc' dir='ltr'><strong><em>τὸ</em></strong></span> <span class='ocrx_word' id='word_1_417' title='bbox 4449 3179 4632 3247; x_wconf 79' lang='grc' dir='ltr'><em>ἅγιον</em></span> 
     </span>
    </p>
   </div>
   <div class='ocr_carea' id='block_1_63' title="bbox 1374 3259 2936 3332">
    <p class='ocr_par' dir='ltr' id='par_1_63' title="bbox 1374 3259 2936 3332">
     <span class='ocr_line' id='line_1_63' title="bbox 1374 3259 2936 3332; baseline 0.002 -20"><span class='ocrx_word' id='word_1_418' title='bbox 1374 3261 1582 3313; x_wconf 75' lang='lat' dir='ltr'><strong><em>eiesiw:</em></strong></span> <span class='ocrx_word' id='word_1_419' title='bbox 1614 3276 1677 3314; x_wconf 88' lang='lat' dir='ltr'><strong><em>ac</em></strong></span> <span class='ocrx_word' id='word_1_420' title='bbox 1722 3276 1832 3313; x_wconf 89' lang='lat' dir='ltr'><strong><em>non</em></strong></span> <span class='ocrx_word' id='word_1_421' title='bbox 1884 3260 2019 3313; x_wconf 81' lang='lat' dir='ltr'><strong><em>dixit</em></strong></span> <span class='ocrx_word' id='word_1_422' title='bbox 2062 3259 2380 3331; x_wconf 82' lang='lat' dir='ltr'><strong><em>[advocasse</em></strong></span> <span class='ocrx_word' id='word_1_423' title='bbox 2415 3260 2591 3332; x_wconf 75' lang='lat' dir='ltr'><strong><em>illum}</em></strong></span> <span class='ocrx_word' id='word_1_424' title='bbox 2632 3264 2936 3330; x_wconf 80' lang='lat' dir='ltr'><strong><em>episcopos.</em></strong></span> 
     </span>
    </p>
   </div>
   <div class='ocr_carea' id='block_1_64' title="bbox 1375 3350 2946 3421">
    <p class='ocr_par' dir='ltr' id='par_1_64' title="bbox 1375 3350 2946 3421">
     <span class='ocr_line' id='line_1_64' title="bbox 1375 3350 2946 3421; baseline 0.001 -16"><span class='ocrx_word' id='word_1_425' title='bbox 1375 3352 1578 3406; x_wconf 83' lang='lat' dir='ltr'><strong><em>Deinde</em></strong></span> <span class='ocrx_word' id='word_1_426' title='bbox 1607 3350 1917 3421; x_wconf 76' lang='lat' dir='ltr'><strong><em>subjungit:</em></strong></span> <span class='ocrx_word' id='word_1_427' title='bbox 1945 3351 2013 3404; x_wconf 88' lang='lat' dir='ltr'><strong><em>In</em></strong></span> <span class='ocrx_word' id='word_1_428' title='bbox 2042 3368 2143 3421; x_wconf 89' lang='lat' dir='ltr'><strong><em>quo</em></strong></span> <span class='ocrx_word' id='word_1_429' title='bbox 2165 3369 2317 3421; x_wconf 86' lang='lat' dir='ltr'><strong><em>grege</em></strong></span> <span class='ocrx_word' id='word_1_430' title='bbox 2347 3351 2579 3419; x_wconf 78' lang='lat' dir='ltr'><strong><em>Spiritus</em></strong></span> <span class='ocrx_word' id='word_1_431' title='bbox 2611 3363 2821 3405; x_wconf 86' lang='lat' dir='ltr'><strong><em>sanctus</em></strong></span> <span class='ocrx_word' id='word_1_432' title='bbox 2859 3370 2946 3407; x_wconf 82' lang='lat' dir='ltr'><strong><em>vos</em></strong></span> 
     </span>
    </p>
   </div>
   <div class='ocr_carea' id='block_1_65' title="bbox 1376 3440 2949 3508">
    <p class='ocr_par' dir='ltr' id='par_1_65' title="bbox 1376 3440 2949 3508">
     <span class='ocr_line' id='line_1_65' title="bbox 1376 3440 2949 3508; baseline 0.001 -15"><span class='ocrx_word' id='word_1_433' title='bbox 1376 3443 1547 3508; x_wconf 81' lang='lat' dir='ltr'><strong><em>posuit</em></strong></span> <span class='ocrx_word' id='word_1_434' title='bbox 1573 3442 1855 3508; x_wconf 65' lang='lat' dir='ltr'><strong><em>episcopos.</em></strong></span> <span class='ocrx_word' id='word_1_435' title='bbox 1893 3441 1962 3492; x_wconf 89' lang='lat' dir='ltr'><strong><em>ad</em></strong></span> <span class='ocrx_word' id='word_1_436' title='bbox 1982 3442 2298 3506; x_wconf 82' lang='lat' dir='ltr'><strong><em>pascendam</em></strong></span> <span class='ocrx_word' id='word_1_437' title='bbox 2337 3440 2622 3493; x_wconf 77' lang='lat' dir='ltr'><strong><em>Ecclesium</em></strong></span> <span class='ocrx_word' id='word_1_438' title='bbox 2654 3441 2862 3493; x_wconf 83' lang='lat' dir='ltr'><strong><em>Domini</em></strong></span> <span class='ocrx_word' id='word_1_439' title='bbox 2887 3459 2949 3494; x_wconf 91' lang='lat' dir='ltr'><strong><em>ac</em></strong></span> 
     </span>
    </p>
   </div>
   <div class='ocr_carea' id='block_1_66' title="bbox 1378 3529 2948 3599">
    <p class='ocr_par' dir='ltr' id='par_1_66' title="bbox 1378 3529 2948 3599">
     <span class='ocr_line' id='line_1_66' title="bbox 1378 3529 2948 3599; baseline 0.001 -16"><span class='ocrx_word' id='word_1_440' title='bbox 1378 3531 1497 3584; x_wconf 85' lang='lat' dir='ltr'><strong><em>Dei.</em></strong></span> <span class='ocrx_word' id='word_1_441' title='bbox 1532 3532 1605 3583; x_wconf 78' lang='lat' dir='ltr'><strong><em>Ex</em></strong></span> <span class='ocrx_word' id='word_1_442' title='bbox 1647 3532 1881 3599; x_wconf 82' lang='lat' dir='ltr'><strong><em>Epistula</em></strong></span> <span class='ocrx_word' id='word_1_443' title='bbox 1903 3540 2080 3584; x_wconf 91' lang='lat' dir='ltr'><strong><em>autem</em></strong></span> <span class='ocrx_word' id='word_1_444' title='bbox 2107 3530 2172 3583; x_wconf 88' lang='lat' dir='ltr'><strong><em>ad</em></strong></span> <span class='ocrx_word' id='word_1_445' title='bbox 2203 3530 2409 3593; x_wconf 86' lang='lat' dir='ltr'><strong><em>Titum,</em></strong></span> <span class='ocrx_word' id='word_1_446' title='bbox 2464 3529 2531 3583; x_wconf 83' lang='lat' dir='ltr'><strong><em>Et</em></strong></span> <span class='ocrx_word' id='word_1_447' title='bbox 2555 3532 2832 3585; x_wconf 81' lang='lat' dir='ltr'><strong><em>constitues</em></strong></span> <span class='ocrx_word' id='word_1_448' title='bbox 2858 3549 2948 3599; x_wconf 86' lang='lat' dir='ltr'><strong><em>per</em></strong></span> 
     </span>
    </p>
   </div>
   <div class='ocr_carea' id='block_1_67' title="bbox 1377 3621 2950 3692">
    <p class='ocr_par' dir='ltr' id='par_1_67' title="bbox 1377 3621 2950 3692">
     <span class='ocr_line' id='line_1_67' title="bbox 1377 3621 2950 3692; baseline 0 -18"><span class='ocrx_word' id='word_1_449' title='bbox 1377 3622 1613 3692; x_wconf 84' lang='lat' dir='ltr'><strong><em>singulas</em></strong></span> <span class='ocrx_word' id='word_1_450' title='bbox 1672 3624 1929 3685; x_wconf 72' lang='lat' dir='ltr'><strong><em>civitates,</em></strong></span> <span class='ocrx_word' id='word_1_451' title='bbox 1991 3621 2183 3689; x_wconf 85' lang='lat' dir='ltr'><strong><em>inquit,</em></strong></span> <span class='ocrx_word' id='word_1_452' title='bbox 2229 3622 2578 3690; x_wconf 83' lang='lat' dir='ltr'><strong><em>presbyteros,</em></strong></span> <span class='ocrx_word' id='word_1_453' title='bbox 2612 3624 2950 3690; x_wconf 67' lang='lat' dir='ltr'><strong><em>quemadmo-</em></strong></span> 
     </span>
    </p>
   </div>
   <div class='ocr_carea' id='block_1_68' title="bbox 1377 3710 2942 3783">
    <p class='ocr_par' dir='ltr' id='par_1_68' title="bbox 1377 3710 2942 3783">
     <span class='ocr_line' id='line_1_68' title="bbox 1377 3710 2942 3783; baseline -0.001 -18"><span class='ocrx_word' id='word_1_454' title='bbox 1377 3717 1503 3765; x_wconf 88' lang='lat' dir='ltr'><strong><em>dum</em></strong></span> <span class='ocrx_word' id='word_1_455' title='bbox 1543 3730 1635 3783; x_wconf 83' lang='lat' dir='ltr'><strong><em>ego</em></strong></span> <span class='ocrx_word' id='word_1_456' title='bbox 1682 3715 1771 3766; x_wconf 84' lang='lat' dir='ltr'><strong><em>tibi</em></strong></span> <span class='ocrx_word' id='word_1_457' title='bbox 1807 3712 2191 3781; x_wconf 80' lang='lat' dir='ltr'><strong><em>prtescripsi&quot;.</em></strong></span> <span class='ocrx_word' id='word_1_458' title='bbox 2242 3712 2315 3764; x_wconf 71' lang='lat' dir='ltr'><strong><em>lix</em></strong></span> <span class='ocrx_word' id='word_1_459' title='bbox 2354 3712 2593 3780; x_wconf 84' lang='lat' dir='ltr'><strong><em>Epistola</em></strong></span> <span class='ocrx_word' id='word_1_460' title='bbox 2647 3712 2714 3764; x_wconf 88' lang='lat' dir='ltr'><strong><em>ad</em></strong></span> <span class='ocrx_word' id='word_1_461' title='bbox 2737 3710 2942 3781; x_wconf 81' lang='lat' dir='ltr'><strong><em>Philip-</em></strong></span> 
     </span>
    </p>
   </div>
   <div class='ocr_carea' id='block_1_69' title="bbox 1379 3801 2945 3873">
    <p class='ocr_par' dir='ltr' id='par_1_69' title="bbox 1379 3801 2945 3873">
     <span class='ocr_line' id='line_1_69' title="bbox 1379 3801 2945 3873; baseline -0.001 -16"><span class='ocrx_word' id='word_1_462' title='bbox 1379 3819 1574 3873; x_wconf 86' lang='lat' dir='ltr'><strong><em>penses</em></strong></span> <span class='ocrx_word' id='word_1_463' title='bbox 1605 3821 1618 3856; x_wconf 91' lang='lat'><strong>:</strong></span> <span class='ocrx_word' id='word_1_464' title='bbox 1656 3803 1855 3856; x_wconf 82' lang='lat' dir='ltr'><strong><em>Paulus</em></strong></span> <span class='ocrx_word' id='word_1_465' title='bbox 1888 3816 1935 3857; x_wconf 89' lang='lat' dir='ltr'><strong><em>et</em></strong></span> <span class='ocrx_word' id='word_1_466' title='bbox 1967 3803 2261 3857; x_wconf 74' lang='lat' dir='ltr'><strong><em>Timotheus</em></strong></span> <span class='ocrx_word' id='word_1_467' title='bbox 2289 3803 2423 3855; x_wconf 84' lang='lat' dir='ltr'><strong><em>servi</em></strong></span> <span class='ocrx_word' id='word_1_468' title='bbox 2449 3801 2649 3856; x_wconf 82' lang='lat' dir='ltr'><strong><em>Christi</em></strong></span> <span class='ocrx_word' id='word_1_469' title='bbox 2692 3802 2840 3863; x_wconf 82' lang='lat' dir='ltr'><strong><em>Jesu.</em></strong></span> <span class='ocrx_word' id='word_1_470' title='bbox 2879 3803 2945 3855; x_wconf 88' lang='lat' dir='ltr'><strong><em>iis</em></strong></span> 
     </span>
    </p>
   </div>
   <div class='ocr_carea' id='block_1_70' title="bbox 1378 3882 2949 3963">
    <p class='ocr_par' dir='ltr' id='par_1_70' title="bbox 1378 3882 2949 3963">
     <span class='ocr_line' id='line_1_70' title="bbox 1378 3882 2949 3963; baseline 0.003 -20"><span class='ocrx_word' id='word_1_471' title='bbox 1378 3895 1468 3961; x_wconf 84' lang='lat' dir='ltr'><strong><em>qui</em></strong></span> <span class='ocrx_word' id='word_1_472' title='bbox 1503 3906 1619 3947; x_wconf 87' lang='lat' dir='ltr'><strong><em>sunt</em></strong></span> <span class='ocrx_word' id='word_1_473' title='bbox 1642 3894 1899 3963; x_wconf 81' lang='lat' dir='ltr'><strong><em>Philippis</em></strong></span> <span class='ocrx_word' id='word_1_474' title='bbox 1932 3913 2034 3948; x_wconf 86' lang='lat' dir='ltr'><strong><em>una</em></strong></span> <span class='ocrx_word' id='word_1_475' title='bbox 2058 3912 2175 3948; x_wconf 79' lang='lat' dir='ltr'><strong><em>cum</em></strong></span> <span class='ocrx_word' id='word_1_476' title='bbox 2199 3896 2451 3963; x_wconf 83' lang='lat' dir='ltr'><strong><em>episcopis</em></strong></span> <span class='ocrx_word' id='word_1_477' title='bbox 2472 3904 2520 3946; x_wconf 91' lang='lat' dir='ltr'><strong><em>et</em></strong></span> <span class='ocrx_word' id='word_1_478' title='bbox 2543 3882 2781 3945; x_wconf 86' lang='lat' dir='ltr'><strong><em>diaconis</em></strong></span> <span class='ocrx_word' id='word_1_479' title='bbox 2798 3894 2949 3947; x_wconf 75' lang='lat'><strong><em>&quot;.—</em></strong></span> 
     </span>
    </p>
   </div>
   <div class='ocr_carea' id='block_1_71' title="bbox 1382 3984 2949 4057">
    <p class='ocr_par' dir='ltr' id='par_1_71' title="bbox 1382 3984 2949 4057">
     <span class='ocr_line' id='line_1_71' title="bbox 1382 3984 2949 4057; baseline 0 -20"><span class='ocrx_word' id='word_1_480' title='bbox 1382 3984 1450 4037; x_wconf 91' lang='lat' dir='ltr'><strong><em>Ut</em></strong></span> <span class='ocrx_word' id='word_1_481' title='bbox 1508 3986 1639 4038; x_wconf 88' lang='lat' dir='ltr'><strong><em>nihil</em></strong></span> <span class='ocrx_word' id='word_1_482' title='bbox 1683 3990 2061 4053; x_wconf 85' lang='lat' dir='ltr'><strong><em>suppresserim</em></strong></span> <span class='ocrx_word' id='word_1_483' title='bbox 2105 3988 2244 4057; x_wconf 86' lang='lat' dir='ltr'><strong><em>quod</em></strong></span> <span class='ocrx_word' id='word_1_484' title='bbox 2284 3986 2413 4039; x_wconf 82' lang='lat' dir='ltr'><strong><em>utile</em></strong></span> <span class='ocrx_word' id='word_1_485' title='bbox 2445 3994 2573 4037; x_wconf 89' lang='lat' dir='ltr'><strong><em>esset</em></strong></span> <span class='ocrx_word' id='word_1_486' title='bbox 2614 3986 2755 4038; x_wconf 80' lang='lat' dir='ltr'><strong><em>vobis</em></strong></span> <span class='ocrx_word' id='word_1_487' title='bbox 2793 3994 2949 4053; x_wconf 79' lang='lat' dir='ltr'><strong><em>atque</em></strong></span> 
     </span>
    </p>
   </div>
   <div class='ocr_carea' id='block_1_72' title="bbox 1380 4077 2946 4149">
    <p class='ocr_par' dir='ltr' id='par_1_72' title="bbox 1380 4077 2946 4149">
     <span class='ocr_line' id='line_1_72' title="bbox 1380 4077 2946 4149; baseline -0.001 -18"><span class='ocrx_word' id='word_1_488' title='bbox 1380 4081 1709 4145; x_wconf 85' lang='lat' dir='ltr'><strong><em>conduceret,</em></strong></span> <span class='ocrx_word' id='word_1_489' title='bbox 1738 4082 2270 4149; x_wconf 87' lang='lat' dir='ltr'><strong><em>quinannuntiarem.</em></strong></span> <span class='ocrx_word' id='word_1_490' title='bbox 2297 4079 2427 4133; x_wconf 79' lang='lat' dir='ltr'><strong><em>Nam</em></strong></span> <span class='ocrx_word' id='word_1_491' title='bbox 2446 4079 2489 4133; x_wconf 90' lang='lat' dir='ltr'><strong><em>si</em></strong></span> <span class='ocrx_word' id='word_1_492' title='bbox 2513 4078 2588 4149; x_wconf 84' lang='lat' dir='ltr'><strong><em>[id</em></strong></span> <span class='ocrx_word' id='word_1_493' title='bbox 2608 4078 2808 4132; x_wconf 81' lang='lat' dir='ltr'><strong><em>factum</em></strong></span> <span class='ocrx_word' id='word_1_494' title='bbox 2842 4077 2946 4149; x_wconf 75' lang='grc' dir='ltr'><em>εει]</em></span> 
     </span>
    </p>
   </div>
   <div class='ocr_carea' id='block_1_73' title="bbox 1380 4170 2949 4243">
    <p class='ocr_par' dir='ltr' id='par_1_73' title="bbox 1380 4170 2949 4243">
     <span class='ocr_line' id='line_1_73' title="bbox 1380 4170 2949 4243; baseline 0 -21"><span class='ocrx_word' id='word_1_495' title='bbox 1380 4186 1490 4223; x_wconf 85' lang='lat' dir='ltr'><strong><em>non</em></strong></span> <span class='ocrx_word' id='word_1_496' title='bbox 1543 4171 1827 4239; x_wconf 85' lang='lat' dir='ltr'><strong><em>oportebat</em></strong></span> <span class='ocrx_word' id='word_1_497' title='bbox 1870 4174 2008 4225; x_wconf 89' lang='lat' dir='ltr'><strong><em>scire</em></strong></span> <span class='ocrx_word' id='word_1_498' title='bbox 2040 4171 2181 4243; x_wconf 66' lang='lat' dir='ltr'><strong><em>[quae</em></strong></span> <span class='ocrx_word' id='word_1_499' title='bbox 2216 4170 2388 4225; x_wconf 85' lang='lat' dir='ltr'><strong><em>celata</em></strong></span> <span class='ocrx_word' id='word_1_500' title='bbox 2435 4179 2598 4238; x_wconf 84' lang='lat' dir='ltr'><strong><em>atque</em></strong></span> <span class='ocrx_word' id='word_1_501' title='bbox 2652 4184 2949 4237; x_wconf 84' lang='lat' dir='ltr'><strong><em>suppressa</em></strong></span> 
     </span>
    </p>
   </div>
   <div class='ocr_carea' id='block_1_74' title="bbox 3048 3268 4631 3337">
    <p class='ocr_par' dir='ltr' id='par_1_74' title="bbox 3048 3268 4631 3337">
     <span class='ocr_line' id='line_1_74' title="bbox 3048 3268 4631 3337; baseline 0.002 -16"><span class='ocrx_word' id='word_1_502' title='bbox 3048 3268 3215 3321; x_wconf 76' lang='grc' dir='ltr'><em>ἔθετο</em></span> <span class='ocrx_word' id='word_1_503' title='bbox 3234 3269 3605 3335; x_wconf 76' lang='grc' dir='ltr'><em>ἐπισκόπους</em></span> <span class='ocrx_word' id='word_1_504' title='bbox 3626 3271 3964 3337; x_wconf 71' lang='grc' dir='ltr'><em>ποιμαίνειν</em></span> <span class='ocrx_word' id='word_1_505' title='bbox 3985 3269 4097 3335; x_wconf 76' lang='grc' dir='ltr'><em>τὴν</em></span> <span class='ocrx_word' id='word_1_506' title='bbox 4112 3270 4486 3334; x_wconf 65' lang='grc' dir='ltr'><em>Ἐκκλησίαν</em></span> <span class='ocrx_word' id='word_1_507' title='bbox 4514 3270 4631 3323; x_wconf 82' lang='grc' dir='ltr'><em>τοῦ</em></span> 
     </span>
    </p>
   </div>
   <div class='ocr_carea' id='block_1_75' title="bbox 3050 3358 4635 3429">
    <p class='ocr_par' dir='ltr' id='par_1_75' title="bbox 3050 3358 4635 3429">
     <span class='ocr_line' id='line_1_75' title="bbox 3050 3358 4635 3429; baseline 0 -18"><span class='ocrx_word' id='word_1_508' title='bbox 3050 3361 3271 3425; x_wconf 75' lang='grc' dir='ltr'><em>Κυρίου</em></span> <span class='ocrx_word' id='word_1_509' title='bbox 3316 3360 3415 3411; x_wconf 76' lang='grc' dir='ltr'><em>καὶ</em></span> <span class='ocrx_word' id='word_1_510' title='bbox 3472 3361 3647 3413; x_wconf 72' lang='grc' dir='ltr'><em>Θεοῦο</em></span> <span class='ocrx_word' id='word_1_511' title='bbox 3681 3362 3787 3414; x_wconf 76' lang='grc' dir='ltr'><strong><em>ἀπὸ</em></strong></span> <span class='ocrx_word' id='word_1_512' title='bbox 3814 3361 3869 3413; x_wconf 82' lang='grc' dir='ltr'><em>δὲ</em></span> <span class='ocrx_word' id='word_1_513' title='bbox 3903 3361 3999 3428; x_wconf 84' lang='grc' dir='ltr'><strong><em>τῆς</em></strong></span> <span class='ocrx_word' id='word_1_514' title='bbox 4020 3362 4158 3429; x_wconf 78' lang='grc' dir='ltr'><em>πρὸς</em></span> <span class='ocrx_word' id='word_1_515' title='bbox 4188 3358 4344 3411; x_wconf 85' lang='grc' dir='ltr'>Τῖτον</span> <span class='ocrx_word' id='word_1_516' title='bbox 4386 3361 4635 3411; x_wconf 74' lang='grc' dir='ltr'><em>Ἐπιστοο</em></span> 
     </span>
    </p>
   </div>
   <div class='ocr_carea' id='block_1_76' title="bbox 3050 3448 4636 3517">
    <p class='ocr_par' dir='ltr' id='par_1_76' title="bbox 3050 3448 4636 3517">
     <span class='ocr_line' id='line_1_76' title="bbox 3050 3448 4636 3517; baseline 0.003 -18"><span class='ocrx_word' id='word_1_517' title='bbox 3050 3448 3149 3515; x_wconf 81' lang='grc' dir='ltr'><strong><em>λῆς</em></strong></span> <span class='ocrx_word' id='word_1_518' title='bbox 3171 3465 3184 3479; x_wconf 87' lang='grc'><strong>·</strong></span> <span class='ocrx_word' id='word_1_519' title='bbox 3214 3450 3323 3501; x_wconf 82' lang='lat' dir='ltr'><strong><em>Kal</em></strong></span> <span class='ocrx_word' id='word_1_520' title='bbox 3354 3451 3758 3517; x_wconf 73' lang='grc' dir='ltr'><em>καταστήσεις</em></span> <span class='ocrx_word' id='word_1_521' title='bbox 3780 3450 3930 3503; x_wconf 80' lang='grc' dir='ltr'><em>κατὰ</em></span> <span class='ocrx_word' id='word_1_522' title='bbox 3958 3451 4163 3511; x_wconf 81' lang='grc' dir='ltr'><em>πόλιν,</em></span> <span class='ocrx_word' id='word_1_523' title='bbox 4190 3449 4342 3516; x_wconf 73' lang='grc' dir='ltr'><em>φησὶ,</em></span> <span class='ocrx_word' id='word_1_524' title='bbox 4370 3452 4636 3517; x_wconf 67' lang='grc' dir='ltr'><strong><em>,τιτρεονὸυ⁴</em></strong></span> 
     </span>
    </p>
   </div>
   <div class='ocr_carea' id='block_1_77' title="bbox 3050 3539 4635 3608">
    <p class='ocr_par' dir='ltr' id='par_1_77' title="bbox 3050 3539 4635 3608">
     <span class='ocr_line' id='line_1_77' title="bbox 3050 3539 4635 3608; baseline 0.001 -18"><span class='ocrx_word' id='word_1_525' title='bbox 3050 3539 3283 3604; x_wconf 80' lang='grc' dir='ltr'><em>τέρους,</em></span> <span class='ocrx_word' id='word_1_526' title='bbox 3315 3539 3396 3604; x_wconf 86' lang='grc' dir='ltr'><em>ὠς</em></span> <span class='ocrx_word' id='word_1_527' title='bbox 3418 3539 3533 3607; x_wconf 71' lang='grc' dir='ltr'><strong><em>ἐγώ</em></strong></span> <span class='ocrx_word' id='word_1_528' title='bbox 3563 3556 3659 3592; x_wconf 88' lang='grc' dir='ltr'><strong><em>σοι</em></strong></span> <span class='ocrx_word' id='word_1_529' title='bbox 3690 3539 4088 3607; x_wconf 57' lang='grc' dir='ltr'><em>διεταξάμην</em></span> <span class='ocrx_word' id='word_1_530' title='bbox 4137 3541 4247 3593; x_wconf 85' lang='grc' dir='ltr'><strong><em>ἀπὸ</em></strong></span> <span class='ocrx_word' id='word_1_531' title='bbox 4272 3541 4324 3592; x_wconf 78' lang='grc' dir='ltr'><em>δὲ</em></span> <span class='ocrx_word' id='word_1_532' title='bbox 4354 3540 4454 3607; x_wconf 74' lang='grc' dir='ltr'><strong><em>τῆς</em></strong></span> <span class='ocrx_word' id='word_1_533' title='bbox 4488 3541 4635 3608; x_wconf 71' lang='grc' dir='ltr'><em>πρὸς</em></span> 
     </span>
    </p>
   </div>
   <div class='ocr_carea' id='block_1_78' title="bbox 3052 3628 4635 3698">
    <p class='ocr_par' dir='ltr' id='par_1_78' title="bbox 3052 3628 4635 3698">
     <span class='ocr_line' id='line_1_78' title="bbox 3052 3628 4635 3698; baseline 0.001 -19"><span class='ocrx_word' id='word_1_534' title='bbox 3052 3628 3471 3695; x_wconf 78' lang='grc' dir='ltr'><em>Φιλιππησεους·</em></span> <span class='ocrx_word' id='word_1_535' title='bbox 3516 3630 3751 3695; x_wconf 83' lang='grc' dir='ltr'><em>Παῦλος</em></span> <span class='ocrx_word' id='word_1_536' title='bbox 3784 3631 3881 3684; x_wconf 71' lang='grc' dir='ltr'><em>καὶ</em></span> <span class='ocrx_word' id='word_1_537' title='bbox 3929 3631 4223 3698; x_wconf 86' lang='grc' dir='ltr'><em>Τιμόθεος,</em></span> <span class='ocrx_word' id='word_1_538' title='bbox 4251 3630 4462 3683; x_wconf 89' lang='grc' dir='ltr'><em>δοῦλοι</em></span> <span class='ocrx_word' id='word_1_539' title='bbox 4490 3632 4635 3696; x_wconf 79' lang='grc' dir='ltr'><em>Χρι-</em></span> 
     </span>
    </p>
   </div>
   <div class='ocr_carea' id='block_1_79' title="bbox 3052 3717 4634 3785">
    <p class='ocr_par' dir='ltr' id='par_1_79' title="bbox 3052 3717 4634 3785">
     <span class='ocr_line' id='line_1_79' title="bbox 3052 3717 4634 3785; baseline 0 -14"><span class='ocrx_word' id='word_1_540' title='bbox 3052 3721 3203 3772; x_wconf 87' lang='grc' dir='ltr'><em>στοῦ</em></span> <span class='ocrx_word' id='word_1_541' title='bbox 3244 3720 3465 3784; x_wconf 86' lang='grc' dir='ltr'><em>Ἰησοῦ,</em></span> <span class='ocrx_word' id='word_1_542' title='bbox 3495 3720 3618 3785; x_wconf 81' lang='grc' dir='ltr'><em>τοῖς</em></span> <span class='ocrx_word' id='word_1_543' title='bbox 3649 3717 3834 3774; x_wconf 86' lang='grc' dir='ltr'><em>οὖσιν</em></span> <span class='ocrx_word' id='word_1_544' title='bbox 3875 3720 3947 3773; x_wconf 77' lang='grc' dir='ltr'><em>ἐν</em></span> <span class='ocrx_word' id='word_1_545' title='bbox 3990 3722 4311 3785; x_wconf 74' lang='grc' dir='ltr'><em>Φιλίπποις</em></span> <span class='ocrx_word' id='word_1_546' title='bbox 4343 3720 4466 3773; x_wconf 79' lang='grc' dir='ltr'><em>σὺν</em></span> <span class='ocrx_word' id='word_1_547' title='bbox 4492 3720 4634 3771; x_wconf 77' lang='grc' dir='ltr'><em>ἐπι-</em></span> 
     </span>
    </p>
   </div>
   <div class='ocr_carea' id='block_1_80' title="bbox 3051 3810 4633 3876">
    <p class='ocr_par' dir='ltr' id='par_1_80' title="bbox 3051 3810 4633 3876">
     <span class='ocr_line' id='line_1_80' title="bbox 3051 3810 4633 3876; baseline -0.002 -11"><span class='ocrx_word' id='word_1_548' title='bbox 3051 3812 3310 3876; x_wconf 79' lang='grc' dir='ltr'><em>σκόποις</em></span> <span class='ocrx_word' id='word_1_549' title='bbox 3352 3813 3450 3863; x_wconf 83' lang='grc' dir='ltr'><strong><em>καὶ</em></strong></span> <span class='ocrx_word' id='word_1_550' title='bbox 3474 3813 3795 3875; x_wconf 71' lang='grc' dir='ltr'><em>διακόνοις.</em></span> <span class='ocrx_word' id='word_1_551' title='bbox 3830 3841 3899 3852; x_wconf 92' lang='grc'><strong><em>-</em></strong></span> <span class='ocrx_word' id='word_1_552' title='bbox 3925 3812 4023 3876; x_wconf 82' lang='grc' dir='ltr'><strong><em>Ὠς</em></strong></span> <span class='ocrx_word' id='word_1_553' title='bbox 4054 3810 4236 3864; x_wconf 78' lang='grc' dir='ltr'><em>οὐδὲν</em></span> <span class='ocrx_word' id='word_1_554' title='bbox 4261 3811 4633 3865; x_wconf 70' lang='grc' dir='ltr'><em>ὔπεστειλιὶ-</em></span> 
     </span>
    </p>
   </div>
   <div class='ocr_carea' id='block_1_81' title="bbox 3048 3900 4633 3971">
    <p class='ocr_par' dir='ltr' id='par_1_81' title="bbox 3048 3900 4633 3971">
     <span class='ocr_line' id='line_1_81' title="bbox 3048 3900 4633 3971; baseline -0.002 -16"><span class='ocrx_word' id='word_1_555' title='bbox 3048 3920 3172 3971; x_wconf 89' lang='grc' dir='ltr'><strong><em>μην</em></strong></span> <span class='ocrx_word' id='word_1_556' title='bbox 3200 3902 3317 3953; x_wconf 85' lang='grc' dir='ltr'><strong><em>τῶν</em></strong></span> <span class='ocrx_word' id='word_1_557' title='bbox 3343 3904 3774 3969; x_wconf 66' lang='grc' dir='ltr'><em>συμφερόντων</em></span> <span class='ocrx_word' id='word_1_558' title='bbox 3825 3901 3929 3953; x_wconf 87' lang='grc' dir='ltr'><em>τοῦ</em></span> <span class='ocrx_word' id='word_1_559' title='bbox 3966 3901 4052 3968; x_wconf 82' lang='grc' dir='ltr'><em>μὴ</em></span> <span class='ocrx_word' id='word_1_560' title='bbox 4082 3901 4429 3968; x_wconf 59' lang='lat' dir='ltr'><strong><em>(transuat</em></strong></span> <span class='ocrx_word' id='word_1_561' title='bbox 4458 3900 4633 3969; x_wconf 78' lang='grc' dir='ltr'><em>ὑμῖν.</em></span> 
     </span>
    </p>
   </div>
   <div class='ocr_carea' id='block_1_82' title="bbox 3054 3984 4634 4058">
    <p class='ocr_par' dir='ltr' id='par_1_82' title="bbox 3054 3984 4634 4058">
     <span class='ocr_line' id='line_1_82' title="bbox 3054 3984 4634 4058; baseline 0.001 -21"><span class='ocrx_word' id='word_1_562' title='bbox 3054 3984 3163 4038; x_wconf 80' lang='grc' dir='ltr'><strong><em>Ἢν</em></strong></span> <span class='ocrx_word' id='word_1_563' title='bbox 3193 3987 3390 4055; x_wconf 81' lang='grc' dir='ltr'><strong><em>γὰρ⁰³,</em></strong></span> <span class='ocrx_word' id='word_1_564' title='bbox 3421 3987 3499 4058; x_wconf 78' lang='grc' dir='ltr'><strong><em>[ἃ]</em></strong></span> <span class='ocrx_word' id='word_1_565' title='bbox 3532 3987 3630 4039; x_wconf 78' lang='grc' dir='ltr'><strong><em>οὐκ</em></strong></span> <span class='ocrx_word' id='word_1_566' title='bbox 3659 3987 3764 4039; x_wconf 82' lang='grc' dir='ltr'><em>ἔδει</em></span> <span class='ocrx_word' id='word_1_567' title='bbox 3804 3988 4016 4057; x_wconf 83' lang='grc' dir='ltr'><em>μαθεῖν.</em></span> <span class='ocrx_word' id='word_1_568' title='bbox 4048 3988 4261 4055; x_wconf 81' lang='grc' dir='ltr'><em>Ὠσπερ</em></span> <span class='ocrx_word' id='word_1_569' title='bbox 4296 3986 4403 4057; x_wconf 79' lang='grc' dir='ltr'><strong><em>γὰρ</em></strong></span> <span class='ocrx_word' id='word_1_570' title='bbox 4422 3989 4483 4039; x_wconf 79' lang='grc' dir='ltr'><em>τό</em></span> <span class='ocrx_word' id='word_1_571' title='bbox 4504 4000 4634 4039; x_wconf 74' lang='grc' dir='ltr'><em>τινα</em></span> 
     </span>
    </p>
   </div>
   <div class='ocr_carea' id='block_1_83' title="bbox 3054 4074 4631 4145">
    <p class='ocr_par' dir='ltr' id='par_1_83' title="bbox 3054 4074 4631 4145">
     <span class='ocr_line' id='line_1_83' title="bbox 3054 4074 4631 4145; baseline -0.001 -18"><span class='ocrx_word' id='word_1_572' title='bbox 3054 4075 3413 4145; x_wconf 79' lang='grc' dir='ltr'><em>κρύπτεσθαι,</em></span> <span class='ocrx_word' id='word_1_573' title='bbox 3436 4075 3627 4142; x_wconf 81' lang='grc' dir='ltr'><strong><em>φθόνον</em></strong></span> <span class='ocrx_word' id='word_1_574' title='bbox 3648 4076 3712 4139; x_wconf 64' lang='grc'><strong><em>⁸⁸,</em></strong></span> <span class='ocrx_word' id='word_1_575' title='bbox 3734 4074 3874 4127; x_wconf 69' lang='grc' dir='ltr'><strong><em>οὕτω</em></strong></span> <span class='ocrx_word' id='word_1_576' title='bbox 3898 4076 3959 4126; x_wconf 81' lang='grc' dir='ltr'>τὸ</span> <span class='ocrx_word' id='word_1_577' title='bbox 3988 4075 4167 4142; x_wconf 78' lang='grc' dir='ltr'><em>λέγειν</em></span> <span class='ocrx_word' id='word_1_578' title='bbox 4195 4076 4255 4127; x_wconf 85' lang='grc' dir='ltr'><strong><em>τὸ</em></strong></span> <span class='ocrx_word' id='word_1_579' title='bbox 4285 4077 4391 4128; x_wconf 81' lang='grc' dir='ltr'><strong><em>πᾶν</em></strong></span> <span class='ocrx_word' id='word_1_580' title='bbox 4418 4077 4631 4139; x_wconf 75' lang='grc' dir='ltr'><em>αὐτοῖς,</em></span> 
     </span>
    </p>
   </div>
   <div class='ocr_carea' id='block_1_84' title="bbox 3058 4163 4519 4235">
    <p class='ocr_par' dir='ltr' id='par_1_84' title="bbox 3058 4163 4519 4235">
     <span class='ocr_line' id='line_1_84' title="bbox 3058 4163 4519 4235; baseline -0.001 -18"><span class='ocrx_word' id='word_1_581' title='bbox 3058 4166 3263 4227; x_wconf 81' lang='grc' dir='ltr'><em>ἀνοίας.</em></span> <span class='ocrx_word' id='word_1_582' title='bbox 3293 4163 3391 4216; x_wconf 77' lang='grc' dir='ltr'><strong><em>Διὰ</em></strong></span> <span class='ocrx_word' id='word_1_583' title='bbox 3421 4165 3581 4217; x_wconf 77' lang='grc' dir='ltr'><em>τοῦτο</em></span> <span class='ocrx_word' id='word_1_584' title='bbox 3605 4166 3939 4234; x_wconf 77' lang='grc' dir='ltr'><em>προσέθηκε,</em></span> <span class='ocrx_word' id='word_1_585' title='bbox 3962 4165 4070 4217; x_wconf 83' lang='grc' dir='ltr'><strong><em>τῶν</em></strong></span> <span class='ocrx_word' id='word_1_586' title='bbox 4106 4169 4519 4235; x_wconf 73' lang='grc' dir='ltr'><em>συμφερόντων.</em></span> 
     </span>
    </p>
   </div>
   <div class='ocr_carea' id='block_1_85' title="bbox 1382 4254 4634 4330">
    <p class='ocr_par' dir='ltr' id='par_1_85' title="bbox 1382 4254 4634 4330">
     <span class='ocr_line' id='line_1_85' title="bbox 1382 4254 4634 4330; baseline -0.002 -16"><span class='ocrx_word' id='word_1_587' title='bbox 1382 4259 1553 4330; x_wconf 81' lang='lat' dir='ltr'><strong><em>sunt].</em></strong></span> <span class='ocrx_word' id='word_1_588' title='bbox 1575 4260 2039 4325; x_wconf 82' lang='lat' dir='ltr'><strong><em>Quemadmodum</em></strong></span> <span class='ocrx_word' id='word_1_589' title='bbox 2072 4261 2217 4314; x_wconf 86' lang='lat' dir='ltr'><strong><em>enim</em></strong></span> <span class='ocrx_word' id='word_1_590' title='bbox 2248 4257 2506 4313; x_wconf 82' lang='lat' dir='ltr'><strong><em>nonnulla</em></strong></span> <span class='ocrx_word' id='word_1_591' title='bbox 2540 4260 2736 4321; x_wconf 87' lang='lat' dir='ltr'><strong><em>celare,</em></strong></span> <span class='ocrx_word' id='word_1_592' title='bbox 2770 4258 2973 4313; x_wconf 76' lang='lat' dir='ltr'><strong><em>invidi:</em></strong></span> <span class='ocrx_word' id='word_1_593' title='bbox 2999 4257 3072 4311; x_wconf 84' lang='lat' dir='ltr'><strong><em>ita</em></strong></span> <span class='ocrx_word' id='word_1_594' title='bbox 3104 4257 3285 4310; x_wconf 87' lang='lat' dir='ltr'><strong><em>omnia</em></strong></span> <span class='ocrx_word' id='word_1_595' title='bbox 3334 4257 3518 4310; x_wconf 80' lang='lat' dir='ltr'><strong><em>dicere</em></strong></span> <span class='ocrx_word' id='word_1_596' title='bbox 3551 4256 3681 4321; x_wconf 86' lang='lat' dir='ltr'><strong><em>illis,</em></strong></span> <span class='ocrx_word' id='word_1_597' title='bbox 3731 4257 3964 4311; x_wconf 80' lang='lat' dir='ltr'><strong><em>amentis</em></strong></span> <span class='ocrx_word' id='word_1_598' title='bbox 4004 4267 4107 4310; x_wconf 88' lang='lat' dir='ltr'><strong><em>est.</em></strong></span> <span class='ocrx_word' id='word_1_599' title='bbox 4140 4254 4351 4310; x_wconf 84' lang='lat' dir='ltr'><strong><em>Idcirco</em></strong></span> <span class='ocrx_word' id='word_1_600' title='bbox 4383 4256 4634 4309; x_wconf 82' lang='lat' dir='ltr'><strong><em>addidit:</em></strong></span> 
     </span>
    </p>
   </div>
   <div class='ocr_carea' id='block_1_86' title="bbox 1386 4351 2344 4416">
    <p class='ocr_par' dir='ltr' id='par_1_86' title="bbox 1386 4351 2344 4416">
     <span class='ocr_line' id='line_1_86' title="bbox 1386 4351 2344 4416; baseline -0.002 -12"><span class='ocrx_word' id='word_1_601' title='bbox 1386 4353 1582 4404; x_wconf 81' lang='lat' dir='ltr'><strong><em>Earum</em></strong></span> <span class='ocrx_word' id='word_1_602' title='bbox 1606 4367 1786 4404; x_wconf 88' lang='lat' dir='ltr'><strong><em>rerum</em></strong></span> <span class='ocrx_word' id='word_1_603' title='bbox 1809 4367 1927 4416; x_wconf 79' lang='lat' dir='ltr'><strong><em>qua:</em></strong></span> <span class='ocrx_word' id='word_1_604' title='bbox 1958 4351 2113 4405; x_wconf 88' lang='lat' dir='ltr'><strong><em>utiles</em></strong></span> <span class='ocrx_word' id='word_1_605' title='bbox 2143 4360 2344 4405; x_wconf 86' lang='lat' dir='ltr'><strong><em>essent.</em></strong></span> 
     </span>
    </p>
   </div>
   <div class='ocr_carea' id='block_1_87' title="bbox 1452 4438 3345 4515">
    <p class='ocr_par' dir='ltr' id='par_1_87' title="bbox 1452 4440 3345 4515">
     <span class='ocr_line' id='line_1_87' title="bbox 1452 4440 3345 4515; baseline -0.002 -18"><span class='ocrx_word' id='word_1_606' title='bbox 1452 4443 1615 4499; x_wconf 75' lang='lat' dir='ltr'><strong><em>Vens.</em></strong></span> <span class='ocrx_word' id='word_1_607' title='bbox 1649 4444 1738 4499; x_wconf 73' lang='lat'><strong><em>22.</em></strong></span> <span class='ocrx_word' id='word_1_608' title='bbox 1771 4444 1833 4497; x_wconf 83' lang='lat' dir='ltr'><strong><em>Et</em></strong></span> <span class='ocrx_word' id='word_1_609' title='bbox 1870 4461 2007 4498; x_wconf 86' lang='lat' dir='ltr'><strong><em>nunc</em></strong></span> <span class='ocrx_word' id='word_1_610' title='bbox 2024 4461 2141 4498; x_wconf 88' lang='lat' dir='ltr'><strong><em>ecce</em></strong></span> <span class='ocrx_word' id='word_1_611' title='bbox 2167 4461 2260 4515; x_wconf 88' lang='lat' dir='ltr'><strong><em>ego</em></strong></span> <span class='ocrx_word' id='word_1_612' title='bbox 2284 4447 2483 4499; x_wconf 79' lang='lat' dir='ltr'><strong><em>vinctus</em></strong></span> <span class='ocrx_word' id='word_1_613' title='bbox 2511 4444 2742 4513; x_wconf 87' lang='lat' dir='ltr'><strong><em>Spiritu,</em></strong></span> <span class='ocrx_word' id='word_1_614' title='bbox 2773 4445 2939 4511; x_wconf 77' lang='lat' dir='ltr'><strong><em>proli-</em></strong></span> <span class='ocrx_word' id='word_1_615' title='bbox 2977 4447 3017 4499; x_wconf 90' lang='lat' dir='ltr'><strong>D</strong></span> <span class='ocrx_word' id='word_1_616' title='bbox 3121 4440 3227 4494; x_wconf 80' lang='grc' dir='ltr'><strong><em>Καὶ</em></strong></span> <span class='ocrx_word' id='word_1_617' title='bbox 3254 4440 3345 4494; x_wconf 73' lang='grc' dir='ltr'><strong><em>νῦι</em></strong></span> 
     </span>
    </p>
   </div>
   <div class='ocr_carea' id='block_1_88' title="bbox 2739 4438 4632 4515">
    <p class='ocr_par' dir='ltr' id='par_1_88' title="bbox 2739 4438 4632 4511">
     <span class='ocr_line' id='line_1_88' title="bbox 2739 4438 4632 4511; baseline -0.001 -14"><span class='ocrx_word' id='word_1_618' title='bbox 2739 4488 2742 4502; x_wconf 89' lang='grc'><strong><em>,</em></strong></span> <span class='ocrx_word' id='word_1_619' title='bbox 2773 4445 2939 4511; x_wconf 77' lang='grc' dir='ltr'><em>ριόΙῖ-</em></span> <span class='ocrx_word' id='word_1_620' title='bbox 2977 4447 3017 4499; x_wconf 84' lang='grc'><strong><em>1)</em></strong></span> <span class='ocrx_word' id='word_1_621' title='bbox 3121 4440 3227 4494; x_wconf 79' lang='grc' dir='ltr'><strong><em>Καὶ</em></strong></span> <span class='ocrx_word' id='word_1_622' title='bbox 3254 4440 3371 4494; x_wconf 83' lang='grc' dir='ltr'><strong><em>νῦν</em></strong></span> <span class='ocrx_word' id='word_1_623' title='bbox 3392 4439 3521 4493; x_wconf 70' lang='grc' dir='ltr'><em>ἰδοὺ</em></span> <span class='ocrx_word' id='word_1_624' title='bbox 3554 4440 3669 4509; x_wconf 74' lang='grc' dir='ltr'><strong><em>ἐγὼ</em></strong></span> <span class='ocrx_word' id='word_1_625' title='bbox 3707 4438 4027 4509; x_wconf 80' lang='grc' dir='ltr'><em>δεδεμένος</em></span> <span class='ocrx_word' id='word_1_626' title='bbox 4047 4439 4127 4505; x_wconf 79' lang='grc' dir='ltr'><strong><em>τῷ</em></strong></span> <span class='ocrx_word' id='word_1_627' title='bbox 4160 4442 4487 4510; x_wconf 85' lang='grc' dir='ltr'><em>Πνεύματι,</em></span> <span class='ocrx_word' id='word_1_628' title='bbox 4520 4462 4632 4499; x_wconf 80' lang='grc' dir='ltr'><em>πο-</em></span> 
     </span>
    </p>
   </div>
   <div class='ocr_carea' id='block_1_89' title="bbox 1383 4532 2951 4605">
    <p class='ocr_par' dir='ltr' id='par_1_89' title="bbox 1383 4532 2951 4605">
     <span class='ocr_line' id='line_1_89' title="bbox 1383 4532 2951 4605; baseline 0.001 -19"><span class='ocrx_word' id='word_1_629' title='bbox 1383 4535 1548 4587; x_wconf 88' lang='lat' dir='ltr'><strong><em>ciscor</em></strong></span> <span class='ocrx_word' id='word_1_630' title='bbox 1604 4535 1656 4587; x_wconf 89' lang='lat' dir='ltr'><strong><em>in</em></strong></span> <span class='ocrx_word' id='word_1_631' title='bbox 1714 4532 2035 4599; x_wconf 79' lang='lat' dir='ltr'><strong><em>Jerusalem,</em></strong></span> <span class='ocrx_word' id='word_1_632' title='bbox 2068 4552 2182 4605; x_wconf 78' lang='lat' dir='ltr'><strong><em>qua:</em></strong></span> <span class='ocrx_word' id='word_1_633' title='bbox 2215 4535 2342 4588; x_wconf 80' lang='lat' dir='ltr'><strong><em>mihi</em></strong></span> <span class='ocrx_word' id='word_1_634' title='bbox 2376 4538 2431 4587; x_wconf 70' lang='lat' dir='ltr'><strong><em>in</em></strong></span> <span class='ocrx_word' id='word_1_635' title='bbox 2471 4552 2535 4589; x_wconf 85' lang='lat' dir='ltr'><strong><em>ea</em></strong></span> <span class='ocrx_word' id='word_1_636' title='bbox 2564 4535 2691 4589; x_wconf 85' lang='lat' dir='ltr'><strong><em>urbe</em></strong></span> <span class='ocrx_word' id='word_1_637' title='bbox 2756 4550 2951 4588; x_wconf 85' lang='lat' dir='ltr'><strong><em>casura</em></strong></span> 
     </span>
    </p>
   </div>
   <div class='ocr_carea' id='block_1_90' title="bbox 1385 4626 1800 4693">
    <p class='ocr_par' dir='ltr' id='par_1_90' title="bbox 1385 4626 1800 4693">
     <span class='ocr_line' id='line_1_90' title="bbox 1385 4626 1800 4693; baseline 0.005 -17"><span class='ocrx_word' id='word_1_638' title='bbox 1385 4626 1490 4676; x_wconf 87' lang='lat' dir='ltr'><strong><em>sint</em></strong></span> <span class='ocrx_word' id='word_1_639' title='bbox 1531 4630 1800 4693; x_wconf 87' lang='lat' dir='ltr'><strong><em>ignorans.</em></strong></span> 
     </span>
    </p>
   </div>
   <div class='ocr_carea' id='block_1_91' title="bbox 1459 4714 2954 4786">
    <p class='ocr_par' dir='ltr' id='par_1_91' title="bbox 1459 4714 2954 4786">
     <span class='ocr_line' id='line_1_91' title="bbox 1459 4714 2954 4786; baseline 0.001 -18"><span class='ocrx_word' id='word_1_640' title='bbox 1459 4714 1621 4769; x_wconf 72' lang='lat' dir='ltr'><strong><em>Vens.</em></strong></span> <span class='ocrx_word' id='word_1_641' title='bbox 1648 4716 1739 4769; x_wconf 74' lang='lat'><strong><em>2&#39;5.</em></strong></span> <span class='ocrx_word' id='word_1_642' title='bbox 1800 4716 2163 4786; x_wconf 80' lang='lat' dir='ltr'><strong><em>Prteterquam</em></strong></span> <span class='ocrx_word' id='word_1_643' title='bbox 2194 4718 2332 4785; x_wconf 85' lang='lat' dir='ltr'><strong><em>quod</em></strong></span> <span class='ocrx_word' id='word_1_644' title='bbox 2366 4715 2599 4783; x_wconf 88' lang='lat' dir='ltr'><strong><em>Spiritus</em></strong></span> <span class='ocrx_word' id='word_1_645' title='bbox 2643 4726 2859 4769; x_wconf 87' lang='lat' dir='ltr'><strong><em>sanctus</em></strong></span> <span class='ocrx_word' id='word_1_646' title='bbox 2898 4717 2954 4770; x_wconf 89' lang='lat' dir='ltr'><strong><em>in</em></strong></span> 
     </span>
    </p>
   </div>
   <div class='ocr_carea' id='block_1_92' title="bbox 1382 4809 2949 4876">
    <p class='ocr_par' dir='ltr' id='par_1_92' title="bbox 1382 4809 2949 4876">
     <span class='ocr_line' id='line_1_92' title="bbox 1382 4809 2949 4876; baseline 0.001 -16"><span class='ocrx_word' id='word_1_647' title='bbox 1382 4809 1591 4861; x_wconf 87' lang='lat' dir='ltr'><strong><em>civitate</em></strong></span> <span class='ocrx_word' id='word_1_648' title='bbox 1642 4809 1976 4876; x_wconf 80' lang='lat' dir='ltr'><strong><em>testificatur,</em></strong></span> <span class='ocrx_word' id='word_1_649' title='bbox 2007 4812 2182 4863; x_wconf 84' lang='lat' dir='ltr'><strong><em>dicens</em></strong></span> <span class='ocrx_word' id='word_1_650' title='bbox 2230 4809 2441 4863; x_wconf 76' lang='lat' dir='ltr'><strong><em>uincula</em></strong></span> <span class='ocrx_word' id='word_1_651' title='bbox 2477 4809 2601 4861; x_wconf 88' lang='lat' dir='ltr'><strong><em>mihi</em></strong></span> <span class='ocrx_word' id='word_1_652' title='bbox 2636 4817 2685 4863; x_wconf 91' lang='lat' dir='ltr'><strong><em>ct</em></strong></span> <span class='ocrx_word' id='word_1_653' title='bbox 2720 4810 2949 4861; x_wconf 82' lang='lat' dir='ltr'><strong><em>calami-</em></strong></span> 
     </span>
    </p>
   </div>
   <div class='ocr_carea' id='block_1_93' title="bbox 1386 4900 2001 4953">
    <p class='ocr_par' dir='ltr' id='par_1_93' title="bbox 1386 4900 2001 4953">
     <span class='ocr_line' id='line_1_93' title="bbox 1386 4900 2001 4953; baseline 0.005 -3"><span class='ocrx_word' id='word_1_654' title='bbox 1386 4908 1514 4952; x_wconf 88' lang='lat' dir='ltr'><strong><em>tates</em></strong></span> <span class='ocrx_word' id='word_1_655' title='bbox 1548 4916 1658 4952; x_wconf 88' lang='lat' dir='ltr'><strong><em>esse</em></strong></span> <span class='ocrx_word' id='word_1_656' title='bbox 1687 4900 2001 4953; x_wconf 85' lang='lat' dir='ltr'><strong><em>destinatas.</em></strong></span> 
     </span>
    </p>
   </div>
   <div class='ocr_carea' id='block_1_94' title="bbox 1459 4985 2949 5056">
    <p class='ocr_par' dir='ltr' id='par_1_94' title="bbox 1459 4985 2949 5056">
     <span class='ocr_line' id='line_1_94' title="bbox 1459 4985 2949 5056; baseline 0.001 -18"><span class='ocrx_word' id='word_1_657' title='bbox 1459 4985 1619 5039; x_wconf 70' lang='lat' dir='ltr'><strong><em>Vens.</em></strong></span> <span class='ocrx_word' id='word_1_658' title='bbox 1649 4986 1739 5041; x_wconf 69' lang='grc'><strong><em>24.</em></strong></span> <span class='ocrx_word' id='word_1_659' title='bbox 1767 4986 1869 5041; x_wconf 87' lang='lat' dir='ltr'><strong><em>Sed</em></strong></span> <span class='ocrx_word' id='word_1_660' title='bbox 1908 4986 2036 5040; x_wconf 83' lang='lat' dir='ltr'><strong><em>nihil</em></strong></span> <span class='ocrx_word' id='word_1_661' title='bbox 2071 4987 2298 5056; x_wconf 87' lang='lat' dir='ltr'><strong><em>(horum)</em></strong></span> <span class='ocrx_word' id='word_1_662' title='bbox 2325 5003 2470 5047; x_wconf 88' lang='lat' dir='ltr'><strong><em>curo.</em></strong></span> <span class='ocrx_word' id='word_1_663' title='bbox 2502 5002 2664 5055; x_wconf 87' lang='lat' dir='ltr'><strong><em>neque</em></strong></span> <span class='ocrx_word' id='word_1_664' title='bbox 2690 4986 2949 5039; x_wconf 89' lang='lat' dir='ltr'><strong><em>mihimet-</em></strong></span> 
     </span>
    </p>
   </div>
   <div class='ocr_carea' id='block_1_95' title="bbox 1383 5076 2950 5147">
    <p class='ocr_par' dir='ltr' id='par_1_95' title="bbox 1383 5076 2950 5147">
     <span class='ocr_line' id='line_1_95' title="bbox 1383 5076 2950 5147; baseline -0.002 -16"><span class='ocrx_word' id='word_1_665' title='bbox 1383 5079 1484 5147; x_wconf 81' lang='lat' dir='ltr'><strong><em>ipsi</em></strong></span> <span class='ocrx_word' id='word_1_666' title='bbox 1520 5079 1701 5131; x_wconf 87' lang='lat' dir='ltr'><strong><em>anima</em></strong></span> <span class='ocrx_word' id='word_1_667' title='bbox 1738 5096 1852 5131; x_wconf 86' lang='lat' dir='ltr'><strong><em>mea</em></strong></span> <span class='ocrx_word' id='word_1_668' title='bbox 1885 5079 2043 5133; x_wconf 87' lang='lat' dir='ltr'><strong><em>chara</em></strong></span> <span class='ocrx_word' id='word_1_669' title='bbox 2072 5088 2172 5139; x_wconf 83' lang='lat' dir='ltr'><strong><em>est,</em></strong></span> <span class='ocrx_word' id='word_1_670' title='bbox 2205 5078 2487 5131; x_wconf 87' lang='lat' dir='ltr'><strong><em>dummodo</em></strong></span> <span class='ocrx_word' id='word_1_671' title='bbox 2514 5076 2791 5143; x_wconf 77' lang='lat' dir='ltr'><strong><em>conﬁciam</em></strong></span> <span class='ocrx_word' id='word_1_672' title='bbox 2832 5094 2950 5129; x_wconf 88' lang='lat' dir='ltr'><strong><em>cum</em></strong></span> 
     </span>
    </p>
   </div>
   <div class='ocr_carea' id='block_1_96' title="bbox 1386 5166 2949 5239">
    <p class='ocr_par' dir='ltr' id='par_1_96' title="bbox 1386 5166 2949 5239">
     <span class='ocr_line' id='line_1_96' title="bbox 1386 5166 2949 5239; baseline -0.001 -18"><span class='ocrx_word' id='word_1_673' title='bbox 1386 5170 1579 5239; x_wconf 84' lang='lat' dir='ltr'><strong><em>gaudio</em></strong></span> <span class='ocrx_word' id='word_1_674' title='bbox 1614 5186 1825 5222; x_wconf 86' lang='lat' dir='ltr'><strong><em>cursum</em></strong></span> <span class='ocrx_word' id='word_1_675' title='bbox 1861 5186 2033 5223; x_wconf 78' lang='lat' dir='ltr'><strong><em>meum</em></strong></span> <span class='ocrx_word' id='word_1_676' title='bbox 2080 5176 2129 5222; x_wconf 87' lang='lat' dir='ltr'><strong><em>et</em></strong></span> <span class='ocrx_word' id='word_1_677' title='bbox 2159 5167 2507 5221; x_wconf 87' lang='lat' dir='ltr'><strong><em>ministerium</em></strong></span> <span class='ocrx_word' id='word_1_678' title='bbox 2535 5171 2671 5235; x_wconf 86' lang='lat' dir='ltr'><strong><em>quod</em></strong></span> <span class='ocrx_word' id='word_1_679' title='bbox 2701 5166 2879 5235; x_wconf 88' lang='lat' dir='ltr'><strong><em>accepi</em></strong></span> <span class='ocrx_word' id='word_1_680' title='bbox 2916 5183 2949 5219; x_wconf 90' lang='lat' dir='ltr'><strong><em>a</em></strong></span> 
     </span>
    </p>
   </div>
   <div class='ocr_carea' id='block_1_97' title="bbox 1392 5255 2950 5329">
    <p class='ocr_par' dir='ltr' id='par_1_97' title="bbox 1392 5255 2950 5329">
     <span class='ocr_line' id='line_1_97' title="bbox 1392 5255 2950 5329; baseline -0.001 -18"><span class='ocrx_word' id='word_1_681' title='bbox 1392 5262 1612 5314; x_wconf 75' lang='lat' dir='ltr'><strong><em>Domino</em></strong></span> <span class='ocrx_word' id='word_1_682' title='bbox 1638 5260 1799 5324; x_wconf 68' lang='lat' dir='ltr'><strong><em>Iesu,</em></strong></span> <span class='ocrx_word' id='word_1_683' title='bbox 1850 5262 1921 5313; x_wconf 87' lang='lat' dir='ltr'><strong><em>ad</em></strong></span> <span class='ocrx_word' id='word_1_684' title='bbox 1949 5260 2333 5329; x_wconf 72' lang='lat' dir='ltr'><strong><em>testificandum</em></strong></span> <span class='ocrx_word' id='word_1_685' title='bbox 2369 5255 2712 5327; x_wconf 86' lang='lat' dir='ltr'><strong><em>Evangelium</em></strong></span> <span class='ocrx_word' id='word_1_686' title='bbox 2761 5258 2950 5327; x_wconf 81' lang='lat' dir='ltr'><strong><em>gratia:</em></strong></span> 
     </span>
    </p>
   </div>
   <div class='ocr_carea' id='block_1_98' title="bbox 1389 5350 1507 5403">
    <p class='ocr_par' dir='ltr' id='par_1_98' title="bbox 1389 5350 1507 5403">
     <span class='ocr_line' id='line_1_98' title="bbox 1389 5350 1507 5403; baseline 0 0"><span class='ocrx_word' id='word_1_687' title='bbox 1389 5350 1507 5403; x_wconf 78' lang='lat' dir='ltr'><strong><em>D.i.</em></strong></span> 
     </span>
    </p>
   </div>
   <div class='ocr_carea' id='block_1_99' title="bbox 1463 5483 2418 5554">
    <p class='ocr_par' dir='ltr' id='par_1_99' title="bbox 1463 5483 2418 5554">
     <span class='ocr_line' id='line_1_99' title="bbox 1463 5483 2418 5554; baseline -0.003 -14"><span class='ocrx_word' id='word_1_688' title='bbox 1463 5490 1507 5519; x_wconf 75' lang='grc' dir='ltr'><em>ιτ</em></span> <span class='ocrx_word' id='word_1_689' title='bbox 1534 5485 1641 5541; x_wconf 73' lang='lat' dir='ltr'><strong><em>tu.</em></strong></span> <span class='ocrx_word' id='word_1_690' title='bbox 1675 5502 1714 5549; x_wconf 84' lang='lat' dir='ltr'><strong><em>I,</em></strong></span> <span class='ocrx_word' id='word_1_691' title='bbox 1740 5488 1795 5552; x_wconf 71' lang='grc' dir='ltr'><strong><em>ε,</em></strong></span> <span class='ocrx_word' id='word_1_692' title='bbox 1944 5487 1990 5519; x_wconf 77' lang='grc' dir='ltr'><em>ι·</em></span> <span class='ocrx_word' id='word_1_693' title='bbox 2030 5486 2261 5554; x_wconf 80' lang='lat' dir='ltr'><strong><em>Philipp.</em></strong></span> <span class='ocrx_word' id='word_1_694' title='bbox 2293 5499 2331 5549; x_wconf 87' lang='grc' dir='ltr'><strong><em>ι,</em></strong></span> <span class='ocrx_word' id='word_1_695' title='bbox 2365 5483 2418 5537; x_wconf 78' lang='grc' dir='ltr'><strong><em>ι.</em></strong></span> 
     </span>
    </p>
   </div>
   <div class='ocr_carea' id='block_1_100' title="bbox 3051 4532 4637 4605">
    <p class='ocr_par' dir='ltr' id='par_1_100' title="bbox 3051 4532 4637 4605">
     <span class='ocr_line' id='line_1_100' title="bbox 3051 4532 4637 4605; baseline 0.003 -20"><span class='ocrx_word' id='word_1_696' title='bbox 3051 4535 3302 4601; x_wconf 78' lang='grc' dir='ltr'><em>ρεύομαι</em></span> <span class='ocrx_word' id='word_1_697' title='bbox 3334 4534 3421 4597; x_wconf 81' lang='grc' dir='ltr'><em>εις</em></span> <span class='ocrx_word' id='word_1_698' title='bbox 3461 4532 3879 4601; x_wconf 77' lang='grc' dir='ltr'><em>Ἰερουσαλὴμ,</em></span> <span class='ocrx_word' id='word_1_699' title='bbox 3927 4533 4000 4584; x_wconf 81' lang='grc' dir='ltr'><em>τὰ</em></span> <span class='ocrx_word' id='word_1_700' title='bbox 4032 4532 4102 4585; x_wconf 84' lang='grc' dir='ltr'><em>ἐν</em></span> <span class='ocrx_word' id='word_1_701' title='bbox 4135 4532 4290 4601; x_wconf 77' lang='grc' dir='ltr'><strong><em>αὐτῇ</em></strong></span> <span class='ocrx_word' id='word_1_702' title='bbox 4322 4538 4637 4605; x_wconf 67' lang='grc' dir='ltr'><em>συνιιντιξι-</em></span> 
     </span>
    </p>
   </div>
   <div class='ocr_carea' id='block_1_101' title="bbox 3058 4625 3749 4694">
    <p class='ocr_par' dir='ltr' id='par_1_101' title="bbox 3058 4625 3749 4694">
     <span class='ocr_line' id='line_1_101' title="bbox 3058 4625 3749 4694; baseline -0.003 -15"><span class='ocrx_word' id='word_1_703' title='bbox 3058 4627 3249 4679; x_wconf 82' lang='grc' dir='ltr'><em>σοντά</em></span> <span class='ocrx_word' id='word_1_704' title='bbox 3265 4628 3308 4657; x_wconf 84' lang='grc'>’⁸</span> <span class='ocrx_word' id='word_1_705' title='bbox 3336 4643 3436 4693; x_wconf 88' lang='grc' dir='ltr'><strong><em>μοι</em></strong></span> <span class='ocrx_word' id='word_1_706' title='bbox 3451 4626 3535 4694; x_wconf 73' lang='grc' dir='ltr'><em>μὴ</em></span> <span class='ocrx_word' id='word_1_707' title='bbox 3560 4625 3749 4689; x_wconf 81' lang='grc' dir='ltr'><em>εἰδώς.</em></span> 
     </span>
    </p>
   </div>
   <div class='ocr_carea' id='block_1_102' title="bbox 3128 4714 4638 4783">
    <p class='ocr_par' dir='ltr' id='par_1_102' title="bbox 3128 4714 4638 4783">
     <span class='ocr_line' id='line_1_102' title="bbox 3128 4714 4638 4783; baseline 0.001 -13"><span class='ocrx_word' id='word_1_708' title='bbox 3128 4714 3305 4781; x_wconf 75' lang='grc' dir='ltr'><em>Πλὴν</em></span> <span class='ocrx_word' id='word_1_709' title='bbox 3333 4717 3421 4768; x_wconf 86' lang='grc' dir='ltr'><strong><em>ὅτι</em></strong></span> <span class='ocrx_word' id='word_1_710' title='bbox 3454 4718 3517 4768; x_wconf 78' lang='grc' dir='ltr'><strong><em>τὸ</em></strong></span> <span class='ocrx_word' id='word_1_711' title='bbox 3547 4714 3789 4782; x_wconf 81' lang='grc' dir='ltr'><em>Πνεῦμα</em></span> <span class='ocrx_word' id='word_1_712' title='bbox 3815 4714 3881 4767; x_wconf 84' lang='grc' dir='ltr'><strong><em>τὸ</em></strong></span> <span class='ocrx_word' id='word_1_713' title='bbox 3916 4714 4087 4783; x_wconf 68' lang='grc' dir='ltr'><em>ἅγιον</em></span> <span class='ocrx_word' id='word_1_714' title='bbox 4114 4714 4264 4768; x_wconf 81' lang='grc' dir='ltr'><em>κατὰ</em></span> <span class='ocrx_word' id='word_1_715' title='bbox 4298 4718 4481 4769; x_wconf 81' lang='grc' dir='ltr'><em>πόλιν</em></span> <span class='ocrx_word' id='word_1_716' title='bbox 4506 4718 4638 4773; x_wconf 84' lang='grc' dir='ltr'><em>διιι-</em></span> 
     </span>
    </p>
   </div>
   <div class='ocr_carea' id='block_1_103' title="bbox 3055 4806 4639 4877">
    <p class='ocr_par' dir='ltr' id='par_1_103' title="bbox 3055 4806 4639 4877">
     <span class='ocr_line' id='line_1_103' title="bbox 3055 4806 4639 4877; baseline -0.003 -17"><span class='ocrx_word' id='word_1_717' title='bbox 3055 4808 3414 4877; x_wconf 81' lang='grc' dir='ltr'><em>μαρτύρεται</em></span> <span class='ocrx_word' id='word_1_718' title='bbox 3438 4806 3642 4875; x_wconf 74' lang='grc' dir='ltr'><em>λέγον,</em></span> <span class='ocrx_word' id='word_1_719' title='bbox 3703 4806 3793 4857; x_wconf 82' lang='grc' dir='ltr'><strong><em>ὅτι</em></strong></span> <span class='ocrx_word' id='word_1_720' title='bbox 3823 4806 4014 4874; x_wconf 84' lang='grc' dir='ltr'><em>δεσμὰ</em></span> <span class='ocrx_word' id='word_1_721' title='bbox 4041 4807 4137 4859; x_wconf 76' lang='grc' dir='ltr'><em>καὶ</em></span> <span class='ocrx_word' id='word_1_722' title='bbox 4166 4809 4407 4875; x_wconf 73' lang='grc' dir='ltr'><em>θλίψεις</em></span> <span class='ocrx_word' id='word_1_723' title='bbox 4429 4827 4507 4877; x_wconf 89' lang='grc' dir='ltr'><strong><em>με</em></strong></span> <span class='ocrx_word' id='word_1_724' title='bbox 4524 4812 4639 4877; x_wconf 58' lang='grc' dir='ltr'><strong><em>ιιέ-</em></strong></span> 
     </span>
    </p>
   </div>
   <div class='ocr_carea' id='block_1_104' title="bbox 3061 4902 3388 4954">
    <p class='ocr_par' dir='ltr' id='par_1_104' title="bbox 3061 4902 3388 4954">
     <span class='ocr_line' id='line_1_104' title="bbox 3061 4902 3388 4954; baseline -0.003 -1"><span class='ocrx_word' id='word_1_725' title='bbox 3061 4916 3279 4954; x_wconf 85' lang='grc' dir='ltr'><em>νουσιν</em></span> <span class='ocrx_word' id='word_1_726' title='bbox 3320 4902 3388 4952; x_wconf 78' lang='grc'><strong><em>³⁸.</em></strong></span> 
     </span>
    </p>
   </div>
   <div class='ocr_carea' id='block_1_105' title="bbox 3141 4988 4634 5061">
    <p class='ocr_par' dir='ltr' id='par_1_105' title="bbox 3141 4988 4634 5061">
     <span class='ocr_line' id='line_1_105' title="bbox 3141 4988 4634 5061; baseline 0.003 -19"><span class='ocrx_word' id='word_1_727' title='bbox 3141 4991 3295 5043; x_wconf 79' lang='grc' dir='ltr'><em>Ἀλλ’</em></span> <span class='ocrx_word' id='word_1_728' title='bbox 3324 4988 3575 5053; x_wconf 84' lang='grc' dir='ltr'><em>οὐδενὸς</em></span> <span class='ocrx_word' id='word_1_729' title='bbox 3624 4990 3808 5056; x_wconf 69' lang='grc' dir='ltr'><em>λόγον</em></span> <span class='ocrx_word' id='word_1_730' title='bbox 3837 4989 4139 5057; x_wconf 80' lang='grc' dir='ltr'><em>ποιοῦμαι,</em></span> <span class='ocrx_word' id='word_1_731' title='bbox 4172 4990 4316 5044; x_wconf 78' lang='grc' dir='ltr'><em>οὐδὲ</em></span> <span class='ocrx_word' id='word_1_732' title='bbox 4364 4992 4475 5061; x_wconf 85' lang='grc' dir='ltr'><strong><em>ἔχω</em></strong></span> <span class='ocrx_word' id='word_1_733' title='bbox 4513 4996 4634 5061; x_wconf 77' lang='grc' dir='ltr'><strong><em>τὴν</em></strong></span> 
     </span>
    </p>
   </div>
   <div class='ocr_carea' id='block_1_106' title="bbox 3058 5078 4634 5148">
    <p class='ocr_par' dir='ltr' id='par_1_106' title="bbox 3058 5078 4634 5148">
     <span class='ocr_line' id='line_1_106' title="bbox 3058 5078 4634 5148; baseline 0.001 -15"><span class='ocrx_word' id='word_1_734' title='bbox 3058 5078 3270 5148; x_wconf 74' lang='grc' dir='ltr'><em>ψυχήν</em></span> <span class='ocrx_word' id='word_1_735' title='bbox 3313 5098 3432 5148; x_wconf 90' lang='grc' dir='ltr'><strong><em>μου</em></strong></span> <span class='ocrx_word' id='word_1_736' title='bbox 3483 5079 3683 5147; x_wconf 82' lang='grc' dir='ltr'><em>τιμίαν</em></span> <span class='ocrx_word' id='word_1_737' title='bbox 3740 5078 4010 5147; x_wconf 77' lang='grc' dir='ltr'><em>ἐμαυτῷο</em></span> <span class='ocrx_word' id='word_1_738' title='bbox 4040 5079 4121 5143; x_wconf 87' lang='grc' dir='ltr'><em>ὠς</em></span> <span class='ocrx_word' id='word_1_739' title='bbox 4152 5079 4461 5134; x_wconf 86' lang='grc' dir='ltr'><em>τελειῶσαι</em></span> <span class='ocrx_word' id='word_1_740' title='bbox 4524 5086 4634 5135; x_wconf 68' lang='grc' dir='ltr'><em>τὸν</em></span> 
     </span>
    </p>
   </div>
   <div class='ocr_carea' id='block_1_107' title="bbox 3058 5169 4636 5240">
    <p class='ocr_par' dir='ltr' id='par_1_107' title="bbox 3058 5169 4636 5240">
     <span class='ocr_line' id='line_1_107' title="bbox 3058 5169 4636 5240; baseline 0.003 -19"><span class='ocrx_word' id='word_1_741' title='bbox 3058 5170 3281 5238; x_wconf 82' lang='grc' dir='ltr'><em>δρόμον</em></span> <span class='ocrx_word' id='word_1_742' title='bbox 3320 5187 3439 5239; x_wconf 92' lang='grc' dir='ltr'><strong><em>μου</em></strong></span> <span class='ocrx_word' id='word_1_743' title='bbox 3462 5169 3612 5237; x_wconf 84' lang='grc' dir='ltr'><em>μετὰ</em></span> <span class='ocrx_word' id='word_1_744' title='bbox 3642 5169 3851 5236; x_wconf 82' lang='grc' dir='ltr'><em>χαρᾶς,</em></span> <span class='ocrx_word' id='word_1_745' title='bbox 3906 5170 4002 5221; x_wconf 80' lang='grc' dir='ltr'><strong><em>καὶ</em></strong></span> <span class='ocrx_word' id='word_1_746' title='bbox 4036 5170 4150 5236; x_wconf 75' lang='grc' dir='ltr'><strong><em>τὴν</em></strong></span> <span class='ocrx_word' id='word_1_747' title='bbox 4175 5170 4510 5235; x_wconf 77' lang='grc' dir='ltr'><em>διακονίαν,</em></span> <span class='ocrx_word' id='word_1_748' title='bbox 4556 5175 4636 5240; x_wconf 75' lang='grc' dir='ltr'><em>ἢν</em></span> 
     </span>
    </p>
   </div>
   <div class='ocr_carea' id='block_1_108' title="bbox 3056 5258 4635 5331">
    <p class='ocr_par' dir='ltr' id='par_1_108' title="bbox 3056 5258 4635 5331">
     <span class='ocr_line' id='line_1_108' title="bbox 3056 5258 4635 5331; baseline 0.004 -20"><span class='ocrx_word' id='word_1_749' title='bbox 3056 5260 3280 5312; x_wconf 73' lang='grc' dir='ltr'><em>ἔλαϐον</em></span> <span class='ocrx_word' id='word_1_750' title='bbox 3307 5262 3468 5327; x_wconf 84' lang='grc' dir='ltr'><em>παρὰ</em></span> <span class='ocrx_word' id='word_1_751' title='bbox 3496 5260 3600 5312; x_wconf 84' lang='grc' dir='ltr'><em>τοῦ</em></span> <span class='ocrx_word' id='word_1_752' title='bbox 3626 5260 3843 5327; x_wconf 85' lang='grc' dir='ltr'><em>Κυρίου</em></span> <span class='ocrx_word' id='word_1_753' title='bbox 3879 5258 4094 5326; x_wconf 81' lang='grc' dir='ltr'><em>Ἰησοῦ,</em></span> <span class='ocrx_word' id='word_1_754' title='bbox 4122 5258 4635 5331; x_wconf 82' lang='grc' dir='ltr'><em>διαμαρτύρασθαι</em></span> 
     </span>
    </p>
   </div>
   <div class='ocr_carea' id='block_1_109' title="bbox 3056 5348 4250 5419">
    <p class='ocr_par' dir='ltr' id='par_1_109' title="bbox 3056 5348 4250 5419">
     <span class='ocr_line' id='line_1_109' title="bbox 3056 5348 4250 5419; baseline 0.002 -18"><span class='ocrx_word' id='word_1_755' title='bbox 3056 5349 3123 5401; x_wconf 82' lang='grc' dir='ltr'><strong><em>τὸ</em></strong></span> <span class='ocrx_word' id='word_1_756' title='bbox 3148 5348 3517 5419; x_wconf 63' lang='lat' dir='ltr'><strong><em>anm-utor</em></strong></span> <span class='ocrx_word' id='word_1_757' title='bbox 3538 5348 3649 5417; x_wconf 86' lang='grc' dir='ltr'><strong><em>τῆς</em></strong></span> <span class='ocrx_word' id='word_1_758' title='bbox 3674 5348 3910 5418; x_wconf 77' lang='grc' dir='ltr'><em>χάριτος</em></span> <span class='ocrx_word' id='word_1_759' title='bbox 3940 5349 4047 5403; x_wconf 82' lang='grc' dir='ltr'><em>τοῦ</em></span> <span class='ocrx_word' id='word_1_760' title='bbox 4078 5350 4250 5405; x_wconf 86' lang='grc' dir='ltr'><em>Θεοῦ.</em></span> 
     </span>
    </p>
   </div>
   <div class='ocr_carea' id='block_1_110' title="bbox 2582 5572 3453 5635">
    <p class='ocr_par' dir='ltr' id='par_1_110' title="bbox 2582 5572 3453 5635">
     <span class='ocr_line' id='line_1_110' title="bbox 2582 5572 3453 5635; baseline 0 -2"><span class='ocrx_word' id='word_1_761' title='bbox 2582 5574 2777 5635; x_wconf 65' lang='grc' dir='ltr'><em>νοτία)</em></span> <span class='ocrx_word' id='word_1_762' title='bbox 2802 5572 3110 5635; x_wconf 86' lang='lat' dir='ltr'><strong><em>lectiones</em></strong></span> <span class='ocrx_word' id='word_1_763' title='bbox 3158 5580 3218 5634; x_wconf 82' lang='lat' dir='ltr'><strong><em>et</em></strong></span> <span class='ocrx_word' id='word_1_764' title='bbox 3262 5580 3453 5635; x_wconf 70' lang='lat' dir='ltr'><strong><em>notua.</em></strong></span> 
     </span>
    </p>
   </div>
   <div class='ocr_carea' id='block_1_111' title="bbox 1464 5678 2786 5749">
    <p class='ocr_par' dir='ltr' id='par_1_111' title="bbox 1464 5678 2786 5749">
     <span class='ocr_line' id='line_1_111' title="bbox 1464 5678 2786 5749; baseline -0.002 -20"><span class='ocrx_word' id='word_1_765' title='bbox 1464 5679 1504 5709; x_wconf 83' lang='lat'><strong>&quot;</strong></span> <span class='ocrx_word' id='word_1_766' title='bbox 1537 5678 1657 5749; x_wconf 78' lang='grc' dir='ltr'><strong><em>τῆς,</em></strong></span> <span class='ocrx_word' id='word_1_767' title='bbox 1708 5680 2036 5733; x_wconf 86' lang='lat' dir='ltr'><strong><em>desideratur</em></strong></span> <span class='ocrx_word' id='word_1_768' title='bbox 2060 5680 2116 5731; x_wconf 88' lang='lat' dir='ltr'><strong><em>in</em></strong></span> <span class='ocrx_word' id='word_1_769' title='bbox 2146 5678 2393 5749; x_wconf 79' lang='lat' dir='ltr'><strong><em>vulgatis.</em></strong></span> <span class='ocrx_word' id='word_1_770' title='bbox 2483 5678 2625 5749; x_wconf 44' lang='lat' dir='ltr'><strong><em>“fin</em></strong></span> <span class='ocrx_word' id='word_1_771' title='bbox 2690 5678 2786 5749; x_wconf 66' lang='lat' dir='ltr'><strong><em>vulg</em></strong></span> 
     </span>
    </p>
   </div>
   <div class='ocr_carea' id='block_1_112' title="bbox 1391 5743 2921 5819">
    <p class='ocr_par' dir='ltr' id='par_1_112' title="bbox 1391 5743 2921 5819">
     <span class='ocr_line' id='line_1_112' title="bbox 1391 5743 2921 5819; baseline -0.002 -19"><span class='ocrx_word' id='word_1_772' title='bbox 1391 5743 1645 5819; x_wconf 44' lang='lat' dir='ltr'><strong><em>monti;</em></strong></span> <span class='ocrx_word' id='word_1_773' title='bbox 1668 5749 1757 5801; x_wconf 80' lang='grc' dir='ltr'><strong><em>τὸν</em></strong></span> <span class='ocrx_word' id='word_1_774' title='bbox 1786 5750 1935 5804; x_wconf 77' lang='grc' dir='ltr'><em>Θεόν.</em></span> <span class='ocrx_word' id='word_1_775' title='bbox 2013 5750 2060 5781; x_wconf 81' lang='grc'><strong><em>⁸³</em></strong></span> <span class='ocrx_word' id='word_1_776' title='bbox 2092 5749 2177 5804; x_wconf 83' lang='grc' dir='ltr'><strong><em>τσ.</em></strong></span> <span class='ocrx_word' id='word_1_777' title='bbox 2206 5743 2274 5819; x_wconf 58' lang='grc' dir='ltr'><em>ἢῖι</em></span> <span class='ocrx_word' id='word_1_778' title='bbox 2304 5750 2433 5818; x_wconf 76' lang='grc' dir='ltr'><em>γάρ.</em></span> <span class='ocrx_word' id='word_1_779' title='bbox 2508 5747 2554 5778; x_wconf 75' lang='grc'><strong><em>’⁸</em></strong></span> <span class='ocrx_word' id='word_1_780' title='bbox 2585 5746 2673 5800; x_wconf 83' lang='grc' dir='ltr'><em>ῖσ.</em></span> <span class='ocrx_word' id='word_1_781' title='bbox 2705 5743 2921 5813; x_wconf 81' lang='grc' dir='ltr'><em>φθόνου.</em></span> 
     </span>
    </p>
   </div>
   <div class='ocr_carea' id='block_1_113' title="bbox 1398 5817 2045 5889">
    <p class='ocr_par' dir='ltr' id='par_1_113' title="bbox 1398 5817 2045 5889">
     <span class='ocr_line' id='line_1_113' title="bbox 1398 5817 2045 5889; baseline 0.003 -18"><span class='ocrx_word' id='word_1_782' title='bbox 1398 5819 1497 5871; x_wconf 77' lang='grc' dir='ltr'><strong><em>καὶ</em></strong></span> <span class='ocrx_word' id='word_1_783' title='bbox 1533 5817 1739 5885; x_wconf 76' lang='grc' dir='ltr'><em>θλίψεις</em></span> <span class='ocrx_word' id='word_1_784' title='bbox 1771 5820 2045 5889; x_wconf 79' lang='grc' dir='ltr'><em>μένουσιν.</em></span> 
     </span>
    </p>
   </div>
   <div class='ocr_carea' id='block_1_114' title="bbox 2483 5674 4631 5752">
    <p class='ocr_par' dir='ltr' id='par_1_114' title="bbox 2483 5674 4631 5752">
     <span class='ocr_line' id='line_1_114' title="bbox 2483 5674 4631 5752; baseline 0.007 -45"><span class='ocrx_word' id='word_1_785' title='bbox 2483 5676 2625 5752; x_wconf 42' lang='lat' dir='ltr'><strong><em>sill!</em></strong></span> <span class='ocrx_word' id='word_1_786' title='bbox 2690 5674 2914 5752; x_wconf 59' lang='lat' dir='ltr'><strong><em>vulgatis</em></strong></span> <span class='ocrx_word' id='word_1_787' title='bbox 2974 5675 3236 5752; x_wconf 56' lang='lat' dir='ltr'><strong><em>adiectum</em></strong></span> <span class='ocrx_word' id='word_1_788' title='bbox 3290 5686 3387 5752; x_wconf 83' lang='lat' dir='ltr'><strong><em>est,</em></strong></span> <span class='ocrx_word' id='word_1_789' title='bbox 3458 5676 3624 5744; x_wconf 72' lang='grc' dir='ltr'><em>ὑμᾶς,</em></span> <span class='ocrx_word' id='word_1_790' title='bbox 3659 5685 3707 5729; x_wconf 89' lang='lat' dir='ltr'><strong><em>et</em></strong></span> <span class='ocrx_word' id='word_1_791' title='bbox 3739 5678 3896 5752; x_wconf 73' lang='lat' dir='ltr'><strong><em>paulo</em></strong></span> <span class='ocrx_word' id='word_1_792' title='bbox 3948 5689 4059 5752; x_wconf 55' lang='lat' dir='ltr'><strong><em>post</em></strong></span> <span class='ocrx_word' id='word_1_793' title='bbox 4100 5685 4529 5752; x_wconf 38' lang='grc' dir='ltr'><strong><em>μαρτυράμενος.</em></strong></span> <span class='ocrx_word' id='word_1_794' title='bbox 4582 5697 4631 5740; x_wconf 61' lang='grc' dir='ltr'><em>ει</em></span> 
     </span>
    </p>
   </div>
   <div class='ocr_carea' id='block_1_115' title="bbox 3029 5746 4628 5827">
    <p class='ocr_par' dir='ltr' id='par_1_115' title="bbox 3029 5746 4628 5827">
     <span class='ocr_line' id='line_1_115' title="bbox 3029 5746 4628 5827; baseline 0.007 -30"><span class='ocrx_word' id='word_1_795' title='bbox 3029 5746 3074 5776; x_wconf 78' lang='grc'><strong><em>’³</em></strong></span> <span class='ocrx_word' id='word_1_796' title='bbox 3105 5747 3540 5816; x_wconf 72' lang='grc' dir='ltr'><em>συναντήσαντα,</em></span> <span class='ocrx_word' id='word_1_797' title='bbox 3572 5756 3705 5800; x_wconf 87' lang='lat' dir='ltr'><strong><em>erat.</em></strong></span> <span class='ocrx_word' id='word_1_798' title='bbox 3784 5748 3829 5779; x_wconf 81' lang='lat'>&quot;</span> <span class='ocrx_word' id='word_1_799' title='bbox 3863 5748 3927 5802; x_wconf 77' lang='lat' dir='ltr'><strong><em>In</em></strong></span> <span class='ocrx_word' id='word_1_800' title='bbox 3952 5746 4191 5819; x_wconf 25' lang='lat' dir='ltr'><strong><em>&#39;vulgatis&#39;</em></strong></span> <span class='ocrx_word' id='word_1_801' title='bbox 4229 5746 4325 5817; x_wconf 77' lang='lat' dir='ltr'><strong><em>est,</em></strong></span> <span class='ocrx_word' id='word_1_802' title='bbox 4349 5746 4537 5825; x_wconf 67' lang='grc' dir='ltr'><em>δεσμά</em></span> <span class='ocrx_word' id='word_1_803' title='bbox 4564 5774 4628 5827; x_wconf 82' lang='grc' dir='ltr'><strong><em>με</em></strong></span> 
     </span>
    </p>
   </div>
  </div>
