4794 6454
250 429 341 491 781
950 423 1356 484 EXPOSITIO
1385 423 1463 482 ΙΝ
1505 422 1688 483 ACTA
1718 415 2299 480 APOSTOLORUM.
2333 438 2399 449 --
2425 413 2579 471 CAP.
2624 411 2788 471 XXI.
3381 404 3492 470 789

250 541 525 612 χρυσίου.
554 529 667 591 ὺῦκ
700 531 874 600 εἶπεν,
904 538 1019 591 Οὐκ
1049 535 1262 598 ἔλαϐον.
1291 536 1406 590 ἀλλ’
1427 536 1581 590 Οὐδὲ
1608 536 1821 590 ἐπεθύο
1854 541 1896 595 Α
1927 532 2109 604 gratiae

1609 536 1821 590 ἐπεθύο
1854 541 1896 595 Α
1927 532 2109 604 gratim
2156 531 2296 600 ejus.
2346 530 2630 598 Argentum
2677 534 2769 578 aut
2808 539 3023 577 aurum.
3062 520 3178 577 Non
3205 522 3356 589 dicit,
3386 524 3502 579 Non

246 647 429 700 μησα.
473 630 672 694 Μεῖζον
698 629 753 681 δὲ
787 631 880 682 καὶ
928 627 1086 680 τοῦτο
1140 627 1202 680 τὸ
1251 629 1562 699 ἑπόμενον)
1625 627 1825 697 nunc
1931 626 2136 695 accepi,

1625 627 1825 697 ἠιεῖς
1931 626 2136 695 accepi,
2181 625 2298 687 sed,
2335 622 2416 677 Ne
2444 621 2712 691 concupiui
2734 620 2963 688 quidem.
3005 616 3180 687 Majus
3213 626 3295 672 est
3327 626 3506 673 autem

248 726 599 784 ἐπίστασθε,
654 723 741 776 ὅτι
791 722 919 787 ταῖς
959 722 1184 789 χρείαις
1231 738 1350 789 μου
1405 720 1652 787 καὶτοῖς
1684 716 1861 789 οὖσι,
1933 720 2040 773 hoc
2069 734 2141 788 qu

1618 721 1652 787 ς
1684 716 1861 789 οὖσι,
1933 720 2040 773 hoc
2069 731 2288 788 quoque
2308 716 2450 785 quod
2487 714 2772 784 sequitur:
2818 711 2913 765 Vos
2942 712 3085 766 scitis
3114 726 3201 774 ea,
3234 724 3351 779 qua:
3383 711 3511 763 mihi

248 819 369 886 μετ’
426 817 575 887 ἐμοῦ
632 816 1025 885 ὑπηρέτησαν
1054 818 1111 868 al
1151 815 1346 882 χεῖρες
1370 810 1566 869 αὗται.
1620 813 1683 867 Ἦ
1720 813 1828 881 γὰρ
1929 818 1977 862 et
2012 810 2075 863 iis
2118 826 2141 879 q

1620 813 1683 867 'H
1720 813 1828 881 γὰρ
1929 818 1977 862 et
2012 810 2075 863 iis
2118 810 2209 879 qui
2236 824 2435 862 mecum
2486 814 2642 860 erant
2703 806 2775 858 ad
2826 818 2978 857 usum
3041 802 3359 863 de'nerunt,
3415 799 3510 853 has

252 910 452 980 ἀληθὴς
488 908 855 979 ἐλεημοσύνη.
882 909 945 960 ὲκ
970 906 1074 960 τῶν
1107 907 1252 960 ἰδίων
1273 906 1458 962 κόπων
1488 905 1687 959 διδόναι
1717 906 1828 967 τοῖς

253 1002 506 1053 ἐνδεέσιν.
558 999 703 1068 Ὅρα
746 999 803 1051 δὲ
835 998 953 1060 πῶς
1000 998 1287 1066 εἰργάζετο
1341 996 1627 1067 ἄνθρωπος
1688 996 1826 1066 μετὰ

255 1092 483 1161 σπουδῆς
518 1090 687 1144 νύκτα
714 1090 808 1142 καὶ
839 1089 1052 1159 ἡμέραν
1072 1087 1472 1156 διαλεγόμενος.

324 1368 527 1421 Πάντα
562 1366 847 1429 ὑπέδειξα
886 1364 1043 1433 ὑμῖν,
1080 1365 1169 1417 ὅτι
1204 1364 1357 1418 οὕτω
1374 1364 1710 1429 κοπιῶντας
1743 1361 1839 1415 δεῖ

250 1460 795 1528 ἀντιλαμϐάνεσθαι
823 1457 939 1510 τῶν
960 1458 1403 1511 ἀσθενούντων·
1428 1456 1833 1523 μνημονεύειν

254 1569 313 1604 τε
347 1550 456 1602 τὸν
500 1550 687 1617 λόγον
706 1548 727 1579 ³
745 1547 849 1600 τοῦ
873 1548 1090 1615 Κυρίου
1107 1546 1337 1613 Ἰησοῦ·
1357 1546 1445 1600 ὅτι
1479 1546 1658 1610 αὐτὸς
1680 1541 1829 1598 εἷπε·

253 1640 560 1708 Μακάριόν
596 1640 731 1692 ἐστι
757 1636 998 1706 μᾶλλον
1035 1635 1269 1692 διδόναι
1304 1637 1337 1705 ἢ
1368 1636 1723 1705 λαμϐάνειν.

320 1734 437 1786 Οὐκ
494 1731 646 1801 ἔχετε
712 1731 791 1794 εἰς
840 1730 1064 1797 ἄγνοιαν
1127 1730 1480 1797 καταφυγεῖν.
1546 1725 1836 1792 Ὑπέδειξα

254 1823 337 1876 διὰ
368 1824 481 1876 τῶν
506 1823 706 1891 ἔργων,
745 1823 825 1875 ὅτι
852 1820 995 1874 οὓτω
1031 1820 1341 1882 κοπιῶντας
1369 1820 1451 1873 δεῖ
1482 1819 1832 1889 ἐργάζεσθαι,

258 1912 624 1982 μνημονεύειν
662 1929 717 1964 τε
750 1910 842 1963 τὸν
898 1910 1055 1979 λόγον
1094 1909 1188 1964 τοῦ
1240 1912 1450 1979 Κυρίου
1486 1909 1662 1979 Ἰησοῦ
1693 1926 1706 1940 ·
1744 1915 1839 1963 καὶ

259 2006 358 2058 ποῦ
395 2000 590 2069 εἶπενς
619 2005 775 2066 Ἴσως
806 2004 1071 2073 ἀγράφως
1093 2002 1419 2072 παρέδωκαν
1442 2003 1491 2054 οἱ
1521 2002 1835 2055 ἀπόστολον

254 2097 287 2165 ἡ
313 2096 371 2161 ἐξ
400 2091 481 2150 ὧν
514 2096 578 2147 ἄν
605 2113 692 2157 τις
746 2095 1123 2161 συλλογίσαιτο
1143 2133 1158 2157 ,
1216 2093 1397 2163 δῆλον.
1450 2089 1544 2157 Εἷς
1591 2094 1687 2163 βαϐ
1700 2095 1799 2164 μδς
1819 2137 1833 2160 ,

259 2189 408 2259 ῥίψαι
432 2188 503 2241 τὰ
540 2186 737 2240 ἑαυτοῦ
764 2205 776 2218 ·
810 2186 1083 2256 δεύτερος,
1110 2185 1289 2255 ἐαυτῷ
1321 2186 1604 2254 ἐπαρκεῖν
1635 2185 1838 2254 τρίτος,

259 2284 347 2334 καὶ
383 2282 597 2351 ἑτέροις
617 2297 632 2310 ο
662 2281 941 2350 τέταρτος,
980 2278 1041 2332 τὸ
1070 2277 1161 2332 καὶ
1193 2277 1535 2348 κηρύττοντά
1564 2277 1659 2329 καὶ
1684 2275 1836 2341 ἐξου-

261 2372 377 2425 σίαν
401 2372 599 2441 ἔχοντα
630 2371 952 2440 λαμόάνειν,
990 2370 1064 2441 μὴ
1092 2370 1415 2438 λαμϐάνειν.
1445 2368 1559 2422 Οὐκ
1606 2363 1729 2420 εἶπε
1754 2368 1830 2432 δὲ,

257 2465 334 2516 ὅτι
360 2463 551 2516 Κακδν
591 2463 650 2515 τὸ
680 2461 886 2525 λαϐεῖν,
913 2460 1073 2522 ἀλλά,
1103 2460 1323 2512 Βέλτιον
1350 2459 1414 2511 τὸ
1461 2458 1537 2529 μὴ
1569 2457 1773 2510 λαϐεῖν.

1932 918 2123 954 manus
2154 898 2605 952 subministrasse.
2654 895 2787 949 Nam
2823 907 2950 947 vera
2980 891 3320 962 elcemosyna
3347 898 3512 960 atque

1932 988 2289 1045 beneﬁcentia
2333 996 2417 1043 est
2450 1004 2513 1043 cx
2548 987 2633 1050 iis,
2674 1001 2795 1056 qua:
2829 1000 2927 1040 sua
2970 984 3095 1053 quis
3143 997 3307 1052 opera
3351 991 3514 1051 atque

1935 1083 2121 1137 labore
2150 1080 2457 1150 acquisivit,
2485 1080 2612 1132 dare
2628 1077 2833 1148 egenis.
2864 1074 3023 1147 154,
3048 1075 3123 1128 Ac
3154 1072 3279 1127 vide
3311 1082 3518 1142 ut0pus

1934 1174 2127 1229 leccrit
2156 1174 2340 1236 homo,
2372 1173 2463 1241 qui
2504 1180 2668 1225 noctu
2703 1181 2863 1237 atque
2885 1168 3121 1223 interdiu
3145 1151 3434 1238 diligenter
3454 1180 3517 1219 ac

1934 1267 2124 1321 sedulo
2150 1266 2447 1319 disserebat
2479 1274 2640 1333 atque
2674 1262 3160 1317 sermocinabatur.

2009 1362 2167 1415 Vens.
2194 1361 2282 1413 55.
2319 1359 2508 1414 Omnia
2533 1359 2672 1413 vobis
2703 1357 2923 1417 ostendi.
2954 1372 3137 1424 nempe
3161 1357 3237 1410 sic
3270 1355 3519 1409 laboran-

1936 1464 2011 1507 tes
2056 1470 2150 1507 nos
2213 1460 2451 1520 Oportere
2501 1466 2807 1504 succurrere
2857 1448 3104 1517 inﬁrmis,
3130 1463 3193 1500 ac
3227 1447 3521 1500 meminisse

1936 1545 2076 1598 t'erbi
2124 1544 2331 1598 Domini
2358 1541 2510 1597 Jesu.
2555 1540 2817 1606 Quoniam
2842 1542 2953 1610 ipse
2970 1540 3145 1594 dixit:
3171 1537 3396 1593 Beatum
3440 1546 3518 1592 est

1939 1639 2110 1705 potius
2140 1638 2267 1690 dare
2302 1651 2462 1705 quam
2496 1634 2748 1700 accipere.
3048 1702 3052 1707 ⁴

2007 1728 2126 1783 Non
2153 1738 2332 1797 potest
2350 1729 2472 1796 quis
2500 1726 2567 1781 ad
2593 1724 2951 1797 ignorantiam
2978 1723 3291 1797 conlugere.
3323 1723 3522 1781 Osten-

1939 1821 1993 1875 di
2045 1820 2180 1891 ipsis
2224 1818 2405 1883 l‘actis,
2455 1819 2526 1872 ita
2574 1828 2832 1889 oportere
2865 1816 3177 1873 laborantes
3215 1818 3431 1888 operari
3468 1830 3523 1874 et

1872 1891 1910 1948 Β
1941 1926 2210 1967 memores
2256 1927 2378 1966 esse
2421 1911 2572 1965 verbi
2610 1909 2819 1963 Domini
2877 1909 3025 1964 Jesu.
3077 1910 3145 1964 Et
3198 1910 3290 1965 ubi
3337 1911 3524 1965 dixit?

1939 2001 2189 2055 Forsitan
2240 2002 2448 2070 absque
2506 2000 2865 2055 monimentis
2920 2001 3225 2055 litterarum
3292 2002 3519 2071 apostoli

1939 2094 2286 2148 tradiderunt
2317 2096 2459 2148 hanc
2493 2108 2680 2148 vocem
2716 2108 2779 2147 ex
2812 2108 2906 2148 ore
2946 2092 3159 2148 Domini
3191 2104 3473 2165 exceptam
3504 2111 3519 2147 :

1939 2193 2033 2239 aut
2066 2200 2131 2239 ex
2182 2186 2267 2247 iis,
2310 2200 2432 2254 qua:
2462 2185 2585 2255 quis
2618 2185 2892 2253 conjicere
2924 2201 2986 2239 ac
3028 2185 3333 2242 rationibus
3365 2188 3521 2243 colli-

1933 2292 2061 2347 gere
2094 2277 2286 2348 possit,
2323 2277 2426 2332 hoc
2464 2277 2652 2345 liquet.
2701 2276 2854 2332 Unus
2896 2279 3095 2349 gradus
3136 2288 3260 2344 est,
3295 2294 3395 2335 sua
3426 2281 3521 2334 ab-

1932 2369 2101 2439 jicere
2127 2386 2141 2421 :
2174 2370 2333 2432 alter,
2362 2368 2464 2423 sibi
2496 2368 2748 2423 auxiliari
2767 2378 2823 2423 et
2853 2384 2939 2424 res
2956 2370 3291 2426 necessarias
3319 2386 3523 2441 suppe-

1953 2461 2172 2513 ditare:
2211 2461 2426 2524 tertius,
2474 2460 2641 2515 etiam
2691 2460 2813 2515 aliis
2866 2463 3161 2519 subvenire
3199 2481 3214 2518 :
3272 2474 3520 2535 quartus.

257 2556 415 2608 etiam
458 2569 586 2608 eum
625 2554 716 2622 qui
764 2552 1024 2622 praedicat
1051 2551 1273 2606 verbum
1308 2550 1402 2604 Dei
1434 2558 1491 2605 et
1516 2558 1839 2625 potestatem
1878 2550 2044 2604 habet
2080 2550 2407 2621 accipiendi,
2454 2567 2565 2607 non
2601 2552 2850 2623 accipere
2910 2570 3033 2625 quae
3097 2563 3281 2626 potest
3317 2556 3524 2629 absque

260 2646 711 2716 reprehensione.
764 2644 881 2698 Non
922 2646 1056 2699 dixit
1081 2653 1263 2699 autem
1299 2644 1505 2698 malum
1541 2658 1664 2698 esse
1692 2643 1958 2712 accipere,
1988 2644 2082 2699 sed
2118 2646 2311 2700 melius
2342 2661 2463 2701 esse
2492 2662 2601 2701 non
2628 2647 2896 2719 accipere.

322 2742 431 2796 Kal
482 2741 672 2795 ταῦτα
726 2742 930 2804 εἰπὼν,
954 2741 1077 2806 θεὶς
1104 2743 1177 2794 τὰ
1204 2740 1427 2809 γόνατα
1480 2737 1688 2804 αὑτοῦ,
1717 2738 1840 2793 σὺν

258 2836 442 2889 πᾶσιν
498 2832 706 2899 αὐτοῖς
734 2832 1145 2901 προσηύξατο.

335 2926 568 2992 Ἱκανὸς
612 2925 683 2978 δὲ
723 2925 962 2994 ἐγένετο
1017 2923 1324 2991 κλαυθμὸς
1386 2925 1632 2979 πάντων
1661 2937 1673 2953 ο
1729 2923 1828 2973 καὶ

256 3021 656 3083 ἐπιπεσόντες
676 3018 697 3050 ⁹
740 3018 839 3071 ἐπὶ
866 3017 974 3071 τὸν
997 3015 1360 3085 τράχηλονιο
1398 3014 1665 3078 Παύλου,
1696 3030 1833 3065 κατ·

258 3115 512 3183 εφίλουν
535 3111 742 3176 αὑτὸν,

336 3202 739 3272 Ὀδυνώμενοι
751 3200 1020 3271 μάλιστα
1063 3200 1161 3253 ἐπὶ
1190 3198 1267 3265 τῷ
1300 3203 1481 3267 λόγῳ,
1516 3193 1564 3267 ᾧ
1587 3199 1836 3267 εἰρήκει,

2014 2740 2176 2796 Vens.
2208 2740 2300 2796 56.
2333 2742 2500 2810 Atque
2538 2743 2647 2796 hac
2688 2744 2909 2807 locutus,
2934 2745 3117 2815 positis
3146 2746 3362 2815 genibus
3389 2749 3523 2815 suis,

1939 2849 2057 2884 cum
2098 2832 2337 2886 omnibus
2370 2834 2475 2886 illis
2512 2844 2756 2903 precatus
2780 2846 2873 2890 est.

2011 2925 2170 2979 Vens.
2195 2926 2284 2980 57.
2313 2924 2455 2981 Satis
2484 2943 2706 2997 magnus
2737 2937 2913 2982 autem
2945 2942 3155 2989 coortus
3181 2946 3255 2997 est
3286 2941 3525 2994 omnium

1940 3017 2093 3085 ﬂetus
2120 3034 2137 3071 :
2178 3028 2227 3071 et
2268 3020 2524 3073 irruentes
2553 3021 2605 3073 in
2639 3021 2829 3075 collum
2862 3022 3051 3091 Pauli,
3083 3028 3525 3088 deosculabantur

1943 3125 2060 3162 eum
2096 3149 2111 3171 ,

2018 3199 2178 3254 Vens.
2213 3200 2303 3254 58.
2345 3199 2590 3255 Dolentes
2638 3206 2868 3259 maxime
2904 3218 3118 3276 propter
3150 3213 3359 3268 uerbum
3390 3215 3526 3271 illud

259 3298 342 3350 ὅτι
371 3298 581 3351 οὐκέτι
598 3294 897 3363 μέλλουσι
922 3292 986 3346 τὸ
1025 3293 1352 3359 πρόσωπον
1368 3292 1554 3347 αὐτοῦ
1576 3291 1835 3360 θεωρεῖν.
1868 3313 1910 3369 c
1944 3300 2079 3361 quod
2115 3309 2146 3344 η

1632 3291 1835 3360 ιωρεῒν.
1868 3313 1910 3369 c
1944 3300 2079 3361 quod
2115 3303 2393 3360 negaverat
2424 3294 2539 3347 illos
2568 3296 2786 3362 post/iac
2825 3299 3013 3367 faciem
3042 3318 3197 3355 suam
3245 3321 3355 3359 esse
3382 3307 3525 3360 uisu-

263 3389 656 3456 Ιιροέπεμπον
675 3386 747 3438 δὲ
773 3386 959 3438 αὐτὸν
989 3388 1077 3450 εὶς
1118 3386 1181 3437 τὸ
1211 3386 1443 3437 πλοῖον.

326 3476 694 3547 Σημειωτέον,
744 3476 824 3527 ὅτι
877 3474 959 3526 δεῖ
1012 3474 1103 3525 τὸν
1164 3474 1615 3542 συνταττόμενον,
1671 3472 1839 3543 εὐχὴν

263 3572 349 3623 καὶ
388 3567 743 3637 γονυκλισεαν
774 3566 1042 3619 ποιεῖσθαι
1094 3566 1192 3617 σὺν
1226 3566 1358 3617 πᾶσι
1406 3566 1520 3627 τοῖς
1581 3563 1838 3635 παροῦσι,

262 3664 349 3715 καὶ
378 3662 562 3722 οὕτως
626 3661 956 3729 ἀποχωρεῖν.
1019 3658 1131 3728 Τὴν
1157 3656 1400 3709 διάθεσιν
1439 3656 1682 3709 δείκνυσι
1712 3657 1772 3708 τὸ
1795 3657 1835 3687 ¹¹

262 3757 469 3807 εἰπεῖν·
532 3752 962 3815 Ἔπιπεσόντες
1016 3749 1117 3801 ἐπὶ
1168 3748 1275 3801 τὸν
1327 3748 1637 3815 τράχηλον
1674 3765 1687 3779 ·
1741 3747 1838 3801 ἅτε

265 3848 491 3914 ὑστέρας
523 3842 861 3914 περιπλοκῆς
892 3839 1363 3913 περιπλεκόμενοι,
1390 3840 1483 3892 καὶ
1502 3839 1701 3909 πολλὴν
1733 3839 1843 3891 ἀπὸ

266 3936 361 4002 τῆς
388 3934 745 4005 δημηγορίας
787 3929 1043 3992 λαϐόντες
1090 3930 1190 3998 τὴν
1249 3930 1473 3999 ἀγάπην
1507 3930 1602 3980 καὶ
1632 3929 1693 3981 τὸ
1721 3929 1840 3997 φίλ-

265 4042 403 4096 τρον,

840 4196 1090 4249 ΚΕΦΑΛ.
1148 4196 1270 4249 KA'.

351 4287 435 4350 Ως
460 4282 533 4335 δε
570 4280 807 4348 ἐγένετο
848 4277 1185 4347 ἀναχθῆναι
1224 4274 1381 4346 ἡμᾶς
1407 4276 1839 4330 ἀποσπασθέν-

267 4378 418 4441 τας-⁸⁸
443 4373 551 4428 ἀπ’
587 4372 810 4434 αὐτῶν,
840 4369 1407 4438 εὐθυδρομήσαντες
1461 4367 1731 4437 ἤλθομεν
1752 4372 1842 4435 εις

266 4465 376 4532 τὴν
400 4462 540 4518 Κῶν
566 4480 579 4493 ·
611 4461 686 4530 τῇ
716 4461 785 4514 δὲ
813 4460 958 4528 ἑξῆς
988 4463 1076 4526 εις
1102 4460 1218 4527 τὴν
1270 4458 1509 4512 Ῥόδον·
1567 4458 1843 4513 κάκεῖθεν

266 4562 344 4626 εὶς
365 4559 632 4625 Πάταρα.

1945 3400 2028 3435 ms
2055 3398 2073 3436 :
2107 3386 2175 3435 ad
2202 3384 2469 3453 navigium
2495 3394 2672 3438 autem
2706 3402 2821 3439 eum
2854 3404 3016 3457 usque
3043 3396 3514 3463 prosequebantur.

2019 3473 2325 3527 Notandum
2357 3482 2460 3541 est,
2482 3488 2607 3528 eum
2635 3476 2727 3546 qui
2762 3478 2941 3534 valere
2964 3480 3119 3549 jubet
3142 3484 3347 3540 amicos
3379 3497 3436 3542 et
3461 3490 3527 3543 iis

1944 3569 2203 3619 mandata
2239 3566 2353 3627 dat,
2395 3575 2652 3636 oportere
2690 3584 2864 3639 genua
2905 3569 3141 3639 ﬂectere,
3173 3585 3229 3629 et
3262 3592 3367 3631 una
3398 3593 3524 3633 cum

1950 3656 2207 3709 omnibus
2266 3658 2358 3725 qui
2406 3658 2628 3721 adsunt,
2674 3661 2979 3730 supplicare
3021 3673 3184 3734 atque
3230 3667 3304 3721 ila
3350 3670 3521 3727 abire.

1942 3747 2300 3802 Aliectionem
2345 3764 2409 3803 ac
2455 3749 2654 3804 bonum
2693 3752 2935 3807 animum
2968 3754 3180 3809 illorum
3211 3773 3340 3829 erga
3384 3760 3525 3815 Pau-

1943 3838 2055 3891 lum
2098 3840 2339 3894 ostendit
2395 3856 2462 3895 eo
2494 3843 2638 3911 quod
2673 3844 2844 3899 dicit:
2884 3844 3151 3903 lrruentes
3186 3851 3242 3904 in
3287 3853 3479 3907 collum
3505 3870 3525 3910 :

1946 3938 2134 3999 utpote
2180 3943 2517 4001 postremum
2548 3936 2696 3989 illum
2734 3938 3104 4007 amplexantes
3130 3982 3144 4005 ,
3174 3957 3236 3999 ac
3273 3945 3471 4013 quibus
3494 3966 3525 4000 a

1946 4023 2213 4079 concione
2246 4025 2392 4080 illius
2419 4026 2610 4097 ingens
2632 4028 2853 4084 dilectio
2885 4031 3221 4103 ingenerata,
3252 4046 3307 4091 et
3336 4038 3527 4093 incita-

1947 4124 2189 4169 mentum
2217 4118 2422 4173 amoris
2449 4119 2708 4188 injectum
2732 4131 2897 4176 esset.

2528 4210 2759 4268 CAPUT
2791 4212 2933 4267 XXI.

2019 4303 2179 4357 Vens.
2209 4302 2257 4355 l.
2294 4302 2354 4356 Ut
2383 4312 2561 4356 autem
2593 4305 2809 4367 accidit,
2841 4314 2897 4357 ut
2926 4306 3096 4360 avulsi
3123 4308 3187 4361 ab
3217 4308 3324 4365 illis
3357 4313 3411 4366 in
3438 4311 3524 4365 al-

1946 4401 2056 4444 tum
2083 4393 2501 4461 provehercmur,
2539 4403 2677 4446 recto
2709 4410 2865 4447 cursu
2891 4396 3123 4449 uenimus
3150 4399 3205 4451 in
3238 4396 3401 4455 Count
3429 4418 3446 4455 :
3475 4413 3524 4455 et

1945 4485 2177 4553 sequenti
2208 4483 2292 4536 die
2315 4482 2573 4547 Rhodum,
2606 4494 2763 4550 atque
2794 4484 2940 4537 illinc
2971 4486 3027 4539 in
3060 4485 3285 4544 Patara.

331 4652 436 4705 Καὶ
484 4648 773 4717 εὑρόντες
834 4644 1048 4699 πλοῖον
1070 4642 1365 4712 διαπερῶν
1410 4646 1495 4709 εις
1532 4644 1837 4712 Φοινίκην,
1874 4657 1917 4713 D
2016 4657 2174 4712 Vens.

1632 4644 1837 4712 νίκην,
1874 4657 1917 4713 D
2016 4657 2174 4712 Vens.
2230 4657 2285 4710 2.
2341 4657 2405 4711 Et
2457 4660 2597 4712 nacti
2659 4660 2921 4729 navigium
2979 4664 3116 4731 quod
3158 4665 3423 4736 trajicere:
3469 4671 3525 4726 in

267 4744 582 4808 ἐπιϐάντες
616 4740 985 4809 ἀνήχθημεν.

331 4944 766 5014 Ἀναςρανέντος
781 4940 848 4993 δὲ
868 4939 975 5007 τῆς
1008 4939 1251 5005 Κύπρου
1271 4938 1334 5001 ⁸³,
1359 4935 1456 4991 καὶ
1481 4936 1844 4991 καταλιπόν-

268 5055 361 5103 τες
416 5017 621 5101 αὐτὴν
660 5032 991 5100 εὐώνυμον,
1025 5030 1320 5099 ἐπλέομεν
1344 5032 1432 5095 εἰς
1458 5030 1703 5096 Συρίαν,
1747 5027 1843 5079 καὶ

272 5131 657 5198 κατήχθημεν
680 5129 762 5191 εἰς
806 5126 1005 5191 Τύρον.
1045 5122 1276 5176 Ἐκεῐσε
1308 5122 1417 5190 γὰρ
1436 5116 1512 5191 ἦν
1533 5120 1599 5173 τὸ
1623 5120 1843 5173 πλοῖον

270 5219 806 5292 ἀποφορτιζόμενον
846 5216 951 5269 τὸν
971 5219 1175 5285 γόμον.

334 5315 591 5365 Δείκνυσι
621 5310 718 5380 τὴν
770 5308 895 5378 βίαν
924 5307 1003 5376 τῷ
1056 5308 1263 5360 εἰπεῖν·
1314 5306 1845 5373 Ἀποσπασθέντες

270 5405 364 5458 ἀπ’
406 5402 776 5458 αύτᾱννοκαὶ
830 5400 1072 5462 εἰκότως.
1126 5400 1220 5462 El;
1273 5400 1379 5469 γὰρ
1436 5400 1535 5469 τὴν
1570 5400 1843 5453 Θάλασσαν

1948 4746 2260 4811 ΡΙιωηὶεεη,
2300 4764 2359 4801 eo
2409 4750 2800 4804 conscendimus
2857 4760 2903 4804 et
2958 4752 3013 4805 in
3069 4753 3236 4807 altum
3297 4761 3528 4825 provecti

1944 4856 2142 4894 sumus.

2017 4932 2174 4987 Vsus.
2211 4933 2263 4987 5.
2305 4931 2438 4988 Cum
2467 4943 2648 4988 autem
2679 4935 3018 4990 evasissemus
3056 4952 3082 4991 e
3128 4939 3336 5007 regione
3365 4940 3525 5010 Cypri

1944 5033 1991 5075 et
2026 5042 2143 5077 cam
2174 5025 2244 5077 ad
2271 5025 2545 5078 sinistram
2582 5024 2993 5094 reliquissemus,
3042 5028 3420 5099 navigabamus
3469 5032 3523 5083 in

1950 5110 2163 5183 Syriam
2210 5122 2258 5165 et
2307 5112 2606 5181 appulimus
2647 5112 2842 5183 Tyrum
2868 5130 2887 5168 :
2920 5114 3030 5167 illic
3058 5118 3205 5170 nauis
3240 5134 3370 5171 onus
3409 5129 3521 5171 erat

1949 5207 2269 5275 expositum.
2350 5246 2355 5247 κ

2023 5298 2247 5354 Ostendi
2308 5298 2435 5362 vim,
2457 5298 2584 5353 dum
2602 5298 2754 5361 dicit,
2770 5299 2952 5353 Auulsi
2968 5302 3031 5353 ab
3049 5302 3187 5355 illis:
3207 5302 3364 5371 idque
3378 5302 3539 5358 itaud'

1952 5395 2151 5449 mirum
2176 5401 2278 5446 est.
2311 5390 2448 5443 Nam
2482 5404 2630 5443 mare
2661 5402 2847 5459 postea
2878 5391 3083 5462 ingredi
3111 5408 3220 5447 non
3248 5403 3521 5461 poterant.

1469 5537 1668 5598 Variae
1708 5535 2016 5598 lectiones
2058 5538 2117 5593 et
2162 5540 2356 5591 notas.

341 5666 361 5697 '
394 5665 450 5719 In
486 5663 721 5721 vulgatis
749 5670 842 5721 est,
896 5661 1003 5713 τῶν
1057 5660 1255 5721 λόγων,
1285 5670 1332 5712 et
1372 5658 1532 5721 paulo
1571 5670 1704 5721 post.
1742 5658 1939 5711 διδόναι
1975 5654 2193 5721 μᾶλλον.

581 5673 721 5731 gaus
749 5673 842 5721 est,
896 5678 1003 5713 των
1060 5673 1255 5727 λόγων,
1285 5673 1332 5712 et
1372 5673 1532 5727 paulo
1571 5673 1704 5728 post.
1742 5673 1939 5711 οιοοναι
1975 5673 2193 5724 μαλλον.
2292 5673 2309 5683 -
2346 5673 2474 5702 επιπ

661 5731 702 5761 ¹¹
723 5731 811 5783 ἷσ.
844 5730 941 5788 τῷ.
1059 5731 1101 5759 ⁸³
1131 5728 1618 5788 ἀποσπασθέντων,
1651 5738 1789 5782 erat.
1908 5729 1950 5758 ¹³
1976 5726 2039 5779 1η
2064 5723 2439 5788 manuscriplo,

1628 5673 1704 5719 νει.
1742 5673 1939 5711 οιοοναι
1975 5673 2193 5724 μᾶλλον.
2292 5673 2309 5683 '
2346 5673 2736 5709 επιπεσοντων,
2770 5673 2904 5702 erat.
3017 5673 3058 5681 "
3088 5673 3152 5703 In
3174 5673 3402 5723 vutgaus
3419 5673 3519 5708 αα-

1651 5738 1789 5782 εται,
1908 5729 1950 5758 ¹³
1976 5726 2039 5779 In
2064 5723 2439 5788 manuscriplo,
2477 5730 2525 5771 et
2561 5721 2616 5771 in
2653 5735 2756 5772 uno
2789 5720 3000 5787 vulgato
3035 5733 3131 5783 est,
3154 5722 3521 5788 ἀναφανέντες

274 5736 427 5799 ditur,
457 5728 598 5786 τοῦ(
661 5731 702 5761 ¹¹
723 5731 811 5783 ἷσ.
844 5730 941 5799 τῷ.
1059 5731 1101 5759 ⁸³
1131 5728 1618 5791 ἀποσπασθέντων,
1651 5738 1789 5782 erat.

468 5782 716 5871 viiii-two:
735 5817 747 5830 ·
780 5803 840 5872 in
870 5782 1269 5872 alteroiuulgato
1298 5807 1397 5872 est,
1427 5782 1801 5872 ἀναφάναντες
1830 5798 1887 5849 δὲ

280 5874 357 5929 la.
386 5867 756 5943 ἀιιαφανέντες
798 5870 855 5923 δὲ
888 5872 987 5941 τῆς
1017 5867 1270 5940 Κύπρου,
1292 5868 1533 5939 δηλονότι
1597 5867 1917 5940 ἀντιπέρας,

2289 5652 2310 5683 ⁹
2346 5648 2736 5723 ἐπιπεσόντων,
2770 5659 2904 5723 erat.
3015 5649 3059 5681 ¹⁹
3088 5648 3152 5703 In
3168 5650 3402 5723 vulgatis
3419 5656 3519 5708 ad-

1995 5814 2022 5846 ν
2050 5792 2294 5862 Κύπρον.
2341 5791 2402 5845 In
2430 5790 2623 5852 altera,
2656 5791 3023 5862 ἀναφανέντος
3140 5792 3237 5862 τῇς
3267 5792 3518 5862 Κύπρου.

2003 5905 2019 5935 ,
2054 5857 2304 5935 ἀντικρύ*
2333 5870 2449 5932 aut,
2491 5857 2859 5930 ἁναφανὲντες
2886 5857 2943 5912 δὲ
2975 5860 3116 5913 κατά
3148 5860 3247 5929 τὴν
3269 5857 3516 5935 Κύπρον.
