4794 6454
1423 414 1531 478 783

2370 408 2935 469 I‘lIEOPHYiACTI
2962 408 3057 467 BU
3070 410 3364 468 LGARIE
3395 410 3750 469 ARCHIEP.

4568 412 4679 475 784

1423 528 1560 594 Quid
1597 532 1679 577 est
1712 520 1855 589 quod
1903 519 2056 583 dicit,
2105 519 2608 589 εὐθυδρομήσαντες
2638 519 2660 570 ?
2708 520 2764 572 id
2818 529 2997 583 sonat,
3026 525 3073 579 Α
3102 521 3299 583 αὐτοὺς

2818 529 2997 583 sonat,
3026 525 3073 579 Α
3102 521 3299 583 αὐτοὺς
3320 520 3507 574 λοιπὸν
3529 522 3765 592 ἐμϐῆναι
3798 524 3897 576 οὐκ
3919 524 4065 592 ἐνῆν.
4102 526 4166 578 Τί
4194 527 4361 591 ἐστιν,
4388 532 4675 599 εὐθυδρο-

1419 617 1555 672 Cum
1621 621 1771 667 recto
1818 626 1979 665 cursu
2030 611 2533 665 contendissemus.
2594 610 2822 663 Ponitur
2876 624 2995 677 pro.

1424 707 1765 764 Prtelervecti
1800 718 2009 769 sumus,
2031 719 2139 757 non
2168 701 2483 757 commorati
2507 717 2716 767 sumus,
2752 699 2908 769 155
2936 716 3000 754 ac

1423 812 1637 869 tempus
1669 796 1919 850 trivimus
1962 795 2014 848 in
2056 793 2173 847 aliis
2212 792 2363 846 locis.
2418 790 2485 843 Et
2527 792 2668 844 nacti
2734 790 2999 858 navigium

1421 891 1558 959 quod
1580 888 1847 956 trajiceret
1876 887 1929 938 in
1950 884 2247 938 Plitenicen.
2275 880 2523 935 Forsitan
2553 881 2681 934 illud
2723 881 2997 949 navigium

1423 982 1496 1035 ibi
1534 981 1713 1034 stabat
1737 980 1788 1031 in
1816 986 1975 1047 portu
2007 993 2019 1028 :
2051 984 2106 1028 et
2142 989 2246 1028 non
2290 972 2633 1027 invenientes
2663 988 2855 1027 navem
2879 989 2999 1043 quae

1421 1073 1720 1126 Cwsaream
1749 1077 1977 1137 peteret,
2007 1067 2100 1120 sed
2136 1067 2274 1118 hanc
2303 1081 2424 1134 qua:
2456 1066 2509 1117 in
2540 1064 2832 1118 l’lttnuieen
2863 1081 2996 1118 con-

1424 1162 1700 1221 tenderet,
1745 1157 1967 1228 profecti
2019 1164 2146 1209 sunt
2193 1164 2353 1223 atque
2407 1154 2640 1222 Cyprum
2688 1160 2744 1207 et
2789 1153 2995 1223 Syriam

1434 1254 1790 1323 reliquerunt.
1834 1248 1967 1302 Nam
2024 1250 2165 1317 quod
2215 1248 2380 1312 dicit,
2425 1246 2554 1301 Cum
2612 1246 2996 1315 reliquissemus

1423 1365 1537 1400 eam
1580 1345 1648 1398 ad
1678 1343 1971 1404 sinistram,
2018 1356 2124 1393 non
2163 1340 2359 1393 frustra
2411 1339 2681 1408 adjectum
2712 1349 2794 1393 est
2833 1358 2843 1392 :
2902 1340 2995 1391 sed

1424 1440 1541 1492 illos
1569 1452 1669 1491 nec
1701 1451 1867 1505 prope
1899 1433 2113 1503 quidem
2142 1431 2351 1501 Syriam
2382 1431 2639 1484 accedere
2671 1429 2924 1482 voluisse.

1497 1530 1657 1583 Vens.
1697 1529 1749 1579 4.
1784 1526 1853 1578 Ac
1885 1524 2100 1591 repertis
2130 1520 2422 1590 discipulis,
2458 1521 2528 1573 ibi
2565 1520 2854 1572 mansimus
2888 1520 2995 1571 dies

1421 1633 1635 1691 septem.
1674 1622 1838 1686 Atque
1887 1615 1964 1667 illi
2003 1612 2243 1681 discipuli
2278 1612 2448 1664 Paulo
2488 1611 2734 1664 instinctu
2770 1608 2996 1678 Spiritus

1421 1714 1682 1774 dicebant,
1714 1728 1774 1763 ne
1808 1710 2106 1761 ascenderet
2136 1707 2187 1757 in
2210 1704 2527 1757 Jerusalem.

1493 1807 1652 1859 Vens.
1680 1805 1729 1856 5.
1757 1804 1885 1855 Cum
1916 1810 2086 1852 autem
2113 1800 2221 1851 dies
2249 1797 2364 1849 illus
2378 1796 2770 1865 peregissemus,
2805 1795 2993 1865 egressi

1419 1902 1494 1952 ire
1520 1898 1881 1965 pergebamus,
1914 1890 2339 1961 prosequentibus
2368 1906 2456 1941 nos
2484 1889 2721 1940 omnibus
2744 1903 2845 1939 una
2877 1904 2992 1939 cum

1421 1990 1669 2043 uxoribus
1707 1996 1753 2039 et
1790 1986 1984 2049 liberis,
2016 1985 2191 2053 quoad
2230 1992 2379 2036 extra
2418 1981 2597 2035 urbem
2631 1982 2821 2050 egressi
2857 1996 2994 2033 esse-

1419 2098 1553 2132 mus.
1593 2081 1665 2131 Λι·
1692 2077 1869 2145 positis
1902 2075 2115 2144 genibus
2137 2073 2189 2123 in
2222 2071 2391 2123 littore
2421 2071 2622 2139 precati
2652 2087 2854 2125 sumus.

1490 2261 1652 2313 Vens.
1689 2259 1740 2312 ϐ.
1776 2258 1840 2307 Et
1872 2270 1989 2307 cum
2028 2268 2118 2306 nos
2147 2252 2361 2305 invicem
2392 2251 2644 2320 complexi
2673 2266 2917 2314 essemus,
2946 2259 2993 2301 et

1425 2353 1519 2404 alii
1544 2352 1664 2404 aliis
1692 2336 2137 2409 valedixissemus,
2161 2361 2250 2397 nos
2270 2359 2448 2395 navem
2480 2342 2885 2404 conscendimus,
2915 2341 2995 2393 illi

1422 2460 1542 2496 vero
1567 2443 1779 2494 domum
1812 2439 1881 2490 ad
1907 2452 2002 2488 sua
2032 2437 2237 2504 negotia
2270 2433 2455 2485 reversi
2490 2440 2629 2485 sunt.

1489 2531 1650 2585 Vens.
1680 2529 1732 2582 7.
1764 2527 1865 2581 Sed
1892 2543 1981 2578 nos
2009 2526 2237 2594 confecta
2268 2522 2597 2590 navigatione
2634 2538 2663 2572 a
2695 2520 2846 2589 Tyro,
2873 2535 2993 2585 per.

1427 2625 1659 2676 venimus
1704 2618 2102 2679 Ptolemaidem,
2131 2625 2201 2677 et,
2229 2614 2475 2668 salutatis
2503 2614 2774 2682 fratribus,
2796 2612 2991 2663 mansi-

1425 2732 1538 2767 mus
1567 2713 1705 2779 apud
1737 2726 1820 2763 eos
1852 2710 1989 2762 diem
2016 2723 2199 2760 unum.

1491 2894 1661 2947 Paulo
1690 2909 1779 2961 per
1806 2890 2057 2959 Spiritum
2084 2888 2199 2942 sive
2227 2884 2714 2951 instinctuSpiritus
2731 2884 2988 2944 dicebant,

1419 3002 1522 3042 etc.
1555 2987 1609 3039 Si
1646 2987 1805 3056 igitur
1826 2982 2057 3051 Spiritus
2077 2978 2320 3047 jubebat,
2346 2993 2445 3030 cur
2470 2974 2828 3028 contradixit?
2859 2972 2990 3044 [Sed

1420 3097 1516 3149 per
1567 3078 1848 3145 Spiritum,
1901 3074 2014 3127 sive
2062 3070 2320 3123 instinctu
2363 3068 2595 3136 Spiritus
2644 3063 2843 3135 sanctill
2888 3064 2991 3117 lioc

1417 3182 1521 3233 est,
1552 3186 1646 3239 per
1675 3167 1936 3236 Spiritum
1968 3163 2219 3217 scientes.
2252 3160 2368 3214 Non
2398 3160 2543 3213 enim
2580 3159 2765 3225 utique
2795 3157 2991 3210 instin-

1420 3274 1510 3314 etu
1544 3262 1778 3329 Spiritus
1819 3257 1991 3311 sancti
2043 3269 2166 3307 eum
2200 3251 2514 3316 monebant,
2550 3266 2650 3302 nec
2679 3248 2995 3317 simpliciter

1422 3366 1475 3407 et
1511 3361 1693 3422 aperte
1731 3350 1780 3403 ei
1826 3348 2063 3418 pericula
2111 3345 2479 3417 pra-dicebant
2512 3360 2525 3407 ;
2598 3343 2691 3395 sed
2734 3356 2843 3393 non
2877 3356 2997 3393 esse

1417 3442 1851 3504 aseeudendum,
1874 3439 1996 3507 quia
2024 3443 2318 3507 parcebant
2340 3436 2433 3487 illi.
2464 3434 2616 3498 Quod
2643 3442 2822 3486 autem
2842 3433 2995 3490 dicit,

1422 3533 1732 3603 ἱξαρτῆςαι,
1761 3531 1812 3583 id
1852 3528 2395 3597 sonat,explicuisse,
2437 3524 2708 3595 peregisse
2738 3523 2996 3593 [positum

1418 3625 1522 3693 est]
1550 3640 1667 3692 pro,
1700 3622 2018 3690 explevisse.
2054 3619 2346 3687 Postquam
2381 3618 2521 3670 enim
2552 3616 2861 3683 expleverat
2890 3622 3001 3666 sta-

1421 3725 1566 3769 tutos
1602 3715 1737 3778 dies,
1768 3713 1871 3765 hoc
1905 3720 2007 3774 est,
2042 3710 2157 3765 dies
2190 3710 2511 3779 Azymorum
2544 3748 2556 3772 ,
2608 3724 2635 3759 ιι
2683 3704 2823 3775 Τ)το
2862 3720 2988 3774 pro—

1422 3806 1544 3861 lecti
1582 3815 1728 3859 sunt.
1776 3804 2072 3858 Considera
2128 3803 2257 3855 mihi
2298 3817 2489 3855 omnes
2550 3801 2665 3854 dies
2715 3807 2836 3868 post
2874 3799 2990 3851 dies

3095 613 3405 681 μύσαντες
3432 632 3446 681 ;
3470 616 3592 668 ἀντὶ
3615 616 3731 679 τοῦ,
3768 617 4125 688 Παρήλθομεν
4144 636 4158 651 ·
4198 621 4297 674 οὐκ
4327 624 4679 693 ἐνδιατρίῲα-

3104 723 3202 774 μεν
3232 706 3440 775 ἑτέροις
3462 708 3667 771 τόποις.
3696 710 3803 761 Kal
3824 711 4104 776 εὑρόντες
4118 713 4335 767 πλοῖον
4360 715 4667 783 διαπερῶν

3099 799 3187 860 εἰς
3210 797 3515 864 Φοινίκην.
3557 798 3714 859 Ἴσως
3747 800 3922 850 ὲκείνο
3951 799 4134 851 αὐτόθι
4158 801 4420 869 διέτριϐε·
4444 806 4540 855 καὶ
4573 808 4679 874 οὐχ

3100 886 3443 956 εὑρίσκοντες
3497 890 3577 950 εις
3630 890 3966 959 Καισάρειαν
3994 890 4389 960 ἀπερχόμενον,
4442 895 4559 945 ἀλλ’
4593 899 4677 957 εἰς

3098 978 3369 1047 Φοινίκην,
3415 978 3687 1047 ἀπῆλθον·
3736 981 3829 1032 καὶ
3883 979 4108 1049 Κύπρον
4135 982 4191 1033 δὲ
4227 984 4415 1035 εἴασαν
4451 988 4545 1037 καὶ
4576 987 4679 1041 Συ-

3101 1070 3244 1138 ρίαν.
3300 1070 3372 1122 Τὸ
3427 1071 3557 1138 γὰρ,
3595 1074 4034 1136 Καταλιπόντες
4077 1075 4272 1139 αὐτὴν
4319 1076 4675 1144 εὐώνυμον.

3099 1161 3195 1229 οὐχ
3230 1161 3415 1223 ἁπλῶς
3459 1164 3799 1231 πρόσκειται,
3851 1165 3965 1216 ἀλλ’
4018 1168 4099 1219 ὅτι
4146 1166 4267 1218 οὐδὲ
4316 1169 4483 1236 ἐγγὺς
4515 1172 4675 1236 γενέ-

3101 1258 3220 1310 σθαι
3250 1260 3345 1329 τῆς
3370 1258 3567 1328 Συρίας
3604 1261 3883 1314 ἔσπευδον.

3168 1522 3275 1577 Καὶ
3301 1523 3662 1591 ἀνευρόντες
3700 1527 3988 1594 μαθητὰς,
4052 1530 4450 1598 ἐπεμείναμεν
4481 1535 4675 1587 αὐτοῦ

3099 1617 3322 1685 ἡμέρας
3358 1618 3527 1671 ἑπτά.
3580 1620 3806 1685 Οῖτινες
3830 1619 3910 1685 τῷ
3937 1623 4151 1688 Παύλῳ
4205 1624 4419 1692 ἔλεγον
4442 1625 4540 1678 διὰ
4564 1628 4675 1680 τοῦ

3097 1712 3460 1778 ΙΙνεύματος,
3476 1710 3562 1777 μὴ
3602 1711 3947 1765 ἀναϐαίνειν
3992 1716 4079 1778 εἰς
4111 1715 4529 1786 Ἰερουσαλήμ.

3170 1802 3310 1852 Ὅτε
3331 1800 3399 1852 δὲ
3429 1801 3664 1869 ἐγένετο
3681 1803 3837 1868 ἡμᾶς
3868 1805 4198 1871 ἐξαρτῆσαι
4215 1807 4256 1837 ¹⁶
4282 1807 4389 1871 τὰς
4425 1808 4673 1878 ἡμέρας,

3098 1890 3453 1955 ἐξελθόντες
3513 1892 3939 1962 ἐπορευόμεθα.
4012 1901 4485 1967 προπεμπόντων
4513 1902 4680 1970 ἡμᾶς

3100 1982 3342 2037 πάντων
3374 1983 3497 2037 σὺν
3540 1984 3774 2053 γυναιξὶ
3824 1986 3924 2039 καὶ
3962 1988 4212 2053 τέκνοις,
4264 1990 4373 2055 ἕως
4402 1991 4519 2054 ἔξω
4562 1992 4677 2059 τῆς

3099 2077 3351 2141 πόλεως.
3377 2078 3484 2129 Καὶ
3530 2075 3733 2144 θέντες
3763 2077 3834 2132 τὰ
3858 2079 4075 2149 γόνατα
4104 2080 4203 2133 ἐπὶ
4241 2085 4346 2135 τὸν
4367 2086 4673 2153 αἰγιαλὸν,

3099 2182 3208 2233 προ
3215 2168 3567 2236 σηυὲἁμεθα
3581 2172 3595 2200 ⁸
3604 2170 3645 2227 ⁸.

3167 2261 3277 2313 Καὶ
3316 2260 3736 2329 ἀσπασάμενοι
3791 2262 4125 2330 ἀλλήλους,
4156 2266 4449 2336 ἐπέϐημεν
4479 2273 4570 2336 εἰς
4605 2272 4676 2325 τὸ

3098 2351 3317 2405 πλοῖον
3334 2369 3347 2382 ·
3387 2352 3606 2407 ἐκεῖνοι
3635 2352 3704 2406 δὲ
3730 2354 4121 2424 ὑπέστρεψαν
4162 2361 4249 2425 εις
4271 2362 4343 2414 τὰ
4370 2362 4511 2414 τδια.

3185 2526 3381 2595 Ἡμεῖς
3400 2526 3467 2579 δὲ
3494 2528 3603 2581 τὸν
3634 2528 3834 2583 πλοῦν
3862 2530 4258 2598 διανύσαντες
4295 2534 4413 2588 ἀπὸ
4456 2539 4674 2603 Τύρου.

3100 2622 3565 2689 κατηντήσαμεν
3589 2624 3675 2688 εις
3705 2624 4096 2692 Πτολεμαΐδα,
4118 2627 4217 2678 καὶ
4242 2627 4674 2698 ἀσπασάμενοι

3098 2714 3237 2779 τοὺς
3260 2714 3581 2783 ἀδελφοὺς,
3613 2716 4011 2786 ἐπεμείναμεν
4042 2718 4272 2785 ἡμέραν
4315 2720 4464 2787 μίαν
4526 2726 4673 2791 παρ’

3097 2807 3321 2871 αὐτοῖς.

3175 2899 3259 2965 Τῷ
3288 2902 3505 2966 Παύλῳ
3542 2900 3758 2970 ἔλεγον
3784 2901 3883 2956 διὰ
3910 2903 4017 2957 τοῦ
4049 2905 4411 2972 Πνεύματος.
4451 2907 4512 2959 Et
4556 2909 4674 2958 τοί-

3101 3007 3193 3042 νυν
3227 2992 3288 3042 τὸ
3339 2992 3564 3059 Πνεῦμα
3610 2992 3849 3059 ἐκέλευε,
3892 2994 3977 3047 διὰ
4003 2995 4055 3046 τί
4084 2996 4341 3061 civi-cina;
4380 2998 4669 3061 Τουτέστι,

3098 3082 3187 3134 διὰ
3214 3082 3306 3134 τοῦ
3334 3084 3648 3153 Ιινεὸματος
3692 3086 3911 3148 εἰδότες.
3941 3088 4015 3139 Οὐ
4050 3088 4155 3158 γὰρ
4177 3088 4239 3158 δὴ
4263 3090 4361 3158 τὴν
4407 3092 4675 3159 παραινε-

3102 3189 3185 3224 σιν
3216 3173 3301 3225 διὰ
3346 3172 3438 3225 τοῦ
3496 3173 3811 3242 Πνεύματος
3856 3177 4150 3231 ἐποιοῦντο.
4224 3181 4299 3231 Οὐ
4342 3179 4452 3249 γὰρ
4479 3182 4676 3244 ἁπλῶς

3097 3264 3246 3333 αὑτῷ
3268 3264 3336 3316 τὰ
3356 3264 3504 3317 δεινά
3535 3265 3855 3335 προῦλεγον,
3882 3270 3993 3320 ἀλλ’
4024 3272 4103 3322 ὅτι
4132 3271 4396 3339 ἀναόἦναι
4433 3276 4494 3325 οὺ
4535 3274 4672 3343 χρὴ,

3099 3355 3402 3423 φειδόμενοι
3425 3357 3609 3408 αὑτοῦ.
3632 3356 3704 3409 Τὸ
3735 3359 3811 3422 δὲ,
3856 3359 4203 3427 ἐξαρτῆσαι,
4233 3364 4352 3413 ἀντὶ
4376 3363 4489 3424 τοῦ,
4524 3366 4673 3429 πλη-

3102 3443 3296 3512 ρῶσαι,
3324 3444 3457 3511 φησί
3482 3462 3495 3474 ο
3538 3445 3678 3513 μετὰ
3712 3444 3822 3514 γὰρ
3846 3446 3906 3498 τὸ
3937 3448 4219 3516 πληρῶσαι
4242 3450 4339 3511 τὰς
4391 3453 4634 3518 τεταγμέ
4654 3481 4674 3493 -

3100 3551 3197 3596 νας
3229 3533 3460 3603 ἡμέρας,
3494 3535 3761 3600 τουτέστι,
3797 3538 3864 3589 τὰ
3896 3537 4139 3607 ’Δξυμα,
4170 3540 4393 3609 ἐξῆλθον
4430 3541 4527 3608 τῆς
4562 3542 4675 3594 Τύ-

3101 3637 3218 3690 ρου.
3249 3621 3354 3672 Θέα
3392 3638 3481 3690 μοι
3506 3623 3683 3685 πάσας
3722 3624 3818 3685 τὰς
3850 3625 4059 3694 ἡμέρας
4081 3626 4122 3655 ¹⁶
4145 3627 4284 3694 μετά
4313 3629 4380 3679 τὰ
4421 3629 4668 3696 Ἀζυμα.

3099 3712 3192 3774 Εἰς
3220 3713 3394 3783 Τύρον
3432 3709 3595 3784 ἦλθον
3624 3714 3691 3766 δι’
3717 3715 3937 3784 ἡμερῶν
3966 3716 4160 3768 πέντε·
4193 3714 4314 3771 εἶτα
4334 3720 4450 3770 ἐκεῖ
4480 3721 4674 3789 ﬁnali-1-

3101 3814 3199 3851 σαν
3229 3802 3443 3869 ἡμέρας
3464 3802 3625 3856 ἑπτά.
3658 3803 3768 3865 Τὰς
3788 3804 3967 3866 πάσας
4023 3806 4268 3862 δεκαδύο.

1421 3910 1761 3972 Azymorum.
1817 3900 2016 3969 Tyrum
2050 3909 2316 3954 venerunt
2354 3899 2495 3950 intra
2537 3895 2654 3950 dies
2692 3895 2931 3963 quinque
2965 3911 2977 3945 :
3014 3891 3210 3947 deinde
3233 3895 3341 3950 illic
3372 3900 3688 3953 commorati
3720 3910 3849 3956 sunt
3881 3902 3997 3957 dies
4029 3913 4260 3971 septem.
4298 3902 4419 3957 Dies
4485 3904 4673 3957 omni-

1417 4013 1488 4049 no
1516 3992 1820 4049 duodecim.

1493 4086 1651 4141 Vens.
1690 4084 1741 4137 8.
1776 4081 2042 4137 Postridie
2073 4099 2189 4137 vero
2218 4080 2421 4133 Paulus
2453 4094 2567 4131 cum
2599 4077 2704 4129 suis
2729 4073 2989 4143 profectus

3166 4072 3247 4140 Τῇ
3278 4073 3345 4125 δὲ
3373 4074 3664 4141 ἐπαύριον
3712 4073 4065 4139 ἐξελθόντες
4092 4077 4147 4127 οι
4188 4074 4321 4141 περὶ
4356 4075 4464 4127 τὸν
4503 4076 4671 4128 Παῦ-

1418 4177 1555 4228 renit
1596 4171 1937 4229 Cmsaream:
1971 4182 2019 4226 et
2050 4172 2268 4242 ingressi
2308 4170 2519 4221 domum
2555 4165 2787 4231 Philippi
2832 4178 2991 4215 eran-
3087 4168 3201 4217 λον
3240 4163 3311 4235 ἢλ

2778 4165 2787 4215 i
2832 4178 2991 4215 eran-
3087 4168 3201 4217 λον
3240 4163 3429 4235 ἦλθον
3480 4170 3566 4231 εὶς
3591 4169 3952 4233 Καισάρειαν
3984 4183 3998 4198 θ
4054 4167 4151 4221 καὶ
4177 4169 4556 4232 εἰσελθόντες
4578 4172 4671 4233 εις

1417 4269 1631 4335 gelistte,
1664 4266 1883 4334 quierat
1917 4264 1976 4317 de
2002 4263 2107 4317 illis
2134 4272 2326 4331 septem
2354 4261 2499 4323 viris,
2527 4258 2815 4310 mansimus
2849 4253 2990 4321 apud
3088 4258 3193 4308 τὸν
3220 4254 3310 4309 oin

2767 4271 2815 4307 as
2849 4253 2990 4321 apud
3088 4258 3193 4308 τὸν
3220 4254 3389 4309 οἶκον
3433 4260 3737 4311 Φιλίππου
3768 4260 3872 4312 τοῦ
3897 4260 4349 4327 εὐαγγελιστοῦ,
4386 4260 4562 4325 ὄντος
4587 4262 4660 4313 ἐκ

1418 4359 1589 4410 illum.

1490 4448 1645 4501 Vens.
1689 4446 1741 4501 9.
1780 4444 1922 4498 Huic
1946 4454 2123 4498 autem
2149 4451 2297 4497 erant
2334 4440 2459 4509 lilia:
2486 4440 2708 4509 virgines
2740 4447 2986 4505 quatuor,

1416 4554 1532 4607 qua:
1562 4536 1942 4604 prophetabant
1969 4545 2016 4588 et
2051 4534 2503 4588 vaticinabantur.

1486 4629 1710 4683 Diaconi
1736 4626 1969 4697 Philippi
2008 4627 2127 4681 ﬁlia:
2157 4634 2333 4680 erant.
2372 4624 2509 4678 Nora
2538 4632 2719 4676 autem
2750 4625 2986 4692 pr0plie-

1418 4729 1576 4777 tissas
1606 4724 1725 4776 illas
1754 4722 1891 4775 ﬁlias
1926 4721 2046 4788 ejus
2088 4718 2325 4787 virgines
2368 4716 2558 4777 fuisse,
2603 4722 2658 4767 et
2696 4714 2748 4767 id
2784 4715 2986 4768 bonum

1418 4815 1583 4882 magis
1647 4812 1972 4868 verecundia
2029 4825 2092 4864 ac
2147 4808 2405 4878 religione
2461 4806 2764 4861 excoluisse
2826 4815 2988 4873 atque

1415 4920 1739 4966 esornasse,
1769 4903 1907 4959 adeo
1940 4911 1999 4954 ut
2024 4900 2186 4954 etiam
2211 4899 2413 4952 donum
2443 4896 2799 4966 prophetandi
2826 4905 2990 4963 atque

1415 4996 1741 5048 vaticinandi
1765 5001 2074 5048 consecuta:
2100 4991 2227 5044 sint.
2251 4988 2407 5053 Quod
2433 4988 2477 5041 si
2506 5003 2616 5041 non
2648 4997 2794 5042 esset
2812 5003 2990 5057 operte

1417 5084 1651 5151 pretium
1682 5084 1785 5137 hoc
1816 5083 1976 5145 scire,
1998 5080 2230 5149 scriptor
2254 5092 2361 5131 non
2394 5077 2708 5142 addidisset,
2742 5077 2977 5149 virgines

1418 5175 1534 5227 illas
1562 5176 1748 5229 fuisse.

1488 5268 1646 5322 νεεδ.
1710 5269 1792 5321 10.
1854 5264 2311 5319 Commorantibus
2368 5272 2543 5315 autent
2587 5264 2727 5313 nobis
2761 5262 2830 5313 ibi
2872 5262 2981 5315 dies
3044 5260 3049 5264 ’

3088 4347 3204 4400 τῶν
3230 4349 3399 4412 ἑπτὰ,
3424 4350 3736 4417 ἐμείναμεν
3762 4351 3898 4417 παρ’
3928 4350 4107 4413 αὐτῷ.

3174 4442 3363 4506 Τούτῳ
3387 4440 3455 4492 δὲ
3486 4437 3647 4510 ἦσαν
3679 4442 3993 4509 θυγατέρες
4024 4440 4306 4509 παρθένοι
4360 4442 4667 4511 τέσσαρες

3095 4546 3295 4599 προέβη
3304 4534 3602 4586 τεὺουσιιι.

3162 4621 3266 4673 Τοῦ
3314 4621 3560 4674 διακόνου
3616 4620 3883 4674 Φιλίππου
3921 4616 4061 4692 ἦσαν
4087 4623 4144 4673 αἱ
4187 4622 4509 4694 θυγατέρες.
4548 4628 4659 4696 Σης

3096 4717 3405 4787 μείωσαιδὲ
3440 4718 3523 4769 ὅτι
3571 4718 3625 4768 αἱ
3654 4716 3979 4785 προφήτιδες
4028 4719 4084 4771 αἱ
4138 4717 4439 4787 θυγατέρες
4488 4724 4657 4778 αὐτοῦ

3092 4804 3352 4873 παρθένοι
3380 4800 3535 4872 ἦσαν,
3567 4802 3659 4855 καὶ
3690 4805 3770 4855 ὅτι
3803 4805 4006 4874 ήσκουν
4041 4807 4241 4875 μᾶλλον
4265 4808 4333 4860 δι’
4366 4810 4663 4862 εὐλάϐειαν

3091 4895 3247 4946 τοῦτο
3274 4912 3286 4924 ·
3317 4894 3570 4948 ὥστεκαὶ
3603 4897 3940 4965 προφητείας
3972 4899 4256 4966 ἠξιῶσθαι.
4298 4901 4359 4952 Ei
4388 4901 4443 4953 δὲ
4487 4903 4563 4971 μὴ
4598 4901 4665 4972 ἦν

3093 4984 3580 5053 περισπούδαστον,
3638 4986 3738 5037 οὐκ
3767 4984 3834 5038 ἂν
3867 4986 4205 5058 προσέθηκεν
4235 4990 4262 5040 ὁ
4304 4995 4663 5059 συγγραψεὺς

3082 5080 3165 5131 ὅτι
3195 5078 3286 5127 καὶ
3324 5076 3579 5144 παρθένοι
3605 5071 3764 5146 ἦσαν.

3164 5262 3594 5329 Ἐπιμενόντων
3621 5259 3689 5311 δὲ
3742 5257 3910 5325 ἡμῶν
3956 5259 4180 5329 ἡμέρας
4210 5260 4493 5327 πλείους.
4520 5280 4663 5318 κατ-

1415 5361 1741 5427 complures,
1796 5359 2057 5413 descendit
2116 5358 2332 5427 quidam
2383 5372 2443 5409 ex
2489 5353 2678 5407 Judtea
2734 5355 2982 5422 propheta
3082 5356 3233 5423 ἦλθέ
3286 5374 3308 5409 τ

2773 5355 2982 5421 roplteta
3082 5356 3233 5423 ἦλθέ
3286 5374 3375 5422 τις
3405 5356 3523 5410 ἀπὸ
3569 5354 3679 5422 τῆς
3717 5355 4006 5422 Ἰουδαίας
4046 5357 4383 5425 προφήτης,
4412 5359 4660 5427 ὀνόματι

1420 5454 1625 5503 nomine
1659 5452 1891 5520 Agabus.

3090 5452 3157 5502 Ἀ
3169 5451 3366 5518 γαὸος.

2606 5603 2807 5664 Varias
2842 5604 3145 5665 lectiones
3190 5604 3249 5689 et
3293 5612 3482 5666 nota).

1522 5753 1569 5784 “
1600 5752 1658 5805 In
1697 5756 2066 5821 _manuscripto
2116 5766 2211 5814 est,
2263 5754 2561 5821 ἐξαρτίσαι,
2630 5764 2675 5805 et
2734 5754 2938 5807 melius.

1419 5825 1587 5877 meridi
1622 5819 1829 5877 subesse
1876 5826 1927 5877 in
1959 5819 2139 5880 Cra'co
2171 5834 2257 5878 aut
2293 5819 2491 5893 aliquid
2523 5826 2835 5877 desiderari.

3020 5752 3155 5807 "In
3217 5754 3451 5823 vulgato,
3503 5752 3932 5824 προοευξάμεθα.

4016 5753 4057 5783 ¹⁶
4112 5752 4319 5807 Videtur
4339 5752 4422 5804 hic
4451 5753 4660 5822 aliquid
