4794 6454
1348 392 1457 454 795

2306 386 2886 446 THEOPIIYLACTI
2919 386 3325 447 BULGARIIE
3348 388 3701 449 ARCHIEP.

4479 392 4599 456 796

1347 507 1559 577 pliciter
1590 504 1724 559 dixit
1747 502 1898 574 Lege,
1932 501 2049 568 sed,
2075 501 2282 555 Patria.
2316 502 2457 566 Quid
2485 500 2687 570 igitur?
2717 516 2786 553 an
2823 516 2924 554 no-
2962 519 3000 567 Α
3029 500 3213 567 τρῴου

2718 516 2786 553 an
2823 516 2924 554 no-
2962 519 3000 567 Α
3029 500 3213 567 τρῴου
3243 502 3450 569 νόμου.
3487 501 3597 569 Οὐχ
3638 499 3843 563 ἁπλῶς.
3880 501 4066 568 νῦμου,
4119 500 4286 564 ἀλλὰ,
4318 500 4424 555 τοῦ
4483 520 4611 556 πα-

1350 613 1508 652 veras
1546 598 1765 667 quidem
1798 605 1989 651 exacte
2031 595 2227 665 legem,
2278 610 2386 648 non
2432 603 2613 647 autem
2677 593 2927 647 defendis

1348 704 1450 743 nec
1489 687 1676 741 amas?
1704 684 1972 755 Flagrans
2024 702 2205 740 amore
2261 703 2325 739 ac
2367 686 2565 750 studio,
2611 686 2806 755 inquit.
2861 685 2927 739 Et

1351 790 1703 850 posteaquam
1729 780 2081 848 semetipsum
2109 779 2339 833 multum
2370 778 2631 835 laudavit.
2673 793 2922 831 commu-

1349 872 1490 926 nicat
1515 886 1641 924 cum
1670 871 1777 924 illis
1801 870 2190 931 laudationem,
2228 870 2359 923 dum
2411 870 2567 933 dicit,
2602 868 2796 933 Quales
2835 886 2924 922 vos

1346 982 1525 1018 omnes
1551 968 1675 1018 estis
1702 965 1875 1018 Itodie.
1936 965 2071 1019 Vide
2108 974 2294 1019 autem
2344 974 2477 1035 quot
2521 974 2688 1019 testes
2724 966 2923 1035 produ-

1345 1068 1433 1111 cat
1456 1076 1467 1110 :
1497 1074 1769 1112 summum
1789 1060 2150 1123 sacerdotem,
2178 1058 2383 1113 incolas
2403 1059 2573 1112 urbis.
2604 1061 2778 1128 Atque
2798 1060 2901 1113 hac

1346 1161 1504 1204 tenus
1553 1150 1938 1219 illosmetipsos
1993 1160 2159 1207 testes
2204 1151 2441 1205 habebat
2486 1170 2499 1205 :
2535 1152 2630 1205 sed
2672 1150 2796 1222 (ιιιεὲ
2837 1168 2926 1207 se-

1344 1254 1589 1312 quuntur
1623 1246 1855 1299 testibus
1884 1256 2094 1311 carent.

1416 1334 1573 1388 Vens.
1610 1335 1661 1388 5.
1694 1336 1735 1388 Α
1767 1335 1954 1404 quibus
1984 1339 2140 1389 etiam
2168 1336 2397 1396 epistolis
2440 1339 2510 1390 ad
2555 1339 2747 1407 fratres
2782 1355 2929 1391 acce-

1341 1423 1447 1490 ptis
1484 1421 1802 1475 Damascum
1840 1425 2137 1493 pergebam,
2161 1426 2486 1479 adducturus
2514 1428 2673 1478 etiam
2714 1428 2927 1495 eos,qui

1342 1510 1490 1561 illinc
1518 1523 1695 1575 erant,
1722 1512 1919 1564 vinctos
1948 1512 2003 1563 in
2035 1510 2332 1565 Jerusalem
2363 1523 2419 1564 ut
2445 1514 2779 1581 punirentur.

1412 1693 1572 1747 Vsus.
1608 1694 1661 1746 ϐ.
1697 1694 1893 1747 Accidit
1922 1702 2097 1747 autem
2126 1694 2251 1748 mihi
2273 1694 2371 1746 iter
2402 1694 2619 1765 facienti
2650 1702 2698 1747 et
2733 1710 2927 1761 appro-

1340 1786 1618 1855 pinquanti
1659 1784 1922 1840 Damasco
1971 1789 2179 1841 circiter
2222 1789 2512 1849 meridiem,
2560 1797 2614 1841 ut
2646 1788 2815 1841 subito
2866 1789 2927 1840 de

1340 1874 1467 1925 cielo
1501 1874 1991 1944 circumfulguraret
2014 1893 2094 1927 me
2122 1875 2295 1929 lumen
2325 1877 2609 1944 copiosum.

1410 1966 1575 2020 Vens.
1617 1967 1665 2018 7.
1686 1966 1960 2030 Cecidique
1991 1970 2044 2021 in
2096 1978 2315 2032 terram,
2342 1980 2388 2022 et
2420 1970 2597 2022 audivi
2634 1985 2807 2023 vocem
2841 1970 2924 2022 di-

1341 2074 1539 2116 centem
1575 2064 1739 2117 milii:
1769 2065 1922 2130 Saul,
1951 2063 2106 2129 Saul,
2154 2082 2345 2119 curme
2379 2066 2749 2136 persequeris?

1409 2233 1568 2288 Vens.
1603 2235 1655 2290 8.
1692 2238 1858 2297 Atque
1906 2255 1997 2307 ego
2046 2238 2287 2306 respondi
2336 2254 2352 2291 :
2386 2238 2513 2303 Quis
2554 2255 2625 2303 es,
2665 2238 2927 2291 Domine?

1338 2323 1509 2394 Atque
1532 2326 1619 2379 ille
1640 2326 1710 2378 ad
1740 2340 1820 2380 me
1857 2344 1874 2380 :
1903 2328 2010 2393 Ego
2034 2347 2171 2394 sum,
2201 2330 2389 2399 inquit,
2414 2327 2566 2382 Iesus
2589 2331 2924 2391 Nasarenns,

1340 2441 1493 2493 quem
1533 2434 1588 2476 tu
1619 2426 1964 2494 persequeris.

1425 2516 1557 2570 Nam
1583 2533 1650 2571 ne
1681 2519 1961 2573 existimes
1996 2518 2293 2572 iracundiae
2327 2534 2438 2572 rem
2472 2517 2641 2571 fuisse
2664 2534 2783 2585 quze
2807 2532 2925 2586 age-

1338 2609 1521 2673 batur,
1552 2611 1793 2665 ostendit
1824 2626 1883 2665 se
1918 2610 2179 2680 fragrauti
2212 2611 2393 2664 studio
2420 2619 2584 2678 atque
2625 2624 2811 2662 amore
2847 2608 2925 2663 le-

1338 2702 1475 2756 cisse
1505 2702 1766 2771 quidquid
1801 2701 2054 2762 laciebat.
2083 2718 2194 2756 non
2230 2718 2365 2756 vana
2407 2702 2575 2773 gloria
2622 2710 2848 2755 motum.

1414 2793 1571 2847 Vsus.
1620 2792 1673 2847 9.
1712 2795 1775 2846 At
1827 2792 1909 2845 illi
1941 2794 2031 2862 qui
2069 2810 2269 2846 mecum
2299 2802 2470 2856 erant,
2503 2792 2677 2846 lumen
2715 2793 2923 2861 quidem

1336 2889 1576 2941 viderunt
1606 2905 1670 2941 ac
1708 2890 1971 2955 perterriti
2000 2898 2141 2951 sunt,
2187 2886 2276 2941 sed
2309 2903 2480 2940 vocem
2506 2887 2621 2955 ejus
2669 2886 2759 2955 qui
2810 2902 2922 2938 me-

1339 2994 1456 3030 cum
1488 2976 1798 3048 loquebatur
1828 2993 1932 3029 non
1970 2978 2277 3030 audiebant.

1411 3068 1566 3124 Vens.
1612 3071 1695 3123 10.
1741 3068 1863 3123 Dixi
1897 3081 2115 3123 autem:
2151 3068 2287 3135 Quid
2316 3071 2537 3139 faciam,
2568 3069 2825 3123 Domine?
2850 3069 2922 3122 Ac

3027 584 3235 659 τρῴου.
3274 594 3339 645 ΤΞ
3360 592 3453 645 οὖν
3477 610 3491 657 ;
3519 594 3567 645 εἰ
3596 593 3743 663 ᾔδεις
3775 593 3872 661 μὲν
3898 593 4137 662 ἀκριϐῶς
4166 596 4253 645 τὸν
4279 594 4463 663 νόμον,
4498 597 4608 647 οὐκ

3023 684 3258 747 ἐκδικεῖς
3283 684 3361 749 δὲ,
3391 683 3513 737 οὐδὲ
3542 683 3754 752 φιλεῖς;
3787 683 4075 752 ζηλωτὴς,
4095 685 4245 754 φησί.
4270 686 4383 740 Καὶ
4410 686 4606 755 ἐπειδὴ

3027 776 3242 845 μεγάλα
3289 777 3418 845 περὶ
3466 775 3661 829 ἑαυτοῦ
3716 775 3968 843 ἐγκώμια
4014 773 4167 838 εἷπε,
4215 780 4607 830 κοινοποιεῖται

3024 867 3116 918 τὸν
3147 867 3303 934 λόγον
3326 883 3337 895 υ
3374 867 3579 933 Καθὼς
3607 866 3831 932 πάντες
3862 865 4028 935 ὑμεῖς
4060 866 4346 935 σήμερον.
4382 867 4526 937 Ὅρα
4550 868 4607 919 δὲ

3025 959 3220 1029 πόσους
3272 960 3472 1027 ἐπάγει
3536 958 3853 1029 μάρτυραςο
3903 959 3964 1011 τὸ
4024 959 4449 1030 πρεσὸυτέριον,
4510 962 4607 1014 τὸν

3025 1051 3311 1121 ἀρχιερέα,
3344 1052 3472 1112 τοὺς
3512 1051 3569 1101 ὲν
3601 1053 3668 1120 τῇ
3703 1049 3875 1103 πόλει.
3913 1050 4091 1120 Μέχρι
4138 1050 4196 1102 δὲ
4238 1050 4428 1103 τούτου
4462 1052 4607 1120 μάρ-

3025 1157 3194 1213 τυρας
3219 1136 3366 1210 εἶχεν
3395 1141 3622 1204 αὐτούς·
3654 1140 3723 1195 τὰ
3746 1140 3803 1193 δὲ
3837 1140 4023 1206 λοιπὰ,
4050 1142 4365 1212 ἀμάρτυρα.

3101 1318 3244 1386 Παρ’
3284 1312 3372 1371 ὧν
3435 1320 3534 1372 καὶ
3578 1318 3907 1384 ἐπιστολὰς
3936 1321 4262 1389 δεξάμενος
4284 1323 4434 1389 πρὸς
4464 1321 4611 1388 τοὺς

3026 1409 3350 1480 ἀδελφοὺς,
3407 1414 3493 1477 εις
3522 1414 3841 1481 Δαμασκὸν
3866 1414 4261 1483 ἐπορευόμην,
4300 1415 4464 1479 ἄξων
4504 1417 4609 1468 καί

3027 1503 3168 1569 τοὺς
3201 1504 3395 1557 ἐκεῖσε
3427 1504 3605 1571 ὄντας
3651 1505 4009 1576 δεδεμένους
4049 1511 4137 1574 εὶς
4184 1508 4609 1576 Ἰερουσαλὴμ,

3029 1596 3131 1650 ἵνα
3156 1596 3585 1665 τιμωρηθῶσιν.

3113 1689 3383 1757 Ἐγένετο
3406 1688 3473 1741 δέ
3498 1706 3598 1757 μοι
3656 1690 4037 1759 πορευομένῳ
4078 1690 4179 1746 καὶ
4218 1691 4502 1761 ἐγγίζοντι
4534 1689 4613 1758 τῇ

3030 1780 3321 1851 Δαμασκῷ
3355 1781 3484 1850 περὶ
3514 1784 3907 1850 μεσημϐρίαν,
3950 1784 4241 1852 ἐξαίφνης
4266 1786 4334 1837 ἐκ
4364 1785 4467 1838 τοῦ
4499 1786 4607 1837 οὑ-

2964 1865 2999 1917 Ιῗ
3022 1874 3215 1943 ρανοῦ
3243 1871 3681 1941 περιαστράψαι
3712 1873 3838 1942 φῶς
3863 1877 4077 1929 ίιιανὸν
4097 1878 4229 1944 περὶ
4254 1878 4382 1944 ἐμέ.

3104 1966 3333 2019 Ἐπεσὰ
3365 1984 3429 2018 τε
3452 1965 3497 1998 δ’
3526 1968 3613 2032 εις
3668 1966 3733 2019 τὸ
3790 1966 4033 2035 ἔδαφος,
4070 1970 4167 2021 καὶ
4215 1969 4454 2036 ἥκουσα
4472 1987 4613 2035 φω-

3027 2059 3144 2127 νῆς
3197 2058 3500 2128 λεγούσης
3552 2075 3655 2126 μοι
3683 2072 3698 2086 ·
3758 2060 3979 2126 Σαοὺλ,
4015 2059 4234 2124 Σαοὺλ,
4268 2060 4325 2112 τί
4356 2076 4433 2127 με
4471 2058 4615 2111 διώ-

3027 2167 3192 2215 me;

3112 2242 3251 2308 Ἐγὼ
3278 2242 3346 2294 δέ
3384 2242 3427 2274 ⁸³
3459 2242 3825 2309 ἀπεκρίθην
3867 2242 3964 2305 Τίς
4004 2237 4077 2303 εί,
4108 2240 4320 2308 Κύριε;
4357 2235 4504 2293 Εἷπέ
4546 2257 4613 2292 τε

3029 2336 3178 2401 πρός
3204 2351 3313 2402 με·
3359 2336 3499 2404 Ἐγώ
3526 2338 3641 2405 εἰμι
3678 2333 3905 2402 Ἰησοῦς
3940 2336 3975 2387 ό
4023 2332 4373 2400 Ναζωραῖος,
4418 2332 4493 2386 ὃν
4525 2332 4613 2385 σὺ

3030 2424 3279 2489 διώκεις.

3100 2515 3145 2545 ⁸⁵
3174 2516 3285 2568 Ἰνα
3311 2516 3417 2586 γὰρ
3469 2515 3544 2586 μὴ
3571 2518 3799 2585 νομίσῃς
3824 2516 3905 2571 ὅτι
3944 2515 4115 2584 Θυμοῦ
4150 2510 4217 2585 ἦν
4257 2515 4317 2567 τὸ
4345 2515 4611 2584 πρᾶγμα,

3028 2602 3205 2656 δείκνυ
3217 2621 3297 2655 σιν
3322 2608 3402 2657 ὅτι
3433 2604 3580 2675 ζήλῳ
3599 2605 3657 2658 τὸ
3679 2607 3786 2659 πᾶν
3802 2605 3995 2669 ἐποίει,
4016 2606 4117 2658 οὐκ
4142 2604 4259 2658 ἀπὸν
4278 2602 4612 2667 κενοδοξίας.

3097 2794 3161 2844 Ol
3192 2791 3261 2845 δὲ
3285 2791 3407 2845 σὺν
3434 2791 3560 2861 ἐμοὶ
3616 2793 3789 2859 ὄντες
3837 2794 3903 2848 τὸ
3928 2800 4047 2863 μεν
4071 2792 4196 2862 φῶς
4248 2793 4609 2857 ἐθεάσαντο,

3023 2884 3121 2936 καὶ
3147 2884 3390 2952 ἔμφοϐοι
3401 2886 3684 2953 ἐγένοντο
3706 2902 3717 2914 ·
3743 2886 3856 2954 τὴν
3876 2886 3946 2939 δέ
3960 2886 4171 2955 φωνὴν
4186 2888 4297 2941 οὐκ
4310 2888 4542 2957 ἤκουον
4563 2886 4612 2918 ⁸⁸

3022 2976 3129 3029 τοῦ
3157 2976 3497 3042 ,λαλοῦντός
3522 2996 3643 3045 μοι.

3098 3065 3288 3121 Εἶπον
3325 3069 3428 3122 δέ·
3480 3070 3546 3124 Τί
3582 3071 3837 3137 ποιήσω,
3886 3073 4099 3141 Κύριε;
4146 3072 4209 3125 '0
4268 3072 4337 3125 δὲ
4388 3072 4612 3141 Κύριος

1337 3157 1593 3211 Dominus
1624 3160 1755 3212 dixit
1778 3161 1847 3212 ad
1872 3178 1949 3213 me
1985 3177 2001 3213 :
2035 3160 2202 3229 Surge
2237 3178 2300 3213 ac
2333 3162 2463 3213 vade
2495 3160 2839 3224 Damascum,
2872 3168 2919 3212 et
2956 3228 2989 3237 Α
3023 3157 3154 3215 εἴτε
3199 3163 3230 3191 δ’

2717 3177 2839 3224 rum,
2872 3168 2919 3212 et
2956 3228 2989 3237 Α
3023 3157 3154 3215 εἴτε
3199 3163 3247 3194 ⁵⁸
3286 3162 3436 3237 πρός
3461 3179 3566 3232 με·
3616 3164 3911 3229 Ἀναστὰς
3951 3166 4210 3232 πορεύου
4259 3168 4346 3230 εις
4410 3169 4610 3233 Δαμα-

1338 3250 1449 3301 ἱίιιε
1481 3250 1573 3301 tibi
1612 3250 1815 3303 dicetur
1835 3251 1900 3303 de
1936 3228 2175 3303 omnibus
2206 3267 2321 3319 qua:
2357 3252 2448 3305 tibi
2478 3253 2719 3323 facienda
2761 3253 2921 3304 desti-
2949 3228 2989 3283 (ἶ
3024 3256 3198 3318 σκόν,

2761 3253 2921 3304 desti-
2949 3228 2989 3283 (ἶ
3024 3256 3198 3318 σκὸν,
3254 3228 3425 3308 κάκεῖ
3462 3228 3569 3309 ⁷σοι
3608 3228 4184 3326 ,λαληθήσεται-περὶ
4226 3228 4614 3320 adimendis-

1340 3348 1469 3390 nata
1500 3351 1642 3392 sunt.

1414 3430 1569 3485 Vens.
1609 3433 1693 3485 Η.
1732 3430 1796 3483 Et
1830 3449 1947 3485 cum
1974 3450 2077 3485 non
2110 3434 2331 3486 viderem
2360 3449 2469 3501 pia:
2498 3433 2741 3485 claritate
2764 3432 2921 3485 lumi-

1338 3522 1420 3574 nis
1452 3523 1613 3588 illius,
1653 3541 1815 3578 manu
1857 3526 2043 3579 ductus
2086 3542 2117 3577 a
2156 3525 2432 3578 comitibus
2484 3526 2609 3578 meis
2647 3527 2762 3578 veni
2808 3526 2920 3577 Da—

1340 3631 1600 3669 muscum.

1411 3706 1685 3761 VERS.12.
1734 3708 1971 3761 Ananias
2007 3718 2183 3761 autem
2233 3711 2441 3778 quidem
2491 3710 2571 3763 vir
2620 3710 2915 3780 religiosus,

1338 3807 1515 3864 utpote
1544 3798 1716 3852 vivens
1749 3815 1813 3851 e1:
1842 3800 2145 3868 pra'scripto
2186 3800 2331 3865 legis,
2366 3801 2659 3852 testimonio
2687 3816 2922 3868 compro-

1338 3886 1492 3939 batus
1522 3889 1756 3940 omnium
1784 3888 2031 3942 Damasci
2060 3890 2415 3941 habitantium
2447 3887 2773 3955 Juda’orum,

1409 3979 1567 4033 Vens.
1609 3981 1691 4032 15.
1748 3978 1893 4033 Venit
1931 3982 2000 4034 ad
2031 3998 2131 4046 me,
2195 3992 2240 4034 et
2292 3983 2509 4034 adstans
2537 3982 2664 4035 mihi
2703 3985 2918 4053 inquit:

1340 4069 1476 4125 Saul
1515 4073 1701 4141 frater,
1735 4074 1903 4140 recipe
1932 4074 2118 4126 visum.
2150 4074 2319 4142 Atque
2348 4090 2440 4143 ego
2476 4076 2659 4126 eadem
2692 4075 2821 4127 liora
2850 4076 2919 4128 il-

1340 4166 1446 4217 lum
1477 4168 1678 4234 aspexi.

1414 4283 1614 4336 Lumen
1634 4285 1845 4353 quidem
1883 4285 2147 4337 viderunt.
2175 4282 2366 4337 Merito
2383 4284 2484 4339 hoc
2511 4284 2727 4337 accidit.
2781 4282 2914 4337 Nam

1340 4376 1515 4444 ipsum
1604 4378 1777 4431 solum
1854 4378 2101 4447 accipere
2148 4393 2338 4431 vocem
2409 4376 2554 4431 illam
2602 4378 2916 4445 oportebat.

1336 4468 1789 4537 Quandoquidem
1838 4473 1988 4525 enim
2040 4472 2340 4526 crassiores
2401 4470 2540 4525 visui
2575 4471 2744 4539 magis
2792 4486 2917 4524 cre-

3024 3345 3297 3397 τέτακταί
3324 3363 3423 3399 σοι
3458 3345 3729 3413 ποιῆσαι.

3108 3436 3195 3500 Ὠς
3239 3435 3307 3487 δὲ
3330 3438 3440 3488 οὐκ
3471 3438 3801 3490 ἐνέϐλεπον
3842 3436 3960 3489 ἀπὸ
3993 3435 4101 3502 τῆς
4132 3434 4317 3501 δόξης
4350 3434 4455 3487 τοῦ
4486 3452 4613 3501 φω-

3022 3527 3125 3592 τὸς
3151 3529 3278 3581 ἐκεί
3284 3546 3411 3592 νου,
3446 3530 3987 3597 χειραγωγούμενος
4008 3528 4122 3582 ὑπὸ
4154 3526 4271 3579 τῶν
4290 3526 4615 3580 συνόντων

3018 3636 3119 3687 μοι
3162 3614 3347 3682 ἦλθον
3371 3621 3457 3682 εἰς
3495 3619 3832 3687 Δαμασκόν.

3106 3713 3377 3777 Ἀνανίας
3397 3711 3465 3764 δέ
3498 3729 3585 3776 τις
3605 3711 3760 3777 ἀνὴρ
3798 3710 4063 3776 εὐλαϐὴς
4107 3709 4151 3743 ⁸⁷
4184 3712 4331 3763 κατὰ
4355 3710 4460 3761 τὸν
4512 3712 4613 3764 νό-

3022 3823 3155 3871 μον,
3192 3806 3683 3874 μαρτυρούμενος
3702 3805 3817 3859 ὑπὸ
3846 3805 4089 3857 πάντων
4108 3804 4225 3857 τῶν
4253 3807 4612 3858 κατοικούν-

3022 3916 3140 3950 των
3162 3898 3230 3949 ἐν
3249 3897 3541 3966 Δαμασκῷ
3567 3896 3610 3927 ⁵⁸
3649 3896 3978 3961 Ἰουδαίων,

3105 3990 3331 4045 Ἐλθὼν
3362 3992 3512 4057 πρός
3542 4007 3635 4059 με,
3672 3992 3769 4044 καὶ
3790 3991 4041 4057 ἐπιστὰς
4070 3986 4200 4044 sint
4228 4008 4321 4057 μοι
4350 4004 4363 4016 ·
4398 3990 4606 4043 Σαοὺλ

3020 4081 3265 4150 ἀδελφέ,
3294 4080 3659 4150 ἀνάϐλεψον.
3679 4082 3851 4149 Κάγὼ
3874 4081 4029 4149 αὐτῇ
4054 4081 4129 4149 τῇ
4163 4082 4279 4150 ὥρᾳ
4298 4081 4609 4150 ἀνέσλεψα

3018 4176 3106 4239 εις
3136 4175 3341 4229 αὐτόν.

3098 4289 3170 4341 Τὸ
3196 4288 3314 4357 μὲν
3340 4287 3466 4357 φῶς
3486 4288 3835 4342 ἐθεάσαντο.
3875 4289 4115 4351 Εἰκότως
4150 4288 4306 4340 τοῦτο
4346 4286 4602 4354 {vivet-0‘

3020 4382 3183 4433 αὑτὸν
3212 4382 3321 4451 γὰρ
3352 4381 3457 4433 ἔδει
3516 4382 3614 4449 τῆς
3650 4380 3831 4449 φωνῆς
3884 4380 4290 4449 καταξιωθῆναι
4338 4381 4559 4447 ἐκείνης
4589 4397 4604 4411 ·

3020 4473 3208 4538 ἐπειδὴ
3237 4473 3345 4540 γὰρ
3381 4472 3429 4523 οἱ
3486 4471 3785 4541 παχύτεροι
3814 4471 3933 4541 ὄψει
3965 4471 4241 4523 πείθονται
4288 4470 4508 4541 μᾶλλον,
4540 4472 4607 4524 ειὸ

1334 4558 1493 4623 dunt,
1521 4560 1703 4615 lumen
1752 4562 1823 4614 illi
1858 4563 2063 4627 vident,
2126 4570 2181 4616 et
2230 4574 2617 4632 expavescunt.
2648 4564 2781 4618 Nam
2816 4581 2917 4619 nec
2945 4567 2997 4626 D
3026 4565 3141 4633 φῶς
3199 4563 3227 4615 ε

2713 4582 2781 4618 im
2816 4581 2917 4619 nec
2945 4567 2997 4626 D
3026 4565 3141 4633 φῶς
3199 4560 3339 4615 εἶδον
3383 4566 3582 4616 ἐκεῖνοι
3634 4563 3724 4615 καὶ
3757 4563 3985 4632 ἔμφοϐοι
4011 4563 4288 4631 γίνονται·
4315 4566 4438 4616 ἐπεὶ
4480 4564 4606 4615 οὐδὲ

1336 4651 1481 4705 circa
1515 4653 1635 4706 illos
1660 4654 1842 4707 lumen
1869 4670 2024 4723 atque
2061 4670 2310 4724 magnam
2347 4656 2539 4709 habuit
2568 4656 2915 4711 etIicientiam

1332 4760 1399 4797 ac
1429 4745 1555 4811 vim,
1597 4757 1760 4816 atque
1782 4749 1925 4802 circa
1959 4749 2123 4803 hunc.
2158 4749 2366 4802 Etenim
2398 4750 2517 4817 ejus
2540 4753 2727 4803 oculos
2758 4750 2915 4813 laesit,

1334 4856 1399 4893 ac
1437 4858 1531 4909 per
1559 4857 1620 4896 ea
1656 4858 1776 4911 qua
1804 4843 1930 4898 huic
1953 4844 2287 4906 acciderunt,
2316 4844 2478 4897 etiam
2510 4844 2619 4899 illis
2643 4844 2791 4898 dedit
2821 4860 2919 4913 po-

1339 4939 1587 4984 testatem
1619 4933 1805 4986 oculos
1835 4932 1992 5004 162
2017 4933 2261 4998 tollendi,
2311 4933 2355 4987 si
2410 4932 2571 4987 modo
2593 4933 2913 4988 voluissent.

1338 5027 1412 5075 Ac
1444 5022 1577 5076 mihi
1615 5024 1686 5075 illi
1710 5033 1860 5077 certo
1883 5024 2113 5078 consilio
2146 5032 2311 5092 atque
2342 5023 2700 5092 dispositione
2734 5024 2917 5077 divina

1337 5130 1446 5166 non
1471 5116 1773 5169 credidisse
1800 5116 2078 5179 videntur,
2111 5131 2182 5170 ne
2213 5115 2585 5169 testimonium
2608 5116 2919 5170 dicentibus

1338 5211 1417 5261 eis
1450 5208 1583 5263 ﬁdes
1634 5208 1885 5278 abrogari
1923 5217 2127 5277 posset.
2161 5207 2327 5259 Manu
2352 5208 2536 5260 ductus
2584 5224 2615 5259 a
2647 5206 2919 5259 comitibus

1340 5301 1485 5361 meis,
1512 5299 1627 5353 veni
1660 5298 2006 5353 Damascum.
2071 5298 2235 5352 Recte
2268 5298 2398 5352 urbs
2449 5298 2662 5365 adjecta
2699 5306 2803 5360 est,
2861 5306 2921 5350 ut

1338 5390 1441 5458 ipsi
1473 5399 1865 5461 cognoscerent
1892 5403 2017 5443 eum
2071 5388 2242 5443 luisse
2290 5396 2721 5459 persecutorem.
2774 5386 2919 5441 Con-

3027 4656 3154 4723 περὶ
3178 4654 3376 4715 αὐτοὺς
3428 4652 3683 4705 τοσοῦτον
3734 4652 3796 4705 τὺ
3830 4653 3943 4720 φῶς
3972 4654 4291 4723 εἰργάσατο,
4318 4655 4442 4707 ὅσον
4466 4656 4606 4725 περὶ

3022 4745 3225 4798 τοῦτον.
3261 4746 3371 4798 Καὶ
3407 4748 3515 4813 γὰρ
3546 4746 3834 4813 ὲπήρωσεν
3865 4746 4026 4797 αὑτοῦ
4054 4750 4152 4807 τὰς
4179 4747 4351 4813 ἄξεις,
4387 4748 4480 4799 καὶ
4512 4747 4606 4799 διὰ

3020 4836 3128 4887 τῶν
3169 4838 3247 4899 εἰς
3281 4836 3465 4888 τοῦτον
3493 4836 3924 4905 συμϐαινόντων,
3946 4838 4219 4899 κάκείνοις
4242 4838 4443 4890 ἔδωκεν
4472 4839 4610 4890 ἀνα-

3020 4928 3233 4998 ϐλέψαι,
3278 4930 3392 4995 εἴγε
3456 4928 3668 4999 ᾕθελον.
3716 4930 3871 4997 Ἐμοὶ
3915 4930 3972 4981 δὲ
4030 4929 4196 4992 δοκεῖ,
4244 4932 4491 4993 ἐκείνους
4525 4933 4605 5002 μὴ

3022 5022 3312 5074 πιστεῦσαι
3351 5020 3731 5089 οἰκονομικῶς,
3766 5020 3907 5074 ὥστε
3950 5016 4090 5072 εἶναι
4139 5021 4425 5091 μάρτυρας
4455 5024 4608 5086 ἀξιο-

3018 5113 3263 5167 πίστους.
3317 5112 3870 5179 Χειραγωγούμενος
3930 5112 4047 5163 ὑπὸ
4116 5112 4237 5165 τῶν
4284 5117 4606 5167 συνόντων

3012 5222 3111 5274 μοι
3169 5202 3360 5273 ἣλοον
3395 5206 3484 5268 εἰς
3529 5205 3871 5269 Δαμασκόν.
3905 5203 4099 5264 Καλῶς
4150 5207 4182 5271 ὴ
4227 5204 4382 5267 πόλις
4429 5210 4604 5276 πρόσ-

3017 5313 3217 5358 κειται,
3256 5295 3397 5347 ὥστε
3436 5295 3735 5361 ἐπιγνῶναι
3784 5294 3984 5355 αὐτοὺς
4034 5294 4114 5346 ὅτι
4150 5295 4425 5350 ἐδιώκετο.
4465 5299 4599 5353 Πλέ-

3018 5404 3105 5440 κει
3157 5387 3214 5439 δὲ
3248 5386 3346 5457 τὴν
3382 5386 3697 5457 μαρτυρίαν
3728 5386 3819 5438 καὶ
3872 5383 3963 5438 διὰ
4020 5386 4349 5455 προσώπων,
4391 5392 4487 5442 καὶ
4511 5390 4603 5443 διὰ

2527 5575 3063 5639 Variielecliones
3108 5582 3169 5635 et
3212 5582 3406 5635 nota).

1412 5698 1457 5773 5‘
1488 5699 1549 5773 lu
1578 5711 1791 5773 vulgato
1843 5714 1939 5767 est,
1970 5705 2165 5757 ἔπεσόν
2203 5722 2282 5765 τε,
2341 5707 2394 5757 iu
2419 5705 2608 5765 altero,
2636 5706 2814 5759 ἔπεσά
2840 5724 2919 5767 τε,
2980 5707 3111 5759 sicut
3149 5716 3195 5759 et
3245 5707 3300 5757 in

1843 5714 1939 5767 est,
1970 5705 2165 5757 ἔπεσόν
2203 5722 2282 5765 τε,
2341 5707 2394 5757 iu
2419 5705 2608 5765 altero,
2636 5706 2814 5759 ἔπεσά
2840 5724 2919 5767 τε,
2980 5707 3111 5759 sicut
3149 5716 3195 5759 et
3245 5707 3300 5757 in
3325 5708 3705 5773 manuscripto.

1336 5769 1545 5847 aliquid
1577 5769 1799 5847 ltocloco
1826 5775 2136 5847 desiderari.
2214 5776 2256 5806 "
2277 5777 2334 5829 In
2376 5776 2598 5843 vulgatis
2621 5780 2882 5847 ἥκουσαν.
2901 5779 2945 5810 ⁸⁸
2974 5777 3039 5831 In
3071 5777 3221 5847 vulga

1947 5775 2136 5829 derari.
2214 5776 2256 5806 "
2277 5777 2334 5829 In
2376 5776 2598 5843 vulgatis
2621 5780 2882 5847 ἥκουσαν.
2901 5779 2945 5810 ⁸⁸
2974 5777 3039 5831 In
3071 5777 3294 5847 vulgatis
3322 5769 3672 5840 desideratur,
3701 5772 3840 5830 εἷπε.

1338 5841 1383 5869 δ’·
1417 5841 1476 5893 In
1512 5841 1731 5909 vulgatis
1761 5845 2108 5910 desideratur,
2140 5848 2192 5898 ἐν
2227 5841 2519 5915 Δαμαπκῷ.

3805 5706 3849 5736 ⁸³
3880 5705 4009 5775 γὰρ,
4052 5717 4182 5759 erat.
4289 5703 4333 5734 “
4384 5704 4602 5756 Videtur

3920 5779 3935 5808 ⁷
3968 5776 4034 5830 In
4065 5777 4311 5847 vulgatis,
4339 5775 4596 5835 εὐσεϐής.
