  <div class='ocr_page' id='page_1' title='image "/cluster/home/n/w/nwhite01/storage/ocr_20150623/125/nnc1.0046979794/405.png"; bbox 0 0 4794 6454; ppageno 0'>
   <div class='ocr_carea' id='block_1_1' title="bbox 1372 401 1479 461">
    <p class='ocr_par' dir='ltr' id='par_1_1' title="bbox 1372 401 1479 461">
     <span class='ocr_line' id='line_1_1' title="bbox 1372 401 1479 461; baseline 0.009 -1"><span class='ocrx_word' id='word_1_1' title='bbox 1372 401 1479 461; x_wconf 81' lang='grc'><strong><em>803</em></strong></span> 
     </span>
    </p>
   </div>
   <div class='ocr_carea' id='block_1_2' title="bbox 2250 401 3677 465">
    <p class='ocr_par' dir='ltr' id='par_1_2' title="bbox 2250 401 3677 465">
     <span class='ocr_line' id='line_1_2' title="bbox 2250 401 3677 465; baseline 0.004 -5"><span class='ocrx_word' id='word_1_2' title='bbox 2250 401 2831 461; x_wconf 76' lang='lat' dir='ltr'><strong><em>TlIEOPllYI.ACTl</em></strong></span> <span class='ocrx_word' id='word_1_3' title='bbox 2875 402 3282 462; x_wconf 69' lang='lat' dir='ltr'><strong><em>BULGARLE</em></strong></span> <span class='ocrx_word' id='word_1_4' title='bbox 3322 404 3677 465; x_wconf 81' lang='lat' dir='ltr'><strong><em>ARCHIEP.</em></strong></span> 
     </span>
    </p>
   </div>
   <div class='ocr_carea' id='block_1_3' title="bbox 4506 403 4624 468">
    <p class='ocr_par' dir='ltr' id='par_1_3' title="bbox 4506 403 4624 468">
     <span class='ocr_line' id='line_1_3' title="bbox 4506 403 4624 468; baseline -0.017 0"><span class='ocrx_word' id='word_1_5' title='bbox 4506 403 4624 468; x_wconf 72' lang='grc' dir='ltr'><strong><em>δυι</em></strong></span> 
     </span>
    </p>
   </div>
   <div class='ocr_carea' id='block_1_4' title="bbox 1435 511 3328 588">
    <p class='ocr_par' dir='ltr' id='par_1_4' title="bbox 1435 511 3328 582">
     <span class='ocr_line' id='line_1_4' title="bbox 1435 511 3328 582; baseline 0.001 -15"><span class='ocrx_word' id='word_1_6' title='bbox 1435 512 1596 567; x_wconf 72' lang='lat' dir='ltr'><strong><em>Vsus.</em></strong></span> <span class='ocrx_word' id='word_1_7' title='bbox 1636 511 1688 565; x_wconf 91' lang='lat'><strong><em>8.</em></strong></span> <span class='ocrx_word' id='word_1_8' title='bbox 1733 511 1868 564; x_wconf 76' lang='lat' dir='ltr'><strong><em>Nam</em></strong></span> <span class='ocrx_word' id='word_1_9' title='bbox 1908 511 2187 565; x_wconf 78' lang='lat' dir='ltr'><strong><em>Sadducwi</em></strong></span> <span class='ocrx_word' id='word_1_10' title='bbox 2224 515 2431 582; x_wconf 81' lang='lat' dir='ltr'><strong><em>quidem</em></strong></span> <span class='ocrx_word' id='word_1_11' title='bbox 2467 516 2647 566; x_wconf 84' lang='lat' dir='ltr'><strong><em>dtCttttl</em></strong></span> <span class='ocrx_word' id='word_1_12' title='bbox 2692 531 2791 566; x_wconf 88' lang='lat' dir='ltr'><strong><em>non</em></strong></span> <span class='ocrx_word' id='word_1_13' title='bbox 2832 531 2939 568; x_wconf 83' lang='lat' dir='ltr'><strong><em>esse</em></strong></span> <span class='ocrx_word' id='word_1_14' title='bbox 2971 524 3008 576; x_wconf 80' lang='grc' dir='ltr'><strong>Α</strong></span> <span class='ocrx_word' id='word_1_15' title='bbox 3112 516 3328 569; x_wconf 85' lang='grc' dir='ltr'><em>Σαδδοι</em></span> 
     </span>
    </p>
   </div>
   <div class='ocr_carea' id='block_1_5' title="bbox 2736 511 4629 588">
    <p class='ocr_par' dir='ltr' id='par_1_5' title="bbox 2736 514 4629 588">
     <span class='ocr_line' id='line_1_5' title="bbox 2736 514 4629 588; baseline 0.005 -22"><span class='ocrx_word' id='word_1_16' title='bbox 2736 531 2791 566; x_wconf 74' lang='lat' dir='ltr'><strong><em>9n</em></strong></span> <span class='ocrx_word' id='word_1_17' title='bbox 2832 531 2939 568; x_wconf 83' lang='lat' dir='ltr'><strong><em>esse</em></strong></span> <span class='ocrx_word' id='word_1_18' title='bbox 2971 524 3008 576; x_wconf 79' lang='grc' dir='ltr'><strong>Α</strong></span> <span class='ocrx_word' id='word_1_19' title='bbox 3112 516 3508 570; x_wconf 78' lang='grc' dir='ltr'><strong><em>Σαδδουκαῖοι</em></strong></span> <span class='ocrx_word' id='word_1_20' title='bbox 3541 517 3655 586; x_wconf 80' lang='grc' dir='ltr'><em>μὲν</em></span> <span class='ocrx_word' id='word_1_21' title='bbox 3700 517 3810 585; x_wconf 73' lang='grc' dir='ltr'><strong><em>γὰρ</em></strong></span> <span class='ocrx_word' id='word_1_22' title='bbox 3856 517 4129 586; x_wconf 59' lang='grc' dir='ltr'><em>λέγουσι,</em></span> <span class='ocrx_word' id='word_1_23' title='bbox 4171 517 4259 588; x_wconf 77' lang='grc' dir='ltr'><em>μὴ</em></span> <span class='ocrx_word' id='word_1_24' title='bbox 4286 514 4437 573; x_wconf 75' lang='grc' dir='ltr'><em>εἶναι</em></span> <span class='ocrx_word' id='word_1_25' title='bbox 4469 522 4629 576; x_wconf 81' lang='grc' dir='ltr'><em>ἀνά-</em></span> 
     </span>
    </p>
   </div>
   <div class='ocr_carea' id='block_1_6' title="bbox 1362 603 2935 675">
    <p class='ocr_par' dir='ltr' id='par_1_6' title="bbox 1362 603 2935 675">
     <span class='ocr_line' id='line_1_6' title="bbox 1362 603 2935 675; baseline 0.003 -20"><span class='ocrx_word' id='word_1_26' title='bbox 1362 603 1822 666; x_wconf 70' lang='lat' dir='ltr'><strong><em>resurrectionem,</em></strong></span> <span class='ocrx_word' id='word_1_27' title='bbox 1894 614 2083 674; x_wconf 80' lang='lat' dir='ltr'><strong><em>negant</em></strong></span> <span class='ocrx_word' id='word_1_28' title='bbox 2126 620 2235 657; x_wconf 89' lang='lat' dir='ltr'><strong><em>esse</em></strong></span> <span class='ocrx_word' id='word_1_29' title='bbox 2277 608 2523 675; x_wconf 86' lang='lat' dir='ltr'><strong><em>angelum</em></strong></span> <span class='ocrx_word' id='word_1_30' title='bbox 2581 617 2734 671; x_wconf 89' lang='lat' dir='ltr'><strong><em>atque</em></strong></span> <span class='ocrx_word' id='word_1_31' title='bbox 2775 608 2935 673; x_wconf 86' lang='lat' dir='ltr'><strong><em>spiri-</em></strong></span> 
     </span>
    </p>
   </div>
   <div class='ocr_carea' id='block_1_7' title="bbox 1365 695 2658 767">
    <p class='ocr_par' dir='ltr' id='par_1_7' title="bbox 1365 695 2658 767">
     <span class='ocr_line' id='line_1_7' title="bbox 1365 695 2658 767; baseline -0.001 -19"><span class='ocrx_word' id='word_1_32' title='bbox 1365 704 1474 749; x_wconf 82' lang='lat' dir='ltr'><strong><em>tum</em></strong></span> <span class='ocrx_word' id='word_1_33' title='bbox 1495 712 1513 749; x_wconf 91' lang='lat'><strong><em>:</em></strong></span> <span class='ocrx_word' id='word_1_34' title='bbox 1537 695 1795 748; x_wconf 71' lang='lat' dir='ltr'><strong><em>Pharistzi</em></strong></span> <span class='ocrx_word' id='word_1_35' title='bbox 1820 706 1996 749; x_wconf 87' lang='lat' dir='ltr'><strong><em>autem</em></strong></span> <span class='ocrx_word' id='word_1_36' title='bbox 2022 705 2299 767; x_wconf 81' lang='lat' dir='ltr'><strong><em>utrumque</em></strong></span> <span class='ocrx_word' id='word_1_37' title='bbox 2330 698 2658 765; x_wconf 78' lang='lat' dir='ltr'><strong><em>conﬁtentur.</em></strong></span> 
     </span>
    </p>
   </div>
   <div class='ocr_carea' id='block_1_8' title="bbox 1439 788 2933 859">
    <p class='ocr_par' dir='ltr' id='par_1_8' title="bbox 1439 788 2933 859">
     <span class='ocr_line' id='line_1_8' title="bbox 1439 788 2933 859; baseline 0.001 -19"><span class='ocrx_word' id='word_1_38' title='bbox 1439 788 1547 859; x_wconf 80' lang='lat' dir='ltr'><strong><em>Ego</em></strong></span> <span class='ocrx_word' id='word_1_39' title='bbox 1570 804 1682 841; x_wconf 86' lang='lat' dir='ltr'><strong><em>sum</em></strong></span> <span class='ocrx_word' id='word_1_40' title='bbox 1706 788 2032 841; x_wconf 74' lang='lat' dir='ltr'><strong><em>Phariswus.</em></strong></span> <span class='ocrx_word' id='word_1_41' title='bbox 2066 788 2277 843; x_wconf 82' lang='lat' dir='ltr'><strong><em>Rursus</em></strong></span> <span class='ocrx_word' id='word_1_42' title='bbox 2304 790 2541 843; x_wconf 87' lang='lat' dir='ltr'><strong><em>humano</em></strong></span> <span class='ocrx_word' id='word_1_43' title='bbox 2572 806 2720 843; x_wconf 88' lang='lat' dir='ltr'><strong><em>more</em></strong></span> <span class='ocrx_word' id='word_1_44' title='bbox 2757 788 2933 858; x_wconf 84' lang='lat' dir='ltr'><strong><em>loqui-</em></strong></span> 
     </span>
    </p>
   </div>
   <div class='ocr_carea' id='block_1_9' title="bbox 1368 879 2935 947">
    <p class='ocr_par' dir='ltr' id='par_1_9' title="bbox 1368 879 2935 947">
     <span class='ocr_line' id='line_1_9' title="bbox 1368 879 2935 947; baseline -0.001 -16"><span class='ocrx_word' id='word_1_45' title='bbox 1368 886 1485 943; x_wconf 90' lang='lat' dir='ltr'><strong><em>tur,</em></strong></span> <span class='ocrx_word' id='word_1_46' title='bbox 1529 888 1584 933; x_wconf 87' lang='lat' dir='ltr'><strong><em>et</em></strong></span> <span class='ocrx_word' id='word_1_47' title='bbox 1616 880 1814 947; x_wconf 88' lang='lat' dir='ltr'><strong><em>ubique</em></strong></span> <span class='ocrx_word' id='word_1_48' title='bbox 1851 879 2021 947; x_wconf 83' lang='lat' dir='ltr'><strong><em>gratia</em></strong></span> <span class='ocrx_word' id='word_1_49' title='bbox 2059 879 2133 932; x_wconf 89' lang='lat' dir='ltr'><strong><em>illi</em></strong></span> <span class='ocrx_word' id='word_1_50' title='bbox 2165 895 2270 933; x_wconf 92' lang='lat' dir='ltr'><strong><em>non</em></strong></span> <span class='ocrx_word' id='word_1_51' title='bbox 2315 879 2488 932; x_wconf 95' lang='lat' dir='ltr'><strong><em>deest.</em></strong></span> <span class='ocrx_word' id='word_1_52' title='bbox 2525 884 2602 933; x_wconf 84' lang='lat' dir='ltr'><strong><em>Ac</em></strong></span> <span class='ocrx_word' id='word_1_53' title='bbox 2632 896 2700 933; x_wconf 87' lang='lat' dir='ltr'><strong><em>ne</em></strong></span> <span class='ocrx_word' id='word_1_54' title='bbox 2742 880 2794 933; x_wconf 91' lang='lat' dir='ltr'><strong><em>in</em></strong></span> <span class='ocrx_word' id='word_1_55' title='bbox 2832 879 2935 931; x_wconf 88' lang='lat' dir='ltr'><strong><em>hoc</em></strong></span> 
     </span>
    </p>
   </div>
   <div class='ocr_carea' id='block_1_10' title="bbox 1365 969 2935 1038">
    <p class='ocr_par' dir='ltr' id='par_1_10' title="bbox 1365 969 2935 1038">
     <span class='ocr_line' id='line_1_10' title="bbox 1365 969 2935 1038; baseline 0.002 -18"><span class='ocrx_word' id='word_1_56' title='bbox 1365 969 1582 1036; x_wconf 79' lang='lat' dir='ltr'><strong><em>quidem</em></strong></span> <span class='ocrx_word' id='word_1_57' title='bbox 1618 972 1732 1022; x_wconf 90' lang='lat' dir='ltr'><strong><em>loco</em></strong></span> <span class='ocrx_word' id='word_1_58' title='bbox 1763 970 2023 1024; x_wconf 67' lang='lat' dir='ltr'><strong><em>mentitur</em></strong></span> <span class='ocrx_word' id='word_1_59' title='bbox 2052 988 2066 1027; x_wconf 85' lang='lat'><strong>:</strong></span> <span class='ocrx_word' id='word_1_60' title='bbox 2102 986 2225 1023; x_wconf 89' lang='lat' dir='ltr'><strong><em>nam</em></strong></span> <span class='ocrx_word' id='word_1_61' title='bbox 2262 981 2378 1024; x_wconf 87' lang='lat' dir='ltr'><strong><em>erat</em></strong></span> <span class='ocrx_word' id='word_1_62' title='bbox 2407 986 2436 1023; x_wconf 88' lang='lat' dir='ltr'><strong><em>a</em></strong></span> <span class='ocrx_word' id='word_1_63' title='bbox 2472 971 2767 1038; x_wconf 88' lang='lat' dir='ltr'><strong><em>majoribus</em></strong></span> <span class='ocrx_word' id='word_1_64' title='bbox 2796 969 2935 1023; x_wconf 80' lang='lat' dir='ltr'><strong><em>Plia-</em></strong></span> 
     </span>
    </p>
   </div>
   <div class='ocr_carea' id='block_1_11' title="bbox 1365 1061 2935 1130">
    <p class='ocr_par' dir='ltr' id='par_1_11' title="bbox 1365 1061 2935 1130">
     <span class='ocr_line' id='line_1_11' title="bbox 1365 1061 2935 1130; baseline 0.001 -20"><span class='ocrx_word' id='word_1_65' title='bbox 1365 1061 1575 1113; x_wconf 65' lang='lat' dir='ltr'><strong><em>risasus.</em></strong></span> <span class='ocrx_word' id='word_1_66' title='bbox 1628 1061 2074 1130; x_wconf 82' lang='lat' dir='ltr'><strong><em>Quandoquidem</em></strong></span> <span class='ocrx_word' id='word_1_67' title='bbox 2126 1062 2269 1115; x_wconf 91' lang='lat' dir='ltr'><strong><em>enim</em></strong></span> <span class='ocrx_word' id='word_1_68' title='bbox 2324 1062 2395 1115; x_wconf 88' lang='lat' dir='ltr'><strong>illi</strong></span> <span class='ocrx_word' id='word_1_69' title='bbox 2447 1062 2627 1114; x_wconf 80' lang='lat' dir='ltr'><strong><em>dicere</em></strong></span> <span class='ocrx_word' id='word_1_70' title='bbox 2680 1061 2935 1113; x_wconf 80' lang='lat' dir='ltr'><strong><em>nolebant</em></strong></span> 
     </span>
    </p>
   </div>
   <div class='ocr_carea' id='block_1_12' title="bbox 1360 1143 2932 1223">
    <p class='ocr_par' dir='ltr' id='par_1_12' title="bbox 1360 1143 2932 1223">
     <span class='ocr_line' id='line_1_12' title="bbox 1360 1143 2932 1223; baseline -0.001 -20"><span class='ocrx_word' id='word_1_71' title='bbox 1360 1169 1455 1203; x_wconf 68' lang='lat' dir='ltr'><strong><em>cur</em></strong></span> <span class='ocrx_word' id='word_1_72' title='bbox 1494 1143 1616 1205; x_wconf 78' lang='lat' dir='ltr'><strong><em>eum</em></strong></span> <span class='ocrx_word' id='word_1_73' title='bbox 1658 1153 1711 1205; x_wconf 87' lang='lat' dir='ltr'><strong><em>in</em></strong></span> <span class='ocrx_word' id='word_1_74' title='bbox 1748 1153 2011 1220; x_wconf 73' lang='lat' dir='ltr'><strong><em>indiciam</em></strong></span> <span class='ocrx_word' id='word_1_75' title='bbox 2056 1162 2343 1217; x_wconf 69' lang='lat' dir='ltr'><strong><em>voearent,</em></strong></span> <span class='ocrx_word' id='word_1_76' title='bbox 2378 1152 2590 1223; x_wconf 83' lang='lat' dir='ltr'><strong><em>cogitur</em></strong></span> <span class='ocrx_word' id='word_1_77' title='bbox 2636 1152 2755 1221; x_wconf 88' lang='lat' dir='ltr'><strong><em>ipse</em></strong></span> <span class='ocrx_word' id='word_1_78' title='bbox 2783 1160 2932 1220; x_wconf 87' lang='lat' dir='ltr'><strong><em>post-</em></strong></span> 
     </span>
    </p>
   </div>
   <div class='ocr_carea' id='block_1_13' title="bbox 1366 1244 2931 1314">
    <p class='ocr_par' dir='ltr' id='par_1_13' title="bbox 1366 1244 2931 1314">
     <span class='ocr_line' id='line_1_13' title="bbox 1366 1244 2931 1314; baseline 0.004 -21"><span class='ocrx_word' id='word_1_79' title='bbox 1366 1244 1584 1296; x_wconf 88' lang='lat' dir='ltr'><strong><em>modum</em></strong></span> <span class='ocrx_word' id='word_1_80' title='bbox 1640 1260 1911 1311; x_wconf 80' lang='lat' dir='ltr'><strong><em>exponere</em></strong></span> <span class='ocrx_word' id='word_1_81' title='bbox 1969 1246 2099 1314; x_wconf 90' lang='lat' dir='ltr'><strong><em>quid</em></strong></span> <span class='ocrx_word' id='word_1_82' title='bbox 2134 1246 2234 1299; x_wconf 88' lang='lat' dir='ltr'><strong>sibi</strong></span> <span class='ocrx_word' id='word_1_83' title='bbox 2274 1246 2487 1299; x_wconf 87' lang='lat' dir='ltr'><strong>crimini</strong></span> <span class='ocrx_word' id='word_1_84' title='bbox 2518 1246 2694 1299; x_wconf 82' lang='lat' dir='ltr'><strong><em>detur.</em></strong></span> <span class='ocrx_word' id='word_1_85' title='bbox 2735 1245 2811 1297; x_wconf 89' lang='lat' dir='ltr'><strong><em>De</em></strong></span> <span class='ocrx_word' id='word_1_86' title='bbox 2844 1261 2931 1313; x_wconf 85' lang='lat' dir='ltr'><strong><em>spe</em></strong></span> 
     </span>
    </p>
   </div>
   <div class='ocr_carea' id='block_1_14' title="bbox 1359 1336 2927 1405">
    <p class='ocr_par' dir='ltr' id='par_1_14' title="bbox 1359 1336 2927 1405">
     <span class='ocr_line' id='line_1_14' title="bbox 1359 1336 2927 1405; baseline 0.003 -21"><span class='ocrx_word' id='word_1_87' title='bbox 1359 1343 1513 1401; x_wconf 88' lang='lat' dir='ltr'><strong><em>atque</em></strong></span> <span class='ocrx_word' id='word_1_88' title='bbox 1539 1338 1913 1388; x_wconf 79' lang='lat' dir='ltr'><strong><em>resurrectione</em></strong></span> <span class='ocrx_word' id='word_1_89' title='bbox 1942 1348 2261 1388; x_wconf 87' lang='lat' dir='ltr'><strong><em>ntortuorum</em></strong></span> <span class='ocrx_word' id='word_1_90' title='bbox 2285 1353 2375 1405; x_wconf 88' lang='lat' dir='ltr'><strong><em>ego</em></strong></span> <span class='ocrx_word' id='word_1_91' title='bbox 2399 1338 2450 1387; x_wconf 89' lang='lat' dir='ltr'><strong><em>in</em></strong></span> <span class='ocrx_word' id='word_1_92' title='bbox 2473 1336 2733 1404; x_wconf 80' lang='lat' dir='ltr'><strong>judicium</strong></span> <span class='ocrx_word' id='word_1_93' title='bbox 2757 1352 2927 1389; x_wconf 82' lang='lat' dir='ltr'><strong><em>vocor.</em></strong></span> 
     </span>
    </p>
   </div>
   <div class='ocr_carea' id='block_1_15' title="bbox 1368 1425 2933 1497">
    <p class='ocr_par' dir='ltr' id='par_1_15' title="bbox 1368 1425 2933 1497">
     <span class='ocr_line' id='line_1_15' title="bbox 1368 1425 2933 1497; baseline 0.003 -20"><span class='ocrx_word' id='word_1_94' title='bbox 1368 1425 1435 1477; x_wconf 88' lang='lat' dir='ltr'><strong><em>Et</em></strong></span> <span class='ocrx_word' id='word_1_95' title='bbox 1476 1426 1541 1478; x_wconf 91' lang='lat' dir='ltr'><strong><em>ab</em></strong></span> <span class='ocrx_word' id='word_1_96' title='bbox 1583 1429 1928 1481; x_wconf 79' lang='lat' dir='ltr'><strong><em>accusatione</em></strong></span> <span class='ocrx_word' id='word_1_97' title='bbox 1958 1443 2145 1481; x_wconf 90' lang='lat' dir='ltr'><strong><em>eorum</em></strong></span> <span class='ocrx_word' id='word_1_98' title='bbox 2179 1438 2233 1481; x_wconf 90' lang='lat' dir='ltr'><strong><em>et</em></strong></span> <span class='ocrx_word' id='word_1_99' title='bbox 2274 1430 2543 1482; x_wconf 88' lang='lat' dir='ltr'><strong><em>calumnia</em></strong></span> <span class='ocrx_word' id='word_1_100' title='bbox 2585 1443 2703 1481; x_wconf 89' lang='lat' dir='ltr'><strong><em>sese</em></strong></span> <span class='ocrx_word' id='word_1_101' title='bbox 2741 1428 2933 1497; x_wconf 85' lang='lat' dir='ltr'><strong><em>probat</em></strong></span> 
     </span>
    </p>
   </div>
   <div class='ocr_carea' id='block_1_16' title="bbox 1357 1516 2929 1583">
    <p class='ocr_par' dir='ltr' id='par_1_16' title="bbox 1357 1516 2929 1583">
     <span class='ocr_line' id='line_1_16' title="bbox 1357 1516 2929 1583; baseline 0.004 -16"><span class='ocrx_word' id='word_1_102' title='bbox 1357 1523 1518 1583; x_wconf 85' lang='lat' dir='ltr'><strong><em>atque</em></strong></span> <span class='ocrx_word' id='word_1_103' title='bbox 1568 1518 1931 1571; x_wconf 81' lang='lat' dir='ltr'><strong><em>commendat.</em></strong></span> <span class='ocrx_word' id='word_1_104' title='bbox 1986 1516 2104 1571; x_wconf 84' lang='lat' dir='ltr'><strong><em>Non</em></strong></span> <span class='ocrx_word' id='word_1_105' title='bbox 2158 1530 2358 1573; x_wconf 84' lang='lat' dir='ltr'><strong><em>norunt</em></strong></span> <span class='ocrx_word' id='word_1_106' title='bbox 2413 1528 2593 1572; x_wconf 80' lang='lat' dir='ltr'><strong><em>autent</em></strong></span> <span class='ocrx_word' id='word_1_107' title='bbox 2648 1519 2929 1575; x_wconf 71' lang='lat' dir='ltr'><strong><em>Sadducazi</em></strong></span> 
     </span>
    </p>
   </div>
   <div class='ocr_carea' id='block_1_17' title="bbox 1358 1606 2925 1687">
    <p class='ocr_par' dir='ltr' id='par_1_17' title="bbox 1358 1606 2925 1687">
     <span class='ocr_line' id='line_1_17' title="bbox 1358 1606 2925 1687; baseline 0.004 -29"><span class='ocrx_word' id='word_1_108' title='bbox 1358 1606 1583 1659; x_wconf 75' lang='lat' dir='ltr'><strong><em>forsitan</em></strong></span> <span class='ocrx_word' id='word_1_109' title='bbox 1628 1624 1727 1662; x_wconf 87' lang='lat' dir='ltr'><strong><em>nec</em></strong></span> <span class='ocrx_word' id='word_1_110' title='bbox 1762 1609 2202 1687; x_wconf 78' lang='lat' dir='ltr'><strong><em>Deumquidem,</em></strong></span> <span class='ocrx_word' id='word_1_111' title='bbox 2237 1620 2295 1664; x_wconf 91' lang='lat' dir='ltr'><strong><em>ut</em></strong></span> <span class='ocrx_word' id='word_1_112' title='bbox 2333 1612 2422 1679; x_wconf 84' lang='lat' dir='ltr'><strong><em>qui</em></strong></span> <span class='ocrx_word' id='word_1_113' title='bbox 2458 1612 2751 1667; x_wconf 80' lang='lat' dir='ltr'><strong><em>crassiores</em></strong></span> <span class='ocrx_word' id='word_1_114' title='bbox 2780 1614 2925 1667; x_wconf 87' lang='lat' dir='ltr'><strong><em>sint:</em></strong></span> 
     </span>
    </p>
   </div>
   <div class='ocr_carea' id='block_1_18' title="bbox 1361 1701 2931 1772">
    <p class='ocr_par' dir='ltr' id='par_1_18' title="bbox 1361 1701 2931 1772">
     <span class='ocr_line' id='line_1_18' title="bbox 1361 1701 2931 1772; baseline 0.005 -23"><span class='ocrx_word' id='word_1_115' title='bbox 1361 1701 1503 1753; x_wconf 87' lang='lat' dir='ltr'><strong><em>unde</em></strong></span> <span class='ocrx_word' id='word_1_116' title='bbox 1530 1716 1631 1753; x_wconf 90' lang='lat' dir='ltr'><strong><em>nec</em></strong></span> <span class='ocrx_word' id='word_1_117' title='bbox 1659 1703 2113 1755; x_wconf 76' lang='lat' dir='ltr'><strong><em>resurrectionem</em></strong></span> <span class='ocrx_word' id='word_1_118' title='bbox 2148 1704 2368 1772; x_wconf 84' lang='lat' dir='ltr'><strong><em>quidem</em></strong></span> <span class='ocrx_word' id='word_1_119' title='bbox 2402 1706 2637 1761; x_wconf 79' lang='lat' dir='ltr'><strong><em>futuram</em></strong></span> <span class='ocrx_word' id='word_1_120' title='bbox 2665 1721 2785 1761; x_wconf 89' lang='lat' dir='ltr'><strong><em>esse</em></strong></span> <span class='ocrx_word' id='word_1_121' title='bbox 2812 1722 2931 1759; x_wconf 79' lang='lat' dir='ltr'><strong><em>cre-</em></strong></span> 
     </span>
    </p>
   </div>
   <div class='ocr_carea' id='block_1_19' title="bbox 1358 1791 2925 1865">
    <p class='ocr_par' dir='ltr' id='par_1_19' title="bbox 1358 1791 2925 1865">
     <span class='ocr_line' id='line_1_19' title="bbox 1358 1791 2925 1865; baseline 0.005 -22"><span class='ocrx_word' id='word_1_122' title='bbox 1358 1793 1510 1844; x_wconf 86' lang='lat' dir='ltr'><strong><em>dunt.</em></strong></span> <span class='ocrx_word' id='word_1_123' title='bbox 1551 1791 1806 1847; x_wconf 73' lang='lat' dir='ltr'><strong><em>Phariszei</em></strong></span> <span class='ocrx_word' id='word_1_124' title='bbox 1840 1803 2019 1848; x_wconf 89' lang='lat' dir='ltr'><strong><em>autem</em></strong></span> <span class='ocrx_word' id='word_1_125' title='bbox 2056 1805 2348 1865; x_wconf 87' lang='lat' dir='ltr'><strong><em>utrumque</em></strong></span> <span class='ocrx_word' id='word_1_126' title='bbox 2379 1799 2730 1851; x_wconf 83' lang='lat' dir='ltr'><strong><em>conﬁtentur.</em></strong></span> <span class='ocrx_word' id='word_1_127' title='bbox 2766 1799 2925 1865; x_wconf 66' lang='grc' dir='ltr'><em>Διειιί</em></span> 
     </span>
    </p>
   </div>
   <div class='ocr_carea' id='block_1_20' title="bbox 3040 606 4631 679">
    <p class='ocr_par' dir='ltr' id='par_1_20' title="bbox 3040 606 4631 679">
     <span class='ocr_line' id='line_1_20' title="bbox 3040 606 4631 679; baseline 0.005 -22"><span class='ocrx_word' id='word_1_128' title='bbox 3040 622 3286 669; x_wconf 86' lang='grc' dir='ltr'><em>στασιν,</em></span> <span class='ocrx_word' id='word_1_129' title='bbox 3310 606 3469 675; x_wconf 76' lang='grc' dir='ltr'><strong><em>μηδέ</em></strong></span> <span class='ocrx_word' id='word_1_130' title='bbox 3504 606 3783 675; x_wconf 68' lang='grc' dir='ltr'><em>ἄγγελον,</em></span> <span class='ocrx_word' id='word_1_131' title='bbox 3812 606 3969 674; x_wconf 82' lang='grc' dir='ltr'><em>μήτε</em></span> <span class='ocrx_word' id='word_1_132' title='bbox 3996 607 4233 676; x_wconf 77' lang='grc' dir='ltr'><em>πνεῦμα</em></span> <span class='ocrx_word' id='word_1_133' title='bbox 4261 623 4274 638; x_wconf 80' lang='grc'><strong><em>⁸</em></strong></span> <span class='ocrx_word' id='word_1_134' title='bbox 4310 611 4631 679; x_wconf 68' lang='grc' dir='ltr'><em>Φαρισαῖοι</em></span> 
     </span>
    </p>
   </div>
   <div class='ocr_carea' id='block_1_21' title="bbox 3039 697 3951 767">
    <p class='ocr_par' dir='ltr' id='par_1_21' title="bbox 3039 697 3951 767">
     <span class='ocr_line' id='line_1_21' title="bbox 3039 697 3951 767; baseline 0.002 -18"><span class='ocrx_word' id='word_1_135' title='bbox 3039 699 3107 750; x_wconf 84' lang='grc' dir='ltr'><em>δὲ</em></span> <span class='ocrx_word' id='word_1_136' title='bbox 3134 699 3499 767; x_wconf 73' lang='grc' dir='ltr'><strong><em>ὁμολογοῦσι</em></strong></span> <span class='ocrx_word' id='word_1_137' title='bbox 3532 697 3603 751; x_wconf 79' lang='grc' dir='ltr'><em>τὰ</em></span> <span class='ocrx_word' id='word_1_138' title='bbox 3626 698 3951 767; x_wconf 69' lang='grc' dir='ltr'><em>ἀμφότερα.</em></span> 
     </span>
    </p>
   </div>
   <div class='ocr_carea' id='block_1_22' title="bbox 3123 788 4631 857">
    <p class='ocr_par' dir='ltr' id='par_1_22' title="bbox 3123 788 4631 857">
     <span class='ocr_line' id='line_1_22' title="bbox 3123 788 4631 857; baseline 0.003 -17"><span class='ocrx_word' id='word_1_139' title='bbox 3123 788 3264 857; x_wconf 80' lang='grc' dir='ltr'><strong><em>Ἐγὼ</em></strong></span> <span class='ocrx_word' id='word_1_140' title='bbox 3317 788 3641 856; x_wconf 81' lang='grc' dir='ltr'><em>Φαρισαῖός</em></span> <span class='ocrx_word' id='word_1_141' title='bbox 3696 790 3837 857; x_wconf 83' lang='grc' dir='ltr'><em>ειμι.</em></span> <span class='ocrx_word' id='word_1_142' title='bbox 3893 789 4065 842; x_wconf 84' lang='grc' dir='ltr'><em>Πάλιν</em></span> <span class='ocrx_word' id='word_1_143' title='bbox 4106 788 4466 857; x_wconf 77' lang='grc' dir='ltr'><strong><em>ἀνθρωπίνως</em></strong></span> <span class='ocrx_word' id='word_1_144' title='bbox 4504 791 4631 844; x_wconf 83' lang='grc' dir='ltr'><em>δια-</em></span> 
     </span>
    </p>
   </div>
   <div class='ocr_carea' id='block_1_23' title="bbox 3040 878 4623 952">
    <p class='ocr_par' dir='ltr' id='par_1_23' title="bbox 3040 878 4623 952">
     <span class='ocr_line' id='line_1_23' title="bbox 3040 878 4623 952; baseline 0.003 -21"><span class='ocrx_word' id='word_1_145' title='bbox 3040 878 3277 945; x_wconf 81' lang='grc' dir='ltr'><strong><em>λέγεται,</em></strong></span> <span class='ocrx_word' id='word_1_146' title='bbox 3310 882 3407 934; x_wconf 70' lang='grc' dir='ltr'><strong><em>καὶ</em></strong></span> <span class='ocrx_word' id='word_1_147' title='bbox 3460 879 3738 951; x_wconf 80' lang='grc' dir='ltr'><strong><em>πανταχοῦ</em></strong></span> <span class='ocrx_word' id='word_1_148' title='bbox 3789 883 3889 951; x_wconf 76' lang='grc' dir='ltr'><em>τῆς</em></span> <span class='ocrx_word' id='word_1_149' title='bbox 3920 883 4143 952; x_wconf 81' lang='grc' dir='ltr'><em>χάριτος</em></span> <span class='ocrx_word' id='word_1_150' title='bbox 4189 881 4478 937; x_wconf 80' lang='grc' dir='ltr'><em>ἀπολαύει.</em></span> <span class='ocrx_word' id='word_1_151' title='bbox 4541 885 4623 936; x_wconf 80' lang='grc' dir='ltr'><strong><em>Οὐ</em></strong></span> 
     </span>
    </p>
   </div>
   <div class='ocr_carea' id='block_1_24' title="bbox 3038 970 4626 1044">
    <p class='ocr_par' dir='ltr' id='par_1_24' title="bbox 3038 970 4626 1044">
     <span class='ocr_line' id='line_1_24' title="bbox 3038 970 4626 1044; baseline 0.004 -23"><span class='ocrx_word' id='word_1_152' title='bbox 3038 970 3292 1037; x_wconf 65' lang='grc' dir='ltr'><em>ψεύδεται</em></span> <span class='ocrx_word' id='word_1_153' title='bbox 3325 972 3380 1023; x_wconf 87' lang='grc' dir='ltr'><em>δὲ</em></span> <span class='ocrx_word' id='word_1_154' title='bbox 3430 973 3539 1023; x_wconf 79' lang='grc' dir='ltr'><em>οὐδ’</em></span> <span class='ocrx_word' id='word_1_155' title='bbox 3585 971 3859 1024; x_wconf 79' lang='grc' dir='ltr'><em>ἐνταῦθα’</em></span> <span class='ocrx_word' id='word_1_156' title='bbox 3906 974 4203 1044; x_wconf 70' lang='grc' dir='ltr'><em>Φαρισαῖος</em></span> <span class='ocrx_word' id='word_1_157' title='bbox 4256 974 4367 1043; x_wconf 78' lang='grc' dir='ltr'><strong><em>γὰρ</em></strong></span> <span class='ocrx_word' id='word_1_158' title='bbox 4432 970 4505 1044; x_wconf 81' lang='grc' dir='ltr'><strong><em>ἦν</em></strong></span> <span class='ocrx_word' id='word_1_159' title='bbox 4556 978 4626 1027; x_wconf 77' lang='grc' dir='ltr'><strong><em>ἐκ</em></strong></span> 
     </span>
    </p>
   </div>
   <div class='ocr_carea' id='block_1_25' title="bbox 3042 1062 4626 1134">
    <p class='ocr_par' dir='ltr' id='par_1_25' title="bbox 3042 1062 4626 1134">
     <span class='ocr_line' id='line_1_25' title="bbox 3042 1062 4626 1134; baseline 0.005 -21"><span class='ocrx_word' id='word_1_160' title='bbox 3042 1062 3342 1130; x_wconf 81' lang='grc' dir='ltr'><em>προγόνων.</em></span> <span class='ocrx_word' id='word_1_161' title='bbox 3383 1062 3598 1134; x_wconf 80' lang='grc' dir='ltr'>Ἐπειδὴ</span> <span class='ocrx_word' id='word_1_162' title='bbox 3637 1064 3746 1132; x_wconf 79' lang='grc' dir='ltr'><strong><em>γὰρ</em></strong></span> <span class='ocrx_word' id='word_1_163' title='bbox 3772 1067 3971 1117; x_wconf 76' lang='grc' dir='ltr'><em>ἐκεῖνοι</em></span> <span class='ocrx_word' id='word_1_164' title='bbox 4003 1066 4104 1117; x_wconf 72' lang='grc' dir='ltr'><strong><em>οὐκ</em></strong></span> <span class='ocrx_word' id='word_1_165' title='bbox 4129 1064 4626 1133; x_wconf 71' lang='grc' dir='ltr'><em>ήὸούλοντοεὶπεῖν</em></span> 
     </span>
    </p>
   </div>
   <div class='ocr_carea' id='block_1_26' title="bbox 3038 1154 4623 1226">
    <p class='ocr_par' dir='ltr' id='par_1_26' title="bbox 3038 1154 4623 1226">
     <span class='ocr_line' id='line_1_26' title="bbox 3038 1154 4623 1226; baseline 0.003 -21"><span class='ocrx_word' id='word_1_166' title='bbox 3038 1154 3129 1206; x_wconf 83' lang='grc' dir='ltr'><em>διὰ</em></span> <span class='ocrx_word' id='word_1_167' title='bbox 3176 1156 3229 1206; x_wconf 82' lang='grc' dir='ltr'><em>τί</em></span> <span class='ocrx_word' id='word_1_168' title='bbox 3267 1155 3542 1226; x_wconf 84' lang='grc' dir='ltr'><em>κρίνουσιν</em></span> <span class='ocrx_word' id='word_1_169' title='bbox 3593 1156 3780 1219; x_wconf 82' lang='grc' dir='ltr'><em>αὑτὸν,</em></span> <span class='ocrx_word' id='word_1_170' title='bbox 3807 1156 4179 1224; x_wconf 73' lang='grc' dir='ltr'><strong><em>ἀναγκάζεται</em></strong></span> <span class='ocrx_word' id='word_1_171' title='bbox 4234 1156 4422 1209; x_wconf 76' lang='grc' dir='ltr'><em>λοιπὸν</em></span> <span class='ocrx_word' id='word_1_172' title='bbox 4451 1158 4623 1218; x_wconf 73' lang='grc' dir='ltr'><em>αὐτὸς</em></span> 
     </span>
    </p>
   </div>
   <div class='ocr_carea' id='block_1_27' title="bbox 3038 1245 4626 1316">
    <p class='ocr_par' dir='ltr' id='par_1_27' title="bbox 3038 1245 4626 1316">
     <span class='ocr_line' id='line_1_27' title="bbox 3038 1245 4626 1316; baseline 0.003 -21"><span class='ocrx_word' id='word_1_173' title='bbox 3038 1245 3293 1310; x_wconf 78' lang='grc' dir='ltr'><em>ἐξειπεῖν.</em></span> <span class='ocrx_word' id='word_1_174' title='bbox 3353 1247 3505 1314; x_wconf 69' lang='grc' dir='ltr'><em>Περὶ,</em></span> <span class='ocrx_word' id='word_1_175' title='bbox 3535 1247 3783 1311; x_wconf 76' lang='grc' dir='ltr'><strong><em>ἐλπίδος</em></strong></span> <span class='ocrx_word' id='word_1_176' title='bbox 3814 1248 3912 1300; x_wconf 75' lang='grc' dir='ltr'><strong><em>καὶ</em></strong></span> <span class='ocrx_word' id='word_1_177' title='bbox 3965 1247 4358 1313; x_wconf 80' lang='grc' dir='ltr'><strong><em>ἀναστάσεως</em></strong></span> <span class='ocrx_word' id='word_1_178' title='bbox 4388 1247 4626 1316; x_wconf 73' lang='grc' dir='ltr'><em>νεκρῶν</em></span> 
     </span>
    </p>
   </div>
   <div class='ocr_carea' id='block_1_28' title="bbox 3038 1336 4623 1410">
    <p class='ocr_par' dir='ltr' id='par_1_28' title="bbox 3038 1336 4623 1410">
     <span class='ocr_line' id='line_1_28' title="bbox 3038 1336 4623 1410; baseline 0.003 -22"><span class='ocrx_word' id='word_1_179' title='bbox 3038 1336 3151 1404; x_wconf 76' lang='grc' dir='ltr'><strong><em>ἐγὼ</em></strong></span> <span class='ocrx_word' id='word_1_180' title='bbox 3164 1338 3454 1407; x_wconf 85' lang='grc' dir='ltr'><em>κρίνομαι.</em></span> <span class='ocrx_word' id='word_1_181' title='bbox 3477 1341 3581 1391; x_wconf 80' lang='grc' dir='ltr'><strong><em>Καὶ</em></strong></span> <span class='ocrx_word' id='word_1_182' title='bbox 3606 1338 3719 1393; x_wconf 80' lang='grc' dir='ltr'><strong><em>ἀπὸ</em></strong></span> <span class='ocrx_word' id='word_1_183' title='bbox 3737 1341 3831 1409; x_wconf 81' lang='grc' dir='ltr'><em>τῆς</em></span> <span class='ocrx_word' id='word_1_184' title='bbox 3847 1339 4183 1410; x_wconf 78' lang='grc' dir='ltr'><strong><em>κατηγορίας</em></strong></span> <span class='ocrx_word' id='word_1_185' title='bbox 4206 1340 4385 1393; x_wconf 72' lang='grc' dir='ltr'><em>αὐτῶν</em></span> <span class='ocrx_word' id='word_1_186' title='bbox 4404 1342 4501 1393; x_wconf 75' lang='grc' dir='ltr'><strong><em>καὶ</em></strong></span> <span class='ocrx_word' id='word_1_187' title='bbox 4517 1341 4623 1408; x_wconf 66' lang='grc' dir='ltr'><em>τῆς</em></span> 
     </span>
    </p>
   </div>
   <div class='ocr_carea' id='block_1_29' title="bbox 3041 1428 4626 1499">
    <p class='ocr_par' dir='ltr' id='par_1_29' title="bbox 3041 1428 4626 1499">
     <span class='ocr_line' id='line_1_29' title="bbox 3041 1428 4626 1499; baseline 0.001 -18"><span class='ocrx_word' id='word_1_188' title='bbox 3041 1428 3297 1498; x_wconf 74' lang='grc' dir='ltr'><em>διαϐολῆς</em></span> <span class='ocrx_word' id='word_1_189' title='bbox 3335 1431 3648 1499; x_wconf 85' lang='grc' dir='ltr'><strong><em>συνίστησιν</em></strong></span> <span class='ocrx_word' id='word_1_190' title='bbox 3685 1433 3898 1484; x_wconf 77' lang='grc' dir='ltr'><em>ἑαυτόν.</em></span> <span class='ocrx_word' id='word_1_191' title='bbox 3948 1432 4062 1483; x_wconf 80' lang='grc' dir='ltr'><strong><em>Οὐκ</em></strong></span> <span class='ocrx_word' id='word_1_192' title='bbox 4112 1433 4261 1483; x_wconf 84' lang='grc' dir='ltr'><em>ῐσασι</em></span> <span class='ocrx_word' id='word_1_193' title='bbox 4305 1432 4361 1484; x_wconf 67' lang='grc' dir='ltr'><em>δὲ</em></span> <span class='ocrx_word' id='word_1_194' title='bbox 4388 1432 4626 1484; x_wconf 82' lang='grc' dir='ltr'><em>Σαδδου-</em></span> 
     </span>
    </p>
   </div>
   <div class='ocr_carea' id='block_1_30' title="bbox 3040 1522 4622 1591">
    <p class='ocr_par' dir='ltr' id='par_1_30' title="bbox 3040 1522 4622 1591">
     <span class='ocr_line' id='line_1_30' title="bbox 3040 1522 4622 1591; baseline 0.001 -19"><span class='ocrx_word' id='word_1_195' title='bbox 3040 1523 3184 1573; x_wconf 85' lang='grc' dir='ltr'><em>καῖοι</em></span> <span class='ocrx_word' id='word_1_196' title='bbox 3218 1523 3357 1591; x_wconf 82' lang='grc' dir='ltr'><em>τάχα</em></span> <span class='ocrx_word' id='word_1_197' title='bbox 3393 1523 3514 1576; x_wconf 83' lang='grc' dir='ltr'><em>οὐδὲ</em></span> <span class='ocrx_word' id='word_1_198' title='bbox 3544 1524 3634 1575; x_wconf 72' lang='grc' dir='ltr'><strong><em>τὸν</em></strong></span> <span class='ocrx_word' id='word_1_199' title='bbox 3672 1522 3827 1585; x_wconf 73' lang='grc' dir='ltr'><em>Θεὸν,</em></span> <span class='ocrx_word' id='word_1_200' title='bbox 3860 1526 4054 1591; x_wconf 80' lang='grc' dir='ltr'><em>παχεῖς</em></span> <span class='ocrx_word' id='word_1_201' title='bbox 4087 1539 4233 1586; x_wconf 85' lang='grc' dir='ltr'><em>τινες</em></span> <span class='ocrx_word' id='word_1_202' title='bbox 4263 1522 4413 1583; x_wconf 74' lang='grc' dir='ltr'><em>ὄντες</em></span> <span class='ocrx_word' id='word_1_203' title='bbox 4442 1539 4457 1554; x_wconf 79' lang='grc' dir='ltr'><strong><em>ο</em></strong></span> <span class='ocrx_word' id='word_1_204' title='bbox 4488 1523 4622 1574; x_wconf 75' lang='grc' dir='ltr'><strong><em>ὅθεν</em></strong></span> 
     </span>
    </p>
   </div>
   <div class='ocr_carea' id='block_1_31' title="bbox 3038 1613 4619 1682">
    <p class='ocr_par' dir='ltr' id='par_1_31' title="bbox 3038 1613 4619 1682">
     <span class='ocr_line' id='line_1_31' title="bbox 3038 1613 4619 1682; baseline 0 -18"><span class='ocrx_word' id='word_1_205' title='bbox 3038 1614 3159 1665; x_wconf 81' lang='grc' dir='ltr'><em>οὐδὲ</em></span> <span class='ocrx_word' id='word_1_206' title='bbox 3213 1614 3510 1666; x_wconf 80' lang='grc' dir='ltr'><strong><em>ἀνάστασιν</em></strong></span> <span class='ocrx_word' id='word_1_207' title='bbox 3564 1614 3816 1681; x_wconf 80' lang='grc' dir='ltr'><em>γενέσθαι</em></span> <span class='ocrx_word' id='word_1_208' title='bbox 3845 1613 4216 1667; x_wconf 80' lang='grc' dir='ltr'><strong><em>πιστεύουσιν.</em></strong></span> <span class='ocrx_word' id='word_1_209' title='bbox 4245 1615 4535 1682; x_wconf 67' lang='grc' dir='ltr'><em>Φαρισαῖοι</em></span> <span class='ocrx_word' id='word_1_210' title='bbox 4562 1614 4619 1665; x_wconf 76' lang='grc' dir='ltr'><em>δὲ</em></span> 
     </span>
    </p>
   </div>
   <div class='ocr_carea' id='block_1_32' title="bbox 3038 1702 4622 1774">
    <p class='ocr_par' dir='ltr' id='par_1_32' title="bbox 3038 1702 4622 1774">
     <span class='ocr_line' id='line_1_32' title="bbox 3038 1702 4622 1774; baseline 0.008 -22"><span class='ocrx_word' id='word_1_211' title='bbox 3038 1702 3357 1769; x_wconf 73' lang='grc' dir='ltr'><em>ὁμολογοῦσι</em></span> <span class='ocrx_word' id='word_1_212' title='bbox 3387 1703 3454 1754; x_wconf 73' lang='grc' dir='ltr'><em>τὰ</em></span> <span class='ocrx_word' id='word_1_213' title='bbox 3483 1705 3791 1774; x_wconf 75' lang='grc' dir='ltr'><em>ἀμφότερα.</em></span> <span class='ocrx_word' id='word_1_214' title='bbox 3843 1704 3957 1757; x_wconf 75' lang='grc' dir='ltr'><strong><em>Καὶ</em></strong></span> <span class='ocrx_word' id='word_1_215' title='bbox 3992 1704 4099 1772; x_wconf 83' lang='grc' dir='ltr'><strong><em>μὴν</em></strong></span> <span class='ocrx_word' id='word_1_216' title='bbox 4136 1702 4265 1772; x_wconf 80' lang='grc' dir='ltr'><em>τρία</em></span> <span class='ocrx_word' id='word_1_217' title='bbox 4298 1702 4416 1755; x_wconf 72' lang='grc' dir='ltr'><em>ἐστι</em></span> <span class='ocrx_word' id='word_1_218' title='bbox 4439 1718 4453 1734; x_wconf 79' lang='grc'><strong><em>⁸</em></strong></span> <span class='ocrx_word' id='word_1_219' title='bbox 4497 1705 4622 1764; x_wconf 52' lang='grc' dir='ltr'><strong><em>πίτυς</em></strong></span> 
     </span>
    </p>
   </div>
   <div class='ocr_carea' id='block_1_33' title="bbox 3040 1791 4617 1863">
    <p class='ocr_par' dir='ltr' id='par_1_33' title="bbox 3040 1791 4617 1863">
     <span class='ocr_line' id='line_1_33' title="bbox 3040 1791 4617 1863; baseline 0.001 -21"><span class='ocrx_word' id='word_1_220' title='bbox 3040 1791 3132 1843; x_wconf 80' lang='grc' dir='ltr'><em>οὖν</em></span> <span class='ocrx_word' id='word_1_221' title='bbox 3160 1793 3328 1859; x_wconf 82' lang='grc' dir='ltr'><strong><em>λέγει,</em></strong></span> <span class='ocrx_word' id='word_1_222' title='bbox 3372 1795 3717 1863; x_wconf 76' lang='grc' dir='ltr'><em>άμςρότερα;</em></span> <span class='ocrx_word' id='word_1_223' title='bbox 3766 1794 3929 1846; x_wconf 79' lang='grc' dir='ltr'><em>Ἀλλὰ</em></span> <span class='ocrx_word' id='word_1_224' title='bbox 3964 1793 4184 1862; x_wconf 83' lang='grc' dir='ltr'><em>πνεῦμα</em></span> <span class='ocrx_word' id='word_1_225' title='bbox 4236 1794 4330 1847; x_wconf 83' lang='grc' dir='ltr'><strong><em>καὶ</em></strong></span> <span class='ocrx_word' id='word_1_226' title='bbox 4375 1793 4617 1861; x_wconf 75' lang='grc' dir='ltr'><em>ἄγγελος</em></span> 
     </span>
    </p>
   </div>
   <div class='ocr_carea' id='block_1_34' title="bbox 1361 1882 3254 1960">
    <p class='ocr_par' dir='ltr' id='par_1_34' title="bbox 1361 1882 3254 1960">
     <span class='ocr_line' id='line_1_34' title="bbox 1361 1882 3254 1960; baseline 0.005 -25"><span class='ocrx_word' id='word_1_227' title='bbox 1361 1884 1460 1937; x_wconf 87' lang='lat' dir='ltr'><strong><em>tria</em></strong></span> <span class='ocrx_word' id='word_1_228' title='bbox 1520 1897 1681 1949; x_wconf 90' lang='lat' dir='ltr'><strong><em>sunt,</em></strong></span> <span class='ocrx_word' id='word_1_229' title='bbox 1735 1902 1852 1955; x_wconf 75' lang='lat' dir='ltr'><strong><em>quae</em></strong></span> <span class='ocrx_word' id='word_1_230' title='bbox 1906 1891 2353 1943; x_wconf 75' lang='lat' dir='ltr'><strong><em>commemoravit</em></strong></span> <span class='ocrx_word' id='word_1_231' title='bbox 2390 1907 2401 1942; x_wconf 89' lang='lat'><strong>:</strong></span> <span class='ocrx_word' id='word_1_232' title='bbox 2442 1891 2531 1959; x_wconf 89' lang='lat' dir='ltr'><strong><em>qui</em></strong></span> <span class='ocrx_word' id='word_1_233' title='bbox 2562 1891 2724 1960; x_wconf 74' lang='lat' dir='ltr'><strong><em>igitur</em></strong></span> <span class='ocrx_word' id='word_1_234' title='bbox 2771 1891 2929 1954; x_wconf 81' lang='lat' dir='ltr'><strong><em>dicit,</em></strong></span> <span class='ocrx_word' id='word_1_235' title='bbox 2967 1897 3005 1950; x_wconf 81' lang='grc' dir='ltr'>Β</span> <span class='ocrx_word' id='word_1_236' title='bbox 3036 1882 3113 1947; x_wconf 79' lang='grc' dir='ltr'><em>ἓν.</em></span> <span class='ocrx_word' id='word_1_237' title='bbox 3160 1900 3254 1951; x_wconf 72' lang='grc' dir='ltr'><strong><em>φη(</em></strong></span> 
     </span>
    </p>
   </div>
   <div class='ocr_carea' id='block_1_35' title="bbox 2727 1882 4620 1960">
    <p class='ocr_par' dir='ltr' id='par_1_35' title="bbox 2771 1882 4620 1954">
     <span class='ocr_line' id='line_1_35' title="bbox 2771 1882 4620 1954; baseline -0.002 -19"><span class='ocrx_word' id='word_1_238' title='bbox 2771 1891 2929 1954; x_wconf 55' lang='lat' dir='ltr'><strong><em>dicit,</em></strong></span> <span class='ocrx_word' id='word_1_239' title='bbox 2967 1897 3005 1950; x_wconf 74' lang='grc' dir='ltr'>Β</span> <span class='ocrx_word' id='word_1_240' title='bbox 3036 1882 3113 1947; x_wconf 82' lang='grc' dir='ltr'><strong><em>ἓν,</em></strong></span> <span class='ocrx_word' id='word_1_241' title='bbox 3160 1886 3345 1951; x_wconf 71' lang='grc' dir='ltr'><em>φησιν,</em></span> <span class='ocrx_word' id='word_1_242' title='bbox 3377 1885 3515 1937; x_wconf 78' lang='grc' dir='ltr'><em>ἐστί.</em></span> <span class='ocrx_word' id='word_1_243' title='bbox 3550 1885 3640 1950; x_wconf 83' lang='grc' dir='ltr'><strong><em>Τὸ,</em></strong></span> <span class='ocrx_word' id='word_1_244' title='bbox 3666 1886 3993 1953; x_wconf 71' lang='grc' dir='ltr'><em>ἀμφότερα,</em></span> <span class='ocrx_word' id='word_1_245' title='bbox 4024 1885 4120 1936; x_wconf 64' lang='grc' dir='ltr'><strong><em>καὶ</em></strong></span> <span class='ocrx_word' id='word_1_246' title='bbox 4140 1884 4233 1936; x_wconf 75' lang='grc' dir='ltr'><strong>ἐπὶ</strong></span> <span class='ocrx_word' id='word_1_247' title='bbox 4262 1882 4428 1951; x_wconf 81' lang='grc' dir='ltr'><em>τριῶν</em></span> <span class='ocrx_word' id='word_1_248' title='bbox 4457 1882 4620 1946; x_wconf 69' lang='grc' dir='ltr'><em>λέγε-</em></span> 
     </span>
    </p>
   </div>
   <div class='ocr_carea' id='block_1_36' title="bbox 1366 1972 2925 2048">
    <p class='ocr_par' dir='ltr' id='par_1_36' title="bbox 1366 1972 2925 2048">
     <span class='ocr_line' id='line_1_36' title="bbox 1366 1972 2925 2048; baseline 0.005 -23"><span class='ocrx_word' id='word_1_249' title='bbox 1366 1972 1651 2042; x_wconf 85' lang='lat' dir='ltr'><strong><em>Utrumque</em></strong></span> <span class='ocrx_word' id='word_1_250' title='bbox 1676 1975 1699 2026; x_wconf 88' lang='lat'><strong><em>?</em></strong></span> <span class='ocrx_word' id='word_1_251' title='bbox 1730 1974 1872 2030; x_wconf 88' lang='lat' dir='ltr'><strong><em>Sane</em></strong></span> <span class='ocrx_word' id='word_1_252' title='bbox 1904 1978 2129 2045; x_wconf 89' lang='lat' dir='ltr'><strong><em>spiritus</em></strong></span> <span class='ocrx_word' id='word_1_253' title='bbox 2158 1988 2211 2031; x_wconf 86' lang='lat' dir='ltr'><strong><em>et</em></strong></span> <span class='ocrx_word' id='word_1_254' title='bbox 2236 1980 2459 2048; x_wconf 79' lang='lat' dir='ltr'><strong><em>angelus</em></strong></span> <span class='ocrx_word' id='word_1_255' title='bbox 2489 1996 2655 2033; x_wconf 91' lang='lat' dir='ltr'><strong><em>unum</em></strong></span> <span class='ocrx_word' id='word_1_256' title='bbox 2677 1994 2729 2034; x_wconf 87' lang='lat' dir='ltr'><strong><em>et</em></strong></span> <span class='ocrx_word' id='word_1_257' title='bbox 2762 1980 2925 2045; x_wconf 88' lang='lat' dir='ltr'><strong><em>idem,</em></strong></span> 
     </span>
    </p>
   </div>
   <div class='ocr_carea' id='block_1_37' title="bbox 1363 2065 2926 2141">
    <p class='ocr_par' dir='ltr' id='par_1_37' title="bbox 1363 2065 2926 2141">
     <span class='ocr_line' id='line_1_37' title="bbox 1363 2065 2926 2141; baseline 0.007 -27"><span class='ocrx_word' id='word_1_258' title='bbox 1363 2065 1564 2132; x_wconf 85' lang='lat' dir='ltr'><strong><em>inquit,</em></strong></span> <span class='ocrx_word' id='word_1_259' title='bbox 1606 2075 1752 2119; x_wconf 90' lang='lat' dir='ltr'><strong><em>sunt.</em></strong></span> <span class='ocrx_word' id='word_1_260' title='bbox 1791 2066 1963 2121; x_wconf 86' lang='lat' dir='ltr'><strong><em>Dictio</em></strong></span> <span class='ocrx_word' id='word_1_261' title='bbox 2000 2069 2282 2139; x_wconf 80' lang='lat' dir='ltr'><strong><em>Utrumque</em></strong></span> <span class='ocrx_word' id='word_1_262' title='bbox 2315 2071 2428 2125; x_wconf 68' lang='lat' dir='ltr'><strong><em>sire</em></strong></span> <span class='ocrx_word' id='word_1_263' title='bbox 2467 2072 2726 2141; x_wconf 86' lang='lat' dir='ltr'><strong><em>Utraque.</em></strong></span> <span class='ocrx_word' id='word_1_264' title='bbox 2764 2073 2926 2126; x_wconf 82' lang='lat' dir='ltr'><strong><em>etiam</em></strong></span> 
     </span>
    </p>
   </div>
   <div class='ocr_carea' id='block_1_38' title="bbox 1359 2156 2930 2229">
    <p class='ocr_par' dir='ltr' id='par_1_38' title="bbox 1359 2156 2930 2229">
     <span class='ocr_line' id='line_1_38' title="bbox 1359 2156 2930 2229; baseline 0.005 -22"><span class='ocrx_word' id='word_1_265' title='bbox 1359 2156 1425 2207; x_wconf 87' lang='lat' dir='ltr'><strong><em>de</em></strong></span> <span class='ocrx_word' id='word_1_266' title='bbox 1457 2157 1623 2209; x_wconf 81' lang='lat' dir='ltr'><strong><em>tribus</em></strong></span> <span class='ocrx_word' id='word_1_267' title='bbox 1660 2158 1876 2212; x_wconf 84' lang='lat' dir='ltr'><strong><em>dicitur.</em></strong></span> <span class='ocrx_word' id='word_1_268' title='bbox 1913 2158 2028 2213; x_wconf 84' lang='lat' dir='ltr'><strong><em>Non</em></strong></span> <span class='ocrx_word' id='word_1_269' title='bbox 2073 2162 2215 2214; x_wconf 91' lang='lat' dir='ltr'><strong><em>enim</em></strong></span> <span class='ocrx_word' id='word_1_270' title='bbox 2259 2171 2475 2229; x_wconf 80' lang='lat' dir='ltr'><strong><em>oportet</em></strong></span> <span class='ocrx_word' id='word_1_271' title='bbox 2514 2164 2582 2216; x_wconf 91' lang='lat' dir='ltr'><strong><em>ab</em></strong></span> <span class='ocrx_word' id='word_1_272' title='bbox 2621 2174 2810 2217; x_wconf 82' lang='lat' dir='ltr'><strong><em>exacta</em></strong></span> <span class='ocrx_word' id='word_1_273' title='bbox 2847 2164 2930 2215; x_wconf 77' lang='lat' dir='ltr'><strong><em>lo-</em></strong></span> 
     </span>
    </p>
   </div>
   <div class='ocr_carea' id='block_1_39' title="bbox 3038 1974 4625 2044">
    <p class='ocr_par' dir='ltr' id='par_1_39' title="bbox 3038 1974 4625 2044">
     <span class='ocr_line' id='line_1_39' title="bbox 3038 1974 4625 2044; baseline -0.001 -19"><span class='ocrx_word' id='word_1_274' title='bbox 3038 1992 3150 2027; x_wconf 81' lang='grc' dir='ltr'><em>ται.</em></span> <span class='ocrx_word' id='word_1_275' title='bbox 3209 1976 3284 2027; x_wconf 75' lang='grc' dir='ltr'><strong><em>Οὐ</em></strong></span> <span class='ocrx_word' id='word_1_276' title='bbox 3320 1975 3399 2027; x_wconf 84' lang='grc' dir='ltr'><strong><em>δεῖ</em></strong></span> <span class='ocrx_word' id='word_1_277' title='bbox 3427 1977 3536 2044; x_wconf 84' lang='grc' dir='ltr'><strong><em>γὰρ</em></strong></span> <span class='ocrx_word' id='word_1_278' title='bbox 3562 1977 3623 2028; x_wconf 81' lang='grc' dir='ltr'><strong><em>ἐκ</em></strong></span> <span class='ocrx_word' id='word_1_279' title='bbox 3652 1978 3750 2042; x_wconf 81' lang='grc' dir='ltr'><em>τῆς</em></span> <span class='ocrx_word' id='word_1_280' title='bbox 3773 1976 3972 2042; x_wconf 72' lang='grc' dir='ltr'><em>ἔξωθεν</em></span> <span class='ocrx_word' id='word_1_281' title='bbox 4005 1974 4396 2044; x_wconf 72' lang='grc' dir='ltr'><em>ἀκριϐολέκτου</em></span> <span class='ocrx_word' id='word_1_282' title='bbox 4428 1974 4625 2041; x_wconf 72' lang='lat' dir='ltr'><strong><em>stupid-</em></strong></span> 
     </span>
    </p>
   </div>
   <div class='ocr_carea' id='block_1_40' title="bbox 3034 2064 4621 2136">
    <p class='ocr_par' dir='ltr' id='par_1_40' title="bbox 3034 2064 4621 2136">
     <span class='ocr_line' id='line_1_40' title="bbox 3034 2064 4621 2136; baseline -0.002 -19"><span class='ocrx_word' id='word_1_283' title='bbox 3034 2083 3194 2134; x_wconf 81' lang='grc' dir='ltr'><em>τητος</em></span> <span class='ocrx_word' id='word_1_284' title='bbox 3238 2067 3447 2136; x_wconf 82' lang='grc' dir='ltr'><em>κρίνειν</em></span> <span class='ocrx_word' id='word_1_285' title='bbox 3500 2068 3599 2130; x_wconf 70' lang='grc' dir='ltr'><em>τὰς</em></span> <span class='ocrx_word' id='word_1_286' title='bbox 3661 2067 3770 2119; x_wconf 84' lang='grc' dir='ltr'><em>τῶν</em></span> <span class='ocrx_word' id='word_1_287' title='bbox 3828 2068 4213 2136; x_wconf 80' lang='grc' dir='ltr'><strong><em>ἀγραμμάτων</em></strong></span> <span class='ocrx_word' id='word_1_288' title='bbox 4261 2066 4361 2118; x_wconf 76' lang='grc' dir='ltr'><strong><em>καὶ</em></strong></span> <span class='ocrx_word' id='word_1_289' title='bbox 4410 2064 4621 2117; x_wconf 71' lang='grc' dir='ltr'><em>ἁλιέων</em></span> 
     </span>
    </p>
   </div>
   <div class='ocr_carea' id='block_1_41' title="bbox 3038 2156 4506 2229">
    <p class='ocr_par' dir='ltr' id='par_1_41' title="bbox 3038 2156 4506 2229">
     <span class='ocr_line' id='line_1_41' title="bbox 3038 2156 4506 2229; baseline -0.001 -18"><span class='ocrx_word' id='word_1_290' title='bbox 3038 2159 3381 2227; x_wconf 68' lang='grc' dir='ltr'><em>συγγραφάς.</em></span> <span class='ocrx_word' id='word_1_291' title='bbox 3425 2161 3518 2211; x_wconf 85' lang='grc' dir='ltr'>Ἐκ</span> <span class='ocrx_word' id='word_1_292' title='bbox 3543 2158 3750 2211; x_wconf 78' lang='grc' dir='ltr'><em>τούτων</em></span> <span class='ocrx_word' id='word_1_293' title='bbox 3783 2159 3892 2229; x_wconf 77' lang='grc' dir='ltr'><strong><em>γὰρ</em></strong></span> <span class='ocrx_word' id='word_1_294' title='bbox 3925 2159 4166 2229; x_wconf 78' lang='grc' dir='ltr'><strong><em>αἱρέσεις</em></strong></span> <span class='ocrx_word' id='word_1_295' title='bbox 4186 2156 4506 2225; x_wconf 83' lang='grc' dir='ltr'><em>γεννῶνται.</em></span> 
     </span>
    </p>
   </div>
   <div class='ocr_carea' id='block_1_42' title="bbox 1361 2248 4624 2324">
    <p class='ocr_par' dir='ltr' id='par_1_42' title="bbox 1361 2248 4624 2324">
     <span class='ocr_line' id='line_1_42' title="bbox 1361 2248 4624 2324; baseline 0.002 -29"><span class='ocrx_word' id='word_1_296' title='bbox 1361 2249 1559 2313; x_wconf 84' lang='lat' dir='ltr'><strong><em>quendi</em></strong></span> <span class='ocrx_word' id='word_1_297' title='bbox 1598 2249 1943 2317; x_wconf 86' lang='lat' dir='ltr'><strong><em>proprietate,</em></strong></span> <span class='ocrx_word' id='word_1_298' title='bbox 1970 2266 2088 2319; x_wconf 73' lang='lat' dir='ltr'><strong><em>qua:</em></strong></span> <span class='ocrx_word' id='word_1_299' title='bbox 2117 2252 2350 2320; x_wconf 84' lang='lat' dir='ltr'><strong><em>pertinet</em></strong></span> <span class='ocrx_word' id='word_1_300' title='bbox 2379 2255 2444 2305; x_wconf 89' lang='lat' dir='ltr'><strong><em>ad</em></strong></span> <span class='ocrx_word' id='word_1_301' title='bbox 2477 2264 2752 2319; x_wconf 77' lang='lat' dir='ltr'><strong><em>externos,</em></strong></span> <span class='ocrx_word' id='word_1_302' title='bbox 2779 2254 3027 2324; x_wconf 84' lang='lat' dir='ltr'><strong><em>judicare</em></strong></span> <span class='ocrx_word' id='word_1_303' title='bbox 3068 2252 3135 2305; x_wconf 89' lang='lat' dir='ltr'><strong><em>de</em></strong></span> <span class='ocrx_word' id='word_1_304' title='bbox 3201 2251 3419 2318; x_wconf 88' lang='lat' dir='ltr'><strong><em>scriptis</em></strong></span> <span class='ocrx_word' id='word_1_305' title='bbox 3466 2251 3871 2305; x_wconf 86' lang='lat' dir='ltr'><strong><em>illitteratorum</em></strong></span> <span class='ocrx_word' id='word_1_306' title='bbox 3935 2260 3989 2306; x_wconf 87' lang='lat' dir='ltr'><strong><em>et</em></strong></span> <span class='ocrx_word' id='word_1_307' title='bbox 4051 2250 4403 2319; x_wconf 82' lang='lat' dir='ltr'><strong><em>piscatorum.</em></strong></span> <span class='ocrx_word' id='word_1_308' title='bbox 4472 2248 4624 2303; x_wconf 82' lang='lat' dir='ltr'><strong><em>Hinc</em></strong></span> 
     </span>
    </p>
   </div>
   <div class='ocr_carea' id='block_1_43' title="bbox 1360 2342 2592 2403">
    <p class='ocr_par' dir='ltr' id='par_1_43' title="bbox 1360 2342 2592 2403">
     <span class='ocr_line' id='line_1_43' title="bbox 1360 2342 2592 2403; baseline 0.007 -11"><span class='ocrx_word' id='word_1_309' title='bbox 1360 2342 1505 2393; x_wconf 85' lang='lat' dir='ltr'><strong><em>enim</em></strong></span> <span class='ocrx_word' id='word_1_310' title='bbox 1540 2343 1701 2395; x_wconf 88' lang='lat' dir='ltr'><strong><em>etiam</em></strong></span> <span class='ocrx_word' id='word_1_311' title='bbox 1735 2345 1969 2399; x_wconf 70' lang='lat' dir='ltr'><strong><em>haereses</em></strong></span> <span class='ocrx_word' id='word_1_312' title='bbox 1994 2353 2048 2399; x_wconf 87' lang='lat' dir='ltr'><strong><em>et</em></strong></span> <span class='ocrx_word' id='word_1_313' title='bbox 2079 2356 2242 2400; x_wconf 79' lang='lat' dir='ltr'><strong><em>secta;</em></strong></span> <span class='ocrx_word' id='word_1_314' title='bbox 2272 2358 2592 2403; x_wconf 82' lang='lat' dir='ltr'><strong><em>nascuntur.</em></strong></span> 
     </span>
    </p>
   </div>
   <div class='ocr_carea' id='block_1_44' title="bbox 1432 2439 2934 2513">
    <p class='ocr_par' dir='ltr' id='par_1_44' title="bbox 1432 2439 2934 2513">
     <span class='ocr_line' id='line_1_44' title="bbox 1432 2439 2934 2513; baseline 0.004 -21"><span class='ocrx_word' id='word_1_315' title='bbox 1432 2439 1590 2492; x_wconf 70' lang='lat' dir='ltr'><strong><em>Vens.</em></strong></span> <span class='ocrx_word' id='word_1_316' title='bbox 1637 2441 1689 2493; x_wconf 86' lang='lat'><strong><em>9.</em></strong></span> <span class='ocrx_word' id='word_1_317' title='bbox 1748 2440 1978 2493; x_wconf 74' lang='lat' dir='ltr'><strong><em>Exortus</em></strong></span> <span class='ocrx_word' id='word_1_318' title='bbox 2027 2453 2099 2494; x_wconf 89' lang='lat' dir='ltr'><strong><em>est</em></strong></span> <span class='ocrx_word' id='word_1_319' title='bbox 2148 2452 2325 2495; x_wconf 81' lang='lat' dir='ltr'><strong><em>autent</em></strong></span> <span class='ocrx_word' id='word_1_320' title='bbox 2375 2444 2552 2513; x_wconf 86' lang='lat' dir='ltr'><strong><em>ingens</em></strong></span> <span class='ocrx_word' id='word_1_321' title='bbox 2592 2446 2823 2509; x_wconf 84' lang='lat' dir='ltr'><strong><em>clamor,</em></strong></span> <span class='ocrx_word' id='word_1_322' title='bbox 2886 2456 2934 2498; x_wconf 90' lang='lat' dir='ltr'><strong><em>et</em></strong></span> 
     </span>
    </p>
   </div>
   <div class='ocr_carea' id='block_1_45' title="bbox 1361 2528 2935 2604">
    <p class='ocr_par' dir='ltr' id='par_1_45' title="bbox 1361 2528 2935 2604">
     <span class='ocr_line' id='line_1_45' title="bbox 1361 2528 2935 2604; baseline 0.004 -25"><span class='ocrx_word' id='word_1_323' title='bbox 1361 2544 1475 2580; x_wconf 87' lang='lat' dir='ltr'><strong><em>cum</em></strong></span> <span class='ocrx_word' id='word_1_324' title='bbox 1531 2531 1872 2582; x_wconf 70' lang='lat' dir='ltr'><strong><em>surrexissent</em></strong></span> <span class='ocrx_word' id='word_1_325' title='bbox 1915 2528 2129 2593; x_wconf 68' lang='lat' dir='ltr'><strong><em>Scribit,</em></strong></span> <span class='ocrx_word' id='word_1_326' title='bbox 2157 2547 2281 2599; x_wconf 89' lang='lat' dir='ltr'><strong><em>pars</em></strong></span> <span class='ocrx_word' id='word_1_327' title='bbox 2306 2531 2695 2587; x_wconf 83' lang='lat' dir='ltr'><strong><em>Pharistrorum</em></strong></span> <span class='ocrx_word' id='word_1_328' title='bbox 2729 2552 2935 2604; x_wconf 84' lang='lat' dir='ltr'><strong><em>pugna-</em></strong></span> 
     </span>
    </p>
   </div>
   <div class='ocr_carea' id='block_1_46' title="bbox 1363 2620 2932 2679">
    <p class='ocr_par' dir='ltr' id='par_1_46' title="bbox 1363 2620 2932 2679">
     <span class='ocr_line' id='line_1_46' title="bbox 1363 2620 2932 2679; baseline 0.004 -8"><span class='ocrx_word' id='word_1_329' title='bbox 1363 2622 1487 2671; x_wconf 82' lang='lat' dir='ltr'><strong><em>bant</em></strong></span> <span class='ocrx_word' id='word_1_330' title='bbox 1517 2620 1743 2673; x_wconf 87' lang='lat' dir='ltr'><strong><em>dicentes</em></strong></span> <span class='ocrx_word' id='word_1_331' title='bbox 1769 2637 1785 2673; x_wconf 89' lang='lat'><em>:</em></span> <span class='ocrx_word' id='word_1_332' title='bbox 1828 2620 1973 2674; x_wconf 80' lang='lat' dir='ltr'><strong><em>Nihil</em></strong></span> <span class='ocrx_word' id='word_1_333' title='bbox 2002 2624 2132 2674; x_wconf 89' lang='lat' dir='ltr'><strong><em>mali</em></strong></span> <span class='ocrx_word' id='word_1_334' title='bbox 2168 2624 2460 2677; x_wconf 85' lang='lat' dir='ltr'><strong><em>invenimus</em></strong></span> <span class='ocrx_word' id='word_1_335' title='bbox 2491 2626 2544 2676; x_wconf 86' lang='lat' dir='ltr'><strong><em>in</em></strong></span> <span class='ocrx_word' id='word_1_336' title='bbox 2576 2625 2782 2679; x_wconf 85' lang='lat' dir='ltr'><strong><em>homine</em></strong></span> <span class='ocrx_word' id='word_1_337' title='bbox 2816 2628 2932 2678; x_wconf 87' lang='lat' dir='ltr'><strong><em>isto.</em></strong></span> 
     </span>
    </p>
   </div>
   <div class='ocr_carea' id='block_1_47' title="bbox 1362 2712 2936 2786">
    <p class='ocr_par' dir='ltr' id='par_1_47' title="bbox 1362 2712 2936 2786">
     <span class='ocr_line' id='line_1_47' title="bbox 1362 2712 2936 2786; baseline 0.004 -23"><span class='ocrx_word' id='word_1_338' title='bbox 1362 2713 1514 2777; x_wconf 82' lang='lat' dir='ltr'><strong><em>Quod</em></strong></span> <span class='ocrx_word' id='word_1_339' title='bbox 1552 2713 1596 2765; x_wconf 93' lang='lat' dir='ltr'><strong><em>si</em></strong></span> <span class='ocrx_word' id='word_1_340' title='bbox 1628 2714 1844 2781; x_wconf 85' lang='lat' dir='ltr'><strong><em>spiritus</em></strong></span> <span class='ocrx_word' id='word_1_341' title='bbox 1896 2715 1944 2765; x_wconf 89' lang='lat' dir='ltr'><strong><em>ei</em></strong></span> <span class='ocrx_word' id='word_1_342' title='bbox 1976 2712 2177 2767; x_wconf 88' lang='lat' dir='ltr'><strong><em>locutus</em></strong></span> <span class='ocrx_word' id='word_1_343' title='bbox 2210 2727 2283 2767; x_wconf 85' lang='lat' dir='ltr'><strong><em>cst</em></strong></span> <span class='ocrx_word' id='word_1_344' title='bbox 2325 2726 2415 2767; x_wconf 89' lang='lat' dir='ltr'><strong><em>aut</em></strong></span> <span class='ocrx_word' id='word_1_345' title='bbox 2467 2716 2712 2786; x_wconf 84' lang='lat' dir='ltr'><strong><em>angelus,</em></strong></span> <span class='ocrx_word' id='word_1_346' title='bbox 2747 2733 2807 2769; x_wconf 89' lang='lat' dir='ltr'><strong><em>ne</em></strong></span> <span class='ocrx_word' id='word_1_347' title='bbox 2837 2733 2936 2783; x_wconf 89' lang='lat' dir='ltr'><strong><em>pu-</em></strong></span> 
     </span>
    </p>
   </div>
   <div class='ocr_carea' id='block_1_48' title="bbox 1361 2802 1875 2869">
    <p class='ocr_par' dir='ltr' id='par_1_48' title="bbox 1361 2802 1875 2869">
     <span class='ocr_line' id='line_1_48' title="bbox 1361 2802 1875 2869; baseline 0.012 -18"><span class='ocrx_word' id='word_1_348' title='bbox 1361 2819 1575 2869; x_wconf 79' lang='lat' dir='ltr'><strong><em>gnemus</em></strong></span> <span class='ocrx_word' id='word_1_349' title='bbox 1602 2819 1719 2854; x_wconf 88' lang='lat' dir='ltr'><strong><em>cum</em></strong></span> <span class='ocrx_word' id='word_1_350' title='bbox 1748 2802 1875 2858; x_wconf 88' lang='lat' dir='ltr'><strong><em>Deo.</em></strong></span> 
     </span>
    </p>
   </div>
   <div class='ocr_carea' id='block_1_49' title="bbox 1430 2892 2930 2964">
    <p class='ocr_par' dir='ltr' id='par_1_49' title="bbox 1430 2892 2930 2964">
     <span class='ocr_line' id='line_1_49' title="bbox 1430 2892 2930 2964; baseline 0.002 -19"><span class='ocrx_word' id='word_1_351' title='bbox 1430 2892 1589 2946; x_wconf 73' lang='lat' dir='ltr'><strong><em>Vens.</em></strong></span> <span class='ocrx_word' id='word_1_352' title='bbox 1648 2894 1735 2945; x_wconf 80' lang='grc'><strong><em>10.</em></strong></span> <span class='ocrx_word' id='word_1_353' title='bbox 1794 2892 1927 2947; x_wconf 88' lang='lat' dir='ltr'><strong><em>Cum</em></strong></span> <span class='ocrx_word' id='word_1_354' title='bbox 1980 2893 2138 2963; x_wconf 88' lang='lat' dir='ltr'><strong><em>igitur</em></strong></span> <span class='ocrx_word' id='word_1_355' title='bbox 2192 2910 2385 2964; x_wconf 86' lang='lat' dir='ltr'><strong><em>magna</em></strong></span> <span class='ocrx_word' id='word_1_356' title='bbox 2442 2897 2703 2947; x_wconf 87' lang='lat' dir='ltr'><strong><em>contentio</em></strong></span> <span class='ocrx_word' id='word_1_357' title='bbox 2751 2905 2930 2949; x_wconf 84' lang='lat' dir='ltr'><strong><em>coorta</em></strong></span> 
     </span>
    </p>
   </div>
   <div class='ocr_carea' id='block_1_50' title="bbox 1360 2984 2929 3054">
    <p class='ocr_par' dir='ltr' id='par_1_50' title="bbox 1360 2984 2929 3054">
     <span class='ocr_line' id='line_1_50' title="bbox 1360 2984 2929 3054; baseline 0.001 -15"><span class='ocrx_word' id='word_1_358' title='bbox 1360 3003 1386 3039; x_wconf 87' lang='lat' dir='ltr'><strong><em>e</em></strong></span> <span class='ocrx_word' id='word_1_359' title='bbox 1415 2997 1511 3049; x_wconf 88' lang='lat' dir='ltr'><strong><em>set,</em></strong></span> <span class='ocrx_word' id='word_1_360' title='bbox 1558 2987 1752 3039; x_wconf 88' lang='lat' dir='ltr'><strong><em>veritus</em></strong></span> <span class='ocrx_word' id='word_1_361' title='bbox 1798 2986 2033 3038; x_wconf 84' lang='lat' dir='ltr'><strong><em>tribunus</em></strong></span> <span class='ocrx_word' id='word_1_362' title='bbox 2081 3001 2141 3037; x_wconf 89' lang='lat' dir='ltr'><strong><em>ne</em></strong></span> <span class='ocrx_word' id='word_1_363' title='bbox 2196 2984 2397 3037; x_wconf 86' lang='lat' dir='ltr'><strong><em>Paulus</em></strong></span> <span class='ocrx_word' id='word_1_364' title='bbox 2442 2987 2819 3054; x_wconf 69' lang='lat' dir='ltr'><strong><em>discerperetur</em></strong></span> <span class='ocrx_word' id='word_1_365' title='bbox 2864 2989 2929 3040; x_wconf 90' lang='lat' dir='ltr'><strong><em>ab</em></strong></span> 
     </span>
    </p>
   </div>
   <div class='ocr_carea' id='block_1_51' title="bbox 1359 3078 2930 3147">
    <p class='ocr_par' dir='ltr' id='par_1_51' title="bbox 1359 3078 2930 3147">
     <span class='ocr_line' id='line_1_51' title="bbox 1359 3078 2930 3147; baseline 0.001 -17"><span class='ocrx_word' id='word_1_366' title='bbox 1359 3079 1484 3141; x_wconf 87' lang='lat' dir='ltr'><strong><em>illis,</em></strong></span> <span class='ocrx_word' id='word_1_367' title='bbox 1517 3078 1675 3147; x_wconf 85' lang='lat' dir='ltr'><strong><em>jussit</em></strong></span> <span class='ocrx_word' id='word_1_368' title='bbox 1709 3095 1922 3131; x_wconf 90' lang='lat' dir='ltr'><strong><em>manum</em></strong></span> <span class='ocrx_word' id='word_1_369' title='bbox 1964 3078 2248 3130; x_wconf 89' lang='lat' dir='ltr'><strong><em>militarem</em></strong></span> <span class='ocrx_word' id='word_1_370' title='bbox 2289 3079 2627 3143; x_wconf 84' lang='lat' dir='ltr'><strong><em>descendere,</em></strong></span> <span class='ocrx_word' id='word_1_371' title='bbox 2668 3091 2711 3132; x_wconf 92' lang='lat' dir='ltr'><strong><em>et</em></strong></span> <span class='ocrx_word' id='word_1_372' title='bbox 2747 3096 2930 3147; x_wconf 81' lang='lat' dir='ltr'><strong><em>rapere</em></strong></span> 
     </span>
    </p>
   </div>
   <div class='ocr_carea' id='block_1_52' title="bbox 1358 3169 2645 3233">
    <p class='ocr_par' dir='ltr' id='par_1_52' title="bbox 1358 3169 2645 3233">
     <span class='ocr_line' id='line_1_52' title="bbox 1358 3169 2645 3233; baseline -0.001 -11"><span class='ocrx_word' id='word_1_373' title='bbox 1358 3187 1477 3222; x_wconf 87' lang='lat' dir='ltr'><strong><em>eum</em></strong></span> <span class='ocrx_word' id='word_1_374' title='bbox 1510 3176 1572 3223; x_wconf 90' lang='lat' dir='ltr'><strong><em>de</em></strong></span> <span class='ocrx_word' id='word_1_375' title='bbox 1592 3170 1761 3224; x_wconf 90' lang='lat' dir='ltr'><strong><em>medio</em></strong></span> <span class='ocrx_word' id='word_1_376' title='bbox 1796 3169 2029 3233; x_wconf 90' lang='lat' dir='ltr'><strong><em>illorum,</em></strong></span> <span class='ocrx_word' id='word_1_377' title='bbox 2057 3186 2120 3222; x_wconf 91' lang='lat' dir='ltr'><strong><em>ac</em></strong></span> <span class='ocrx_word' id='word_1_378' title='bbox 2148 3170 2337 3222; x_wconf 86' lang='lat' dir='ltr'><strong><em>ducere</em></strong></span> <span class='ocrx_word' id='word_1_379' title='bbox 2364 3173 2415 3222; x_wconf 87' lang='lat' dir='ltr'><strong><em>in</em></strong></span> <span class='ocrx_word' id='word_1_380' title='bbox 2448 3182 2645 3223; x_wconf 77' lang='lat' dir='ltr'><strong><em>castra.</em></strong></span> 
     </span>
    </p>
   </div>
   <div class='ocr_carea' id='block_1_53' title="bbox 1428 3345 2933 3416">
    <p class='ocr_par' dir='ltr' id='par_1_53' title="bbox 1428 3345 2933 3416">
     <span class='ocr_line' id='line_1_53' title="bbox 1428 3345 2933 3416; baseline 0.002 -19"><span class='ocrx_word' id='word_1_381' title='bbox 1428 3345 1579 3410; x_wconf 81' lang='lat' dir='ltr'><strong><em>Quod</em></strong></span> <span class='ocrx_word' id='word_1_382' title='bbox 1616 3347 1661 3399; x_wconf 91' lang='lat' dir='ltr'><strong><em>si</em></strong></span> <span class='ocrx_word' id='word_1_383' title='bbox 1693 3347 1911 3414; x_wconf 85' lang='lat' dir='ltr'><strong><em>spiritus</em></strong></span> <span class='ocrx_word' id='word_1_384' title='bbox 1946 3347 1992 3399; x_wconf 90' lang='lat' dir='ltr'><strong><em>ei</em></strong></span> <span class='ocrx_word' id='word_1_385' title='bbox 2034 3346 2237 3398; x_wconf 89' lang='lat' dir='ltr'><strong><em>locutus</em></strong></span> <span class='ocrx_word' id='word_1_386' title='bbox 2284 3355 2378 3399; x_wconf 87' lang='lat' dir='ltr'><strong><em>est.</em></strong></span> <span class='ocrx_word' id='word_1_387' title='bbox 2422 3346 2579 3400; x_wconf 88' lang='lat' dir='ltr'><strong><em>Deest</em></strong></span> <span class='ocrx_word' id='word_1_388' title='bbox 2622 3348 2826 3416; x_wconf 85' lang='lat' dir='ltr'><strong><em>aliquid</em></strong></span> <span class='ocrx_word' id='word_1_389' title='bbox 2866 3348 2933 3400; x_wconf 83' lang='lat' dir='ltr'><strong><em>ad</em></strong></span> 
     </span>
    </p>
   </div>
   <div class='ocr_carea' id='block_1_54' title="bbox 1359 3435 2937 3506">
    <p class='ocr_par' dir='ltr' id='par_1_54' title="bbox 1359 3435 2937 3506">
     <span class='ocr_line' id='line_1_54' title="bbox 1359 3435 2937 3506; baseline 0.002 -19"><span class='ocrx_word' id='word_1_390' title='bbox 1359 3435 1725 3503; x_wconf 82' lang='lat' dir='ltr'><strong><em>expletionem</em></strong></span> <span class='ocrx_word' id='word_1_391' title='bbox 1755 3436 2060 3496; x_wconf 70' lang='lat' dir='ltr'><strong><em>sententiae,</em></strong></span> <span class='ocrx_word' id='word_1_392' title='bbox 2093 3444 2152 3489; x_wconf 91' lang='lat' dir='ltr'><strong><em>ut</em></strong></span> <span class='ocrx_word' id='word_1_393' title='bbox 2180 3436 2248 3489; x_wconf 89' lang='lat' dir='ltr'><strong><em>sit</em></strong></span> <span class='ocrx_word' id='word_1_394' title='bbox 2283 3437 2403 3489; x_wconf 84' lang='lat' dir='ltr'><strong><em>talis</em></strong></span> <span class='ocrx_word' id='word_1_395' title='bbox 2436 3453 2449 3488; x_wconf 87' lang='lat'><strong>:</strong></span> <span class='ocrx_word' id='word_1_396' title='bbox 2484 3438 2563 3488; x_wconf 79' lang='lat' dir='ltr'><strong><em>An</em></strong></span> <span class='ocrx_word' id='word_1_397' title='bbox 2589 3438 2813 3506; x_wconf 83' lang='lat' dir='ltr'><strong><em>spiritus</em></strong></span> <span class='ocrx_word' id='word_1_398' title='bbox 2844 3449 2937 3491; x_wconf 89' lang='lat' dir='ltr'><strong><em>aut</em></strong></span> 
     </span>
    </p>
   </div>
   <div class='ocr_carea' id='block_1_55' title="bbox 1358 3525 2934 3593">
    <p class='ocr_par' dir='ltr' id='par_1_55' title="bbox 1358 3525 2934 3593">
     <span class='ocr_line' id='line_1_55' title="bbox 1358 3525 2934 3593; baseline 0.001 -17"><span class='ocrx_word' id='word_1_399' title='bbox 1358 3525 1584 3593; x_wconf 81' lang='lat' dir='ltr'><strong><em>angelus</em></strong></span> <span class='ocrx_word' id='word_1_400' title='bbox 1623 3525 1871 3577; x_wconf 85' lang='lat' dir='ltr'><strong><em>elocutus</em></strong></span> <span class='ocrx_word' id='word_1_401' title='bbox 1902 3525 1973 3578; x_wconf 90' lang='lat' dir='ltr'><strong><em>sit</em></strong></span> <span class='ocrx_word' id='word_1_402' title='bbox 2008 3527 2057 3578; x_wconf 88' lang='lat' dir='ltr'><strong><em>ei</em></strong></span> <span class='ocrx_word' id='word_1_403' title='bbox 2090 3525 2355 3578; x_wconf 86' lang='lat' dir='ltr'><strong><em>rationem</em></strong></span> <span class='ocrx_word' id='word_1_404' title='bbox 2390 3536 2443 3578; x_wconf 90' lang='lat' dir='ltr'><strong><em>et</em></strong></span> <span class='ocrx_word' id='word_1_405' title='bbox 2490 3526 2777 3579; x_wconf 78' lang='lat' dir='ltr'><strong><em>artiﬁcium</em></strong></span> <span class='ocrx_word' id='word_1_406' title='bbox 2809 3541 2934 3578; x_wconf 90' lang='lat' dir='ltr'><strong><em>ora-</em></strong></span> 
     </span>
    </p>
   </div>
   <div class='ocr_carea' id='block_1_56' title="bbox 1361 3615 2931 3687">
    <p class='ocr_par' dir='ltr' id='par_1_56' title="bbox 1361 3615 2931 3687">
     <span class='ocr_line' id='line_1_56' title="bbox 1361 3615 2931 3687; baseline 0.003 -19"><span class='ocrx_word' id='word_1_407' title='bbox 1361 3617 1524 3670; x_wconf 90' lang='lat' dir='ltr'><strong><em>tionis</em></strong></span> <span class='ocrx_word' id='word_1_408' title='bbox 1558 3627 1615 3668; x_wconf 90' lang='lat' dir='ltr'><strong><em>ut</em></strong></span> <span class='ocrx_word' id='word_1_409' title='bbox 1658 3615 1922 3685; x_wconf 72' lang='lat' dir='ltr'><strong><em>etingeret</em></strong></span> <span class='ocrx_word' id='word_1_410' title='bbox 1966 3615 2223 3680; x_wconf 89' lang='lat' dir='ltr'><strong><em>insidias,</em></strong></span> <span class='ocrx_word' id='word_1_411' title='bbox 2256 3619 2520 3670; x_wconf 86' lang='lat' dir='ltr'><strong><em>incertum</em></strong></span> <span class='ocrx_word' id='word_1_412' title='bbox 2561 3628 2675 3680; x_wconf 89' lang='lat' dir='ltr'><strong><em>est,</em></strong></span> <span class='ocrx_word' id='word_1_413' title='bbox 2720 3618 2931 3687; x_wconf 81' lang='lat' dir='ltr'><strong><em>inquit:</em></strong></span> 
     </span>
    </p>
   </div>
   <div class='ocr_carea' id='block_1_57' title="bbox 1358 3708 2932 3777">
    <p class='ocr_par' dir='ltr' id='par_1_57' title="bbox 1358 3708 2932 3777">
     <span class='ocr_line' id='line_1_57' title="bbox 1358 3708 2932 3777; baseline 0.002 -17"><span class='ocrx_word' id='word_1_414' title='bbox 1358 3717 1470 3771; x_wconf 85' lang='lat' dir='ltr'><strong><em>aut,</em></strong></span> <span class='ocrx_word' id='word_1_415' title='bbox 1504 3708 1655 3777; x_wconf 90' lang='lat' dir='ltr'><strong><em>quasi</em></strong></span> <span class='ocrx_word' id='word_1_416' title='bbox 1683 3724 1711 3760; x_wconf 88' lang='lat' dir='ltr'><strong><em>a</em></strong></span> <span class='ocrx_word' id='word_1_417' title='bbox 1744 3708 2029 3762; x_wconf 68' lang='lat' dir='ltr'><strong><em>Pliarismis</em></strong></span> <span class='ocrx_word' id='word_1_418' title='bbox 2056 3708 2421 3777; x_wconf 81' lang='lat' dir='ltr'><strong><em>proferantur,</em></strong></span> <span class='ocrx_word' id='word_1_419' title='bbox 2456 3710 2570 3764; x_wconf 72' lang='lat' dir='ltr'><strong><em>hsce</em></strong></span> <span class='ocrx_word' id='word_1_420' title='bbox 2600 3710 2761 3763; x_wconf 83' lang='lat' dir='ltr'><strong><em>verba</em></strong></span> <span class='ocrx_word' id='word_1_421' title='bbox 2790 3711 2932 3763; x_wconf 87' lang='lat' dir='ltr'><strong><em>acci-</em></strong></span> 
     </span>
    </p>
   </div>
   <div class='ocr_carea' id='block_1_58' title="bbox 1357 3799 2935 3872">
    <p class='ocr_par' dir='ltr' id='par_1_58' title="bbox 1357 3799 2935 3872">
     <span class='ocr_line' id='line_1_58' title="bbox 1357 3799 2935 3872; baseline 0.002 -19"><span class='ocrx_word' id='word_1_422' title='bbox 1357 3801 1557 3869; x_wconf 85' lang='lat' dir='ltr'><strong><em>pienda</em></strong></span> <span class='ocrx_word' id='word_1_423' title='bbox 1584 3810 1711 3853; x_wconf 90' lang='lat' dir='ltr'><strong><em>sunt</em></strong></span> <span class='ocrx_word' id='word_1_424' title='bbox 1741 3817 1752 3853; x_wconf 90' lang='lat'><strong>:</strong></span> <span class='ocrx_word' id='word_1_425' title='bbox 1784 3799 1937 3864; x_wconf 89' lang='lat' dir='ltr'><strong><em>Quod</em></strong></span> <span class='ocrx_word' id='word_1_426' title='bbox 1970 3801 2013 3853; x_wconf 90' lang='lat' dir='ltr'><strong><em>si</em></strong></span> <span class='ocrx_word' id='word_1_427' title='bbox 2045 3802 2267 3869; x_wconf 89' lang='lat' dir='ltr'><strong><em>spiritus</em></strong></span> <span class='ocrx_word' id='word_1_428' title='bbox 2296 3801 2346 3854; x_wconf 91' lang='lat' dir='ltr'><strong><em>ei</em></strong></span> <span class='ocrx_word' id='word_1_429' title='bbox 2373 3801 2585 3855; x_wconf 89' lang='lat' dir='ltr'><strong><em>locutus</em></strong></span> <span class='ocrx_word' id='word_1_430' title='bbox 2612 3811 2714 3864; x_wconf 88' lang='lat' dir='ltr'><strong><em>est,</em></strong></span> <span class='ocrx_word' id='word_1_431' title='bbox 2774 3802 2935 3872; x_wconf 78' lang='lat'><strong><em>166</em></strong></span> 
     </span>
    </p>
   </div>
   <div class='ocr_carea' id='block_1_59' title="bbox 1358 3893 2934 3962">
    <p class='ocr_par' dir='ltr' id='par_1_59' title="bbox 1358 3893 2934 3962">
     <span class='ocr_line' id='line_1_59' title="bbox 1358 3893 2934 3962; baseline 0.002 -17"><span class='ocrx_word' id='word_1_432' title='bbox 1358 3905 1452 3945; x_wconf 87' lang='lat' dir='ltr'><strong><em>aut</em></strong></span> <span class='ocrx_word' id='word_1_433' title='bbox 1482 3894 1727 3962; x_wconf 79' lang='lat' dir='ltr'><strong><em>angelus,</em></strong></span> <span class='ocrx_word' id='word_1_434' title='bbox 1764 3908 1826 3945; x_wconf 86' lang='lat' dir='ltr'><strong><em>ac</em></strong></span> <span class='ocrx_word' id='word_1_435' title='bbox 1856 3893 1899 3946; x_wconf 93' lang='lat' dir='ltr'><strong><em>si</em></strong></span> <span class='ocrx_word' id='word_1_436' title='bbox 1934 3893 2139 3946; x_wconf 88' lang='lat' dir='ltr'><strong><em>diceret</em></strong></span> <span class='ocrx_word' id='word_1_437' title='bbox 2169 3909 2182 3945; x_wconf 88' lang='lat'>:</span> <span class='ocrx_word' id='word_1_438' title='bbox 2230 3893 2387 3957; x_wconf 84' lang='lat' dir='ltr'><strong><em>Ecce,</em></strong></span> <span class='ocrx_word' id='word_1_439' title='bbox 2421 3909 2545 3946; x_wconf 92' lang='lat' dir='ltr'><strong><em>cum</em></strong></span> <span class='ocrx_word' id='word_1_440' title='bbox 2580 3895 2833 3962; x_wconf 88' lang='lat' dir='ltr'><strong><em>loquatur</em></strong></span> <span class='ocrx_word' id='word_1_441' title='bbox 2869 3896 2934 3948; x_wconf 89' lang='lat' dir='ltr'><strong><em>de</em></strong></span> 
     </span>
    </p>
   </div>
   <div class='ocr_carea' id='block_1_60' title="bbox 1360 3984 2931 4055">
    <p class='ocr_par' dir='ltr' id='par_1_60' title="bbox 1360 3984 2931 4055">
     <span class='ocr_line' id='line_1_60' title="bbox 1360 3984 2931 4055; baseline 0.002 -19"><span class='ocrx_word' id='word_1_442' title='bbox 1360 3985 1793 4046; x_wconf 83' lang='lat' dir='ltr'><strong><em>resurrectione,</em></strong></span> <span class='ocrx_word' id='word_1_443' title='bbox 1827 3994 2035 4038; x_wconf 87' lang='lat' dir='ltr'><strong><em>certum</em></strong></span> <span class='ocrx_word' id='word_1_444' title='bbox 2072 3998 2154 4037; x_wconf 87' lang='lat' dir='ltr'><strong><em>est</em></strong></span> <span class='ocrx_word' id='word_1_445' title='bbox 2181 4000 2305 4037; x_wconf 90' lang='lat' dir='ltr'><strong><em>eum</em></strong></span> <span class='ocrx_word' id='word_1_446' title='bbox 2345 3994 2440 4038; x_wconf 91' lang='lat' dir='ltr'><strong><em>aut</em></strong></span> <span class='ocrx_word' id='word_1_447' title='bbox 2486 3984 2721 4055; x_wconf 87' lang='lat' dir='ltr'><strong><em>Spiritus</em></strong></span> <span class='ocrx_word' id='word_1_448' title='bbox 2757 3988 2931 4040; x_wconf 85' lang='lat' dir='ltr'><strong><em>sancti</em></strong></span> 
     </span>
    </p>
   </div>
   <div class='ocr_carea' id='block_1_61' title="bbox 1361 4077 2935 4147">
    <p class='ocr_par' dir='ltr' id='par_1_61' title="bbox 1361 4077 2935 4147">
     <span class='ocr_line' id='line_1_61' title="bbox 1361 4077 2935 4147; baseline 0.001 -18"><span class='ocrx_word' id='word_1_449' title='bbox 1361 4077 1647 4138; x_wconf 88' lang='lat' dir='ltr'><strong><em>instinctu,</em></strong></span> <span class='ocrx_word' id='word_1_450' title='bbox 1683 4088 1777 4130; x_wconf 89' lang='lat' dir='ltr'><strong><em>aut</em></strong></span> <span class='ocrx_word' id='word_1_451' title='bbox 1807 4078 1999 4146; x_wconf 77' lang='lat' dir='ltr'><strong><em>angelo</em></strong></span> <span class='ocrx_word' id='word_1_452' title='bbox 2038 4086 2358 4145; x_wconf 78' lang='lat' dir='ltr'><strong><em>suggerente</em></strong></span> <span class='ocrx_word' id='word_1_453' title='bbox 2390 4077 2667 4147; x_wconf 87' lang='lat' dir='ltr'><strong><em>accepisse</em></strong></span> <span class='ocrx_word' id='word_1_454' title='bbox 2697 4094 2817 4131; x_wconf 88' lang='lat' dir='ltr'><strong><em>eam</em></strong></span> <span class='ocrx_word' id='word_1_455' title='bbox 2850 4092 2935 4131; x_wconf 81' lang='lat' dir='ltr'><strong><em>ra-</em></strong></span> 
     </span>
    </p>
   </div>
   <div class='ocr_carea' id='block_1_62' title="bbox 1360 4168 2934 4223">
    <p class='ocr_par' dir='ltr' id='par_1_62' title="bbox 1360 4168 2934 4223">
     <span class='ocr_line' id='line_1_62' title="bbox 1360 4168 2934 4223; baseline 0.002 -3"><span class='ocrx_word' id='word_1_456' title='bbox 1360 4168 1561 4222; x_wconf 90' lang='lat' dir='ltr'><strong><em>tionem</em></strong></span> <span class='ocrx_word' id='word_1_457' title='bbox 1612 4168 2051 4222; x_wconf 87' lang='lat' dir='ltr'><strong><em>resurrectionis.</em></strong></span> <span class='ocrx_word' id='word_1_458' title='bbox 2104 4168 2304 4221; x_wconf 83' lang='lat' dir='ltr'><strong><em>Veritus</em></strong></span> <span class='ocrx_word' id='word_1_459' title='bbox 2344 4168 2606 4221; x_wconf 87' lang='lat' dir='ltr'><strong><em>tribunus.</em></strong></span> <span class='ocrx_word' id='word_1_460' title='bbox 2645 4168 2827 4222; x_wconf 88' lang='lat' dir='ltr'><strong><em>Timet</em></strong></span> <span class='ocrx_word' id='word_1_461' title='bbox 2866 4185 2934 4223; x_wconf 90' lang='lat' dir='ltr'><strong><em>ne</em></strong></span> 
     </span>
    </p>
   </div>
   <div class='ocr_carea' id='block_1_63' title="bbox 1360 4256 2935 4328">
    <p class='ocr_par' dir='ltr' id='par_1_63' title="bbox 1360 4256 2935 4328">
     <span class='ocr_line' id='line_1_63' title="bbox 1360 4256 2935 4328; baseline 0 -16"><span class='ocrx_word' id='word_1_462' title='bbox 1360 4259 1722 4328; x_wconf 84' lang='lat' dir='ltr'><strong><em>discerpatur,</em></strong></span> <span class='ocrx_word' id='word_1_463' title='bbox 1749 4257 2007 4326; x_wconf 87' lang='lat' dir='ltr'><strong><em>quoniam</em></strong></span> <span class='ocrx_word' id='word_1_464' title='bbox 2036 4256 2247 4309; x_wconf 80' lang='lat' dir='ltr'><strong><em>dixerat</em></strong></span> <span class='ocrx_word' id='word_1_465' title='bbox 2270 4272 2326 4310; x_wconf 90' lang='lat' dir='ltr'><strong><em>se</em></strong></span> <span class='ocrx_word' id='word_1_466' title='bbox 2358 4272 2478 4309; x_wconf 88' lang='lat' dir='ltr'><strong><em>esse</em></strong></span> <span class='ocrx_word' id='word_1_467' title='bbox 2515 4256 2842 4323; x_wconf 74' lang='lat' dir='ltr'><strong><em>Romanum,</em></strong></span> <span class='ocrx_word' id='word_1_468' title='bbox 2872 4272 2935 4312; x_wconf 87' lang='lat' dir='ltr'><strong><em>ac</em></strong></span> 
     </span>
    </p>
   </div>
   <div class='ocr_carea' id='block_1_64' title="bbox 1363 4346 2936 4418">
    <p class='ocr_par' dir='ltr' id='par_1_64' title="bbox 1363 4346 2936 4418">
     <span class='ocr_line' id='line_1_64' title="bbox 1363 4346 2936 4418; baseline 0 -15"><span class='ocrx_word' id='word_1_469' title='bbox 1363 4366 1451 4403; x_wconf 77' lang='lat' dir='ltr'><strong><em>res</em></strong></span> <span class='ocrx_word' id='word_1_470' title='bbox 1482 4348 1724 4418; x_wconf 71' lang='lat' dir='ltr'><strong><em>periculo</em></strong></span> <span class='ocrx_word' id='word_1_471' title='bbox 1754 4362 1858 4401; x_wconf 92' lang='lat' dir='ltr'><strong><em>non</em></strong></span> <span class='ocrx_word' id='word_1_472' title='bbox 1891 4347 2136 4402; x_wconf 77' lang='lat' dir='ltr'><strong><em>vacabat.</em></strong></span> <span class='ocrx_word' id='word_1_473' title='bbox 2159 4346 2225 4401; x_wconf 87' lang='lat' dir='ltr'><strong><em>Et</em></strong></span> <span class='ocrx_word' id='word_1_474' title='bbox 2255 4347 2453 4401; x_wconf 86' lang='lat' dir='ltr'><strong><em>milites</em></strong></span> <span class='ocrx_word' id='word_1_475' title='bbox 2484 4364 2606 4402; x_wconf 88' lang='lat' dir='ltr'><strong><em>eum</em></strong></span> <span class='ocrx_word' id='word_1_476' title='bbox 2636 4358 2825 4418; x_wconf 82' lang='lat' dir='ltr'><strong><em>postea</em></strong></span> <span class='ocrx_word' id='word_1_477' title='bbox 2852 4364 2936 4403; x_wconf 87' lang='lat' dir='ltr'><strong><em>ra-</em></strong></span> 
     </span>
    </p>
   </div>
   <div class='ocr_carea' id='block_1_65' title="bbox 1363 4441 2280 4512">
    <p class='ocr_par' dir='ltr' id='par_1_65' title="bbox 1363 4441 2280 4512">
     <span class='ocr_line' id='line_1_65' title="bbox 1363 4441 2280 4512; baseline -0.001 -19"><span class='ocrx_word' id='word_1_478' title='bbox 1363 4443 1537 4512; x_wconf 86' lang='lat' dir='ltr'><strong><em>piunt,</em></strong></span> <span class='ocrx_word' id='word_1_479' title='bbox 1568 4453 1823 4510; x_wconf 82' lang='lat' dir='ltr'><strong><em>tanquam</em></strong></span> <span class='ocrx_word' id='word_1_480' title='bbox 1853 4456 2031 4501; x_wconf 88' lang='lat' dir='ltr'><strong><em>suum.</em></strong></span> <span class='ocrx_word' id='word_1_481' title='bbox 2063 4441 2280 4509; x_wconf 85' lang='lat' dir='ltr'><strong><em>Opinor.</em></strong></span> 
     </span>
    </p>
   </div>
   <div class='ocr_carea' id='block_1_66' title="bbox 1437 4531 2930 4601">
    <p class='ocr_par' dir='ltr' id='par_1_66' title="bbox 1437 4531 2930 4601">
     <span class='ocr_line' id='line_1_66' title="bbox 1437 4531 2930 4601; baseline -0.001 -16"><span class='ocrx_word' id='word_1_482' title='bbox 1437 4533 1599 4585; x_wconf 73' lang='lat' dir='ltr'><strong><em>Vnus.</em></strong></span> <span class='ocrx_word' id='word_1_483' title='bbox 1651 4534 1731 4584; x_wconf 89' lang='lat' dir='ltr'><strong><em>ll.</em></strong></span> <span class='ocrx_word' id='word_1_484' title='bbox 1772 4532 1833 4584; x_wconf 87' lang='lat' dir='ltr'><strong><em>In</em></strong></span> <span class='ocrx_word' id='word_1_485' title='bbox 1862 4533 2093 4601; x_wconf 86' lang='lat' dir='ltr'><strong><em>sequenti</em></strong></span> <span class='ocrx_word' id='word_1_486' title='bbox 2130 4540 2272 4584; x_wconf 88' lang='lat' dir='ltr'><strong><em>nocte</em></strong></span> <span class='ocrx_word' id='word_1_487' title='bbox 2305 4532 2547 4584; x_wconf 79' lang='lat' dir='ltr'><strong><em>assistens</em></strong></span> <span class='ocrx_word' id='word_1_488' title='bbox 2577 4532 2623 4583; x_wconf 91' lang='lat' dir='ltr'><strong><em>ei</em></strong></span> <span class='ocrx_word' id='word_1_489' title='bbox 2657 4531 2930 4598; x_wconf 68' lang='lat' dir='ltr'><strong><em>Dominus,</em></strong></span> 
     </span>
    </p>
   </div>
   <div class='ocr_carea' id='block_1_67' title="bbox 1361 4596 3008 4694">
    <p class='ocr_par' dir='ltr' id='par_1_67' title="bbox 1361 4596 3008 4694">
     <span class='ocr_line' id='line_1_67' title="bbox 1361 4596 3008 4694; baseline -0.001 -15"><span class='ocrx_word' id='word_1_490' title='bbox 1361 4626 1506 4682; x_wconf 78' lang='lat' dir='ltr'><strong><em>Bono</em></strong></span> <span class='ocrx_word' id='word_1_491' title='bbox 1538 4626 1741 4687; x_wconf 88' lang='lat' dir='ltr'><strong><em>animo,</em></strong></span> <span class='ocrx_word' id='word_1_492' title='bbox 1764 4626 1953 4694; x_wconf 86' lang='lat' dir='ltr'><strong><em>inquit,</em></strong></span> <span class='ocrx_word' id='word_1_493' title='bbox 1987 4635 2117 4687; x_wconf 87' lang='lat' dir='ltr'><strong><em>esto,</em></strong></span> <span class='ocrx_word' id='word_1_494' title='bbox 2150 4622 2346 4676; x_wconf 86' lang='lat' dir='ltr'><strong><em>Paule:</em></strong></span> <span class='ocrx_word' id='word_1_495' title='bbox 2382 4634 2437 4675; x_wconf 91' lang='lat' dir='ltr'><strong><em>ut</em></strong></span> <span class='ocrx_word' id='word_1_496' title='bbox 2466 4625 2597 4676; x_wconf 82' lang='lat' dir='ltr'><strong><em>enim</em></strong></span> <span class='ocrx_word' id='word_1_497' title='bbox 2626 4624 2931 4692; x_wconf 85' lang='lat' dir='ltr'><strong><em>testiﬁcatus</em></strong></span> <span class='ocrx_word' id='word_1_498' title='bbox 2964 4596 3008 4652; x_wconf 74' lang='grc' dir='ltr'><strong>θ</strong></span> 
     </span>
    </p>
   </div>
   <div class='ocr_carea' id='block_1_68' title="bbox 1361 4715 2933 4782">
    <p class='ocr_par' dir='ltr' id='par_1_68' title="bbox 1361 4715 2933 4782">
     <span class='ocr_line' id='line_1_68' title="bbox 1361 4715 2933 4782; baseline 0 -14"><span class='ocrx_word' id='word_1_499' title='bbox 1361 4734 1413 4768; x_wconf 81' lang='lat' dir='ltr'><strong><em>es</em></strong></span> <span class='ocrx_word' id='word_1_500' title='bbox 1440 4719 1501 4769; x_wconf 79' lang='lat' dir='ltr'><strong><em>de</em></strong></span> <span class='ocrx_word' id='word_1_501' title='bbox 1530 4732 1609 4768; x_wconf 85' lang='lat' dir='ltr'><strong><em>me</em></strong></span> <span class='ocrx_word' id='word_1_502' title='bbox 1644 4719 1696 4767; x_wconf 88' lang='lat' dir='ltr'><strong><em>in</em></strong></span> <span class='ocrx_word' id='word_1_503' title='bbox 1737 4716 2097 4781; x_wconf 77' lang='lat' dir='ltr'><strong><em>Hierusalem,</em></strong></span> <span class='ocrx_word' id='word_1_504' title='bbox 2129 4726 2203 4767; x_wconf 81' lang='lat' dir='ltr'><strong><em>ita</em></strong></span> <span class='ocrx_word' id='word_1_505' title='bbox 2233 4725 2279 4768; x_wconf 91' lang='lat' dir='ltr'><strong><em>te</em></strong></span> <span class='ocrx_word' id='word_1_506' title='bbox 2316 4724 2517 4782; x_wconf 86' lang='lat' dir='ltr'><strong><em>oportet</em></strong></span> <span class='ocrx_word' id='word_1_507' title='bbox 2548 4716 2710 4767; x_wconf 85' lang='lat' dir='ltr'><strong><em>etiam</em></strong></span> <span class='ocrx_word' id='word_1_508' title='bbox 2757 4715 2933 4768; x_wconf 77' lang='lat' dir='ltr'><strong><em>llomte</em></strong></span> 
     </span>
    </p>
   </div>
   <div class='ocr_carea' id='block_1_69' title="bbox 1364 4808 1657 4875">
    <p class='ocr_par' dir='ltr' id='par_1_69' title="bbox 1364 4808 1657 4875">
     <span class='ocr_line' id='line_1_69' title="bbox 1364 4808 1657 4875; baseline -0.003 -15"><span class='ocrx_word' id='word_1_509' title='bbox 1364 4808 1657 4875; x_wconf 77' lang='lat' dir='ltr'><strong><em>testiﬁcari.</em></strong></span> 
     </span>
    </p>
   </div>
   <div class='ocr_carea' id='block_1_70' title="bbox 1438 4897 2935 4969">
    <p class='ocr_par' dir='ltr' id='par_1_70' title="bbox 1438 4897 2935 4969">
     <span class='ocr_line' id='line_1_70' title="bbox 1438 4897 2935 4969; baseline -0.003 -14"><span class='ocrx_word' id='word_1_510' title='bbox 1438 4903 1597 4955; x_wconf 62' lang='lat' dir='ltr'><strong><em>Vens.</em></strong></span> <span class='ocrx_word' id='word_1_511' title='bbox 1639 4899 1725 4953; x_wconf 75' lang='grc'><strong><em>12.</em></strong></span> <span class='ocrx_word' id='word_1_512' title='bbox 1770 4897 1871 4952; x_wconf 84' lang='lat' dir='ltr'><strong><em>Sed</em></strong></span> <span class='ocrx_word' id='word_1_513' title='bbox 1895 4909 1948 4951; x_wconf 88' lang='lat' dir='ltr'><strong><em>ut</em></strong></span> <span class='ocrx_word' id='word_1_514' title='bbox 1976 4899 2185 4962; x_wconf 60' lang='lat' dir='ltr'><strong><em>dilusit,</em></strong></span> <span class='ocrx_word' id='word_1_515' title='bbox 2210 4898 2381 4952; x_wconf 74' lang='lat' dir='ltr'><strong><em>Juda’i</em></strong></span> <span class='ocrx_word' id='word_1_516' title='bbox 2402 4900 2619 4968; x_wconf 87' lang='lat' dir='ltr'><strong><em>quidam</em></strong></span> <span class='ocrx_word' id='word_1_517' title='bbox 2649 4900 2789 4969; x_wconf 77' lang='lat' dir='ltr'><strong><em>facta</em></strong></span> <span class='ocrx_word' id='word_1_518' title='bbox 2830 4901 2935 4952; x_wconf 88' lang='lat' dir='ltr'><strong><em>coi—</em></strong></span> 
     </span>
    </p>
   </div>
   <div class='ocr_carea' id='block_1_71' title="bbox 1367 4991 2935 5061">
    <p class='ocr_par' dir='ltr' id='par_1_71' title="bbox 1367 4991 2935 5061">
     <span class='ocr_line' id='line_1_71' title="bbox 1367 4991 2935 5061; baseline -0.001 -16"><span class='ocrx_word' id='word_1_519' title='bbox 1367 4996 1505 5045; x_wconf 88' lang='lat' dir='ltr'><strong><em>tione</em></strong></span> <span class='ocrx_word' id='word_1_520' title='bbox 1533 4995 1840 5045; x_wconf 78' lang='lat' dir='ltr'><strong><em>devoverant</em></strong></span> <span class='ocrx_word' id='word_1_521' title='bbox 1865 5008 1947 5055; x_wconf 88' lang='lat' dir='ltr'><strong><em>se,</em></strong></span> <span class='ocrx_word' id='word_1_522' title='bbox 1986 4991 2212 5043; x_wconf 85' lang='lat' dir='ltr'><strong><em>dicentes</em></strong></span> <span class='ocrx_word' id='word_1_523' title='bbox 2255 5007 2414 5058; x_wconf 88' lang='lat' dir='ltr'><strong><em>neque</em></strong></span> <span class='ocrx_word' id='word_1_524' title='bbox 2446 5007 2623 5043; x_wconf 84' lang='lat' dir='ltr'><strong><em>esuros</em></strong></span> <span class='ocrx_word' id='word_1_525' title='bbox 2679 5007 2730 5043; x_wconf 88' lang='lat' dir='ltr'><strong><em>se</em></strong></span> <span class='ocrx_word' id='word_1_526' title='bbox 2774 5008 2935 5061; x_wconf 85' lang='lat' dir='ltr'><strong><em>neque</em></strong></span> 
     </span>
    </p>
   </div>
   <div class='ocr_carea' id='block_1_72' title="bbox 1365 5082 2577 5152">
    <p class='ocr_par' dir='ltr' id='par_1_72' title="bbox 1365 5082 2577 5152">
     <span class='ocr_line' id='line_1_72' title="bbox 1365 5082 2577 5152; baseline -0.003 -15"><span class='ocrx_word' id='word_1_527' title='bbox 1365 5088 1618 5139; x_wconf 84' lang='lat' dir='ltr'><strong><em>bibituros</em></strong></span> <span class='ocrx_word' id='word_1_528' title='bbox 1656 5099 1763 5137; x_wconf 87' lang='lat' dir='ltr'><strong><em>esse</em></strong></span> <span class='ocrx_word' id='word_1_529' title='bbox 1790 5085 1959 5152; x_wconf 82' lang='lat' dir='ltr'><strong><em>quoad</em></strong></span> <span class='ocrx_word' id='word_1_530' title='bbox 1994 5082 2222 5136; x_wconf 79' lang='lat' dir='ltr'><strong><em>Paulum</em></strong></span> <span class='ocrx_word' id='word_1_531' title='bbox 2248 5083 2577 5135; x_wconf 82' lang='lat' dir='ltr'><strong><em>occidissent.</em></strong></span> 
     </span>
    </p>
   </div>
   <div class='ocr_carea' id='block_1_73' title="bbox 1436 5261 2931 5331">
    <p class='ocr_par' dir='ltr' id='par_1_73' title="bbox 1436 5261 2931 5331">
     <span class='ocr_line' id='line_1_73' title="bbox 1436 5261 2931 5331; baseline 0.001 -17"><span class='ocrx_word' id='word_1_532' title='bbox 1436 5262 1596 5315; x_wconf 75' lang='lat' dir='ltr'><strong><em>Vens.</em></strong></span> <span class='ocrx_word' id='word_1_533' title='bbox 1643 5263 1721 5314; x_wconf 81' lang='lat' dir='ltr'><strong><em>I5.</em></strong></span> <span class='ocrx_word' id='word_1_534' title='bbox 1766 5261 1935 5312; x_wconf 88' lang='lat' dir='ltr'><strong><em>Erant</em></strong></span> <span class='ocrx_word' id='word_1_535' title='bbox 1980 5270 2155 5313; x_wconf 87' lang='lat' dir='ltr'><strong><em>autem</em></strong></span> <span class='ocrx_word' id='word_1_536' title='bbox 2202 5262 2379 5328; x_wconf 85' lang='lat' dir='ltr'><strong><em>plures</em></strong></span> <span class='ocrx_word' id='word_1_537' title='bbox 2419 5262 2809 5331; x_wconf 86' lang='lat' dir='ltr'><strong><em>quadraginta,</em></strong></span> <span class='ocrx_word' id='word_1_538' title='bbox 2842 5263 2931 5331; x_wconf 90' lang='lat' dir='ltr'><strong><em>qui</em></strong></span> 
     </span>
    </p>
   </div>
   <div class='ocr_carea' id='block_1_74' title="bbox 1366 5347 2225 5416">
    <p class='ocr_par' dir='ltr' id='par_1_74' title="bbox 1366 5347 2225 5416">
     <span class='ocr_line' id='line_1_74' title="bbox 1366 5347 2225 5416; baseline -0.001 -15"><span class='ocrx_word' id='word_1_539' title='bbox 1366 5351 1500 5402; x_wconf 85' lang='lat' dir='ltr'><strong><em>lianc</em></strong></span> <span class='ocrx_word' id='word_1_540' title='bbox 1535 5347 1947 5410; x_wconf 88' lang='lat' dir='ltr'><strong><em>coniurationem</em></strong></span> <span class='ocrx_word' id='word_1_541' title='bbox 1972 5349 2225 5416; x_wconf 81' lang='lat' dir='ltr'><strong><em>fecerunt.</em></strong></span> 
     </span>
    </p>
   </div>
   <div class='ocr_carea' id='block_1_75' title="bbox 3116 2429 4623 2506">
    <p class='ocr_par' dir='ltr' id='par_1_75' title="bbox 3116 2429 4623 2506">
     <span class='ocr_line' id='line_1_75' title="bbox 3116 2429 4623 2506; baseline -0.007 -14"><span class='ocrx_word' id='word_1_542' title='bbox 3116 2437 3384 2506; x_wconf 80' lang='grc' dir='ltr'><strong><em>Ἐγένετο</em></strong></span> <span class='ocrx_word' id='word_1_543' title='bbox 3421 2434 3489 2487; x_wconf 85' lang='grc' dir='ltr'><em>δὲ</em></span> <span class='ocrx_word' id='word_1_544' title='bbox 3519 2433 3749 2503; x_wconf 78' lang='grc' dir='ltr'><strong><em>κραυγὴ</em></strong></span> <span class='ocrx_word' id='word_1_545' title='bbox 3797 2431 4055 2501; x_wconf 75' lang='grc' dir='ltr'><em>μεγάλη,</em></span> <span class='ocrx_word' id='word_1_546' title='bbox 4096 2432 4197 2484; x_wconf 75' lang='grc' dir='ltr'><strong><em>καὶ</em></strong></span> <span class='ocrx_word' id='word_1_547' title='bbox 4231 2429 4623 2497; x_wconf 75' lang='grc' dir='ltr'><em>ἀναστάντες</em></span> 
     </span>
    </p>
   </div>
   <div class='ocr_carea' id='block_1_76' title="bbox 3033 2521 4617 2598">
    <p class='ocr_par' dir='ltr' id='par_1_76' title="bbox 3033 2521 4617 2598">
     <span class='ocr_line' id='line_1_76' title="bbox 3033 2521 4617 2598; baseline -0.008 -12"><span class='ocrx_word' id='word_1_548' title='bbox 3033 2536 3089 2586; x_wconf 85' lang='lat' dir='ltr'><strong><em>ol</em></strong></span> <span class='ocrx_word' id='word_1_549' title='bbox 3125 2533 3169 2563; x_wconf 77' lang='lat'><strong>&quot;</strong></span> <span class='ocrx_word' id='word_1_550' title='bbox 3223 2527 3586 2598; x_wconf 75' lang='grc' dir='ltr'><em>γραμματεῖς</em></span> <span class='ocrx_word' id='word_1_551' title='bbox 3634 2526 3700 2579; x_wconf 90' lang='grc' dir='ltr'><em>τὸ</em></span> <span class='ocrx_word' id='word_1_552' title='bbox 3761 2523 3947 2594; x_wconf 81' lang='grc' dir='ltr'><em>μέρος</em></span> <span class='ocrx_word' id='word_1_553' title='bbox 3975 2524 4021 2554; x_wconf 76' lang='grc'><strong>⁸⁸</strong></span> <span class='ocrx_word' id='word_1_554' title='bbox 4074 2521 4196 2575; x_wconf 82' lang='grc' dir='ltr'><strong><em>τῶν</em></strong></span> <span class='ocrx_word' id='word_1_555' title='bbox 4247 2524 4617 2591; x_wconf 74' lang='grc' dir='ltr'><em>Φαρισαίων,</em></span> 
     </span>
    </p>
   </div>
   <div class='ocr_carea' id='block_1_77' title="bbox 3033 2614 4623 2690">
    <p class='ocr_par' dir='ltr' id='par_1_77' title="bbox 3033 2614 4623 2690">
     <span class='ocr_line' id='line_1_77' title="bbox 3033 2614 4623 2690; baseline -0.008 -14"><span class='ocrx_word' id='word_1_556' title='bbox 3033 2622 3389 2690; x_wconf 50' lang='grc' dir='ltr'><em>διεμάχοντο</em></span> <span class='ocrx_word' id='word_1_557' title='bbox 3415 2618 3701 2688; x_wconf 79' lang='grc' dir='ltr'><em>λέγοντες</em></span> <span class='ocrx_word' id='word_1_558' title='bbox 3730 2633 3744 2646; x_wconf 91' lang='grc'><strong>·</strong></span> <span class='ocrx_word' id='word_1_559' title='bbox 3783 2614 3976 2669; x_wconf 83' lang='grc' dir='ltr'><strong><em>υὺδέν</em></strong></span> <span class='ocrx_word' id='word_1_560' title='bbox 4009 2615 4202 2667; x_wconf 79' lang='grc' dir='ltr'><em>κακὸν</em></span> <span class='ocrx_word' id='word_1_561' title='bbox 4248 2614 4623 2681; x_wconf 74' lang='grc' dir='ltr'><em>εὑρίσκομεν</em></span> 
     </span>
    </p>
   </div>
   <div class='ocr_carea' id='block_1_78' title="bbox 3034 2704 4620 2780">
    <p class='ocr_par' dir='ltr' id='par_1_78' title="bbox 3034 2704 4620 2780">
     <span class='ocr_line' id='line_1_78' title="bbox 3034 2704 4620 2780; baseline -0.008 -11"><span class='ocrx_word' id='word_1_562' title='bbox 3034 2718 3103 2769; x_wconf 82' lang='grc' dir='ltr'><em>ἐν</em></span> <span class='ocrx_word' id='word_1_563' title='bbox 3129 2712 3209 2778; x_wconf 84' lang='grc' dir='ltr'><em>τῷ</em></span> <span class='ocrx_word' id='word_1_564' title='bbox 3233 2711 3521 2780; x_wconf 74' lang='grc' dir='ltr'><strong><em>ἀνθρώπῳ</em></strong></span> <span class='ocrx_word' id='word_1_565' title='bbox 3552 2710 3758 2772; x_wconf 85' lang='grc' dir='ltr'><em>τούτῳ.</em></span> <span class='ocrx_word' id='word_1_566' title='bbox 3799 2710 3871 2761; x_wconf 83' lang='lat' dir='ltr'><strong><em>El</em></strong></span> <span class='ocrx_word' id='word_1_567' title='bbox 3899 2706 3969 2760; x_wconf 76' lang='grc' dir='ltr'><em>δὲ</em></span> <span class='ocrx_word' id='word_1_568' title='bbox 3996 2704 4236 2774; x_wconf 80' lang='grc' dir='ltr'><em>πνεῦμα</em></span> <span class='ocrx_word' id='word_1_569' title='bbox 4264 2704 4427 2770; x_wconf 81' lang='grc' dir='ltr'><em>αὐτῷ</em></span> <span class='ocrx_word' id='word_1_570' title='bbox 4470 2704 4620 2757; x_wconf 79' lang='grc' dir='ltr'><em>ἐλά-</em></span> 
     </span>
    </p>
   </div>
   <div class='ocr_carea' id='block_1_79' title="bbox 3035 2795 4228 2871">
    <p class='ocr_par' dir='ltr' id='par_1_79' title="bbox 3035 2795 4228 2871">
     <span class='ocr_line' id='line_1_79' title="bbox 3035 2795 4228 2871; baseline -0.008 -13"><span class='ocrx_word' id='word_1_571' title='bbox 3035 2809 3231 2871; x_wconf 81' lang='grc' dir='ltr'><em>λησεν</em></span> <span class='ocrx_word' id='word_1_572' title='bbox 3259 2804 3301 2835; x_wconf 77' lang='grc'><strong><em>⁷⁸</em></strong></span> <span class='ocrx_word' id='word_1_573' title='bbox 3334 2804 3370 2869; x_wconf 76' lang='grc' dir='ltr'><strong>ἣ</strong></span> <span class='ocrx_word' id='word_1_574' title='bbox 3402 2800 3678 2869; x_wconf 72' lang='grc' dir='ltr'><em>ἅγγελος,</em></span> <span class='ocrx_word' id='word_1_575' title='bbox 3704 2797 3789 2868; x_wconf 79' lang='grc' dir='ltr'><em>μὴ</em></span> <span class='ocrx_word' id='word_1_576' title='bbox 3821 2795 4228 2866; x_wconf 71' lang='grc' dir='ltr'><em>θεομαχῶμεν.</em></span> 
     </span>
    </p>
   </div>
   <div class='ocr_carea' id='block_1_80' title="bbox 3104 2885 4620 2964">
    <p class='ocr_par' dir='ltr' id='par_1_80' title="bbox 3104 2885 4620 2964">
     <span class='ocr_line' id='line_1_80' title="bbox 3104 2885 4620 2964; baseline -0.009 -13"><span class='ocrx_word' id='word_1_577' title='bbox 3104 2895 3348 2964; x_wconf 79' lang='grc' dir='ltr'><em>Πολλῆς</em></span> <span class='ocrx_word' id='word_1_578' title='bbox 3386 2894 3453 2947; x_wconf 86' lang='grc' dir='ltr'><em>δὲ</em></span> <span class='ocrx_word' id='word_1_579' title='bbox 3484 2892 3812 2963; x_wconf 80' lang='grc' dir='ltr'><strong><em>γενομένης</em></strong></span> <span class='ocrx_word' id='word_1_580' title='bbox 3845 2890 4143 2955; x_wconf 81' lang='grc' dir='ltr'><em>στάσεως,</em></span> <span class='ocrx_word' id='word_1_581' title='bbox 4180 2885 4541 2954; x_wconf 80' lang='grc' dir='ltr'><em>εὐλαϐηθεὶς</em></span> <span class='ocrx_word' id='word_1_582' title='bbox 4581 2888 4620 2938; x_wconf 83' lang='grc' dir='ltr'><em>ό</em></span> 
     </span>
    </p>
   </div>
   <div class='ocr_carea' id='block_1_81' title="bbox 3036 2976 4615 3056">
    <p class='ocr_par' dir='ltr' id='par_1_81' title="bbox 3036 2976 4615 3056">
     <span class='ocr_line' id='line_1_81' title="bbox 3036 2976 4615 3056; baseline -0.006 -18"><span class='ocrx_word' id='word_1_583' title='bbox 3036 2991 3345 3056; x_wconf 76' lang='grc' dir='ltr'><em>χιλίαρχος</em></span> <span class='ocrx_word' id='word_1_584' title='bbox 3390 2986 3476 3054; x_wconf 75' lang='grc' dir='ltr'><em>μὴ</em></span> <span class='ocrx_word' id='word_1_585' title='bbox 3526 2982 3879 3050; x_wconf 73' lang='grc' dir='ltr'><em>διασπασθῇ</em></span> <span class='ocrx_word' id='word_1_586' title='bbox 3926 2986 3959 3037; x_wconf 86' lang='grc' dir='ltr'><em>ό</em></span> <span class='ocrx_word' id='word_1_587' title='bbox 3990 2982 4229 3045; x_wconf 80' lang='grc' dir='ltr'><em>Παῦλος</em></span> <span class='ocrx_word' id='word_1_588' title='bbox 4254 2980 4356 3034; x_wconf 72' lang='grc' dir='ltr'><strong><em>ὑπ’</em></strong></span> <span class='ocrx_word' id='word_1_589' title='bbox 4386 2976 4615 3043; x_wconf 82' lang='grc' dir='ltr'><em>αὐτῶν,</em></span> 
     </span>
    </p>
   </div>
   <div class='ocr_carea' id='block_1_82' title="bbox 3034 3069 4616 3146">
    <p class='ocr_par' dir='ltr' id='par_1_82' title="bbox 3034 3069 4616 3146">
     <span class='ocr_line' id='line_1_82' title="bbox 3034 3069 4616 3146; baseline -0.008 -13"><span class='ocrx_word' id='word_1_590' title='bbox 3034 3081 3321 3134; x_wconf 70' lang='grc' dir='ltr'><em>ἐκέλευσε</em></span> <span class='ocrx_word' id='word_1_591' title='bbox 3352 3080 3417 3131; x_wconf 86' lang='grc' dir='ltr'><em>τὸ</em></span> <span class='ocrx_word' id='word_1_592' title='bbox 3453 3077 3793 3146; x_wconf 85' lang='grc' dir='ltr'><em>στράτευμα</em></span> <span class='ocrx_word' id='word_1_593' title='bbox 3826 3072 4180 3141; x_wconf 77' lang='grc' dir='ltr'><em>καταϐῆναι,</em></span> <span class='ocrx_word' id='word_1_594' title='bbox 4211 3071 4307 3125; x_wconf 71' lang='grc' dir='ltr'><em>καὶ</em></span> <span class='ocrx_word' id='word_1_595' title='bbox 4339 3069 4616 3138; x_wconf 75' lang='grc' dir='ltr'><em>ἁρπάσαι</em></span> 
     </span>
    </p>
   </div>
   <div class='ocr_carea' id='block_1_83' title="bbox 3035 3162 4614 3239">
    <p class='ocr_par' dir='ltr' id='par_1_83' title="bbox 3035 3162 4614 3239">
     <span class='ocr_line' id='line_1_83' title="bbox 3035 3162 4614 3239; baseline -0.009 -13"><span class='ocrx_word' id='word_1_596' title='bbox 3035 3175 3221 3226; x_wconf 80' lang='grc' dir='ltr'><em>αὐτὸν</em></span> <span class='ocrx_word' id='word_1_597' title='bbox 3254 3173 3321 3224; x_wconf 75' lang='grc' dir='ltr'><strong><em>ἐκ</em></strong></span> <span class='ocrx_word' id='word_1_598' title='bbox 3346 3170 3540 3239; x_wconf 82' lang='grc' dir='ltr'><em>μέσον</em></span> <span class='ocrx_word' id='word_1_599' title='bbox 3570 3167 3789 3233; x_wconf 84' lang='grc' dir='ltr'><em>αὐτῶν,</em></span> <span class='ocrx_word' id='word_1_600' title='bbox 3844 3165 4016 3234; x_wconf 76' lang='grc' dir='ltr'><em>ἄγειν</em></span> <span class='ocrx_word' id='word_1_601' title='bbox 4048 3181 4109 3217; x_wconf 88' lang='grc' dir='ltr'><strong><em>τε</em></strong></span> <span class='ocrx_word' id='word_1_602' title='bbox 4136 3167 4222 3228; x_wconf 81' lang='grc' dir='ltr'><strong><em>εὶς</em></strong></span> <span class='ocrx_word' id='word_1_603' title='bbox 4248 3162 4365 3230; x_wconf 73' lang='grc' dir='ltr'><em>τῖεν</em></span> <span class='ocrx_word' id='word_1_604' title='bbox 4388 3174 4614 3228; x_wconf 68' lang='grc' dir='ltr'><em>παρεμ-</em></span> 
     </span>
    </p>
   </div>
   <div class='ocr_carea' id='block_1_84' title="bbox 2964 3257 3250 3327">
    <p class='ocr_par' dir='ltr' id='par_1_84' title="bbox 2964 3257 3250 3327">
     <span class='ocr_line' id='line_1_84' title="bbox 2964 3257 3250 3327; baseline -0.003 -12"><span class='ocrx_word' id='word_1_605' title='bbox 2964 3257 3009 3315; x_wconf 83' lang='lat' dir='ltr'><strong>C</strong></span> <span class='ocrx_word' id='word_1_606' title='bbox 3041 3263 3250 3327; x_wconf 66' lang='grc' dir='ltr'><em>ϐολήν.</em></span> 
     </span>
    </p>
   </div>
   <div class='ocr_carea' id='block_1_85' title="bbox 3110 3345 4616 3421">
    <p class='ocr_par' dir='ltr' id='par_1_85' title="bbox 3110 3345 4616 3421">
     <span class='ocr_line' id='line_1_85' title="bbox 3110 3345 4616 3421; baseline -0.009 -13"><span class='ocrx_word' id='word_1_607' title='bbox 3110 3359 3177 3408; x_wconf 81' lang='lat' dir='ltr'><strong><em>El</em></strong></span> <span class='ocrx_word' id='word_1_608' title='bbox 3218 3355 3285 3406; x_wconf 78' lang='grc' dir='ltr'><em>δὲ</em></span> <span class='ocrx_word' id='word_1_609' title='bbox 3318 3355 3553 3421; x_wconf 80' lang='grc' dir='ltr'><em>πνεῦμα</em></span> <span class='ocrx_word' id='word_1_610' title='bbox 3585 3350 3746 3414; x_wconf 88' lang='grc' dir='ltr'><em>αὺτῷ</em></span> <span class='ocrx_word' id='word_1_611' title='bbox 3789 3350 4122 3417; x_wconf 81' lang='grc' dir='ltr'><em>ἐλάλησεν.</em></span> <span class='ocrx_word' id='word_1_612' title='bbox 4158 3348 4353 3400; x_wconf 78' lang='grc' dir='ltr'><strong><em>Λεξπει</em></strong></span> <span class='ocrx_word' id='word_1_613' title='bbox 4382 3362 4435 3398; x_wconf 79' lang='grc' dir='ltr'><strong><em>τι</em></strong></span> <span class='ocrx_word' id='word_1_614' title='bbox 4470 3345 4616 3417; x_wconf 65' lang='grc' dir='ltr'><em>πρὸς</em></span> 
     </span>
    </p>
   </div>
   <div class='ocr_carea' id='block_1_86' title="bbox 3037 3435 4618 3515">
    <p class='ocr_par' dir='ltr' id='par_1_86' title="bbox 3037 3435 4618 3515">
     <span class='ocr_line' id='line_1_86' title="bbox 3037 3435 4618 3515; baseline -0.008 -16"><span class='ocrx_word' id='word_1_615' title='bbox 3037 3448 3422 3515; x_wconf 73' lang='grc' dir='ltr'><em>ἀναπλήρωσιν</em></span> <span class='ocrx_word' id='word_1_616' title='bbox 3466 3443 3558 3496; x_wconf 79' lang='grc' dir='ltr'><strong><em>τοῦ</em></strong></span> <span class='ocrx_word' id='word_1_617' title='bbox 3612 3445 3920 3510; x_wconf 74' lang='grc' dir='ltr'><em>νοήματος,</em></span> <span class='ocrx_word' id='word_1_618' title='bbox 3971 3440 4057 3492; x_wconf 84' lang='grc' dir='ltr'><strong><em>ἵνα</em></strong></span> <span class='ocrx_word' id='word_1_619' title='bbox 4190 3435 4404 3499; x_wconf 71' lang='grc' dir='ltr'><em>οὕτως’</em></span> <span class='ocrx_word' id='word_1_620' title='bbox 4447 3436 4512 3488; x_wconf 80' lang='lat' dir='ltr'><strong><em>Ei</em></strong></span> <span class='ocrx_word' id='word_1_621' title='bbox 4553 3436 4618 3488; x_wconf 71' lang='grc' dir='ltr'><em>δὲ</em></span> 
     </span>
    </p>
   </div>
   <div class='ocr_carea' id='block_1_87' title="bbox 3038 3526 4615 3609">
    <p class='ocr_par' dir='ltr' id='par_1_87' title="bbox 3038 3526 4615 3609">
     <span class='ocr_line' id='line_1_87' title="bbox 3038 3526 4615 3609; baseline -0.011 -16"><span class='ocrx_word' id='word_1_622' title='bbox 3038 3540 3257 3609; x_wconf 74' lang='grc' dir='ltr'><em>πνεῦμα</em></span> <span class='ocrx_word' id='word_1_623' title='bbox 3309 3537 3609 3608; x_wconf 78' lang='grc' dir='ltr'><em>ῆᾶγγελος</em></span> <span class='ocrx_word' id='word_1_624' title='bbox 3668 3534 3931 3603; x_wconf 78' lang='grc' dir='ltr'><em>ἐλάλησεν</em></span> <span class='ocrx_word' id='word_1_625' title='bbox 3987 3531 4137 3600; x_wconf 84' lang='grc' dir='ltr'><strong><em>αὑτῷ</em></strong></span> <span class='ocrx_word' id='word_1_626' title='bbox 4190 3529 4292 3597; x_wconf 82' lang='grc' dir='ltr'><strong><em>τὴν</em></strong></span> <span class='ocrx_word' id='word_1_627' title='bbox 4358 3526 4615 3597; x_wconf 81' lang='grc' dir='ltr'><strong><em>μηχανὴν</em></strong></span> 
     </span>
    </p>
   </div>
   <div class='ocr_carea' id='block_1_88' title="bbox 3037 3619 4611 3700">
    <p class='ocr_par' dir='ltr' id='par_1_88' title="bbox 3037 3619 4611 3700">
     <span class='ocr_line' id='line_1_88' title="bbox 3037 3619 4611 3700; baseline -0.009 -17"><span class='ocrx_word' id='word_1_628' title='bbox 3037 3632 3129 3683; x_wconf 74' lang='grc' dir='ltr'><strong><em>τοῦ</em></strong></span> <span class='ocrx_word' id='word_1_629' title='bbox 3158 3632 3341 3698; x_wconf 77' lang='grc' dir='ltr'><em>λόγου,</em></span> <span class='ocrx_word' id='word_1_630' title='bbox 3369 3630 3453 3681; x_wconf 79' lang='grc' dir='ltr'><strong><em>ἵνα</em></strong></span> <span class='ocrx_word' id='word_1_631' title='bbox 3467 3626 3683 3695; x_wconf 75' lang='grc' dir='ltr'>ἐκφύγῃ</span> <span class='ocrx_word' id='word_1_632' title='bbox 3703 3626 3799 3695; x_wconf 82' lang='grc' dir='ltr'><strong><em>τὴν</em></strong></span> <span class='ocrx_word' id='word_1_633' title='bbox 3828 3623 4146 3692; x_wconf 76' lang='grc' dir='ltr'><em>ἐπιϐουλὴν,</em></span> <span class='ocrx_word' id='word_1_634' title='bbox 4170 3621 4385 3690; x_wconf 69' lang='grc' dir='ltr'><em>ἄδηλον,</em></span> <span class='ocrx_word' id='word_1_635' title='bbox 4416 3619 4611 3700; x_wconf 80' lang='grc' dir='ltr'><strong><em>φησίν-</em></strong></span> 
     </span>
    </p>
   </div>
   <div class='ocr_carea' id='block_1_89' title="bbox 3037 3708 4613 3791">
    <p class='ocr_par' dir='ltr' id='par_1_89' title="bbox 3037 3708 4613 3791">
     <span class='ocr_line' id='line_1_89' title="bbox 3037 3708 4613 3791; baseline -0.011 -16"><span class='ocrx_word' id='word_1_636' title='bbox 3037 3724 3069 3791; x_wconf 79' lang='grc' dir='ltr'><strong>ῆ</strong></span> <span class='ocrx_word' id='word_1_637' title='bbox 3098 3723 3173 3785; x_wconf 85' lang='grc' dir='ltr'><em>ὠς</em></span> <span class='ocrx_word' id='word_1_638' title='bbox 3204 3722 3311 3774; x_wconf 84' lang='grc' dir='ltr'><strong><em>ἀπὸ</em></strong></span> <span class='ocrx_word' id='word_1_639' title='bbox 3352 3723 3463 3773; x_wconf 79' lang='grc' dir='ltr'><strong><em>τῶν</em></strong></span> <span class='ocrx_word' id='word_1_640' title='bbox 3489 3717 3801 3788; x_wconf 70' lang='grc' dir='ltr'><em>Φαρισαίων</em></span> <span class='ocrx_word' id='word_1_641' title='bbox 3846 3715 3908 3767; x_wconf 83' lang='grc' dir='ltr'><em>τὸ</em></span> <span class='ocrx_word' id='word_1_642' title='bbox 3944 3714 4097 3784; x_wconf 76' lang='grc' dir='ltr'><em>ῥῆμα</em></span> <span class='ocrx_word' id='word_1_643' title='bbox 4145 3712 4365 3765; x_wconf 78' lang='grc' dir='ltr'><em>λεκτέον</em></span> <span class='ocrx_word' id='word_1_644' title='bbox 4392 3726 4408 3741; x_wconf 89' lang='grc'><strong>·</strong></span> <span class='ocrx_word' id='word_1_645' title='bbox 4454 3709 4521 3760; x_wconf 81' lang='grc' dir='ltr'>Εἰ</span> <span class='ocrx_word' id='word_1_646' title='bbox 4552 3708 4613 3761; x_wconf 78' lang='grc' dir='ltr'><em>δὲ</em></span> 
     </span>
    </p>
   </div>
   <div class='ocr_carea' id='block_1_90' title="bbox 3039 3798 4613 3881">
    <p class='ocr_par' dir='ltr' id='par_1_90' title="bbox 3039 3798 4613 3881">
     <span class='ocr_line' id='line_1_90' title="bbox 3039 3798 4613 3881; baseline -0.011 -15"><span class='ocrx_word' id='word_1_647' title='bbox 3039 3815 3255 3881; x_wconf 79' lang='grc' dir='ltr'><em>πνεῦμα</em></span> <span class='ocrx_word' id='word_1_648' title='bbox 3304 3812 3566 3881; x_wconf 79' lang='grc' dir='ltr'><em>ἐλάλησεν</em></span> <span class='ocrx_word' id='word_1_649' title='bbox 3592 3806 3761 3877; x_wconf 81' lang='grc' dir='ltr'><em>αὐτῷ,</em></span> <span class='ocrx_word' id='word_1_650' title='bbox 3804 3807 3838 3877; x_wconf 79' lang='grc' dir='ltr'><strong>ἢ</strong></span> <span class='ocrx_word' id='word_1_651' title='bbox 3873 3805 4123 3872; x_wconf 76' lang='grc' dir='ltr'><em>ἄγγελος,</em></span> <span class='ocrx_word' id='word_1_652' title='bbox 4145 3804 4267 3858; x_wconf 78' lang='grc' dir='ltr'><strong><em>ἀντὶ</em></strong></span> <span class='ocrx_word' id='word_1_653' title='bbox 4292 3799 4412 3864; x_wconf 80' lang='grc' dir='ltr'><em>τοῦ,</em></span> <span class='ocrx_word' id='word_1_654' title='bbox 4450 3798 4613 3860; x_wconf 73' lang='grc' dir='ltr'><em>Ἰδοὺ,</em></span> 
     </span>
    </p>
   </div>
   <div class='ocr_carea' id='block_1_91' title="bbox 3035 3887 4613 3975">
    <p class='ocr_par' dir='ltr' id='par_1_91' title="bbox 3035 3887 4613 3975">
     <span class='ocr_line' id='line_1_91' title="bbox 3035 3887 4613 3975; baseline -0.013 -16"><span class='ocrx_word' id='word_1_655' title='bbox 3035 3911 3103 3959; x_wconf 83' lang='grc' dir='ltr'><em>τὰ</em></span> <span class='ocrx_word' id='word_1_656' title='bbox 3129 3906 3258 3975; x_wconf 75' lang='grc' dir='ltr'>περὶ</span> <span class='ocrx_word' id='word_1_657' title='bbox 3289 3903 3637 3961; x_wconf 81' lang='grc' dir='ltr'><em>ἀναστάσεως</em></span> <span class='ocrx_word' id='word_1_658' title='bbox 3667 3898 3866 3960; x_wconf 76' lang='grc' dir='ltr'><em>λαλῶν,</em></span> <span class='ocrx_word' id='word_1_659' title='bbox 3896 3895 4052 3965; x_wconf 81' lang='grc' dir='ltr'><em>δῆλός</em></span> <span class='ocrx_word' id='word_1_660' title='bbox 4081 3895 4231 3945; x_wconf 80' lang='grc' dir='ltr'><em>ἐστιν</em></span> <span class='ocrx_word' id='word_1_661' title='bbox 4261 3891 4294 3961; x_wconf 85' lang='grc' dir='ltr'>ἢ</span> <span class='ocrx_word' id='word_1_662' title='bbox 4318 3890 4409 3942; x_wconf 74' lang='grc' dir='ltr'><em>διὰ</em></span> <span class='ocrx_word' id='word_1_663' title='bbox 4431 3887 4613 3941; x_wconf 82' lang='grc' dir='ltr'><strong><em>[1νεὺ-</em></strong></span> 
     </span>
    </p>
   </div>
   <div class='ocr_carea' id='block_1_92' title="bbox 3040 3980 4613 4067">
    <p class='ocr_par' dir='ltr' id='par_1_92' title="bbox 3040 3980 4613 4067">
     <span class='ocr_line' id='line_1_92' title="bbox 3040 3980 4613 4067; baseline -0.011 -17"><span class='ocrx_word' id='word_1_664' title='bbox 3040 4015 3203 4067; x_wconf 84' lang='grc' dir='ltr'><em>ματος</em></span> <span class='ocrx_word' id='word_1_665' title='bbox 3241 3996 3399 4063; x_wconf 77' lang='grc' dir='ltr'><strong><em>ἁγίου</em></strong></span> <span class='ocrx_word' id='word_1_666' title='bbox 3438 3993 3472 4061; x_wconf 76' lang='grc' dir='ltr'><strong>ἢ</strong></span> <span class='ocrx_word' id='word_1_667' title='bbox 3528 3991 3596 4046; x_wconf 84' lang='grc' dir='ltr'><em>δι’</em></span> <span class='ocrx_word' id='word_1_668' title='bbox 3645 3989 3881 4058; x_wconf 83' lang='grc' dir='ltr'><strong><em>ἀγγέλου</em></strong></span> <span class='ocrx_word' id='word_1_669' title='bbox 3937 3983 4270 4053; x_wconf 71' lang='grc' dir='ltr'><strong><em>κατηχηθεὶς</em></strong></span> <span class='ocrx_word' id='word_1_670' title='bbox 4302 3984 4344 4014; x_wconf 81' lang='grc'><strong><em>⁷¹</em></strong></span> <span class='ocrx_word' id='word_1_671' title='bbox 4387 3982 4482 4033; x_wconf 79' lang='grc' dir='ltr'><strong><em>τὸν</em></strong></span> <span class='ocrx_word' id='word_1_672' title='bbox 4507 3980 4613 4048; x_wconf 73' lang='grc' dir='ltr'><em>τῆς</em></span> 
     </span>
    </p>
   </div>
   <div class='ocr_carea' id='block_1_93' title="bbox 3036 4073 4609 4148">
    <p class='ocr_par' dir='ltr' id='par_1_93' title="bbox 3036 4073 4609 4148">
     <span class='ocr_line' id='line_1_93' title="bbox 3036 4073 4609 4148; baseline -0.01 -10"><span class='ocrx_word' id='word_1_673' title='bbox 3036 4087 3388 4146; x_wconf 72' lang='grc' dir='ltr'><em>ἀναστάσεως</em></span> <span class='ocrx_word' id='word_1_674' title='bbox 3438 4082 3595 4148; x_wconf 77' lang='grc' dir='ltr'><em>λόγον</em></span> <span class='ocrx_word' id='word_1_675' title='bbox 3631 4082 3699 4133; x_wconf 75' lang='grc'><strong><em>⁷⁸.</em></strong></span> <span class='ocrx_word' id='word_1_676' title='bbox 3762 4076 4135 4141; x_wconf 74' lang='grc' dir='ltr'><strong><em>Εὑλαόηθεὶς</em></strong></span> <span class='ocrx_word' id='word_1_677' title='bbox 4178 4076 4211 4127; x_wconf 83' lang='lat' dir='ltr'><strong><em>d</em></strong></span> <span class='ocrx_word' id='word_1_678' title='bbox 4268 4073 4609 4141; x_wconf 78' lang='grc' dir='ltr'><em>χιλίαρχος.</em></span> 
     </span>
    </p>
   </div>
   <div class='ocr_carea' id='block_1_94' title="bbox 3035 4160 4612 4243">
    <p class='ocr_par' dir='ltr' id='par_1_94' title="bbox 3035 4160 4612 4243">
     <span class='ocr_line' id='line_1_94' title="bbox 3035 4160 4612 4243; baseline -0.011 -15"><span class='ocrx_word' id='word_1_679' title='bbox 3035 4176 3285 4228; x_wconf 74' lang='grc' dir='ltr'><em>Φοϐεἰται</em></span> <span class='ocrx_word' id='word_1_680' title='bbox 3332 4173 3407 4243; x_wconf 82' lang='grc' dir='ltr'><em>μὴ</em></span> <span class='ocrx_word' id='word_1_681' title='bbox 3452 4170 3785 4239; x_wconf 72' lang='grc' dir='ltr'><em>διασπασθῇ,</em></span> <span class='ocrx_word' id='word_1_682' title='bbox 3813 4166 4000 4235; x_wconf 78' lang='grc' dir='ltr'><em>ἐπειδὴ</em></span> <span class='ocrx_word' id='word_1_683' title='bbox 4030 4160 4183 4217; x_wconf 78' lang='grc' dir='ltr'><em>εἶπεν</em></span> <span class='ocrx_word' id='word_1_684' title='bbox 4213 4163 4297 4215; x_wconf 85' lang='grc' dir='ltr'><em>ὅτι</em></span> <span class='ocrx_word' id='word_1_685' title='bbox 4338 4160 4612 4229; x_wconf 80' lang='grc' dir='ltr'><em>Ῥωμαῖός</em></span> 
     </span>
    </p>
   </div>
   <div class='ocr_carea' id='block_1_95' title="bbox 3036 4253 4614 4329">
    <p class='ocr_par' dir='ltr' id='par_1_95' title="bbox 3036 4253 4614 4329">
     <span class='ocr_line' id='line_1_95' title="bbox 3036 4253 4614 4329; baseline -0.01 -10"><span class='ocrx_word' id='word_1_686' title='bbox 3036 4269 3185 4319; x_wconf 77' lang='grc' dir='ltr'><em>ἐστι’</em></span> <span class='ocrx_word' id='word_1_687' title='bbox 3238 4265 3332 4317; x_wconf 79' lang='grc' dir='ltr'><strong><em>καὶ</em></strong></span> <span class='ocrx_word' id='word_1_688' title='bbox 3379 4264 3479 4316; x_wconf 64' lang='grc' dir='ltr'><strong><em>οἰκ</em></strong></span> <span class='ocrx_word' id='word_1_689' title='bbox 3530 4261 3815 4313; x_wconf 78' lang='grc' dir='ltr'><strong><em>ἀκίνδυνον</em></strong></span> <span class='ocrx_word' id='word_1_690' title='bbox 3857 4253 3926 4329; x_wconf 74' lang='grc' dir='ltr'><strong><em>ἦν</em></strong></span> <span class='ocrx_word' id='word_1_691' title='bbox 3971 4257 4033 4308; x_wconf 83' lang='grc' dir='ltr'><em>τὸ</em></span> <span class='ocrx_word' id='word_1_692' title='bbox 4086 4256 4340 4325; x_wconf 64' lang='grc' dir='ltr'><em>πρᾶγμα.</em></span> <span class='ocrx_word' id='word_1_693' title='bbox 4402 4253 4514 4304; x_wconf 66' lang='grc' dir='ltr'><strong><em>Καὶ</em></strong></span> <span class='ocrx_word' id='word_1_694' title='bbox 4549 4254 4614 4304; x_wconf 77' lang='grc' dir='ltr'><em>τὸ</em></span> 
     </span>
    </p>
   </div>
   <div class='ocr_carea' id='block_1_96' title="bbox 3038 4336 4536 4427">
    <p class='ocr_par' dir='ltr' id='par_1_96' title="bbox 3038 4336 4536 4427">
     <span class='ocr_line' id='line_1_96' title="bbox 3038 4336 4536 4427; baseline -0.009 -17"><span class='ocrx_word' id='word_1_695' title='bbox 3038 4358 3353 4427; x_wconf 82' lang='grc' dir='ltr'><em>στράτευμα</em></span> <span class='ocrx_word' id='word_1_696' title='bbox 3385 4354 3570 4405; x_wconf 78' lang='grc' dir='ltr'><em>λοιπὸν</em></span> <span class='ocrx_word' id='word_1_697' title='bbox 3598 4349 3837 4422; x_wconf 74' lang='grc' dir='ltr'><em>ἁρπάζει</em></span> <span class='ocrx_word' id='word_1_698' title='bbox 3859 4347 4043 4413; x_wconf 72' lang='grc' dir='ltr'><em>αὑτὸν,</em></span> <span class='ocrx_word' id='word_1_699' title='bbox 4067 4346 4142 4409; x_wconf 82' lang='grc' dir='ltr'><em>ὡς</em></span> <span class='ocrx_word' id='word_1_700' title='bbox 4172 4345 4321 4409; x_wconf 82' lang='grc' dir='ltr'><em>ἴδιον,</em></span> <span class='ocrx_word' id='word_1_701' title='bbox 4355 4336 4536 4411; x_wconf 72' lang='grc' dir='ltr'><em>οἶμαι.</em></span> 
     </span>
    </p>
   </div>
   <div class='ocr_carea' id='block_1_97' title="bbox 3112 4524 4609 4605">
    <p class='ocr_par' dir='ltr' id='par_1_97' title="bbox 3112 4524 4609 4605">
     <span class='ocr_line' id='line_1_97' title="bbox 3112 4524 4609 4605; baseline -0.011 -13"><span class='ocrx_word' id='word_1_702' title='bbox 3112 4536 3189 4605; x_wconf 77' lang='grc' dir='ltr'><strong><em>Τῇ</em></strong></span> <span class='ocrx_word' id='word_1_703' title='bbox 3220 4535 3288 4589; x_wconf 81' lang='grc' dir='ltr'><em>δὲ</em></span> <span class='ocrx_word' id='word_1_704' title='bbox 3319 4535 3575 4602; x_wconf 82' lang='grc' dir='ltr'><em>ἐπιούσῃ</em></span> <span class='ocrx_word' id='word_1_705' title='bbox 3605 4533 3775 4587; x_wconf 78' lang='grc' dir='ltr'><em>νυκτὶ</em></span> <span class='ocrx_word' id='word_1_706' title='bbox 3811 4530 4065 4595; x_wconf 80' lang='grc' dir='ltr'><em>ἐπιστὰς</em></span> <span class='ocrx_word' id='word_1_707' title='bbox 4110 4524 4269 4591; x_wconf 83' lang='grc' dir='ltr'><strong><em>αὑτῷ</em></strong></span> <span class='ocrx_word' id='word_1_708' title='bbox 4307 4528 4340 4581; x_wconf 84' lang='grc' dir='ltr'><strong><em>δ</em></strong></span> <span class='ocrx_word' id='word_1_709' title='bbox 4369 4526 4609 4591; x_wconf 78' lang='grc' dir='ltr'><em>Κύριος,</em></span> 
     </span>
    </p>
   </div>
   <div class='ocr_carea' id='block_1_98' title="bbox 3036 4617 4612 4696">
    <p class='ocr_par' dir='ltr' id='par_1_98' title="bbox 3036 4617 4612 4696">
     <span class='ocr_line' id='line_1_98' title="bbox 3036 4617 4612 4696; baseline -0.01 -14"><span class='ocrx_word' id='word_1_710' title='bbox 3036 4624 3166 4683; x_wconf 74' lang='grc' dir='ltr'><em>εἶπε</em></span> <span class='ocrx_word' id='word_1_711' title='bbox 3190 4646 3203 4657; x_wconf 72' lang='grc'><strong><em>⁸</em></strong></span> <span class='ocrx_word' id='word_1_712' title='bbox 3242 4627 3459 4696; x_wconf 82' lang='grc' dir='ltr'><em>Θάρσει</em></span> <span class='ocrx_word' id='word_1_713' title='bbox 3485 4665 3500 4690; x_wconf 92' lang='grc'><strong><em>,</em></strong></span> <span class='ocrx_word' id='word_1_714' title='bbox 3541 4624 3781 4678; x_wconf 81' lang='grc' dir='ltr'><em>Παῦλε·</em></span> <span class='ocrx_word' id='word_1_715' title='bbox 3833 4622 3915 4687; x_wconf 85' lang='grc' dir='ltr'><em>ὡς</em></span> <span class='ocrx_word' id='word_1_716' title='bbox 3970 4623 4081 4689; x_wconf 81' lang='grc' dir='ltr'><em>γὰρ</em></span> <span class='ocrx_word' id='word_1_717' title='bbox 4132 4618 4494 4687; x_wconf 81' lang='grc' dir='ltr'><em>διεμαρτύρω</em></span> <span class='ocrx_word' id='word_1_718' title='bbox 4536 4617 4612 4668; x_wconf 82' lang='grc' dir='ltr'><em>τὰ</em></span> 
     </span>
    </p>
   </div>
   <div class='ocr_carea' id='block_1_99' title="bbox 3037 4708 4613 4787">
    <p class='ocr_par' dir='ltr' id='par_1_99' title="bbox 3037 4708 4613 4787">
     <span class='ocr_line' id='line_1_99' title="bbox 3037 4708 4613 4787; baseline -0.007 -16"><span class='ocrx_word' id='word_1_719' title='bbox 3037 4719 3170 4787; x_wconf 77' lang='grc' dir='ltr'><em>περὶ</em></span> <span class='ocrx_word' id='word_1_720' title='bbox 3200 4718 3345 4786; x_wconf 86' lang='grc' dir='ltr'><em>ἐμοῦ</em></span> <span class='ocrx_word' id='word_1_721' title='bbox 3379 4719 3467 4783; x_wconf 82' lang='grc' dir='ltr'><strong><em>εις</em></strong></span> <span class='ocrx_word' id='word_1_722' title='bbox 3514 4713 3932 4783; x_wconf 77' lang='grc' dir='ltr'><em>Ἰερουσαλὴμ,</em></span> <span class='ocrx_word' id='word_1_723' title='bbox 3982 4713 4139 4765; x_wconf 82' lang='grc' dir='ltr'><em>οὕτω</em></span> <span class='ocrx_word' id='word_1_724' title='bbox 4175 4726 4248 4763; x_wconf 91' lang='grc' dir='ltr'><strong><em>σε</em></strong></span> <span class='ocrx_word' id='word_1_725' title='bbox 4277 4708 4371 4763; x_wconf 85' lang='grc' dir='ltr'><em>δεῖ</em></span> <span class='ocrx_word' id='word_1_726' title='bbox 4406 4708 4504 4762; x_wconf 71' lang='grc' dir='ltr'><strong><em>καὶ</em></strong></span> <span class='ocrx_word' id='word_1_727' title='bbox 4541 4708 4613 4760; x_wconf 80' lang='grc' dir='ltr'><em>ἐν</em></span> 
     </span>
    </p>
   </div>
   <div class='ocr_carea' id='block_1_100' title="bbox 3047 4805 3737 4879">
    <p class='ocr_par' dir='ltr' id='par_1_100' title="bbox 3047 4805 3737 4879">
     <span class='ocr_line' id='line_1_100' title="bbox 3047 4805 3737 4879; baseline -0.007 -15"><span class='ocrx_word' id='word_1_728' title='bbox 3047 4811 3238 4879; x_wconf 78' lang='grc' dir='ltr'><strong><em>Ῥώμῃ</em></strong></span> <span class='ocrx_word' id='word_1_729' title='bbox 3266 4810 3312 4842; x_wconf 84' lang='grc'><strong><em>⁷³</em></strong></span> <span class='ocrx_word' id='word_1_730' title='bbox 3336 4805 3737 4878; x_wconf 79' lang='grc' dir='ltr'><em>μαρτυρῆσαι.</em></span> 
     </span>
    </p>
   </div>
   <div class='ocr_carea' id='block_1_101' title="bbox 3106 4893 4614 4969">
    <p class='ocr_par' dir='ltr' id='par_1_101' title="bbox 3106 4893 4614 4969">
     <span class='ocr_line' id='line_1_101' title="bbox 3106 4893 4614 4969; baseline -0.007 -14"><span class='ocrx_word' id='word_1_731' title='bbox 3106 4901 3445 4969; x_wconf 85' lang='grc' dir='ltr'><em>Γενομένης</em></span> <span class='ocrx_word' id='word_1_732' title='bbox 3495 4898 3563 4951; x_wconf 83' lang='grc' dir='ltr'><em>δὲ</em></span> <span class='ocrx_word' id='word_1_733' title='bbox 3618 4898 3749 4967; x_wconf 55' lang='grc' dir='ltr'><strong><em>ἡμέ,</em></strong></span> <span class='ocrx_word' id='word_1_734' title='bbox 3769 4914 3862 4963; x_wconf 85' lang='grc' dir='ltr'><strong><em>ας,</em></strong></span> <span class='ocrx_word' id='word_1_735' title='bbox 3907 4896 4274 4965; x_wconf 77' lang='grc' dir='ltr'><em>ποιήσαντές</em></span> <span class='ocrx_word' id='word_1_736' title='bbox 4296 4910 4458 4958; x_wconf 87' lang='grc' dir='ltr'><em>τινες</em></span> <span class='ocrx_word' id='word_1_737' title='bbox 4490 4893 4614 4946; x_wconf 66' lang='grc' dir='ltr'><strong><em>τῶν</em></strong></span> 
     </span>
    </p>
   </div>
   <div class='ocr_carea' id='block_1_102' title="bbox 3047 4985 4609 5059">
    <p class='ocr_par' dir='ltr' id='par_1_102' title="bbox 3047 4985 4609 5059">
     <span class='ocr_line' id='line_1_102' title="bbox 3047 4985 4609 5059; baseline -0.006 -12"><span class='ocrx_word' id='word_1_738' title='bbox 3047 4994 3352 5047; x_wconf 81' lang='grc' dir='ltr'><em>Ἰουδαίων</em></span> <span class='ocrx_word' id='word_1_739' title='bbox 3398 4991 3792 5059; x_wconf 59' lang='grc' dir='ltr'><em>συστροφὴν,</em></span> <span class='ocrx_word' id='word_1_740' title='bbox 3856 4989 4296 5058; x_wconf 80' lang='grc' dir='ltr'><em>ἀνεθεμάτισαν</em></span> <span class='ocrx_word' id='word_1_741' title='bbox 4351 4985 4609 5048; x_wconf 68' lang='grc' dir='ltr'><em>ἑαυτοὺς</em></span> 
     </span>
    </p>
   </div>
   <div class='ocr_carea' id='block_1_103' title="bbox 3036 5074 4613 5152">
    <p class='ocr_par' dir='ltr' id='par_1_103' title="bbox 3036 5074 4613 5152">
     <span class='ocr_line' id='line_1_103' title="bbox 3036 5074 4613 5152; baseline -0.007 -15"><span class='ocrx_word' id='word_1_742' title='bbox 3036 5086 3335 5152; x_wconf 75' lang='grc' dir='ltr'><em>λέγοντες,</em></span> <span class='ocrx_word' id='word_1_743' title='bbox 3362 5083 3514 5150; x_wconf 81' lang='grc' dir='ltr'><em>μήτε</em></span> <span class='ocrx_word' id='word_1_744' title='bbox 3542 5081 3774 5149; x_wconf 71' lang='grc' dir='ltr'><em>φαγεῖν,</em></span> <span class='ocrx_word' id='word_1_745' title='bbox 3820 5080 3968 5149; x_wconf 79' lang='grc' dir='ltr'><em>μήτε</em></span> <span class='ocrx_word' id='word_1_746' title='bbox 4000 5078 4177 5143; x_wconf 83' lang='grc' dir='ltr'><em>πιεῖν,</em></span> <span class='ocrx_word' id='word_1_747' title='bbox 4208 5078 4321 5142; x_wconf 81' lang='grc' dir='ltr'><em>ἕως</em></span> <span class='ocrx_word' id='word_1_748' title='bbox 4358 5074 4429 5133; x_wconf 84' lang='grc' dir='ltr'><em>οὗ</em></span> <span class='ocrx_word' id='word_1_749' title='bbox 4464 5077 4613 5128; x_wconf 62' lang='lat' dir='ltr'><strong><em>dae.</em></strong></span> 
     </span>
    </p>
   </div>
   <div class='ocr_carea' id='block_1_104' title="bbox 3039 5173 3750 5228">
    <p class='ocr_par' dir='ltr' id='par_1_104' title="bbox 3039 5173 3750 5228">
     <span class='ocr_line' id='line_1_104' title="bbox 3039 5173 3750 5228; baseline -0.003 0"><span class='ocrx_word' id='word_1_750' title='bbox 3039 5176 3317 5228; x_wconf 81' lang='grc' dir='ltr'><em>κτείνωσι</em></span> <span class='ocrx_word' id='word_1_751' title='bbox 3349 5174 3456 5225; x_wconf 79' lang='grc' dir='ltr'><em>τὸν</em></span> <span class='ocrx_word' id='word_1_752' title='bbox 3482 5173 3750 5226; x_wconf 80' lang='grc' dir='ltr'><em>Παῦλον.</em></span> 
     </span>
    </p>
   </div>
   <div class='ocr_carea' id='block_1_105' title="bbox 3110 5258 4615 5328">
    <p class='ocr_par' dir='ltr' id='par_1_105' title="bbox 3110 5258 4615 5328">
     <span class='ocr_line' id='line_1_105' title="bbox 3110 5258 4615 5328; baseline -0.005 -12"><span class='ocrx_word' id='word_1_753' title='bbox 3110 5262 3314 5316; x_wconf 82' lang='grc' dir='ltr'><em>Ἦσαν</em></span> <span class='ocrx_word' id='word_1_754' title='bbox 3358 5262 3427 5315; x_wconf 82' lang='grc' dir='ltr'><em>δὲ</em></span> <span class='ocrx_word' id='word_1_755' title='bbox 3475 5263 3723 5326; x_wconf 79' lang='grc' dir='ltr'><em>πλειους</em></span> <span class='ocrx_word' id='word_1_756' title='bbox 3776 5258 4235 5328; x_wconf 79' lang='grc' dir='ltr'><em>τεσσαράκοντα</em></span> <span class='ocrx_word' id='word_1_757' title='bbox 4290 5261 4344 5312; x_wconf 87' lang='lat' dir='ltr'><strong><em>al</em></strong></span> <span class='ocrx_word' id='word_1_758' title='bbox 4382 5260 4615 5324; x_wconf 71' lang='grc' dir='ltr'><em>ταύτην</em></span> 
     </span>
    </p>
   </div>
   <div class='ocr_carea' id='block_1_106' title="bbox 3041 5351 4050 5421">
    <p class='ocr_par' dir='ltr' id='par_1_106' title="bbox 3041 5351 4050 5421">
     <span class='ocr_line' id='line_1_106' title="bbox 3041 5351 4050 5421; baseline 0 -16"><span class='ocrx_word' id='word_1_759' title='bbox 3041 5352 3154 5419; x_wconf 67' lang='grc' dir='ltr'><em>τὴν</em></span> <span class='ocrx_word' id='word_1_760' title='bbox 3188 5353 3579 5421; x_wconf 82' lang='grc' dir='ltr'><em>συνωμοσίαν</em></span> <span class='ocrx_word' id='word_1_761' title='bbox 3616 5351 4013 5418; x_wconf 77' lang='grc' dir='ltr'><em>πεποιηκότες</em></span> <span class='ocrx_word' id='word_1_762' title='bbox 4035 5366 4050 5381; x_wconf 83' lang='grc'><strong>’</strong></span> 
     </span>
    </p>
   </div>
   <div class='ocr_carea' id='block_1_107' title="bbox 2525 5544 3399 5608">
    <p class='ocr_par' dir='ltr' id='par_1_107' title="bbox 2525 5544 3399 5608">
     <span class='ocr_line' id='line_1_107' title="bbox 2525 5544 3399 5608; baseline 0 -5"><span class='ocrx_word' id='word_1_763' title='bbox 2525 5544 2720 5605; x_wconf 65' lang='lat' dir='ltr'><strong><em>Variis</em></strong></span> <span class='ocrx_word' id='word_1_764' title='bbox 2752 5545 3058 5608; x_wconf 87' lang='lat' dir='ltr'><strong><em>lectiones</em></strong></span> <span class='ocrx_word' id='word_1_765' title='bbox 3104 5556 3165 5608; x_wconf 87' lang='lat' dir='ltr'><strong><em>et</em></strong></span> <span class='ocrx_word' id='word_1_766' title='bbox 3208 5554 3399 5608; x_wconf 63' lang='lat' dir='ltr'><strong><em>notae.</em></strong></span> 
     </span>
    </p>
   </div>
   <div class='ocr_carea' id='block_1_108' title="bbox 1440 5676 3249 5749">
    <p class='ocr_par' dir='ltr' id='par_1_108' title="bbox 1440 5676 3249 5749">
     <span class='ocr_line' id='line_1_108' title="bbox 1440 5676 3249 5749; baseline 0.002 -21"><span class='ocrx_word' id='word_1_767' title='bbox 1440 5678 1484 5749; x_wconf 53' lang='grc' dir='ltr'><strong><em>ξ’</em></strong></span> <span class='ocrx_word' id='word_1_768' title='bbox 1513 5679 1561 5729; x_wconf 81' lang='grc' dir='ltr'><em>οἱ</em></span> <span class='ocrx_word' id='word_1_769' title='bbox 1612 5679 1665 5731; x_wconf 87' lang='lat' dir='ltr'><strong><em>in</em></strong></span> <span class='ocrx_word' id='word_1_770' title='bbox 1723 5678 1948 5749; x_wconf 82' lang='lat' dir='ltr'><strong><em>vulgatis</em></strong></span> <span class='ocrx_word' id='word_1_771' title='bbox 1978 5678 2349 5749; x_wconf 77' lang='lat' dir='ltr'><strong><em>desideratur.</em></strong></span> <span class='ocrx_word' id='word_1_772' title='bbox 2428 5677 2470 5709; x_wconf 80' lang='lat'><strong>”</strong></span> <span class='ocrx_word' id='word_1_773' title='bbox 2503 5676 2566 5729; x_wconf 88' lang='lat' dir='ltr'><strong><em>In</em></strong></span> <span class='ocrx_word' id='word_1_774' title='bbox 2610 5677 2837 5743; x_wconf 87' lang='lat' dir='ltr'><strong><em>vulgatis</em></strong></span> <span class='ocrx_word' id='word_1_775' title='bbox 2877 5679 2970 5732; x_wconf 78' lang='grc' dir='ltr'><strong><em>τοῦ</em></strong></span> <span class='ocrx_word' id='word_1_776' title='bbox 3031 5681 3249 5749; x_wconf 77' lang='grc' dir='ltr'><em>μέρους.</em></span> 
     </span>
    </p>
   </div>
   <div class='ocr_carea' id='block_1_109' title="bbox 3326 5677 4611 5751">
    <p class='ocr_par' dir='ltr' id='par_1_109' title="bbox 3326 5677 4611 5751">
     <span class='ocr_line' id='line_1_109' title="bbox 3326 5677 4611 5751; baseline -0.002 -18"><span class='ocrx_word' id='word_1_777' title='bbox 3326 5681 3370 5711; x_wconf 79' lang='grc'>⁷⁸</span> <span class='ocrx_word' id='word_1_778' title='bbox 3404 5679 3465 5733; x_wconf 89' lang='lat' dir='ltr'><strong><em>In</em></strong></span> <span class='ocrx_word' id='word_1_779' title='bbox 3506 5680 3731 5748; x_wconf 86' lang='lat' dir='ltr'><strong><em>vulgatis</em></strong></span> <span class='ocrx_word' id='word_1_780' title='bbox 3767 5678 4029 5746; x_wconf 71' lang='grc' dir='ltr'><em>ἐλάλησεν</em></span> <span class='ocrx_word' id='word_1_781' title='bbox 4058 5677 4246 5751; x_wconf 76' lang='grc' dir='ltr'><em>αὐτῷ.</em></span> <span class='ocrx_word' id='word_1_782' title='bbox 4270 5748 4295 5751; x_wconf 29' lang='grc' dir='ltr'><strong><em>Α</em></strong></span> <span class='ocrx_word' id='word_1_783' title='bbox 4322 5679 4366 5711; x_wconf 73' lang='grc' dir='ltr'><strong><em>’ί</em></strong></span> <span class='ocrx_word' id='word_1_784' title='bbox 4406 5697 4611 5751; x_wconf 73' lang='grc' dir='ltr'><strong><em>κατηχ-</em></strong></span> 
     </span>
    </p>
   </div>
   <div class='ocr_carea' id='block_1_110' title="bbox 1368 5729 3261 5823">
    <p class='ocr_par' dir='ltr' id='par_1_110' title="bbox 1368 5729 3261 5823">
     <span class='ocr_line' id='line_1_110' title="bbox 1368 5729 3261 5823; baseline 0.004 -26"><span class='ocrx_word' id='word_1_785' title='bbox 1368 5748 1577 5823; x_wconf 66' lang='grc' dir='ltr'><em>ρηθεὶς,</em></span> <span class='ocrx_word' id='word_1_786' title='bbox 1611 5729 1768 5823; x_wconf 30' lang='lat' dir='ltr'><strong><em>erat;</em></strong></span> <span class='ocrx_word' id='word_1_787' title='bbox 1813 5729 1868 5779; x_wconf 49' lang='grc' dir='ltr'><strong><em>’ξ’</em></strong></span> <span class='ocrx_word' id='word_1_788' title='bbox 1896 5729 2209 5823; x_wconf 76' lang='lat' dir='ltr'><strong><em>Scholiastes</em></strong></span> <span class='ocrx_word' id='word_1_789' title='bbox 2233 5748 2314 5799; x_wconf 84' lang='lat' dir='ltr'><strong><em>hic</em></strong></span> <span class='ocrx_word' id='word_1_790' title='bbox 2349 5765 2449 5823; x_wconf 80' lang='lat' dir='ltr'><strong><em>non</em></strong></span> <span class='ocrx_word' id='word_1_791' title='bbox 2472 5729 2675 5799; x_wconf 83' lang='lat' dir='ltr'><strong><em>videtur</em></strong></span> <span class='ocrx_word' id='word_1_792' title='bbox 2700 5729 2896 5823; x_wconf 36' lang='lat' dir='ltr'><strong><em>“legisse</em></strong></span> <span class='ocrx_word' id='word_1_793' title='bbox 2916 5729 3159 5823; x_wconf 23' lang='lat' dir='ltr'><strong><em>*euu‘éilid</em></strong></span> 
     </span>
    </p>
   </div>
   <div class='ocr_carea' id='block_1_111' title="bbox 2721 5729 4614 5823">
    <p class='ocr_par' dir='ltr' id='par_1_111' title="bbox 2721 5729 4614 5823">
     <span class='ocr_line' id='line_1_111' title="bbox 2721 5729 4614 5823; baseline 0.004 -23"><span class='ocrx_word' id='word_1_794' title='bbox 2721 5729 2896 5823; x_wconf 39' lang='lat' dir='ltr'><strong><em>tu...</em></strong></span> <span class='ocrx_word' id='word_1_795' title='bbox 2916 5729 3297 5823; x_wconf 50' lang='lat' dir='ltr'><strong><em>sanans</em></strong></span> <span class='ocrx_word' id='word_1_796' title='bbox 3330 5729 4022 5823; x_wconf 46' lang='lat' dir='ltr'><strong><em>sit..;.;.s&quot;;&#39;;..&#39;mp.;,.s</em></strong></span> <span class='ocrx_word' id='word_1_797' title='bbox 4047 5729 4614 5823; x_wconf 49' lang='grc' dir='ltr'><strong><em>οέδιιάκωμεν’,’“ξίιέε</em></strong></span> 
     </span>
    </p>
   </div>
   <div class='ocr_carea' id='block_1_112' title="bbox 1370 5817 3263 5890">
    <p class='ocr_par' dir='ltr' id='par_1_112' title="bbox 1370 5817 3262 5890">
     <span class='ocr_line' id='line_1_112' title="bbox 1370 5817 3262 5890; baseline -0.001 -19"><span class='ocrx_word' id='word_1_798' title='bbox 1370 5820 1424 5871; x_wconf 82' lang='lat' dir='ltr'><strong><em>in</em></strong></span> <span class='ocrx_word' id='word_1_799' title='bbox 1455 5818 1667 5888; x_wconf 87' lang='lat' dir='ltr'><strong><em>vulgata</em></strong></span> <span class='ocrx_word' id='word_1_800' title='bbox 1696 5819 1850 5873; x_wconf 88' lang='lat' dir='ltr'><strong><em>etiam</em></strong></span> <span class='ocrx_word' id='word_1_801' title='bbox 1882 5818 2224 5873; x_wconf 80' lang='lat' dir='ltr'><strong><em>translatione</em></strong></span> <span class='ocrx_word' id='word_1_802' title='bbox 2242 5820 2507 5884; x_wconf 80' lang='lat' dir='ltr'><strong><em>pra&#39;terita</em></strong></span> <span class='ocrx_word' id='word_1_803' title='bbox 2532 5829 2673 5873; x_wconf 88' lang='lat' dir='ltr'><strong><em>sunt.</em></strong></span> <span class='ocrx_word' id='word_1_804' title='bbox 2750 5820 2794 5849; x_wconf 83' lang='grc'><strong>⁷³</strong></span> <span class='ocrx_word' id='word_1_805' title='bbox 2818 5817 2881 5872; x_wconf 86' lang='lat' dir='ltr'><strong><em>lu</em></strong></span> <span class='ocrx_word' id='word_1_806' title='bbox 2915 5821 3137 5890; x_wconf 86' lang='lat' dir='ltr'><strong><em>vulgatis</em></strong></span> <span class='ocrx_word' id='word_1_807' title='bbox 3170 5817 3262 5888; x_wconf 76' lang='lat' dir='ltr'><strong><em>est,</em></strong></span> 
     </span>
    </p>
   </div>
   <div class='ocr_carea' id='block_1_113' title="bbox 2256 5817 4149 5890">
    <p class='ocr_par' dir='ltr' id='par_1_113' title="bbox 2256 5817 4149 5890">
     <span class='ocr_line' id='line_1_113' title="bbox 2256 5817 4149 5890; baseline 0.004 -22"><span class='ocrx_word' id='word_1_808' title='bbox 2256 5820 2507 5872; x_wconf 63' lang='lat' dir='ltr'><strong><em>.irtt&#39;terita</em></strong></span> <span class='ocrx_word' id='word_1_809' title='bbox 2532 5829 2673 5873; x_wconf 87' lang='lat' dir='ltr'><strong><em>sunt.</em></strong></span> <span class='ocrx_word' id='word_1_810' title='bbox 2750 5820 2794 5849; x_wconf 84' lang='grc'><strong>⁷³</strong></span> <span class='ocrx_word' id='word_1_811' title='bbox 2818 5817 2881 5872; x_wconf 86' lang='lat' dir='ltr'><strong><em>lu</em></strong></span> <span class='ocrx_word' id='word_1_812' title='bbox 2915 5821 3137 5890; x_wconf 86' lang='lat' dir='ltr'><strong><em>vulgatis</em></strong></span> <span class='ocrx_word' id='word_1_813' title='bbox 3170 5817 3262 5888; x_wconf 76' lang='lat' dir='ltr'><strong><em>est,</em></strong></span> <span class='ocrx_word' id='word_1_814' title='bbox 3294 5817 3434 5874; x_wconf 73' lang='grc' dir='ltr'><em>οὓτω</em></span> <span class='ocrx_word' id='word_1_815' title='bbox 3466 5838 3523 5874; x_wconf 79' lang='grc' dir='ltr'><strong><em>σε</em></strong></span> <span class='ocrx_word' id='word_1_816' title='bbox 3550 5822 3628 5873; x_wconf 75' lang='grc' dir='ltr'><strong><em>δεῖ</em></strong></span> <span class='ocrx_word' id='word_1_817' title='bbox 3665 5820 3759 5874; x_wconf 69' lang='grc' dir='ltr'><strong><em>καὶ</em></strong></span> <span class='ocrx_word' id='word_1_818' title='bbox 3797 5817 3876 5883; x_wconf 74' lang='grc' dir='ltr'><strong><em>εἷς</em></strong></span> <span class='ocrx_word' id='word_1_819' title='bbox 3908 5817 4149 5890; x_wconf 70' lang='grc' dir='ltr'><em>Ῥώμην.</em></span> 
     </span>
    </p>
   </div>
  </div>
