4794 6454
1333 408 1439 472 823

2262 398 2835 474 TllEUPllYLAC’l‘l
2874 416 3280 475 BULGAIile
3321 415 3671 475 AliClllEl‘.

4502 410 4613 474 821

1335 521 1650 576 accuratius
1698 536 1859 591 quam
1912 531 2135 576 cmtcras
2164 531 2340 577 sectas
2374 522 2628 577 Judaicas
2679 524 2910 578 scrutari
2942 528 2988 583 Α
3016 524 3127 589 ϐῶξ
3158 526 3201 557 ⁸⁷

2716 524 2910 578 crutari
2942 528 2988 583 Α
3016 524 3127 589 ὅῶς
3158 526 3201 557 ⁸⁷
3228 525 3283 578 δὲ
3313 521 3458 587 εἶπε,
3501 526 3595 578 καὶ
3635 526 3735 577 οὐκ
3788 523 4003 594 ἀληθῶς
4026 541 4037 552 -
4072 522 4132 575 οὗ
4172 521 4277 592 γὰρ
4305 520 4452 593 εἶχεν
4498 523 4609 594 τὴν

1336 621 1392 664 ct
1452 613 1760 666 examinare
1812 611 2139 682 Seripturas.
2185 613 2664 667 Accuratissimam
2706 624 2909 679 autem,

1337 717 1435 756 seu
1466 702 1949 772 exquisitissimam
1975 705 2115 759 dixit
2159 715 2388 769 sectam,
2443 714 2499 760 et
2534 721 2642 760 non
2694 707 2916 760 verissi-

1335 810 1515 849 mam:
1544 811 1653 850 non
1685 798 1831 852 enim
1865 812 1990 852 vera
2017 799 2244 853 scientia
2279 797 2681 869 Scripturarum
2704 800 2915 868 praediti

1334 895 1514 939 erant.
1557 886 1725 957 Igitur
1756 887 1844 942 illa
1891 899 2145 943 accurata
2189 889 2326 944 ratio
2377 892 2584 943 minuta
2644 890 2918 945 subtiliter

3023 616 3199 687 ἀληθῆ
3230 617 3339 669 τῶν
3372 619 3604 687 Γραφῶν
3636 616 3855 684 γνῶσιν.
3890 617 3956 668 Ἦ
3986 611 4079 668 οὖν
4108 616 4364 685 ἀκρίϐεια
4405 618 4613 667 λεπτο-

3024 710 3174 776 λογεί
3208 709 3303 762 καὶ
3346 709 3760 776 συλλογίζεταιν
3806 709 3867 760 οὐ
3903 707 4008 777 μὴν
4062 706 4143 759 ἔτι
4184 706 4400 768 πάντως
4438 706 4609 773 γινώ-

3028 816 3147 852 σκει
3188 799 3251 851 τὸ
3301 799 3379 865 ὃν,
3409 800 3524 853 ἀλλ’
3555 799 3701 852 ἔστιν
3744 800 3831 852 ὅτε
3878 800 3973 851 καὶ
4005 798 4329 867 φρεναπατᾷ
4364 814 4448 859 τις
4476 798 4612 850 ἑαυ-

3030 892 3143 946 τόν.

1338 981 1715 1049 perscquitur,
1756 990 1809 1035 ct
1866 982 2171 1036 rationibus
2217 984 2461 1052 qua'sitis
2497 984 2705 1054 colligit
2754 992 2919 1054 atque
2957 984 3277 1039 concludit:
3311 984 3419 1040 no'n
3454 996 3633 1041 tamen
3688 985 3869 1041 adhuc
3930 998 4156 1056 prorsus
4219 982 4608 1055 intelligitrom

1333 1073 1529 1142 ipsam,
1568 1074 1661 1128 sed
1678 1089 2070 1143 nonnunquam
2104 1092 2235 1131 suus
2275 1077 2489 1132 animus
2525 1093 2732 1146 suaque
2767 1092 2925 1131 mens
2958 1085 3013 1133 et
3042 1078 3227 1147 opinio
3249 1079 3485 1148 aliquem
3532 1079 3688 1135 fallit.

1410 1167 1569 1221 Vens.
1599 1169 1652 1222 9.
1686 1168 1793 1237 Ego
1818 1184 1934 1220 vero
1972 1178 2267 1222 statueram
2302 1170 2427 1222 milii
2468 1169 2634 1222 multa
2663 1169 2915 1222 adversus

1334 1276 1519 1313 nomen
1545 1258 1580 1312 Ι
1586 1277 1673 1312 esu
1694 1259 1967 1315 Nazareni
1996 1280 2101 1316 esse
2127 1265 2327 1331 agenda
2356 1280 2371 1314 :

1400 1440 1569 1495 Vens.
1594 1441 1677 1495 l0.
1702 1442 1854 1508 Quod
1887 1444 2047 1497 etiam
2066 1444 2165 1513 feci
2208 1443 2606 1516 Hierosolymis,
2635 1456 2683 1499 et
2725 1448 2913 1501 multos

1334 1542 1543 1586 sanctos
1561 1550 1672 1603 ego,
1696 1543 2000 1602 potestatem
2020 1553 2051 1587 a
2066 1537 2383 1605 principibus
2405 1540 2735 1592 sacerdotum
2752 1542 2915 1610 adep-

1338 1637 1439 1690 tus,
1485 1630 1779 1682 carceribus
1850 1629 2143 1695 inclusiLet
2182 1648 2298 1684 cum
2350 1633 2708 1686 occiderentur
2753 1634 2914 1687 detuli

1332 1718 1663 1771 sententiam.

3096 1168 3244 1236 Ἐγὼ
3267 1169 3384 1238 μὲν
3437 1166 3543 1223 οὖν
3601 1169 3783 1233 ἔδοξα
3833 1169 4069 1237 ἐμαυτῷ
4101 1168 4253 1236 πρὸς
4307 1167 4371 1219 τὸ
4412 1167 4609 1238 ὄνομα

3022 1259 3131 1313 τοῦ
3163 1260 3207 1291 ⁸⁸
3242 1259 3433 1327 Ἰησοῦ
3460 1259 3569 1314 τοῦ
3601 1260 3935 1329 Ναζωραίου
3968 1259 4096 1313 δεῖν
4124 1257 4324 1312 πολλὰ
4353 1258 4607 1312 ἐναντιά

3022 1354 3241 1423 πρᾶξαι
3267 1372 3280 1386 ·

3098 1448 3169 1500 Ὅ
3194 1446 3290 1499 καί
3326 1446 3586 1510 ἐποίησα
3617 1445 3688 1498 ἐν
3713 1442 4175 1513 Ἰεροσολύμοις,
4203 1444 4301 1497 καὶ
4329 1444 4606 1509 πολλοὺς

3014 1537 3134 1590 τῶν
3160 1536 3347 1606 ἁγίων
3390 1536 3504 1605 ἐγὼ
3532 1536 3835 1605 φυλακαῖς
3864 1537 4248 1598 κατέκλεισα,
4280 1536 4395 1602 τὴν
4439 1537 4605 1604 παρὰ

3014 1630 3134 1683 τῶν
3157 1629 3478 1699 ἀρχιερέων
3498 1630 3786 1693 ἐξουσίαν
3812 1628 4033 1695 λαϐὼν,
4060 1626 4506 1696 ἀναιρουμένων
4535 1642 4603 1678 τε

3018 1723 3219 1777 αὐτῶν
3254 1722 3592 1791 κατήνεγκα
3612 1721 3824 1791 ψῆφον
3845 1738 3859 1754 ο

1404 1806 1570 1864 Vens.
1607 1812 1691 1865 Η.
1727 1812 1799 1865 Ac
1826 1813 1880 1865 in
1902 1814 2139 1866 omnibus
2172 1816 2475 1885 synagogis,
2504 1832 2643 1884 swpe
2665 1816 2910 1871 crucians
2946 1826 2985 1879 Β
3084 1818 3191 1870 Καὶ
3222 1832 3297 1869 κα

2710 1816 2910 1871 ἠεἱαηδ
2946 1826 2985 1879 Β
3084 1818 3191 1870 Kal
3222 1815 3373 1869 κατὰ
3415 1815 3618 1880 πάσας
3651 1814 3759 1879 τὰς
3788 1814 4145 1883 συναγωγὰς
4174 1812 4473 1876 πολλάκις
4518 1828 4603 1862 τι-

1337 1915 1445 1962 eos,
1470 1904 1712 1971 cogebam
1749 1905 1903 1958 verba
1934 1907 2119 1973 impia,
2188 1908 2373 1975 quibus
2407 1909 2585 1961 divina
2664 1907 2917 1975 majestas

1336 1992 1646 2053 lardcretur,
1702 1996 1934 2063 proferre
1976 2016 1991 2049 :
2034 2014 2097 2049 ac
2146 1998 2468 2051 vehementer
2522 2000 2700 2068 furens
2749 2000 2805 2050 in
2853 2000 2917 2051 il-

1331 2084 1434 2150 los,
1472 2088 1817 2155 persequebar
1872 2105 1955 2141 eos
1984 2090 2143 2141 etiam
2172 2090 2239 2141 ad
2277 2100 2481 2144 exteras
2514 2108 2672 2160 usque
2734 2091 2915 2143 civita-

1332 2189 1428 2234 tes.

1410 2270 1722 2326 Statueram
1758 2274 1905 2326 mihi.
1950 2272 2429 2338 Existimaveram,
2458 2274 2654 2343 inquit,
2685 2290 2807 2330 meo
2828 2275 2915 2343 ju—

1335 2362 1479 2417 dicio
1501 2364 1720 2432 proprio
1748 2365 1852 2419 hoc
1877 2366 1956 2419 sic
2008 2363 2119 2419 ﬁeri
2145 2374 2418 2434 oportere.
2473 2367 2545 2418 Ac
2592 2367 2915 2419 vehementer

1330 2455 1512 2523 furens
1545 2454 1600 2506 in
1636 2455 1773 2507 illos.
1807 2454 1939 2508 Nam
1984 2454 2074 2522 qui
2104 2454 2315 2507 occulta
2353 2456 2401 2507 vi
2444 2454 2708 2508 diabolica
2734 2455 2913 2509 ctdae-

1331 2562 1555 2601 monum
1586 2546 1844 2600 instinctu
1910 2546 2169 2600 stimulati
2216 2558 2394 2608 erant,
2436 2546 2674 2601 absurda
2699 2562 2763 2601 ac
2793 2548 2910 2602 dira

1327 2639 1577 2707 quaedam
1608 2637 2380 2702 faciebant,quemadmodum
2421 2638 2610 2691 furiosi
2643 2657 2654 2690 :
2686 2647 2779 2692 aut
2802 2638 2911 2693 l‘or-

1329 2731 1472 2784 sitan
1492 2730 1652 2783 ctiam
1692 2730 1925 2797 amplius
1950 2744 2012 2781 ac
2060 2730 2442 2782 vehementius
2486 2744 2586 2799 cgo
2636 2745 2799 2797 quam
2834 2730 2907 2783 illi

1330 2820 1605 2879 furcbam,
1626 2818 2069 2889 quandoquidem
2098 2828 2293 2887 sponte
2312 2820 2539 2889 agebam
2567 2829 2731 2889 atque
2780 2835 2911 2875 con-

1330 2912 1476 2968 sulto
1501 2912 1642 2981 quod
1671 2912 1871 2965 malum
1895 2923 2028 2964 erat.

1405 3003 1567 3059 Vens.
1598 3004 1683 3057 19.
1726 3004 1841 3069 Quo
1864 3014 2091 3073 tempore
2113 3007 2269 3057 etiam
2326 3020 2443 3055 cum
2473 3012 2729 3071 potestate
2752 3014 2909 3071 atque

1331 3098 1695 3152 commissione
1726 3106 1774 3151 et
1797 3098 2049 3150 mandato
2082 3106 2292 3165 accepto
2316 3113 2347 3149 a
2379 3096 2703 3163 principibus
2734 3110 2903 3147 sacer-

1330 3201 1511 3243 aotum
1540 3190 1905 3258 proﬁciscebar
1934 3190 2277 3251 Damascum,

1404 3279 1569 3334 Vens.
1607 3279 1691 3332 l3.
1724 3278 1823 3331 Die
1852 3280 2022 3331 medio
2047 3279 2100 3330 in
2132 3279 2217 3330 via
2244 3279 2371 3343 vidi,
2408 3292 2519 3341 rex,
2550 3278 2613 3330 de
2633 3278 2757 3329 caelo
2784 3276 2909 3328 solis

1330 3369 1607 3436 splendore
1632 3368 1832 3421 clarius
1855 3368 2027 3422 lumen
2062 3385 2143 3421 me
2169 3377 2216 3421 et
2241 3384 2324 3422 eos
2352 3368 2440 3437 qui
2499 3384 2698 3420 mecum
2740 3368 2907 3429 ibant,

1329 3457 1748 3529 rircumfulgere.

1400 3636 1567 3692 Vens.
1603 3636 1689 3690 Η.
1727 3636 1860 3689 Cum
1890 3644 2182 3688 antemnas
2211 3650 2388 3687 omnes
2439 3634 2804 3687 cecidissemus
2856 3638 2911 3686 in

1331 3737 1552 3787 terram.
1592 3727 1775 3779 audivi
1812 3742 1985 3778 vocem
2013 3724 2363 3794 alloquentem
2396 3740 2477 3776 me
2524 3740 2588 3776 ac
2651 3722 2910 3778 Hebraico

1328 3833 1565 3870 sermone
1596 3819 1849 3870 dicentem
1875 3831 1891 3867 .·
1924 3814 2080 3880 Saul,
2120 3813 2273 3877 Saul,
2318 3814 2478 3884 1'76
2502 3831 2594 3865 cur
2613 3831 2694 3867 me
2734 3831 2909 3883 perse-

1329 3909 1553 3977 quc-ris?
1606 3910 1796 3961 durum
1826 3916 1901 3961 est
1956 3908 2049 3961 tibi
2106 3916 2289 3960 contra
2319 3905 2559 3959 stimulos
2613 3906 2909 3963 calcitrare.

1403 3996 1566 4052 Vens.
1600 3997 1815 4066 l5.Ego
1846 4011 1965 4051 vero
1991 3997 2138 4049 dixi:
2161 3996 2288 4060 Quis
2322 4012 2395 4058 es,
2424 3993 2649 4048 Domine
2671 3998 2696 4050 ?
2726 3996 2791 4049 At
2822 3996 2913 4051 ille

1332 4090 1469 4143 dixit
1498 4105 1514 4141 .'
1538 4088 1652 4158 Ego
1670 4104 1786 4141 sum
1819 4086 1975 4141 Jesus
1993 4103 2144 4155 quem
2174 4096 2229 4139 tu
2283 4089 2626 4157 persequeris.

1400 4201 1563 4258 Vens.
1613 4184 1709 4255 '16.
1771 4202 1875 4256 Sed
1920 4218 2112 4271 surge,
2174 4211 2335 4273 atque
2376 4206 2601 4257 consiste
2664 4206 2716 4257 in
2760 4209 2912 4273 pedes
2998 4200 3001 4203 “

1331 4304 1469 4350 tuos.
1488 4295 1627 4349 Nam
1643 4296 1837 4348 idcirco
1856 4296 2085 4363 apparui
2106 4293 2281 4359 tibi,ut
2300 4296 2529 4365 deligam
2549 4305 2596 4349 te
2612 4297 2913 4351 ministrum

1331 4405 1394 4442 ac
1430 4395 1610 4442 testem
1636 4402 1819 4440 earum
1846 4402 2042 4452 rerum,
2076 4402 2208 4455 quas
2232 4395 2281 4439 et
2314 4387 2510 4450 vidisti,
2552 4396 2600 4439 et
2645 4389 2698 4439 in
2730 4389 2914 4454 quibus

1329 4477 1423 4531 tibi
1442 4477 1726 4546 apparebo,

1402 4588 1565 4642 Vens.
1587 4586 1674 4651 i7,
1711 4586 1959 4641 lfximens
1990 4596 2038 4639 te
2052 4601 2114 4639 ea:
2138 4588 2329 4655 populo
2366 4588 2482 4650 hac,
2506 4596 2553 4639 et
2580 4592 2907 4653 nationibus,

1326 4683 1395 4735 ad
1424 4698 1555 4751 quas
1576 4697 1667 4751 ego
1692 4684 1896 4734 mittam
1924 4687 1990 4743 te,

1401 4792 1570 4854 Vens,
1606 4790 1695 4846 i8.
1729 4790 1789 4846 Ut
1813 4791 2025 4858 aperias
2076 4791 2254 4843 oculos
2281 4808 2481 4855 eorum,
2514 4803 2562 4845 et
2589 4804 2826 4846 avertant
2861 4810 2913 4844 se

1326 4901 1360 4935 ιι
1393 4884 1615 4937 tenebris
1638 4886 1706 4936 ad
1733 4884 1919 4947 lucem,
1950 4892 1997 4935 et
2025 4899 2056 4935 a
2087 4892 2341 4951 potestate
2383 4883 2602 4937 Satame
2631 4896 2699 4937 ad
2727 4884 2911 4943 Deum,

1328 4985 1387 5029 ut
1442 4977 1711 5045 accipiant
1768 4976 2126 5028 remissione»:
2199 4985 2531 5043 peccatorum
2585 4985 2631 5028 et
2717 4986 2909 5029 sortem

1328 5069 1467 5121 inter
1494 5085 1598 5133 eos,
1618 5069 1708 5139 qui
1737 5068 1857 5137 ﬁde,
1894 5084 1993 5135 qua
2019 5070 2225 5120 credent
2255 5069 2307 5120 in
2340 5068 2778 5133 me,sanctiﬁcati
2800 5070 2908 5137 {ue-

1327 5161 1455 5213 rint.

1386 5276 1525 5331 Solis
1550 5275 1826 5343 splendore
1850 5274 2068 5330 clarius.
2089 5276 2222 5331 Cum
2248 5275 2573 5345 produceret
2592 5275 2645 5329 in
2664 5275 2903 5330 medium

1328 5369 1381 5424 id
1410 5369 1555 5439 quod
1585 5369 1799 5424 caeteris
1826 5369 1991 5425 rebus
2018 5369 2119 5423 sub
2151 5384 2371 5423 sensum
2416 5368 2740 5423 cadentibus
2770 5367 2905 5420 luci-

1328 5461 1453 5514 dius
1487 5471 1591 5525 est,
1629 5474 1693 5515 ac
1718 5474 1826 5537 non
1860 5470 2044 5529 posset
2065 5475 2190 5515 cum
2225 5461 2315 5514 illo
2341 5460 2547 5515 lumine
2573 5460 2902 5515 lumenJcsu

3017 1902 3229 1969 μωρῶν
3271 1902 3511 1968 αὐτοὺς,
3552 1901 3887 1971 ἠνάγκαζον
3926 1902 4358 1971 βλασφημεῖν·
4394 1916 4605 1967 aspar-

3025 1992 3144 2059 σῶς
3197 2010 3259 2046 τε
3313 1994 3742 2063 ἐμμαινόμενος
3798 1994 4022 2061 αὐτοῖς,
4054 1994 4302 2047 ἐδίωκον
4337 1992 4448 2056 ἓως
4499 2008 4604 2044 κατ

3018 2088 3106 2152 εἰς
3137 2088 3242 2153 τὰς
3271 2087 3389 2151 ἔξω
3414 2089 3641 2154 πόλεις.

3093 2268 3311 2333 Ἕδοξα
3354 2269 3611 2338 ἐμαυτῷ.
3666 2270 3959 2340 Ἐνόμισα,
4014 2269 4215 2339 φησὶν,
4275 2267 4333 2331 ἐξ
4383 2266 4601 2330 οἰκείας

3017 2362 3346 2431 ἐπικρίσεως
3377 2361 3537 2415 τοῦτο
3578 2360 3723 2414 οὕτω
3750 2361 3831 2413 δεῖ
3872 2364 3916 2395 δ’
3961 2360 4234 2429 γενέσθαι.
4284 2358 4599 2426 Περισσῶς

3016 2472 3080 2508 τε
3106 2455 3154 2489 ⁵⁸
3182 2456 3632 2526 ἐμμαινόμενος.
3662 2453 3799 2508 Ὑπὸ
3829 2454 3937 2523 γὰρ
3973 2452 4286 2521 διαϐολικῆς
4312 2451 4604 2521 ἐνεργείας

3016 2548 3109 2602 καὶ
3135 2548 3406 2617 δαιμόνων
3436 2545 4169 2616 οἱστρηλατούμενοι,ἆτοπά
4201 2562 4323 2598 τινα
4354 2543 4597 2606 ἐποίουν,

3014 2640 3203 2707 ὥσπερ
3255 2640 3306 2692 οἱ
3362 2638 3698 2709 μεμηνότεςο
3776 2638 3809 2704 ἦ
3878 2636 4020 2704 τάχα
4063 2636 4159 2690 καὶ
4206 2636 4599 2707 περισσότερον

3012 2732 3124 2798 ἐγὼ
3158 2730 3382 2786 ἐκείνων
3416 2730 3745 2801 ἐμαινόμην,
3792 2726 4024 2798 ἐπείπερ
4064 2728 4203 2781 ἑκὼν
4241 2727 4507 2796 ἔπραττον
4534 2725 4600 2777 τὸ

3014 2824 3205 2877 κακόν.

3083 2989 3187 3040 Ἐν
3249 2980 3338 3049 οἷς
3387 2982 3485 3037 καὶ
3539 2981 3939 3050 πορευόμενος
3972 2981 4061 3045 εις
4110 2978 4227 3045 τὴν
4272 2976 4599 3045 Δαμασκὸν

3006 3080 3133 3148 μετ’
3168 3075 3456 3141 ἐξουσίας
3504 3073 3603 3126 καὶ
3640 3068 3971 3139 ἐπιτροπῆς
4020 3067 4127 3136 τῆς
4161 3068 4321 3136 παρὰ
4344 3065 4462 3120 τῶν
4498 3067 4601 3135 ἁρ-

2936 3157 2980 3217 C
3014 3170 3281 3242 χιερέων,

3094 3261 3345 3331 Ἡμέρας
3370 3260 3570 3328 μέσης
3594 3255 3743 3309 κατὰ
3782 3256 3898 3321 τὴν
3931 3253 4075 3308 ὁδὸν
4099 3249 4285 3317 εἶδον,
4302 3250 4598 3317 βασιλεῦ,

3012 3354 3341 3421 οὐρανόθεν
3365 3351 3520 3420 ὑπὲρ
3540 3348 3656 3416 τὴν
3688 3348 4079 3417 λαμπρότητα
4107 3346 4214 3400 τοῦ
4237 3347 4415 3412 ἡλίου
4444 3360 4601 3413 περι-

3015 3444 3266 3513 λάμψαν
3302 3458 3379 3510 με
3430 3438 3590 3509 φῶς,
3623 3438 3721 3492 καὶ
3774 3436 3916 3502 τοὺς
3956 3437 4079 3490 σὺν
4112 3436 4238 3505 ἐμοὶ
4276 3438 4606 3505 πορευομέι

3013 3552 3180 3599 νοιις.

3083 3626 3333 3679 Πάντων
3365 3626 3434 3678 δὲ
3477 3626 3943 3678 καταπεσόντων
3969 3620 4138 3690 ἡμῶν
4180 3624 4266 3686 εἰς
4313 3620 4428 3685 τὴν
4456 3618 4598 3687 γῆν,

3015 3720 3255 3787 ἤκουσα
3278 3716 3490 3786 φωνὴν
3513 3716 3835 3771 λαλοῦσαν
3856 3716 4005 3783 πρός
4030 3730 4126 3783 με,
4158 3711 4258 3766 καὶ
4289 3710 4604 3779 λέγουσαν

3013 3811 3087 3879 τῇ
3132 3809 3389 3879 Ἐϐραΐδι
3425 3807 3747 3870 διαλέκτῳ·
3774 3806 3994 3872 Σαοὺλ,
4028 3802 4326 3865 Σαοὺλ,τί
4356 3817 4432 3870 με
4461 3800 4600 3852 διω-

3014 3920 3141 3967 κεις
3158 3918 3177 3965 ;
3208 3900 3480 3969 σκληρόν
3526 3913 3625 3952 σοι
3656 3899 3804 3965 πρὸς
3838 3896 4056 3964 κέντρα
4079 3894 4396 3953 λακτίζειν.

3099 3992 3246 4060 Ἐγὼ
3298 3990 3366 4044 δὲ
3417 3986 3624 4045 εἷπον·
3672 3989 3767 4055 Τίς
3804 3985 3877 4049 εἷ,
3913 3989 4129 4054 Κύριε;
4173 3986 4235 4039 '0
4279 3985 4346 4038 δὲ
4386 3980 4599 4038 einer-

3030 4084 3177 4154 Ἐγώ
3206 4089 3324 4154 ειμι
3356 4083 3611 4150 Ἰησοῦς.
3644 4081 3716 4135 ὃν
3748 4081 3830 4134 σὺ
3859 4080 4109 4144 διώκεις.

3102 4195 3287 4250 Ἀλλὰ
3320 4195 3639 4260 ἀνάστηθι,
3694 4190 3791 4244 καὶ
3849 4188 4028 4258 στῆθι
4068 4188 4165 4242 ἐπὶ
4214 4188 4357 4252 τοὺς
4402 4186 4601 4252 πόδας

3017 4304 3156 4341 σου.
3194 4289 3298 4350 Εὶς
3328 4285 3505 4338 τοῦτο
3537 4283 3647 4351 γὰρ
3686 4282 3893 4350 ὤφθην
3930 4296 4049 4344 σοι,
4094 4280 4601 4349 προχειρίσασθαι

3017 4396 3091 4433 σε
3132 4377 3444 4445 ὑπηρέτην
3494 4373 3595 4427 καὶ
3638 4372 3910 4442 μάρτυρα
3939 4366 4026 4424 ὧν
4072 4388 4136 4425 τε
4190 4367 4368 4436 εἶδες,
4398 4367 4486 4425 ὧν
4536 4390 4601 4426 τε

2944 4498 2988 4553 υ
3017 4468 3361 4538 ὀφθήσομαί
3392 4483 3515 4531 σοι,

3102 4588 3561 4655 Ἐξαιρούμενός
3590 4602 3662 4639 σε
3699 4586 3765 4639 ἐκ
3802 4586 3907 4640 τοῦ
3927 4586 4080 4639 λαοῦ
4103 4586 4199 4639 καὶ
4235 4586 4351 4639 τῶν
4382 4584 4599 4655 ἐθνῶν,

3016 4686 3099 4747 εὶς
3130 4681 3234 4747 οὓς
3262 4680 3374 4749 ἐγὼ
3406 4677 3724 4733 ἀποστελῶ
3750 4694 3823 4731 σε
3853 4677 3920 4741 ⁸⁸,

3100 4793 3363 4858 Ἀνοῖξαι
3407 4790 3756 4861 ὀφθαλμοὺς
3790 4788 4009 4853 αὐτῶν,
4058 4788 4167 4843 τοῦ
4212 4789 4601 4856 ἀποστρέψαι

3016 4887 3134 4942 ἀπὸ
3166 4887 3428 4949 σκότους
3457 4885 3544 4948 είς
3573 4880 3719 4950 φῶς,
3762 4880 3856 4934 καὶ
3890 4880 4001 4946 τῆς
4033 4880 4319 4947 ἐξουσίας
4346 4882 4453 4934 τοῦ
4492 4882 4603 4932 Ea.

3020 4976 3171 5033 τανᾶ
3210 4977 3305 5030 ἐπὶ
3341 4977 3444 5030 τὸν
3486 4974 3651 5036 θεὸν,
3706 4972 3812 5025 τοῦ
3864 4972 4077 5025 λαϐεῖν
4104 4972 4325 5038 αὐτοὺς
4371 4972 4602 5040 ἄφεσιν

3021 5068 3338 5139 ἁμαρτιῶν,
3365 5066 3463 5122 καὶ
3491 5064 3717 5132 κλῆρον
3740 5064 3810 5117 ἐν
3839 5063 3960 5130 τοῖς
3984 5064 4368 5134 ἡγιασμένοις
4391 5065 4599 5118 πίστει

3020 5161 3092 5229 τῇ
3126 5163 3211 5225 εἰς
3239 5158 3363 5228 ἐμέ.

3102 5275 3273 5343 Ὑπὲρ
3306 5273 3419 5341 τὴν
3446 5274 3835 5341 λαμπρότητα
3865 5270 3973 5324 τοῦ
4011 5271 4210 5337 ἡλίου.
4246 5267 4369 5323 Τῶν
4396 5267 4595 5337 αἰσθη-

3017 5366 3124 5418 τῶν
3155 5366 3542 5435 φωτεινότερον
3568 5364 3857 5433 παράγων.
3883 5362 3980 5414 καὶ
4011 5362 4087 5432 μὴ
4117 5361 4413 5425 δυνάμενος
4446 5361 4598 5412 ἀντι-

3019 5458 3190 5511 σῶσαι
3236 5456 3313 5526 τῴ
3356 5457 3493 5525 φωτὶ
3532 5455 3725 5524 ἐκείνῳ
3767 5455 3826 5507 τὸ
3874 5456 3968 5507 τοῦ
4002 5454 4179 5525 Ἰησοῦ
4216 5454 4352 5522 φῶς,
4404 5452 4593 5514 καθὼς

2561 5602 2758 5660 Varizn
2792 5598 3097 5660 lectiones
3144 5605 3201 5659 et
3250 5602 3437 5658 noue.

1400 5743 1443 5816 θ’
1478 5743 2018 5816 ἵσ.ἀκρι6εστάτην.
2072 5756 2119 5799 οε
2162 5746 2551 5816 ἀληθεστάτην.

2665 5750 2709 5781 ⁸⁸
2758 5750 3025 5803 Articulus
3062 5747 3155 5799 τοῦ
3203 5757 3326 5800 “illi?
3383 5745 3561 5812 Ἰησοῦ
3623 5743 3952 5796 desideratur
4007 5743 4060 5794 i‘u
4088 5743 4337 5813 vulgatis.

4420 5746 4463 5777 ”
4496 5746 4587 5801 τσ.

1325 5812 1453 5867 εδίν.
1530 5814 1575 5846 ⁵⁸
1609 5812 1833 5869 :Bcrat.
1911 5819 1949 5848 ⁸³
1990 5817 2049 5871 In
2076 5812 2294 5885 vulgatis
2328 5826 2400 5871 est
2435 5812 2509 5881 εἰς
2531 5818 2624 5883 0’);
2658 5818 2749 5873 νῦν
2788 5836 2840 5873 τι
2888 5820 3218 5883 ἀποστέλλω,

2291 5836 2294 5862 ι
2328 5826 2400 5871 est
2435 5812 2509 5881 εἰς
2531 5818 2624 5883 0’);
2658 5818 2749 5873 νῦν
2788 5836 2840 5873 τι
2888 5820 3218 5883 ἀποστέλλω,
3251 5829 3294 5869 ct
3347 5815 3505 5885 paulo
3535 5823 3646 5885 ιυδι
3683 5813 3773 5865 τοῦ
3828 5812 4184 5882 ὑποστρέψαι.
