4794 6454
1301 320 1407 386 8'27

2230 319 2810 386 THEOPHYLACTI
2847 316 3257 384 BULGARIE
3290 313 3643 377 ARCHIEP.

4440 301 4592 369 828

1354 439 1583 504 Insanis,
1621 437 1799 492 Paule.
1837 437 2103 505 Quoniam
2127 453 2341 509 semper
2368 439 2432 495 ad
2463 453 2645 509 regem
2673 440 2865 510 loque-
2897 445 2939 500 Α
3039 437 3247 505 Μαίνῃ.

2695 453 2865 510 oque-
2897 445 2939 500 Α
3039 437 3259 505 Μαίνῃ,
3298 433 3522 489 Παῦλε.
3599 427 3819 502 Ἐπειδὴ
3878 428 3965 484 ἀεὶ
4002 427 4139 500 πρὸς
4186 425 4279 482 τὸν
4321 423 4588 498 βασιλέα

1281 532 1463 595 batur,
1515 529 1742 599 quadam
1788 531 1940 599 quasi
1973 532 2381 598 perturbatione
2417 541 2702 601 correptus
2751 541 2855 598 est,

1282 634 1338 679 et
1362 625 1551 678 videns
1589 624 1786 693 lingua
1817 625 2122 679 libertatem
2153 635 2314 694 atque
2339 625 2390 678 in
2420 625 2690 694 loquendo
2728 640 2861 680 con-

1282 715 1586 779 ﬁdentiam,
1633 733 1745 784 pra:
1784 716 1858 768 ira
1911 726 2075 786 atque
2122 717 2494 787 indignatione
2531 716 2727 772 Festus
2757 717 2862 772 hoc

1281 806 1450 868 dixit;
1485 807 1580 861 sed
1611 806 1810 861 Paulus
1839 823 2058 862 causam
2105 809 2285 878 docet,
2317 825 2412 865 cur
2441 809 2509 864 ad
2534 823 2716 880 regem
2742 823 2862 864 ser-

1281 916 1498 954 monem
1526 909 1794 954 averteret
1831 917 1860 955 a
1892 901 2073 955 Festo.

1355 995 1494 1047 Nam
1529 994 1624 1047 hoc
1653 996 1710 1047 in
1745 995 1938 1066 angulo
1975 1005 2148 1048 actum
2176 1012 2276 1048 non
2307 1004 2403 1051 est.

1357 1084 1517 1141 Vens.
1559 1085 1649 1141 27.
1682 1085 1882 1152 Credis,
1919 1104 2010 1141 rex
2035 1087 2294 1158 Agrippa,
2329 1089 2634 1158 prophetis?
2670 1087 2861 1153 credis,

1281 1191 1406 1228 δτιο.

1357 1264 1519 1320 Vens.
1544 1267 1632 1320 28.
1667 1266 1904 1337 Agrippa
1953 1277 2127 1320 autem
2156 1270 2226 1321 ad
2262 1267 2497 1340 Paulum
2537 1270 2673 1322 dixit
2707 1285 2723 1320 :
2756 1267 2867 1322 Pa-

1283 1376 1399 1411 rum
1425 1360 1566 1413 abest
1605 1361 1732 1429 quin
1771 1361 2089 1430 persuadeas
2114 1361 2263 1428 mihi,
2296 1371 2354 1414 ut
2386 1361 2718 1418 Christianus
2745 1379 2869 1415 eva-

1283 1447 1428 1500 dam.

1354 1537 1518 1593 Vens.
1551 1540 1639 1595 29.
1677 1540 1749 1593 Ac
1781 1541 2023 1596 Paulus:
2061 1544 2324 1614 Optarim,
2361 1547 2546 1615 inquit,
2583 1563 2614 1599 a
2645 1547 2774 1612 Deo,
2813 1556 2867 1599 ut

1283 1640 1332 1682 et
1364 1648 1553 1698 parum
1578 1632 1712 1686 absit
1743 1651 1789 1687 et
1817 1651 1976 1705 prope
2008 1639 2146 1691 adsit
2171 1647 2226 1690 ut
2270 1655 2372 1692 non
2401 1640 2553 1692 modo
2585 1649 2662 1702 tu,
2691 1656 2868 1692 verum

1285 1721 1443 1773 etiam
1480 1738 1655 1776 omnes
1706 1725 1796 1794 qui
1840 1742 1921 1778 me
1959 1726 2110 1780 hodie
2144 1730 2392 1793 audiunt,
2436 1731 2569 1783 tales
2619 1729 2865 1794 evadant,

1287 1811 1464 1879 qualis
1495 1830 1585 1883 ego
1620 1833 1821 1885 quoque
1845 1833 1982 1882 sum,
2019 1823 2244 1886 exceptis
2271 1821 2489 1874 vinculis
2520 1822 2621 1874 his.

1359 1989 1518 2045 Vens.
1554 1994 1640 2047 50.
1677 1995 1744 2048 Et
1772 2014 1890 2050 cum
1911 1998 2020 2050 lure
2050 1999 2140 2052 ille
2168 2001 2406 2066 dixisset,
2434 2002 2666 2054 surrexit
2691 2017 2782 2055 rex
2813 2019 2876 2055 ac

1285 2095 1473 2145 pnvses
1501 2092 1546 2136 et
1575 2083 1796 2139 Bernice
1825 2097 1873 2140 et
1900 2104 2080 2142 eorum
2109 2105 2394 2144 assessores
2423 2108 2440 2148 :

1359 2263 1520 2318 Vens.
1560 2267 1647 2319 3i.
1689 2267 1750 2319 Et
1797 2286 1914 2323 cum
1960 2271 2307 2335 secessissent,
2357 2271 2704 2341 loquebantur
2738 2275 2875 2329 alius

1289 2358 1358 2408 ad
1391 2356 1554 2410 alium
1598 2359 1678 2412 his
1744 2361 1850 2429 fere
1894 2363 2058 2415 verbis
2111 2372 2353 2417 utentes:
2383 2364 2536 2418 Nihil
2583 2376 2750 2420 morte
2781 2376 2875 2420 aut

1287 2447 1505 2500 vinculis
1540 2450 1755 2518 dignum
1787 2454 2064 2505 committit
2101 2455 2195 2507 iste
2228 2456 2396 2507 homo.

1359 2539 1516 2594 Vens.
1546 2543 1634 2596 Si.
1672 2543 1908 2613 Agrippa
1950 2555 2126 2599 autem
2170 2547 2322 2600 Festo
2358 2549 2524 2602 dixit:
2554 2549 2874 2619 Absolvipo-

1290 2643 1426 2686 terat
1459 2635 1555 2688 iste
1575 2636 1746 2702 homo,
1781 2637 1882 2689 nisi
1915 2635 2180 2692 Cwsarem
2219 2641 2564 2721 appellasset.

1363 2811 1472 2866 Scit
1497 2815 1633 2867 enim
1657 2817 1820 2870 dehis
1854 2834 1964 2872 rex.
2000 2816 2096 2872 llic
2122 2818 2190 2873 de
2241 2835 2405 2876 cruce
2434 2821 2681 2890 loquitur
2713 2839 2777 2879 ac
2807 2825 2876 2881 de

1293 2906 1719 2971 resurrectione,
1747 2908 1868 2976 quia
1904 2925 2000 2978 per
2026 2919 2199 2963 totum
2235 2913 2420 2966 orbem
2471 2922 2630 2969 terra:
2665 2916 2877 2970 habita-

1294 3002 1409 3046 tum‘
1437 2995 1684 3052 doctrina
1739 3009 2068 3068 pervaserat.
2116 3003 2291 3072 Atque
2332 3002 2448 3056 haec
2477 3005 2573 3068 ait,
2602 3014 2659 3058 ut
2689 3016 2876 3059 osten-

2967 525 3260 592 διελέγετο,
3312 523 3503 592 ὥσπερ
3553 520 3726 575 ἔπαθέ
3770 537 3846 588 τι,
3893 519 3988 572 καὶ
4043 518 4167 572 ἰδὼν
4195 517 4296 588 τὴν
4322 518 4584 587 παρρη-

2970 619 3112 683 σίαν,
3154 617 3262 671 ἀπὸ
3311 617 3484 686 ὀργῆς
3527 615 3623 668 καὶ
3663 613 3835 684 θυμοῦ
3879 610 4039 664 τοῦτο
4066 605 4221 664 εἶπεν
4265 611 4578 679 όΦῆστος.

2983 709 3042 762 '0
3074 709 3128 761 δὲ
3174 707 3384 771 Παῦλος
3413 707 3512 777 τὴν
3541 707 3722 761 αἰτίαν
3759 705 4026 771 διδάσκει,
4065 703 4132 758 δι’
4163 703 4233 774 ἢν
4277 703 4416 772 πρὸς
4457 700 4578 754 τὸν

2972 800 3194 868 βασιλέα
3225 800 3318 853 τὸν
3353 799 3508 870 λόγον
3530 799 3895 870 ἀπέστρεφεν.

3041 986 3123 1037 Οὐ
3158 983 3271 1053 γάρ
3315 983 3488 1036 ἐστιν
3538 983 3609 1036 ἐν
3653 981 3833 1050 γωνίᾳ
3856 976 4278 1047 πεπραγμένον
4313 975 4522 1031 τοῦτο.

3044 1077 3377 1142 Πιστεύεις,
3394 1074 3660 1141 ,ϐασιλεῦ
3692 1073 4000 1142 Ἀγρίππα,
4033 1070 4158 1135 τοῖς
4177 1067 4515 1136 προφήταις
4543 1081 4573 1129 ;

2975 1164 3111 1222 οἶδα
3142 1168 3233 1222 ὅτι
3269 1169 3598 1234 πιστεύεις.

3061 1261 3113 1313 Ὀ
3143 1259 3213 1313 δὲ
3269 1261 3599 1330 Ἀγρίππας
3643 1259 3793 1327 πρὸς
3826 1258 3932 1311 τὸν
3970 1255 4216 1310 Παῦλον
4253 1255 4402 1324 ἔφη·
4452 1255 4576 1308 Ἔν

2977 1352 3162 1422 ὀλίγῳ
3186 1369 3263 1422 με
3291 1353 3518 1420 πείθεις
3541 1351 3902 1422 Χριστιανὸν
3921 1349 4224 1418 γενέσθαι.

3061 1534 3122 1587 '0
3146 1533 3214 1585 δὲ
3244 1533 3486 1599 Παῦλος
3511 1529 3682 1587 εἶπεν
3701 1548 3714 1562 ·
3743 1530 4054 1596 Εὐξαίμην
4070 1529 4148 1585 ἂν
4172 1528 4254 1595 τῷ
4279 1527 4422 1592 Θεῷ,
4457 1527 4566 1580 κ(ιὶ

2976 1626 3047 1678 ἐν
3082 1625 3263 1693 ὀλίγῳ
3299 1624 3396 1678 καὶ
3433 1626 3504 1679 ἐν
3553 1623 3764 1688 πολλῷ
3792 1625 3866 1676 οὐ
3902 1623 4092 1691 μόνον
4119 1620 4215 1684 σὲ,
4261 1619 4422 1673 ἀλλὰ
4458 1616 4568 1671 καὶ

2969 1715 3210 1782 ’πάντας
3247 1717 3389 1782 τοὺς
3425 1713 3759 1780 ἀκούοντάς
3795 1731 3913 1783 μου
3960 1713 4228 1783 σήμερον
4277 1711 4569 1782 γενέσθαι

2905 1813 2946 1870 Β
2977 1809 3305 1873 τοιούτους,
3343 1808 3549 1874 ὁποῖος
3594 1807 3756 1877 κάγώ
3797 1809 3936 1874 εἰμι,
3974 1805 4271 1873 παρεκτὸς
4302 1800 4420 1856 τῶν
4456 1801 4565 1854 δε-

2977 1900 3150 1970 σμῶν
3179 1903 3422 1954 τούτων.

3052 1991 3161 2044 Καὶ
3189 1990 3376 2045 ταῦτα
3406 1991 3683 2056 εἰπόντος
3702 1989 3910 2052 αὐτοῦ,
3943 1989 4168 2054 ἀνέστη
4204 1989 4237 2040 ό
4254 1985 4566 2052 βασιλεὺς

2977 2085 3074 2138 καὶ
3108 2087 3142 2137 ό
3171 2083 3408 2153 ήγεμὼν
3436 2083 3473 2151 ἥ
3505 2099 3568 2136 τε
3597 2082 3872 2150 Βερνίκη,
3898 2081 3998 2136 καί
4031 2084 4085 2135 al
4107 2078 4572 2150 συγκαθήμενοι

2977 2172 3202 2240 αὐτοῖς,

3049 2266 3154 2321 Kal
3191 2265 3720 2335 ἀναχωρήσαντες,
3750 2265 4018 2319 ἐλάλουν
4049 2263 4199 2330 πρὸς
4225 2261 4574 2326 ἀλλήλους,

2976 2357 3283 2426 λέγοντες,
3315 2358 3405 2411 ὅτι
3452 2357 3648 2412 Οὐδὲν
3703 2356 3964 2411 θανάτου
4013 2356 4190 2418 ἀξιον
4224 2355 4263 2423 ἣ
4323 2351 4578 2422 δεσμῶν

2978 2454 3240 2520 πράσσει
3279 2453 3312 2505 ὁ
3349 2451 3663 2516 ἄνθρωπος
3693 2443 3894 2513 οὗτος.

3059 2543 3383 2610 Ἀγρίππας
3442 2539 3510 2592 δὲ
3545 2539 3626 2604 τῷ
3672 2539 3890 2603 Φήστῳ
3938 2538 4087 2606 ἔφη·
4118 2535 4579 2588 Ἀπολελύσθαι

2977 2632 3236 2687 ἐδύνατο
3273 2635 3306 2686 ό
3341 2631 3656 2700 ἅνθρωπος
3683 2624 3886 2694 οὗτος,
3917 2630 3969 2682 ει
4009 2625 4096 2696 μὴ
4126 2625 4489 2692 ἐπεκέκλητο
4526 2625 4572 2657 ⁸⁸

2976 2726 3270 2792 Καίσαρα.

3061 2815 3414 2869 Ἐπίσταται
3448 2815 3559 2884 γὰρ
3603 2813 3735 2883 περι
3767 2813 3996 2868 τούτων
4028 2814 4062 2866 ό
4083 2809 4407 2876 βασιλεύς.
4446 2809 4572 2862 Ἐν-

2979 2905 3156 2960 ταῦθα
3188 2906 3319 2975 περὶ
3352 2905 3449 2958 τοῦ
3485 2904 3721 2975 σταυροῦ
3753 2921 3888 2974 φησι
3915 2905 3982 2970 ⁶⁹,
4030 2904 4160 2972 περὶ
4199 2902 4299 2971 τῆς
4334 2902 4583 2954 ἀναστά-

2965 3015 3140 3063 -σεως,
3164 2998 3246 3050 ὅτι
3271 2995 3548 3066 πανταχοῦ
3575 2998 3672 3064 τῆς
3693 2993 4022 3064 οἰκουμένης
4043 2995 4236 3062 γέγονε
4266 2992 4327 3045 τὸ
4351 2992 4535 3061 δόγμα
4558 3008 4575 3023 ·

1295 3082 1384 3136 dat
1433 3085 1722 3155 Agrippam
1759 3088 1941 3142 omnia
1978 3090 2141 3153 seire,
2173 3106 2239 3143 ac
2273 3100 2480 3146 tantum
2529 3110 2639 3147 non
2689 3095 2876 3149 dicens
2906 3148 2944 3164 Α
2977 3089 3188 3142 ταῦταὲ

2689 3095 2876 3149 dicens
2906 3148 2944 3164 ﬁ
2977 3089 3150 3142 ταῦτα
3172 3087 3230 3141 δέ
3255 3105 3409 3157 φησι,
3440 3086 3653 3149 δεικνὺς
3678 3086 3759 3139 ὅτι
3783 3085 3961 3139 πάντα
3984 3080 4124 3137 οἶδεν
4165 3084 4195 3134 ὁ
4227 3083 4578 3153 Ἀγρίππας,

1295 3175 1459 3228 etiam
1503 3178 1568 3229 ad
1615 3178 1776 3232 illos:
1815 3179 2104 3235 Debebatis
2160 3183 2378 3250 quidem
2425 3185 2589 3239 etiam
2639 3201 2732 3240 vos
2762 3187 2877 3240 hinc
2903 3173 2946 3204 h
2983 3179 3077 3230 καὶ
3112 3194 3188 3248 μα’

2686 3201 2732 3240 )s
2762 3187 2877 3240 lucc
2903 3173 2946 3204 ν
2983 3179 3077 3230 καὶ
3112 3177 3398 3248 μονονουχὶ
3427 3176 3602 3244 λέγων
3623 3178 3720 3228 καὶ
3744 3173 3882 3246 πρὸς
3911 3173 4140 3237 αὐτούς’
4171 3173 4320 3226 Ἔδει
4350 3175 4450 3242 μὲν
4474 3175 4579 3229 καὶ

1297 3265 1463 3319 scire.
1507 3266 1640 3321 Nam
1683 3269 1786 3322 hoc
1833 3280 1935 3335 est,
1967 3273 2109 3340 quod
2150 3273 2538 3345 subiungitur:
2577 3275 2696 3329 Non
2743 3278 2882 3330 enim
2984 3273 3130 3341 ὑμᾶς
3147 3289 3190 3324 τι

2683 3294 2696 3329 ι
2743 3278 2882 3330 enim
2984 3273 3130 3341 ὑμᾶς
3147 3271 3320 3324 ταῦτα
3349 3270 3568 3323 εἰδέναι.
3589 3271 3663 3324 Τὸ
3695 3269 3804 3341 γὰρ
3827 3269 4168 3337 ἐπαγόμενον
4195 3267 4357 3320 τοῦτο
4383 3265 4542 3318 ἔστιν
4561 3283 4576 3295 ·

1298 3367 1472 3410 actum
1513 3369 1586 3411 est
1608 3361 1702 3413 hoc
1729 3362 1779 3414 in
1808 3364 2075 3430 angnlo.-
2132 3364 2378 3432 Optarim
2406 3383 2437 3418 a
2474 3366 2603 3430 Deo,
2633 3378 2764 3431 ete.,
2793 3386 2883 3422 ατ-
2987 3364 3070 3416 Οὺ
3106 3361 3191 3430 τά]

2687 3382 2764 3431 e.,
2793 3386 2883 3422 ατ-
2987 3364 3070 3416 Οὐ
3106 3361 3216 3430 γάρ
3244 3361 3416 3415 ἐστιν
3440 3362 3510 3413 ἐν
3547 3361 3736 3430 γωνίᾳ
3777 3359 4216 3430 πεπραγμένον.
4252 3389 4326 3400 -—
4352 3358 4580 3422 Εὐξαί-

1299 3450 1460 3514 ruptis
1489 3451 1704 3504 vinculis
1732 3452 1831 3506 his.
1879 3453 2036 3521 Atqui
2081 3455 2133 3507 id
2179 3453 2478 3524 gloriosum
2506 3466 2660 3510 erat:
2692 3474 2882 3512 verum
2981 3472 3108 3523 μην
3135 3454 3192 3508 at

2692 3474 2882 3512 verum
2981 3472 3108 3523 μην
3135 3454 3214 3508 ἂν
3255 3453 3334 3519 τῷ
3367 3454 3512 3518 Θεῷ,
3561 3453 3660 3506 καὶ
3687 3453 3756 3506 ἐν
3804 3453 3989 3521 ὀλίγῳ
4035 3452 4131 3506 καί
4171 3451 4241 3505 ἐν
4273 3449 4484 3515 πολλῷ
4506 3452 4579 3505 ⁸³.

1300 3537 1402 3593 hoc
1443 3540 1596 3607 dixit,
1631 3559 1824 3614 nempe
1860 3547 2101 3614 exceptis
2131 3547 2368 3600 vinculis
2400 3548 2506 3612 bis,
2552 3549 2768 3602 illorum
2793 3565 2882 3602 re-

1297 3631 1537 3698 spiciens
1562 3651 1778 3689 sensum
1803 3645 1966 3705 atque
1989 3638 2323 3705 Opinionem.
2347 3637 2655 3706 Quiddicis,
2671 3656 2704 3694 ο
2727 3641 2887 3696 beate

1302 3722 1487 3792 Paule,
1525 3727 1725 3796 Absque
1750 3730 2015 3782 vinculis?
2045 3740 2098 3784 et
2128 3747 2380 3799 quzenam
2411 3732 2637 3800 posthac
2679 3734 2773 3787 tibi
2797 3749 2886 3787 re-

1302 3815 1449 3884 liqua
1487 3829 1604 3872 erat
1642 3820 1874 3889 quodvis
1913 3823 2172 3892 loquendi
2230 3823 2448 3887 ﬁducia,
2489 3824 2533 3878 si
2577 3834 2630 3878 te
2691 3826 2886 3879 horum

1302 3907 1492 3975 pudet,
1540 3919 1704 3979 atque
1760 3911 1877 3965 base
1933 3911 2094 3984 fugis,
2158 3915 2461 3982 praesertim
2514 3929 2698 3968 coram
2742 3925 2890 3970 tanta

1301 4001 1690 4056 multitudine?
1731 4019 1918 4058 annon
1957 4006 2009 4058 in
2058 4007 2314 4060 erunibus
2367 4006 2623 4076 Epistolis
2669 4017 2891 4076 prepter

1306 4091 1421 4147 inec
1451 4093 1719 4163 gloriaris,
1753 4105 1807 4150 et
1846 4098 2090 4152 vinctum
2121 4099 2476 4167 temetipsum
2506 4115 2690 4162 vocas,
2720 4109 2775 4153 et
2797 4117 2889 4154 ca-

1304 4193 1483 4237 tenam
1513 4187 1671 4240 nobis
1706 4189 1909 4256 ubique
1950 4192 2070 4244 loco
2102 4189 2425 4244 diadematis
2465 4189 2629 4259 178
2657 4189 2894 4243 circuiu-

2987 3547 3184 3600 Καίτοι
3244 3546 3395 3611 ἄξιον
3453 3541 3522 3616 ἦν
3565 3545 3722 3614 δόξης
3750 3584 3766 3609 ,
3808 3544 3945 3598 ἀλλὰ
4009 3543 4170 3597 τοῦτο
4229 3538 4351 3596 εἷπε
4379 3583 4394 3607 ,
4435 3543 4584 3612 πρις

2989 3639 3086 3706 τὴν
3123 3639 3351 3692 ἐκείνων
3406 3637 3679 3707 ὑπόληψιν
3713 3636 3956 3706 ἀφορῶν,
4002 3638 4096 3689 καὶ
4142 3637 4225 3701 τὺ,
4275 3635 4582 3704 παρεκτὸς

2989 3729 3109 3783 τῶν
3140 3729 3385 3799 δεσμῶν
3412 3731 3660 3783 τούτων.
3693 3728 3760 3782 Τί
3791 3729 3992 3796 λέγεις,
4017 3721 4062 3780 ὦ
4098 3728 4334 3798 μακάριε
4368 3726 4579 3789 Παῦλε,

2991 3823 3138 3878 ἄνευ
3189 3823 3310 3876 τῶν
3351 3820 3622 3891 δεσμῶν;
3651 3821 3745 3875 καὶ
3778 3820 3906 3874 ποία
3945 3837 4028 3874 σοι
4057 3820 4244 3873 λοιπὸν
4269 3819 4586 3890 παρῤησίπ,

2995 3917 3044 3968 εί
3078 3914 3252 3969 ταῦτα
3285 3913 3520 3986 αἰσχύνῃ
3551 3913 3648 3966 καὶ
3675 3912 3922 3980 φεύγεις,
3959 3911 4050 3965 καὶ
4074 3911 4248 3964 ταῦτα
4277 3909 4371 3964 ἐπὶ
4397 3911 4582 3979 δήμου

2991 4006 3248 4060 τοσούτου
3274 4023 3289 4073 ;
3311 4006 3385 4058 Οὐ
3413 4002 3688 4074 πανταχοῦ
3724 4003 3834 4056 τῶν
3872 4001 4200 4054 Ἐπιστολῶν
4231 4002 4324 4053 tu!
4366 3999 4587 4062 τούτοις

2995 4100 3294 4169 καυχᾶσαι,
3318 4095 3414 4150 καὶ
3438 4097 3660 4165 δέσμιον
3689 4093 3882 4148 ἑαυτὸν
3911 4093 4118 4156 καλεῖς,
4147 4092 4243 4147 καὶ
4263 4091 4363 4159 τὴν
4387 4091 4584 4146 ἅλυσιν

2994 4191 3127 4260 ἡμῖν
3157 4189 3279 4240 ἀντὶ
3311 4187 3647 4257 διαδήματος
3678 4185 3958 4255 πανταχοῦ
3993 4184 4346 4254 περιφέρεις;
4375 4184 4442 4236 Τί
4467 4183 4586 4235 τοίς

1307 4274 1454 4327 fers?
1483 4274 1620 4341 Quid
1653 4279 1818 4348 igitur
1851 4296 1999 4335 nunc
2029 4281 2228 4336 accidit
2271 4283 2634 4351 quamobrem
2676 4283 2892 4337 vincula
2994 4297 3091 4332 νυν
3121 4279 3200 4348 γέ·

2693 4283 2892 4337 [ἰηευιε
2994 4297 3091 4332 νυν
3121 4279 3313 4348 γέγονε
3361 4278 3476 4342 νῦν,
3521 4278 3603 4331 ὅτι
3635 4279 3854 4350 ἀπεύχῃ
3897 4275 3968 4330 τὰ
4005 4275 4210 4344 δεσμά;
4267 4275 4383 4327 Οὐκ
4414 4274 4586 4336 αὐτὸς

1305 4366 1649 4435 depreceris?
1680 4370 1796 4424 Non
1830 4374 1963 4441 ipse,
2006 4373 2204 4444 inquit,
2261 4375 2528 4443 deprecor
2553 4375 2662 4438 illa,
2710 4391 2891 4444 neque
2996 4369 3198 4440 ἁπεύχε

2710 4391 2891 4444 neque
2996 4369 3335 4440 ἀπεύχομαι,
3373 4368 3560 4438 φησὶν,
3616 4369 3737 4421 οὐδὲ
3794 4367 4146 4438 αἰσχύνομαι,
4182 4366 4299 4419 ἀλλ’
4354 4366 4587 4419 ἐκείνων

1307 4474 1394 4511 me
1431 4461 1596 4527 pudet
1653 4465 1965 4532 eorum,sed
2001 4468 2356 4522 accommodo
2385 4483 2473 4522 me
2501 4468 2800 4523 demittens
2821 4469 2887 4523 ad
2923 4481 2965 4536 ι)
2997 4464 3064 4532 τῇ
3091 4460 3192 4514 ἀσθ

2699 4485 2800 4522 ens
2821 4469 2887 4523 ad
2923 4481 2965 4536 ι)
2997 4464 3064 4532 τῇ
3091 4460 3346 4530 ἀσθενείᾳ.
3390 4458 3860 4526 συγκαταϐαίνων.
3896 4455 4062 4510 Οὔπω
4101 4457 4210 4526 γὰρ
4234 4454 4471 4525 χωροῦσι
4496 4456 4587 4508 δέ-

1308 4549 1523 4603 illorum
1558 4551 1986 4608 imbecillitatem
2019 4573 2030 4607 :
2066 4556 2314 4610 nondum
2347 4557 2494 4611 enim
2535 4557 2719 4611 idonei
2764 4567 2896 4613 sunt

1307 4641 1375 4693 ad
1416 4641 1782 4709 recipiendam
1827 4655 1989 4714 atque
2019 4647 2356 4716 probandam
2397 4663 2574 4704 meam
2611 4650 2895 4719 gloriatio-

1307 4749 1456 4786 nem.
1487 4733 1657 4790 Didici
1683 4747 1865 4791 autem
1902 4755 1931 4793 a
1972 4740 2200 4795 Domino
2222 4756 2343 4796 meo
2372 4757 2481 4795 non
2514 4756 2636 4796 esse
2665 4757 2896 4796 assuen-

1311 4823 1440 4877 dum
1490 4825 1925 4882 additamentum
1975 4830 2143 4899 panni
2187 4830 2340 4886 rudis
2379 4831 2444 4885 ad
2494 4839 2702 4885 vestem
2739 4841 2899 4885 vetu-

1310 4926 1447 4970 51am
1470 4933 1480 4968 :
1515 4917 1716 4972 idcirco
1743 4920 1812 4974 ita
1839 4921 1972 4974 dixi.

1761 5030 1773 5041 ο
1861 5012 2092 5069 CAPUT
2132 5013 2352 5068 XXVII.

1385 5102 1544 5158 Vens.
1587 5105 1631 5158 l.
1669 5106 1734 5160 L’t
1774 5117 1947 5160 autem
1981 5108 2241 5160 decretum
2276 5117 2350 5160 est
2401 5118 2454 5160 ut
2489 5125 2581 5161 nos
2615 5110 2891 5178 navigare-

1315 5212 1428 5249 mus
1461 5197 1515 5248 in
1549 5196 1784 5262 Italiam,
1825 5200 2156 5252 tradiderunt
2206 5198 2436 5252 Paulum
2476 5209 2524 5252 et
2557 5200 2690 5253 alios
2735 5217 2892 5268 quos-

2998 4555 3192 4618 ξασθαι
3242 4554 3302 4605 τὸ
3339 4551 3602 4623 καύχημα
3632 4552 3692 4603 τὸ
3731 4552 3882 4620 ἐμόν.
3915 4549 4158 4619 Ἔμαοον
4203 4550 4260 4601 δὲ
4292 4550 4443 4618 παρᾶ
4487 4549 4587 4600 τοῦ

2995 4647 3272 4700 Δεσπότου
3321 4663 3461 4713 μου,
3500 4645 3605 4715 ’μὴ
3667 4644 3980 4698 ἐπιϐάλλειν
4038 4641 4321 4711 ἐπίϐλημα
4380 4641 4587 4708 ῥάκους

2994 4741 3242 4807 ἀγνάφου
3289 4739 3383 4791 ἐπὶ
3432 4737 3634 4808 ίματίῳ
3666 4734 3904 4806 παλαιῷ.
3950 4735 4048 4789 Διὰ
4093 4733 4250 4788 τοῦτο
4286 4731 4461 4794 οὕτως
4506 4728 4589 4784 εἴ-

2996 4847 3117 4883 πον.

3583 5007 3838 5062 ΚΕΦΑΔ.
3880 5008 4006 5063 KZ’.

3090 5105 3184 5170 Ὡς
3213 5102 3282 5156 δὲ
3308 5104 3514 5170 ἐκρίθη
3541 5101 3647 5155 τοῦ
3681 5099 3981 5155 ἀποπλεῖν
3996 5097 4154 5166 ἡμᾶς
4184 5099 4269 5161 εἰς
4299 5096 4412 5160 τὴν
4442 5094 4591 5149 Ἰτα-

3007 5199 3169 5262 λίαν,
3195 5193 3518 5265 παρεδίδου
3543 5194 3589 5226 ⁸⁸
3616 5193 3724 5246 τόν
3755 5209 3817 5245 τε
3856 5191 4102 5245 Παῦλον
4126 5191 4223 5243 καί
4261 5206 4429 5254 τινας
4457 5187 4588 5242 ἑτέ-

2523 5342 2716 5403 Varire
2742 5341 3052 5404 lectiones
3095 5346 3156 5401 et
3198 5345 3389 5399 noue.

1392 5465 1433 5546 “l‘
1469 5464 1530 5518 In
1569 5465 1796 5546 vulgatis
1837 5465 2190 5546 ἐπεκέκλητο.

2286 5467 2329 5497 θ’
2355 5466 2564 5519 Videtur
2614 5465 2904 5517 desiderari
2957 5464 3070 5513 καί.

3148 5461 3191 5490 ⁸³
3213 5459 3412 5527 Opinor
3441 5460 3601 5511 etiam
3628 5458 3707 5509 hic
3736 5454 4031 5524 adjicienda
4063 5469 4174 5506 esse
4200 5452 4294 5527 illa
4318 5465 4587 5521 postrema

1319 5535 1496 5596 verba,
1526 5525 1798 5602 παρεῗκτὶις
1817 5536 1925 5586 τῶν
1957 5525 2171 5604 δεσμῶν
2201 5535 2428 5597 τούτων,
2450 5553 2566 5603 qua:
2590 5536 3008 5604 eaplirauturet
3031 5534 3206 5604 atioqu

2696 5536 2921 5587 limatur
2951 5543 2998 5584 et
3031 5532 3229 5604 alioqui
3260 5525 3422 5581 locus
3465 5535 3744 5604 corruptus
3778 5527 4002 5588 videtur,
4051 5534 4099 5575 et
4128 5525 4221 5577 καὶ
4251 5531 4374 5576 ante
4413 5541 4589 5596 παρε-

1320 5605 1449 5665 κτὸς
1505 5606 1801 5659 redundare
1830 5615 1923 5659 aut
1952 5615 2089 5658 certe
2117 5607 2317 5674 a’iquid
2349 5606 2498 5661 aliud
2523 5607 2826 5660 desiderari.

1396 5746 1492 5799 ἀν

1564 5751 1802 5802 timiuit.

2907 5602 2950 5632 θ’·
2985 5603 3046 5656 1η
3084 5599 3313 5670 vulgatis
3360 5597 3699 5666 παρεδίδουν.
