4794 6454
1025 382 1132 446 831

1945 380 2524 441 'l‘llEt)!‘llYL.\C'l'l
2561 377 2964 437 BULGAHle
3003 375 3358 433 ARCIIIEP.

4177 366 4296 430 332

1027 493 1246 561 inquit:
1300 509 1408 546 non
1465 493 1607 546 enim
1667 491 1840 546 ilulim
1886 502 2228 561 probassent,
2277 493 2320 548 si
2371 493 2475 546 hoc
2521 491 2678 555 di-A
2708 486 2920 539 ἁλλ’ἀπ

2398 507 2475 546 ιοο
2521 491 2605 545 di-
2631 497 2678 555 Α
2708 486 2823 539 ἀλλ’
2843 486 2951 538 ἀπὺ
3009 485 3321 555 στοχτωμοῦ
3351 485 3554 551 λέγειν,
3593 483 3818 551 Θεωρῶ,
3866 482 4059 553 φησι-ιο
4088 481 4150 534 οὐ
4172 481 4291 549 γὰρ

1025 584 1215 638 xisset.

1098 675 1261 729 Vens.
1309 675 1395 728 11.
1437 680 1501 728 At
1544 675 1778 728 centurio
1813 676 2157 744 gubernatori
2197 686 2244 730 et
2279 677 2607 732 nariculario

1027 766 1264 820 cre‘debat
1296 768 1483 837 magis,
1510 783 1670 836 quant
1697 768 1760 820 iis
1787 782 1902 835 qua:
1937 766 2137 821 Paulus
2157 769 2387 823 dicebat.

1099 954 1260 1007 Vens.
1307 952 1393 1006 12.
1429 951 1531 1006 Sed
1571 970 1688 1006 cum
1725 963 1907 1022 portus
1937 955 2207 1022 appositus
2237 971 2340 1008 non
2375 965 2508 1009 esset
2540 959 2608 1009 ad

1027 1045 1427 1108 hibernandum,
1457 1045 1690 1114 plerique
1722 1047 1884 1098 etiam
1921 1047 2039 1098 inde
2063 1046 2262 1100 solvere
2284 1056 2606 1112 statuerunt,

1026 1135 1071 1186 si
1092 1152 1192 1204 quo
1225 1137 1374 1187 modo
1405 1146 1612 1203 possent
1647 1138 1701 1188 in
1737 1136 2006 1190 Phoenicen
2027 1140 2336 1204 pervenire:
2360 1141 2404 1192 is
2430 1151 2609 1208 portus

1026 1239 1101 1281 est
1130 1225 1317 1292 Cretw,
1336 1238 1574 1296 spectans
1600 1229 1670 1282 ad
1697 1230 1932 1299 Africum
1956 1242 2003 1282 et
2030 1230 2253 1285 Cliorum
2279 1247 2295 1284 :
2325 1242 2481 1302 atque
2500 1232 2611 1286 illic

1026 1322 1278 1374 hiemare.

1097 1415 1261 1468 Vens.
1302 1413 1388 1469 15.
1423 1413 1555 1468 Cum
1582 1416 1746 1486 igitur
1781 1425 1960 1469 auster
2003 1415 2182 1470 leviter
2221 1418 2462 1492 aspirare
2502 1433 2606 1470 eo:-

1030 1505 1210 1574 pisset,
1257 1506 1507 1560 arbitrati
1543 1523 1597 1560 se
1635 1516 1935 1560 consecutos
1975 1522 2086 1560 esse
2134 1506 2271 1576 quod
2322 1508 2379 1559 in
2427 1507 2609 1560 animo

1029 1608 1428 1668 proposuerant,
1475 1615 1590 1652 cum
1631 1599 1942 1665 solvissent,
1983 1597 2194 1652 Cretam
2237 1615 2299 1652 ea:
2320 1599 2610 1669 propinquo

1034 1691 1563 1758 prwtervelwbantur.

1105 1782 1453 1839 Naviculario
1506 1785 1677 1856 magis
1729 1786 1992 1840 credebat.
2048 1784 2158 1840 Hoc
2206 1785 2439 1840 faciebat
2486 1785 2608 1840 ideo

2709 579 2774 631 ἂν
2809 579 3057 644 ἐδέξαντο
3095 578 3319 642 εὐθέως,
3351 579 3400 630 εἰ
3428 576 3588 630 τοῦτο
3612 573 3787 630 εἶπεν.

2794 670 2857 724 '0
2891 669 2959 722 δὲ
2991 670 3436 738 ἑκατοντάρχης
3455 671 3503 702 ⁷⁸
3557 669 3638 734 τῷ
3670 668 4005 735 κυϐερνήτῃ
4060 667 4158 720 καὶ
4205 666 4296 730 τῷ

2707 763 3032 830 ναυκλήρῳ
3063 764 3328 818 ἐπείθετο
3347 763 3614 832 μᾶλλον,
3655 762 3694 832 ἢ
3747 762 3874 828 τοῖς
3891 763 3935 793 ’⁷
3999 760 4120 814 ὑπὸ
4181 759 4294 812 τοῦ

2710 859 2956 910 Παύλου
2989 856 3359 924 λεγομένοις.

2793 947 3145 1003 Ἀνευθέτου
3182 947 3250 1000 δὲ
3280 947 3387 1002 τοῦ
3439 946 3688 1015 λιμένος
3720 947 4102 1014 ὑπάρχοντος
4141 949 4298 1014 πρὸς

2709 1042 3211 1109 παραχειμασίαν,
3240 1043 3293 1094 οἱ
3333 1041 3586 1106 πλείους
3642 1038 3849 1092 ἔθεντο
3868 1039 4117 1105 ,βουλὴν
4146 1039 4299 1091 ἀνα-

2710 1132 2988 1201 χθῆναιη
3039 1133 3317 1188 κάκεῖθεν
3350 1147 3365 1162 ⁶
3423 1132 3612 1198 εῖπως
3653 1131 3942 1185 δύναιντο
3990 1132 4297 1197 καταντή-

2709 1242 2931 1292 σαντες
2966 1229 3053 1292 εὶς
3081 1226 3326 1279 Φοίνικα
3365 1223 3832 1292 παραχειμάσαι,
3898 1222 4116 1291 λιμένα
4183 1221 4301 1289 τῆς

2709 1318 2966 1386 Κρήτης,
3004 1317 3320 1382 βλέποντα
3358 1317 3510 1370 κατὰ
3539 1317 3687 1370 Λίϐα
3709 1315 3808 1368 καὶ
3849 1314 4000 1368 κατὰ
4064 1313 4298 1382 Χῶρον.

2795 1409 3318 1476 Ὑποπνεύσαντος
3345 1408 3415 1463 δὲ
3448 1414 3651 1471 νότου,
3686 1407 3978 1472 δόξαντες
4009 1408 4122 1474 τῆς
4154 1425 4304 1474 προ-

2711 1501 2934 1569 θέσεως
2984 1503 3433 1571 κεκρατηκέναι,
3467 1502 3723 1572 ἄραντες
3761 1501 4018 1556 ῆσσονπ
4035 1501 4298 1569 παρελέ-

2709 1613 2887 1664 ⁸γοντο
2917 1594 3031 1664 τὴν
3069 1596 3330 1666 Κρήτην.

2787 1777 2872 1842 Τῷ
2902 1777 3230 1846 ναυκλήρῳ
3283 1779 3554 1833 ἐπείθετο
3601 1777 3864 1848 μᾶλλον.
3905 1776 4078 1833 Τοῦτο
4117 1777 4304 1830 ἐποίει

1030 1876 1174 1942 quod
1216 1876 1549 1931 existimaret
1590 1879 1758 1948 magis
1796 1878 2125 1932 credendum
2159 1893 2279 1932 esse
2311 1878 2605 1947 navigandi
2643 1885 2682 1938 Β
2712 1871 2923 1942 νομίζω

2410 1878 2605 1947 rigandi
2643 1885 2682 1938 η
2712 1871 2950 1942 νομίζων
2979 1873 3061 1926 δτι
3105 1874 3188 1927 δεῖ
3218 1874 3419 1942 μᾶλλον
3453 1875 3569 1931 τοῖς
3597 1872 3881 1942 ἐμπείρως
3937 1871 4122 1941 ἔχουσι
4159 1870 4303 1940 πρὸς

1033 1966 1244 2035 peritis,
1289 1983 1449 2037 quam
1488 1970 1694 2022 vectori
1728 1969 1802 2024 rei
1845 1969 2082 2024 nauticae
2115 1969 2391 2040 imperito.
2422 1968 2612 2039 Itaque

1029 2059 1242 2112 Consilii
1276 2069 1438 2129 atque
1485 2061 1672 2130 iudicii
1705 2071 1850 2128 erat,
1887 2079 1996 2116 non
2041 2062 2272 2117 fortunae
2303 2073 2608 2132 peccatum.

1101 2151 1264 2206 Vnns.
1300 2153 1385 2206 H.
1417 2151 1521 2208 Sed
1546 2155 1687 2208 haud
1715 2154 1882 2208 multo
1917 2166 2029 2222 post
2055 2157 2215 2209 irruit
2255 2156 2310 2208 in
2339 2173 2456 2210 eam
2485 2173 2612 2211 ven-

1034 2251 1116 2293 tus
1150 2241 1478 2296 turbulentus
1508 2260 1570 2296 ac
1620 2244 1960 2314 procellosus,
2013 2247 2104 2316 qui
2135 2246 2420 2300 vocabatur
2450 2247 2615 2300 Euro-

1034 2331 1219 2399 ctydon
1248 2342 1296 2385 η.

1105 2426 1265 2481 Vens.
1301 2429 1387 2483 15.
1421 2430 1651 2493 Cumque
1671 2439 1912 2499 correpta
1937 2441 2065 2486 esset
2095 2432 2264 2495 navis,
2294 2443 2343 2486 et
2368 2449 2469 2487 non
2491 2449 2612 2500 pos-

1035 2526 1114 2572 set
1147 2521 1394 2575 obsistere
1425 2508 1598 2586 vento,
1631 2523 1750 2592 jam
1792 2539 1896 2577 non
1937 2524 2169 2595 amplius
2211 2526 2501 2580 obnitentes
2525 2525 2617 2594 ja-

1035 2611 1309 2665 ctabamur
1333 2620 1378 2667 υ.

1110 2704 1266 2758 Vens.
1300 2706 1381 2759 16.
1417 2707 1546 2760 Cum
1574 2718 1748 2762 autem
1790 2711 1929 2779 infra
1978 2727 2196 2778 parvam
2225 2712 2515 2780 quamdam
2538 2711 2619 2764 in-

1035 2813 1092 2848 su
1104 2797 1230 2859 lam,
1260 2815 1373 2867 qua:
1397 2809 1612 2852 vocatur
1633 2799 1859 2865 Clauda,
1890 2818 2043 2855 cursu
2064 2801 2227 2855 delati
2251 2818 2501 2868 essemus,
2534 2803 2620 2856 vix

1036 2892 1299 2956 p.2tuimus
1329 2893 1559 2946 obtinere
1588 2895 1858 2963 scapham.

1110 2979 1270 3042 Vens.
1305 2983 1387 3034 17.
1426 2982 1596 3046 Quam
1626 2985 1713 3038 ubi
1734 2987 2112 3050 subduxerunt,
2151 2987 2474 3056 adjumentis
2505 2999 2617 3043 nte-

1042 3071 1253 3135 bantur.
1306 3077 1661 3145 succingentes
1708 3079 2000 3149 navigium,
2047 3081 2385 3149 timentesque
2441 3099 2503 3136 ne
2567 3084 2619 3136 in

1042 3160 1240 3232 Syrtim
1272 3166 1604 3234 ejicerentur.

1113 3257 1232 3309 Non
1273 3259 1548 3326 pos:ularc
1591 3271 1827 3328 oportet,
1871 3271 1921 3316 ut
1974 3261 2252 3332 Scriptura
2295 3265 2510 3334 proprie
2543 3267 2618 3318 ιο·
2645 3235 2690 3291 c

1043 3356 1240 3414 quatur
1271 3367 1283 3402 :
1317 3366 1438 3403 nam
1482 3352 1624 3420 quod
1651 3354 1783 3408 dixit
1821 3356 2240 3423 ἀντοφθαλμεῖν,
2309 3357 2360 3411 id
2406 3368 2488 3412 est
2522 3359 2618 3412 ob-

1049 3440 1208 3503 tueri,
1233 3451 1421 3497 contra
1448 3448 1664 3510 intueri,
1687 3447 1753 3501 de
1770 3447 1990 3502 homine
2007 3451 2400 3504 convenienter
2420 3466 2480 3504 ac
2499 3468 2622 3520 pro-

1044 3533 1160 3602 prie
1194 3533 1412 3600 dicitur,
1447 3553 1554 3591 non
1586 3539 1651 3591 de
1677 3540 1912 3609 navigio.

1116 3624 1274 3678 Vens.
1304 3626 1390 3680 18.
1437 3627 1669 3682 Demisso
1716 3648 1858 3697 vase,
1894 3633 1968 3686 ita
1997 3634 2315 3704 ferebantur.
2363 3637 2494 3690 Cum
2526 3654 2622 3689 au-

1044 3721 1143 3765 tem
1159 3715 1440 3770 vehementi.
1464 3727 1766 3788 tempestate
1793 3722 2131 3790 iactarentur,
2161 3729 2397 3796 sequenti
2425 3728 2507 3781 die
2528 3729 2622 3796 ja-

1043 3814 1248 3857 cturam
1282 3808 1568 3875 faciebant,

1112 3897 1276 3956 Vens.
1310 3903 1390 3957 19.
1417 3905 1486 3955 Ac
1511 3906 1658 3958 tertio
1680 3905 1761 3958 die
1788 3907 1974 3960 nostris
2004 3908 2234 3976 ipsorum
2259 3911 2499 3964 manibus
2533 3929 2620 3964 ar-

1043 4000 1311 4045 mamenta
1345 3995 1491 4047 navis
1527 3997 1863 4063 projeeimus.

1114 4077 1278 4135 Vens.
1309 4083 1399 4137 20.
1430 4085 1558 4139 Cum
1592 4097 1768 4141 autem
1808 4106 1971 4159 neque
1999 4091 2097 4152 sol.
2146 4109 2310 4163 neque
2339 4095 2514 4148 sidera
2552 4097 2621 4148 ad

1046 4170 1155 4223 dies
1177 4173 1462 4237 complures
1494 4189 1832 4244 apparerent,
1858 4197 1921 4232 ac
1944 4193 2222 4252 tempestas
2255 4186 2397 4238 haud
2432 4187 2620 4258 exigua

1044 4262 1384 4330 incumberet,
1422 4268 1542 4336 jam
1585 4271 1753 4324 omnis
1777 4272 1964 4326 salutis
2001 4285 2190 4330 nostra:
2219 4293 2332 4344 spes
2374 4279 2622 4350 adempta

1047 4362 1182 4406 erat.

1119 4445 1279 4499 Vens.
1311 4448 1398 4502 21.
1457 4447 1559 4503 Sed
1607 4467 1724 4504 cum
1767 4452 2020 4507 diuturna
2059 4455 2236 4511 inedia
2285 4472 2433 4526 esset,
2477 4475 2623 4517 stans

2711 1965 2773 2016 τὸ
2796 1965 2951 2018 πλεῖν
3007 1965 3382 2037 πείθεσθαι,ἢ
3437 1963 3675 2034 ἐπιϐάτῃ
3726 1962 3942 2032 ἀπείρῳ
4003 1963 4301 2032 ναυτικῆς.

2717 2060 2880 2111 ’Ὢττε
2905 2054 2999 2110 οὖν
3044 2058 3270 2128 γνώμης
3290 2054 3359 2128 ἦν
3389 2059 3484 2111 καὶ
3515 2057 3578 2111 οὒ
3609 2057 3782 2127 τύχης
3814 2056 4145 2126 ἁμάρτημα.

2783 2150 2921 2205 Μετ’
2949 2151 3022 2204 οὐ
3056 2150 3216 2205 πολὺ
3238 2150 3308 2204 δὲ
3329 2151 3511 2204 ἔϐαλε
3537 2150 3665 2204 κατ’
3693 2148 3884 2217 αὐτῆς
3930 2148 4153 2218 ἄνεμος
4204 2164 4308 2204 τυ-

2715 2247 2976 2314 φωνικὸς
3011 2248 3043 2300 ό
3073 2247 3450 2316 καλούμενος
3476 2245 3898 2314 Είφοκλύδων.

2788 2447 3328 2512 Συναρπασθέντος
3354 2445 3423 2498 δὲ
3450 2445 3556 2499 τοῦ
3586 2445 3825 2510 πλοίου,
3868 2444 3968 2498 καὶ
3996 2463 4038 2514 μ
4049 2443 4081 2501 ii
4109 2444 4307 2497 dura-

2712 2539 2903 2610 μένου
2953 2539 3402 2609 ἀντοφθαλμεῖν
3425 2537 3506 2604 τῷ
3530 2538 3748 2608 ἀνέμῳ,
3765 2537 4076 2604 ἐπιδόντες
4091 2537 4307 2606 ἐφερό-

2714 2638 2885 2704 μεθα.

2791 2724 3022 2792 Νησιόν
3045 2721 3111 2776 δέ
3137 2740 3190 2776 τι
3219 2722 3667 2791 ὑποδραμόντες
3695 2720 4076 2790 καλούμενον
4097 2721 4311 2775 Κλαύ-

2721 2815 2857 2884 δην;
2887 2817 3062 2885 μόλις
3093 2816 3433 2885 ἰσχύσαμεν
3468 2813 3840 2884 περικρατεῖς
3869 2811 4146 2882 γενέσθαι
4185 2813 4313 2882 τῆς

2721 2906 2984 2975 σκάφης.

2800 3002 2904 3054 Ἢν
2936 3001 3189 3067 ἄραντες
3243 2998 3554 3067 ,ϐοηθείαις
3586 2995 3872 3065 ἐχρῶντο,
3914 2993 4311 3056 ὑποζωννύν-

2721 3108 2820 3158 τες
2845 3093 2910 3144 τὸ
2941 3091 3176 3156 πλοῖον,
3207 3090 3566 3160 φοϐούμενοί
3594 3106 3659 3142 τε
3683 3089 3730 3120 ⁸⁸
3757 3087 3844 3158 μὴ
3875 3088 3962 3153 εις
3988 3086 4105 3153 τὴν
4147 3087 4312 3153 Σύρ-

2723 3201 2817 3236 τιν
2838 3183 2880 3215 ⁸¹
2915 3182 3278 3237 ἐκπέσωσιν.

2801 3273 2878 3324 οὐ
2937 3273 3020 3326 δεῖ
3066 3271 3440 3343 κυριολεκτεῖν
3497 3272 3753 3324 ἀπαιτεῖν
3788 3271 3889 3341 τὴν
3933 3269 4181 3340 Γραφήν.
4233 3267 4312 3320 Ti:

2725 3367 2855 3433 γὰρ,
2913 3365 3378 3433 ἀντοφθαλμεῖν,
3440 3363 3534 3417 ἐπὶ
3587 3363 3877 3436 ἀνθρώπου
3914 3361 4167 3432 ἁρμόζει,
4207 3362 4314 3412 καὶ

2724 3457 2824 3508 οὐκ
2872 3455 2964 3507 ἐπὶ
3013 3455 3218 3508 πλοίου.

2797 3637 3184 3702 Χαλάσαντες
3217 3635 3282 3688 τὸ
3319 3636 3560 3700 σκεῦος,
3592 3636 3776 3699 οὕτως
3808 3636 4114 3705 ἐφέροντο.
4140 3642 4310 3706 Σμο-

2725 3729 2878 3799 δρῶς
2903 3729 2971 3781 δὲ
3003 3727 3438 3799 χειμαζομένων
3489 3727 3679 3798 ⁴ἡμῶν,
3704 3728 3775 3796 τῇ
3829 3729 3977 3796 ἑξῆς
4037 3729 4309 3799 ἐκϐολὴν

2723 3823 3066 3876 ἐποιοῦντο.

2798 3913 2904 3967 Καὶ
2927 3913 2999 3981 τῇ
3014 3913 3178 3985 τρίτῃ
3204 3910 3546 3979 αὐτόχειρες
3575 3911 3689 3978 τὴν
3703 3910 3937 3979 σκευὴν
3955 3911 4056 3965 τοῦ
4084 3913 4313 3967 πλοίου

2725 4005 3074 4074 ἐρῤίψαμεν.

2798 4095 2959 4159 Mure
3001 4093 3070 4146 δὲ
3121 4094 3302 4160 ἡλίου
3359 4090 3512 4162 μήτε
3571 4091 3807 4160 ἄστρων
3864 4092 4314 4160 exiguis-cirrus-

2725 4189 2823 4244 ἐπὶ
2852 4189 3139 4252 πλείονας
3190 4187 3436 4255 ἡμέρας,
3493 4184 3783 4254 χειμῶνός
3817 4203 3880 4238 τε
3918 4187 4031 4238 οὐκ
4094 4187 4313 4255 ὀλίγον

2725 4277 3125 4348 ἐπικειμένου,
3159 4276 3376 4331 λοιπὸν
3408 4275 3744 4344 περιῃρεῖτο
3773 4274 3942 4331 πᾶσα
3992 4276 4170 4342 ἐλπὶς
4199 4277 4316 4332 τοῦ

2726 4371 3014 4432 σώζεσθαι
3036 4368 3210 4439 ἡμᾶς.

2799 4457 3041 4526 Πολλῆς
3068 4458 3134 4510 δὲ
3164 4455 3400 4522 ἀσιτίας
3427 4456 3842 4523 ὑπαρχούσης,
3901 4455 4032 4508 τότε
4063 4455 4315 4520 σταθεὶς

1049 4531 1251 4588 Paulus
1304 4538 1359 4589 in
1409 4541 1576 4591 medio
1624 4540 1836 4594 illorum
1885 4543 2020 4597 dixit
2054 4561 2074 4598 :
2120 4545 2403 4614 Oportebat
2460 4551 2623 4622 180
2656 4557 2760 4630 Dd
2795 4552 2941 4606 ΙΙαῦ.

2460 4551 2623 4622 180
2656 4571 2704 4630 D
2729 4557 2760 4606 ό
2795 4552 3035 4617 Παῦλος
3061 4550 3129 4603 ἐν
3179 4548 3347 4618 μέσῳ
3395 4547 3614 4611 αὐτῶν,
3670 4547 3872 4600 εἶπεν·
3913 4546 4072 4600 Ἔδει
4098 4548 4239 4615 μὲν,
4265 4543 4313 4602 ὦ

1049 4627 1279 4694 quidem,
1309 4631 1429 4694 viri,
1463 4633 1589 4685 mihi
1633 4635 2049 4704 obtemperantes
2080 4656 2110 4692 a
2135 4640 2291 4695 Creta
2333 4659 2435 4697 non
2463 4647 2625 4700 solve-

1048 4734 1127 4778 re.
1156 4727 1312 4789 atque
1342 4721 1538 4777 lucrari
1568 4726 1705 4779 hanc
1737 4727 1992 4798 injuriam
2037 4741 2197 4802 atque
2231 4734 2624 4793 detrimentum.

1123 4899 1176 4952 Id
1205 4910 1307 4967 est,
1333 4902 1472 4956 vela.
1511 4903 1643 4959 Nam
1675 4922 1798 4962 eum
1832 4920 2030 4968 ventus
2060 4912 2357 4970 vehemens
2383 4928 2485 4984 est,
2520 4918 2622 4974 hoc

1055 4989 1133 5053 ﬁt,
1165 4991 1292 5046 dum
1322 4996 1517 5065 puppis
1544 4999 1900 5056 exseinditur.

1128 5083 1289 5136 Vens.
1322 5086 1411 5139 22.
1446 5087 1513 5140 Et
1553 5105 1690 5142 nunc
1729 5091 1887 5160 jubeo
1926 5111 2014 5149 vos
2058 5097 2188 5151 bono
2238 5099 2418 5151 animo
2462 5117 2570 5154 esse
2603 5119 2620 5155 :

1056 5189 1176 5225 nam
1209 5176 1404 5230 anima:
1434 5179 1580 5232 nulla
1604 5181 1700 5232 erit
1733 5182 1950 5249 jactura
1980 5203 2043 5240 ex
2076 5189 2238 5255 vobis,
2269 5202 2624 5260 prwterquam

1055 5282 1268 5336 ιιειυιθιι.

2727 4643 2964 4710 ἄνδρες,
3019 4637 3545 4708 πειθαρχήσαντάς
3571 4654 3671 4705 μοι
3697 4637 3783 4706 μὴ
3815 4635 4141 4706 ἀνάγεσθαι
4185 4639 4312 4691 ἀπὸ

2727 4734 2838 4803 τῆς
2874 4733 3128 4800 Κρήτης,
3167 4729 3460 4797 κερδῆσαί
3486 4729 3608 4782 te”
3633 4728 3748 4795 τὴν
3773 4727 3943 4798 ὕϐριν
3967 4729 4193 4796 ταύτην
4210 4729 4311 4782 καὶ

2727 4825 2840 4893 τὴν
2874 4823 3104 4892 ζημίαν.

2803 4914 3081 4976 Τουτέστι,
3119 4913 3186 4965 τὰ
3226 4909 3392 4964 ἱστία.
3456 4915 3602 4963 οταν
3652 4909 3760 4980 γὰρ
3784 4909 4062 4981 σφοδρδςό
4104 4912 4311 4983 ἄνεμος

2730 5001 2786 5078 ᾖ,
2817 5003 2975 5057 τοῦτο
3012 5006 3244 5070 γίνεται,
3277 5000 3686 5070 ὲκκοπτομένης
3706 5001 3806 5070 τῆς
3843 5000 4098 5071 πρύμνης

2801 5096 2908 5151 Καὶ
2944 5094 3134 5148 τανῦν
3169 5092 3438 5162 παραινῶ
3476 5089 3634 5160 ὑμᾶς
3661 5092 3962 5160 εὐθυμεῖν.
4005 5093 4310 5164 ’Λποσολὴ

2736 5188 2848 5259 γὰρ
2911 5185 3118 5257 ¹ψυχῆς
3162 5185 3410 5256 οὐδεμία
3453 5183 3623 5237 ἔσται
3655 5183 3723 5248 ἐξ
3764 5182 3954 5254 ὑμῶν,
3985 5185 4155 5255 πλὴν
4198 5189 4310 5242 τοῦ

2735 5284 2973 5337 πλοίου.

2201 5441 2401 5502 Varim
2446 5441 2756 5504 lectiones
2800 5449 2860 5503 et
2907 5449 3095 5504 noun.

1128 5549 1170 5580 ⁷⁸
1192 5548 1255 5628 I_n
1281 5551 1509 5628 vulgatis
1542 5555 1956 5628 ἑκατόνταρχος.

1058 5635 1170 5679 σον,
1198 5621 1252 5672 in
1283 5620 1529 5688 vulgatis.

1061 5690 1393 5742 desideratur
1423 5693 1475 5744 in
1534 5703 1906 5771 manusrripto.

1136 5824 1159 5851 υ
1194 5813 1251 5866 V.
1285 5819 1629 5888 Euroaquilo.

2063 5561 2109 5591 ’⁷
2134 5562 2239 5615 ὑπὸ
2268 5565 2600 5618 desideratur
2629 5567 2681 5617 in
2713 5569 3088 5635 manuscripto.

1645 5629 1690 5658 ‘°
1719 5632 1794 5706 τ’»-
1817 5630 2144 5684 desideratur
2193 5635 2245 5686 in
2294 5637 2672 5704 manuscripto.
2712 5645 2738 5700 ξ
2784 5636 2827 5666 ⁸⁸
2869 5629 3230 5706 σὺρὲηιιενιιι.

3195 5565 3239 5596 ⁷⁸
3269 5563 3331 5617 In
3386 5565 3745 5632 manuscripto
3783 5561 4033 5631 ἀχθῆναι.
4136 5561 4159 5579 ’

3349 5633 3395 5663 ³⁸
3424 5634 3702 5688 ὲκπέσωσι
3732 5634 3785 5687 in
3817 5632 4069 5702 vulgatis.

1720 5832 1738 5852 °
1777 5821 1838 5878 V.
1874 5826 1996 5878 data
2030 5843 2153 5880 nare
2189 5828 2400 5894 ﬂatibus
2430 5829 2743 5898 ferebantur.
