4794 6454
488 389 585 455 861

1169 397 1710 459 EXI‘OSlTlONlS
1754 398 1835 458 IN
1876 399 2063 458 ACTA
2104 400 2408 462 TEXTUS
2443 404 2712 465 ALTER.
2754 431 2815 441 —
2842 408 3003 469 CAP.
3045 408 3122 469 ll.

3659 411 3764 474 862

503 508 829 585 Ἔπλῆρῳσε
889 507 983 561 τὸν
1038 508 1218 578 χορὸν,
1276 510 1369 562 καὶ
1402 510 1675 579 ἀπήρτισε
1726 509 1828 579 τὴν
1849 508 2002 573 τάξιν
2046 508 2075 560 ὁ
2104 507 2237 569 Αδί
2286 509 2396 563 enil

1867 508 2002 573 τάξιν
2046 508 2075 560 ό
2104 507 2237 569 Αδί
2286 509 2474 575 enim,
2522 512 2613 566 ubi
2666 528 2845 584 neque
2896 518 3073 568 oratio
3124 516 3322 581 fiebat,
3376 532 3553 587 neque
3605 516 3760 589 probi

489 601 856 672 ἀναδειχθείς.
908 603 1000 654 As!
1026 603 1207 656 τοίνυν
1244 603 1338 656 τὸν
1377 602 1731 674 κ).ηρωθέντα
1787 602 1877 653 τὸν
1913 601 2077 653 τόπον

491 696 656 766 ἔχειν,
697 696 758 748 δν
787 695 1100 767 ικληρὼθη,
1143 696 1236 751 καὶ
1272 698 1351 768 μὴ
1391 695 1828 760 κατασκευάζειν
1853 693 2030 763 ἑαυτῷ
2060 710 2076 725 ο

492 788 551 839 οὐ
584 788 697 856 γὰρ
732 788 803 842 ἂν
832 788 920 858 εἴη
952 788 1155 859 κλῆρος
1189 786 1351 842 τοῦτο
1370 803 1386 821 ⁸
1413 789 1551 858 μήτε
1580 788 1806 855 φεύγειν
1832 786 2073 840 δοθέντα.

492 881 555 933 El
594 881 706 950 γὰρ
730 880 800 934 τὰ
829 879 924 935 τοῦ
965 880 1170 951 κλήρου
1203 880 1391 951 κύρια,
1436 878 1617 950 πολλῷ
1655 879 1854 949 μᾶλλον
1893 879 1958 931 τὰ
1984 874 2079 929 τοῦ

493 973 652 1036 Θεοῦ,
688 975 825 1027 ὅταν
856 977 885 1028 ὁ
904 974 1036 1037 Θεὸς
1063 973 1346 1044 κληρώσῃ.
1376 974 1468 1025 Δεῖ
1489 972 1547 1026 δι
1574 973 1670 1025 xal.
1706 971 1798 1024 τὸν
1822 970 2082 1023 ποιοῦντα

492 1065 875 1135 ἀπροσπαθῶν
904 1067 925 1098 ¹
948 1069 1141 1120 ποιεῖν.
1167 1065 1339 1119 Τοῦτο
1369 1064 1477 1134 γὰρ
1504 1064 1724 1134 κλῆρος,
1766 1061 1841 1131 μὴ
1864 1063 1923 1114 δν
1955 1060 2081 1130 βού-

493 1156 643 1207 λεται
666 1155 856 1218 αὐτὸς,
886 1155 1005 1208 ἀλλ’
1058 1154 1120 1208 δν
1149 1156 1183 1226 ἡ
1216 1157 1377 1224 χάρις
1427 1152 1663 1205 δίδωσιν.
1686 1149 1832 1213 Ἕως
1867 1150 1963 1218 μὲν
1990 1149 2082 1203 οὖν

495 1249 819 1317 Πνεύματος
835 1235 1052 1318 ἄμοιροι
1068 1243 1210 1318 ἦσαν
1232 1248 1284 1300 οἱ
1303 1244 1615 1308 ἀπόστολοι,
1638 1244 1825 1313 κλήρῳ
1847 1244 1914 1296 τὰ
1940 1242 2052 1311 πρά
2073 1271 2083 1281 -

495 1358 685 1407 γματα
726 1340 1031 1410 ἐπέτρεπον
1058 1357 1070 1371 ·
1123 1339 1354 1409 ὓστερον
1407 1336 1465 1390 δὲ
1507 1337 1600 1389 καὶ
1640 1335 1717 1404 τῷ
1746 1334 1960 1402 πλήθει,
1989 1333 2085 1387 καὶ

493 1432 559 1497 τῇ
593 1430 780 1499 οἰκείᾳ.
810 1430 1014 1499 χάριτι.
1046 1428 1269 1498 Ἐπειδὴ
1299 1426 1355 1481 δὲ
1394 1425 1609 1479 πολλῶν
1666 1426 1838 1477 ὄντων
1876 1424 2084 1486 πάντας

494 1520 836 1590 κληροῦσθαι
861 1522 964 1574 οὐκ
992 1520 1095 1589 ενι,
1128 1520 1355 1583 εἰκότως
1381 1520 1447 1573 ὲκ
1470 1516 1686 1571 πολλῶν
1707 1516 1926 1585 ὀλίγους
1958 1516 2081 1568 ἑπι-

495 1611 794 1679 λεγόμεοα.

2181 609 2335 652 erant
2378 601 2625 657 homines
2672 606 2754 675 (ut
2788 622 2954 675 super
2987 605 3169 677 luna).
3198 610 3359 679 196
3416 612 3553 664 adeo
3581 619 3762 664 tamen

2184 703 2307 745 sors
2353 692 2561 757 valuit,
2608 697 2754 765 quod
2800 707 2947 751 recta
2999 702 3307 755 intentione
3356 703 3543 767 fieret;
3594 704 3767 757 multo

2183 783 2357 853 magis
2391 783 2481 839 hic
2515 786 2713 841 merito
2746 789 2977 858 replevit
3004 793 3260 856 chorum,
3287 804 3341 849 et
3369 795 3618 850 ordinem
3646 810 3768 864 per-

2183 871 2334 937 fecit,
2366 875 2462 944 qui
2491 878 2593 932 hac
2623 879 2841 935 ratione
2875 892 3213 939 monstratus
3241 884 3363 941 fttit.
3397 886 3579 952 Quare
3602 902 3768 954 opor-

2184 974 2260 1019 tet
2307 982 2751 1043 unumquemque
2803 981 2989 1030 tenere
3054 978 3268 1045 locum,
3320 995 3482 1049 quem
3535 982 3765 1035 sortitus

2184 1065 2300 1123 est,
2340 1075 2406 1115 ac
2438 1077 2537 1118 nec
2555 1066 2658 1120 sibi
2688 1083 2989 1137 procurare
3038 1070 3170 1133 (non
3193 1072 3338 1126 enim
3372 1086 3495 1127 sors
3521 1072 3571 1125 id
3597 1072 3763 1141 esset)

2188 1166 2289 1205 nec
2330 1152 2585 1223 refugere
2615 1175 2762 1226 eum,
2793 1164 2886 1232 qui
2917 1163 3078 1217 datus
3111 1173 3215 1218 est.
3249 1163 3305 1218 Si
3340 1164 3487 1220 enim
3525 1172 3639 1219 rata
3672 1165 3768 1217 ha-

2186 1240 2384 1298 bentur
2404 1284 2419 1309 ,
2467 1262 2588 1317 quae
2620 1261 2750 1306 sunt
2777 1269 2805 1307 a
2846 1264 3019 1320 sorte,
3047 1255 3217 1310 multo
3255 1258 3425 1325 magis
3446 1271 3568 1326 qua:
3595 1269 3625 1308 a
3658 1254 3768 1309 Deo

2189 1344 2339 1400 sunt,
2375 1352 2473 1392 seu
2505 1355 2629 1395 cum
2667 1344 2809 1400 Deus
2836 1347 3009 1418 eligit.
3045 1348 3284 1404 Necesse
3318 1364 3447 1403 vero
3482 1356 3587 1410 est.
3625 1356 3683 1401 ttt
3712 1356 3768 1401 et

2188 1426 2257 1490 is,
2300 1428 2393 1498 qui
2439 1432 2625 1501 eligit,
2674 1435 2726 1489 id
2775 1438 2894 1492 siue
2927 1442 3165 1510 partium
3214 1440 3398 1495 studio
3443 1441 3629 1495 faciat.
3675 1438 3768 1493 Illa

2190 1520 2335 1574 enim
2376 1537 2501 1578 vera
2526 1540 2650 1582 sors
2678 1538 2781 1595 est,
2813 1546 2922 1586 non
2959 1548 3122 1601 quam
3158 1534 3272 1587 vult
3307 1535 3446 1602 ipse,
3478 1531 3570 1586 sed
3603 1546 3766 1601 quam

2193 1610 2365 1679 gratia
2399 1616 2734 1673 moderatur.
2767 1623 3012 1692 Apostoli
3048 1626 3231 1693 igitur,
3269 1633 3564 1693 antequam
3596 1621 3768 1689 Spiri-

498 1718 617 1761 tum
642 1715 895 1761 sam-tum
931 1704 1258 1774 reciperent,
1294 1710 1444 1758 sorte
1479 1705 1695 1773 negotia
1731 1698 2189 1755 administrabant
2218 1719 2233 1758 ε
2265 1715 2452 1773 postea
2515 1727 2644 1766 νειοο
2680 1722 2733 1766 ει
2771 1715 3156 1777 “militudine.
3226 1725 3281 1770 ει
3349 1714 3570 1785 [ποντία
3642 1719 3769 1783 Era--

499 1806 599 1857 ιτα.
650 1801 925 1867 Quoniam
970 1814 1140 1869 vero,
1186 1801 1413 1872 quando
1462 1798 1617 1854 multi
1662 1808 1837 1863 sunt,
1896 1808 2090 1853 omnes
2126 1806 2273 1853 sorte
2298 1804 2548 1873 accipere
2583 1824 2690 1864 non
2721 1811 2872 1875 licet,
2904 1812 3031 1868 hinc
3062 1820 3208 1867 recte
3239 1827 3306 1866 ex
3382 1810 3568 1865 multis
3634 1824 3769 1880 pau-

502 1912 607 1952 cos
640 1894 947 1963 seligitnus.

1110 1985 1366 2040 ΚΕΦΔΔ.
1406 1982 1483 2039 Γ.

500 2082 642 2150 Περὶ
674 2078 790 2149 τῆς
827 2080 993 2145 θείας
1032 2080 1141 2135 τοῦ
1169 2081 1342 2149 ἁγίου
1386 2078 1733 2148 Πνεύματος
1788 2068 2089 2143 ἐπιφοιτή-

570 2191 737 2240 σεως
769 2172 847 2241 τῇ
883 2172 1074 2242 ἡμέρᾳ
1107 2170 1229 2241 ’τῆς
1279 2169 1711 2243 Πεντηκοστῆς
1764 2167 2091 2241 γενομένης

577 2268 663 2332 εις
694 2265 840 2331 τοὺς
867 2265 1274 2331 ἀποστόλους.

889 2355 1149 2424 Κυριακὴ
1174 2357 1275 2422 τῆς
1319 2353 1721 2426 Πεντηκοστῆς.

962 2495 968 2498 .
1109 2444 1501 2501 KEIMENON.

577 2540 689 2596 Καὶ
718 2542 780 2594 εν
804 2538 884 2609 τῷ
916 2537 1371 2609 συμπληροῦσθαι
1396 2538 1495 2609 τήν
1525 2540 1558 2609 ἡ
1569 2538 1742 2610 μόραν
1756 2539 1857 2609 τῆς
1883 2539 2090 2606 Πεντη··

508 2637 741 2704 κοστῆς,
776 2628 917 2703 ἦσαν
957 2631 1197 2695 ἅπαντες
1228 2631 1281 2684 οἱ
1309 2632 1600 2686 ἀπόστολοι
1628 2630 1976 2701 ὁμοθυμαδὸν
1998 2630 2093 2684 ἐπὶ

510 2727 570 2780 τὸ
601 2725 758 2778 αὐτό.
790 2724 903 2778 Καὶ
943 2723 1161 2791 εγενετο
1219 2723 1378 2792 ἄφνω
1421 2725 1487 2777 εκ
1517 2722 1613 2777 τοῦ
1666 2723 1899 2794 οὐρανοῦ
1936 2718 2088 2792 ἦχος,

510 2818 706 2887 ὥσπερ
758 2815 1070 2887 φερομένης
1120 2816 1289 2883 πνοῆς
1340 2813 1541 2883 βιαίας.
1609 2815 1720 2869 Καὶ
1775 2808 2094 2883 ἐπλήρωσεν

510 2910 634 2964 ὅλον
666 2910 764 2962 τὸν
810 2906 958 2961 οἷκον
1016 2899 1079 2961 οὗ
1106 2902 1246 2979 ἦσαν
1291 2908 1615 2979 καθήμενοι.
1684 2906 1791 2961 Kal
1829 2905 2093 2973 ὤφθησαν

513 3007 699 3067 αὐτοῖς
721 3000 1167 3072 διαμεριζόμενοι
1190 3001 1437 3070 γλῶσσαι
1458 3000 1591 3054 ὡσεὶ
1616 2999 1808 3070 πυρός.
1838 2998 2092 3053 Ἐκάθισέ

513 3116 571 3151 τε
616 3098 703 3165 ἐφ’
734 3098 833 3149 ἕνα
864 3098 1098 3150 ἕκαστον
1130 3094 1332 3149 αὐτῶν.
1372 3094 1486 3149 Καὶ
1535 3093 1890 3164 ἐπλήσθησαν
1918 3093 2095 3147 anav-

515 3207 605 3252 τες
640 3188 962 3257 ηνεύματος
996 3187 1175 3255 ἁγίου,
1231 3185 1326 3239 καὶ
1375 3184 1611 3255 ἤρξαντο
1659 3183 1844 3237 λαλεῖν
1873 3183 2093 3252 stipat;

514 3283 817 3350 γλώσσαις,
853 3278 1035 3341 καθὼς
1059 3278 1122 3331 τὸ
1147 3275 1373 3347 Πνεῦμα
1403 3276 1575 3330 ὶδίδου
1605 3276 1789 3337 αὐτοῖς
1810 3274 2094 3342 ἁποφθέγ-
2119 3316 2164 3378 C

516 3372 731 3440 γεσοαι.
763 3366 946 3423 Ἦσαν
970 3369 1028 3422 δι
1048 3369 1107 3421 ιν
1143 3368 1505 3439 Ἰερουσαλήμ
1546 3361 1923 3428 κατοικοῦντες
1953 3365 2092 3417 Ἰου-

512 3467 655 3518 δαῖοι
719 3462 913 3533 ἄνδρες
954 3460 1199 3524 εὐλαϐεῖς
1254 3460 1366 3514 ἀπὸ
1408 3460 1608 3523 παντὸς
1642 3459 1829 3521 ἔθνους
1851 3458 1959 3510 τῶν
1991 3458 2094 3510 {me

512 3558 605 3609 τὸν
631 3554 887 3626 οὐρανόν.
915 3553 1221 3621 Γενομένης
1250 3552 1305 3605 δὲ
1349 3553 1447 3622 τῆς
1469 3555 1652 3622 φωνῆς
1703 3552 1927 3620 ταύτης,
1970 3569 2097 3605 συν·

513 3645 721 3713 ἧλθε’τδ
738 3643 961 3713 πλῆθος,
991 3644 1084 3695 καὶ
1109 3641 1398 3711 συνεχύθη,
1426 3642 1508 3695 ὅτι
1530 3642 1731 3712 ἢκουον
1755 3636 1836 3703 εἷς
1866 3641 2094 3705 ἕκαστος

516 3742 584 3809 τῇ
631 3737 741 3807 ἰδία
781 3735 1049 3806 διαλέκτῳ
1106 3734 1411 3790 λαλούντων
1456 3734 1656 3788 αὐτῶν.
1697 3735 2009 3798 Ἐξίσταντο
2038 3734 2096 3788 δὲ

516 3832 745 3893 πάντες,
780 3827 879 3880 καὶ
899 3825 1209 3896 ἐθαύμαζον
1233 3826 1483 3893 λέγοντες
1502 3827 1638 3895 πρὸς
1666 3826 1929 3897 ἀλλήλους
1948 3844 1959 3855 ·
1982 3827 2096 3880 Οὐκ

520 3923 630 3975 ἰδοὺ
661 3922 867 3981 πάντες
889 3911 1037 3971 οὗτοί
1062 3919 1201 3972 εἰσιν
1231 3920 1281 3972 οί
1315 3918 1604 3981 λαλοῦντες
1633 3917 1903 3971 Γαλιλαῖοι
1928 3936 1943 3985 ;
1984 3920 2097 3972 Καὶ

515 4013 638 4077 πῶς
673 4013 840 4083 ἡμεῖς
866 4010 1383 4081 ἁκούομενῑκαστος
1404 4013 1471 4082 τῇ
1508 4010 1616 4081 ιδίᾳ
1646 4010 1914 4080 διαλέκτῳ
1939 4010 2096 4079 ἡμῶν

516 4109 573 4159 ὲν
677 4103 1091 4175 ὲγεννήθημενς
1140 4102 1381 4174 Πάρθοι,
1419 4104 1517 4158 καὶ
1555 4103 1769 4172 Μῆδοι,
1807 4106 1905 4158 καὶ
1944 4104 2099 4157 Ἐλα-

520 4201 696 4268 μτται,
756 4199 855 4251 καὶ
904 4198 956 4250 oi
1022 4194 1406 4260 κατοικοῦντες
1453 4196 1555 4268 τήν
1615 4196 2054 4267 Μεσοποταμίαν
2078 4237 2094 4261 ,

528 4291 793 4346 Ἰουδαίαν
818 4307 881 4343 τε
915 4290 1013 4344 καὶ
1066 4288 1486 4351 Καππαδοκίαν,
1534 4290 1737 4343 Πόντον
1764 4306 1826 4343 τε
1860 4292 1956 4343 καὶ
1998 4291 2099 4359 τὴν

528 4381 748 4444 Ἀσίαν,
771 4381 1018 4451 Φρυγίαν
1039 4396 1101 4434 τε
1146 4381 1242 4433 καὶ
1283 4379 1635 4451 Παμφυλίαν,
1676 4382 1972 4449 Αιγυπτον,
2005 4381 2099 4434 καὶ

516 4474 585 4527 τὰ
612 4474 760 4545 μέρη
791 4473 890 4543 τῆς
916 4472 1123 4543 Λιϐύης
1154 4472 1256 4543 τῆς
1284 4473 1427 4527 κατὰ
1465 4473 1746 4544 Κυρήνην,
1778 4475 1875 4527 καὶ
1912 4475 2099 4545 επιδη-

523 4565 758 4635 μοῦντες
824 4566 1116 4635 Ῥωμαῖοι,
1157 4564 1401 4619 Ἰουδαῖοί
1468 4581 1529 4618 τε
1572 4565 1669 4620 καὶ
1721 4566 2095 4637 προσήλυτοι,

519 4660 763 4730 Κρῆτες,
811 4660 907 4711 καὶ⁸
938 4657 1201 4727 Ἄραϐες,
1225 4657 1503 4729 ἀκούομεν
1556 4658 1863 4713 λαλούντων
1919 4660 2099 4713 αὐτῶν
2134 4663 2176 4719 D

518 4755 635 4816 ταῖς
659 4753 960 4823 ἡμετέραις
986 4752 1264 4823 γλώσσαις
1284 4755 1352 4808 τὰ
1390 4753 1651 4825 μεγαλεῖα
1679 4754 1774 4809 τοῦ
1796 4753 1957 4809 Θεοῦ.

1121 4844 1503 4899 EPMHNEIA.

592 4936 881 4995 Τσηέστι,
909 4932 1020 5005 [ob]
1050 4934 1157 5005 πρὸ
1183 4935 1285 5004 τῆς
1316 4936 1716 5007 Πεντηκοστῆς,
1750 4936 1933 5010 [ἀλλὰ]
1967 4940 2096 5010 περὶ

520 5028 715 5091 αὐτὴν,
750 5026 826 5086 ὡς
851 5025 1046 5088 εἰπεῖν,
1080 5026 1180 5097 τὴν
1209 5026 1400 5097 ἑορτήν
1422 5027 1622 5082 ’.Ἔδει
1644 5029 1754 5101 γὰρ
1781 5031 1973 5100 ἑορτῆς
2007 5031 2098 5085 οὗ·

522 5135 622 5186 σης
662 5114 839 5169 ταῦτα
866 5114 1133 5181 γίνεσθαι,
1162 5115 1249 5168 ἵνα
1272 5116 1323 5168 ol
1349 5117 1615 5185 παρόντες
1643 5118 1723 5188 τῷ
1759 5121 1978 5191 σταυρῷ
2003 5122 2097 5175 τοῦ

520 5207 767 5278 Χριστοῦ
811 5208 975 5261 πάλιν
1039 5209 1135 5261 καὶ
1173 5207 1348 5261 ταῦτα
1401 5209 1604 5263 ἴδωσιν.
1647 5212 1866 5283 Ἐπειδὴ
1920 5216 2100 5267 τοίνυν

520 5297 578 5350 ιν
607 5298 678 5366 τῇ
702 5295 890 5365 ἡμέρᾳ
918 5296 1018 5366 τῆς
1042 5295 1424 5366 Πεντηκοστῆς
1477 5297 1630 5368 ἐδόθη
1663 5300 1691 5352 ό
1726 5300 1891 5369 νόμος
1913 5305 1940 5355 ὁ
1995 5320 2097 5355 πα-

521 5388 698 5452 λαιὸς,
732 5387 853 5440 κατ’
881 5387 1051 5457 αὐτὴν
1078 5386 1185 5440 ἔδει
1216 5387 1433 5456 δοθῆναι
1472 5388 1570 5457 τὴν
1602 5391 1694 5449 τοῦ
1730 5393 1887 5459 ἁγίου
1922 5396 2096 5449 lived-

525 5495 695 5547 ματος
724 5477 925 5547 χάριν·
981 5478 1075 5531 καὶ
1130 5477 1219 5531 ἵνα
1263 5478 1449 5548 δειχθῇ
1512 5480 1814 5551 ἀδιαίρετος
1848 5488 1880 5551 ή
1935 5486 2097 5554 φύσις

523 5573 620 5641 τῆς
646 5570 995 5632 ὑποστάσεως
1016 5569 1117 5640 τῆς
1145 5570 1354 5641 θεῖκῆς,
1392 5573 1451 5625 εν
1482 5572 1688 5645 nam;
1719 5579 1812 5630 καὶ
1834 5579 1970 5648 Νέᾳ,
2006 5582 2097 5632 καὶ

521 5660 806 5731 διαφόροις
830 5661 1041 5730 χρόνοις
1064 5662 1192 5732 μίαν
1252 5663 1595 5734 ἐργαζομένη
1630 5668 1727 5728 τὴν
1780 5673 2101 5739 συμφωνίαν

2119 1978 2166 2037 Β
2194 1952 2197 1955 ,

2775 1989 3004 2045 CAPUT
3045 1988 3137 2046 Ill.

2194 2076 2272 2132 De
2303 2078 2482 2134 divino
2534 2080 2767 2151 Spiritus
2825 2085 3005 2137 sancti
3066 2086 3121 2136 in
3194 2083 3465 2153 apostolos
3514 2082 3768 2136 descensu

2746 2173 2833 2227 die
2866 2171 3217 2229 l’entecasm.

2641 2343 2924 2400 Dominica
2956 2344 3322 2400 Pentecostes.

2821 2451 3123 2506 TEXTUS.

2267 2545 2329 2608 ll,
2360 2545 2509 2599 l-ll.
2544 2545 2605 2598 Et
2635 2559 2758 2597 cum
2798 2546 3205 2614 Clllllplel‘ellllll'
3226 2544 3341 2597 dies
3373 2542 3731 2599 Pentecostes
3751 2583 3768 2604 ,

2195 2646 2354 2691 erant
2396 2652 2586 2691 omnes
2624 2638 2827 2705 pariter
2862 2637 2913 2689 in
2945 2636 3135 2691 eodem
3174 2636 3315 2690 loco.
3360 2634 3426 2688 Et
3466 2632 3643 2688 factus
3689 2643 3774 2687 est

2196 2739 2421 2798 repente
2437 2728 2505 2781 de
2532 2730 2673 2782 coelo
2691 2736 3155 2795 sonus,tanqnam
3182 2726 3523 2781 advenientis
3547 2724 3774 2794 spiritus

2195 2819 2557 2881 vehementis,
2594 2828 2648 2872 et
2671 2819 2900 2882 replevit
2932 2826 3100 2869 totam
3131 2816 3352 2871 domum
3387 2816 3477 2870 ubi
3502 2826 3661 2870 erant
3684 2830 3772 2868 se—

2194 2911 2411 2966 dentes.
2440 2909 2505 2964 Et
2543 2922 2914 2980 apparuerunt
2952 2910 3061 2963 illis
3096 2909 3398 2979 dispertita:
3424 2909 3621 2978 lingua:
3654 2918 3774 2960 tan-

2195 3020 2361 3074 quam
2412 3004 2587 3070 igttis,
2636 3003 2885 3073 seditque
2929 3017 3094 3068 supra
3148 3002 3394 3071 singulos
3449 3016 3662 3055 eorum.
3709 2998 3775 3052 Et

2194 3096 2387 3165 repleti
2438 3104 2566 3149 sunt
2617 3109 2811 3149 onmes
2858 3094 3067 3163 Spiritu
3113 3102 3343 3155 sancto,
3392 3101 3447 3146 et
3490 3099 3776 3159 cleperunt

2196 3188 2347 3258 loqui
2382 3187 2551 3241 variis
2590 3186 2826 3257 linguis,
2873 3196 3035 3255 prout
3077 3184 3320 3255 Spiritus
3353 3190 3581 3239 sanctus
3604 3181 3775 3236 dabat

2196 3282 2379 3350 eloqui
2419 3281 2547 3337 illis.
2592 3280 2764 3334 Erant
2804 3291 2985 3333 autem
3022 3278 3074 3332 in
3114 3276 3424 3332 Jerusalem
3462 3274 3773 3329 habitantes

2196 3369 2394 3436 Judaei,
2433 3371 2535 3424 viri
2564 3369 2805 3439 religiosi
2834 3385 2900 3424 es
2931 3370 3081 3423 omni
3115 3369 3337 3422 natione
3356 3381 3479 3434 qua
3502 3367 3609 3422 sub
3630 3366 3772 3421 cmlo

2195 3473 2303 3520 est.
2328 3464 2492 3517 Facta
2525 3472 2709 3517 autem
2750 3462 2853 3517 hac
2899 3478 3030 3516 voce
3087 3461 3341 3516 convenit
3370 3458 3682 3522 multitudo,
3718 3466 3772 3513 et

2194 3564 2378 3612 mente
2401 3556 2634 3611 confusa
2669 3564 2785 3621 est,
2814 3554 3073 3625 quoniam
3104 3552 3362 3606 audiebat
3392 3550 3772 3619 unusquisque

2195 3651 2379 3723 lingua
2410 3665 2508 3705 sua
2535 3650 2660 3704 illos
2684 3650 2986 3718 loquentes.
3014 3646 3314 3717 Stupebant
3344 3654 3525 3698 autem
3583 3658 3774 3697 omnes

2197 3749 2253 3797 et
2285 3741 2661 3807 mirabantur,
2702 3741 2951 3795 dicentes
2980 3756 2993 3792 :
3028 3736 3221 3792 Nonne
3260 3751 3391 3791 ecce
3424 3750 3618 3789 omnes
3653 3734 3770 3796 isti,

2197 3833 2292 3905 qui
2333 3834 2662 3903 loquuntur.
2694 3831 2901 3887 (ἱειίιωί
2935 3829 3089 3886 sunt?
3128 3829 3192 3883 Et
3227 3826 3506 3894 quomodo
3537 3841 3636 3880 nos
3670 3839 3771 3877 au-

2197 3926 2441 3981 divimus
2476 3922 2856 3992 unusquisque
2884 3923 3122 3990 linguam
3154 3928 3423 3977 nostram,
3448 3917 3502 3970 itt
3528 3931 3636 3985 qua
3661 3915 3772 3967 nati

2200 4016 2441 4073 sumus?
2470 4013 2658 4069 Parthi
2689 4053 2705 4078 ,
2731 4022 2785 4067 et
2817 4012 2983 4072 Medi,
3016 4019 3071 4066 et
3104 4010 3373 4071 Elamilte,
3406 4015 3462 4060 et
3493 4006 3586 4074 qui
3620 4005 3773 4059 babi-

2201 4121 2323 4168 tant
2409 4111 2899 4180 MesopOtamiam,
2946 4106 3190 4161 Iudaeam
3242 4112 3297 4159 et
3345 4101 3772 4171 Cappadociam,

2199 4205 2434 4260 Pontum
2508 4213 2560 4256 et
2608 4201 2825 4262 Asiam,
2887 4199 3178 4268 Phrygiam
3242 4203 3299 4250 et
3381 4190 3773 4259 Pamphyliam,

2158 4364 2169 4373 ‘
2200 4294 2496 4366 Egyptnnt
2532 4300 2586 4346 et
2615 4302 2799 4362 partes
2836 4290 3016 4360 Libyae
3041 4302 3165 4357 qua:
3199 4294 3285 4341 est
3313 4287 3462 4340 circa
3499 4282 3772 4351 Cyrenen,

2201 4390 2256 4439 et
2277 4385 2501 4438 advena:
2536 4382 2785 4435 ltomani.
2818 4380 2988 4434 Judaei
3046 4393 3265 4447 quoque
3306 4385 3361 4431 et
3396 4374 3553 4444 197
3588 4388 3776 4443 prose-

2202 4474 2328 4545 lyti.
2358 4473 2577 4536 Cretes,
2621 4481 2676 4527 et
2729 4472 2939 4526 Arabes
2988 4488 3003 4524 :
3040 4468 3292 4524 audimus
3336 4481 3432 4522 eos
3494 4466 3777 4534 loquentes

2204 4568 2410 4624 nostris
2438 4566 2642 4637 linguis
2674 4563 2941 4634 magnalia
2984 4563 3099 4617 Dei.

2702 4831 3275 4891 COMMENTARIUS.

2280 4938 2395 4993 Hoc
2427 4943 2528 4995 est.
2559 4947 2668 4987 non
2700 4940 2827 4984 ante
2858 4946 2876 4980 ι
2907 4928 3289 4987 Pentecosten,
3345 4943 3364 4975 ι
3399 4924 3493 4979 sed
3525 4923 3668 4978 circa
3695 4925 3781 4991 ip-

2208 5048 2348 5097 sam,
2384 5039 2444 5084 ttt
2472 5029 2545 5082 ita
2586 5024 2787 5087 dicam,
2816 5020 3192 5097 festivitatem.
3255 5016 3490 5071 Docebat
3522 5019 3690 5079 enim,
3726 5029 3781 5069 ut

2210 5129 2313 5181 ista
2336 5091 2544 5179 festivo
2584 5127 2832 5186 tempore
2865 5091 3266 5182 confingerent,
3310 5119 3368 5163 ut
3436 5110 3530 5179 qui
3576 5108 3780 5163 Christi

2211 5211 2552 5273 crucilixioni
2598 5219 2895 5279 praesentes
2946 5208 3180 5263 fuerant.
3215 5205 3322 5259 ista
3368 5216 3584 5271 quoque
3629 5201 3782 5252 vitle—

2212 5319 2351 5365 rent.
2383 5304 2654 5372 Quoniam
2682 5303 2849 5371 igitur
2884 5299 2973 5353 die
3000 5296 3359 5352 Pentecostes
3390 5295 3469 5347 lex
3509 5303 3666 5346 vetus
3698 5298 3782 5345 est

2209 5404 2356 5464 data,
2383 5410 2687 5467 congruum
2725 5402 2866 5459 erat,
2901 5401 2959 5447 ut
2989 5390 3178 5444 eadem
3222 5387 3309 5441 die
3335 5386 3573 5451 Spiritus
3605 5391 3779 5437 sancti
3809 5411 3815 5419 υ

2209 5494 2382 5565 gratia
2413 5492 2636 5545 daretur
2665 5504 2679 5542 :
2713 5502 2775 5541 ac
2804 5492 3063 5555 praeterea
3097 5488 3153 5534 ut
3201 5478 3396 5533 divitue
3428 5485 3618 5530 natura
3652 5479 3780 5526 sub.

2204 5584 2415 5641 stantia!
2442 5578 2825 5637 ostenderetur
2861 5574 3133 5629 indivisa:
3172 5571 3370 5641 quippe
3400 5585 3520 5638 qua:
3573 5578 3684 5619 tun:
3722 5565 3775 5617 in

2210 5674 2407 5738 Veteri,
2444 5683 2559 5727 tum
2596 5672 2647 5724 itt
2678 5669 2827 5726 Novo
2865 5666 3112 5729 Fmtlere,
3150 5679 3209 5718 ae
3237 5662 3469 5718 ditersis
3520 5656 3778 5727 tempori-

1694 5787 1889 5850 Vm‘iﬂ}
1938 5792 2243 5856 lociinnes
2286 5799 2344 5854 cl
2394 5796 2581 5851 nnltn.

591 5881 610 5910 ’
643 5882 745 5952 ιον..
778 5879 1162 5950 ἁπροσπαθῶς.
1244 5882 1261 5912 ³
1290 5884 1689 5956 Πεντηκοστήν,
