4794 6454
1011 397 1116 460 867

1937 390 2515 453 THEOPHYLACTI
2553 388 2966 450 BULGARIE
3006 388 3371 449 ARCHIEP.

4161 390 4272 452 868

1006 508 1400 572 somniaturos,
1431 515 1484 562 et
1528 509 1756 578 juvenes
1784 507 2027 563 visiones
2048 511 2264 563 visuros
2297 509 2339 540 "
2365 524 2377 536 '
2403 509 2586 562 senio-
2615 512 2665 571 Α
2695 523 2807 568 σεις
2831 505 2899 573 ὂψ

2403 509 2586 562 senio-
2615 512 2665 571 Α
2695 523 2807 568 σεις
2831 504 3059 573 ὄψεσθαι
3089 505 3215 566 τοὺς
3241 504 3556 566 νεανίσκους
3581 521 3594 535 ⁸
3626 505 4012 577 πρεσϐυτικὴν
4050 506 4274 576 ἡλικίαν

1003 620 1116 656 rem
1149 615 1362 658 mtatent
1395 619 1594 659 vocans
1614 619 1756 667 eam,
1795 619 1915 674 quae
1939 605 2320 673 magnitudine
2366 603 2587 657 virtutis

1003 707 1259 765 provecta
1318 706 1401 752 est
1441 712 1504 750 ac
1546 698 1862 766 praecellens
1885 738 1899 762 ,
1923 705 1976 750 et
2005 696 2166 749 veluti
2191 695 2358 750 claris
2384 694 2590 747 facino-

1003 788 1156 841 ribus
1186 788 1426 842 canescit
1456 805 1468 840 :
1497 787 1839 856 juventutem
1889 802 2017 841 vero
2064 802 2182 840 eam
2207 826 2222 850 ,
2254 801 2373 855 qua:
2404 786 2454 837 iu
2486 785 2588 838 ﬁde

1004 878 1160 931 fortis
1192 887 1273 932 est
1304 887 1356 932 et
1424 879 1489 931 ad
1533 879 1736 932 bonum
1791 881 2008 933 alacris.
2058 877 2161 931 Sed
2214 886 2394 947 pnzest
2423 877 2585 928 etiam

1001 970 1070 1023 de
1100 979 1256 1023 :etate
1287 973 1599 1025 senioribus
1645 979 1698 1023 et
1726 971 2040 1038 junioribus
2071 971 2171 1023 hoc
2231 968 2452 1035 intelligi
2499 968 2585 1018 di—

1010 1073 1180 1116 etum.
1218 1083 1234 1114 ι
1279 1064 1343 1115 Et
1367 1063 1507 1116 dabo
1543 1061 1810 1132 prodigia.
1849 1082 1866 1114 ι
1901 1061 2025 1115 llazc
2059 1065 2125 1114 de
2160 1059 2345 1112 futuro
2377 1057 2586 1126 judicio

1003 1160 1145 1209 ittfe
1180 1155 1482 1211 Jerusalem
1526 1161 1601 1209 ait
1638 1166 1690 1208 et
1721 1156 1786 1208 de
1807 1154 2053 1206 Romana
2081 1152 2396 1221 captivitate
2433 1167 2445 1201 :
2482 1148 2584 1211 vel,

1003 1261 1124 1313 qua:
1153 1247 1421 1298 Ct'ttrilixo
1450 1245 1677 1297 Domino
1721 1253 1979 1296 eventura
2026 1250 2206 1299 erant,
2237 1238 2498 1296 declarat.
2525 1251 2586 1290 ac

1001 1353 1086 1397 ca,
1135 1352 1255 1404 qua:
1305 1345 1526 1405 propter
1581 1338 1760 1404 ipsum
1825 1333 2034 1387 Judaus
2086 1349 2151 1386 ex
2212 1332 2583 1386 Romanorum

1005 1429 1146 1482 bello
1170 1429 1422 1481 accidere
1448 1427 1746 1480 debebmt.
1775 1425 1910 1477 Nam
1936 1405 1988 1477 ei
2015 1434 2254 1492 tempore
2277 1420 2587 1474 ('l'llt'iiiXiO‘

1006 1518 1111 1581 nis,
1151 1519 1220 1572 ob
1255 1520 1615 1586 impietatem,
1669 1531 1830 1586 quam
1867 1516 1918 1567 iu
1966 1515 2248 1568 Christum
2280 1525 2585 1565 exercuere

1000 1611 1195 1674 Judaei,
1221 1613 1332 1679 ipsa
1368 1612 1787 1669 elementorum,
1822 1625 1883 1660 ae
1941 1609 2092 1671 solis,
2119 1615 2173 1658 et
2212 1607 2349 1657 lunre
2390 1613 2583 1655 natura

1001 1716 1297 1769 wgresccre
1329 1711 1381 1753 et
1413 1699 1681 1768 indignari
1707 1699 1820 1751 visa
1851 1707 1971 1760 est;
2009 1707 2057 1748 et
2089 1695 2286 1747 bellum
2321 1691 2583 1746 Romanis

1001 1801 1190 1843 contra
1218 1792 1364 1859 ipsos
1387 1791 1724 1859 gerentibus.
1773 1788 1941 1840 multa
1978 1785 2293 1853 hujusmodi
2337 1785 2388 1836 in
2443 1782 2583 1836 caelo

2691 599 2866 666 λέγων
2909 599 3011 668 τὴν
3045 599 3337 668 ὲποσότητι
3367 599 3389 629 ⁸
3413 599 3617 668 ἀρετῆς
3667 600 4017 670 προῦχουσάν
4057 618 4121 653 τε
4178 606 4276 655 καὶ

2695 690 3122 758 ὑπερκειμένην,
3153 689 3247 740 καὶ
3301 689 3468 740 οἱονεὶ
3528 689 3802 759 λαμπροῖς
3853 690 4276 760 πεπολιωμένην

2689 779 3079 849 κατορθώμασι
3106 796 3120 810 ·
3147 781 3378 848 νεότητα
3408 780 3486 842 δὲ,
3513 780 3611 849 τὴν
3642 783 3699 833 ἐν
3748 782 3928 835 πίστει
3965 785 4118 852 ἰσχὺν
4178 785 4274 834 καὶ

2688 873 3050 940 ἀκμάζουσαν
3080 873 3160 934 είς
3195 875 3253 925 τὸ
3284 873 3510 939 ἀγαθόν.
3541 874 3780 926 Δύναται
3833 874 3888 927 δὲ
3944 879 4036 928 καὶ
4068 876 4270 946 αἰσθη-

2689 965 2794 1025 τώς
2860 965 2952 1014 ἐπὶ
3013 963 3400 1036 πρεσὸυτέρων
3453 965 3546 1018 καὶ
3599 967 3883 1034 νεωτέρων
3928 967 4166 1020 νοεῖσθαι
4211 969 4273 1020 τὸ

2693 1054 2874 1124 ῥητόν,
2915 1057 3055 1108 σΚαὶ
3083 1054 3237 1107 δώσω
3264 1057 3524 1126 τέρατα.»
3553 1056 3740 1110 Ταῦτα
3759 1059 3888 1128 περὶ
3917 1058 4016 1126 τῆς
4045 1059 4275 1127 μελλού-

2693 1163 2792 1214 σης
2828 1146 3068 1214 κρίσεως
3095 1147 3190 1199 καὶ
3228 1149 3356 1216 περὶ
3381 1147 3491 1201 τῶν
3529 1148 3924 1219 Ἱεροσολύμων
3958 1152 4115 1220 φησι,
4175 1155 4274 1204 καὶ

2688 1243 2784 1311 τῆς
2820 1240 2925 1291 ὑπὸ
2974 1237 3268 1308 Ῥωμαίων
3295 1239 3697 1310 αἰχμαλωσίας,
3727 1241 3844 1312 ἦτοι
3910 1241 3981 1295 τὰ
4035 1243 4128 1294 ἐπὶ
4193 1244 4274 1312 τῷ

2692 1333 2915 1401 σταυρῷ
2945 1331 3038 1384 τοῦ
3071 1331 3311 1402 Χριστοῦ
3343 1333 3685 1402 γενησόμενα
3741 1334 3910 1402 δηλοῖ,
3943 1336 4038 1388 καὶ
4079 1336 4151 1388 τὰ
4203 1336 4272 1388 δι’

2689 1423 2853 1478 αὑτὸν
2879 1426 2994 1486 τοῖς
3029 1423 3313 1486 Ἰουδαίοις
3352 1423 3723 1494 συμϐαίνοντα
3753 1426 3840 1478 διὰ
3857 1426 3951 1479 τοῦ
3978 1429 4272 1498 Ῥωμαίων

2690 1516 2953 1584 πολέμου.
2979 1516 3089 1568 Καὶ
3120 1517 3230 1586 γὰρ
3252 1518 3350 1568 καὶ
3378 1517 3473 1569 ἐπὶ
3501 1516 3595 1570 τοῦ
3633 1518 3868 1588 σταυροῦ
3891 1519 3986 1572 ἐπὶ
4011 1522 4130 1582 ταῖς
4159 1520 4271 1572 τῶν

2689 1606 2960 1660 Ἰουδαίων
2983 1605 3326 1670 δυσσεϐείαις
3342 1609 3462 1669 ταῖς
3489 1608 3573 1670 είς
3598 1609 3835 1679 Χριστὸν
3854 1612 4268 1681 γεγενημέναις,

2689 1700 2783 1752 καὶ
2798 1699 2938 1768 αὑτὴ
2971 1699 3078 1750 τῶν
3107 1699 3385 1768 στοιχείων
3415 1699 3816 1771 δεδυσῖόρηκεν
3846 1703 3879 1770 ὴ
3906 1702 4086 1770 φύσις,
4113 1702 4269 1772 ἡλίου

2690 1791 2782 1843 καὶ
2815 1791 3064 1861 σελήνης.
3092 1791 3398 1858 Δέγεταιδὲ
3426 1792 3519 1844 ὲπῖ
3543 1792 3638 1844 τοῦ
3675 1793 3963 1864 Ῥωμαίων
3990 1797 4259 1863 πολέμ-ω,

1005 1887 1327 1954 ro:;tigisse,
1361 1883 1633 1952 Jnsephus
1681 1881 1980 1934 historicus
2040 1878 2224 1931 tradit.
2265 1874 2354 1928 Vel
2385 1875 2485 1927 hoc
2513 1890 2578 1926 ex
2612 1855 2657 1914 Β
2694 1881 2898 1933 πολλαί

2385 1875 2485 1927 hoc
2513 1890 2578 1926 ex
2612 1855 2657 1914 Β
2694 1881 2866 1933 πολλὰ
2889 1881 3120 1934 τοιαῦτα
3145 1881 3476 1950 γεγενῆσθαι
3511 1884 3569 1935 ὲν
3594 1885 3830 1954 οὐρανῷ,
3867 1885 4046 1948 καθὼς
4073 1884 4272 1955 Ἰώση-

1003 1977 1289 2028 atl‘eetione
1346 1991 1559 2033 eorum.
1603 1987 1722 2040 quae
1754 1969 2053 2036 patiuntur,
2096 1965 2310 2019 accidit.
2352 1981 2370 2013 ι
2431 1964 2577 2015 Diem

1004 2049 1181 2120 nutefn
1208 2067 1419 2120 Domini
1456 2079 1710 2132 magnum
1744 2069 1797 2115 et
1842 2059 2192 2113 manifestum
2232 2077 2248 2107 ι
2309 2057 2450 2109 diem
2491 2070 2576 2107 re-

1002 2155 1361 2206 surrectionis
1392 2151 1662 2219 intelligit.
1715 2147 1849 2201 lllttd
1886 2161 2035 2212 vero,
2070 2165 2087 2196 ι
2129 2145 2319 2199 Omnis
2340 2142 2578 2213 quicun-

1002 2261 1106 2314 que
1140 2243 1473 2297 itivocaverit
1525 2256 1723 2294 nomen
1756 2238 1990 2299 Domini,
2020 2237 2205 2290 salvus
2238 2236 2363 2294 erit,
2414 2251 2432 2283 ι
2469 2247 2577 2285 non

1002 2334 1245 2388 denuda
1289 2332 1622 2401 ac'simplici
1673 2330 2019 2383 inrocatione
2052 2326 2214 2395 200
2272 2325 2581 2394 intelligen-

1006 2429 1174 2492 dum,
1206 2427 1300 2481 sed
1332 2427 1397 2480 de
1428 2441 1512 2491 ea,
1545 2439 1664 2493 quae
1687 2423 1742 2476 ﬁt
1772 2438 1893 2476 cum
1931 2421 2147 2483 allecto,
2176 2428 2323 2474 recta
2373 2420 2480 2473 vita
2518 2431 2581 2471 ac

1003 2537 1245 2590 congrua
1276 2521 1493 2574 liducia.
1551 2538 1568 2570 ι
1600 2519 1718 2572 Non
1748 2519 1893 2571 enim
1937 2518 2114 2570 omnis
2145 2516 2237 2583 qui
2270 2515 2397 2568 dicit
2426 2513 2579 2576 mihi,

1005 2611 1252 2675 Domine,
1280 2611 1525 2673 Domine,
1564 2609 1789 2662 intrabit
1826 2608 1880 2660 iu
1912 2622 2135 2676 regnum
2163 2607 2454 2668 caelorum,
2485 2603 2580 2658 sed

1001 2704 1095 2771 qui
1114 2701 1240 2754 facit
1263 2703 1591 2755 voluntatem
1623 2698 1801 2752 Patris
1829 2698 1956 2762 mei,
1981 2698 2073 2766 qui
2100 2697 2333 2763 inccelis
2355 2695 2522 2750 est“.
2554 2711 2572 2745 ι

1251 2888 1405 2944 Feria
1430 2897 1623 2958 quarta
1663 2888 2008 2941 hebdomain
2034 2886 2332 2940 Paschalis.

1008 2983 1081 3036 De
1109 2985 1375 3053 passione,
1446 2982 1825 3034 resurrectione
1876 2992 1922 3032 et
1973 2983 2277 3034 ascensione
2296 2978 2492 3032 Christi
2533 2987 2581 3031 et

1429 3075 1677 3124 missione
1702 3069 1930 3138 Spiritus
1962 3071 2156 3128 ιλιι-εἱ.

1639 3258 1937 3313 TEXTUS.

1076 3354 1137 3416 II,
1165 3353 1349 3407 22-36.
1376 3351 1430 3404 In
1455 3353 1646 3405 diebus
1673 3353 1778 3404 illis
1796 3353 1932 3404 dixit
1961 3352 2152 3406 Petrus
2187 3354 2252 3405 ad
2286 3355 2582 3421 populum:

1007 3446 1119 3501 Viri
1147 3446 1421 3508 Israelita,
1443 3445 1628 3497 audite
1655 3447 1815 3497 verba
1842 3445 1951 3496 haec
1983 3461 1996 3496 :
2027 3443 2210 3498 Jesum
2243 3445 2584 3499 Nazarenam

1004 3540 1178 3590 virum
1205 3537 1560 3604 approbatum
1589 3551 1616 3586 a
1638 3535 1747 3587 Deo
1777 3534 1829 3586 in
1862 3534 2039 3599 vobis,
2069 3538 2362 3589 virtutibus
2385 3546 2436 3589 ct
2460 3552 2586 3604 pro-

1003 3631 1166 3698 digiis
1192 3639 1245 3682 et
1272 3628 1446 3696 signis
1470 3642 1592 3694 qtne
1622 3625 1750 3678 fecit
1785 3625 1925 3679 Deus
1963 3642 2057 3694 per
2111 3627 2261 3678 illmn
2327 3628 2378 3679 in
2408 3627 2585 3681 medio

1004 3722 1194 3782 vestri,
1221 3722 1363 3773 sicut
1387 3727 1437 3770 et
1467 3733 1562 3771 vos
1619 3718 1790 3780 scitis,
1823 3719 1965 3770 hunc
2025 3719 2247 3772 deliuito
2285 3719 2512 3772 consilio
2535 3729 2587 3772 et

1003 3812 1347 3884 pra-Scientia
1382 3811 1474 3865 Dei
1529 3811 1818 3874 traditum,
1875 3826 1969 3879 per
2025 3827 2220 3864 uiantis
2271 3812 2582 3881 iniquorum

1006 3909 1278 3977 alligentes
1309 3905 1685 3958 interemistis.
1727 3906 1897 3968 Quem
1933 3905 2072 3958 Deus
2104 3907 2411 3967 suscitavit,
2446 3908 2586 3960 solu-

1006 4001 1076 4053 tis
1106 3999 1390 4052 doloribus
1419 3995 1640 4060 inferni,
1666 3996 1819 4060 juxta
1836 3995 1981 4064 quod
2004 3998 2342 4064 impossibile
2362 4006 2479 4050 erat
2508 4008 2586 4050 tc-

1004 4095 1120 4146 neri
1152 4093 1302 4144 illum
1333 4089 1400 4143 ab
1421 4103 1505 4142 eo.
1531 4087 1698 4142 David
1723 4086 2020 4154 enimdicit
2055 4088 2106 4141 in
2131 4104 2255 4142 eum
2286 4089 2357 4141 ηε
2401 4108 2419 4138 ι
2455 4090 2584 4142 Pro-

1003 4184 1250 4237 videbam
1286 4181 1574 4235 Dominum
1612 4180 1665 4233 in
1697 4187 1999 4249 conspectu
2027 4194 2149 4233 meo
2175 4195 2578 4248 semperzquo-

1004 4281 1148 4330 niam
1176 4292 1203 4326 a
1253 4275 1463 4328 dextris
1507 4281 1591 4328 est
1610 4273 1742 4326 mihi
1789 4288 1858 4327 ne
1891 4287 2263 4326 commovear.
2297 4291 2315 4322 ι
2356 4271 2585 4341 Propter

1009 4372 1111 4422 hoc
1135 4371 1373 4420 laetatum
1397 4377 1480 4420 est
1534 4381 1628 4421 cor
1690 4381 1895 4428 meum,
1943 4374 1996 4420 et
2046 4365 2341 4418 exsultavit
2401 4365 2581 4433 lingua

1007 4459 1392 4526 mea,insuper
1423 4468 1626 4510 etearo
1653 4470 1769 4510 mea
1807 4458 2115 4525 requiescet
2169 4456 2224 4509 in
2263 4470 2359 4525 spe
2392 4473 2405 4508 :
2442 4471 2582 4524 quo-

2690 1989 2788 2035 πος
2820 1975 3043 2043 ἱστορεῖ.
3089 1975 3246 2026 ’Ἤτοι
3273 1975 3380 2026 ἀπὸ
3403 1975 3501 2043 τῆς
3530 1975 3824 2039 διαθέσεως
3875 1978 3981 2029 τῶν
4035 1981 4274 2048 πασχόν-

2686 2081 2795 2117 των
2824 2064 2981 2117 τοῦτο
3015 2066 3242 2129 γίνεται.
3310 2087 3327 2116 ι
3364 2066 3614 2138 Ἡμέραν
3645 2068 3704 2121 δὲ
3753 2071 3959 2141 Κυρίου
4009 2073 4262 2141 μεγάλην

2688 2156 2784 2208 καὶ
2849 2157 3088 2226 ἐπιφανῆ
3119 2177 3137 2208 ι
3181 2158 3280 2226 τὴν
3311 2160 3412 2228 τῆς
3465 2160 3812 2221 ἁναστάσεώς
3848 2178 4002 2231 φησι.
4058 2164 4134 2215 Τὸ
4179 2164 4268 2228 δὲ,

2695 2268 2713 2299 ι
2750 2248 2864 2310 Πᾶς
2890 2248 2947 2309 ὃς
2975 2248 3042 2300 ἂν
3081 2250 3480 2320 ἁπικαλέσηται
3512 2251 3573 2302 τὸ
3597 2250 3769 2322 ὄνομα
3825 2253 4031 2323 Κυρίου
4088 2255 4242 2323 σωθὴ

2691 2358 2863 2403 σεται,
2896 2359 2916 2392 ι
2949 2341 3070 2410 οὑχὶ
3109 2343 3170 2393 τὸ
3197 2342 3385 2406 ἁπλῶς
3429 2343 3859 2397 ἐπικαλέσασθαι
3914 2363 4100 2415 φησιν,
4131 2347 4272 2400 om

2689 2434 2750 2484 τὸ
2782 2433 2920 2501 μετὰ
2950 2432 3268 2498 διαθέσεως,
3298 2434 3436 2503 μετὰ
3494 2432 3609 2504 βίου
3649 2436 3896 2503 ἀρίστου,
3936 2438 4075 2507 μετὰ
4127 2443 4273 2510 παρ·

2693 2523 2892 2594 ρησίας
2947 2525 3040 2591 τῆς
3080 2525 3486 2593 προσηκούσης.
3528 2544 3546 2576 ‹
3574 2520 3650 2579 σὺ
3685 2527 3794 2597 γάρ
3837 2528 3864 2579 ὁ
3897 2529 4070 2597 λέγων
4125 2548 4216 2599 μοι
4252 2572 4268 2593 ,

2690 2615 2885 2684 Κύριε,
2923 2617 3117 2684 Κύριε,
3171 2616 3538 2669 εἰσελεύσεται
3565 2620 3644 2680 εἰς
3691 2619 3792 2688 τὴν
3846 2619 4121 2688 βασιλείαν
4151 2621 4267 2673 τῶν

2688 2707 2955 2776 οὐρανῶν,
3023 2707 3138 2759 ἀλλ’
3161 2710 3188 2759 ὁ
3246 2709 3414 2761 ποιῶν
3446 2708 3507 2761 τὸ
3544 2709 3755 2780 θέλημα
3793 2711 3887 2763 τοῦ
3922 2712 4130 2782 Πατρός
4164 2729 4273 2782 μου

2689 2816 2783 2850 του
2815 2813 2870 2851 εν
2893 2815 3162 2867 ουρανοις.
3193 2819 3210 2848 ι

2976 2892 3055 2960 Τῇ
3098 2892 3335 2962 τετάρτῃ
3364 2893 3462 2961 τῆς
3493 2894 3949 2963 Διακαινησίμου.

2691 2978 2830 3046 Περὶ
2892 2981 3120 3043 πάθοι-ς
3171 2981 3266 3032 καί
3310 2981 3725 3048 ἀναστάσεως,
3756 2985 3855 3037 καὶ
3904 2985 4278 3053 ἀναλήψεως

2760 3071 2868 3124 τοῦ
2915 3072 3212 3139 Χριστοῦ,
3253 3072 3473 3142 δωρεᾶς
3505 3092 3569 3129 τε
3617 3077 3726 3132 τοῦ
3777 3079 3952 3147 ἁγίου
4005 3082 4282 3149 "vatim-

2763 3179 2884 3225 τος.

3297 3259 3691 3314 KEIMENON.

2760 3347 2850 3398 Ἐν
2881 3348 2997 3410 ταῖς
3026 3348 3261 3418 ἡμέραις
3306 3351 3566 3414 ἐκείναις,
3615 3349 3735 3406 εἷπε
3765 3355 3974 3426 Πέτρας
4007 3356 4145 3426 πρὸς
4178 3356 4277 3410 τὸν

2689 3438 2818 3490 λαόν
2858 3455 2872 3469 ·
2932 3441 3160 3509 ’Δνδρες
3203 3443 3558 3511 Ἰσραηλῖται,
3607 3447 3878 3499 ἀκούσατε
3921 3449 4048 3512 τοὺς
4079 3449 4278 3516 λόγους

2692 3532 2950 3593 τούτους·
3002 3532 3213 3601 Ἰησοῦν
3273 3532 3366 3586 τὸν
3424 3533 3771 3604 Ναζωραῖον,
3809 3537 3978 3608 ἄνδρα
4016 3540 4129 3592 άπὸ
4176 3540 4278 3593 τοῦ

2688 3621 2825 3674 Θεοῦ
2854 3623 3313 3693 ἀποδεδειγμένον
3341 3626 3421 3689 είς
3456 3627 3599 3695 ὑμεῖς
3635 3628 3899 3696 δυνάμεσι
3938 3632 4032 3683 καὶ
4081 3635 4282 3700 τέρασι

2688 3714 2784 3766 καὶ
2823 3714 3094 3783 σημείοις,
3122 3712 3201 3778 οἷς
3230 3718 3456 3784 ἐποίησε
3490 3719 3556 3771 δι’
3595 3720 3760 3772 αὑτοῦ
3793 3724 3820 3774 ό
3850 3723 3984 3783 Θεὸς
4016 3725 4073 3774 ἐν
4119 3726 4280 3792 μέσῳ

2689 3806 2864 3873 ὑμῶν,
2899 3807 3079 3868 καθὼς
3111 3809 3205 3860 καὶ
3239 3811 3396 3861 αὐτοὶ
3433 3810 3635 3874 οἴδατε,
3667 3813 3860 3865 τοῦτον
3888 3819 3952 3885 τῇ
3985 3819 4279 3889 ὡρισμένῃ

2689 3898 2850 3968 βουλῇ
2892 3901 2988 3952 καὶ
3047 3901 3355 3969 προγνώσει
3398 3904 3493 3954 τοῦ
3548 3905 3685 3956 θεοῦ
3742 3906 3954 3960 ἔκδοτον
3988 3909 4276 3973 λαΰόντες,

2686 3990 2771 4041 διὰ
2801 3989 3002 4057 χειρῶν
3041 3989 3262 4059 ἀνόμων
3303 3993 3723 4061 προσπήξαντες
3783 3996 4050 4048 ἀνείλετε.
4098 3999 4196 4048 ’ον
4244 4000 4276 4048 ὁ

2686 4082 2816 4137 Θεὸς
2847 4081 3135 4151 ἀνέστησε,
3197 4081 3365 4146 λύσας
3421 4084 3519 4145 τὰς
3580 4085 3774 4149 ὠδῖνας
3851 4087 3946 4139 τοῦ
4008 4089 4273 4156 θανάτου,

2688 4172 2874 4224 καθότι
2900 4173 3001 4225 οὐκ
3027 4169 3097 4244 ἦν
3111 4175 3341 4227 δυνατδν
3375 4178 3697 4244 κρατεῖσθαι
3748 4180 3911 4232 αὑτὸν
3941 4181 4036 4233 ὑπ’
4068 4183 4270 4238 αὐτοῦ.

2686 4267 2850 4319 Δαόὶδ
2885 4268 2994 4335 γὰρ
3021 4267 3173 4333 λέγει
3194 4268 3272 4329 είς
3305 4267 3470 4320 αὐτόν
3489 4283 3502 4297 ·
3538 4270 3894 4339 Προωρώμην
3943 4273 4036 4324 τὸν
4061 4273 4274 4343 Κύριον

2686 4359 2918 4410 ἐνώπιόν
2978 4375 3080 4426 μου
3136 4359 3224 4410 διὰ
3256 4361 3477 4424 παντὸς,
3506 4361 3589 4413 ὅτι
3617 4363 3682 4413 ἐκ
3719 4361 3912 4426 δεξιῶν
3957 4365 4058 4433 μού
4094 4368 4270 4432 ἐστιν,

2692 4450 2776 4500 ἵνα
2815 4449 2890 4517 μὴ
2924 4448 3192 4501 σαλευθῶ.
3224 4450 3324 4501 Διὰ
3347 4448 3508 4502 τοῦτο
3536 4452 3820 4522 εὐφράνθη
3852 4458 3885 4523 ἡ
3913 4458 4110 4526 καρδία
4139 4477 4270 4528 μου,

1008 4551 1151 4602 niam
1175 4565 1280 4602 non
1308 4548 1655 4615 derelinques
1673 4547 1911 4601 animam
1929 4561 2105 4600 meam
2142 4547 2197 4599 in
2224 4546 2457 4608 inferno.
2483 4561 2584 4600 nec
2616 4545 2663 4604 D
2689 4542 2783 4594 καὶ
2810 4542 2901 4606 ὴγε

2379 4563 2457 4608 uo.
2483 4561 2584 4600 nec
2616 4545 2663 4604 D
2689 4542 2783 4594 καὶ
2810 4539 3178 4606 ἠγαλλιάσατο
3207 4541 3240 4610 ή
3281 4541 3503 4608 γλῶσσά
3537 4561 3662 4610 μου,
3699 4545 3818 4596 Ἕκ
3843 4547 3899 4598 δὲ
3931 4551 4024 4600 καὶ
4059 4551 4087 4618 ἡ
4128 4554 4272 4620 σάρξ

1007 4640 1159 4692 dabis
1203 4647 1455 4692 sanetum
1491 4647 1642 4690 tuutn
1686 4637 1869 4691 videre
1923 4638 2354 4702 corruptionem.
2418 4634 2587 4690 Notas

1011 4731 1140 4782 mihi
1181 4729 1358 4784 feetsti
1418 4730 1540 4783 vias
1575 4729 1696 4782 vita:
1730 4745 1743 4781 :
1780 4738 1834 4779 et
1863 4727 2094 4796 replebis
2124 4741 2209 4781 me
2245 4728 2586 4794 jucunditate

1009 4838 1130 4876 cum
1172 4823 1308 4875 lacie
1341 4830 1455 4874 tua.
1478 4820 1588 4874 Viri
1616 4820 1842 4883 fratres,
1887 4820 2046 4873 liceat
2102 4818 2370 4874 audenter
2401 4819 2586 4874 dicere

1007 4915 1074 4967 ad
1110 4928 1204 4966 vos
1222 4912 1289 4966 de
1325 4914 1632 4982 patriarcha
1659 4911 1849 4974 David,
1889 4912 2157 4980 quoniam
2189 4911 2480 4965 defunctus
2503 4921 2587 4965 est

1007 5014 1062 5058 et
1102 5005 1373 5072 sel-ultus.
1416 5014 1472 5063 et
1507 5004 1822 5073 sepulcrum
1846 5005 1968 5073 ejus
2000 5011 2085 5058 est
2113 5003 2257 5072 apud
2275 5017 2376 5057 nos
2409 5017 2581 5072 usque

1008 5096 1062 5147 in
1097 5096 1421 5148 hodiernum
1463 5095 1630 5148 diem.
1662 5092 1929 5162 Propheta
1964 5093 2130 5161 igitur
2160 5108 2284 5146 cum
2326 5102 2493 5155 esset,
2528 5101 2582 5146 et

1009 5188 1192 5249 sciret,
1223 5187 1351 5255 quia
1374 5187 1733 5255 jurejurando
1760 5185 2001 5252 jurasset
2025 5185 2098 5236 illi
2122 5183 2367 5246 Deus,de
2405 5183 2580 5236 [ructu

1012 5277 1179 5329 lumbi
1209 5278 1330 5345 ejus
1363 5278 1555 5331 sedere
1586 5292 1751 5346 super
1769 5276 1956 5331 sedem
2013 5277 2152 5340 ejus,
2175 5273 2463 5342 pr0videns
2505 5274 2582 5327 lo-

1011 5379 1170 5422 cutus
1198 5369 1372 5422 estde
1413 5368 1811 5422 resurrectione
1847 5366 2075 5429 Christi,
2107 5366 2233 5434 quia
2275 5381 2451 5433 neque
2487 5365 2578 5419 de-

1013 5461 1236 5513 relictus
1258 5467 1342 5513 est
1373 5461 1424 5512 in
1455 5457 1686 5524 inferno,
1732 5473 1905 5526 neque
1938 5472 2068 5510 caro
2099 5460 2218 5525 ejus
2242 5456 2371 5507 vidit
2391 5471 2580 5508 corru-

1085 5619 1128 5650 "
1158 5620 1280 5672 Act.
1320 5631 1426 5684 ut,
1475 5619 1528 5672 9.
1611 5618 1653 5650 ¹’⁶
1691 5615 1880 5672 Matth.
1921 5619 2125 5685 \‘tt,‘2l.

2235 5621 2275 5650 ¹⁸
2305 5619 2445 5673 Psal.
2477 5636 2562 5681 xv,
2594 5621 2648 5673 8.

2692 4648 2796 4698 μου
2834 4628 3259 4698 κατασκηνώσει
3291 4631 3378 4681 ἐπ’
3419 4632 3628 4685 ἑλπίδι·
3666 4633 3747 4685 ὃτι
3791 4636 3892 4687 οὐκ
3941 4638 4271 4704 ἐγκαταλεί-

2683 4723 2805 4791 ψεις
2832 4722 2934 4791 τὴν
2972 4721 3153 4790 ψυχήν
3188 4739 3290 4791 μου
3325 4725 3403 4784 είς
3432 4723 3587 4794 ᾅδην,
3620 4726 3739 4778 οὐδὲ
3779 4727 3970 4791 δώσεις
3993 4730 4084 4782 τὸν
4118 4733 4272 4785 ὅσιόν

2687 4831 2782 4864 σου
2825 4815 2956 4866 ιδεῖν
2994 4813 3314 4883 διαφθοράν.
3361 4815 3696 4886 Ἐγνώρισάς
3745 4837 3834 4888 μοι
3870 4823 4024 4885 ὁδοὺς
4081 4823 4229 4894 ζωῆς
4255 4841 4270 4855 ·

2684 4905 2998 4976 πληρώσεις
3032 4924 3100 4976 με
3133 4907 3477 4978 εὐφροσύνης
3509 4913 3649 4979 μετὰ
3676 4914 3770 4965 τοῦ
3800 4916 4097 4982 προσώπου
4142 4936 4269 4970 σου.

2685 4998 2911 5068 Ἀνδρες
2941 4998 3182 5065 ἀδελφοὶ,
3219 4997 3338 5061 ἐξὸν
3371 5001 3544 5052 εἰπεῖν
3577 5003 3714 5070 μετά
3768 5007 4089 5075 παρρησίας
4129 5013 4273 5081 πρδς

2682 5090 2826 5157 ὑμᾶς
2859 5089 2989 5158 περὶ
3021 5090 3116 5141 τοῦ
3148 5093 3492 5160 πατριάρχου
3527 5094 3716 5158 Δαόὶδ,
3765 5098 3846 5149 ὅτι
3893 5101 3988 5152 καὶ
4035 5102 4273 5153 ἐτελεύ-

2682 5199 2838 5250 τησε,
2875 5182 2971 5233 καὶ
2999 5182 3198 5249 ἐτάφη,
3224 5184 3318 5234 καὶ
3347 5185 3408 5235 τὸ
3438 5185 3629 5254 μνῆμα
3658 5188 3823 5240 αὑτοῦ
3855 5192 4002 5244 ἐστιν
4040 5195 4099 5244 ὲν
4138 5196 4270 5264 ὑμῖν

2683 5272 2811 5341 ἄχρι
2837 5273 2934 5339 τῆς
2965 5273 3178 5341 ἡμέρας
3240 5274 3466 5343 ταύτης.
3525 5278 3826 5349 Προφήτης
3856 5283 3949 5334 οῦν
4001 5285 4272 5357 ὑπάρχων

2686 5365 2782 5416 καὶ
2812 5364 2965 5426 εἰδὼς
3003 5365 3082 5416 ὃτι
3111 5367 3258 5435 ὅρκῳ
3288 5366 3519 5436 ώμωσεν
3545 5371 3698 5441 αὐτῷ
3725 5375 3752 5424 ό
3775 5373 3908 5437 Θεὸς
3948 5376 4013 5429 ἐκ
4046 5383 4270 5448 καρποῦ

2685 5457 2785 5523 τῆς
2821 5457 3024 5525 ὀσφύος
3055 5457 3222 5510 αὑτοῦ
3276 5461 3340 5512 τὸ
3379 5461 3523 5514 κατά
3563 5463 3744 5534 σάρκα
3790 5467 4124 5538 ἀναστήσειν
4175 5473 4272 5525 τὸν

2165 5739 2358 5797 Varite
2404 5741 2707 5801 let-tiones
2755 5745 2813 5801 et
2863 5747 3051 5800 noue.

1085 5841 1107 5869 "
1139 5838 1223 5890 ῖσ,
1270 5840 1361 5890 ἐπὶ
1405 5839 1666 5909 ὁσιότητι.
