4794 6454
1094 378 1198 438 δ75

2014 376 2114 433 ΤΠ
2127 377 2313 434 ΕΟΡΠ
2330 378 2458 434 YLA
2469 380 2582 436 (ΞΤΙ
2631 380 2724 440 lif-
2737 383 2821 440 1.(Ϊὸ
2834 384 2874 438 Α
2887 383 2933 440 R
2947 383 3037 440 [1E
3077 381 3429 442 ARCHIEP.

4253 381 4366 447 876

1092 491 1332 561 parietur
1367 503 1499 560 gens
1523 487 1705 552 simul,
1739 487 1865 556 quia
1901 490 2190 557 parturivit
2217 499 2270 542 et
2293 493 2504 559 peperit
2530 491 2656 545 Sion
2695 498 2741 553 Α
2770 494 2925 548 ὢδινε
2972 515 2985 563 1

2474 501 2504 543 .t
2530 491 2656 545 Sion
2695 498 2741 553 Λ
2770 494 2925 548 ὤδινε
2972 497 3109 564 γυνὴ
3135 498 3176 528 ¹⁸
3204 499 3262 548 ὲν
3309 498 3406 567 μιᾷ
3453 495 3672 567 ἡμέρας
3706 495 3753 546 εί
3800 493 3992 564 ὲτέχῦη
4065 495 4220 557 ἔθνος
4283 504 4367 561 εἰς

1094 582 1233 635 lilios
1306 580 1473 634 suos?
1552 578 1665 650 Ego
1735 591 1915 632 autem
1991 580 2115 633 dedi
2191 584 2660 650 exspectationem

1087 676 1245 728 istam
1280 675 1364 727 ²⁰’.
1402 693 1421 724 ι
1461 674 1632 727 Porro
1669 673 1812 741 quod
1851 673 2033 726 verbis
2066 674 2326 742 propheta
2377 677 2661 745 praedixit,

1088 770 1218 822 illud
1277 770 1439 823 modo
1497 768 1832 838 experientia
1897 769 2228 837 completum
2299 770 2660 825 demonstrat.

1096 884 1112 912 ι
1159 863 1385 917 ﬁebant
1442 872 1646 916 autem.
1689 881 1706 912 ι
1773 860 1909 927 Quia
1939 863 2138 918 Petrus
2188 865 2354 919 multa
2406 868 2663 935 superius

1092 957 1326 1019 dixerat,
1363 971 1424 1009 ac
1455 955 1852 1024 promissiones
1911 965 1964 1008 et
2020 971 2081 1008 ea
2121 972 2240 1025 qua:
2282 966 2467 1026 postea
2501 974 2665 1014 even-

1088 1061 1209 1103 tura
1240 1059 1398 1104 erant
1446 1048 1787 1113 ostenderat,
1837 1050 2029 1104 timore
2063 1051 2300 1117 correpti
2354 1060 2507 1116 sunt,
2540 1068 2663 1107 eer-

1090 1153 1280 1196 nentes
1315 1153 1427 1196 tum
1463 1141 1724 1196 miracula
1748 1156 1869 1210 quae
1897 1141 2046 1196 dicta
2084 1141 2508 1209 conﬁrmabant,
2548 1154 2660 1198 tum

1085 1248 1274 1290 eorum
1310 1234 1402 1303 qui
1431 1243 1562 1287 tunc
1602 1231 1950 1288 crediderant
1985 1239 2190 1286 tantam
2218 1242 2271 1287 et
2304 1240 2413 1287 tam
2461 1249 2656 1304 repen-

1087 1324 1255 1374 tinam
1289 1323 1676 1378 mutationem.

1095 1411 1168 1465 De
1201 1413 1488 1467 concordia
1521 1417 1590 1468 ad
1623 1431 1950 1468 communem
1978 1415 2284 1483 utilitatem,
2322 1415 2484 1486 deque
2506 1426 2661 1471 aucto

1572 1524 1788 1562 numero
1820 1508 2171 1562 credentium.

1721 1595 2020 1650 TEXTUS.

1157 1686 1218 1752 ll,
1247 1688 1436 1742 “~47.
1460 1688 1661 1744 Omnes
1691 1691 1854 1742 etiam
1883 1689 1974 1759 qui
2003 1687 2300 1744 credebant
2331 1698 2489 1746 erant
2513 1693 2662 1760 pari-

2772 586 2939 653 ἅπαξ,
2975 587 3056 639 ὅτι
3084 587 3239 639 ὣδινε
3275 588 3370 639 καὶ
3403 585 3556 638 ἔτεκε
3581 587 3624 617 ⁸⁸
3651 587 3720 638 τά
3745 587 3928 638 παιδία
3955 587 4121 655 αὐτῆς
4156 605 4171 650 ;
4213 590 4368 656 Ἐγω

2770 676 2826 728 Et:
2862 675 3038 730 ἔδωκα
3081 679 3179 747 τὴν
3213 677 3547 748 προσδοκίαν
3569 678 3793 748 ταύτην·
3827 697 3845 728 ι
3878 679 3973 730 καὶ
3994 678 4028 731 ἀ
4050 679 4139 730 διὰ
4176 681 4363 746 λόγων

2769 768 2796 817 ὁ
2847 769 3134 838 προφήτης
3190 769 3427 832 ἐδίδαξεν
3460 810 3472 830 ,
3532 769 3768 833 ἐνταῦθα
3835 772 3998 839 πεῖρα
4075 770 4367 822 δείκνυσιν

2770 858 3040 926 ἐναργῶς.
3088 879 3105 909 ι
3147 859 3398 926 Ἐγένετο
3425 859 3502 912 δέ.
3526 878 3545 910 ι
3595 859 3814 928 Ἐπειδὴ
3843 859 4050 912 ἄνωθεν
4087 855 4156 930 ἦν
4184 860 4364 921 πολὺς

2770 950 2908 1021 ρἐν
2943 952 2970 1002 ὁ
3005 953 3235 1021 Πέτρος,
3270 953 3372 1004 καὶ
3400 952 3612 1004 ἐδείκνυ
3646 953 3744 1014 τὰς
3801 952 4134 1019 ἐπαγγελίας
4170 954 4268 1004 καὶ
4295 955 4369 1004 τὰ

2771 1044 3058 1113 μέλλοντα,
3115 1047 3345 1110 είκότως
3389 1045 3691 1116 ἐξέστησαν
3723 1045 3802 1115 τῷ
3838 1045 4012 1116 φόϐῳ,
4047 1048 4142 1098 καὶ
4170 1048 4365 1115 ἐμαρ-

2768 1138 2921 1209 τύρει
2951 1143 3064 1203 τοῖς
3109 1139 3426 1210 λεγομένοις
3454 1140 3524 1193 τὰ
3559 1140 3836 1210 θαύματα,
3876 1142 3969 1193 καὶ
3999 1140 4108 1192 τῶν
4137 1141 4238 1193 νῦν
4266 1159 4366 1192 πια-

2768 1232 3109 1285 στευσάντων
3157 1232 3426 1302 δηλονότι,
3481 1231 3754 1302 τοσαύτην
3815 1230 4120 1302 μεταϐολὴν
4149 1231 4366 1301 ἁθρόον

2771 1322 3009 1376 ίδὸντων.

2770 1414 2910 1482 Περὶ
2939 1416 3217 1484 ὁμονοίας
3248 1415 3676 1485 κοινωφελοῦς.
3706 1414 3804 1468 καί
3833 1413 4196 1483 προσθήκης
4236 1410 4368 1465 τῶν

3341 1508 3775 1560 πιστευόντων.

3344 1599 3740 1652 ΚΕΙΜΕΝΟΝ.

2839 1692 3047 1754 Πάντες
3065 1691 3122 1744 δὲ
3151 1694 3200 1744 oi
3231 1691 3626 1753 πιστεύσαντες
3665 1688 3808 1762 ἦσαν
3840 1691 3931 1743 ἐπὶ
3968 1691 4032 1742 τὸ
4064 1690 4222 1751 αὐτὸ,
4253 1693 4361 1743 καὶ

1086 1790 1166 1832 ter
1195 1790 1244 1833 et
1279 1781 1548 1834 habebant
1596 1779 1780 1833 omnia
1837 1780 2167 1834 communia.
2202 1781 2582 1838 Possessiones
2610 1793 2662 1838 et
2701 1847 2732 1852 _
2765 1779 2912 1852 εἶχον
2931 1784 2979 1837 ἆτ

2467 1798 2582 1838 mes
2610 1793 2662 1838 et.
2701 1847 2732 1852 _
2765 1779 2912 1852 εἶχον
2931 1784 3146 1837 ἅπαντα
3161 1783 3335 1836 κοινά’
3358 1783 3454 1836 καὶ
3467 1782 3535 1836 τά
3552 1783 3829 1852 κτήματα,
3853 1781 4062 1841 καὶτὰς
4081 1779 4360 1850 ὑπάρξεις

1086 1872 1421 1926 substantias
1479 1872 1789 1928 vendebant
1821 1882 1875 1928 et
1907 1871 2224 1928 dividebant
2255 1873 2346 1928 illa
2376 1876 2658 1939 omnibus,
2699 1847 2738 1900 Β
2766 1847 2976 1941 ἐπί-προ,

2471 1876 2658 1939 nibus,
2699 1847 2738 1900 Β
2766 1847 3133 1941 ἐπίπρασκον,
3168 1874 3265 1926 καὶ
3322 1847 3814 1942 διεμέριζον-ταύτὰ
3838 1873 3995 1933 πᾶσι,
4019 1870 4138 1922 καθ’
4166 1847 4254 1921 ὅτι
4285 1873 4359 1922 ἄν

1084 1973 1245 2033 prout
1270 1965 1469 2034 cuique
1508 1980 1647 2033 opus
1700 1974 1836 2018 erat.
1879 1965 2133 2029 Quotidie
2183 1981 2402 2035 quoque
2456 1965 2658 2036 perdu-

1089 2063 1271 2111 rantes
1304 2056 1636 2110 unanimiter
1666 2057 1718 2109 in
1750 2056 1972 2126 templo,
2026 2067 2079 2111 et
2137 2057 2452 2125 frangentes
2509 2060 2655 2112 circa

1088 2145 1280 2200 domos
1312 2160 1529 2215 panem,
1565 2145 1856 2199 sumebant
1895 2145 2076 2197 cibum
2114 2160 2235 2198 cum
2291 2147 2659 2200 exsultatione

1087 2247 1139 2289 et
1205 2237 1556 2307 simplicitate
1605 2236 1840 2300 cordis,
1925 2236 2300 2291 collaudantcs
2370 2237 2535 2290 Deum
2603 2247 2656 2292 et

1091 2331 1352 2385 habentes
1410 2331 1638 2400 gratiam
1694 2330 1760 2383 ad
1810 2345 2026 2384 omnem
2089 2331 2321 2399 plebem.
2388 2330 2654 2386 Dominus

1089 2430 1266 2478 autem
1318 2423 1588 2494 augebat,
1653 2422 1745 2492 qui
1799 2422 1935 2478 salvi
1999 2424 2212 2487 tierent,
2290 2421 2539 2492 quotidie
2601 2423 2654 2478 in

1090 2519 1346 2586 idipsum.

1589 2605 2162 2664 COMMENTARIUS.

1112 2695 1114 2698 ’
1157 2703 1273 2756 Non
1308 2700 1823 2773 quomodocunqne,
1861 2697 2323 2769 quemadmodum
2357 2697 2640 2768 gentilium

1088 2794 1423 2865 philosOphi,
1481 2807 1714 2863 quorum
1759 2791 1850 2846 alii
1908 2790 2295 2860 relinquebant
2343 2805 2528 2860 agros,
2565 2789 2655 2842 alii

1085 2902 1278 2943 aurum
1311 2887 1363 2939 in
1423 2899 1576 2939 mare
1627 2881 2007 2952 projiciebant.
2057 2878 2173 2933 Hoc
2216 2896 2346 2935 vero
2411 2895 2517 2934 non
2564 2889 2651 2935 est

1087 2978 1376 3033 laudabilis
1408 2976 1727 3030 divitiarum
1759 2981 2113 3043 contemptus
2138 3011 2152 3036 ,
2209 2975 2302 3027 sed
2354 2974 2567 3026 insania
2602 2982 2656 3027 et

1086 3068 1344 3123 amentia.
1375 3068 1600 3136 Semper
1628 3065 1774 3120 enim
1808 3073 1862 3120 et
1901 3064 2102 3132 ubique
2164 3063 2414 3119 diabolus
2448 3064 2657 3118 studuit

2762 1982 2845 2026 τις
2870 1965 3062 2034 χρείαν
3113 1962 3226 2035 εἷχε
3250 1981 3263 1996 ο
3296 1965 3621 2035 καθημὲραν
3653 1963 3760 2036 [τε]
3802 1964 4360 2036 προσκαρτεροῦντες

2761 2054 3105 2126 ὁμοθυμαδὸν
3149 2059 3208 2110 ἐν
3250 2056 3330 2126 τῷ
3369 2055 3522 2125 ίερῷ,
3574 2055 3808 2118 κλῶντές
3836 2071 3895 2106 τε
3924 2056 4045 2106 κατ’
4075 2048 4228 2106 οἷκον
4254 2056 4358 2105 τὸν

2761 2147 2944 2216 ἄρτον,
2971 2149 3065 2201 καὶ
3096 2147 3615 2218 μεταλαμϐάνοντες
3656 2146 3865 2217 τροφὴν
3905 2149 3965 2200 ὲν
4017 2147 4358 2215 ἀγαλλιάσει

2760 2240 2856 2292 καὶ
2881 2240 3176 2311 ἀφελότητι
3199 2241 3446 2311 καρδίας,
3465 2240 3744 2304 αἰνοῦντες
3764 2242 3856 2294 τὸν
3880 2241 4036 2305 Θεὸν,
4069 2242 4162 2292 καὶ
4189 2239 4351 2311 ἕχον-

2756 2347 2850 2390 τες
2883 2330 3046 2402 χάριν
3090 2331 3230 2402 πρὸς
3257 2331 3380 2385 ὃλον
3427 2331 3520 2385 τὸν
3547 2332 3694 2385 λαόν.
3741 2331 3801 2384 '0
3830 2331 3888 2386 δι
3918 2331 4124 2401 Κύριος
4158 2349 4345 2402 προε-

2760 2426 3468 2499 ετίϐει-τοὺςσωζομένους
3494 2425 3903 2500 καθημίρανιτῇ
3946 2425 4270 2499 Ἐκκλησία.

3343 2616 3701 2669 ΕΡΜΗΝΕΙΛ
3715 2657 3728 2669 .

2829 2709 2941 2776 Οὐχ
2974 2705 3182 2771 ἁπλῶς,
3219 2706 3474 2775 καθάπερ
3503 2708 3551 2758 οἱ
3581 2705 3715 2774 παρ’
3748 2705 3977 2774 Ἕλλησι
4009 2708 4163 2775 σοφοὶ
4184 2708 4255 2772 ⁸⁷,
4293 2711 4353 2760 οἱ

2763 2800 2862 2868 μὲν
2889 2800 3100 2868 ἀνῆκαν
3140 2799 3238 2870 τὴν
3265 2798 3392 2867 γῆν,
3421 2801 3470 2851 οἱ
3495 2800 3552 2852 δὲ
3583 2800 3665 2861 είς
3712 2798 3992 2852 θάλασσαν
4019 2799 4256 2872 ἔρριψαν
4285 2807 4354 2855 τὸ

2759 2894 3002 2964 χρυσίον.
3053 2893 3224 2946 Τοῦτο
3245 2894 3302 2946 δὲ
3345 2895 3442 2961 οὐχ
3503 2893 3774 2963 ὑπεροψία
3822 2895 4142 2964 χρημάτων,
4201 2897 4356 2947 ἀλλὰ

2761 2985 2942 3054 μωρία
2971 2986 3062 3036 καὶ⁵
3117 2983 3292 3038 ἄνοια.
3329 2983 3662 3055 [Πανταχοῦ]
3689 2983 3799 3054 γὰρ
3828 2983 4159 3046 ἐσπούδαζεν
4192 2983 4348 3055 [ἀεὶ]

2760 3079 2787 3129 ὁ
2811 3076 3054 3139 διάϐολος
3080 3077 3174 3128 τοῦ
3212 3076 3348 3128 Θεοῦ
3372 3076 3442 3128 τὰ
3466 3075 3743 3144 κτίσματα
3776 3073 4099 3138 διαϐάλλειν,
4132 3075 4208 3137 ὼς
4240 3078 4352 3127 οὐκ

1088 3160 1179 3215 Dei
1216 3166 1502 3214 creaturas
1530 3156 1878 3222 calumniari,
1914 3156 2075 3226 quasi
2129 3154 2246 3210 ﬁeri
2287 3172 2391 3209 non
2446 3167 2654 3225 posset,
2684 3187 2725 3243 ο
2760 3169 2880 3220 ενδν
2903 3169 2981 3221 καῖ

2459 3167 2654 3223 Ροεεειν
2684 3187 2725 3243 C
2760 3169 2880 3220 ἐνὸν
2903 3165 3083 3230 καλῶς
3110 3165 3422 3238 χρήσασθαι
3452 3168 3748 3237 χρήμασιν.
3787 3165 4052 3218 Ἐνταῦθα
4075 3166 4130 3217 δὲ
4160 3167 4352 3227 οὐδεὶς

1083 3261 1144 3311 ut
1176 3253 1298 3322 quis
1328 3250 1580 3321 pecuniis
1614 3249 1845 3304 honeste
1875 3257 2140 3302 uteretur.
2189 3247 2290 3302 llic
2320 3264 2451 3303 vero
2492 3265 2654 3304 nemo

1086 3347 1256 3401 altero
1296 3343 1418 3412 plus
1447 3341 1716 3405 habebat;
1749 3349 1803 3394 et
1837 3339 2024 3395 statim
2054 3339 2217 3394 simul
2252 3349 2654 3404 convenerunt,

1087 3443 1145 3490 ut
1169 3434 1427 3491 omnibus
1486 3432 1801 3487 necessaria
1849 3432 2284 3500 suppeditarent.
2342 3430 2513 3485 Porro
2545 3433 2658 3485 hzee

1083 3535 1166 3581 cst
1197 3525 1505 3596 respublica
1531 3524 1798 3594 angelica,
1833 3524 1924 3578 ubi
1967 3539 2130 3578 nemo
2191 3523 2491 3593 quidquam
2525 3539 2654 3593 pro-

1086 3620 1263 3688 prium
1297 3617 1402 3673 sibi
1435 3632 1558 3674 esse
1603 3617 1838 3672 dicebat.
1885 3614 2082 3671 Dicens
2123 3631 2250 3671 vero
2281 3618 2659 3672 tantummodo

1089 3726 1282 3779 panem
1319 3713 1374 3766 in
1400 3710 1582 3764 cibum
1615 3709 1834 3773 habere,
1866 3707 1996 3761 mihi
2037 3708 2254 3762 videtur
2301 3708 2386 3762 hic
2418 3717 2471 3763 et
2512 3708 2658 3778 jeju-

1088 3802 1236 3852 nium
1266 3809 1320 3853 et
1347 3807 1622 3853 austeram
1671 3798 1890 3851 illorum
1923 3799 2086 3852 vitam
2141 3799 2415 3864 indicare;
2450 3799 2659 3854 scilicet

1086 3894 1267 3945 cibum
1327 3891 1639 3956 sumebant,
1683 3905 1796 3944 non
1841 3889 2087 3944 delicias.
2147 3889 2444 3959 Postquam
2495 3892 2654 3958 dixit,

1093 4003 1109 4032 ι
1152 3985 1284 4036 Cum
1317 3982 1698 4046 exsultatione,
1736 4000 1754 4031 ‹
1784 3980 1955 4047 addit,
1994 4000 2010 4025 ι
2056 3991 2109 4038 et
2139 3981 2488 4053 simplicitate
2515 3987 2654 4052 ;cor-

1086 4079 1203 4140 dis;
1238 4095 1256 4128 ι
1307 4077 1446 4145 quia
1512 4089 1635 4132 esse
1705 4092 1813 4130 non
1871 4085 2053 4146 potest
2112 4077 2404 4133 exsultatio
2452 4078 2657 4147 absque

1089 4169 1460 4238 simplicitate.

1581 4263 1741 4332 205
1789 4260 2017 4318 CAPUT
2069 4262 2159 4316 1v.

1089 4355 1164 4408 De
1197 4356 1372 4408 claudi
1413 4373 1445 4407 (ι
1497 4358 1772 4410 nativitate
1823 4357 2095 4410 curatione
2129 4374 2161 4410 η
2194 4357 2408 4412 Christo
2469 4359 2614 4427 [acta
2637 4398 2650 4421 ,

1157 4456 1316 4518 deque
1375 4460 1562 4520 arguta
1645 4449 1792 4504 Petri
1866 4451 2210 4504 imlructiona
2272 4450 2340 4503 ad
2427 4454 2654 4504 salutem

1161 4539 1350 4606 ipsius.

1333 4629 1490 4685 Feria
1523 4640 1677 4688 sexta
1711 4631 2065 4688 hebdomadas
2096 4631 2404 4689 Paschalis.

1720 4723 1901 4779 TEXT
1914 4724 2023 4781 US.

1157 4816 1240 4879 Ill,
1261 4817 1377 4870 l-8.
1416 4817 1609 4871 Petrus
1642 4828 1821 4872 autem
1857 4826 1909 4871 et
1936 4815 2176 4872 Joannes
2199 4819 2567 4872 ascendebant
2599 4821 2652 4870 in

1087 4910 1451 4979 templum,ad
1480 4912 1669 4965 horam
1690 4910 1956 4965 orationis
1973 4925 2192 4965 nouam.
2219 4909 2283 4962 Et
2303 4910 2522 4980 quidam
2553 4911 2654 4977 vir,

1088 5000 1180 5066 qui
1213 5009 1330 5053 erat
1350 5001 1582 5056 claudus
1604 5016 1668 5055 ex
1700 5007 1854 5055 utero
1879 5001 2073 5056 matris
2104 5017 2238 5063 suae,
2261 5000 2650 5070 bajnlabatur:

1087 5107 1245 5159 quem
1281 5091 1552 5160 ponebant
1597 5092 1841 5162 quotidie
1887 5093 1955 5146 ad
2010 5101 2223 5163 portam
2275 5093 2484 5162 templi,
2532 5108 2653 5163 qua:

1088 5183 1290 5236 dicitur
1370 5181 1654 5253 Speciosa,
1707 5193 1767 5236 ut
1831 5191 2038 5252 peteret
2113 5182 2518 5252 eleetnosynam
2585 5187 2652 5239 ab

1090 5274 1494 5327 introeuntibus
1528 5272 1579 5326 in
1612 5272 1892 5340 templum.
1919 5271 1966 5326 Is
2005 5287 2130 5325 cum
2155 5271 2384 5325 vidisset
2430 5271 2652 5326 Petrum

1089 5374 1142 5417 ct
1178 5363 1442 5418 Joannem
1477 5364 1799 5432 incipientes
1831 5363 2060 5416 introire
2095 5364 2149 5415 in
2175 5363 2458 5432 templum,
2492 5379 2651 5433 roga-

1090 5455 1179 5508 bat
1219 5465 1276 5508 ut
1306 5454 1708 5524 elcemosynam
1762 5453 2057 5525 acciperet.
2090 5453 2312 5508 lntuens
2367 5466 2547 5509 autem
2599 5458 2654 5508 in

1159 5641 1221 5668 ’θ’
1257 5638 1413 5692 Joan.
1451 5654 1596 5702 uvr,
1639 5638 1690 5701 3,
1727 5640 1781 5690 9.

2762 3260 2848 3313 ἒτε
2862 3278 2951 3328 ρος
2983 3261 3170 3330 ἑτέρου
3225 3260 3407 3312 πλεῖον
3435 3254 3565 3328 εἶχε,
3596 3259 3689 3311 καὶ
3717 3259 3927 3327 ταχέως
3951 3253 4112 3329 ἦλθον
4147 3258 4241 3309 ἐπὶ
4284 3257 4354 3311 τὸ

2762 3352 2933 3412 αὐτὸ,
2986 3353 3079 3404 ἐπὶ
3127 3352 3186 3403 τὸ
3248 3353 3381 3403 πᾶσι
3438 3349 3781 3419 μεταδοῦναι.
3865 3350 4036 3401 Τοῦτο
4090 3349 4351 3401 πολιτεία

2763 3444 3080 3514 ἀγγελικὴ,
3145 3443 3312 3513 μηδὲν
3385 3441 3550 3495 αὑτὸν
3603 3442 3780 3508 λέγειν
3841 3442 3975 3493 ἴδιον
4016 3435 4178 3494 εἶναι.
4235 3441 4351 3492 Τὸν

2761 3537 2924 3605 ἄρτον
2970 3537 3028 3588 δὲ
3114 3537 3272 3605 μόνον
3302 3535 3506 3604 τροφὴν
3535 3534 3679 3602 ἔχειν
3703 3534 3899 3601 λέγων,
3939 3534 4087 3585 δοκεῖ
4128 3538 4349 3602 μοικαὶ

2761 3627 3014 3697 νηστείαν
3044 3627 3278 3680 ἐνταῦθα
3312 3626 3604 3696 σημαίνειν
3641 3626 3734 3677 καὶ
3759 3626 3995 3695 σκληρὸν
4031 3625 4145 3693 βίον
4172 3643 4185 3656 ·
4212 3643 4351 3695 τρο-

2763 3720 2869 3788 φῆς
2901 3721 3030 3791 γὰρ,
3063 3720 3125 3771 οὑ
3168 3719 3378 3789 τρυφῆς
3445 3715 3883 3788 μετελάμϐανον.
3936 3715 4139 3778 Εἰπὰν,
4189 3733 4208 3764 ι
4253 3716 4347 3766 Ἐν

2762 3810 3103 3878 ἀγαλλιάσει,
3131 3830 3148 3860 ›
3183 3813 3454 3879 ἐπήγαγε,
3522 3826 3540 3858 ι
3577 3807 3686 3860 Καὶ
3714 3807 4005 3875 ἀφελότητι
4030 3804 4285 3874 καρδίας.
4320 3825 4344 3857 ι

2760 3903 2836 3956 0'5
2875 3903 2984 3972 γὰρ
3015 3890 3094 3956 ενι
3115 3901 3288 3964 ἄλλως
3316 3899 3568 3970 γενέσθαι
3589 3898 3935 3968 ἀγαλλίασιν,
3971 3899 4047 3968 μὴ
4076 3898 4348 3966 ἀφελείας

2761 3994 2947 4066 οὔσης.

3363 4260 3618 4313 ΚΕΦᾹΛ.
3660 4262 3697 4310 Δ
3718 4296 3733 4311 .

2762 4353 2926 4423 Περὶ.
2961 4353 3071 4421 τῆς
3105 4353 3173 4405 ἐν
3207 4352 3448 4420 Χριστῷ
3506 4352 3820 4419 θεραπείας
3858 4351 3963 4404 τοῦ
3993 4352 4060 4404 ἐκ
4091 4355 4350 4420 γενετῆς

2832 4446 3057 4516 χωλοῦ,
3079 4446 3306 4514 Πέτρου
3328 4463 3391 4498 τε
3417 4445 3808 4512 κατηχήσεως
3824 4443 4170 4514 ἐλεγκτικῆς
4192 4448 4350 4513 πρίης

2688 4528 2728 4581 D
2831 4540 3135 4607 σωτηρίαν
3157 4539 3366 4595 αὐτοῦ.

3029 4632 3108 4703 Τῇ
3138 4634 3460 4701 παρασκευῇ
3491 4631 3590 4701 τῆς
3618 4630 4071 4700 Διακαινησίμου.

3353 4722 3739 4776 ΚΕΙΜΕΝΟΝ.

2846 4814 2972 4868 Ἐπὶ
3003 4815 3063 4866 τὸ
3091 4814 3225 4867 αὐτὸ
3269 4813 3325 4865 δὲ
3363 4814 3567 4882 Πέτρος
3623 4815 3716 4865 καὶ
3763 4813 4016 4882 Ἰωάννης
4055 4812 4340 4884 ἀνέϐησαν

2762 4908 2841 4968 εἰς
2873 4907 2934 4958 τὸ
2958 4907 3101 4976 ἱερὸν
3123 4905 3216 4959 ἐπὶ
3243 4906 3342 4975 τὴν
3390 4905 3540 4976 ὥραν
3590 4906 3689 4974 τῆς
3721 4909 4036 4976 προσευχῆς
4061 4906 4160 4976 τὴν
4191 4909 4347 4960 ἐννά-

2759 5015 2882 5068 την.
2937 4997 3046 5050 Καί
3080 5012 3163 5057 τις
3221 4996 3363 5066 ἀνὴρ
3393 4994 3566 5065 χωλὸς
3590 4996 3656 5047 ἐκ
3686 4995 3896 5056 κοιλίας
3944 4995 4150 5064 μητρὸς
4175 4995 4342 5046 αὑτοῦ

2763 5090 3025 5159 ὑπάρχων
3075 5089 3427 5153 ἐϐαστάζετο,
3465 5087 3523 5139 ὃν
3553 5087 3770 5140 ἐτίθουν
3806 5087 3930 5140 καθ’
3961 5086 4176 5156 ἡμέραν
4206 5087 4340 5156 πρδς

2760 5182 2857 5250 τὴν
2920 5182 3089 5252 θύραν
3140 5179 3234 5233 τοῦ
3292 5179 3440 5251 ἱεροῦ
3495 5179 3595 5249 τὴν
3622 5178 3925 5249 λεγομένην
3965 5177 4212 5245 Ὠραίαν,
4247 5178 4339 5229 τοῦ

2763 5273 2938 5324 αἰτεῖν
2988 5271 3362 5341 ἐλεημοσύνην
3394 5269 3542 5338 παρὰ
3591 5269 3699 5320 τῶν
3761 5267 4238 5336 εἰσπορευομένων
4265 5269 4342 5329 εἰς

2763 5363 2822 5415 τὸ
2883 5363 3049 5431 ἱερὸν.
3097 5364 3195 5425 Ὃς
3235 5359 3359 5413 ἰδὼν
3394 5361 3598 5428 Πέτρον
3627 5360 3721 5411 καὶ
3765 5359 4018 5424 Ἰωάννην
4046 5355 4342 5425 μέλλοντας

2766 5454 2993 5506 εἰσιέναι
3032 5455 3111 5515 είς
3143 5453 3200 5504 τὸ
3241 5452 3409 5522 ἱερὸν,
3469 5449 3658 5520 ἠρώτα
3689 5445 4086 5517 ἐλεημοσύνην.
4131 5444 4340 5498 ’Δτενί-

2247 5731 2441 5790 \‘arire
2487 5730 2795 5792 lectiones
2841 5741 2901 5791 et
2949 5740 3136 5789 natm.

1137 5831 1176 5862 ‘5
1213 5831 1296 5884 ῖσ.
1331 5833 1420 5900 γῆ.
1501 5834 1542 5862 ¹⁶
1577 5831 1743 5887 Σιὼν.
1825 5832 1863 5860 ¹⁷
1899 5829 2196 5898 φιλόσοςω.
