4794 6454
429 386 524 451 877

1082 383 1618 448 EXPOSITIONIS
1650 384 1729 443 ΙΝ
1770 381 1952 440 ACTA
1988 377 2289 438 TEXTUS
2331 379 2595 439 ALTER.
2645 402 2700 414 ·-
2730 379 2887 438 CAP.
2926 378 3040 438 Ill.

3569 385 3675 447 878

428 519 516 563 σας
538 501 594 552 δὲ
624 499 828 570 Πέτρος
858 501 937 562 εἰς
971 499 1132 550 αὑτὸν
1158 500 1253 550 σὺν
1279 498 1595 567 τῷΊωΞιννῃ
1617 490 1759 546 εἷπε
1796 492 1999 559 Βλέψον
2028 490 2073 548 Α
2103 505 2226 543 eum
2264 488 2321 543 Ρ(

1796 492 1999 559 Βλέψον
2028 490 2073 548 Α
2103 505 2226 543 eum
2264 488 2459 544 Petrus
2493 505 2618 553 cum
2646 489 2878 556 Joanne,
2902 491 3078 546 dixit:
3108 488 3343 561 Respice
3375 491 3428 546 in
3451 509 3574 552 nos.
3602 499 3674 550 At

423 596 496 654 εἰς
523 595 697 664 ἡμᾶς.
747 594 806 645 Ὀ
833 594 890 645 δὲ
930 595 1149 661 ἐπεῖχεν
1199 594 1383 654 αὐτοῖς
1433 589 1748 659 προσδοκῶν
1781 604 1830 638 τι
1866 587 1996 654 παρ’

423 687 601 740 αὐτῶν
627 685 837 739 λαϐεῖν.
873 679 1009 736 Elite
1037 684 1093 736 δὲ
1132 683 1336 752 Πέτρος
1363 697 1376 712 ·
1416 679 1709 752 ’Ᾱργύριον
1740 679 1834 730 καὶ
1870 694 2003 748 χρυ-

424 779 530 829 σίον
581 778 688 845 οὐχ
752 777 987 846 ὑπάρχει
1026 793 1137 843 μοι,
1161 775 1188 826 ὃ
1215 775 1269 826 δὲ
1303 775 1430 844 ἔχω,
1461 773 1620 825 τοῦτό
1649 788 1731 823 σοι
1771 770 1962 838 δίδωμι
1984 786 1997 797 ’

423 873 473 921 ἐν
532 870 612 938 τῷ
665 869 890 937 ὀνόματι
954 865 1126 936 Ἰησοῦ
1190 866 1428 934 Χριστοῦ
1507 864 1602 917 τοῦ
1677 862 2000 932 Ναζωραίου

423 966 598 1029 ἔγειρε
647 961 748 1012 καὶ
775 959 1089 1028 περιπάτει.
1126 960 1234 1011 Καὶ
1266 959 1468 1018 πιάσας
1502 955 1666 1008 αὑτὸν
1693 953 1792 1021 τῆς
1822 952 2002 1018 δεξιᾶς

420 1055 620 1123 χειρὸς,
658 1053 870 1123 ἤγειρε.
909 1052 1253 1120 Παραχρῆμα
1300 1049 1356 1101 δὲ
1385 1045 1805 1115 ἐστερεώθησαν
1837 1042 2000 1096 αὑτοῦ

421 1149 470 1197 αἱ
502 1146 698 1215 βάσεις
742 1145 834 1196 καὶ
859 1143 928 1193 τὰ
973 1142 1174 1210 σφυρὰ,
1213 1141 1309 1191 καὶ
1350 1137 1709 1206 ἐξαλλόμενος
1741 1135 1871 1204 ἔστη
1909 1135 2002 1187 καὶ

422 1237 750 1304 περιεπάτει
771 1251 785 1264 ⁸
818 1238 912 1286 καὶ
940 1233 1158 1301 εἰσῆλθε
1193 1232 1289 1284 σὺν
1319 1230 1503 1291 αὐτοῖς
1529 1231 1610 1290 εἰς
1632 1227 1693 1279 τὸ
1729 1227 1875 1296 ἰερδν
1909 1242 2001 1279 πε-

424 1326 692 1396 ριπατῶν,
724 1325 821 1377 καὶ
855 1325 1169 1392 ἁλλόμενος,
1210 1324 1304 1375 καὶ
1325 1321 1492 1374 αἰνῶν
1520 1320 1613 1372 τὸν
1634 1319 1788 1371 Θεὸν.

1035 1430 1413 1486 ΕΡΜΗΝΕΙΑ.

490 1544 572 1596 Τὰ
604 1541 707 1612 μὲν
745 1537 840 1594 οὖν
875 1540 1012 1594 ἄλλα
1048 1541 1251 1609 σημεῖα
1306 1538 1562 1608 παρεῖδεν
1591 1540 1620 1590 ό
1651 1535 1746 1590 τοῦ
1793 1533 2001 1606 βιϐλίου

430 1634 806 1704 συγγραφεύς.
829 1633 1017 1705 [Λέγει
1031 1632 1087 1684 δὲ
1103 1635 1350 1703 σημεῖον,
1367 1631 1610 1692 ὃπάντας
1622 1628 1826 1694 ἐξένισε
1842 1626 2002 1698 (10).]

424 1728 654 1780 Φυσικὸν
680 1727 743 1779 τὸ
789 1724 964 1788 πάθος
1009 1719 1101 1795 ἦν,
1154 1727 1406 1796 κρεῖττον
1465 1722 1660 1794 τέχνης
1723 1720 1998 1790 ἰατρικῆς.

423 1818 853 1889 Τεσσαράκοντα
882 1812 952 1887 ἦν
1001 1816 1095 1886 ιτη
1131 1814 1452 1885 πεποιηκὼς
1476 1815 1534 1866 ἐν
1557 1815 1624 1884 τῇ
1653 1810 1915 1882 Γαλιλαίᾳ
1934 1809 1998 1874 ⁸⁸,

2109 582 2198 636 ille
2225 582 2542 635 intendebat
2574 583 2625 635 iu
2660 595 2776 647 eos,
2808 597 3041 651 sperans
3091 597 3150 638 se
3174 582 3384 653 aliquid
3427 598 3674 657 acceptu-

2107 687 2224 724 rum
2272 672 2341 724 ab
2390 673 2492 725 eis.
2573 671 2768 726 Petrus
2825 680 3008 726 autem
3059 673 3567 744 dixitzArgentum
3619 683 3678 728 et

2106 777 2300 817 aurum
2334 775 2555 818 nonest
2588 765 2718 818 mihi
2745 782 2757 817 :
2790 765 2933 834 quod
2981 772 3166 820 autem
3203 766 3398 834 habeo,
3427 766 3530 821 hoc
3579 765 3672 820 tibi

2106 855 2222 908 do:
2266 853 2322 907 lu
2358 857 2577 920 nomine
2632 855 2761 910 Jesu
2816 855 3017 912 Christi
3075 857 3341 912 Nazareni
3399 873 3562 929 surge
3622 869 3672 914 et

2108 946 2345 998 ambula.
2376 944 2441 997 Et
2471 947 2814 1014 apprehensa
2848 962 3010 1000 manu
3040 946 3159 1015 ejus
3205 948 3452 1013 dextera,
3478 949 3670 1004 alleva-

2105 1037 2182 1089 vit
2215 1053 2361 1098 cum,
2391 1047 2443 1091 et
2471 1038 2721 1106 protinus
2748 1037 3259 1102 cousolidatagsunt
3295 1039 3455 1093 bases
3480 1040 3598 1106 ejus
3623 1048 3671 1094 et

2105 1129 2319 1198 plantm.
2357 1128 2422 1183 Et
2455 1130 2716 1184 exsiliens
2750 1130 2899 1183 stetit
2952 1135 3006 1184 et
3039 1129 3391 1184 ambulabat:
3423 1142 3477 1184 et
3499 1131 3672 1184 intra-

2105 1222 2182 1273 vit
2210 1235 2332 1274 cum
2375 1222 2484 1276 illis
2517 1223 2570 1275 in
2611 1223 2872 1299 templum
2915 1222 3207 1276 ambulans
3238 1229 3292 1276 ct
3327 1222 3592 1279 exsiliens
3621 1233 3675 1278 ct

2107 1313 2337 1369 laudans
2373 1314 2564 1369 Deum.

2614 1423 3186 1480 COMMENTARIUS.

2175 1534 2294 1588 Alia
2321 1535 2542 1604 quidem
2577 1537 2734 1606 signa
2765 1537 3117 1606 praetermisit
3162 1537 3289 1591 libri
3346 1537 3514 1607 hujus
3576 1552 3676 1593 au-

2109 1636 2252 1681 ctor.
2283 1626 2423 1680 Illud
2454 1641 2585 1681 vero
2613 1637 2824 1700 narrat,
2857 1631 3004 1697 quod
3030 1644 3223 1684 omnes
3253 1628 3308 1682 in
3369 1629 3676 1684 admiratio-

2105 1734 2230 1773 nem
2259 1718 2518 1788 conjecit.
2549 1717 2829 1775 Naturalis
2858 1729 2979 1775 erat
3023 1723 3272 1787 morbus,
3315 1729 3436 1775 arte
3465 1721 3676 1775 medica

2106 1811 2340 1866 fortior:
2379 1827 2552 1868 annos
2579 1813 2936 1883 quadraginta
2968 1815 3024 1867 in
3061 1814 3464 1870 claudicatione
3492 1822 3676 1870 trans-

422 1912 603 1973 καθὼς
665 1907 873 1978 προῖὼν
928 1924 1117 1978 φησιν.
1179 1906 1368 1970 Οὐδεὶς
1398 1905 1492 1959 οὖν
1545 1903 1708 1959 αὑτὸν
1735 1905 1793 1957 ἐν
1833 1903 2000 1956 παντὶ
2028 1900 2076 1960 Β
2103 1913 2307 1973 egerat,

1784 1900 2307 1973 νπσιντὶΒιξεεειιειιν
2377 1911 2437 1956 ut
2501 1913 2693 1972 postea
2749 1903 2944 1974 inquit.
2999 1899 3175 1960 Nemo
3209 1904 3361 1958 illum
3418 1912 3532 1960 toto
3583 1903 3677 1958 illo

420 2005 594 2072 χρόνῳ
648 2001 1010 2071 ἐθεράπευσε.
1061 1998 1245 2053 Ταῦτα
1294 2000 1404 2069 γάρ
1464 1998 1699 2068 μάλιστα
1757 1994 1996 2049 δύσκολά

419 2100 565 2148 ἐστιν
594 2098 744 2164 άπερ
777 2095 842 2147 ἂν
871 2096 935 2146 ἐκ
962 2095 1187 2162 γενετῆς
1304 2092 1600 2162 Ἐπίσημος
1627 2092 1682 2144 δὲ
1703 2086 1814 2162 ἦνὸ
1834 2091 1996 2158 ἀνὴρ,

418 2188 522 2238 ἀπό
550 2204 612 2238 τε
638 2186 736 2238 τοῦ
788 2186 994 2255 τρόπου
1027 2185 1094 2251 ¹⁹,
1133 2185 1245 2238 ἀπό
1269 2201 1328 2237 τε
1349 2184 1443 2238 τοῦ
1502 2183 1730 2247 πάθους.
1755 2178 1889 2236 Εἶτα
1912 2182 2001 2236 ῐνα

420 2275 493 2345 μὴ
534 2276 670 2346 δόξῃ
732 2275 843 2328 ἀπὸ
900 2275 1243 2345 ταυτομάτου
1285 2273 1445 2328 τοῦτο
1469 2273 1738 2342 γίνεσθαι,
1767 2274 1828 2325 ού
1857 2272 2001 2342 λόγῳ

419 2371 582 2436 μόνον
633 2367 951 2436 θεραπεύει,
999 2366 1138 2421 άλλά
1201 2367 1294 2419 καὶ
1357 2367 1512 2436 «Τῆς
1575 2364 1756 2429 δεξιᾶς
1817 2364 2001 2434 χειρὸς

420 2461 650 2523 πιάσας,
694 2461 914 2530 ἤγειρεν
986 2459 1180 2523 αὑτὸν,
1206 2479 1223 2510 ι
1258 2458 1414 2528 φησί.
1447 2459 1557 2512 Καὶ
1598 2456 1756 2510 τοῦτο
1779 2455 2001 2526 ἐποίησε

416 2557 588 2625 δήλην
617 2555 720 2624 τὴν
757 2555 1053 2608 ἀνάστασιν
1080 2571 1092 2584 ·
1130 2555 1482 2617 ἀναστάσεως
1519 2553 1629 2621 γὰρ
1812 2550 1998 2603 εἰκών.

419 2647 578 2697 Οὕτω
604 2647 704 2697 καὶ
732 2645 760 2697 ὁ
782 2644 1015 2712 Χριστὸς
1047 2644 1271 2713 ἐποίησε
1295 2662 1308 2675 ·
1351 2644 1611 2706 πολλάκις
1640 2644 1786 2713 λόγῳ
1810 2641 2000 2714 ἐθερά-

421 2753 615 2797 πευσε,
637 2735 902 2797 πολλάκις
929 2735 1095 2806 ἔργῳ,
1125 2734 1382 2798 πολλάκις
1403 2734 1496 2787 καὶ
1516 2733 1616 2803 τὴν
1646 2735 1804 2803 χεῖρα
1832 2748 2004 2805 προσ-

422 2829 654 2895 ἢγαγεν,
686 2827 820 2879 ὅπου
852 2821 992 2895 ἦσαν
1042 2825 1440 2893 ἀσθενέστεροι.
1478 2821 1612 2878 Εἶτα
1644 2825 1672 2876 ὁ
1698 2823 1888 2888 ἰαθεὶς,
1942 2823 2002 2874 οὐ

423 2920 590 2988 μόνον
617 2918 805 2980 ἁπλῶς
839 2917 1182 2988 περιεπάτει,
1238 2916 1372 2969 ἀλλὰ
1424 2917 1517 2970 καὶ
1576 2916 1809 2984 ἅλμασιν
1843 2914 2008 2984 ἐχρῆ-

420 3028 479 3062 το
519 3010 790 3080 σκιρτῶν,
836 3007 1121 3078 πειράζων
1159 3008 1350 3061 ἐαυτὸν
1378 3007 1452 3078 μὴ
1481 3006 1636 3078 [ἄρα]
1669 3005 1852 3068 ἁπλῶς
1890 3007 2006 3058 ἐστι

420 3101 926 3171 τοιγεγονόςπινὲς
957 3099 1013 3154 δέ
1045 3117 1229 3170 φασιν,
1280 3099 1364 3152 ὅτι
1406 3099 1591 3170 ὴγνόει
1648 3098 1996 3168 περιπατεῖν.

1027 3283 1396 3340 KEIMENON

495 3401 611 3454 Καὶ
661 3396 800 3452 εἶδεν
859 3399 1022 3453 αὐτὸν
1086 3400 1396 3462 πᾶςόλαδς
1437 3399 1876 3469 περιπατοῦντα.
1909 3403 2006 3454 καὶ

426 3493 687 3544 αἰνοῦντα
724 3492 816 3544 τὸν
843 3491 996 3547 Θεόν.
1036 3491 1438 3560 Ἐπεγίνωσκόν
1464 3509 1525 3544 τε
1563 3492 1748 3554 αὑτὸν,
1806 3492 1888 3544 ὅτι
1917 3486 2007 3546 οὗ·

429 3601 517 3647 τος
575 3580 646 3655 ἦν
676 3587 705 3637 ὁ
739 3583 874 3654 πρὸς
909 3583 1008 3654 τὴν
1059 3585 1434 3653 ἐλεημοσύνην
1498 3582 1806 3654 καθήμενος
1836 3585 1895 3635 ἐν
1937 3587 2005 3653 τῇ

440 3676 635 3745 Ὡραίᾳ
700 3676 845 3744 πύλῃ
871 3675 962 3728 τοῦ
994 3674 1140 3745 ἰεροῦ
1161 3692 1175 3705 ·
1209 3676 1305 3728 καὶ
1360 3675 1714 3746 ἐπλήσθησαν
1761 3674 2007 3744 θάμϐους

431 3771 520 3819 καὶ
541 3767 856 3829 ἐκστάσεως
885 3767 977 3818 ἐπὶ
1005 3767 1083 3834 τῷ
1123 3765 1496 3837 συμϐεϐηκότι
1522 3764 1696 3837 αὐτῷ.

1045 3875 1426 3930 EPMHNEIA.

499 3985 702 4046 Καλῶς
733 4001 917 4053 φησιν,
942 3985 1023 4036 ὅτι
1055 4002 1074 4034 ι
1096 3984 1491 4052 Ἐπεγίνωσκον
1526 3985 1709 4051 αὐτὸν,
1741 3987 1822 4039 ὅτι
1853 3981 2008 4049 οὗτος

2105 2006 2347 2065 tempore
2375 2005 2696 2054 curaverat:
2730 1999 2871 2052 mala
2901 1998 3050 2054 enim
3106 2013 3136 2050 a
3196 1998 3482 2053 nativitate
3535 1997 3676 2053 diffi-

2101 2087 2305 2142 cillima
2339 2097 2490 2144 sunt.
2521 2087 2689 2144 Valde
2733 2097 2917 2145 autem
2967 2097 3133 2144 notus
3179 2097 3300 2144 erat
3352 2089 3436 2144 vir
3484 2089 3575 2145 ille
3623 2098 3681 2146 et

2103 2193 2134 2233 a
2165 2179 2290 2235 loco
2319 2188 2374 2235 et
2410 2180 2479 2234 ab
2525 2180 2861 2237 infirmitate.
2909 2181 3114 2237 Deinde
3141 2197 3209 2237 ne
3233 2183 3512 2238 videretur
3572 2182 3680 2237 hoc

2103 2280 2297 2341 sponte
2330 2287 2430 2326 sua
2454 2271 2682 2338 factum,
2720 2287 2829 2328 non
2875 2273 2993 2329 solo
3026 2288 3282 2330 sermone
3326 2281 3520 2340 curat;
3577 2275 3676 2329 scd

2110 2382 2129 2415 ι
2159 2365 2511 2434 Apprehensa
2539 2382 2701 2421 manu
2729 2367 2852 2434 ejus
2875 2367 3121 2431 dextera,
3165 2367 3420 2422 allevavit
3463 2383 3614 2434 eum,
3652 2387 3673 2421 ι

2107 2457 2303 2526 inquit.
2344 2456 2423 2512 Ex
2461 2459 2564 2513 hoc
2596 2459 2944 2514 manifestam
2996 2459 3126 2515 fecit
3178 2461 3677 2528 resurrectionem;

2104 2561 2223 2603 erat
2278 2549 2485 2619 quippe
2547 2551 2974 2605 resurreCtionis
3017 2551 3219 2621 imago.
3270 2551 3396 2606 Pari
3457 2553 3677 2608 ratione

2104 2640 2272 2694 etiam
2297 2640 2553 2696 Christus
2576 2655 2636 2695 se
2665 2643 2852 2710 gessit.
2892 2643 3047 2712 Saepe
3076 2644 3264 2707 verbo,
3321 2660 3467 2716 saepe
3509 2645 3676 2700 etiam

2107 2731 2254 2784 facto
2285 2733 2535 2795 curabat,
2587 2741 2752 2802 atque
2782 2731 3175 2789 infirmioribus
3223 2749 3445 2789 manum
3505 2737 3671 2791 etiam

2109 2823 2444 2894 porrigebat.
2476 2825 2651 2881 Porro
2686 2826 2918 2881 claudus
2945 2826 3036 2881 ille
3068 2835 3298 2881 sanatus
3355 2843 3465 2882 non
3499 2829 3677 2883 solum

2108 2915 2445 2982 ambulabat,
2488 2917 2585 2972 sed
2637 2919 2805 2972 etiam
2859 2919 3151 2974 exsiliebat
3202 2935 3315 2989 prae
3346 2921 3570 2992 gaudio.
3614 2936 3684 2978 ac

2109 3005 2414 3060 exsiliendo
2459 3007 2728 3073 tentabat,
2789 3023 2922 3063 num
2969 3009 3194 3064 omnino
3227 3020 3451 3067 sanatus
3506 3022 3674 3067 esset.

2110 3096 2343 3165 Quidam
2417 3108 2600 3155 autem
2676 3101 2890 3166 dicunt,
2963 3119 3089 3159 eum
3159 3104 3414 3162 incedere
3494 3106 3677 3162 nesei-

2111 3203 2280 3246 νιεεε.

2636 3285 2801 3356 ποθ
2847 3283 3146 3344 remus.

2178 3391 2266 3458 lll,
2304 3393 2360 3456 9,
2385 3391 2477 3449 ιο.
2500 3393 2568 3447 Et
2597 3393 2735 3448 vidit
2766 3397 2947 3450 omnis
2972 3397 3207 3467 populus
3233 3413 3358 3453 eum
3392 3399 3685 3456 ambulan-

2107 3493 2214 3540 tem
2267 3494 2323 3540 et
2374 3485 2688 3542 laudantem
2749 3487 2938 3544 Deum.
3001 3489 3417 3560 Cognoscebant
3493 3503 3678 3551 autem

2106 3577 2281 3644 illum,
2306 3577 2455 3648 quod
2487 3579 2604 3649 ipse
2628 3587 2768 3644 erat,
2792 3581 2884 3650 qui
2914 3581 2980 3635 ad
3008 3582 3410 3653 eleemosynam
3458 3585 3685 3642 sedebat

2107 3669 2175 3722 ad
2216 3669 2532 3740 Speciosam
2569 3681 2782 3741 portam
2825 3674 3052 3744 templi:
3085 3685 3139 3730 et
3162 3676 3369 3745 impleti
3402 3687 3532 3733 sunt
3567 3687 3685 3734 stu-

2110 3775 2243 3831 pore
2300 3770 2356 3816 et
2394 3764 2624 3829 exstasi,
2652 3764 2709 3819 in
2739 3779 2805 3820 eo
2835 3767 2982 3834 quod
3021 3767 3331 3838 contigerat
3363 3769 3464 3824 illi.

2603 3872 3180 3932 COMMENTARIUS.

2180 3982 2347 4037 Recte
2390 3981 2589 4052 inquit,
2625 3983 2772 4052 quod
2809 4002 2827 4034 ι
2863 3983 3284 4053 Cognoscebant
3331 3989 3509 4054 illum,
3535 3991 3681 4061 quod

429 4073 493 4146 ἦν
526 4081 555 4129 ὁ
588 4076 729 4145 πῴς
757 4077 856 4144 τὴν
883 4075 1251 4143 ἐλεημοσύνην
1276 4075 1585 4144 καθήμενος
1609 4078 1701 4128 ἐπὶ
1729 4081 1795 4146 τῇ
1819 4079 2009 4148 Ὡραίᾳ
2112 4072 2230 4142 ipse
2267 4088 2322 4127 er

1790 4079 2009 4148 ιὨραίᾳ
2112 4072 2230 4142 ipse
2267 4081 2410 4137 erat,
2434 4073 2527 4141 qui
2563 4073 2629 4127 ad
2660 4073 3064 4146 eleemosynam
3106 4077 3328 4133 sedebat
3364 4080 3430 4133 ad
3460 4081 3683 4151 Specio-

431 4167 574 4236 πύλῃ
601 4182 615 4196 ⁸
637 4185 654 4215 ι
683 4165 745 4216 ού
774 4167 883 4235 γάρ
904 4181 1019 4227 πως
1046 4165 1126 4216 ἔτι
1154 4164 1476 4233 ἐγνωρίζετο
1497 4169 1806 4236 μετέπειτα.
1827 4165 2012 4241 Ταύτῃ
2114 4179 2230 4217 sam
2289 4179 2323 4233 p

1794 4165 2012 4241 ,Ταύτῃ
2114 4179 2230 4217 sam
2289 4171 2501 4233 portam
2576 4166 2796 4234 templi,
2849 4183 2868 4217 ι
2928 4167 3054 4234 quia
3118 4177 3306 4237 postea
3365 4184 3504 4239 pene
3571 4187 3681 4227 nou

430 4261 623 4328 γάρτῇ
647 4259 792 4321 λέξει
816 4257 1135 4327 κεχρήμεθα
1156 4259 1245 4309 ἐπὶ
1260 4259 1368 4309 τῶν
1393 4258 1541 4328 μόλις
1573 4260 2009 4329 γνωριζομένων.
2115 4257 2317 4328 ampliu

1791 4260 2009 4328 apévwv.
2115 4257 2350 4328 amplius
2371 4258 2836 4326 dignoscebatur:
2877 4259 2979 4313 hac
3039 4259 3186 4314 enim
3224 4275 3357 4315 voce
3379 4264 3588 4317 utimur
3615 4264 3684 4317 de

439 4351 645 4402 ’ἰστέον
668 4350 728 4402 δὲ
741 4352 820 4401 ὅτι
845 4349 940 4401 καὶ
965 4346 1138 4412 οὗτος,
1167 4348 1254 4400 διὰ
1279 4349 1435 4402 τοῦτο
1468 4350 1804 4421 προσήδρευε
1830 4353 1895 4420 τῇ
1919 4350 2012 4402 τοῦ
2115 4352 2182 4405 iis
2230 4352 2320 4421 qui

1790 4353 1895 4420 ετῇ
1919 4350 2012 4402 τοῦ
2115 4352 2182 4405 iis
2230 4352 2320 4421 qui
2383 4351 2473 4404 vix
2530 4359 2961 4420 cognoscuntur.
3029 4352 3325 4407 Sciendum
3399 4371 3528 4411 vero
3599 4367 3683 4412 est

427 4443 953 4512 Ekopév‘todnoéj,
978 4442 1105 4502 ἴσως
1123 4441 1365 4510 οἰόμενος
1384 4441 1668 4507 τεύξεσθαι
1690 4460 1831 4504 τινος
1848 4443 2011 4512 θερα-
2115 4442 2320 4497 idcirco

1786 4460 1831 4504 >ς
1848 4443 2011 4512 θερα-
2115 4442 2322 4497 idcirco
2355 4442 2593 4497 fortasse
2621 4459 2745 4498 eum
2764 4443 2976 4498 sedisse
3005 4443 3062 4498 in
3094 4447 3308 4513 porticu
3350 4445 3679 4513 Salomonis,

429 4537 594 4596 πείας
627 4534 723 4587 ἐτιί
749 4537 814 4603 τῇ
840 4531 932 4585 τοῦ
966 4532 1186 4602 Σιλωὰμ
1228 4532 1604 4604 κολυμϐήθρᾳ,
1655 4533 1836 4595 καθὼς
1867 4535 2014 4604 me
2046 4595 2081 4604 _
2116 4532 2263 4602 quod

1789 4551 1836 4595 ›ς
1867 4532 2263 4604 καὶ,ὁ-(]ιιο‹1
2331 4540 2576 4602 speraret
2654 4535 2949 4588 sanitatem
3017 4550 3076 4590 se
3138 4547 3565 4593 consecuturum
3625 4542 3682 4596 in

431 4628 736 4694 τριάκοντα
763 4595 857 4675 καὶ
885 4624 1029 4675 ὀκτὼ
1052 4595 1311 4694 ἐτη-ἔχων
1337 4595 1660 4692 παράλυτος,
1683 4626 1741 4678 ὃν
1771 4626 1956 4679 ἰάσατο
1984 4630 2013 4679 ὁ
2046 4595 2088 4649 D
2115 4634 2324 4679 natatol

1789 4626 1956 4679 ἀσατο
1984 4630 2013 4679 ὁ
2046 4595 2088 4649 D
2115 4625 2442 4691 natatoriis,
2495 4641 2590 4681 seu
2654 4627 2868 4696 piscina
2921 4625 3069 4682 Siloe
3096 4629 3166 4693 ²¹,
3218 4631 3680 4699 quemadmodum

432 4719 650 4785 Σωτήρ.
678 4717 773 4767 ’ον
792 4715 842 4766 οἱ
870 4714 1158 4767 ἀπόστολοι
1202 4709 1406 4784 Πέτρος
1431 4718 1522 4768 καὶ
1553 4718 1788 4785 Ιωάννης
1819 4718 2013 4781 ἰδόντες
2114 4718 2323 4786 paralyt

1819 4718 2013 4781 ἰδόντες
2114 4717 2446 4786 paralyticus
2474 4717 2564 4772 ille
2594 4720 2688 4788 qui
2755 4720 2987 4773 habebat
3034 4722 3256 4790 triginta
3279 4733 3332 4775 et
3361 4734 3484 4776 octo
3503 4739 3681 4778 annos

432 4809 494 4879 [Ι.
529 4808 658 4860 add.
688 4807 785 4858 καὶ
815 4805 1060 4877 γνόντες]
1099 4808 1196 4874 τὴν
1221 4807 1401 4860 αἰτίαν
1427 4809 1524 4878 τῆς
1552 4811 1898 4878 προσεδρίας,
1931 4813 2012 4863 ὃτι
2117 4809 2170 4861 in
2208 4807 2325 4861 iulir

1795 4811 1898 4874 ἰας,
1931 4813 2012 4863 ὃτι
2117 4809 2170 4861 in
2208 4807 2526 4863 infirmitate
2591 4824 2713 4875 sua,
2772 4825 2934 4879 quem
2966 4813 3181 4866 sanavit
3208 4814 3496 4869 Dominus.
3525 4815 3681 4870 Illum

433 4903 643 4968 καίπερ
666 4898 980 4968 προσαιτῶν
1002 4899 1285 4969 ἐπορίζετο
1303 4901 1400 4970 τὴν
1416 4901 1645 4972 τροφὴν,
1667 4903 1767 4954 οὐκ
1794 4904 2013 4970 ἀπέγνω
2117 4915 2246 4970 ergo
2276 4915 2326 4953 Ct

1794 4904 2013 4970 ἀπέγνω
2117 4915 2246 4970 ergo
2276 4915 2402 4953 cum
2445 4901 2710 4961 vidissent
2738 4900 2937 4957 Petrus
2962 4909 3019 4957 et
3046 4900 3315 4968 Joannes,
3344 4920 3684 4975 causamque

433 4994 532 5060 τῆς
567 4992 890 5059 θεραπείας,
937 4990 1308 5060 ἐθεράπευσαν
1341 4994 1506 5045 αὑτὸν
1555 4996 1647 5047 ἐπὶ
1679 4995 1756 5064 τῷ
1787 4995 2011 5063 ὀνόματι
2116 5006 2326 5060 compet

1790 4995 2011 5063 ὀνόματι
2116 5000 2452 5060 compertam
2498 4993 2783 5060 haberent,
2843 4993 2912 5048 ob
2975 5008 3140 5062 quam
3202 4995 3338 5048 inibi
3397 4998 3683 5060 assideret,

435 5085 530 5134 τοῦ
560 5082 826 5151 Χριστοῦ.
867 5102 884 5133 ι
914 5083 1115 5135 Τοῦτον
1146 5084 1274 5153 γὰρ,
1304 5086 1488 5153 φησὶν,
1527 5085 1585 5138 ὃν
1628 5087 1882 5156 θεωρεῖτε
1920 5088 2014 5140 καὶ
2116 5085 2326 5138 scilicet

1791 5090 1882 5138 εἴτε
1920 5088 2014 5140 καὶ
2116 5085 2326 5138 scilicet
2367 5095 2426 5138 ut
2457 5099 2563 5139 non
2624 5086 2802 5140 solum
2852 5088 3086 5155 petendo
3132 5088 3337 5143 victum
3386 5091 3487 5145 sibi
3529 5106 3684 5144 com-

435 5175 640 5236 οἴδατε,
708 5174 1006 5243 ἐστερέωσε
1031 5177 1091 5227 τὸ
1110 5175 1280 5246 όνομα
1331 5177 1495 5231 αὑτοῦ
1522 5195 1535 5208 ·
1575 5179 1670 5231 καὶ
1705 5181 1738 5248 ἡ
1772 5179 1950 5240 πίστις
1979 5179 2011 5246 ἡ
2115 5186 2328 5251 pararet

1788 5179 2011 5246 τίστιςὴ
2115 5186 2356 5251 pararet,
2421 5177 2513 5232 sed
2547 5180 2672 5246 quia
2738 5179 2805 5234 de
2853 5181 3091 5235 sanitate
3141 5184 3511 5252 recuperanda
3573 5200 3681 5238 non

510 5350 556 5381 "
584 5347 749 5402 Joan.
794 5366 866 5413 Ix,
896 5351 947 5404 7.

1599 5489 1800 5551 Vario:
1845 5489 2151 5552 lectiones
2198 5498 2260 5552 et
2304 5500 2493 5552 notae.

546 5581 595 5614 “
629 5581 852 5654 χωλείᾳ.
933 5584 976 5615 ⁸⁸
1011 5585 1196 5641 τόπου.

513 5741 629 5809 (ιθδ
721 5739 795 5793 Ita
855 5744 1068 5814 corrigo
1132 5759 1199 5798 ex
1270 5742 1686 5815 Chrysostomo.
1749 5744 1807 5799 lu
1883 5747 2072 5802 codice
2146 5755 2335 5804 nostro

442 5812 620 5864 πάντα
653 5812 895 5881 ἐκίνησε.

1792 5765 1807 5799 ι
1883 5747 2072 5802 codice
2146 5755 2335 5804 nostro
2404 5748 2710 5806 habebatur
2764 5751 2983 5821 λέγεται
3041 5755 3098 5808 δὲ
3171 5758 3418 5825 σημεῖον,
3485 5757 3579 5828 ἀφ’
3624 5757 3685 5815 οὗ
