4794 6454
1017 406 1121 467 879

1936 404 2492 463 ΤΗΕί-)ΡΙΙἸΙ,Α(ΣΤΙ
2527 405 2934 465 ΒΙῘΙΒΑΚΙῈ
2968 407 3314 468 ARCIHEP.

4159 409 4278 471 880

1022 514 1346 584 deSperabat
1377 558 1389 577 ,
1421 516 1708 569 sanitatem
1742 512 1816 566 illi
1879 513 2189 582 impertiere
2255 514 2307 566 in
2377 513 2594 567 nomine
2622 523 2666 578 Λ
2696 513 2761 564 δι’
2793 516 2915 566 αὐτ(

2382 513 2594 567 nomine
2622 523 2666 578 Λ
2696 513 2761 564 δι’
2793 515 2959 567 αὐτοῦ
2992 515 3189 568 ἔδωκεν
3220 515 3369 585 αὐτῷ
3404 516 3500 584 τὴν
3533 514 3855 586 ὁλοκληρίαν
3912 519 4115 590 ταύτην
4157 524 4275 575 ἀπ·-

1026 606 1234 659 Domini
1267 604 1395 660 Jesu
1428 606 1652 661 Christi.
1694 624 1712 656 ι
1750 602 1908 659 I!unc
1948 608 2113 671 enim,
2147 608 2241 671 ait,
2289 621 2450 676 quem
2481 619 2577 657 vos

2690 606 2868 657 ἐναντι
2899 607 3120 660 πάντων
3146 608 3318 675 ὑμῶν.
3350 628 3367 659 ι

1023 701 1240 754 vidistis
1261 707 1314 752 et
1351 701 1547 766 nostis,
1575 701 1923 777 confirmavit
1954 715 2149 753 nomen
2167 700 2320 768 ejus:
2350 706 2403 752 et
2425 697 2582 761 fides,
2625 710 2745 765 qua:
2780 712 2876 765 per
2902 713 3027 753 eum
3058 710 3164 765 est,
3206 698 3353 754 dedit
3423 700 3689 771 integram
3737 703 4029 759 sanitatem
4106 706 4274 761 istam

1026 796 1078 849 in
1110 802 1402 864 conspectu
1446 796 1689 849 omnium
1724 807 1963 851 vestrum
1994 797 2060 849 ²¹.
2106 814 2123 846 ι

1333 886 1574 943 Sabbato
1603 888 1959 943 hebdomadas
1990 888 2295 943 Paschalis.

1672 976 1970 1033 TEXTUS.

1099 1075 1163 1127 lll
1185 1116 1200 1140 ,
1239 1072 1428 1128 il-l6.
1461 1071 1594 1125 Cum
1636 1080 1845 1126 teneret
1875 1082 2053 1126 autem
2081 1072 2302 1126 Petrum
2334 1080 2384 1125 et
2430 1070 2598 1125 Joan-

1025 1184 1170 1229 nem,
1207 1167 1450 1220 cucurrit
1492 1165 1671 1220 omnis
1720 1165 1950 1234 populus
1982 1165 2046 1217 ad
2075 1180 2169 1239 eos
2216 1164 2282 1217 ad
2322 1163 2592 1232 porticum

1026 1278 1147 1331 qute
1188 1258 1492 1328 appellatur
1543 1256 1853 1312 Salomonis
1875 1296 1889 1319 ,
1924 1264 2227 1325 stupentes.
2261 1256 2466 1311 Videns
2499 1273 2597 1308 au-

1028 1366 1133 1409 tem
1183 1355 1398 1419 Petrus,
1436 1353 1715 1420 respondit
1748 1351 1815 1405 ad
1843 1352 2141 1421 populum:
2175 1350 2291 1405 Viri
2315 1351 2593 1414 lsraelitae,

1030 1448 1160 1517 quid
1184 1447 1454 1500 miramini
1490 1446 1544 1497 in
1572 1445 1697 1508 hoc,
1727 1451 1819 1497 aut
1841 1460 1941 1500 nos
1962 1445 2087 1514 quid
2111 1442 2418 1505 intuemini,
2438 1441 2594 1511 quasi

1030 1548 1214 1592 nostra
1252 1537 1449 1588 virtute
1479 1542 1573 1587 aut
1607 1539 1871 1602 potestate
1902 1532 2190 1587 fecerimus
2217 1532 2362 1583 hunc
2395 1528 2591 1581 ambu-

1030 1628 1174 1682 lare?
1212 1628 1352 1682 Deus
1377 1626 1670 1689 Abraham,
1704 1635 1756 1679 et
1778 1626 1918 1679 Deus
1950 1624 2187 1687 lsaae,et
2225 1622 2365 1676 Deus
2401 1619 2587 1679 Jacob.

1032 1717 1171 1771 Deus
1193 1727 1403 1785 patrum
1427 1723 1735 1768 nostrorum
1765 1714 2033 1783 glorificat
2054 1728 2279 1782 puerunt
2300 1710 2411 1779 (li)
2431 1724 2588 1762 suum

2979 882 3070 954 Τῷ
3111 883 3373 950 Σαϐϐάτῳ
3408 884 3507 954 τῆς
3536 886 3985 956 Διακαινησίμου.

3284 976 3674 1031 KEIMENON.

2771 1064 3122 1135 Κρατοῦντος
3150 1064 3207 1116 δὲ
3230 1064 3326 1117 τοῦ
3359 1065 3600 1129 ἱαθέντος
3625 1066 3798 1136 χωλοῦ
3832 1067 3923 1121 τὸν
3953 1069 4156 1139 Πέτρον
4180 1087 4280 1122 και

2710 1158 2985 1227 Ἰωάννην,
3017 1157 3320 1230 συνέδραμε
3350 1160 3457 1221 πᾶς
3487 1160 3514 1210 ὁ
3537 1160 3665 1221 λαὸς
3692 1160 3825 1229 πρὸς
3847 1162 4044 1226 αὐτοὺς
4075 1165 4169 1216 ἐπὶ
4205 1167 4275 1234 τῇ

2700 1250 2831 1319 στοᾷ
2864 1253 2927 1319 τῇ
2958 1249 3268 1320 καλουμένῃ
3315 1250 3661 1321 Σολομῶντος
3698 1252 3987 1322 ἔκθαμϐοι.
4034 1256 4184 1309 Ἰδὼν
4219 1259 4274 1310 δὲ

2695 1342 2920 1409 Πέτρος,
2950 1341 3287 1411 ἀπεκρίνατο
3322 1344 3458 1413 πρὸς
3489 1345 3580 1396 τὸν
3616 1344 3764 1396 λαόν·
3809 1346 4241 1419 ἈνδρεςῚσραη
4261 1378 4276 1385 -

2694 1434 2857 1496 λῖται,
2890 1434 2943 1486 τί
2976 1434 3293 1504 θαυμάζετε
3347 1436 3438 1489 ἐπὶ
3493 1436 3687 1503 τούτῳ,
3737 1438 3770 1509 ἢ
3833 1440 3964 1509 ἡμῖν
3990 1440 4042 1491 τί
4085 1441 4273 1492 ἀτενί-

2695 1526 2836 1591 ζετε,
2865 1526 2940 1589 ὡς
2974 1528 3080 1597 ἰδίᾳ
3144 1527 3398 1597 δυνάμει,
3432 1530 3465 1602 ἢ
3497 1530 3748 1600 εὐσεϐείᾳ
3791 1522 4131 1602 πεποιηκὸσί“
4178 1534 4274 1586 τοῦ

2704 1620 3032 1688 περιπατεῖν
3094 1620 3295 1685 αὐτόνς
3339 1622 3397 1674 Ὀ
3451 1621 3583 1685 Θεὸς
3640 1621 3909 1693 ’Λϐραάμ,
3968 1626 4277 1689 καὶόΘεὸς

2713 1711 2917 1775 Ἰσαὰκ,
2943 1711 3037 1765 καὶ
3060 1713 3089 1764 6
3110 1712 3243 1775 Θεὸς
3256 1712 3472 1778 Ἰακὼϐ,
3499 1715 3527 1767 ὁ
3545 1714 3676 1777 Θεὸς
3702 1716 3811 1767 τῶν
3841 1715 4277 1786 πατέρωνήμῶν

1026 1811 1236 1868 .lesum.
1270 1823 1430 1877 quem
1480 1822 1577 1862 vos
1612 1805 1832 1875 quidem
1900 1804 2204 1858 tradidistis
2252 1811 2307 1857 et
2352 1801 2593 1871 negastis
2624 1822 2671 1880 Β
2698 1803 2917 1867 ἐδόξασε

2392 1801 2593 1871 cgastis
2624 1822 2671 1880 Β
2698 1803 2917 1867 ἐδόξασε
2983 1805 3075 1857 τὸν
3132 1806 3307 1858 Παῖδα
3364 1805 3531 1858 αὑτοῦ
3576 1804 3802 1876 Ἰησοῦν,
3840 1806 3901 1859 ὃν
3942 1809 4098 1877 ὑμεῖς
4173 1810 4278 1878 μὲν

1030 1910 1155 1954 ante
1204 1899 1395 1953 faciem
1460 1897 1642 1964 Pilati,
1693 1898 1977 1967 judicante
2024 1897 2116 1948 illo
2181 1893 2419 1947 dimitti.
2486 1890 2595 1946 Vos

1029 2001 1213 2045 autem
1245 1999 1496 2045 sanetum
1568 2001 1622 2043 et
1670 1981 1903 2058 justum'
1939 1985 2203 2056 negastis,
2276 1994 2331 2039 et
2379 1982 2596 2052 petistis

1030 2087 1207 2137 virum
1248 2083 1576 2136 homicidam
1630 2082 1822 2135 donari
1866 2080 2059 2136 vobis:
2109 2079 2405 2131 Auctorem
2469 2088 2597 2127 vero

1037 2176 1559 2238 vitzeinterl'ccistis,
1603 2189 1763 2244 quem
1797 2175 1938 2227 Deus
1961 2170 2296 2226 suscitavita
2344 2168 2595 2229 mortuis,

1028 2271 1187 2340 rujus
1227 2286 1328 2324 nos
1355 2278 1522 2325 testes
1566 2285 1781 2323 sumus.
1817 2268 1884 2320 Et
1915 2266 1969 2320 in
2007 2265 2111 2319 lidc
2164 2262 2401 2317 nominis
2452 2261 2594 2329 ejus,

1034 2367 1201 2428 hunc,
1263 2378 1424 2432 quem
1494 2377 1591 2416 vos
1628 2360 1842 2413 vidistis
1894 2365 1949 2412 et
2000 2357 2198 2420 nostis,
2253 2352 2599 2408 continuavit

1031 2472 1226 2510 nomen
1281 2456 1437 2524 ejus;
1496 2463 1548 2508 et
1600 2452 1754 2516 fides,
1812 2464 1935 2519 quae
1984 2465 2080 2518 per
2126 2462 2250 2503 eum
2294 2456 2399 2509 est,
2452 2443 2601 2497 dedit

1030 2552 1299 2617 integram
1356 2546 1517 2617 207
1575 2546 1866 2600 sanitatem
1933 2541 2099 2597 istam
2172 2540 2225 2593 in
2303 2543 2599 2606 conspectu

1028 2638 1276 2692 omnium
1305 2644 1569 2693 vestrum.

1522 2813 2093 2873 COMMENTARIUS.

1103 2930 1125 2965 ε
1166 2909 1426 2973 Puerum,
1467 2927 1484 2960 ι
1524 2924 1618 2962 sett
1661 2921 1881 2961 servum
1919 2905 2011 2959 Dei
2070 2904 2254 2959 Iesum
2320 2902 2601 2957 Christum

1031 3003 1270 3075 (tametsi
1307 3002 1475 3056 Deum
1508 3009 1562 3053 et
1620 2999 1713 3053 Dei
1752 2997 1972 3067 Filium)
1998 2996 2191 3050 Petrus
2223 2995 2482 3065 appellat,
2507 3009 2597 3047 ra-

1033 3098 1181 3151 tione
1208 3093 1601 3158 humanitatis;
1631 3091 1859 3146 formam
1892 3093 2036 3145 enim
2062 3089 2207 3144 servi
2234 3104 2357 3143 eum
2392 3089 2482 3141 ille
2512 3101 2605 3140 ac-

2700 1894 3075 1964 παρεδώκατε,
3108 1897 3206 1949 καὶ
3261 1898 3577 1967 ἠρνήσασθε
3609 1899 3772 1952 αὐτὸν
3802 1900 3946 1952 κατὰ
3976 1901 4280 1968 πρόσωπον

2698 1986 2931 2039 Πιλάτου
2972 1987 3260 2055 κρίναντος
3305 1988 3518 2041 ἐκείνου
3548 1989 3830 2046 ἀπολύειν.
3868 1990 4057 2058 Ὑμεῖς
4084 1992 4140 2044 δὲ
4180 1993 4279 2045 τὸν

2698 2077 2854 2145 ἅγιον
2886 2078 2978 2130 καὶ
3035 2078 3243 2131 δίκαιον
3296 2080 3633 2149 ἠρνήσασθε.
3679 2082 3773 2133 καὶ
3799 2082 4074 2152 ᾐτήσασθε
4103 2083 4277 2154 ἄνδρα

2699 2172 2867 2239 φονέα
2924 2171 3257 2241 χαρισθῆναι
3287 2173 3443 2242 ἡμῖν.
3485 2173 3590 2225 Τὸν
3619 2173 3678 2225 δὲ
3712 2174 3961 2244 ἀρχηγὸν
3993 2176 4094 2243 τῆς
4126 2176 4280 2245 ζωῆς

2699 2263 3078 2327 ἀπεκτείνατε,
3110 2263 3170 2315 ὃν
3190 2265 3220 2316 ὁ
3246 2264 3380 2327 Θεὸς
3413 2264 3636 2335 ἤγειρεν
3663 2267 3728 2320 ὲκ
3749 2269 3979 2338 νεκρῶν,
4010 2263 4070 2322 οὗ
4112 2271 4281 2339 ἡμεῖς

2700 2352 2868 2421 ἐσμὲν
2924 2353 3222 2424 μάρτυρες.
3285 2355 3396 2407 Καὶ
3434 2356 3615 2427 ὲπὶτῇ
3642 2358 3826 2410 πίστει
3867 2358 3962 2410 τοῦ
4009 2360 4280 2428 ὀνόματος

2702 2446 2891 2512 αὐτοῦ,
2945 2446 3136 2498 τοῦτον
3180 2446 3241 2501 ὃν
3272 2447 3529 2519 θεωρεῖτε
3583 2450 3680 2502 καὶ
3728 2451 3930 2515 οἴδατε,
3975 2453 4282 2521 ὲστερέωσε

2700 2537 2760 2589 τὸ
2790 2536 2962 2608 ὄνομα
3011 2538 3211 2591 αὐτοῦ·
3269 2540 3367 2593 καὶ
3396 2542 3430 2609 ή
3462 2541 3647 2605 πίστις
3680 2544 3713 2613 ἡ
3740 2542 3808 2595 δι’
3855 2543 4023 2597 αὐτοῦ
4072 2544 4282 2597 ἔδωκεν

2700 2629 2848 2699 αὐτῷ
2902 2627 3001 2700 τὴν
3066 2630 3391 2700 ὁλοκληρίαν
3443 2633 3649 2702 ταύτην
3711 2634 3977 2688 ἀπέναντι
4045 2638 4274 2690 πάντων

2704 2725 2732 2776 ὑ
2743 2723 2879 2791 μῶν.

3283 2815 3597 2875 ΕΡΜΕΝΗ
3604 2819 3664 2872 A2

2780 2929 2798 2961 ‹
2824 2910 2995 2963 Παῖδα
3024 2930 3040 2960 ι
3065 2910 3226 2975 Θεοῦ,
3251 2912 3370 2981 ἦτοι
3401 2912 3607 2977 δοῦλον,
3641 2913 3732 2964 τὸν
3777 2911 3985 2984 Ἰησοῦν
4014 2916 4171 2969 καλεῖ
4194 2918 4285 2971 διὰ

2704 3001 2762 3053 τὸ
2806 3000 3165 3071 ἀνθρώπινον,
3213 3002 3347 3054 Θεὸν
3386 3001 3517 3056 ὅντα
3556 3002 3653 3055 καὶ
3683 3004 3821 3056 Θεοῦ
3857 3005 3984 3057 Υίόν
4012 3021 4028 3036 ο
4079 3008 4278 3078 ἐπειδὴ

2705 3094 2890 3147 δούλου
2925 3095 3139 3166 μορφὴν
3163 3094 3471 3161 ἀναλαϐὼν,
3510 3097 3606 3150 καὶ
3640 3097 3932 3166 γενόμενος
3962 3099 4278 3167 ἄνθρωπος.

1028 3190 1287 3257 cepisset,
1340 3186 1520 3240 factus
1555 3186 1737 3245 homo,
1762 3183 1953 3236 omnia
2002 3182 2237 3235 humana
2275 3180 2462 3234 subiit.
2506 3181 2597 3233 Sic
2626 3178 2669 3233 C
2706 3187 2921 3239 πάντας

2387 3180 2462 3232 iit.
2506 3181 2597 3233 Sic
2626 3178 2669 3233 C
2706 3187 2882 3239 πάντα
2906 3188 3115 3257 ὑπέστη
3139 3188 3209 3241 τά
3230 3188 3567 3256 ἀνθρώπινα.
3604 3186 3763 3241 Οὕτω
3795 3191 3902 3257 γὰρ
3943 3191 4034 3243 καὶ
4059 3194 4107 3243 οἱ
4138 3208 4280 3258 προ-

1028 3295 1152 3334 eum
1191 3280 1355 3334 etiam
1407 3276 1682 3346 propheta:
1706 3280 1848 3343 saepe
1880 3282 2097 3329 vocant.
2139 3274 2233 3326 Vel
2264 3272 2337 3325 ita
2380 3273 2593 3325 locutus

1027 3378 1112 3427 est
1136 3370 1352 3433 Petrus,
1383 3378 1444 3423 ut
1476 3384 1601 3424 sese
1634 3367 1949 3420 auditorum
1985 3364 2348 3419 imbecillitati
2402 3371 2597 3417 attem-

1028 3470 1265 3535 peraret.
1291 3472 1344 3517 et
1365 3475 1671 3518 sermonem
1706 3473 1864 3514 suum
1902 3457 2117 3512 facilem
2181 3456 2459 3522 redderet,
2500 3454 2594 3525 qui

1028 3556 1097 3610 ab
1122 3555 1258 3624 ipsis
1292 3552 1649 3623 reciperetur.

1663 3638 1963 3695 TEXTUS.

1100 3733 1187 3797 Ill,
1221 3734 1413 3799 17,18.
1458 3731 1521 3786 Et
1555 3748 1719 3794 nunc,
1772 3731 1989 3797 fratres,
2022 3731 2135 3787 scio
2161 3732 2288 3801 quia
2320 3746 2414 3801 per
2448 3736 2597 3801 igno-

1032 3826 1268 3882 rantiam
1326 3823 1533 3879 fecistis
1585 3824 1725 3875 sicut
1773 3830 1826 3876 et
1878 3822 2155 3891 principes
2200 3822 2390 3875 vestri.
2452 3822 2596 3875 Deus

1032 3929 1237 3982 autem,
1278 3934 1397 3988 quae
1426 3918 1806 3989 prmnuntiavit
1835 3932 1929 3985 per
1972 3931 2032 3969 os
2058 3916 2298 3971 omnium
2359 3916 2596 3985 prophe-

1033 4023 1209 4064 larunt
1238 4010 1348 4079 pati
1372 4008 1650 4063 Christum
1685 4023 1868 4070 suum,
1896 4007 1978 4061 sic
2012 4007 2279 4077 implevit.

1524 4098 2098 4155 COMMENTARIUS.

1100 4194 1371 4260 Quoniam
1404 4192 1565 4246 valde
1602 4207 1695 4246 eos
1740 4193 2135 4260 perstrinxerat
2170 4200 2224 4244 et
2277 4190 2596 4245 ostenderat

1029 4306 1175 4351 eum,
1202 4303 1362 4358 quem
1395 4286 1495 4356 ipsi
1533 4284 1937 4347 crucifixerant,
2005 4282 2414 4347 resurrexisse;
2456 4282 2596 4335 facta

1031 4383 1141 4435 illis
1173 4387 1440 4450 potestate
1490 4376 1813 4446 paenitendi,
1850 4377 2045 4428 iterum
2091 4389 2396 4427 sermonem
2450 4373 2596 4426 miti-

1031 4483 1122 4543 gat
1157 4482 1208 4526 et
1232 4472 1307 4525 ait
1341 4487 1354 4520 :
1410 4488 1426 4519 ι
1458 4470 1522 4522 Et
1554 4484 1698 4522 nunc
1728 4467 1861 4529 scio,
1901 4465 2121 4531 fratres,
2155 4467 2278 4535 quia
2313 4481 2409 4535 per
2443 4467 2595 4534 igno-

1035 4563 1266 4615 rantiant
1312 4561 1537 4623 fecistis,
1566 4561 1708 4614 sicut
1743 4567 1797 4612 et
1826 4557 2099 4627 principes
2124 4559 2311 4611 vestri.
2345 4577 2362 4607 ›
2400 4555 2597 4609 Deinde

1034 4668 1102 4705 ne
1136 4651 1380 4705 dicerent
1435 4647 1766 4712 :Quomodo
1831 4646 1973 4700 Deus
2033 4660 2176 4698 nunc
2217 4646 2365 4698 illum
2422 4645 2601 4699 susci-

1034 4751 1155 4795 tans
1202 4756 1229 4792 a
1294 4740 1545 4798 mortuis,
1589 4738 1854 4807 glorificat
1885 4738 1977 4805 qui
2020 4747 2149 4789 tunc
2203 4751 2309 4789 non
2346 4736 2601 4805 adjuvit?

1035 4833 1330 4902 i‘rOpbetas
1360 4830 1578 4883 adducit
1605 4830 1980 4890 testificantes,
2024 4830 2096 4882 ita
2123 4828 2237 4883 fieri
2266 4829 2594 4897 oportuisse.

1034 4926 1229 4980 Postea
1269 4924 1529 4986 Ostendit,
1587 4922 1727 4990 quod
1759 4936 1869 4974 non
1905 4922 2288 4991 prophetarum
2321 4921 2601 4989 praedictio

1035 5018 1089 5069 in
1114 5029 1279 5069 causa
1310 5013 1495 5077 fuerit,
1529 5027 1628 5065 cur
1660 5013 1773 5064 haec
1812 5011 1882 5063 ita
1914 5009 2135 5075 fierent;
2173 5012 2265 5064 sed
2307 5010 2450 5079 quod
2479 5012 2599 5063 illo-

1035 5122 1153 5158 rum
1189 5103 1428 5173 nequitia
1458 5102 1754 5171 prOpbetas
1781 5103 1930 5170 ipsos
1977 5100 2240 5169 COL‘gCI‘iI,
2284 5084 2341 5154 ut
2381 5115 2441 5152 ea
2481 5117 2600 5169 quae

1034 5216 1127 5267 per
1147 5200 1365 5252 illorum
1393 5198 1726 5264 impietatem
1759 5196 1810 5245 in
1839 5194 2115 5247 Christum
2148 5194 2395 5246 facienda
2419 5206 2595 5257 erant,

1037 5289 1483 5355 przenutttiarcnt,
1518 5285 1701 5335 subdit
1742 5305 1751 5338 :

1106 5401 1146 5429 ²²
1172 5398 1292 5449 Aci.
1337 5413 1412 5449 Ill.
1435 5399 1485 5447 t3.

2702 3279 2870 3347 φῆται
2895 3278 3166 3349 πολλαχοῦ
3210 3280 3469 3333 καλοῦσιν
3496 3280 3680 3334 αὐτόν.
3717 3282 3786 3333 Ἦ
3823 3283 4281 3348 συγκαταϐαίνων

2702 3373 2768 3439 τῇ
2813 3371 2921 3421 τῶν
2965 3371 3274 3424 ἀκουόντων
3326 3370 3601 3442 ἀσθενείᾳ,
3660 3371 3809 3435 ὃπως
3867 3372 4281 3442 εὐπαράδεκτον

2704 3464 2905 3534 ποιήσῃ
2932 3464 3025 3516 τὸν
3047 3464 3226 3532 λόγον.

3294 3652 3658 3706 ΚΕῙΜΕΝΟΝ
3666 3688 3683 3707 .

2773 3742 2885 3797 Καὶ
2905 3742 2999 3797 νῦν
3029 3738 3167 3808 οἶδα,
3196 3745 3438 3813 ἀδελφοὶ,
3458 3746 3540 3797 ὅτι
3568 3747 3709 3799 κατά
3730 3746 3951 3813 ἄγνοιαν
3978 3746 4280 3817 ἐπράξατε,

2702 3833 2891 3904 ὥσπερ
2926 3837 3019 3889 καὶ
3046 3838 3096 3887 οἱ
3134 3836 3429 3906 ἄρχονττες
3468 3838 3645 3905 ὑμῶν.
3686 3838 3749 3891 '0
3787 3840 3841 3891 δὲ
3876 3839 4029 3902 Θεὸς,
4073 3838 4109 3892 ἃ.
4140 3855 4283 3908 προ-

2705 3927 3034 3994 κατήγγειλε
3056 3928 3143 3980 διὰ
3167 3930 3435 3998 στόματος
3467 3930 3684 3984 πάντων
3712 3932 3822 3984 τῶν
3850 3932 4145 4002 προφητῶν
4176 3934 4279 3984 αὖ·

2702 4013 2797 4065 τοῦ
2822 4013 3015 4067 παθεῖν
3043 4013 3136 4067 τὸν
3165 4016 3420 4084 Χριστὸν,
3457 4018 3774 4087 ἐπλήρωσεν
3807 4020 3969 4073 οὓτω.

3286 4109 3665 4162 EPMHNHA.

2794 4196 3010 4266 Ἐπειδὴ
3081 4198 3285 4270 σφόδρα
3337 4200 3514 4252 αὐτῶν
3567 4202 3889 4272 καθήψατο,
3935 4206 4027 4258 καὶ
4080 4205 4285 4272 ἔδειξεν

2704 4288 3011 4340 ἀναστάντα
3050 4290 3142 4340 τὸν
3168 4292 3572 4359 σταυρωθέντα,
3607 4294 3782 4358 διδοὺς
3812 4297 3995 4359 αὐτοῖς
4028 4296 4285 4361 ἐξουσίαν

2708 4380 3021 4445 μετανοίας,
3060 4380 3221 4434 πάλιν
3256 4381 3458 4447 ἀνίησι,
3492 4384 3585 4435 καί
3621 4400 3783 4453 φησί’
3824 4404 3843 4435 ι
3878 4387 3985 4438 Καὶ
4014 4385 4107 4438 νῦν
4138 4383 4281 4450 οἶδα,

2707 4469 2943 4535 ἀδελφοὶ,
2976 4471 3058 4521 ὅτι
3107 4471 3244 4523 κατά
3272 4470 3498 4537 ἄγνοιαν
3539 4473 3834 4541 ἐπράξατε,
3866 4474 4055 4543 ὥσπερ
4105 4478 4202 4528 καὶ
4232 4479 4283 4528 οἱ

2704 4558 2959 4628 ἄρχοντες
2985 4561 3160 4628 ὑμῶν.
3198 4580 3216 4611 ι
3243 4557 3394 4626 Εἶτα,
3424 4563 3599 4633 ἵναμὴ
3619 4565 3960 4629 είπωσιν,ὄτι
3985 4567 4103 4628 Πῶς
4136 4567 4284 4639 [νῦν]

2702 4653 2728 4703 ό
2762 4651 2893 4714 Θεὸς
2924 4652 3088 4703 αὑτὸν
3117 4652 3328 4717 δοξάζει
3358 4656 3670 4725 ἀναστήσας
3708 4658 3775 4710 ἐκ
3812 4659 4041 4726 νεκρῶν,
4081 4663 4110 4712 ὁ
4154 4662 4282 4714 τότε

2706 4744 2779 4811 μὴ
2816 4742 3129 4811 βοηθήσα;;
3172 4746 3409 4815 παράγει
3447 4748 3572 4809 τοὺς
3613 4749 3896 4817 προφήτας
3938 4750 4281 4821 μαρτυροῦν·

2702 4850 2838 4895 τας,
2882 4836 2962 4885 ὅτι
3011 4834 3181 4897 οὕτως
3228 4836 3334 4887 ἔδει
3384 4838 3659 4904 γενέσθαι.
3714 4836 3845 4892 Εἶτα
3893 4840 4149 4904 δεικνὺς,
4196 4844 4283 4895 ὅτι

2702 4926 2869 4994 σίδκή
2920 4925 3029 4978 τῶν
3081 4927 3375 4995 προφητῶν
3435 4930 3863 4998 προσαγόρευσις
3888 4931 3933 4961 ¹⁰
3981 4932 4133 4984 αἰτία
4185 4932 4282 4985 τοῦ

2702 5019 2870 5069 ταῦτα
2893 5016 3167 5083 γενέσθαι,
3190 5018 3348 5087 ἀλλ’ἢ
3369 5019 3549 5072 αὐτῶν
3567 5020 3731 5072 κακία
3747 5023 4058 5090 ἠνάγκασεν
4080 5023 4281 5086 αὐτοὺς

2699 5108 2806 5159 τῶν
2841 5108 3142 5175 μεὶλὸντων
3174 5109 3414 5175 γίνεσθαι
3450 5110 3519 5161 δι’
3550 5112 3731 5163 αὐτῶν
3774 5114 3854 5174 εἰς
3885 5113 4121 5181 Χριστὸν
4144 5117 4278 5167 ἀσε-

2698 5198 2858 5247 ϐειῶν
2903 5200 3185 5266 προςρήτας
3216 5199 3491 5264 γενέσθαι,
3528 5201 3755 5267 ὲπάγει·

2183 5488 2377 5546 Yaria-
2416 5490 2715 5555 lectiones
2754 5503 2808 5553 et
2860 5502 3045 5551 nota).

1107 5573 1150 5600 ²⁰
1188 5572 1272 5622 ῖσ.
1305 5571 1723 5639 προαγόρευσις.

1108 5696 1215 5766 (ll)
1256 5694 1365 5747 Vox
1412 5696 1571 5766 παῖς.-
1599 5709 1703 5766 qua
1755 5693 1839 5743 hic
1895 5692 2067 5741 utitur
2123 5703 2275 5766 sacer
2326 5690 2584 5766 scriptor,

1037 5759 1248 5835 proprie
1280 5781 1495 5835 puerum
1532 5762 1838 5835 significat;
1872 5776 1980 5828 quo
2006 5760 2223 5811 nomine
2259 5759 2583 5835 intelligitur

1034 5828 1356 5905 Qua-udoque
1416 5828 1597 5901 filius,
1653 5832 1976 5900 quandoque
2056 5845 2251 5881 seri-us.
2328 5828 2584 5897 \'u‘g:ttus

2701 5694 2973 5762 interpres
3006 5693 3188 5760 priore
3212 5706 3375 5745 sensu
3409 5692 3643 5746 reddidit
3679 5692 3898 5748 Filium.
3939 5696 4046 5749 Sed
4082 5708 4274 5751 noster

2697 5762 3431 5837 etnmnnntatorposteriore
3464 5777 3629 5819 sensu
3652 5764 3939 5829 intellexit,
3968 5780 4025 5819 ut
4047 5783 4113 5821 ex
4144 5769 4269 5837 ejus

2696 5835 3055 5900 explicatione
3091 5832 3278 5900 liquet.
