4794 6454
532 352 631 420 881

974 470 1052 541 Τῇ
1079 471 1124 539 βο
1162 473 1263 541 τῆς
1294 473 1340 541 βυ
1366 474 1684 544 έὸδόμαδος.

1127 562 1520 622 ΚΕΙΜΕΝΟΝ.

589 651 990 724 Μετανοήσατε
1031 652 1126 708 οὖν
1160 658 1257 709 καὶ
1288 658 1679 729 ἐπιστρέψατε,
1706 663 1785 724 είς
1814 664 1874 715 τὸ
1906 663 2109 729 ἐξαλει-

520 744 727 814 φθῆναι
766 746 922 816 ὑμῶν
947 750 1045 811 τᾶς
1079 750 1379 819 ἁμαρτίας,
1403 753 1553 816 ὅπως
1590 754 1656 807 ἂν
1690 754 1885 808 ἔλθωσι
1927 760 2110 829 καιροῖ⁵

513 838 845 909 ἀναψύξεως
881 841 990 895 ἀπὸ
1032 843 1327 912 προσώπου
1389 846 1484 899 τοῦ
1539 849 1767 917 Κυρίου,
1827 852 1922 904 καὶ
1969 854 2110 906 ἀπο-

517 930 708 1001 στείλῃ
736 932 832 985 τὸν
863 936 1394 1005 προκεχειρισμένον
1423 939 1556 1009 ἡμῖν
1590 940 1826 1009 Χριστὸν
1877 945 2105 1015 Ἰησοῦν,

511 1021 569 1073 ὃν
608 1024 695 1074 δεῖ
737 1026 969 1092 οὐρανὸν
1019 1027 1120 1096 μὲν
1149 1028 1403 1093 δέξασθαι
1432 1032 1561 1105 ἄχρι
1586 1036 1793 1104 χρόνων
1823 1039 2107 1093 ἀποκατα-

513 1115 764 1179 στάσεως
797 1119 1040 1179 παντων.
1072 1115 1147 1174 ὧν
1186 1124 1447 1197 ἐλάλησεν
1476 1130 1505 1180 6
1540 1128 1673 1193 Θεὸς
1714 1131 1804 1185 διὰ
1838 1133 2107 1204 στόματος

512 1209 743 1261 πάντων
788 1210 898 1263 τῶν
949 1213 1122 1280 ἁγίων
1174 1216 1341 1271 αὑτοῦ
1395 1221 1690 1290 προφητῶν
1734 1224 1829 1277 ἀπ’
1873 1227 2100 1291 αίῶνος.

510 1297 724 1367 Μωσῆς
757 1298 860 1368 μὲν
884 1302 993 1372 γὰρ
1028 1305 1163 1373 πρὸς
1203 1307 1331 1371 τοὺς
1365 1310 1615 1380 πατέρας
1648 1307 1822 1378 εἶπεν,
1852 1316 1932 1369 ὅτι
1968 1319 2104 1388 Προ-

509 1390 696 1459 φήτην
728 1393 863 1461 ὑμῖν
892 1397 1190 1466 ἀναστήσει
1223 1400 1428 1471 Κύριος
1469 1405 1497 1456 6
1527 1404 1663 1467 Θεὸς
1710 1409 1867 1477 ήμῶν
1898 1413 1961 1463 ἐκ
1992 1413 2102 1464 τῶν

503 1759 1035 1832 ἑξολοθρευθήσεται
1059 1768 1125 1820 ἐκ
1149 1767 1244 1821 τοῦ
1279 1771 1432 1835 λαοῦ,
1466 1775 1560 1826 καὶ
1587 1779 1783 1841 πάντες
1804 1780 1861 1832 δὲ
1886 1782 1934 1833 oi
1964 1799 2096 1852 προ-

514 1852 695 1921 φῆται
726 1856 835 1909 ἀπὸ
864 1859 1121 1931 Σαμουὴλ
1143 1864 1364 1918 καὶτῶν
1394 1867 1627 1937 καθεξῆς
1656 1872 1771 1923 ὅσοι
1804 1873 2090 1943 ἐλάλησαν,

507 1947 604 1996 καὶ
630 1949 1117 2019 προκατήγγειλαν
1144 1954 1242 2018 τὰς
1265 1960 1485 2029 ἡμέρας
1504 1962 1727 2025 ταύτας.
1765 1964 1950 2035 Ὑμεῖς
1974 1970 2093 2021 ἐστε

509 2038 622 2089 υἱοὶ
658 2040 773 2092 τῶν
801 2043 1121 2112 προφητῶν,
1154 2046 1250 2099 καὶ
1279 2049 1377 2115 τῆς
1402 2052 1692 2123 διαθήκης,
1722 2050 1790 2126 ἦς
1823 2056 2030 2111 διέθετο
2066 2060 2095 2111 6

504 2130 641 2191 θεὸς
663 2132 804 2199 πρὸς
827 2135 955 2198 τοὺς
984 2139 1228 2207 πατέρας
1252 2142 1281 2192 ὑ
1290 2142 1428 2210 μῶν,
1449 2143 1621 2209 λέγων
1651 2148 1788 2216 πρὸς
1817 2148 2089 2221 Ἀϐρααμ·

506 2221 621 2273 Καὶ
658 2223 720 2274 ὲν
763 2224 843 2292 τῷ
888 2229 1166 2299 σπέρματί
1202 2249 1297 2285 σου
1330 2234 1788 2307 εὐλογηθήσονται
1822 2244 1994 2297 πᾶσαι
2032 2247 2088 2299 αἱ

503 2315 741 2382 πατριαὶ
772 2315 875 2380 τῆς
908 2318 1033 2387 γῆς.
1076 2320 1239 2392 Ὑμῖν
1274 2325 1493 2395 πρῶτον
1534 2329 1563 2380 6
1604 2329 1737 2394 Θεὸς
1778 2333 2091 2406 ἀναστήσας

499 2405 600 2456 τὸν
632 2406 810 2460 Παῑδα
856 2409 1030 2464 αὑτοῦ
1071 2413 1306 2482 Ἰησοῦν,
1363 2417 1682 2472 ἀπέστειλεν
1724 2423 1887 2475 αὐτὸν
1934 2405 2088 2480 εὔλο-

501 2496 712 2563 τοῦντα
760 2500 905 2570 ὑμᾶς
944 2504 1005 2556 ἐν
1048 2505 1127 2575 τῷ
1160 2508 1530 2579 ἀποστρέφειν
1577 2512 1811 2566 ἕκαστον
1840 2518 1947 2571 ἀπὸ
1980 2520 2087 2573 τῶν

496 2592 790 2662 πονηριῶν
815 2593 987 2663 ὑμῶν.

1100 2690 1487 2747 ΕΡΜΗΝΕΙΑ.

577 2778 750 2834 Ὅταν
778 2778 873 2835 οὖν
906 2782 1075 2852 λέγει,
1115 2784 1335 2841 πάντων
1386 2789 1496 2842 τῶν
1544 2793 1843 2864 προφητῶν
1874 2796 2084 2866 πεπλη-

502 2875 716 2942 ρῶσθαι
743 2879 871 2942 τοὺς
905 2880 1096 2948 λόγους
1133 2884 1227 2936 τοῦ
1259 2885 1513 2955 Σωτῆρος
1540 2889 1825 2953 παθόντος,
1850 2893 1910 2944 οὐ
1946 2895 2080 2947 καθ-

498 2968 653 3033 ἅπαξ
706 2971 913 3034 πάντας
945 2973 1072 3037 τοὺς
1099 2977 1386 3046 προφήτας
1418 2978 1567 3045 λέγει
1613 2982 1695 3049 (οὐ
1728 2983 1837 3052 γὰρ
1880 2986 2080 3051 πάντες

498 3062 893 3132 προεκήρυξαν
928 3065 1029 3135 τήν
1076 3068 1370 3136 ἐπιδημίαν
1410 3072 1502 3124 καὶ
1545 3072 1613 3126 τὰ
1666 3074 1839 3145 πάθη,
1866 3077 1903 3130 ἀ
1937 3079 2077 3150 ὑπὲρ

1177 360 1711 421 EXPOSITIONIS
1749 363 1829 423 IN
1860 364 2048 423 ACTA
2072 366 2370 428 TEX'I‘US
2414 373 2680 437 ALTER.
2711 402 2775 414 -ε
2810 379 2967 440 CAP.
3012 382 3123 441 lli.

2539 481 2692 539 βοείη
2726 487 2761 540 2
2798 488 3150 546 hebdomadas
3182 494 3458 549 secundae.

2847 578 3151 638 TEXTUS.

2285 668 2595 733 ΙΙΙ,19-96.
2636 670 2983 729 Pmnitemini
3051 677 3218 746 igitur
3274 688 3329 734 et
3380 682 3800 749 convertimini,

2211 772 2270 815 ut
2304 763 2590 818 deleantur
2636 776 2852 835 peccata
2886 777 3087 825 vestra.
3122 768 3193 824 Ut
3218 784 3342 826 cum
3377 775 3629 829 venerint
3654 784 3790 830 tem-

2212 869 2345 924 pora
2376 856 2644 928 refrigerii
2681 873 2710 912 a
2744 874 3043 933 conspectu
3083 864 3322 927 Domini,
3353 873 3408 919 et
3435 867 3645 920 miserit
3666 883 3790 921 eum

2206 946 2301 1017 qui
2352 950 2679 1017 praedicatus
2739 961 2824 1005 est
2858 954 3034 1019 vobis,
3065 952 3249 1010 Jesum
3278 955 3592 1023 Christum,
3628 973 3788 1027 quem

2208 1051 2423 1110 oportet
2455 1044 2678 1110 quidem
2706 1045 2909 1100 malum
2944 1048 3226 1117 suscipere
3251 1065 3428 1118 usque
3460 1048 3513 1102 in
3546 1061 3787 1119 tempora

2206 1134 2573 1189 restitutionis
2592 1136 2858 1201 omnium,
2883 1152 3004 1206 qua:
3035 1138 3253 1193 locutus
3303 1150 3387 1195 est
3415 1140 3560 1196 Deus
3599 1156 3695 1211 per
3724 1156 3788 1195 os

2206 1232 2522 1278 sanctorum
2569 1240 2598 1278 a
2648 1228 2851 1282 sarculo
2884 1230 3296 1299 prephctarum.
3332 1231 3544 1304 Moyses
3562 1233 3783 1302 quidem

2205 1316 2454 1386 patribus
2493 1318 2632 1373 dixit
2657 1319 3021 1390 :Prophetam
3041 1324 3328 1378 suscitabit
3348 1325 3503 1380 vobis
3522 1325 3786 1382 Dominus

2207 1410 2347 1463 Deus
2366 1418 2544 1466 vester
2560 1412 2629 1465 de
2648 1413 2914 1479 fratribus
2934 1415 3159 1480 vestris,
3180 1426 3439 1487 tanquam
3470 1432 3575 1481 me,
3601 1420 3779 1489 ipsum

2202 1501 2370 1571 208
2407 1502 2645 1558 audietis
2701 1504 2860 1572 quta
2905 1508 3116 1571 omnis,
3144 1523 3491 1578 quaecunque
3564 1510 3786 1565 locutus

2202 1592 2370 1646 l‘nerit
2425 1593 2605 1648 vobis.
2653 1592 2769 1648 Erit
2816 1605 3025 1663 autem,
3080 1599 3263 1656 omnis
3298 1602 3479 1655 anima
3511 1617 3631 1669 qum
3673 1618 3780 1655 non

2202 1682 2435 1737 audierit
2462 1683 2784 1754 prophetam
2823 1686 2999 1752 illum,
3028 1691 3483 1745 exterminabitur
3503 1692 3570 1746 de
3595 1693 3771 1761 plebe.

2200 1773 2266 1827 Et
2304 1790 2499 1833 omnes
2537 1776 2817 1847 propheta:
2840 1794 2869 1831 a
2897 1777 3145 1842 Samuel,
3174 1792 3228 1835 et
3256 1782 3516 1852 deinceps
3547 1785 3643 1853 qui
3698 1784 3779 1837 l0-

2200 1869 2309 1921 cuti
2349 1876 2501 1929 sunt,
2536 1870 3006 1925 annuntiaverunt
3036 1871 3155 1927 dies
3186 1872 3344 1930 istos.
3373 1872 3481 1928 Vos
3508 1878 3645 1931 estis
3682 1877 3776 1931 lilii

2198 1959 2593 2029 prophetarum
2619 1969 2674 2016 et
2701 1964 3036 2026 testamenti,
3060 1966 3207 2034 quod
3231 1966 3510 2035 disposuit
3541 1968 3685 2026 Deus
3708 1972 3775 2025 ad

2200 2059 2385 2119 patres
2419 2060 2665 2118 nostros,
2693 2053 2884 2110 dicens
2909 2057 2977 2110 ad
3009 2058 3286 2114 Abraham
3315 2077 3329 2113 :
3365 2059 3429 2113 Et
3462 2061 3518 2116 in
3561 2064 3775 2118 semine

2197 2152 2292 2196 tuo
2322 2142 2716 2198 benedicentur
2755 2160 2950 2202 omnes
2979 2147 3199 2205 l’arnilia:
3228 2158 3409 2209 terrae.
3441 2150 3610 2210 Vobis
3660 2156 3774 2226 pri-

2198 2249 2346 2287 mum
2369 2232 2513 2290 Deus
2536 2236 2818 2293 suscitans
2841 2236 3038 2293 Filium
3068 2256 3251 2309 suum,
3280 2243 3431 2298 misit
3454 2259 3579 2298 eum
3608 2245 3773 2302 bene-

2192 2324 2467 2381 dicentem
2532 2328 2712 2398 vobis,
2762 2338 2822 2385 ut
2866 2342 3154 2387 convertat
3197 2349 3259 2391 se
3306 2336 3687 2407 unusquisque
3738 2353 3769 2392 ι

2192 2419 2435 2489 nequitia
2467 2434 2588 2475 sua.

2680 2692 3254 2755 COMMENTARIUS.

2256 2780 2396 2836 Cum
2471 2783 2549 2838 ait
2597 2784 2845 2839 omnium
2897 2788 3289 2857 prophetarum
3332 2804 3617 2849 sermones
3662 2792 3771 2849 im-

2184 2873 2362 2945 pletos
2400 2889 2524 2931 esse
2576 2874 2633 2930 in
2668 2878 2927 2947 passione
2986 2878 3224 2946 Domini,
3278 2896 3389 2937 non
3439 2882 3767 2955 simpliciter

2183 2983 2377 3024 omnes
2426 2970 2717 3039 intelligit;
2746 2989 2852 3027 non
2882 2974 3034 3030 enim
3088 2992 3282 3033 omnes
3320 2982 3764 3050 praenuntiarunt

2181 3065 2306 3134 ejus
2355 3066 2677 3132 adventum,
2732 3083 2912 3139 neque
2958 3070 3289 3139 supplicium
3322 3075 3466 3142 quod
3505 3084 3624 3129 erat
3664 3091 3763 3144 pro

496 3152 810 3222 ἀνθρώπων
840 3155 1067 3224 ἔμελλεν
1096 3159 1502 3229 ἀναδέξασθαι),
1536 3163 1675 3218 ἀλλά
1708 3167 1914 3232 πάντας
1950 3172 2076 3237 τοὺς
2104 3170 2148 3232 C
2184 3152 2389 3207 ¹¹⁰¹¹¹ί¹¹¹

1864 3186 1914 3232 ις
1950 3172 2076 3237 τοὺς
2104 3170 2148 3232 C
2184 3152 2469 3207 hominum
2496 3155 2680 3209 salute
2710 3157 3037 3224 subiturus;
3077 3159 3173 3214 sed
3226 3160 3475 3232 intelligit
3507 3175 3757 3229 cunctos,

496 3248 1078 3316 προαναφωνήσαντας
1124 3251 1194 3303 τὰ
1236 3252 1327 3304 τοῦ
1365 3254 1604 3323 Χριστοῦ
1640 3256 1855 3315 ἅπαντα
1895 3280 1915 3313 ‹
1948 3263 2078 3334 ἀχρι

497 3337 713 3405 χρόνων
743 3338 1265 3408 ἀποκαταστάσεως.
1310 3364 1328 3395 ι
1378 3347 1448 3398 Τὸ
1474 3348 1554 3410 δὲ,
1594 3368 1612 3399 ι
1647 3352 1831 3422 Ἄχρι,
1868 3372 1887 3404 ι
1926 3356 2079 3426 παρὰ

494 3429 563 3494 τῇ
598 3425 721 3495 θεία
763 3427 803 3479 Γ
808 3432 977 3499 ραφῇ,
1013 3432 1073 3483 οὐ
1121 3434 1313 3504 χρόνον
1344 3436 1461 3490 ἐστὶ
1501 3444 1857 3509 σημαντικὸν,
1891 3425 2078 3517 ὥσπερ

492 3518 594 3570 καὶ
622 3519 705 3579 τὸ.
730 3519 855 3586 ἕως,
880 3523 998 3577 ἀλλ’
1021 3526 1171 3578 ἐστιν
1194 3529 1221 3580 6
1248 3529 1371 3591 νοῦς
1394 3529 1488 3582 τοῦ
1515 3537 1875 3603 προκειμένου
1904 3538 2079 3592 τοιοῦ-

495 3628 625 3674 τος·
660 3614 859 3679 Πολλὰ,
892 3617 1079 3689 φησιν,
1124 3613 1278 3671 εἷπον
1324 3622 1373 3673 oi
1408 3622 1692 3691 προφῆται
1733 3625 1998 3693 γίνεσθαι,
2039 3630 2076 3685 ἃ

490 3702 653 3757 οὔπω
708 3709 1099 3779 πεπλήρωνται
1151 3710 1350 3774 πάντα,
1411 3712 1525 3765 ἀλλ’
1577 3714 1657 3767 ἔτι
1710 3716 1949 3783 γίνονται
1982 3720 2077 3774 καὶ

492 3798 819 3868 γενήσονται
867 3801 973 3864 ἓως
1020 3802 1119 3871 τῆς
1175 3805 1484 3865 συντελείας
1513 3806 1608 3858 τοῦ
1640 3808 1869 3878 κόσμου.
1918 3812 2074 3866 Ἀνα-

493 3892 631 3955 στάς
660 3892 756 3947 οῦν
786 3896 850 3949 ὲκ
898 3898 1129 3968 νεκρῶν,
1164 3897 1442 3970 ἀνελήφθη
1486 3901 1566 3964 είς
1614 3902 1741 3966 τοὺς
1787 3904 2073 3974 οὐρανοὺς,

490 3984 591 4036 καὶ
645 3983 799 4054 μένει
850 3986 971 4039 ἐκεῖ
1016 3986 1122 4048 ἕως
1167 3988 1267 4056 τῆς
1321 3988 1417 4042 τοῦ
1475 3992 1684 4059 κόσμου
1741 3997 2071 4060 συντελείας.

492 4095 514 4128 ι
568 4077 779 4146 Μωσῆς
832 4078 932 4147 μὲν
990 4082 1121 4148 γάρ.
1170 4099 1191 4132 ι
1226 4081 1323 4145 Τὸ,
1363 4100 1383 4134 ι
1419 4083 1494 4145 ὡς
1552 4084 1678 4153 ἐμὲ,
1727 4104 1747 4137 ι
1789 4086 1850 4140 τὸ
1890 4088 2073 4159 σχῆμα

488 4164 592 4233 τῆς
621 4165 947 4234 νομοθεσίας
980 4166 1151 4239 δηλοῖ,
1197 4169 1256 4221 τὸ
1292 4169 1453 4238 μόνον
1488 4171 1788 4242 ἐκϐεϐηκὸς
1831 4176 1911 4238 είς
1942 4177 2074 4247 Χρι-

489 4256 641 4318 στὸν,
676 4254 773 4306 καὶ
800 4254 899 4308 οὐκ
930 4258 1011 4319 είς
1058 4259 1348 4329 προφήτην
1382 4259 1569 4329 ἔτερόν
1604 4278 1744 4318 τινα.
1797 4265 2072 4337 Πρόδηλον

484 4348 600 4416 γὰρ
627 4346 709 4411 ὥς
736 4348 823 4401 διά
844 4351 1127 4415 Μωῦσέως
1156 4354 1183 4404 6
1217 4352 1379 4423 νόμος
1411 4354 1594 4425 ἐδόθη,
1622 4355 1681 4408 ὃν
1712 4360 1806 4411 καὶ
1840 4364 1982 4414 κατὰ
2009 4363 2073 4414 τὸ

2184 3245 2279 3315 qui
2308 3248 2493 3300 omnia
2515 3246 2725 3302 Christi
2763 3268 2783 3300 ι
2810 3262 2983 3319 usque
3004 3251 3071 3305 ad
3093 3260 3338 3323 tempora
3364 3255 3756 3313 restitutionis.

2184 3338 2465 3407 praelocuti
2513 3348 2662 3395 sunt.
2694 3341 2834 3396 Illud
2886 3353 3068 3398 autem
3107 3360 3281 3415 usque
3309 3346 3363 3401 in
3414 3362 3570 3403 sacra
3607 3350 3762 3405 Seri-

2180 3436 2338 3497 ptura
2371 3428 2517 3482 haud
2556 3439 2773 3500 tempus
2805 3431 3231 3489 determinatum
3292 3436 3599 3505 signiﬁcat;
3662 3442 3758 3495 sed

2180 3521 2286 3575 iste
2316 3529 2402 3576 est
2428 3522 2530 3577 loci
2562 3522 2724 3579 istius
2752 3539 2987 3583 sensus:
3011 3526 3198 3593 Multa,
3234 3528 3443 3600 inquit,
3482 3533 3759 3602 propheta:

2179 3613 2553 3684 prmiserunt
2583 3630 2706 3685 quae
2729 3632 2839 3671 non
2869 3618 3051 3672 omnia
3074 3619 3298 3689 impleta
3320 3630 3483 3687 sunt;
3508 3624 3605 3677 sed
3634 3640 3755 3693 qua:

2177 3706 2437 3761 eveniunt
2470 3718 2527 3762 et
2564 3708 2822 3764 evenient
2854 3725 3031 3780 usque
3066 3710 3141 3766 ad
3169 3713 3329 3768 linem
3363 3716 3572 3770 mundi.
3616 3718 3752 3772 Cum

2177 3796 2322 3851 enim
2360 3800 2773 3865 resurrexisset,
2807 3800 3060 3856 ascendit
3085 3803 3139 3856 in
3170 3804 3389 3864 coelum,
3425 3807 3607 3876 ibique
3638 3824 3751 3863 ma.

2176 3899 2272 3943 net
2315 3905 2494 3960 usque
2545 3891 2615 3945 ad
2664 3895 3190 3951 consummationem
3239 3900 3446 3954 saeculi.
3489 3921 3506 3953 ι
3541 3901 3753 3973 Moyses

2178 3980 2420 4049 quidem.
2459 4000 2479 4034 ι
2514 3981 2652 4038 Illud
2714 4002 2734 4035 ι
2766 3991 3026 4055 tanquam
3082 4003 3169 4043 me
3200 4008 3219 4040 ι
3288 3993 3507 4047 modum
3544 3993 3753 4064 legisla-

2177 4071 2345 4127 tionis
2376 4072 2624 4139 denotat,
2675 4076 2771 4145 qui
2805 4077 2860 4130 in
2895 4078 3015 4132 solo
3062 4078 3286 4136 Christo
3319 4083 3499 4137 locum
3534 4085 3749 4151 habuit,

2178 4179 2285 4219 non
2319 4165 2375 4219 in
2415 4181 2745 4237 quocunque
2777 4168 2890 4223 alio
2917 4172 3205 4240 propheta.
3238 4171 3435 4228 Notum
3488 4185 3571 4231 est
3600 4180 3749 4233 enim

2178 4270 2276 4322 per
2322 4254 2545 4326 Moysen
2597 4257 2781 4311 datam
2806 4274 2932 4315 esse
2958 4261 3156 4330 legem,
3195 4278 3356 4337 quam
3388 4266 3554 4320 etiam
3593 4268 3749 4337 juxta

2176 4346 2663 4403 Deuteronomiutn
2711 4364 2778 4404 ex
2808 4350 2994 4406 divina
3029 4354 3392 4424 inspiratione
3427 4377 3445 4409 ι
3487 4363 3749 4430 explana-

484 4440 913 4512 Δευτερονόμιον
960 4444 1030 4495 ἐκ
1080 4442 1229 4507 θείας
1282 4445 1567 4511 ἐπιπνοίας
1619 4448 1923 4503 ὲπλάτυνε·
1972 4453 2069 4506 καὶ
2106 4511 2138 4520 _
2174 4440 2253 4494 νη
2271 4441 2377 4507 ²⁹ι¹

1850 4468 1923 4503 ,ει
1972 4453 2069 4506 καὶ
2106 4511 2138 4520 Α
2174 4440 2340 4507 vit",
2372 4450 2464 4496 »οι
2480 4442 3624 4520 legislatorisgloriamnomenqueadeptus
3641 4465 3743 4514 est.

484 4533 781 4604 νομοθέτου
827 4534 987 4599 δόξαν
1045 4535 1358 4607 ἐκαρποῦτο
1405 4542 1499 4593 καὶ
1543 4540 1735 4611 ὄνομα,
1774 4544 2067 4613 προτυπῶν

482 4625 577 4678 τὸν
617 4626 795 4697 ἀληθῆ
846 4627 1147 4698 νομοθέτην
1190 4630 1448 4697 Χριστὸν,
1499 4632 1592 4684 τὸν
1630 4635 1723 4686 καὶ
1765 4634 1856 4688 τὸν
1903 4635 2068 4705 νόμον

480 4719 816 4787 λαλήσαντα.
849 4722 929 4773 Δι’
956 4722 1121 4776 αὐτοῦ
1168 4722 1278 4793 γὰρ
1317 4724 1410 4776 καὶ
1439 4726 1498 4777 ὲν
1545 4725 1694 4797 νόμῳ
1726 4728 1821 4781 καὶ
1849 4729 1906 4781 ἐν
1935 4746 2067 4799 προ-

482 4814 713 4883 φήταις,
750 4815 825 4876 ὡς
869 4814 958 4868 διά
999 4816 1131 4869 ἰδίου
1170 4817 1344 4884 Λόγου
1389 4818 1712 4888 μονογενοῦς
1752 4822 1847 4874 καὶ
1875 4824 2067 4892 ὀμοον-

485 4903 607 4954 σίου
641 4902 740 4954 καὶ
767 4906 1138 4958 ὲνυποστάτου
1168 4905 1465 4978 λελάληκεν
1494 4910 1521 4960 ό
1550 4908 1681 4970 Θεὸς
1706 4910 1802 4963 καὶ
1845 4911 2059 4983 Πατήρ.

491 4994 653 5049 Ἐπεὶ
675 4993 770 5047 οῦν
799 4995 858 5049 ἐν
888 4998 1129 5067 σχήματι
1151 4999 1443 5067 νομοθέτου
1473 5000 1632 5069 μόνος
1659 5002 1717 5055 ιν
1748 5005 2057 5075 προφήταις

478 5088 511 5140 6
538 5088 808 5157 Μωῦσῆς,
839 5088 929 5142 διὰ
966 5090 1127 5144 τοῦτο
1156 5092 1251 5144 καὶ
1298 5091 1599 5161 μοναδικῶς
1627 5094 1763 5163 πρὸς
1801 5095 1890 5148 τὸν
1923 5097 2055 5166 Χρι-

480 5180 612 5233 στὸν
642 5180 972 5235 ἀποΰλέπων
993 5181 1148 5250 ελεγι
1167 5199 1182 5214 ο
1221 5202 1242 5236 ι
1283 5185 1578 5255 Προφήτην
1603 5186 1731 5255 ὑμῖν
1759 5187 2055 5259 ἀναστήσει

477 5271 686 5343 Κύριος
733 5273 762 5324 6
815 5273 948 5337 Θεὸς
997 5276 1155 5346 ἡμῶν
1208 5276 1274 5330 ἐκ
1310 5276 1420 5332 τῶν
1474 5277 1720 5347 ἀδελφῶν
1754 5278 1931 5348 ὑμῶν,
1980 5280 2055 5343 ὡς

476 5365 607 5433 ἐμέ.
648 5382 668 5414 ι
718 5365 831 5417 Καὶ
860 5365 971 5436 γὰρ
1004 5365 1195 5436 ὥσπερ
1223 5366 1384 5430 αὐτὸς
1416 5366 1516 5439 τὴν
1541 5371 1770 5439 νομικὴν
1792 5371 2054 5441 είσήγαγε

477 5456 779 5520 πολιτείαν,
824 5456 967 5510 οὕτω
1005 5458 1101 5510 καὶ
1147 5460 1175 5511 6
1223 5459 1462 5529 Χριστὸς
1518 5462 1619 5529 τὴν
1664 5462 2047 5534 εὐαγγελικὴν,

475 5548 621 5601 κατά
649 5548 713 5600 τὸ
737 5548 836 5617 τῆς
863 5548 1146 5612 κενώσεως
1196 5552 1414 5621 μέτρον,
1450 5551 1680 5621 μεσίτης
1707 5552 1806 5621 τῆς
1843 5555 2051 5625 Καινῆς

474 5641 749 5711 Διαθήκης
774 5639 867 5692 καὶ
883 5639 980 5710 τῆς
1003 5658 1020 5690 ι
1045 5641 1102 5696 ἐν
1124 5640 1434 5712 πνεύματι-ι
1466 5642 1718 5713 λατρείας
1740 5645 2047 5716 γενόμενος.

554 5822 598 5850 ³³
637 5819 787 5875 Deut.
822 5838 858 5884 ι,
892 5820 941 5871 Ei.
1020 5818 1060 5850 "'
1091 5817 1245 5876 Joan.
1314 5835 1385 5886 tv,
1428 5820 1506 5875 15.

2173 4534 2510 4604 ρτιιιείειιειυε
2572 4551 2759 4592 verum
2814 4536 3209 4608 Legislatorem
3264 4540 3592 4610 Christum,
3653 4552 3743 4615 qui

2169 4628 2331 4683 etiam
2358 4628 2532 4699 legem
2564 4628 2741 4699 ipsam
2773 4630 3028 4687 elocutus
3074 4640 3156 4688 est
3185 4651 3197 4687 :
3238 4648 3335 4704 per
3370 4636 3548 4706 ipsum
3598 4640 3744 4693 enim

2166 4727 2429 4791 tanquam
2489 4738 2588 4791 per
2629 4721 2869 4778 Verbum
2929 4727 3234 4797 proprium,
3289 4730 3631 4799 unigenitum
3689 4742 3744 4787 et

2168 4814 2637 4869 consubstantiale
2664 4823 2718 4869 et
2754 4816 2807 4869 in
2831 4817 3015 4887 seipso
3050 4818 3380 4886 subsistens,
3408 4832 3521 4876 tum
3550 4822 3604 4876 in
3628 4823 3765 4893 lege,

2168 4914 2282 4958 tum
2322 4905 2377 4959 in
2410 4906 2695 4976 prophetis
2720 4908 2939 4963 locutus
2972 4918 3058 4965 est
3092 4909 3236 4966 Deus
3256 4909 3440 4969 Pater.
3467 4911 3738 4979 Quoniam

2162 4995 2329 5065 igitur
2365 4997 2506 5051 inter
2527 4998 2831 5068 prophetas
2854 5001 3051 5057 unicus
3077 5002 3354 5073 legislator
3380 5003 3479 5058 fuit
3499 4998 3735 5075 Moyses,

2163 5088 2371 5142 idcirco
2413 5088 2480 5142 ad
2516 5088 2801 5144 Christum
2859 5093 3157 5161 respiciens
3209 5110 3439 5150 numero
3470 5096 3736 5166 singulari

2162 5181 2231 5236 de
2254 5196 2335 5246 se,
2364 5180 2582 5236 dicebat
2615 5200 2630 5236 :
2678 5201 2697 5234 ι
2732 5183 3059 5254 Prophetam
3122 5188 3417 5243 suscitabit
3446 5191 3599 5244 vobis
3630 5189 3735 5244 Do-

2163 5276 2347 5331 minus
2388 5274 2530 5331 Deus
2572 5285 2756 5332 vester
2800 5279 2869 5334 de
2914 5278 3181 5336 fratribus
3210 5283 3435 5345 vestris,
3474 5293 3734 5354 tanquam

2163 5384 2271 5424 me.
2307 5388 2325 5420 ι
2361 5368 2575 5424 Etenim
2602 5370 3067 5440 quemadmodum
3098 5373 3188 5427 ille
3221 5374 3393 5445 legale
3431 5375 3736 5431 introduxit

2160 5460 2500 5525 institutum,
2562 5462 2637 5514 ita
2689 5471 2744 5516 et
2796 5462 3051 5520 Christus
3103 5466 3477 5537 evangelicum
3510 5510 3525 5532 ,
3576 5468 3734 5537 juxta

2160 5554 2535 5609 evacuationis
2593 5570 2946 5622 mensuram,
2992 5558 3255 5613 mediator
3288 5558 3467 5616 lactus
3503 5571 3558 5615 et
3596 5560 3733 5615 Novi

2163 5642 2503 5701 Tcstamenti
2557 5653 2608 5700 et
2663 5643 2757 5702 Dei
2819 5646 3001 5704 cultus
3043 5668 3060 5701 ι
3109 5648 3162 5703 in
3218 5650 3417 5721 spiritu
3441 5653 3506 5707 “.
3548 5671 3567 5704 ι
3610 5651 3732 5719 Qua
