4794 6454
1051 426 1154 488 883

1970 419 2272 477 Τ-ΙΙΕΟΡΗ
2288 418 2544 476 YL.\C'l‘l
2577 411 2986 473 BULGARl/E
3028 405 3384 471 AKCHIEP.

4193 400 4304 466 88$

1054 556 1187 593 vero
1245 539 1409 600 Deus,
1450 538 1567 606 ipse
1621 536 1910 605 utriusque
1979 536 2213 589 instituti
2266 544 2459 588 auctor
2511 541 2613 586 est.
2647 530 2876 587 ΑΚαθὺ
2924 530 2947 582 ὃ

2408 550 2459 586 )r
2511 541 2613 586 est.
2647 530 2699 587 Α
2728 531 2876 583 Καθὺ
2924 530 2978 582 δὲ
3018 529 3148 592 Θεὸς
3175 525 3262 598 ἦν,
3305 526 3466 588 αὐτὸς
3492 520 3560 594 ἦν
3592 525 3858 590 ἑκατέρας
3891 521 4169 583 πολιτεέας
4196 523 4301 572 δω-

1055 631 1212 685 llnnc
1261 639 1313 683 et
1340 628 1504 682 David
1539 637 1801 697 expetens
1837 626 1902 680 ad
1944 626 2107 679 Deum
2136 626 2416 680 diccbat"
2442 643 2452 678 :
2477 624 2619 676 Cun-

1062 724 1248 786 stitue,
1315 719 1562 782 Domine,
1600 720 1961 788 legislatorem
1999 734 2163 787 super
2201 733 2316 772 cos.
2353 736 2370 766 ›
2417 715 2621 768 Deinde

1058 813 1344 883 subjungit
1400 814 1624 867 exitium
1657 813 1908 876 illorum,
1951 812 2045 881 qui
2077 809 2298 865 Christo
2356 807 2620 862 credituri

1053 923 1167 961 non
1197 916 1374 970 erant,
1396 906 1622 961 dicens:
1647 925 1663 956 ι
1689 906 1804 960 Erit
1851 916 2054 970 autem,
2083 904 2260 959 onmis
2284 905 2486 968 anima,
2505 918 2623 971 qua:

1058 1016 1169 1054 non
1228 999 1462 1052 audierit
1490 997 1653 1066 209
1677 998 1990 1068 prophetam
2022 997 2196 1062 illum,
2230 995 2623 1050 exterminabi-

1060 1102 1151 1146 tur
1190 1091 1258 1148 de
1298 1093 1471 1162 plebe.
1513 1109 1531 1142 ι
1589 1089 1858 1156 Quoniam
1901 1106 2030 1145 vero
2069 1089 2250 1145 anima
2302 1087 2625 1142 immortalis

1057 1194 1164 1250 est,
1213 1184 1570 1239 exterminari
1609 1184 1959 1253 intelligitur,
1992 1197 2116 1237 cum
2150 1183 2396 1252 privatur
2441 1180 2622 1241 bonis.

1059 1293 1202 1345 qum,
1231 1277 1275 1330 si
1302 1286 1448 1330 recte
1464 1277 1688 1346 egisset,
1707 1284 2078 1330 consecutura
2101 1282 2240 1330 erat.
2266 1273 2407 1327 «Vos
2433 1272 2619 1328 estis.»

1061 1371 1199 1436 Quia
1230 1379 1452 1439 propter
1496 1371 1851 1425 commissum
1885 1369 2096 1423 facinus
2123 1369 2177 1422 in
2205 1367 2484 1422 Christum
2530 1381 2628 1431 pu-

1057 1463 1241 1516 tabant
1275 1478 1333 1517 se
1387 1463 1594 1518 alienos
1619 1462 1793 1518 factos
1824 1478 1964 1527 esse,
1986 1477 2081 1516 seu
2119 1461 2346 1515 omnino
2369 1474 2397 1510 a
2425 1457 2626 1511 divinis

1057 1553 1521 1622 promissionibus
1554 1551 1850 1616 excidisse,
1886 1563 1938 1605 et
1970 1551 2167 1604 rationi
2195 1558 2626 1604 consentaneum

1058 1646 1206 1700 haud
1233 1661 1352 1700 esse
1400 1645 1580 1711 ipsum
1635 1661 1782 1699 nunc
1829 1644 2050 1713 quidem
2101 1643 2168 1697 ab
2223 1643 2332 1697 illis
2361 1641 2625 1710 crucifigi,

1060 1751 1210 1791 nunc
1239 1751 1368 1790 vero
1395 1737 1518 1790 illos
1541 1744 1801 1805 tanquam
1856 1735 2152 1789 familiares
2187 1751 2377 1789 curare
2398 1777 2411 1798 ,
2443 1744 2624 1788 osten-

1060 1830 1140 1883 dit
1161 1836 1456 1898 ulrumque
1473 1829 1773 1883 secundum
1791 1826 2131 1896 prophetiam
2151 1840 2337 1878 rerum
2355 1826 2496 1879 esset
2506 1824 2591 1889 i9.)
2612 1840 2625 1876 :

1061 1922 1127 1975 Et
1147 1923 1259 1992 jam
1280 1922 1432 1984 olim,
1461 1922 1652 1989 inquit,
1678 1920 1835 1974 vobis
1857 1920 2100 1974 debitum
2133 1925 2270 1980 erat,
2291 1928 2349 1971 ut
2372 1917 2424 1969 in
2451 1917 2627 1984 ipsum

1061 2013 1403 2068 crederetis:
1435 2030 1455 2064 ι
1484 2011 1594 2067 Vos
1643 2012 1788 2066 enim
1829 2011 1964 2066 estis
2020 2010 2112 2063 lilii
2147 2009 2537 2079 prophetarum
2577 2015 2631 2060 et

1063 2105 1404 2168 testamenti.
1429 2105 1574 2175 quod
1595 2105 1868 2174 disposuit
1900 2103 2039 2156 Deus
2058 2101 2124 2154 ad
2147 2108 2328 2170 patres
2353 2108 2622 2161 DOSU'OS,|

1060 2196 1166 2250 hoc
1195 2207 1298 2262 est,
1330 2195 1437 2250 Vos
1472 2197 1607 2250 estis
1632 2195 1874 2250 haeredes
1906 2194 2184 2255 omnium,
2228 2208 2348 2259 qua:
2380 2207 2631 2261 praenun—

1063 2290 1272 2341 tiarunt
1325 2289 1634 2358 prophetae;
1669 2295 1722 2341 et
1762 2291 2113 2356 pr0pter'vos
2163 2285 2347 2338 omnia
2394 2283 2631 2350 contige-

1063 2389 1214 2432 runt.
1247 2376 1316 2433 Ut
1367 2364 1548 2432 autem
1574 2378 1864 2433 crederent
1901 2379 1976 2432 ita
2010 2386 2064 2432 et
2090 2375 2201 2431 Deo
2233 2375 2426 2439 videri,
2449 2374 2631 2429 subdit

1064 2472 1226 2525 ctiam
1252 2471 1398 2526 aliud
1429 2472 1827 2534 testimonium,
1863 2472 2065 2524 docens
2087 2470 2141 2523 in
2164 2470 2385 2523 Christo
2417 2488 2435 2520 ‹
2464 2468 2630 2522 bene-

1064 2563 1326 2617 dicendas
1364 2578 1485 2617 esse
1512 2578 1705 2617 omnes
1736 2563 1974 2617 familias
2005 2572 2200 2616 terrae:
2236 2579 2253 2610 ι
2289 2569 2341 2614 et
2375 2575 2473 2612 vos
2512 2559 2634 2628 qui-

1064 2654 1188 2706 dem
1240 2653 1502 2720 primum,
1539 2652 1740 2722 inquit,
1799 2653 1893 2722 qui
1940 2652 2090 2706 cruci
2122 2667 2247 2706 eum
2287 2651 2552 2714 aflixistis,
2589 2652 2631 2704 si

1067 2751 1251 2798 tamen
1287 2745 1355 2798 ab
1385 2744 1769 2810 iniquitatibus
1794 2744 1994 2799 vestris
2033 2742 2456 2796 convertamini.

1386 2831 1545 2886 Feria
1571 2834 1604 2887 5
1629 2831 1982 2887 hebdomadze
2005 2830 2281 2886 secundae.

1065 2921 1144 2975 De
1168 2919 1519 2974 sollicitudine
1539 2921 1845 2989 pontiﬁcum
1874 2919 1936 2973 ob
1958 2921 2012 2973 id
2042 2920 2179 2985 quod
2201 2919 2402 2987 factum
2425 2927 2558 2982 erat,
2587 2927 2636 2971 et

1136 3012 1452 3080 dijudicatio
1481 3011 1545 3066 dc
1579 3013 1862 3078 miraculo,
1911 3011 2058 3070 Petri
2078 3014 2200 3066 item
2231 3011 2490 3072 confessio
2515 3013 2634 3064 vir-

1143 3105 1269 3162 tutis
1295 3115 1343 3157 et
1375 3107 1563 3174 gratia:
1597 3104 1818 3162 Christi.

1703 3284 2006 3342 TEXTUS.

1143 3371 1234 3436 IV,
1266 3373 1418 3426 t-lO.
1449 3372 1824 3443 Loquentibus
1872 3383 2052 3427 autem
2105 3373 2214 3427 illis
2263 3373 2330 3428 ad
2359 3375 2643 3443 populum,

1071 3473 1505 3534 supervenerunt
1558 3465 1871 3519 sacerdotes
1915 3471 1970 3518 et
1998 3463 2350 3533 magistratus
2379 3466 2561 3534 templi
2593 3473 2648 3520 et

1074 3555 1379 3620 Sadducael,
1395 3557 1639 3612 dolentes
1658 3556 1802 3627 quod
1823 3557 2078 3612 docerent
2099 3557 2356 3627 populum
2373 3564 2427 3610 et
2444 3572 2652 3611 annun-

1075 3653 1274 3709 tiarent
1299 3648 1490 3706 inJesu
1521 3651 2052 3707 resurrectionemex
2079 3650 2331 3703 mortuis.
2358 3647 2422 3703 Et
2443 3649 2648 3718 injece-

1078 3753 1204 3798 runt
1237 3744 1294 3796 in
1319 3757 1413 3797 eos
1443 3757 1659 3806 manus,
1679 3751 1733 3797 et
1755 3749 2054 3812 posuerunt
2073 3755 2169 3796 eos
2197 3742 2252 3796 ln
2268 3742 2572 3796 custodiam
2592 3742 2646 3794 in

1077 3837 1543 3896 craStinum;erat
1571 3835 1717 3889 enim
1741 3835 1854 3902 jam
1881 3850 2128 3904 vespera.
2158 3834 2309 3888 Multi
2338 3842 2520 3889 autem
2555 3847 2648 3886 eo-

1079 3940 1198 3977 rum
1224 3926 1314 3993 qui
1344 3923 1886 3985 audierantverbum,
1909 3923 2349 3987 crediderunt,et
2371 3921 2547 3976 factus
2566 3930 2647 3975 est

1079 4030 1345 4070 numerus
1379 4016 1621 4068 virorum
1664 4015 1908 4084 quinque
1938 4015 2133 4070 millia.
2169 4014 2396 4068 Factum
2433 4025 2517 4069 est
2554 4028 2649 4066 au-

1080 4117 1188 4163 tem
1225 4108 1277 4160 in
1301 4106 1627 4172 crastinum,
1661 4115 1719 4160 ut
1742 4115 2208 4177 congregarentur
2240 4105 2516 4175 principes
2550 4119 2645 4158 eo-

1081 4212 1206 4251 rum
1233 4204 1287 4249 et
1322 4197 1568 4251 seniores
1601 4207 1654 4250 et
1681 4195 1888 4251 Scriba:
1929 4196 1982 4250 in
2007 4194 2332 4251 Jerusalem.
2373 4195 2438 4248 Et
2462 4196 2648 4249 Annas

1083 4287 1336 4356 princeps
1384 4287 1750 4352 sacerdotum,
1780 4296 1834 4340 et
1883 4286 2142 4355 Caiphas,
2188 4294 2242 4340 et
2271 4283 2538 4349 Joannes,
2595 4293 2650 4337 et

1083 4379 1412 4443 Alexander,
1440 4387 1492 4432 et
1517 4387 1787 4448 quotquot
1803 4389 1960 4433 erant
1990 4378 2057 4433 de
2080 4394 2277 4448 genere
2299 4376 2646 4433 sacerdotali.

1085 4468 1153 4522 Et
1195 4476 1498 4524 statuentes
1531 4484 1626 4523 eos
1659 4469 1714 4522 in
1741 4469 1944 4535 medio,
1977 4468 2420 4538 interrogabant:
2453 4467 2510 4521 ln
2541 4482 2648 4534 qua

2671 3197 2720 3259 ο

2723 622 2846 689 τήρ.
2901 618 3101 671 Τοῦτον
3151 616 3425 686 ἐπιζητῶν
3480 615 3572 666 καὶ
3622 614 3807 678 Δασιδ,
3852 613 3987 680 πρδς
4031 612 4122 663 τὸν
4165 610 4301 660 Θεὸν

2723 711 2874 777 ἔλεγε
2892 751 2906 775 ,
2936 729 2953 760 ι
2981 710 3361 777 Κατάστησον,
3388 707 3580 774 Κύριε,
3605 705 3902 773 νομοθέτην
3932 704 4018 755 ἐπ’
4037 700 4255 762 αύτούς.
4273 719 4290 749 ι

2727 799 2862 857 Εἶτα
2885 801 3080 868 ἐπάγει
3106 801 3199 852 τὸν
3230 799 3450 870 ὄλεθρον
3480 797 3590 850 τῶν
3621 795 3920 866 μελλόντων
3949 793 4196 847 ἀπειθεῖν
4221 791 4298 860 τῷ

2725 894 2965 963 Χριστῷ,
2987 893 3193 960 λέγων·
3236 910 3254 942 ι
3299 892 3489 943 Ἔσται
3534 889 3612 954 δέ,
3663 890 3811 940 πᾶσα
3849 885 4016 954 ψυχὴ,
4052 885 4172 954 ἣτις
4199 886 4302 935 οὐκ

2725 985 2949 1042 ἀκούσει
2975 983 3071 1037 τοῦ
3106 983 3384 1052 προφήτου
3420 981 3652 1045 ἐκείνου,
3692 978 4201 1047 ἐξολεθρευθήσεται
4235 978 4302 1027 ἐκ

2723 1080 2818 1133 τοῦ
2848 1078 2978 1135 λαοῦ
3008 1077 3198 1147 αὐτῆς.
3239 1094 3258 1127 ι
3314 1075 3467 1127 Ἐπεὶ
3495 1073 3548 1126 δὲ
3583 1071 3850 1133 ἀθάνατός
3884 1071 4087 1137 ἐστινὴ
4126 1067 4298 1136 ψυχὴ,

2731 1171 3110 1238 ἐξολόθρευσιν
3159 1169 3328 1238 αὐτῆς
3373 1166 3622 1236 νοοῦμεν,
3665 1166 3728 1217 τὸ
3757 1165 3860 1230 ἔξω
3904 1163 4158 1231 γενέσθαι
4187 1160 4299 1212 τῶν

2725 1265 2970 1332 ἀγαθῶν,
3010 1258 3086 1316 ῶν
3113 1250 3348 1332 ήμελλεν
3377 1257 3670 1312 ἀπολαύειν
3704 1257 3751 1308 εἰ
3806 1253 3985 1317 καλῶς
4016 1249 4302 1303 ἐπολιτεύ-

2731 1371 2880 1409 σατο.
2922 1372 2939 1404 ι
2993 1353 3182 1420 Ὑμεῖς
3224 1353 3367 1404 ἐστε.
3399 1370 3418 1400 ι
3472 1345 3692 1417 Ἐπειδὴ
3735 1346 3822 1398 διὰ
3864 1343 3926 1396 τὸ
3959 1343 4213 1410 τόλμημα
4243 1340 4304 1392 τὸ

2729 1449 2806 1510 εἰς
2841 1445 3076 1516 Χριστὸν
3132 1441 3382 1511 ἐνόμιζον
3439 1440 3662 1502 ἑαυτοὺς
3721 1434 4140 1508 [ἠλλοτριῶσθαι
4191 1431 4302 1483 τῶν

2731 1534 3093 1604 ἐπαγγελιῶν,
3145 1535 3241 1586 καὶ
3293 1534 3391 1586 οὐκ
3440 1531 3553 1600 ἔχει
3609 1529 3787 1596 λόγον,
3842 1526 3939 1580 νῦν
3993 1526 4090 1595 μὲν
4137 1524 4304 1577 αὑτὸν

2730 1625 3154 1699 ἐσταυρῶσθαι],
3238 1624 3332 1678 νῦν
3382 1623 3438 1675 δὲ
3510 1623 3584 1682 ὠς
3657 1619 3891 1680 οἰκείους
3952 1615 4302 1686 θεραπεύειν,

2728 1722 3033 1784 δεικνὺςη,
3089 1719 3172 1770 ὅτι
3215 1716 3309 1769 καὶ
3358 1717 3536 1767 ἐκεῖνο
3587 1711 3731 1765 κατὰ
3786 1708 4158 1780 προφητείαν,
4210 1707 4307 1758 καὶ

2731 1815 2907 1878 τοῦτο,
2937 1813 3029 1864 καὶ
3080 1808 3426 1863 δτιἌνωθεν
3474 1807 3606 1876 ήμῖν
3646 1806 3691 1836 ¹²
3747 1802 4029 1869 ὠφείλετο,
4086 1799 4150 1850 τὸ
4208 1798 4307 1849 καὶ

2734 1907 2881 1976 ἡμᾶς
2900 1907 2945 1936 ³³
2978 1901 3267 1956 πιστεῦσαι
3316 1902 3398 1961 εἰς
3428 1899 3609 1952 αὐτόν.
3652 1896 3896 1964 (Ὑμεῖς
3919 1893 4026 1961 γάρ
4079 1893 4200 1942 ἐστε
4256 1891 4307 1941 οἱ

2735 1999 2841 2052 υἱοὶ
2869 1980 2976 2049 τῶν
3009 1995 3324 2065 προφητῶν,
3366 1992 3460 2044 καὶ
3510 1990 3609 2058 τῆς
3640 1988 3936 2056 Διαθήκης,
3981 1980 4047 2055 ἦς
4096 1982 4310 2036 διέθετο

2731 2089 2903 2152 ὁθεὸς
2931 2089 3066 2157 πρὸς
3095 2088 3220 2147 τοὺς
3237 2083 3480 2152 πατέρας
3509 2080 3683 2147 ὑμῶν,
3714 2095 3733 2128 ι
3755 2078 4053 2139 τουτέστιν,
4085 2073 4305 2141 Ὑμεῖς,

2733 2183 2854 2234 ἐστε
2907 2178 3235 2249 κληρονόμοι
3288 2175 3529 2233 πάντων,
3557 2165 3634 2223 ὧν
3665 2169 3878 2238 ἔφησαν
3919 2169 3970 2217 οἰ
4003 2165 4306 2234 προφῆται,

2734 2275 2826 2326 καὶ
2851 2272 2917 2324 δι’
2950 2272 3093 2340 ὑμᾶς
3125 2269 3303 2323 πάντα
3350 2265 3594 2333 γέγονεν.
3643 2262 3758 2313 Ἰνα
3804 2260 3860 2311 δὲ
3915 2256 4310 2317 πιστεύσωσιν,

2734 2369 2814 2419 ὃτι
2844 2365 2937 2417 καὶ
2966 2363 3044 2433 τῷ
3075 2361 3191 2432 Θεῷ
3222 2358 3377 2413 τοῦτο
3403 2356 3572 2417 δοκεῖ,
3599 2353 3796 2419 ἐπάγει
3821 2351 3914 2402 καὶ
3943 2349 4132 2418 ἑτέραν
4162 2364 4306 2414 μαρ-

2734 2455 2924 2526 τυρίαν
2951 2453 3332 2512 διδάσκουσαν,
3367 2451 3425 2501 ἐν
3455 2443 3676 2516 Χριστῷ
3711 2462 3729 2494 ι
3760 2439 4102 2507 εὐλογεῖσθαι
4125 2437 4312 2498 πάσας

2734 2548 2830 2609 τὰς
2852 2544 3088 2616 πατριὰς
3117 2544 3214 2613 τῆς
3237 2543 3362 2611 γῆς,
3401 2558 3419 2590 ι
3449 2538 3540 2591 καὶ
3567 2537 3713 2606 ὑμᾶς
3746 2532 3960 2605 πρῶτον
3987 2531 4114 2592 τοὺς
4147 2545 4310 2581 σταυ-

2738 2641 3040 2710 ρώσαντας,
3081 2656 3100 2688 ι
3134 2639 3191 2689 ἐν
3234 2634 3312 2703 τῷ
3370 2629 3740 2699 ἀποστρέφειν
3789 2627 4017 2679 ⁴¹ἑκαστον
4047 2622 4156 2677 ἀπὸ
4202 2621 4316 2673 τῶν

2738 2729 3014 2800 πονηριῶν
3046 2726 3223 2796 ὑμῶν.
3257 2744 3274 2776 ι

3031 2819 3111 2888 Τῇ
3142 2815 3188 2885 γ’
3221 2816 3321 2883 τῆς
3357 2816 3616 2887 δευτέρας
3664 2805 4010 2877 Ἐδδομάδοςο

2749 2918 2852 2969 Ἑν
2903 2907 2950 2980 ᾧ
3002 2912 3136 2977 περὶ
3191 2909 3552 2973 ἐπιστασίας
3615 2903 3734 2958 τῶν
3789 2901 4113 2968 ἀρχιερεων
4156 2890 4319 2957 ζήλῳ

2808 3005 2914 3058 τοῦ
2941 3003 3277 3073 γεγονότος,
3318 2999 3415 3054 καὶ
3458 2998 3656 3065 κρίσις
3692 2994 3802 3046 τοῦ
3838 2989 4158 3057 θαύματος,
4205 2983 4315 3036 Πέ-

2809 3114 2950 3163 τρου
3005 3110 3068 3145 τε
3116 3090 3403 3161 ὁμολογία
3434 3086 3543 3156 τῆς
3581 3082 3838 3153 Χριστοῦ
3894 3075 4207 3144 δυνάμεώς
4251 3090 4319 3126 τε

2820 3184 2916 3238 καὶ
2946 3180 3204 3251 χάριτος.

3344 3265 3732 3321 ΚΕΙΜΕΝΟΝ.

2822 3365 3141 3419 Λαλούντων
3177 3362 3234 3414 δὲ
3293 3358 3475 3414 αὐτῶν
3533 3357 3667 3427 πρὸς
3705 3354 3797 3407 τὸν
3835 3351 3962 3404 λαὸν
4007 3348 4328 3416 ἐπέστησαν

2748 3460 2930 3520 αὐτοῖς
2974 3456 3023 3508 οῖ
3059 3456 3246 3524 ἱερεῖς,
3270 3451 3364 3504 καὶ
3394 3453 3421 3502 ὁ
3453 3450 3756 3516 στρατηγὸς
3800 3444 3892 3496 τοῦ
3946 3439 4113 3511 ἱεροῦ,
4147 3440 4241 3491 καὶ
4275 3439 4327 3489 οῖ

2751 3550 3121 3613 Σαδδουκαῖοι,
3154 3543 3568 3611 διαπονούμενοι
3605 3539 3692 3591 διὰ
3730 3539 3791 3589 τὸ
3822 3536 4095 3589 διδάσκειν
4125 3530 4330 3590 αὐτοὺς

2748 3646 2838 3697 τὸν
2867 3641 3017 3704 λαὸν,
3065 3639 3156 3690 καὶ
3193 3633 3582 3702 καταγγέλλειν
3623 3633 3680 3684 ἐν
3723 3629 3802 3699 τῷ
3845 3625 4018 3695 Ἰησοῦ
4063 3623 4163 3693 τὴν
4194 3625 4334 3673 ἀνά-

2753 3753 2942 3788 σταπιν
2988 3733 3085 3801 τὴν
3133 3734 3196 3782 ἐκ
3247 3727 3478 3797 νεκρῶν.
3528 3725 3637 3777 Καὶ
3687 3720 3947 3774 ἐπέϐαλον
3988 3717 4172 3777 αὐτοῖς
4223 3713 4330 3774 τὰς

2751 3832 2960 3899 χεῖρας,
3002 3825 3094 3876 καὶ
3129 3822 3315 3874 ἔθεντο
3355 3819 3551 3879 αὐτοὺς
3595 3817 3674 3877 εἰς
3705 3816 3936 3882 τήρησιν
3982 3811 4061 3870 εἰς
4098 3807 4199 3874 τὴν
4229 3805 4333 3857 αῦ-

2753 3897 2864 3988 ριον
2886 3933 2897 3944 ·
2923 3911 2992 3984 ἦν
3019 3913 3124 3980 γὰρ
3155 3911 3364 3979 ἑσπέρα
3386 3907 3505 3978 ήδη.
3538 3903 3731 3958 Πολλοὶ
3758 3903 3813 3954 δὲ
3843 3901 3949 3952 τῶν
3972 3897 4332 3951 ἀκουσάντων

2749 3987 2841 4062 τὸν
2872 4008 3027 4073 λόγον
3058 4004 3404 4063 ἐπίστευσαν,
3455 3998 3546 4049 καὶ
3600 3993 3831 4063 ἐγενήθη
3871 3994 3898 4044 ὁ
3941 3990 4172 4057 ἀριθμὸς
4215 3987 4334 4038 τῶν

2753 4099 2963 4172 ἀνδρῶν
3015 4097 3145 4147 ὡσεὶ
3185 4091 3422 4172 χιλιάδες
3471 4088 3654 4140 πέντε.
3700 4085 3946 4152 Ἐγένετο
3993 4082 4048 4133 δὲ
4105 4079 4198 4130 ἐπὶ
4230 4077 4338 4148 τὴν

2751 4190 2941 4258 αῠριον
2972 4186 3302 4256 συναχθῆναι
3319 4169 3508 4234 ἀὐτῶν
3531 4180 3654 4239 τοὺς
3679 4179 3945 4245 ἄρχοντας
3973 4171 4064 4224 καὶ
4087 4169 4306 4239 πρεσδυ
4325 4201 4341 4208 -

2753 4285 2944 4353 τέρους
2974 4282 3055 4342 εἰς
3080 4275 3458 4348 Ἰερουσαλὴμ,
3486 4272 3578 4324 καὶ
3607 4270 3978 4338 Γραμματεῖς,
4011 4265 4102 4315 καὶ

2752 4350 2844 4427 τὸν
2878 4369 3160 4442 ἀρχιερέα,
3189 4367 3283 4419 καὶ
3317 4363 3602 4428 Καῗάφαν,
3641 4359 3733 4410 καὶ
3769 4355 4042 4418 Ἰωάννην,
4066 4350 4340 4442 καξἎλέ-

2758 4435 3008 4532 ξανδρον,
3040 4435 3138 4510 καὶ
3161 4457 3276 4508 ὅσοι
3303 4449 3444 4523 ἦσαν
3469 4453 3534 4503 ἐκ
3557 4449 3748 4517 γένους
3778 4435 4189 4514 ἀρχιερατικοῦ.
4221 4440 4342 4493 Καὶ

1087 4561 1312 4625 virtute,
1357 4572 1450 4613 aut
1480 4562 1532 4614 in
1565 4577 1674 4630 quo
1702 4561 1922 4615 nomine
1955 4560 2166 4615 fecistis
2192 4561 2294 4612 hoc
2323 4561 2461 4614 vos?
2497 4557 2653 4613 Tunc
2682 4532 2734 4592 D
2760 4557 2980 4623 στῆσαν

2451 4561 2461 4613 Ρ
2497 4531 2653 4613 Tunc
2682 4532 2734 4592 D
2760 4531 3056 4623 στήσαντες
3093 4547 3292 4607 αὐτοὺς
3339 4546 3396 4595 tv
3441 4542 3590 4612 μέσῳ
3638 4536 4029 4591 ἐπυνθάνοντο·
4070 4531 4158 4584 Ἐν
4207 4533 4344 4601 ποίᾳ

1086 4652 1328 4721 repletus
1363 4651 1570 4720 Spiritu
1607 4661 1800 4706 sancto
1839 4651 2036 4706 Petrus
2066 4651 2196 4705 dixit
2233 4651 2300 4705 ad
2324 4666 2419 4706 eos
2448 4667 2459 4700 :
2504 4651 2659 4704 Prin-

1085 4744 1237 4811 cipes
1262 4744 1441 4814 populi
1483 4753 1536 4797 et
1568 4745 1834 4807 seniores,
1871 4743 2074 4797 audite.
2117 4741 2173 4796 Si
2200 4759 2300 4796 nos
2327 4742 2485 4795 hodie
2511 4741 2657 4808 diju-

1090 4836 1338 4888 dicamur
1372 4837 1424 4888 in
1459 4835 1744 4889 benefacto
1781 4835 2020 4888 hominis
2052 4833 2253 4887 infirmi
2287 4874 2300 4898 ,
2329 4835 2383 4886 in
2425 4849 2532 4900 quo
2561 4834 2662 4885 iste

1091 4927 1278 4980 salvus
1315 4926 1492 4980 factus
1542 4935 1661 4987 est,
1718 4935 1906 4980 notum
1951 4925 2021 4978 sit
2067 4925 2322 4979 omnibus
2374 4925 2549 4982 vobis.
2611 4932 2665 4974 et

1088 5017 1235 5071 omni
1287 5017 1428 5086 plebi
1460 5018 1621 5086 210
1653 5019 1840 5080 Israel,
1903 5017 2030 5085 quia
2087 5017 2140 5068 in
2175 5016 2394 5070 nomine
2436 5014 2654 5066 Domini

1092 5108 1263 5163 nostri
1295 5106 1422 5162 Jesu
1459 5110 1659 5163 Christi
1701 5108 1968 5162 Nazareni
1996 5147 2009 5170 ,
2045 5123 2208 5177 quem
2241 5122 2340 5160 vos
2369 5105 2655 5158 crucifixi-

1092 5201 1210 5260 stis,
1237 5215 1398 5268 quem
1444 5201 1588 5254 Deus
1618 5201 1900 5255 suscitavit
1959 5215 1988 5252 a
2020 5199 2276 5262 mortuis,
2315 5198 2366 5250 in
2412 5197 2514 5250 hoc
2558 5198 2659 5248 istc

1093 5304 1234 5347 astat
1260 5307 1445 5347 coram
1478 5294 1636 5347 vobis
1666 5307 1855 5347 sanus.

1169 5493 1376 5548 “Psul.
1402 5509 1477 5556 Ix,
1508 5494 1598 5546 ει.

2754 4647 3001 4715 δυνάμει,
3037 4641 3070 4710 ἢ
3103 4642 3160 4692 ἐν
3187 4639 3327 4708 ποίῳ
3365 4638 3589 4703 ὀνόματι
3620 4631 3912 4699 ἐποιήσατε
3940 4626 4097 4678 τοῦτο
4136 4626 4342 4692 ύμεῖς;

2759 4713 2952 4790 Τότεό
2983 4732 3184 4801 Πέτρος
3212 4727 3472 4796 πλησθεὶς
3495 4723 3633 4776 “vati
3645 4739 3811 4793 ματος
3841 4720 3997 4787 ἁγίου
4039 4713 4158 4768 εἶπε
4197 4715 4344 4783 πρὶς

2761 4830 2986 4892 αὐτούς’
3024 4829 3315 4896 ’Ἄρχοντες
3363 4820 3454 4874 τοῦ
3501 4816 3651 4882 λαοῦ,
3703 4817 3796 4868 καὶ
3845 4813 4206 4882 πρεσϐύτεροι
4245 4809 4343 4861 τοῦ

2774 4921 3016 4992 Ἰσραὴλ,
3048 4920 3095 4969 εἰ
3137 4917 3299 4985 ἡμεῖς
3337 4914 3576 4980 σήμερον
3612 4906 4017 4992 ἀνακρινόμεθα
4047 4904 4138 4954 ἐπὶ
4181 4903 4346 4968 εὐερ-

2764 4991 2921 5082 γεσίᾳ
2950 5006 3241 5076 ἀνθρώπου
3285 5000 3565 5062 ἀσθενοῦς,
3617 4999 3674 5049 ἐν
3709 4998 3814 5048 τίνι
3847 4991 3998 5054 οὗτος
4034 4994 4343 5044 σέσωσταιο

2766 5080 3007 5170 γνωστὸν
3037 5097 3175 5148 ἔστω
3224 5093 3352 5160 ὑμῖν
3382 5090 3478 5143 καὶ
3512 5087 3675 5140 παντὶ
3710 5085 3788 5156 τῷ
3825 5082 3937 5152 λαῷ
3979 5080 4221 5150 Ἰσραὴλ,
4260 5081 4348 5132 ὃτι

2767 5195 2824 5243 ἐν
2857 5191 2933 5259 τῷ
2961 5189 3183 5255 ὀνόματι
3229 5182 3323 5234 τοῦ
3367 5177 3541 5248 Ἰησοῦ
3573 5175 3811 5246 Χριστοῦ
3850 5173 3942 5226 τοῦ
3985 5171 4345 5238 Ναζωραέου,

2765 5287 2822 5336 ὃν
2863 5283 3019 5351 ὑμεῖς
3049 5274 3455 5345 ἐσταυρώσατε,
3487 5271 3546 5323 ὃν
3579 5270 3710 5330 Θεὸς
3745 5269 3970 5337 ἤγειρεν
4009 5267 4073 5315 ἐκ
4105 5263 4344 5329 νεκρῶν,

2769 5377 2824 5425 ἐν
2860 5371 3031 5440 τούτῳ
3055 5361 3206 5429 οὗτος
3235 5363 3578 5433 παρέστηκεν
3606 5359 3838 5411 ἐνώπιον
3868 5355 4020 5423 ὑμῶν
4051 5354 4233 5419 ὑγιής.

2279 5575 2476 5636 Varia:
2524 5575 2834 5638 lectiones
2880 5580 2940 5630 et
2985 5580 3170 5631 notae.

1165 5690 1206 5722 “
1236 5689 1525 5741 δείκνυσιν.
1611 5688 1654 5716 ⁸⁵
1689 5686 1773 5737 ἵσ.
1831 5683 1977 5750 ὑμῖν.
2055 5679 2217 5732 "10'.
2261 5677 2424 5746 ὑμᾶς.

1167 5803 1281 5870 (12)
1323 5803 1524 5854 Lucum
1588 5801 1750 5854 hunc,
1813 5806 1868 5849 ut
1931 5796 2164 5860 videtur,
2211 5801 2536 5861 corruptum
2588 5801 2639 5843 et
2709 5795 2985 5860 mutilum,
3058 5811 3118 5849 ex
3196 5793 3383 5850 codice
3451 5787 3762 5844 Florentino
3817 5791 4095 5851 utcunque
4161 5797 4348 5835 cmen-

1101 5874 1230 5927 dat'c
1264 5884 1312 5928 ct
1356 5875 1560 5926 sancire
1595 5880 1823 5924 conatus
1851 5881 1988 5921 sum.
