4794 6454
507 372 622 437 885

1121 480 1520 538 ἘΡΜΗΝΕΙΑ.

587 571 767 625 Πάλιν
788 572 1139 640 δικαστηρίου
1169 573 1410 642 σχήματι
1436 574 1498 625 τὸ
1527 575 1760 642 πρᾶγμα
1796 572 1908 643 (13)
1940 589 2098 644 περι-

508 663 791 726 τιθέασιν,
823 663 909 716 τνα
947 663 1279 726 ὑπευθύνους
1303 665 1500 727 αὐτοὺς
1530 668 1596 736 τῇ
1623 665 1794 736 ἀδίκῳ
1828 668 2102 737 καταστή-

515 771 658 807 σωσι
692 755 897 825 κρίσει.
969 755 1246 825 Ἐνόμιζον
1289 759 1418 826 γὰρ,
1467 759 1556 812 διὰ
1598 759 1660 811 τὸ
1691 759 1893 830 πλῆθος
1927 760 2100 830 φοϐη-

515 846 719 909 θέντας
763 847 982 911 αὐτοὺς,
1019 847 1278 918 ἐξάρνους
1319 850 1597 916 γενέσθαι,
1635 853 1730 905 καὶ
1767 851 1830 905 τὺ
1870 855 1980 906 πᾶν
2010 853 2100 906 διὰ

511 939 684 991 τοῦτο
715 939 1126 1007 προσδοκῶντες
1158 942 1604 1012 κατωρθωκέναι.
1654 943 1719 994 Τί
1765 939 1859 997 οὖν
1897 962 2096 1013 φασινς

522 1049 542 1079 ε
598 1030 694 1082 Ἐν
733 1032 872 1101 ποίῳ
923 1033 1147 1101 ὀνόματι
1188 1034 1478 1104 ἐποιήσατε
1507 1034 1666 1087 τοῦτο
1709 1036 1901 1105 ὐμεῖς;
1939 1057 1958 1088 ι
1990 1037 2100 1092 Καὶ

511 1122 578 1172 οὐ
611 1121 834 1189 λέγουσι
875 1127 1047 1188 ποῖον,
1076 1124 1212 1178 ἀλλὰ
1260 1126 1625 1193 ἑνσκιάζουσι,
1661 1130 1735 1199 μὴ
1784 1127 2098 1198 βουλόμενοι

513 1213 682 1266 τοῦτο
738 1217 934 1283 εἰπεῖν,
985 1219 1188 1289 καίπερ
1235 1219 1456 1284 ειδότες,
1503 1221 1592 1275 διὰ
1634 1222 1730 1276 τὸν
1771 1223 1915 1277 λαόν.
1965 1226 2097 1278 Τότε

515 1305 734 1374 Πέτρος
794 1308 1055 1376 μνησθεὶς
1106 1311 1215 1364 τῶν
1246 1310 1341 1364 τοῦ
1382 1312 1590 1382 Κυρίου
1632 1313 1805 1381 λόγων
1858 1309 1934 1370 ὧν
1963 1319 2098 1384 πρὸς

513 1395 724 1458 αὐτοὺς
754 1398 992 1450 ἐποιεῖτο
1045 1399 1258 1468 λέγων’
1327 1419 1347 1453 ι
1385 1402 1555 1457 Ὀταν
1597 1403 1652 1456 δὲ
1706 1404 1912 1471 ἄγωσιν
1952 1406 2098 1475 ὐμᾶς

515 1490 603 1549 εἰς
626 1488 729 1551 τὰς
758 1490 1114 1560 Συναγωγὰς,
1154 1492 1228 1564 μὴ
1270 1496 1646 1566 μεριμνήσητε
1672 1497 1808 1560 πῶς,
1849 1498 1884 1567 ἢ
1912 1499 1965 1552 τί
1998 1497 2095 1551 λα-

515 1581 722 1648 λήσετε
748 1599 762 1612 ·
800 1583 859 1634 τὸ
897 1584 1010 1654 γὰρ
1064 1586 1288 1655 Πνεῦμα
1327 1587 1422 1641 τοῦ
1459 1589 1670 1659 Πατρδς
1705 1590 1860 1658 ὑμῶν
1893 1593 2010 1644 ἐστι
2038 1595 2099 1644 τὸ

513 1672 721 1726 λαλοῦν
790 1675 847 1727 ὲν
915 1678 1079 1747 ὑμῖν
1149 1697 1168 1732 ι
1236 1680 1497 1750 πλησθεὶς
1560 1683 1878 1752 Πνεῦματος
1940 1685 2096 1752 ἁγίου

513 1761 643 1818 εἶπε
696 1768 830 1837 πρὸς
867 1770 1105 1833 αὐτούς·
1151 1772 1401 1827 Μάλιστα
1450 1775 1547 1844 μὲν
1597 1776 1765 1845 ἐχρῆν
1798 1777 2095 1844 στεφανοῦ-

516 1855 650 1908 σθαι
679 1858 710 1924 ή
722 1860 828 1926 μᾶς
855 1861 947 1912 ἐπὶ
976 1861 1205 1927 τούτοις,
1242 1865 1337 1916 καὶ
1367 1863 1442 1926 ὡς
1473 1866 1765 1934 εὐεργέτας
1786 1868 2094 1937 ἀνακηρύτ-

514 1946 733 1998 τεσθαι.
787 1946 940 2002 Ἐπεὶ
973 1950 1026 2002 δὲ
1051 1953 1144 2004 καὶ
1177 1970 1195 2004 ι
1229 1955 1530 2023 κρινόμεθα
1568 1955 1656 2009 ἐπ’
1684 1957 1974 2030 εὐεργεσίᾳ
2004 1964 2097 2013 ἀν-

511 2035 744 2103 θρώπου
771 2039 1052 2104 ἀσθενοῦς,
1089 2059 1107 2091 ι
1142 2043 1196 2095 τί
1233 2044 1314 2096 δεῖ
1346 2050 1551 2112 ποιεϊν;
1594 2047 1690 2100 νῦν
1728 2051 1922 2120 καιρός
1951 2053 2096 2106 ἐστιν

512 2127 928 2198 ἀνακηρύττειν
957 2133 1047 2186 τὸν
1076 2135 1406 2206 Εὐεργέτην.

1107 2225 1494 2280 ΚΕΙΜΕΝΟΝ.

586 2304 766 2373 Οὗτός
790 2313 939 2365 ἐστιν
967 2318 996 2368 ὁ
1027 2315 1172 2379 λίθος
1199 2321 1228 2371 ό
1269 2317 1648 2384 ὲξουδενωθεὶς
1679 2324 1770 2392 ὐφ’
1806 2326 1958 2396 ὐμῶν
1983 2329 2095 2382 τῶν

512 2399 972 2471 οἰκοδομοῦντων,
1029 2407 1058 2458 ὁ
1104 2409 1396 2480 γενόμενος
1448 2414 1530 2476 είς
1571 2415 1812 2485 κεφαλὴν
1857 2419 2090 2484 γωνίας·

519 2493 618 2543 καί
652 2495 754 2546 οὐκ
785 2497 936 2549 ἐστιν
983 2501 1040 2552 ἐν
1092 2499 1238 2571 ἄλλῳ
1282 2503 1457 2557 οὐδενὶ
1506 2509 1769 2577 σωτηρία.
1818 2510 1955 2564 Οῦτε
1987 2515 2096 2584 γὰρ

512 2582 693 2652 δνομά
719 2587 869 2640 ἐστιν
901 2589 1088 2661 ἕτερον
1113 2593 1175 2646 τὸ
1201 2593 1486 2665 δεδομένον
1515 2600 1573 2651 ὲν
1610 2601 1939 2671 ἀνθρώποις,
1965 2606 2022 2656 έν

513 2673 599 2727 δεῖ
624 2678 866 2750 σωθῆναι
897 2684 1061 2752 ἡμᾶς.

1121 2782 1511 2838 ΕΡΜΗΝΕΙΔ.

601 2865 1041 2941 ’Δναμιμνήσκει
1082 2873 1282 2937 αὐτοὺς
1329 2877 1572 2946 ῥήματος
1619 2879 1805 2934 ἱκανοῦ
1851 2884 2094 2953 φοϐῆσαι

515 2957 742 3021 αὐτούς.
785 2979 806 3012 ι
858 2964 968 3016 Καὶ
1013 2967 1041 3017 6
1081 2968 1263 3019 πεσὼν
1292 2969 1420 3040 γὰρ,
1461 2973 1647 3042 φησὶν,
1693 2975 1787 3027 ἐπὶ
1819 2976 1912 3030 τὸν
1948 2979 2094 3031 λίθον

511 3048 730 3116 τοῦτον,
763 3051 1256 3124 συνθλασθήσεται·
1289 3061 1374 3129 ἐφ’
1402 3061 1463 3115 δν
1487 3062 1532 3115 δ’
1556 3062 1625 3116 ἂν
1651 3066 1813 3137 πέσῃ,
1837 3067 2094 3138 λικμήσει

1206 372 1741 435 EXPOSITIONIS
1773 373 1853 434 IN
1895 373 2084 433 ACTA
2116 374 2416 440 TEXTUS
2463 381 2733 442 ALTER.
2757 408 2824 418 —
2847 385 3002 444 CAP.
3048 385 3147 445 IV.

2123 483 2175 540 Α

2686 490 3256 566 COMMENTARIUS.

2271 566 2474 634 Judicii
2510 579 2742 636 formam
2769 584 2989 653 negotio
3022 584 3112 638 isti
3141 594 3444 656 apponunt,
3471 595 3528 640 ut
3561 589 3769 658 injusto

2199 688 2298 729 eos
2376 673 2588 743 judicio
2656 675 2922 730 obnoxios
2985 674 3206 733 faciant.
3255 675 3559 747 Sperahant
3625 682 3772 736 enim

2203 767 2486 836 apostolos
2548 767 2900 823 multitudine
2948 769 3173 824 territos
3212 770 3413 826 factum
3457 780 3772 843 negaturos,

2204 859 2392 927 sicque
2441 873 2562 913 sese
2608 873 2722 912 rem
2779 875 2995 915 omnem
3023 861 3414 918 emendaturos
3453 863 3588 919 fore.
3627 865 3772 931 Quid

2204 951 2369 1018 igitur
2391 951 2645 1020 inquiunt
2667 953 2690 1006 ?
2714 971 2732 1004 ι
2756 952 2813 1008 In
2838 969 2947 1022 quo
2974 956 3198 1010 nomine
3230 954 3441 1012 fecistis
3464 960 3565 1012 hoc
3596 960 3729 1014 vos?
3747 980 3766 1010 ι

2203 1039 2412 1112 Neque,
2465 1059 2571 1111 qua
2602 1045 2669 1098 de
2717 1059 2776 1099 re
2825 1045 3138 1114 loquantur,
3171 1047 3519 1116 exprimunt;
3550 1051 3642 1104 sed
3679 1067 3776 1105 oc-

2203 1138 2413 1191 cultant
2469 1140 2615 1206 quod
2651 1141 2848 1204 nolint,
2910 1156 3225 1210 quanquam
3273 1143 3325 1197 id
3368 1144 3537 1213 probe
3574 1147 3773 1214 sciant,

2200 1228 2404 1294 dicere,
2428 1238 2654 1299 propter
2685 1232 2964 1301 populum.
2985 1233 3142 1287 Tunc
3168 1236 3385 1301 Petrus,
3419 1250 3631 1291 meumr
3652 1253 3770 1292 ver-

2202 1310 2394 1376 borum
2443 1321 2726 1391 quaeipsis
2750 1324 2890 1378 dixit
2925 1324 3222 1391 Dominus,
3254 1343 3449 1398 nempe
3473 1329 3558 1384 “z
3592 1349 3610 1382 ι
3639 1331 3774 1385 Cum

2200 1414 2419 1468 tradent
2438 1421 2538 1468 Vos
2568 1415 2623 1468 in
2648 1418 2963 1487 synagogis,
2989 1419 3160 1473 nolite
3181 1420 3445 1490 cogitare,
3472 1423 3771 1491 quomodo.

2201 1514 2295 1560 aut
2330 1506 2462 1576 quid
2503 1508 2882 1576 loquamini...
2933 1509 3173 1580 Spiritus
3201 1512 3348 1566 enim
3388 1512 3568 1569 Patris
3608 1519 3772 1570 vestri

2198 1606 2286 1652 est
2307 1597 2398 1668 qui
2426 1598 2668 1667 loquitur
2716 1601 2769 1654 in
2816 1600 2995 1666 vobis,
3019 1620 3038 1652 ι
3068 1611 3232 1673 atque
3279 1605 3519 1674 repletus
3554 1606 3764 1674 Spiritu

2200 1701 2390 1745 sancto
2434 1690 2573 1744 dixit
2602 1693 2669 1745 ad
2712 1707 2808 1748 eos
2839 1711 2852 1747 :
2881 1691 3180 1749 Maximum
3243 1698 3432 1765 utique
3462 1698 3626 1754 hodie
3664 1714 3765 1754 nos

2200 1782 2481 1850 praemium
2509 1783 2737 1848 referre,
2770 1785 2839 1838 ob
2860 1800 2924 1840 ea
2951 1801 3072 1856 qua:
3103 1786 3366 1852 fecimus,
3401 1804 3465 1844 ac
3503 1797 3766 1861 tanquam

2200 1875 2576 1931 benefactores
2610 1877 2920 1947 praedicari.
2972 1877 3223 1936 decebat.
3283 1881 3555 1948 Quoniam
3593 1895 3772 1939 autem

2203 1983 2223 2016 ι
2254 1964 2624 2035 dijudicamur
2655 1970 2711 2023 in
2743 1968 3029 2026 benefacto
3060 1972 3297 2030 hominis
3328 1973 3554 2041 infirmi,
3598 1995 3618 2029 ι
3643 1977 3774 2046 quid

2198 2063 2416 2124 oportet
2459 2056 2684 2112 facere?
2710 2073 2859 2114 nunc
2892 2070 3110 2131 tempus
3147 2073 3519 2134 opportunum
3552 2074 3640 2123 est
3674 2068 3774 2124 de-

2199 2149 2486 2205 nuntiandi
2524 2149 2958 2208 Benefactorem.

2832 2241 3139 2299 TEXTUS.

2269 2332 2361 2395 IV,
2399 2333 2488 2397 ll,
2526 2333 2615 2386 12.
2651 2332 2748 2387 Hic
2772 2342 2855 2388 est
2894 2334 3034 2403 lapis
3063 2375 3077 2397 ,
3113 2336 3203 2405 qui
3245 2337 3570 2406 reprobatus
3618 2349 3700 2393 est
3742 2356 3775 2395 a

2197 2425 2353 2480 vobis
2403 2424 2822 2489 aedificantibus,
2853 2426 2945 2496 qui
2972 2421 3149 2482 factus
3173 2434 3259 2482 est
3290 2427 3344 2482 in
3365 2437 3531 2498 caput
3559 2429 3767 2499 anguli.

2199 2515 2264 2568 Et
2296 2531 2404 2571 non
2458 2518 2622 2572 estin
2653 2517 2839 2588 aliquo
2887 2518 2996 2573 alio
3055 2519 3228 2575 salus.
3263 2517 3375 2574 Nec
3429 2521 3576 2576 enim
3626 2522 3773 2576 aliud

2197 2622 2394 2662 nomen
2455 2616 2538 2663 est
2593 2609 2700 2663 sub
2741 2610 2881 2664 cmlo
2937 2609 3124 2664 datum
3191 2609 3530 2678 hominibus,
3575 2611 3630 2666 in
3659 2627 3770 2683 quo

2195 2707 2443 2769 oporteat
2490 2717 2591 2758 nos
2626 2703 2810 2757 salvos
2831 2702 2968 2756 fieri.

2691 2790 3266 2849 COMMENTARIUS.

2266 2880 2324 2934 In
2351 2882 2668 2937 memoriam
2705 2891 2928 2938 revocat
2949 2882 3160 2938 dictum
3192 2885 3327 2938 illud
3359 2884 3504 2955 quod
3539 2900 3636 2941 eos
3665 2895 3774 2940 ter-

2196 2987 2320 3027 rere
2357 2973 2503 3043 juste
2532 2982 2750 3044 poterat
2781 2992 2796 3029 :
2827 2993 2846 3027 ι
2879 2973 2943 3030 Ει
2982 2976 3077 3047 qui
3134 2976 3399 3032 ceciderit
3435 2991 3604 3048 super
3633 2977 3774 3046 lapi-

2196 3063 2318 3119 dem
2342 3065 2510 3120 istum
2542 3067 2922 3137 confringetur
2955 3084 2970 3121 :
3007 3083 3176 3138 super
3209 3083 3376 3140 quem
3405 3084 3536 3125 vero
3559 3070 3773 3126 cecide-

515 3139 706 3195 αὐτόν.
745 3161 765 3194 ›
822 3145 1130 3212 Τουτέστιν,
1171 3151 1250 3203 ὅτι
1277 3152 1490 3223 Σφόδρα
1539 3155 1764 3226 δόκιμος
1805 3160 1942 3222 ἐστι,
1991 3162 2095 3214 κᾶν
2122 3151 2167 3211 C
2203 3159 2294 3223 rit,
2317 3173 2408 3214 cor

1876 3178 1942 3222 τι,
1991 3162 2095 3214 κᾶν
2122 3151 2167 3211 ο
2203 3159 2294 3223 rit,
2317 3168 2567 3215 conteret
2592 3161 2802 3216 eum”.
2829 3179 2850 3213 ι
2874 3163 2993 3216 Ηοε
3026 3170 3134 3226 est,
3165 3161 3323 3216 valde
3363 3162 3626 3232 probatus
3666 3174 3769 3227 est,

514 3232 679 3298 ὑμεῖς
725 3233 926 3289 δοκεῖτε
965 3239 1055 3306 ὐφ’
1102 3241 1258 3308 ὑμῶν
1297 3244 1694 3308 έξουθενεῖσθαι
1719 3266 1732 3278 ⁸
1771 3249 2095 3323 βουλόμενος

519 3327 616 3376 καὶ
647 3326 884 3396 φοϐῆσαι
934 3333 1148 3398 αὐτοὺς,
1184 3334 1270 3389 ἵνα
1314 3337 1417 3390 κᾶν
1460 3339 1632 3404 οὕτως
1667 3342 1954 3416 ἀναγκάσῃ
1994 3346 2094 3399 αὐ-

517 3433 644 3480 τους
668 3436 975 3476 πιστευσαι.

1119 3518 1371 3577 ΚΕΦΑΛ.
1415 3525 1494 3580 E'.

949 3608 1027 3678 Τῇ
1061 3610 1103 3662 δ’
1129 3611 1231 3682 τῆς
1263 3613 1310 3682 β’
1341 3615 1638 3687 ἑϐδομάδος

518 3692 660 3761 Περὶ
694 3695 816 3748 τῶν
852 3699 1172 3768 ἀρχιερέων
1211 3704 1753 3784 [προσταττόντων]
1781 3714 1862 3780 ὡς
1894 3716 1967 3769 οὐ
2005 3715 2102 3770 δεῖ

585 3789 1097 3856 πῴρησιάζεσθαι
1143 3796 1244 3850 ἐπὶ
1275 3797 1358 3864 τῷ
1387 3801 1634 3870 ὀνόματι
1663 3804 1771 3860 τοῦ
1794 3809 2053 3876 Χριστοῦ
2073 3828 2090 3846 ο

587 3879 689 3932 καὶ
714 3880 979 3949 ἀνέσεως
1013 3885 1133 3939 τῶν
1161 3888 1541 3947 ἀποστόλων.

1113 3977 1498 4036 ΚΕΙΜΕΝΟΝ.

591 4062 944 4132 Θεωροῦντες
975 4066 1032 4120 δὲ
1084 4069 1184 4138 τὴν
1217 4070 1312 4123 τοῦ
1369 4074 1574 4146 Πέτρου
1625 4081 1959 4150 παρρησίαν,
1998 4085 2092 4136 καὶ

530 4152 810 4218 Ἰωάννου,
844 4158 935 4207 καὶ
963 4157 1394 4230 καταλαϐόμενοι
1431 4165 1512 4218 ὅτι
1543 4167 1823 4235 ἄνθρωποι
1870 4173 2092 4244 ἀγράμ-

524 4246 689 4312 ματοί
716 4247 822 4298 είσι
861 4249 952 4300 καὶ
996 4249 1226 4313 ἰδιῶται,
1259 4253 1569 4325 ἐθαύμαζον
1593 4276 1604 4286 ·
1639 4263 2008 4330 ἐπεγίνωσκόν
2032 4285 2091 4321 τε

523 4339 747 4402 αὐτοὺς,
773 4339 853 4391 ὅτι
890 4342 986 4394 σὺν
1016 4343 1092 4408 τῷ
1124 4343 1300 4413 Ἰησοῦ
1349 4344 1513 4416 ἦσαν.
1556 4353 1659 4404 Τόν
1710 4372 1767 4407 τε
1803 4358 2091 4428 ἄνθρωπον

2197 3265 2514 3321 quanquam
2554 3267 2584 3306 a
2623 3253 2776 3308 vobis
2819 3254 3101 3324 reprobari
3153 3255 3425 3309 videatur.
3461 3253 3585 3310 Vult
3623 3256 3773 3311 scili-

2196 3351 2285 3396 cet
2313 3355 2410 3397 eos
2448 3343 2905 3412 perterrefacere,
2936 3353 2998 3398 ut
3033 3344 3122 3400 vel
3149 3345 3230 3400 sic
3263 3345 3332 3400 ad
3371 3343 3529 3400 fidem
3569 3346 3766 3416 ample-

2197 3435 2452 3491 ctendam
2491 3437 2872 3506 compelleret.

2710 3527 2878 3596 211
2913 3526 3144 3583 CAPUT
3168 3527 3232 3582 v.

2440 3618 2598 3672 Feria
2629 3630 2826 3687 quarta
2861 3618 3216 3674 hebdomadac
3239 3621 3521 3676 secundm.

2199 3714 2274 3767 De
2306 3712 2626 3783 pontiﬁcum
2657 3711 2885 3773 decreto,
2916 3726 2980 3764 ne
3033 3711 3280 3780 cuiquam
3335 3710 3517 3765 liceret
3565 3712 3632 3766 de
3681 3731 3747 3768 no

2268 3807 2413 3860 mine
2445 3803 2576 3859 Iesu
2610 3803 2789 3870 palam
2825 3802 2968 3872 loqui
2998 3817 3018 3856 :
3043 3812 3092 3858 et
3122 3801 3188 3857 de
3224 3802 3534 3860 (liminium
3565 3815 3772 3873 aperto

2269 3901 2440 3952 lorum
2451 3937 2465 3950 .

2847 3987 3148 4046 TEKTUS.

2266 4080 2361 4148 IV,
2385 4081 2578 4136 13-22.
2611 4080 2875 4136 Videntes
2923 4089 3105 4136 autem
3159 4083 3303 4138 Petri
3333 4085 3697 4140 constantiam
3724 4099 3770 4139 ct

2192 4175 2451 4241 Joannis,
2478 4183 2759 4245 comperto
2783 4174 2926 4245 quod
2953 4175 3219 4236 homines.
3234 4187 3417 4232 essent
3437 4178 3556 4232 sine
3579 4179 3775 4234 litteris

2194 4277 2249 4322 et
2281 4267 2486 4331 idiota,
2514 4266 2931 4321 admirabantur
2955 4275 3010 4321 et
3055 4269 3461 4336 cognoscebant
3493 4285 3607 4334 eos,
3640 4286 3775 4340 quo-

2194 4359 2344 4412 niam
2385 4372 2511 4412 cum
2543 4357 2674 4414 JeSu
2700 4357 2942 4413 fuerant.
2970 4358 3256 4413 Hominem
3286 4375 3506 4430 quoque
3525 4361 3773 4417 videntes

519 4429 815 4498 βλέποντες
844 4433 939 4485 σὺν
988 4434 1172 4499 αὐτοῖς
1218 4438 1427 4492 ἑστῶτα
1474 4443 1567 4494 τὸν
1597 4445 2087 4521 τεθεραπευμένον,
2123 4482 2169 4538 D
2203 4459 2412 4505 stanleu

560 4522 634 4538 ιθὶ
734 4518 756 4538 Ο
921 4525 934 4538 ο
1136 4531 1157 4538 ..
1234 4531 1275 4538 --
1315 4532 1328 4538 -
1394 4533 1404 4538 -

1883 4453 2087 4521 )μένον,
2123 4482 2169 4538 D
2203 4459 2437 4505 stantem
2469 4463 2594 4506 cum
2623 4449 2704 4504 eis
2749 4450 2842 4518 qui
2874 4460 3100 4504 curatus
3131 4429 3333 4516 fuerat,
3359 4429 3494 4506 nihil
3523 4461 3776 4523 poteram.

518 4522 675 4574 οὐδὲν
707 4518 852 4591 εἶχον
910 4525 1205 4583 ἀντειπεῖν.
1232 4531 1607 4599 Κελεύσαντες
1655 4539 1711 4591 δὲ
1755 4518 1954 4606 αὐτοῦς
1989 4545 2093 4610 ἔξω
2125 4518 2169 4538 υ
2201 4551 2411 4597 contrat

1878 4518 1954 4606 ιυς
1989 4545 2093 4610 ἔξω
2125 4518 2169 4538 υ
2201 4542 2605 4597 contradicere.
2668 4540 2964 4596 Iusserunt
3023 4550 3204 4595 autem
3267 4557 3363 4597 eos
3418 4543 3568 4598 foras
3623 4555 3771 4599 extra

521 4612 618 4664 τοῦ
655 4614 932 4683 συνεδρίου
969 4617 1247 4686 ἀπελθεῖν,
1296 4623 1585 4678 συνέϐαλον
1633 4629 1769 4699 πρὸς
1807 4632 2094 4703 ἀλλήλους,

520 4702 815 4770 λέγοντες·
865 4707 930 4759 Τί
976 4711 1280 4779 ποιήσομεν
1337 4717 1449 4778 τοῖς
1507 4718 1812 4790 ἀνθρώποις
1849 4702 2092 4795 τούτοις;

521 4797 652 4848 Ὀτι
691 4798 794 4866 μὲν
827 4802 1069 4864 γνωστὸν
1112 4809 1336 4874 σημεῖον
1372 4808 1560 4876 γέγονε
1613 4813 1682 4866 δι’
1727 4816 1924 4880 αὐτῶν,
1961 4825 2095 4875 πᾶσι

519 4891 637 4952 τοῖς
666 4891 1018 4946 κατοικοῦσιν
1054 4895 1367 4969 Ἱερουσαλὴ
1378 4917 1415 4969 μ
1438 4905 1692 4974 φανερὸν,
1726 4910 1820 4960 καὶ
1848 4911 1907 4962 οὐ
1937 4912 2096 4968 δυνά-

520 4979 675 5047 μεθα
710 4981 1070 5049 ἀρνήσασθαι.
1119 4987 1259 5040 Ἀλλ’
1295 4990 1383 5044 ἴνα
1424 4995 1500 5064 μὴ
1551 4996 1642 5048 ἐπὶ
1693 5000 1878 5054 πλεῖον
1921 5003 2097 5059 διανεο

526 5070 677 5140 μηθῇ
727 5075 806 5165 εἰς
854 5074 946 5126 τὸν
973 5074 1121 5140 λαὸν,
1166 5080 1363 5154 ἀπειλῇ
1415 5086 1843 5160 ἀπειλησώμεθα
1892 5096 2095 5165 αὐτοῖς,

526 5163 733 5230 μηκέτι
770 5163 954 5219 λαλεῖν
979 5169 1073 5221 ἐπὶ
1098 5171 1174 5241 τῷ
1205 5173 1432 5243 ὀνόματι
1467 5179 1643 5251 τούτῳ
1675 5184 1861 5252 μηδενὶ
1882 5163 2097 5260 ἀνθρὼέ

523 5271 665 5306 ττων.
697 5256 807 5308 Καὶ
858 5258 1189 5326 καλέσαντες
1222 5265 1445 5333 αὐτοὺς,
1491 5274 1868 5341 παρήγγειλαν
1913 5256 2097 5344 αὐτοῖς

523 5347 586 5397 τὸ
628 5346 860 5402 καθόλου
904 5351 979 5422 wh
1011 5353 1366 5424 φθέγγεσθαι,
1401 5362 1535 5430 μηδὲ
1576 5363 1846 5422 διδάσκειν
1890 5371 1982 5424 ἐπὶ
2022 5375 2099 5444 τῷ

596 5488 644 5519 ³⁸
664 5487 854 5546 Matth.
881 5508 936 5555 ι.
961 5493 1145 5560 18,19.
1222 5499 1267 5532 ³⁷
1291 5501 1488 5557 Matth.
1531 5520 1643 5569 ut,
1675 5509 1763 5562 44.

2196 4632 2497 4688 concilium
2552 4632 2856 4688 secedere:
2891 4639 2946 4686 ct
2999 4631 3355 4688 conferebant
3396 4633 3461 4687 ad
3520 4635 3771 4698 invicem,

2202 4727 2482 4781 dicentes:
2514 4725 2654 4791 Quid
2689 4723 2953 4778 faciemus
2985 4724 3298 4780 hominibus
3326 4725 3448 4780 istis
3471 4726 3497 4780 ἲ
3516 4729 3772 4796 quoniam

2203 4819 2423 4888 quidem
2461 4824 2647 4871 nutum
2683 4816 2898 4884 signum
2934 4816 3138 4869 factum
3171 4823 3252 4870 est
3278 4832 3372 4885 per
3392 4832 3489 4871 eos
3520 4820 3776 4872 omnibus

2205 4909 2577 4966 habitantibus
2617 4906 2955 4972 Jerusalem,
3019 4907 3372 4962 manifestum
3425 4921 3508 4964 est
3551 4919 3605 4964 et
3666 4927 3773 4964 non

2207 5018 2497 5074 possumus
2522 5015 2741 5071 negare.
2766 4999 2874 5054 Sed
2904 5014 2972 5054 ne
2996 5000 3232 5069 amplius
3262 5001 3567 5071 divulgetur
3592 5003 3644 5056 in
3681 5019 3764 5071 pl,

2206 5097 2414 5166 pulum,
2467 5094 2871 5148 comminemur
2915 5090 3018 5153 eis,
3069 5106 3137 5143 ne
3181 5091 3323 5145 ultra
3371 5092 3668 5160 loquantur
3722 5096 3773 5144 in

2209 5190 2434 5244 nomine
2472 5190 2570 5240 hoc
2607 5186 2699 5240 ulli
2749 5185 3056 5240 hominum.
3106 5186 3173 5240 Et
3234 5197 3496 5241 vocantes
3523 5203 3641 5253 eos,
3679 5187 3775 5240 de-

2209 5282 2620 5342 nuntiaverunt,
2679 5294 2746 5331 ne
2790 5278 3014 5332 omnino
3056 5279 3432 5348 loquerentur,
3473 5293 3648 5348 neque.
3675 5279 3774 5334 do-

2210 5383 2397 5429 Ccrcnl
2454 5373 2506 5425 in
2559 5371 2778 5425 nomine
2823 5368 2972 5425 Jesu.
3015 5370 3212 5426 Petrus
3260 5387 3388 5426 vero
3425 5381 3478 5427 et
3535 5371 3773 5427 Joanne.-

1715 5642 1913 5704 Varim
1959 5646 2264 5710 lectiones
2308 5654 2368 5706 et
2416 5655 2604 5706 notae.

602 5721 714 5816 illi)
739 5723 868 5816 Pio"
899 5729 1110 5797 ίίυδίίοι
1163 5733 1250 5789 hic
1301 5736 1609 5807 legendum,
1649 5749 1703 5793 ul
1741 5743 1896 5798 habet
1937 5748 2380 5816 (Iltt'ysostonzus,

527 5791 785 5848 τιθέασιν.

2453 5744 2807 5829 δικαστηρίου
2859 5744 3038 5812 σχῆμα
3116 5743 3194 5814 τῷ
3256 5743 3538 5814 πράγματι
3623 5761 3779 5818 περι-
