4794 6454
1057 389 1166 463 831

1981 389 2570 449 TllEOl’llYLAC'I‘I
2602 390 3014 449 BULGARIAS
3053 391 3413 453 AltCBIEP.

4198 393 4312 462 888

1061 504 1477 575 respondentes,
1525 503 1782 557 dixerunt
1823 502 1893 557 ad
1934 518 2070 556 eos:
2103 501 2162 556 Si
2205 503 2415 570 justum
2454 511 2538 557 est
2583 503 2636 555 in
2668 505 2711 558 Α
2743 506 2954 573 ὀνόματι

2454 511 2538 557 est
2583 503 2636 555 in
2668 505 2711 558 Α
2743 506 2965 573 ὀνόματι
2993 506 3086 558 τοῦ
3134 505 3331 574 Ἰησοῦ.
3364 506 3422 557 '0
3458 505 3516 558 δὲ
3546 504 3748 574 Πέτρος
3777 508 3868 557 καὶ
3894 506 4146 575 Ἰωάννης
4182 510 4320 560 ἀπο-

1057 606 1355 666 conspectu
1408 596 1504 651 Dei
1559 610 1655 649 vos
1725 595 1907 663 potius
1970 594 2162 648 audire
2213 609 2378 662 quam
2440 593 2631 657 Deum,

1056 687 1318 757 iudicate.
1378 684 1497 738 Non
1529 687 1672 739 enim
1706 700 2001 755 possumus
2023 700 2146 753 qua:
2177 684 2414 739 vidimus
2453 694 2506 737 et
2539 698 2635 737 au-

1059 784 1301 838 divimus
1368 796 1478 834 non
1523 780 1691 848 loqui.
1724 779 1794 832 At
1840 778 1922 831 illi
1959 778 2361 832 comminantes
2412 775 2636 831 dimise—

1058 884 1188 929 runt
1219 889 1334 936 eos,
1392 886 1501 925 non
1533 871 1880 926 invenientes
1912 870 2193 938 quomodo
2227 869 2487 939 punireut
2515 886 2632 934 eos,

1062 976 1282 1033 propter
1308 963 1594 1032 pupulum,
1628 961 1756 1029 quia
1780 976 1972 1015 omnes
1998 961 2374 1015 clariﬁcabant
2410 963 2461 1015 id
2493 961 2634 1031 quod

1058 1058 1263 1109 factum
1290 1055 1469 1108 fuerat
1499 1055 1553 1107 in
1585 1068 1649 1107 eo
1674 1053 1819 1121 quod
1855 1053 2152 1109 acciderat.
2182 1055 2463 1107 Annorum
2485 1053 2634 1107 enim

1066 1156 1192 1205 erat
1217 1145 1452 1213 amplius
1511 1144 1873 1213 quadraginta
1912 1145 2096 1208 homo,
2153 1145 2207 1198 in
2260 1159 2371 1214 quo
2431 1142 2634 1198 factum

1058 1238 1239 1294 fuerat
1268 1237 1479 1307 signqu
1517 1237 1662 1290 istud
1696 1241 1967 1292 sanitatis.

1567 1327 2141 1384 COMMENTARIUS.

1129 1422 1285 1489 Quod
1326 1420 1489 1477 Pater
1530 1422 1814 1477 Christum
1848 1436 1913 1475 ex
1954 1422 2184 1476 mortuis
2216 1410 2521 1476 suscitasse
2550 1421 2633 1473 di-

1058 1523 1239 1578 catur,
1273 1512 1346 1566 ita
1403 1521 1464 1567 ut
1511 1514 1678 1567 etiam
1716 1514 1833 1582 ipse
1863 1512 2118 1567 Christus
2171 1511 2320 1566 circa
2355 1513 2632 1584 propriam

1060 1622 1283 1661 carnem
1315 1615 1575 1675 operatus
1606 1605 1698 1670 sit,
1725 1621 1888 1660 nemo
1915 1607 2250 1661 dubitaverit
2283 1625 2296 1661 :
2328 1622 2453 1661 cum
2488 1622 2633 1660 enim

1063 1700 1183 1771 ipse
1207 1699 1277 1755 sit
1298 1699 1584 1755 vivilicans
1604 1706 1659 1751 et
1688 1697 1878 1753 ellieax
1913 1699 2091 1753 virtus
2120 1697 2317 1763 Patris,
2356 1698 2635 1769 proprium

1058 1793 1225 1848 etiam
1260 1792 1557 1847 vivitieavit
1586 1791 1846 1860 templum
1875 1807 1888 1842 :
1924 1809 1942 1841 ι
1976 1790 2182 1844 Solvite
2228 1790 2401 1854 enim,
2433 1790 2633 1861 inquit,

1061 1884 1324 1953 templum
1364 1885 1490 1948 hoc,
1559 1893 1613 1938 et
1666 1885 1721 1938 in
1784 1883 1961 1937 tribus
2019 1882 2217 1939 diebus
2273 1884 2523 1939 excitabo
2571 1885 2637 1938 il-

1059 1976 1156 2031 lud
1200 1976 1266 2029 ".
1304 1996 1323 2027 ι
1368 1976 1463 2030 Est
1508 1984 1564 2029 et
1622 1974 1727 2061 hoc
1788 1974 1953 2045 igitur
2014 1974 2362 2030 manifestum
2411 1989 2635 2045 corpus,

1064 2071 1206 2139 quod
1244 2070 1574 2124 viviticatum
1605 2078 1711 2134 est,
1753 2084 1862 2123 non
1894 2069 2131 2123 alienum
2166 2068 2269 2137 ipsi
2328 2083 2503 2138 neque
2533 2069 2636 2122 ali-

1058 2162 1205 2231 quod
1232 2178 1295 2217 ex
1327 2165 1530 2217 nostris
1558 2162 1746 2226 fuisse,
1781 2161 1877 2215 sed
1905 2162 2184 2229 preprium
2205 2161 2380 2228 ipsius
2422 2159 2606 2214 Verbi.

1217 2252 1378 2320 212
1412 2250 1563 2305 Feria
1588 2252 1779 2321 quinta
1816 2250 2169 2305 hebdomade:
2199 2252 2469 2305 secunda}.

1062 2342 1373 2398 Gratiarum
1413 2344 1554 2397 actio
1588 2343 1652 2397 ab
1702 2341 1942 2396 Ecclesia
1973 2343 2120 2410 facta
2146 2361 2241 2409 pro
2279 2344 2388 2411 ﬁda
2422 2356 2634 2411 aposto-

1613 2453 1762 2489 orum
1790 2438 2106 2489 constantia.

1697 2524 1996 2581 TEXTUS.

1135 2620 1418 2684 ινλεοει.
1443 2619 1659 2673 Dimissi
1684 2626 1865 2671 autem
1897 2625 2161 2673 venerunt
2195 2617 2262 2672 ad
2286 2632 2419 2674 suos
2450 2626 2504 2673 et
2533 2634 2634 2674 an-

1061 2712 1457 2768 nuntiaverunt
1474 2711 1553 2766 eis
1571 2717 1774 2780 quanta
1792 2710 1860 2764 ad
1879 2725 1974 2766 eos
1992 2710 2270 2781 principes
2286 2712 2634 2766 sacerdotum

1061 2812 1116 2858 et
1148 2804 1393 2857 seniores
1419 2802 1705 2858 dixissent.
1729 2803 1832 2870 Qui
1867 2817 1992 2856 cum
2030 2803 2334 2870 audissent,
2362 2803 2635 2858 unanimi-

1063 2904 1147 2951 ter
1169 2895 1480 2949 levaveruut
1504 2909 1687 2949 vocem
1710 2895 1777 2949 ad
1805 2894 1970 2949 Deum
1988 2894 2310 2950 etdixerunt
2341 2912 2355 2951 :
2386 2894 2633 2959 Domine,

1066 3001 1234 3064 lues,
1268 2988 1360 3055 qui
1389 2987 1564 3042 fecisti
1604 2987 1803 3042 emlum
1838 2996 1890 3041 et
1922 2996 2147 3053 terram,
2177 3003 2324 3042 mare
2370 2995 2423 3042 et
2450 2989 2635 3040 omnia

1063 3096 1185 3150 qua:
1212 3082 1264 3133 in
1296 3081 1376 3135 eis
1409 3088 1575 3133 sunt:
1606 3080 1697 3149 qui
1747 3077 1954 3148 Spiritu
2006 3088 2200 3134 sancto
2231 3094 2327 3149 per
2362 3094 2425 3134 os
2461 3080 2634 3148 patris

1067 3172 1241 3227 nostri
1282 3171 1470 3233 David,
1498 3171 1652 3240 pueri
1687 3171 1788 3236 tui,
1816 3170 2003 3249 dixisti
2032 3187 2046 3224 :
2079 3170 2260 3236 Quare
2288 3172 2633 3224 tremuerunt

1068 3273 1286 3334 gentes,
1316 3274 1370 3318 et
1396 3264 1579 3333 populi
1610 3262 1859 3323 meditati
1893 3271 2022 3319 sunt
2067 3262 2296 3316 inania?
2326 3263 2633 3315 Astiterunt

1063 3371 1223 3426 reges
1270 3364 1449 3419 terrae,
1505 3365 1559 3408 et
1614 3354 1890 3424 principes
1925 3361 2304 3408 convenerunt
2350 3354 2401 3407 iu
2462 3368 2633 3406 unum

1064 3446 1328 3502 adversus
1385 3447 1674 3501 Dominum
1724 3457 1778 3501 et
1842 3446 2107 3501 adversus
2142 3445 2418 3501 Christqu
2458 3445 2633 3513 ejus?

1061 3538 1448 3594 Convenerunt
1498 3540 1642 3594 enim
1694 3554 1817 3594 rere
1849 3539 2151 3593 incivitate
2207 3538 2310 3592 ista
2366 3538 2633 3592 adversus

1062 3638 1316 3684 sanctum
1360 3628 1596 3684 Puerum
1655 3639 1806 3683 tuum
1838 3628 2025 3684 Jesum
2071 3645 2231 3698 quem
2266 3630 2469 3684 unxisti
2524 3628 2631 3682 lle-

1065 3724 1224 3777 rodes
1262 3731 1317 3775 et
1366 3722 1592 3777 Pontius
1642 3723 1870 3785 Pilatus,
1896 3738 2018 3776 cum
2053 3722 2305 3792 gentibus
2336 3730 2389 3775 et
2418 3722 2633 3790 populis

1061 3813 1251 3880 Israel,
1284 3813 1464 3869 facere
1507 3829 1626 3883 quae
1670 3829 1865 3867 manus
1907 3823 1996 3867 tua
2058 3824 2111 3868 et
2145 3814 2435 3868 consilium
2479 3824 2630 3866 tuum

1060 3909 1421 3962 decreverunt
1444 3906 1578 3960 lieri.
1608 3907 1675 3960 Et
1693 3922 1859 3974 nunc,
1878 3906 2123 3971 Domine,
2147 3908 2350 3975 respice
2379 3906 2434 3960 in
2456 3906 2633 3959 minas

1059 4013 1272 4064 eorum,
1314 4006 1369 4053 et
1412 3999 1479 4052 da
1517 3998 1690 4053 servis
1740 3999 1848 4051 tuis
1897 4013 2021 4051 cum
2078 3998 2223 4051 omni
2259 3997 2453 4051 ﬁducia
2483 3996 2630 4065 loqui

1062 4091 1290 4145 verbum
1325 4100 1503 4155 tuum,
1556 4093 1612 4143 in
1653 4105 1719 4144 eo
1760 4090 1904 4158 quod
1937 4104 2157 4143 manum
2190 4099 2335 4143 tuam
2371 4089 2632 4143 extendas

1060 4183 1128 4236 ad
1160 4184 1425 4238 sanitates
1471 4193 1524 4236 et
1561 4182 1716 4251 signa
1756 4190 1808 4235 et
1850 4181 2095 4252 prodigia
2140 4182 2254 4235 lieri
2292 4197 2387 4251 per
2431 4196 2629 4235 nomen

1062 4276 1237 4330 sancti
1267 4272 1392 4329 Filii
1421 4275 1499 4328 tui
1531 4272 1683 4330 Jesu.
1733 4274 1799 4327 Et
1859 4288 1982 4327 cum
2042 4282 2311 4338 orassent,
2341 4281 2523 4328 motus
2549 4284 2631 4328 est

1064 4368 1219 4423 locus
1271 4368 1325 4421 in
1375 4383 1485 4436 quo
1530 4376 1688 4421 erant
1729 4368 2085 4436 congregati:
2146 4377 2201 4421 et
2254 4367 2443 4437 repleti
2502 4373 2631 4421 sunt

1062 4472 1254 4512 omnes
1283 4455 1491 4526 Spiritu
1526 4467 1740 4522 sancto,
1771 4466 1825 4511 et
1862 4457 2227 4526 [mittebantur
2276 4457 2503 4513 verbum
2535 4456 2628 4511 Dei

1060 4565 1187 4604 eum
1220 4550 1435 4605 ﬁducia.

1560 4640 2124 4697 COMMENTARIUS.

1134 4735 1353 4789 (‘Jamor
1399 4734 1576 4788 factus
1618 4742 1705 4787 est
1744 4750 1808 4788 ex
1846 4735 2122 4801 voluptate
2170 4743 2226 4790 et
2254 4734 2452 4790 aﬂ'ectu
2512 4750 2629 4790 ma-
2699 4725 2707 4731 ’

2740 594 3020 665 κριθέντες
3049 597 3184 666 πρὸς
3212 596 3409 660 αὐτοὺς
3466 589 3657 648 εἷπονσ
3694 597 3755 649 Εί
3784 597 3992 650 δίκαιόν
4030 600 4179 650 ἐστιν
4227 600 4323 650 ἐν-

2737 688 2910 741 ώπιον
2951 687 3044 740 τοῦ
3080 687 3216 740 Θεοῦ
3248 687 3402 756 ὑμῶν
3448 686 3667 741 ἀκούειν
3700 687 3922 757 μᾶλλον,
3956 689 3990 758 ἦ
4038 689 4131 743 τοῦ
4156 690 4321 754 Θεοῦ,

2739 780 2980 849 κρίνατε.
3036 778 3113 831 Ού
3159 776 3439 846 δυνάμεθα
3494 778 3603 848 γὰρ
3638 780 3820 847 ἡμεῖς,
3874 778 3910 832 ἃ
3966 779 4183 850 εἴδομεν
4225 781 4322 833 καὶ

2738 870 3076 939 ἠκούσαμεν,
3100 871 3177 940 μὴ
3206 870 3408 925 λαλεῖν.
3451 871 3514 923 Oi
3534 870 3591 922 δὲ
3614 871 4182 941 προσαπειλησάμενοι
4210 874 4324 926 ἀπ-

2737 966 2936 1019 έλυσαν
2962 964 3186 1029 αὐτοὺς,
3210 964 3379 1033 μηδὲν
3400 964 3744 1035 εὑρίσκοντες
3762 965 3821 1017 τὸ
3833 966 3949 1027 πῶς
3979 964 4319 1037 κολᾴσωνται

2735 1059 2955 1119 αὐτοὺς,
2972 1056 3061 1109 διὰ
3082 1056 3175 1108 τὸν
3192 1057 3343 1119 λαὸν,
3360 1058 3440 1110 ὅτι
3466 1060 3665 1120 πάντες
3693 1056 3941 1123 ἐδόξαζον
3960 1059 4050 1110 τὸν
4066 1059 4199 1111 Θεὸν
4221 1061 4319 1111 ἐπὶ

2736 1150 2816 1219 τῷ
2838 1150 3105 1217 γεγονότι.
3134 1149 3304 1203 Ἐτῶν
3331 1149 3439 1221 γὰρ
3463 1145 3531 1222 ἦν
3565 1149 3828 1203 πλειόνων
3853 1151 4260 1221 τεσσαράκοντα
4289 1154 4319 1203 ὁ

2736 1245 3022 1315 ἄνθρωπος
3044 1243 3131 1311 ἐφ’
3150 1243 3209 1297 ὃν
3233 1244 3474 1312 ἐγεγόνει
3490 1243 3551 1295 τὸ
3568 1245 3793 1311 σημεῖον
3806 1261 3826 1294 1
3838 1241 3966 1294 οἵ)το
3980 1243 4078 1306 vi;
4098 1244 4315 1303 ίὰσεως.

3332 1336 3687 1390 EPMHNEIA
3700 1376 3713 1390 .

2809 1432 2933 1484 Ὅτι
2970 1431 3073 1501 μὲν
3118 1434 3149 1485 ό
3201 1430 3392 1501 Πατὴρ
3415 1433 3481 1483 ὲκ
3512 1430 3724 1500 νεκρῶν
3753 1429 4058 1498 ἀναστῆσαι
4092 1429 4314 1494 λεγεται

2736 1522 2829 1574 τὸν
2850 1522 3107 1591 Χριστὸν,
3144 1521 3541 1591 ὲνεργουμένου
3577 1521 3821 1590 δηλονότι
3851 1521 3977 1588 περὶ
4006 1520 4109 1591 τὴν
4134 1520 4317 1588 σάρκα

2738 1611 2904 1663 αὐτοῦ
2937 1610 3031 1664 τοῦ
3063 1610 3413 1682 πράγματος,
3444 1612 3548 1664 οὐκ
3576 1611 3645 1665 ἄν
3669 1610 3963 1663 ἐνδοιάσειέ
3991 1626 4106 1673 τις·
4147 1610 4315 1670 αὐτός

2739 1716 2799 1751 τε
2842 1699 3105 1770 ὑπάρχων
3133 1702 3167 1770 ἡ
3203 1701 3466 1765 ζωοποιός
3495 1719 3555 1754 τε
3583 1703 3677 1755 καὶ
3708 1700 3939 1771 ἐνεργὴς
3966 1702 4196 1764 δύναμις
4217 1700 4315 1753 τοῦ

2741 1795 2974 1864 Πατρὸς,
2996 1793 3091 1847 τὸν
3119 1793 3248 1847 [διον
3274 1793 3561 1857 ιζωοποίει
3582 1795 3728 1851 ναόν.
3759 1812 3778 1845 ι
3802 1793 4154 1846 Καταλύσατε
4177 1794 4315 1861 γὰρ,

2743 1889 2900 1959 φησὶ,
2935 1886 3027 1940 τὸν
3058 1886 3184 1940 ναὸν
3205 1886 3416 1949 τοῦτον,
3444 1885 3541 1940 καὶ
3568 1886 3628 1939 ἐν
3651 1885 3832 1954 τρισὶν
3868 1884 4105 1955 ἡμέραις
4132 1886 4316 1952 ἐγερῶ

2736 1979 2924 2031 αὐτόν.
2954 1996 2972 2028 ι
3017 1978 3129 2030 Καὶ
3161 1976 3322 2030 τοῦτο
3363 1971 3458 2031 οὖν
3503 1976 3771 2048 πρόδηλον
3813 1971 3883 2046 ἦν
3927 1976 4058 2045 ἄρα,
4086 1976 4150 2029 τὸ
4179 1968 4319 2040 ζωο-

2740 2068 3065 2139 ποιούμενον
3093 2069 3193 2123 οὐκ
3229 2068 3535 2139 ἀλλότριον,
3556 2067 3682 2122 οὔτε
3714 2069 3821 2139 μὴν
3850 2068 3961 2121 τῶν
4009 2067 4133 2121 καθ’
4167 2068 4319 2138 ἡμᾶς

2738 2160 3063 2230 ἀνθρώπων,
3091 2160 3209 2212 ἀλλ’
3245 2157 3376 2212 ῖδιον
3404 2157 3573 2212 αὐτοῦ
3603 2160 3699 2212 τοῦ
3725 2160 3904 2227 Λόγου
3934 2159 4116 2228 σῶμα.

3160 2252 3240 2321 Τῇ
3274 2251 3317 2303 ε’
3347 2251 3446 2321 τῆς
3490 2248 3533 2319 β’
3565 2250 3882 2322 ἑϐδομάδος.

2738 2344 3110 2413 Εὐχαριστία
3135 2342 3256 2397 ἀπὸ
3280 2341 3389 2410 τῆς
3432 2344 3797 2409 Ἐκκλησίας
3829 2346 3981 2413 ὑπὲρ
4007 2345 4165 2419 [τῆς]
4196 2346 4321 2402 τῶν

3033 2435 3394 2489 ἀποστόλων
3426 2438 3652 2502 πιστῆς
3684 2439 4014 2507 καρτερίας.

3330 2527 3715 2581 ΚΕΙΜΕΝΟΝ.

2822 2616 3211 2682 Ἀπολυθέντες
3235 2617 3292 2671 δὲ
3315 2614 3480 2686 ἦλθον
3500 2618 3635 2688 πρὸς
3663 2616 3790 2683 τοὺς
3814 2619 3998 2683 ίδίους,
4019 2620 4114 2672 καὶ
4134 2622 4321 2690 ἀπήγο

2740 2707 2925 2774 γειλαν
2957 2708 3057 2759 ὅσα
3108 2709 3243 2776 πρὸς
3295 2710 3492 2770 αὐτοὺς
3526 2711 3574 2762 οῖ
3623 2710 3900 2780 ἀρχιερεῖς
3950 2711 4047 2764 καὶ
4090 2713 4143 2764 oi.
4174 2730 4320 2783 πρε-

2742 2801 2994 2871 σϐύτεροι
3027 2796 3203 2855 εἷπον.
3234 2802 3297 2853 (li
3322 2802 3378 2855 δὲ
3410 2801 3765 2866 ἀκούσαντες,
3796 2802 4142 2872 ὁμοθυμαδὸν
4169 2800 4318 2873 ἦραν

2738 2894 2924 2962 φωνὴν
2956 2894 3092 2962 πρὸς
3115 2893 3210 2945 τὸν
3234 2892 3367 2945 Θεὸν
3399 2894 3493 2947 καὶ
3515 2888 3670 2947 εἷπον
3690 2912 3705 2926 ο
3736 2894 4005 2961 Δέσποτα,
4035 2895 4101 2947 σὺ
4130 2898 4160 2947 ὀ
4179 2896 4321 2957 Θεδς

2738 2987 2765 3038 ὀ
2783 2986 3016 3055 ποιήσας
3036 2985 3127 3037 τὸν
3147 2985 3397 3055 οὐρανὸν,
3418 2986 3511 3039 καὶ
3534 2986 3633 3056 τὴν
3649 2986 3751 3054 γῆν
3775 2987 3868 3039 καὶ
3889 2987 3985 3054 τὴν
4011 2986 4317 3053 θάλασσαν,

2738 3079 2833 3130 καὶ
2861 3078 3037 3130 πάντα
3053 3078 3121 3130 τὰ
3146 3078 3204 3128 ἐν
3224 3078 3427 3139 αὐτοῖς,
3456 3080 3485 3130 ὁ
3503 3077 3589 3130 διὰ
3612 3079 3877 3145 στόματος
3897 3078 4061 3132 Δαὸὶδ
4076 3079 4173 3131 τοῦ
4194 3096 4324 3132 παι-

2659 3199 2705 3260 c
2737 3170 2824 3233 δὸς
2849 3187 2940 3222 σου
2962 3168 3159 3222 εἰπὼν·
3182 3170 3299 3222 Ἵνα
3326 3169 3377 3221 τί
3395 3168 3674 3240 ἐφρύαξαν
3699 3169 3850 3240 ἔθνη,
3870 3172 3966 3224 καὶ
3988 3172 4105 3223 λαοὶ
4130 3171 4321 3240 ὲμελὲο

2734 3278 2905 3328 τησαν
2925 3261 3093 3324 κενὰ;
3128 3261 3483 3329 Παρέστησαν
3509 3262 3558 3312 οἱ
3582 3260 3821 3329 βασιλεῖς
3854 3263 3952 3331 τῆς
3991 3263 4113 3329 γῆς,
4142 3263 4239 3315 καὶ
4268 3265 4321 3315 ei

2733 3353 2988 3433 ἄρλοητες
3015 3352 3359 3422 συνήχθησαν
3380 3352 3468 3403 ἐπὶ
3489 3352 3549 3404 τὸ
3566 3353 3695 3405 αύτό
3712 3354 3851 3405 κατὰ
3880 3354 3975 3405 τοῦ
4001 3355 4203 3423 Κυρίου
4220 3355 4323 3409 καὶ

2736 3445 2875 3496 κατᾶ
2902 3444 2995 3495 τοῦ
3035 3443 3273 3513 Χριστοῦ
3306 3443 3495 3495 αὐτοῦ·
3530 3444 3877 3514 συνήχθησαν
3915 3445 4023 3513 γὰρ
4056 3447 4143 3499 ἐπ’
4174 3447 4319 3516 ἀλη-

2737 3535 2887 3598 θείας
2914 3535 3007 3587 ὲπὶ
3039 3537 3131 3587 τὸν
3162 3534 3321 3602 ἅγιον
3352 3536 3527 3591 Παῖδά
3557 3555 3653 3590 σου
3710 3536 3939 3606 Ἰησοῦν,
3968 3538 4027 3591 ὃν
4060 3539 4319 3609 ἔχρισας,

2746 3627 2995 3697 Ἡρώδης
3048 3648 3106 3681 τε
3155 3631 3248 3681 καὶ
3300 3630 3521 3692 Πόντιος
3574 3630 3805 3695 Πιλᾶτος
3847 3632 3943 3684 σὺν
3988 3631 4165 3685 ἔθνεσι
4218 3637 4322 3686 καὶ

2734 3723 2884 3783 λαοῖς
2918 3721 3159 3790 Ἰσραὴλ,
3207 3720 3433 3788 ποιῆσαι
3461 3722 3563 3775 ὅσα
3596 3724 3628 3791 ὴ
3671 3724 3793 3793 χείρ
3828 3741 3921 3775 σου
3955 3724 4049 3777 καὶ
4079 3728 4109 3792 ἡ
4142 3725 4317 3794 βουλή

2736 3830 2830 3864 σου
2860 3813 3134 3883 προώρισε
3189 3812 3445 3879 γενέσθαι
3473 3831 3487 3844 ·
3545 3814 3639 3865 καὶ
3676 3815 3745 3867 τὰ
3778 3813 3894 3879 νῦν,
3923 3815 4114 3885 Κύριε,
4157 3817 4317 3869 ἔπιδε

2733 3905 2826 3955 ἐπὶ
2854 3904 2951 3965 τὰς
2973 3903 3202 3966 ἀπειλὰς
3234 3904 3435 3965 αὐτῶν,
3455 3906 3548 3956 καὶ
3570 3903 3658 3967 δὸς
3679 3907 3791 3968 τοῖς
3816 3904 4023 3966 δούλοις
4047 3922 4143 3959 σου
4168 3909 4319 3974 μετᾶ

2738 3995 3053 4065 παρρησίας
3097 3997 3281 4064 πάσης
3329 3995 3509 4048 λαλεῖν
3542 3997 3631 4048 τὸν
3659 3996 3815 4062 λόγον
3841 4014 3955 4057 σου,
3992 4001 4049 4048 ὲν
4086 3999 4165 4063 τῷ
4208 3999 4319 4069 τὴν

2732 4083 2890 4152 χεῖρά
2923 4100 3019 4135 σου
3063 4083 3325 4135 ἐκτείνειν
3362 4100 3420 4135 σε
3469 4085 3550 4146 είς
3596 4086 3761 4146 ῖασιν,
3811 4086 3905 4137 καὶ
3947 4089 4151 4155 σημεῖα
4205 4092 4317 4142 καὶ

2731 4173 2938 4243 τέρατα
2975 4171 3222 4239 γίνεσθαι
3246 4172 3337 4233 διὰ,
3370 4174 3466 4225 τοῦ
3494 4175 3758 4244 ὀνόματος
3780 4175 3875 4228 τοῦ
3924 4176 4083 4238 ἁγίου
4111 4177 4317 4243 nates;

2735 4283 2828 4318 σου
2862 4264 3062 4333 Ἰησοῦ.
3096 4267 3205 4318 Καὶ
3231 4266 3539 4336 δεηθέντων
3566 4267 3748 4320 αὐτῶν
3779 4268 4047 4337 ἐσαλεύθη
4078 4271 4108 4321 ὁ
4139 4272 4317 4335 τόπος

2734 4360 2792 4411 ὲν
2829 4351 2875 4425 ᾧ
2910 4353 3050 4428 ἦσαν
3104 4359 3467 4428 συνηγμένοι·
3524 4360 3619 4412 καὶ
3671 4359 4021 4431 ἐπλήσθησαν
4067 4361 4318 4426 ἅπαντες

2735 4452 3054 4520 Πνεύματος
3104 4451 3289 4517 ἁγίου,
3323 4452 3416 4503 καὶ
3462 4452 3690 4506 ἐλάλουν
3725 4453 3819 4505 τὸν
3863 4453 4020 4522 λόγον
4045 4454 4145 4507 τοῦ
4169 4456 4314 4510 Θεοῦ

2658 4544 2712 4606 D
2741 4544 2879 4614 μετὰ
2912 4542 3244 4615 παρρησίας.

3345 4633 3724 4689 ΕΡΜΠΝΕΙΑ.

2811 4726 3043 4797 Κραυγὴ
3065 4726 3291 4792 γέγονεν
3325 4726 3434 4778 ἀπὸ
3469 4726 3682 4795 ἡδονῆς,
3720 4729 3812 4781 καὶ
3852 4728 4169 4791 διαθέσεως,
4214 4736 4315 4784 καὶ

1063 4842 1277 4895 gnaque
1304 4836 1566 4895 concepta
1599 4827 1902 4881 alacritate.
1951 4824 2165 4881 Etenim
2199 4828 2481 4883 orationes
2508 4844 2632 4897 qua:
2727 4817 2956 4888 σπουδῆς

2421 4843 2481 4883 es
2508 4844 2632 4897 qua;
2727 4817 2969 4888 σπουδῆς
2993 4816 3223 4886 πολλῆς.
3250 4818 3319 4870 Δί
3349 4816 3595 4870 τοιαῦται
3620 4819 3731 4889 γὰρ
3758 4818 4013 4873 ἀνύουσιν
4038 4820 4219 4891 εὐχαὶ,
4251 4826 4312 4874 αἱ

1064 4918 1130 4970 de
1159 4916 1281 4970 istis
1324 4916 1488 4969 rebus
1521 4924 1576 4970 et
1632 4914 1685 4968 in
1736 4916 1830 4967 tali
1879 4925 2121 4983 tempore
2184 4914 2338 4979 ﬁunt,
2385 4914 2633 4969 ellieaces

1062 5016 1211 5061 sunt.
1266 5004 1589 5075 Hujusmodi
1634 5023 1765 5061 vero
1808 5016 1940 5063 sum
1990 5022 2152 5061 voces
2182 5006 2302 5076 ejus
2338 5004 2619 5066 Ecclesia,

1059 5096 1205 5151 unde
1228 5098 1479 5151 universa
1520 5096 1763 5150 Ecclesia
1809 5096 2024 5150 initium
2068 5095 2278 5150 habuit.
2308 5095 2466 5149 Tales
2492 5104 2625 5150 sunt

1062 5206 1227 5245 voces
1285 5191 1653 5259 apostolorum
1712 5198 1766 5242 et
1821 5189 2213 5257 discipulorum
2250 5185 2476 5253 Chrisu,
2534 5186 2626 5255 qui

1070 5292 1190 5349 post
1210 5282 1587 5336 ascensionem
1625 5280 1840 5334 Domini
1873 5296 1999 5335 vere
2022 5280 2247 5350 perfecti
2286 5290 2445 5334 erant
2482 5280 2627 5351 (per-

1062 5371 1271 5429 fecerat
1320 5374 1464 5429 enim
1508 5388 1605 5427 eos
1648 5371 1889 5440 Spiritus
1924 5378 2173 5441 sanctus)
2203 5380 2380 5441 ,atque
2417 5372 2631 5425 invoca-

1067 5468 1197 5520 bant
1230 5466 1421 5530 Deum,
1454 5466 1545 5534 qui
1584 5485 1601 5515 ι
1640 5464 1767 5518 fecit
1798 5468 1995 5518 coelum
2030 5475 2083 5518 et
2117 5475 2315 5517 terram
2341 5471 2395 5518 et
2420 5479 2621 5529 mare,»

1065 5568 1118 5610 et
1142 5574 1232 5625 per
1270 5559 1569 5625 prophetas
1598 5556 1925 5626 praedicatus
1948 5565 2052 5610 est.
2090 5555 2432 5624 Quapropter
2461 5556 2624 5609 etiam

1064 5649 1187 5702 illos
1235 5648 1441 5701 audivit
1490 5649 1735 5701 omnium
1790 5648 1970 5716 opifex
2025 5650 2188 5701 Deus.
2254 5665 2270 5697 ι
2303 5646 2481 5700 Motus
2539 5657 2621 5700 est

1141 5829 1181 5858 ³³
1216 5828 1344 5883 .‘ean
1397 5844 1452 5887 ιι,
1496 5831 1577 5886 :9.

2732 4912 2863 4979 περὶ
2889 4908 3149 4960 τοιούτων
3193 4908 3496 4976 γινόμεναι,
3524 4909 3619 4960 καὶ
3669 4911 3729 4961 ἐν
3773 4910 4037 4973 τοιούτοις
4063 4920 4309 4982 καιροῖς.

2730 5002 2987 5055 Τοιαῦται
2997 5000 3055 5053 δὲ
3071 5001 3247 5069 φωναὶ
3261 5000 3358 5069 τῆς
3378 5000 3728 5071 Ἐκκλησίας,
3747 5002 3805 5066 ἐξ
3820 4997 3885 5073 ἧς
3912 5004 4058 5057 πᾶσα
4068 5004 4311 5074 ἔσχηκεν

2734 5099 2768 5168 ὴ
2806 5096 3101 5166 Ἐκκλησία
3131 5096 3231 5165 τὴν
3252 5095 3448 5165 ἀρχήν.
3473 5091 3642 5149 Δῖδται
3668 5098 3723 5148 αἱ
3744 5099 3918 5164 φωναὶ
3946 5098 4054 5150 τῶν
4070 5099 4311 5153 «me.

2735 5198 2842 5240 λων
2869 5188 2963 5239 καὶ
2999 5188 3260 5256 μαθητῶν
3283 5186 3377 5238 τοῦ
3405 5188 3448 5239 Χ
3456 5187 3666 5257 ριστοῡ,
3689 5188 3798 5239 τῶν
3822 5188 4037 5257 ἀληθῶς
4058 5190 4308 5255 τελείων,

2743 5279 2879 5341 μετὰ
2908 5277 3006 5346 τὴν
3039 5277 3304 5351 ἀνάληψιν
3338 5276 3432 5330 τοῦ
3470 5279 3694 5349 Κυρίου,
3724 5279 3813 5331 διὰ
3860 5279 3953 5333 τοῦ
3988 5280 4310 5349 Πνεύματος

2736 5366 3154 5427 τελειωθέντων,
3207 5366 3304 5419 καὶ
3358 5368 3807 5439 ἐπικαλουμένων
3842 5369 3933 5421 τὸν
3984 5370 4150 5435 Θεὸν,
4214 5374 4311 5425 τὸν

2741 5481 2760 5512 ι
2794 5463 3098 5530 ποιήσαντα
3128 5460 3219 5512 τὸν
3245 5461 3496 5530 οὐρανὸν,
3531 5464 3627 5515 καὶ
3661 5462 3755 5531 τὴν
3786 5464 3907 5530 γῆν,
3951 5466 4045 5516 καὶ
4079 5465 4179 5533 τὴν
4212 5467 4312 5522 Cu-

2735 5553 2963 5616 λασσαν,
3002 5571 3022 5602 ι
3056 5550 3147 5603 τὸν
3176 5551 3266 5603 διὰ
3288 5552 3397 5604 τῶν
3427 5553 3724 5623 προφητῶν
3750 5558 4183 5625 κεκηρυγμένον.
4214 5563 4308 5613 Διὸ

2732 5644 2826 5695 καὶ
2890 5643 3197 5712 ἐπήκουσεν
3247 5642 3428 5695 αὐτῶν
3484 5643 3512 5694 ὁ
3574 5644 3805 5714 ποιητὴς
3860 5645 4077 5699 πάντων
4144 5650 4302 5713 Θεὸς.
