4794 6454
506 398 608 460 889

1191 398 1836 458 ΕΧΡΟΞΙΤΙΟΝΙΞ-ΙΝ
1868 398 2051 455 ACTA
2084 395 2383 459 TEXTUS
2418 401 2690 460 ALTER.
2729 427 2794 435 —-
2835 402 2990 461 CAP.
3022 401 3116 459 ιν.

3638 399 3743 462 890

513 533 531 565 ι
569 511 869 582 Ἐσαλεύθη
902 514 1030 582 γὰρ,
1072 516 1260 582 φησὶν,
1307 516 1335 564 ὁ
1367 514 1551 575 τόπος,
1598 515 1655 564 ἐν
1691 506 1735 579 ᾧ
1780 507 1923 583 ἦσαν
1955 527 2076 562 συν-
2104 516 2149 569 Α
2179 514 2348 577 enim,
2396 515 2406 569 i

1844 529 1923 564 raw
1955 527 2076 562 σνν-
2104 516 2149 569 Δ
2179 514 2348 577 enim,
2396 515 2604 586 inquit,
2658 517 2810 571 locus
2875 518 2929 569 in
2994 533 3100 586 quo
3141 526 3299 569 erant
3344 518 3688 584 congregati;
3721 536 3737 568 ι

505 605 759 674 ηγμένοι.
793 624 812 655 ι
850 606 1164 675 Τεκμήριον
1196 605 1289 657 τοῦ
1324 604 1657 675 ἀκουσθῆναι
1695 605 1891 667 αὐτοὺς
1917 602 2078 656 τοῦτο

504 698 749 765 γεγονός.
811 716 829 748 ι
862 697 923 750 Ὀ
968 697 1057 750 διὰ
1106 697 1397 767 στόματος.
1433 716 1451 747 ι
1506 697 1776 768 Καθάπερ
1804 695 2078 764 συνθήκας

504 788 867 852 ἀπαιτοῦντες
905 789 998 843 τὸν
1051 790 1209 856 Θεὸν,
1247 789 1346 859 τὴν
1396 790 1735 859 προφητείαν
1778 791 1859 851 είς
1914 787 2080 858 μέσον

504 880 755 948 ἄγουσιν,
788 881 906 952 ἅμα
927 882 1023 937 καὶ
1054 882 1282 944 ἑαυτοὺς
1313 881 1817 952 παραμυθούμενοι,
1847 881 1928 933 ὅτι
1955 879 2079 948 εικῆ

507 974 686 1027 πάντα
718 992 741 1025 ι
767 975 1084 1028 Μελετῶσιν
1124 993 1143 1026 ι
1181 975 1231 1027 oi
1270 974 1472 1045 ἐχθροί.
1524 974 1774 1037 Ἐκεῖνα,
1824 973 1989 1043 φησὶν
2010 971 2076 1036 ’⁵,

506 1067 585 1128 είς
612 1066 796 1136 πέραν
818 1065 990 1133 ἄγαγε
1023 1067 1117 1120 καὶ
1136 1066 1330 1130 δεῖξον,
1356 1067 1437 1119 ὅτι
1465 1084 1483 1117 ι
1511 1065 1658 1119 Κενὰ
1686 1066 2075 1135 ἐμελέτησαν-ι
2122 1052 2127 1055 “

506 1155 650 1209 οὕτω
677 1157 776 1210 καὶ
819 1158 914 1209 νῦν
948 1157 1080 1210 κενὰ
1110 1157 1402 1228 μελετῆσαι
1436 1158 1622 1220 αὐτοῖς
1656 1157 1743 1221 δός
1763 1174 1778 1189 ο
1811 1158 2077 1219 τουτέστι,

509 1249 584 1320 μὴ
632 1250 716 1313 είς
767 1250 927 1322 ἔργον
957 1251 1164 1305 ἐλθοιεν
1213 1253 1269 1305 αἱ
1326 1252 1546 1305 ἀπειλαὶ
1583 1250 1782 1306 αὐτῶν.
1812 1251 1996 1304 Ταῦτα
2026 1252 2081 1304 δὲ

507 1339 696 1406 ελεγον
720 1340 822 1393 οὐκ
854 1341 1011 1395 αὐτοὶ
1038 1342 1467 1411 παραιτούμενοι
1494 1342 1754 1412 δυσχερές
1782 1361 1834 1395 τι
1865 1343 2079 1403 παθεῖν,

506 1429 624 1482 ἀλλ’
651 1430 799 1501 ὑπὲρ
840 1430 935 1483 τοῦ
966 1431 1344 1501 κηρύγματος.
1383 1433 1458 1485 Οὐ
1490 1433 1598 1503 γὰρ
1624 1432 1801 1497 εἶπον,
1833 1432 1944 1486 Καὶ
1995 1432 2082 1498 ἐξ·

508 1522 631 1575 ελοῦ
654 1525 769 1575 τῶν
797 1523 1061 1577 κινδύνων
1091 1525 1257 1593 ἡμᾶς,
1289 1523 1447 1587 ἀλλὰ,
1488 1525 1588 1588 Δὸς
1617 1527 1727 1588 τοῖς
1751 1525 1955 1586 δούλοις
1988 1542 2082 1578 σου

512 1614 655 1682 μετά
695 1616 1015 1685 παρρησίας
1060 1632 1239 1684 πασης
1269 1616 1453 1669 λαλεῖν
1489 1616 1581 1669 τὸν
1608 1616 1765 1683 λόγον
1800 1634 1916 1669 σου.
1945 1617 2085 1686 Φρύ-

508 1723 664 1774 αγμα
696 1705 753 1757 δέ
785 1708 903 1758 ἐστι
933 1690 993 1758 16
1022 1706 1308 1773 ἀλόγιστον
1340 1707 1564 1777 κίνημα.
1590 1708 1838 1776 Τέσσαρα
1864 1707 1920 1759 δέ
1952 1724 2083 1776 φησι

510 1796 667 1865 γένη,
701 1797 770 1849 τὰ
798 1799 1075 1850 συστάντα
1108 1798 1252 1850 κατὰ
1284 1796 1379 1849 τοῦ
1414 1798 1677 1869 Χριστοῦ,
1710 1797 1860 1866 ἔθνη,
1898 1798 2082 1863 λαοὺς,

512 1887 757 1956 βασιλεῖς
785 1905 843 1941 τε
871 1890 965 1942 καὶ
990 1890 1258 1960 ἄρχοντας
1280 1906 1294 1922 ο
1324 1889 1434 1942 τῶν
1470 1890 1571 1957 μὲν
1601 1889 1773 1942 ἐθνῶν
1803 1889 1931 1951 ίσως
1962 1891 2085 1951 τοὺς

508 1979 830 2049 ἀλλοτρίους
874 1980 1177 2050 δηλούντων
1244 1982 1344 2050 τῆς
1396 1981 1680 2043 πίστεως,
1729 1980 1919 2050 ὥσπερ
1961 1981 2089 2043 τοὺς

513 2072 854 2141 στρατιώτας
893 2073 1020 2135 τοὺς
1070 2073 1423 2143 φρυάεαντας
1472 2074 1594 2125 κατ’
1645 2072 1847 2126 αὐτοῦ’
1894 2071 2002 2125 τῶν
2029 2072 2086 2124 δὲ

509 2163 655 2215 λαῶν
682 2164 814 2226 τοὺς
839 2165 904 2217 ἐκ
931 2164 1267 2234 περιτομῆς·
1306 2182 1325 2215 ι
1362 2163 1510 2218 Κενὰ
1537 2163 1648 2234 γὰρ
1674 2162 2031 2232 ἐμελέτησαν,
2064 2180 2083 2214 ι

510 2256 640 2318 τοὺς
679 2258 970 2326 προφήτας
1000 2255 1387 2325 φονεύσαντες,
1414 2257 1509 2310 16v
1533 2257 1591 2309 ἐν
1635 2255 1819 2317 αὐτοῖς
1856 2255 2091 2324 Χριστὸν

516 2347 594 2417 μὴ
618 2348 955 2417 νοήσαντες*
986 2349 1098 2402 τῶν
1141 2349 1198 2402 δὲ
1245 2348 1514 2418 βασιλέων
1568 2347 1671 2417 τῆς
1704 2349 1806 2417 γῆς
1841 2347 1935 2399 καὶ
1980 2346 2089 2398 τῶν

514 2440 816 2508 ἀρχόντων,
835 2440 1082 2511 Ἡρώδην
1105 2458 1165 2493 τε
1195 2441 1290 2493 καὶ
1314 2440 1537 2492 Πόντιον
1560 2438 1813 2500 Πιλᾶτον,
1841 2439 1936 2491 καὶ
1964 2438 2091 2501 τοὺς

515 2531 789 2598 ἄρχοντας
842 2531 953 2583 τῶν
998 2532 1290 2585 Ἰουδαίων.
1344 2530 1418 2584 T6
1461 2530 1519 2584 δὲ
1565 2534 1910 2603 παραστῆναι
1966 2531 2091 2593 τοὺς

518 2622 762 2690 βασιλεῖς
800 2623 995 2684 εἰπεῖν,
1052 2623 1212 2676 τοῦτο
1266 2618 1421 2691 οἶμαι
1470 2622 1883 2691 συνεμφαίνειν,
1928 2623 1962 2694 ἢ
2008 2622 2092 2674 ὅτι

519 2709 1031 2777 συμπεφωνήκασιν
1056 2709 1329 2779 ἀλλήλοις,
1366 2709 1460 2763 καὶ
1513 2711 1593 2771 είς
1625 2710 1952 2779 συμῦίδασιν
2000 2712 2092 2764 καὶ

519 2799 705 2868 φιλίαν
747 2800 947 2870 ἥκασιν
983 2802 1228 2873 Ἡρώδης
1265 2818 1326 2853 τε
1367 2802 1463 2854 καὶ
1504 2800 1725 2864 Πόντιος
1751 2801 1978 2864 Πιλάτος
2014 2802 2093 2872 (ἐν

519 2892 695 2965 ῑκθρςι
722 2892 833 2963 γὰρ
885 2891 1037 2955 δντες
1092 2893 1229 2963 πρὸς
1262 2892 1525 2963 ἀλλήλους
1566 2892 1628 2946 16
1658 2893 1947 2963 πρότερον,
1992 2893 2094 2963 τῆς

520 2984 912 3054 συμϐιϐάσεως
940 2984 1119 3037 αὐτῶν
1180 2985 1283 3050 τῆς
1332 2986 1413 3048 είς
1459 2984 1665 3053 φιλίαν,
1702 2985 1763 3038 16
1791 2984 1933 3038 κατὰ
1962 2986 2095 3055 Χρι-

524 3078 651 3130 στὸν
680 3075 945 3147 πρόξενον
983 3081 1174 3145 γέγονε
1202 3076 1456 3147 θράσος)·
1486 3078 1519 3147 ἢ
1556 3077 1659 3141 ὅτι,
1688 3078 1865 3131 καίτοι
1894 3077 1956 3131 16
2002 3079 2096 3144 ἀρα

2178 606 2322 674 quod
2358 607 2478 662 illos
2518 608 2684 662 fuisse
2715 608 2996 662 exauditos
3037 609 3404 679 sigiiilichat.
3444 628 3462 655 ι
3508 608 3609 673 Qui
3653 625 3742 676 per

2179 714 2265 751 os.
2301 718 2322 751 ι
2357 696 2529 753 Porro
2590 702 2746 769 quasi
2794 710 2948 769 pacta
2998 717 3029 754 a
3057 700 3166 754 Deo
3209 701 3511 769 exigentes,
3542 699 3594 752 in
3630 715 3743 753 me-

2180 791 2328 844 dium
2372 788 2604 845 aﬂerunt
2655 792 2997 861 prophetiam
3054 807 3221 861 seque
3276 792 3425 860 ipsos
3453 789 3745 844 consolan-

2182 892 2292 945 tur,
2327 882 2472 953 quod
2500 884 2680 937 omnia
2710 882 2911 937 frustra
2942 882 3275 936 meditentur
3305 882 3531 937 inimici.
3571 880 3748 944 Istud,

2183 976 2394 1028 scilicet
2429 962 2610 1038 aiunt,‘
2638 975 2704 1028 ad
2749 976 2956 1028 exitum
3008 974 3205 1038 deduc,
3241 983 3293 1027 ct
3334 974 3581 1033 ostende.
3614 987 3746 1042 qao-

2183 1064 2328 1117 niam
2366 1082 2385 1115 ι
2424 1065 2669 1119 meditati
2703 1072 2834 1118 sunt
2870 1065 3056 1119 inania
3086 1066 3129 1097 "
3164 1083 3178 1119 :
3209 1053 3231 1115 ι
3279 1065 3351 1118 ita
3381 1073 3435 1118 et
3462 1079 3611 1118 nunc
3643 1064 3748 1124 fac,

2185 1162 2243 1207 ut
2280 1155 2366 1209 isti
2405 1155 2588 1208 inania
2610 1154 2947 1208 meditentur
2977 1171 2994 1219 ;
3032 1155 3136 1209 hoc
3168 1162 3271 1221 est,
3314 1170 3381 1209 ne
3431 1154 3497 1207 ad
3525 1170 3664 1223 Opus
3697 1153 3749 1207 id

2182 1247 2343 1316 213
2373 1248 2516 1316 quod
2558 1248 2969 1302 comminantur
3025 1247 3296 1301 deducere
3351 1246 3586 1317 possint.
3628 1244 3751 1299 Haec

2118 1346 2363 1403 "autem
2400 1339 2672 1404 dicebant,
2703 1354 2811 1392 non
2846 1336 2991 1408 quod
3026 1338 3252 1392 molesta
3276 1340 3383 1408 pati
3415 1339 3752 1408 refugerent,

2183 1429 2278 1484 sed
2327 1446 2397 1483 ne
2450 1428 2728 1501 Evangelii
2794 1429 3109 1500 praedicatio
3199 1429 3575 1497 impediretur.
3636 1427 3753 1483 Non

2183 1523 2326 1577 enim
2351 1521 2574 1577 dicunt:
2617 1543 2635 1575 ι
2670 1523 2735 1578 Et
2753 1539 2886 1579 erue
2911 1538 3013 1577 nos
3041 1538 3072 1577 a
3101 1522 3378 1593 periculis,
3406 1541 3426 1574 ι
3456 1522 3548 1577 sed
3575 1539 3589 1575 :
3620 1540 3640 1574 ι
3679 1520 3755 1574 Da

2188 1613 2364 1669 servis
2394 1615 2503 1685 tuis
2531 1630 2655 1669 cum
2685 1616 2834 1669 omni
2861 1616 3057 1670 llducia
3088 1613 3235 1685 loqui
3262 1615 3487 1668 verbum
3528 1622 3703 1668 tuum.
3735 1633 3755 1665 ι

2188 1704 2463 1762 Fremitus
2517 1716 2702 1761 autem
2761 1715 2846 1762 est
2872 1718 3075 1770 motus,
3112 1722 3209 1762 seu
3269 1714 3503 1761 conatus
3561 1706 3760 1762 rationi

2189 1797 2525 1853 contrarius.
2563 1796 2812 1862 Quatuor
2869 1810 2998 1851 vero
3042 1796 3291 1850 nominat
3334 1810 3532 1865 genera
3570 1809 3760 1851 eorum

2190 1892 2282 1960 qui
2314 1892 2607 1947 astiterunt
2641 1891 2905 1945 adversus
2931 1889 3209 1945 Christum
3257 1907 3274 1943 :
3319 1902 3516 1957 nempe
3541 1897 3760 1957 gentes,

2194 1984 2443 2054 populos,
2500 1998 2656 2054 reges
2692 1992 2746 2037 et
2806 1983 3103 2054 principes.
3151 1980 3255 2049 Per
3296 1988 3487 2051 gentes
3551 1979 3763 2034 alienos

2190 2091 2219 2128 a
2256 2075 2361 2129 (ide
2393 2074 2630 2130 fortasse
2671 2075 2984 2144 signiﬁcat,
3036 2073 3203 2145 veluti
3261 2072 3459 2126 milites
3500 2072 3593 2140 qui
3651 2070 3764 2124 fre-

2190 2176 2444 2222 muerunt
2476 2164 2741 2221 adversus
2770 2166 3073 2221 Christum.
3108 2164 3301 2232 Pepuli
3359 2170 3511 2230 sunt,
3556 2162 3651 2231 qui
3695 2178 3763 2216 ex

2188 2257 2655 2323 circumcisione;
2686 2256 2871 2312 inania
2900 2255 3047 2313 enim
3078 2253 3324 2309 meditati
3356 2260 3507 2316 sunt,
3533 2252 3766 2321 prophe-

2190 2363 2277 2409 tas
2304 2352 2638 2416 occidentes,
2692 2350 3083 2419 Christumque
3130 2347 3186 2402 in
3232 2347 3365 2416 ipsis
3419 2361 3528 2399 non
3559 2339 3765 2399 intell’-

2191 2455 2402 2519 gentes.
2448 2447 2622 2517 Reges
2648 2452 2830 2499 autem
2869 2453 3028 2498 terra:
3067 2450 3122 2496 et
3169 2440 3452 2510 principes
3494 2446 3623 2493 sunt
3663 2434 3768 2490 He-

2192 2540 2357 2595 rodes
2385 2548 2439 2594 et
2486 2536 2696 2591 Pilatus
2747 2543 2802 2588 et
2850 2532 3164 2588 Iudaeorum
3198 2530 3577 2599 magistratus.
3608 2527 3764 2595 Quod

2193 2647 2324 2686 vero
2362 2646 2518 2698 reges
2577 2627 2821 2684 astitisse
2882 2625 3047 2690 dicat,
3095 2620 3432 2693 significasse
3479 2628 3629 2690 puto,
3684 2618 3766 2672 vel

2194 2723 2341 2795 quod
2374 2721 2535 2777 simul
2561 2718 3001 2789 conspiraverint
3046 2726 3211 2784 atque
3234 2715 3286 2767 in
3319 2713 3671 2768 concordiam
3713 2718 3769 2763 et

2194 2817 2491 2874 amicitiam
2529 2815 2777 2870 venerint
2810 2811 3053 2866 Herodes
3101 2818 3155 2863 et
3190 2809 3403 2863 Pilatus
3433 2825 3448 2861 :
3482 2821 3608 2861 nam
3640 2820 3765 2859 cum

2194 2915 2354 2961 antea
2402 2904 2610 2959 inimici
2659 2909 2844 2957 essent
2888 2902 2955 2954 ad
3003 2899 3264 2963 invicem,
3297 2913 3363 2953 co
3419 2896 3767 2951 atrocissime

2195 3010 2387 3055 contra
2446 2998 2727 3053 Christum
2788 2994 3037 3049 facinore
3098 2991 3226 3046 facti
3282 3000 3411 3047 sunt
3463 2990 3624 3044 amici
3671 2986 3765 3041 "z

2194 3094 2278 3149 vel
2311 3092 2476 3163 quod,
2518 3090 2732 3145 tametsi
2762 3088 3035 3159 pracipua
3064 3086 3327 3155 dignitate
3347 3084 3529 3138 ornati
3553 3089 3763 3141 essent,

521 3169 679 3238 χικὸν
705 3169 926 3237 ἀξίωμα
953 3169 1354 3239 περικείμενοι,
1375 3170 1605 3233 ἑαυτοὺς
1634 3169 1987 3240 παρέστησαν
2014 3172 2093 3234 είς
2117 3196 2164 3259 C
2195 3204 2256 3243 se
2302 3187 2414 3257 ipsa

1873 3187 1987 3239 ίσαν
2014 3172 2164 3259 dcc
2195 3204 2256 3243 se
2302 3187 2453 3257 ipsos
2504 3183 2861 3238 administros
2917 3181 3131 3233 illorum
3186 3177 3616 3240 constituerunt,
3672 3173 3766 3243 qui

523 3262 834 3330 ὑπουργίαν
876 3265 990 3325 τοῖς
1016 3261 1259 3315 ἐθέλουσι
1281 3264 1585 3331 μιαιφονεῖν
1604 3263 1745 3316 κατὰ
1764 3263 1860 3315 τοῦ
1890 3264 2094 3332 Κυρίου
2196 3278 2346 3332 ρεαδ
2382 3276 2416 3329 ι]

1890 3264 2094 3332 κυρίου
2196 3278 2346 3332 crde
2382 3275 2593 3329 Domini
2642 3279 2697 3327 et
2734 3271 2939 3327 Christi
2976 3270 3098 3339 ejus
3140 3284 3199 3323 se
3247 3267 3624 3324 contaminare
3666 3280 3762 3317 vo-

523 3356 619 3409 xai.
645 3354 793 3408 κατὰ
820 3354 915 3406 τοῦ
948 3352 1183 3423 Χριστοῦ
1211 3353 1397 3408 αὐτοῦ.
1430 3352 1525 3417 Et;
1547 3354 1658 3426 Ιτσ.
1679 3354 1736 3426 ἡ]
1769 3354 1875 3425 γὰρ
1908 3356 1987 3417 εἰς
2005 3355 2096 3407 τὸν
2198 3369 2416 3424 luerunt

1871 3378 1875 3401 ’
1908 3356 1987 3417 είς
2005 3355 2096 3407 τδν
2198 3369 2438 3424 luerunt.
2464 3365 2699 3421 Perfidia
2735 3364 2969 3420 enim/in
3010 3360 3209 3416 Filium
3255 3361 3311 3415 in
3344 3359 3523 3429 ipsum
3552 3356 3764 3409 Patrem

525 3448 765 3517 Χριστὸν
794 3446 1057 3516 ἐπιϐουλὴ
1104 3446 1200 3499 καὶ
1224 3449 1305 3510 είς
1334 3447 1497 3500 αὑτὸν
1539 3449 1825 3517 ἀνατρέχει
1866 3450 1959 3501 τὸν
1996 3449 2099 3501 Πα·
2196 3462 2418 3519 recurrit

1877 3450 1959 3501 τδν
1996 3449 2099 3501 Πα·
2196 3462 2452 3519 recurrit.
2482 3459 2617 3514 Nam
2652 3459 2700 3514 si
2734 3458 2895 3513 Pater
2934 3459 2987 3509 in
3014 3453 3174 3519 Filio,
3208 3462 3264 3506 et
3298 3451 3470 3506 Filius
3518 3451 3570 3503 in
3610 3449 3770 3503 Patre

521 3539 680 3607 τέρα.
720 3539 783 3591 Εἰ
814 3540 923 3608 γὰρ
946 3539 975 3591 6
1010 3537 1196 3623 Πατὴρ
1223 3538 1281 3590 ἐν
1318 3536 1395 3606 τῷ
1421 3537 1555 3605 Υίῴ,
1592 3539 1687 3592 καὶ
1714 3540 1742 3592 6
1784 3539 1911 3602 Υἱὸς
1941 3540 1999 3592 ἐν
2021 3540 2099 3610 τῷ
2198 3564 2304 3619 εει,
2351 3570 2414 3623 qu

1880 3557 1911 3602 ης
1941 3540 1999 3592 ἐν
2021 3540 2099 3610 τῷ
2198 3564 2304 3619 est,
2351 3551 2630 3623 quomodo
2660 3565 2768 3604 una
2802 3549 3105 3616 eademque
3146 3544 3344 3612 injuria
3385 3543 3438 3594 in
3480 3548 3773 3607 utrumque

528 3630 733 3701 Πατρὶ,
774 3629 893 3690 πῶς
925 3629 987 3682 οὐ
1022 3629 1120 3700 μία
1152 3630 1233 3693 είς
1265 3630 1461 3693 αὐτοὺς
1502 3628 1660 3701 ὕϐρις
1693 3631 1942 3699 ὲγένετο;
1976 3634 2097 3700 Χρι·
2200 3663 2308 3702 non
2357 3645 2421 3700 fui

1878 3649 1942 3698 οἱ
1976 3634 2097 3700 Χρι·
2200 3663 2308 3702 non
2357 3645 2521 3701 fuerit
2550 3643 2848 3698 ?Christus
2898 3653 3063 3710 porro
3110 3636 3286 3691 Patris
3348 3642 3432 3688 est
3479 3630 3716 3687 Verbum
3758 3646 3771 3682 :

529 3723 652 3785 στὸς
692 3722 752 3774 δὲ
803 3720 898 3775 τοῦ
947 3722 1160 3792 [ἰατρὸς
1189 3725 1217 3776 6
1245 3724 1390 3787 Υἱός.
1450 3724 1525 3776 Οὐ
1560 3723 1844 3794 κεχρισται
1886 3727 1993 3794 γὰρ
2034 3727 2100 3778 δι’
2201 3746 2402 3793 unctus

1886 3727 1993 3794 γὰρ
2034 3727 2100 3778 δι’
2201 3746 2402 3793 unctus
2478 3745 2563 3791 est
2635 3735 2782 3789 enim
2854 3740 3077 3803 propter
3144 3744 3246 3783 nos
3327 3742 3437 3780 non
3528 3724 3772 3778 humano

526 3816 679 3884 ἡμᾶς
728 3813 1089 3882 ἀνθρωπίνως
1142 3813 1221 3884 τῷ
1265 3815 1668 3891 Πνεύματιτῷ
1714 3818 1873 3888 ἁγίῳ,
1925 3820 2103 3872 καίτοι
2203 3828 2389 3892 modo,

1925 3820 2103 3872 καίτοι
2203 3828 2389 3892 modo,
2420 3828 2516 3882 scd
2552 3826 2760 3896 Spiritu
2816 3832 3055 3887 sancto;
3112 3835 3221 3875 non
3267 3816 3413 3889 quod
3467 3814 3773 3871 sanctitatis

522 3908 661 3969 856;
698 3905 777 3958 ὢν
824 3905 854 3957 6
888 3906 1081 3972 Λόγος,
1122 3907 1220 3977 οὐχ
1247 3908 1323 3969 ὡς
1369 3909 1654 3979 ἁγιότητος
1698 3910 1918 3980 ἐπιδεὴς
1962 3910 2102 3973 (ἔστι
2204 3924 2415 3993 ίηαῇεεῃ

1878 3927 1918 3980 ις
1962 3910 2102 3973 (ἔστι
2204 3924 2452 3993 indigens
2523 3929 2672 3977 esset
2747 3919 2863 3989 (est
2924 3917 3068 3971 enim
3149 3913 3449 3970 secundum
3525 3917 3771 3963 naturam

531 4001 639 4067 γὰρ
669 3998 811 4051 κατὰ
847 3995 1011 4065 φύσιν
1032 3998 1210 4064 ἆγιος,
1234 3999 1327 4051 καὶ
1356 3998 1450 4052 τοῦ
1479 4000 1794 4069 Πνεύματος
1822 4002 2100 4072 χορηγὸς).
2204 4028 2424 4080 sanctus

1881 4002 2100 4071 ιρηγδς).
2204 4028 2455 4081 sanctus,
2481 4026 2534 4070 et
2566 4014 2804 4083 Spiritus
2842 4011 3020 4065 sancti
3047 4004 3419 4075 distributor).
3449 4004 3542 4058 sed
3574 4010 3774 4057 unctus

533 4091 643 4143 ἀλλ’
701 4091 788 4143 ὅτι
846 4088 1085 4159 γεγονὼς
1141 4090 1262 4143 καθ’
1314 4092 1463 4154 ἡμᾶς
1521 4092 1830 4163 ἄνθρωπος,
1878 4095 2103 4164 ὲχρίσθη
2205 4120 2287 4165 est
2317 4110 2421 4163 nob

1879 4095 2103 4164 ὲχρίσθη
2205 4120 2287 4165 est
2317 4109 2602 4163 nobiscum
2644 4103 2944 4159 secundum
2990 4100 3405 4154 humanitatem.
3466 4114 3487 4148 ι
3522 4096 3586 4149 Et
3650 4108 3772 4149 cum

537 4186 659 4254 μεθ’
696 4184 856 4255 ἡμῶν
886 4184 1027 4237 κατᾶ
1058 4184 1120 4237 16
1154 4184 1513 4252 ἀνθρώπινον.
1553 4205 1571 4236 ι
1594 4187 1702 4239 Καὶ
1726 4187 2050 4258 δεηθέντων.
2081 4208 2099 4238 ι
2206 4217 2430 4256 omne“

1881 4189 2099 4241 ίντωνοι
2206 4210 2478 4256 orassent.
2538 4214 2558 4250 β
2624 4196 2739 4250 Hoc
2796 4195 3013 4263 signum
3077 4191 3182 4246 fuit
3241 4190 3439 4243 divina:
3498 4187 3774 4241 visitatio-

536 4275 708 4328 Τοῦτο
750 4276 1051 4345 τεκμήριον
1082 4273 1272 4342 γέγονε
1299 4275 1398 4344 τῆς
1437 4277 1780 4345 ἐπισκέψεως
1820 4278 1914 4331 τοῦ
1944 4278 2102 4344 Θεοῦ,
2206 4296 2315 4356 nis.
2348 4304 2402 4347 ει

1880 4278 1914 4331 ὖ
1944 4278 2102 4344 θεοῦ.
2206 4296 2315 4356 nis,
2348 4304 2402 4347 et
2430 4290 2575 4361 quod
2604 4286 2846 4343 exauditi
2889 4293 3095 4340 essent.
3140 4280 3297 4348 Quod
3339 4289 3518 4333 autem
3555 4279 3628 4331 ita
3680 4277 3773 4341 sit,

534 4364 627 4415 καὶ
676 4361 773 4415 τοῦ
816 4362 1152 4429 ἀκουσθῆναι
1196 4363 1413 4427 αὐτούς.
1444 4364 1572 4417 Ὀτι
1620 4366 1677 4419 δὲ
1728 4366 1891 4420 τοῦτό
1935 4370 2102 4435 ἐστιν,
2208 4383 2334 4438 audi
2364 4381 2427 4452 εἰ,

1881 4368 1891 4419 ί
1935 4370 2102 4435 έστινν
2208 4383 2334 4438 audi
2364 4380 2721 4452 {prephetam
2775 4375 3049 4430 dicentem
3105 4389 3122 4432 ς
3179 4370 3331 4435 «Qui
3378 4368 3602 4437 respicit
3658 4377 3774 4420 ter-

534 4456 699 4509 ἄκουε
738 4453 836 4507 τοῦ
870 4455 1152 4523 προφήτου
1200 4455 1447 4522 λέγοντος
1469 4472 1484 4487 ·
1523 4476 1542 4507 ι
1570 4457 1630 4510 ’0
1673 4460 1980 4514 ἐπιϐλέπων
2012 4464 2104 4514 ἐπὶ
2208 4487 2323 4527 ram
2359 4478 2413 4525 et

1884 4478 1980 4514 των
2012 4464 2104 4514 ἐπὶ
2208 4487 2323 4527 ram
2359 4478 2413 4525 et
2466 4470 2596 4523 facit
2655 4482 2774 4521 eam
2837 4477 3069 4520 tremere
3101 4463 3166 4516 ⁸¹.
3202 4480 3220 4512 ι
3254 4460 3404 4514 Fecit
3451 4466 3629 4512 autem
3678 4457 3777 4510 hoc

534 4543 635 4612 τὴν
672 4543 781 4611 γῆν
832 4543 929 4595 καὶ
975 4543 1145 4595 ποιιῖιν
1193 4544 1365 4613 αὐτὴν
1420 4546 1665 4616 τρέμειν.
1705 4567 1723 4597 ι
1783 4548 1992 4603 Ἐποίει
2049 4552 2105 4605 δὲ
2137 4531 2183 4590 D
2210 4564 2352 4619 Deus
2381 4571 2427 4616 el

1878 4551 1992 4603 τοίει
2049 4552 2105 4605 δὲ
2137 4531 2183 4590 D
2210 4564 2352 4619 Deus
2381 4571 2435 4616 et
2467 4562 2534 4615 ad
2570 4559 2831 4628 majorem
2859 4556 3061 4613 Iudaeis
3097 4553 3471 4608 iucutiendum
3499 4553 3771 4607 timorem,

534 4638 695 4691 τοῦτο
732 4640 761 4690 6
783 4638 937 4701 Θεὸς,
959 4638 1054 4691 καὶ
1070 4638 1158 4692 διὰ
1189 4637 1355 4706 φόϐον
1379 4636 1624 4702 πλείονα,
1659 4640 1751 4692 καὶ
1780 4641 1861 4703 είς
1909 4641 2107 4709 θάρσος
2212 4666 2266 4711 ει
2309 4664 2367 4710 ut
2405 4670 2427 4709 ε

1909 4641 2107 4709 θάρσος
2212 4666 2266 4711 et
2309 4664 2367 4710 ut
2405 4653 2672 4725 apostolis
2713 4660 2837 4721 post
2872 4650 3049 4704 minas
3102 4647 3223 4703 illas
3289 4644 3569 4699 audaciam
3608 4642 3774 4707 majo«

535 4732 733 4793 αὐτοὺς
772 4730 982 4797 ἐνάγων
1020 4729 1156 4800 μετᾶ
1203 4730 1302 4791 τὰς
1340 4730 1573 4792 ἀπειλὰς
1617 4731 1855 4794 ἐκείνας,
1896 4735 1992 4785 καὶ
2029 4738 2108 4799 είς
2209 4762 2428 4816 remque

1896 4735 1992 4785 καὶ
2029 4738 2108 4799 εις
2209 4762 2432 4816 remque
2479 4744 2732 4799 fiduciam
2794 4742 3113 4810 ingereret,
3171 4746 3227 4793 et
3289 4737 3549 4807 quoniam
3613 4734 3771 4785 initio

2208 4836 2453 4892 sensibili
2506 4850 2647 4905 opus
2696 4832 2971 4887 habebant
3019 4833 3199 4901 signo,
3229 4838 3288 4883 ut
3310 4829 3391 4882 eis
3438 4826 3773 4881 crederetur.

2209 4928 2403 4983 Postea
2439 4941 2569 4980 vero
2591 4938 2870 4994 nunquam
2901 4922 2955 4977 id
3000 4923 3202 4975 factum
3250 4928 3356 4975 est.
3408 4918 3542 4971 Illud
3596 4926 3777 4969 autem

2216 5037 2235 5068 ι
2275 5015 2485 5084 Repleti
2533 5022 2662 5067 sunt
2696 5012 2900 5081 Spiritu
2951 5018 3142 5065 sancto
3182 5029 3202 5061 ι
3244 5008 3465 5079 perinde
3513 5006 3651 5058 valet
3693 5019 3776 5066 ac,

2209 5108 2525 5163 inflammati
2551 5115 2679 5160 sunt
2706 5104 2929 5173 Spiritu,
2952 5112 3004 5157 et
3028 5104 3221 5156 iterum
3254 5113 3543 5155 accensum
3568 5098 3620 5150 in
3647 5096 3780 5164 ipsis

2207 5207 2290 5253 est
2322 5210 2538 5250 sacrum
2563 5195 2788 5247 donum.

538 4825 855 4893 παρρησίαν
879 4822 1121 4875 πλείονα.
1167 4822 1319 4875 Ἐπεὶ
1350 4822 1459 4891 γὰρ
1494 4822 1635 4893 ἀρχὴ
1661 4819 1751 4891 ἦν,
1792 4825 1886 4877 καὶ
1915 4827 2109 4897 αἰσθη-

534 4914 629 4966 τοῦ
675 4913 888 4966 ἐδέοντο
937 4911 1166 4982 σημείου
1218 4912 1355 4981 πρὸς
1384 4912 1445 4965 16
1481 4914 1839 4983 πιστευθῆναι
1883 4918 2103 4974 αὐτούε.

535 5004 694 5058 Iis-.6
761 5003 819 5056 δέ
872 5003 1065 5065 ταῦτα,
1115 5002 1353 5070 οὐδαμοῦ
1408 5004 1568 5057 τοῦτο
1617 5008 1853 5074 γίνεται.
1904 5009 1978 5060 T6
2022 5011 2099 5077 δὲ,

541 5114 557 5146 ι
606 5093 990 5165 Ἐπλήσθησαν
1037 5093 1355 5163 Πνεύματος
1399 5095 1581 5163 ἁγίου,
1634 5117 1652 5149 ι
1704 5098 1861 5151 τοῦτο
1912 5099 2099 5169 δηλοῖ,

548 5184 1005 5255 Ἀνεπυρώθησαν
1039 5183 1116 5254 τῷ
1157 5184 1453 5254 Πνεύματι,
1482 5188 1577 5240 καὶ
1605 5188 1887 5241 ἀνεκαίετο
1910 5191 1967 5241 ἐν
2004 5194 2102 5247 α)-

536 5282 649 5340 τοῖς
680 5280 743 5331 16
762 5279 1021 5349 χάρισμα.

541 5374 681 5444 Περὶ
733 5372 1053 5441 ὀμοψύχου
1107 5371 1207 5424 καί
1248 5371 1575 5439 καθολικῆς
1629 5379 1943 5443 κοινωνίας
1992 5379 2107 5432 τῶν
2208 5381 2372 5452 214
2426 5394 2434 5432 l

1857 5379 1943 5443 ίας
1992 5379 2107 5432 τῶν
2208 5381 2372 5452 214
2426 5380 2497 5433 De
2571 5380 2808 5431 unanimi
2875 5389 2922 5431 et
2998 5378 3150 5429 ιοιαίὶ
3222 5375 3579 5427 communione
3650 5372 3750 5435 ﬁde

1084 5463 1563 5517 πιστευσάντων.

1135 5556 1516 5610 ΚΕΙΜΕΝΟΝ.

612 5647 720 5701 Τοῦ
754 5647 813 5700 δὲ
845 5646 1080 5716 πλήθους
1116 5648 1226 5700 τῶν
1283 5650 1690 5703 πιστευσάντων
1735 5648 1801 5722 ἦν
1843 5656 1874 5724 ἡ
1908 5654 2107 5722 κοπρίαν

614 5762 660 5792 ¹⁹
714 5759 858 5814 Psal.
895 5776 952 5825 ιι,
989 5763 1035 5813 1.
1116 5760 1159 5792 ³ο
1198 5760 1327 5816 Luc.
1374 5780 1523 5828 nni,
1556 5764 1639 5818 12.
1718 5767 1757 5797 ³¹
1786 5766 1924 5820 l’sal.
1952 5783 2068 5827 cm,
2115 5768 2205 5819 5‘3.

1722 5856 1916 5916 Variae
1966 5856 2273 5920 lectiones
2319 5865 2377 5918 et
2422 5865 2616 5918 noue.

2933 5473 3085 5523 lium.

2854 5561 3155 5617 TEXTUS.

2281 5654 2370 5715 IV,
2393 5655 2482 5717 52,
2508 5654 2593 5707 55.
2615 5652 2974 5707 Multitudinis
2998 5660 3174 5705 autem
3200 5650 3665 5705 credentiumch
3686 5661 3781 5701 cor

617 5954 658 5986 “
683 5953 767 6008 ῖσ.
796 5949 981 6019 φασεν.
