4794 6454
1067 416 1172 481 891
1963 413 2540 474 THEOPHYLACTI
2582 413 2989 473 BULGARIE
3017 415 3365 474 ARCHIEP.
4218 399 4338 466 899.

1076 549 1244 586 imnm
1290 539 1344 586 et
1403 530 1582 584 anima
1609 546 1735 595 una,
1757 543 1854 584 nee
1871 529 2158 597 quisquam
2184 541 2371 580 eorum
2391 541 2510 594 quae
2527 539 2653 592 pos-
2683 525 2732 582 Α
2758 526 2850 578 καὶ
2889 527 2921 596 ἡ

2443 541 2510 578 ηε
2527 539 2653 592 pos-
2683 525 2850 582 Ακαὶ
2889 527 2921 596 ή
2973 526 3120 595 ψυχὴ
3166 527 3286 594 μία,
3323 525 3415 576 καὶ
3472 521 3646 583 οὐδείς
3709 537 3761 572 τι
3812 521 3919 573 τῶν
3964 518 4336 588 ὑπαρχόντων

1075 625 1348 682 sidebant,
1374 622 1579 689 aliquid
1625 636 1782 674 suum
1811 634 1933 674 esse
1967 619 2200 678 dii-ehat,
2232 617 2325 670 sed
2358 627 2514 670 erant
2540 615 2644 668 illis
2751 617 2932 671 αὐτῶν

2442 627 2514 668 int
2540 615 2644 668 illis
2751 617 2932 671 αὐτῶν
2997 620 3182 686 ἐλεγεν
3235 619 3369 670 ῐδιον
3411 611 3574 678 εἶναι,
3627 613 3744 667 ἀλλ’
3797 609 3864 683 ἦν
3902 613 4086 672 αὐτοῖς
4146 612 4335 663 πάντα

1075 715 1261 769 omnia
1326 713 1658 766 communia.
1718 712 1786 765 Et
1840 711 2046 764 virtute
2106 723 2300 775 magna
2350 707 2646 761 reddebant
2751 709 2968 762 κοινὰ.1

2441 707 2646 760 ﬂebant
2751 709 2925 762 κοινά.
2955 709 3067 760 Καὶ
3106 709 3319 779 μεγάλῃ
3345 706 3576 776 δυνάμει
3611 703 3896 758 ἀπεδίδουν
3921 703 3982 755 τὸ
4012 701 4334 771 μαρτύριον

1075 803 1309 874 apostoli
1348 802 1717 856 testimonium
1775 798 2198 854 resurrectionis
2239 794 2368 850 Jesu
2415 793 2641 856 Christi,

1078 895 1294 947 Domini
1344 893 1539 958 nostri,
1598 903 1652 947 et
1703 892 1876 962 gratia
1914 905 2108 959 magna
2144 898 2260 944 erat
2291 890 2343 940 in
2390 888 2646 940 omnibus

1078 989 1206 1042 illis.

1570 1070 2137 1128 COMMENTARIUS.

1147 1169 1262 1223 Hoc
1297 1178 1401 1234 est,
1445 1168 1616 1238 signis
1651 1165 2100 1219 demonstrabant
2153 1163 2334 1218 Jesum
2364 1164 2643 1218 Christum

1075 1260 1440 1312 resurrexisse
1471 1274 1485 1312 :
1535 1272 1643 1310 non
1688 1254 1831 1308 enim
1869 1255 1973 1306 alia
2007 1256 2218 1308 ratione
2249 1267 2555 1310 monstrare
2593 1254 2647 1308 id

1074 1359 1366 1418 poterant..

1713 1439 2010 1494 TEXTUS.

1147 1526 1240 1592 IV,
1262 1527 1352 1593 ΞΔ,
1369 1527 1458 1582 ⁸55.
1478 1526 1663 1597 Neque
1689 1529 1832 1581 enim
1851 1529 2140 1597 quisquam
2169 1542 2333 1594 egens
2360 1527 2650 1594 erat’inter

1077 1618 1220 1673 illos.
1243 1617 1519 1688 Quotquot
1539 1619 1682 1672 enim
1714 1633 2059 1688 possessores
2077 1633 2332 1687 agrorum
2352 1627 2439 1670 aut
2463 1618 2651 1670 domo-

1075 1724 1198 1762 rum
1229 1719 1408 1773 eranl,
1441 1708 1738 1762 vendentes
1767 1708 2064 1762 aﬂerchant
2105 1709 2280 1776 pretia
2309 1724 2497 1760 eorum
2529 1725 2650 1774 quze

1078 1799 1382 1852 vendebant
1441 1807 1493 1851 et
1526 1800 1798 1866 ponebant
1851 1810 1976 1852 ante
2035 1798 2200 1866 pedes
2251 1798 2644 1866 apostolorum.

2749 804 2804 878 0i
2848 801 3139 853 ἀπόστολοι
3193 801 3290 870 τῆς
3336 800 3688 861 ἀναστάσεως
3731 797 3828 850 τοῦ
3872 797 4080 867 Κυρίου
4117 795 4330 864 Ἰησοῦ,

2749 894 2908 962 χάρις
2936 909 2995 944 τε
3035 891 3247 961 μεγάλη
3279 886 3348 962 ἦν
3378 890 3473 944 ἐπὶ
3506 890 3716 952 πάντας
3746 887 3965 951 αὐτούς.

3341 1068 3722 1123 ΕΡΜΗΝΕΙΑ.

2818 1161 3100 1225 Τουτέστι,
3134 1160 3221 1213 διὰ
3254 1161 3362 1213 τῶν
3400 1161 3644 1230 σημείων
3674 1160 3972 1223 ἐδείκνυον,
3999 1159 4080 1211 ὅτι
4119 1159 4330 1227 ἀνέστη

2749 1249 2778 1299 ὁ
2808 1252 3042 1319 Χριστός
3064 1269 3076 1282 ·
3116 1252 3416 1320 οὐδαμόθεν
3454 1252 3563 1324 γὰρ
3596 1248 3745 1322 εἶχον
3776 1251 3999 1306 ἄλλοθεν
4051 1251 4328 1317 ἐπιδεῖξαι

2750 1343 2832 1395 ὅτι
2863 1342 3087 1412 ἀνέστη,
3124 1343 3238 1397 ἀλλ’
3266 1343 3298 1413 ἧ
3335 1345 3442 1395 ἀπὸ
3465 1343 3574 1394 τῶν
3610 1343 3874 1411 σημείων.

3345 1434 3728 1488 ΚΕΙΜΕΝΟΝ.

2823 1528 3010 1591 Οὐδεὶς
3051 1529 3239 1598 ἐνδεής
3269 1545 3354 1590 τις
3401 1528 3644 1597 ὑπῆρχεν
3686 1529 3745 1581 ἐν
3776 1527 3980 1589 αὐτοῖς.
4019 1528 4173 1579 Ὅσοι
4213 1527 4327 1593 γὰρ

2753 1621 3013 1689 κτήτορες
3073 1621 3289 1689 χωρίων
3349 1621 3383 1689 ἢ
3437 1619 3622 1671 οἰκιῶν
3671 1619 3936 1687 ὑπῆρχον,
4015 1616 4333 1679 πωλοῦντες

2752 1711 2946 1782 ἔφερον
2976 1713 3073 1774 τὰς
3105 1712 3274 1780 τιμὰς
3317 1712 3425 1763 τῶν
3463 1712 3947 1781 πιπρασκομένων,
3980 1712 4074 1763 καὶ
4113 1709 4333 1761 ἐτίθουν

2755 1802 2906 1872 παρά
2935 1804 3059 1864 τοὺς
3094 1803 3262 1864 πόδας
3288 1802 3400 1854 τῶν
3445 1803 3781 1856 ἀποστόλων.
3822 1801 4087 1855 Διεδίδοτο
4114 1800 4172 1853 δέ
4199 1801 4331 1854 ἐκά-

1076 1888 1435 1944 Dividebatur
1457 1898 1637 1942 autem
1665 1889 1893 1958 singulis
1930 1898 2090 1958 prout
2123 1889 2318 1957 cuique
2343 1905 2480 1958 opus
2505 1900 2641 1942 erat.
2679 1874 2722 1931 Β
2756 1909 2864 1961 στῳ
2895 1909 2966 1945 κα

1688 1889 1893 1958 ηἰηςυιίε
1930 1898 2090 1958 prout
2123 1889 2318 1957 cuique
2343 1905 2480 1958 opus
2505 1900 2641 1942 erat.
2679 1874 2722 1931 Β
2756 1909 2864 1961 στῳ
2895 1893 3017 1945 καθ’
3043 1893 3070 1945 ὅ
3093 1910 3176 1956 τις
3205 1893 3394 1963 χρείαν
3420 1889 3581 1962 εἶχεν.

1569 1999 2134 2054 COMMENTARIUS.

1147 2111 1225 2168 E2
1257 2128 1450 2183 magna
1486 2127 1591 2181 qua
1645 2114 1925 2181 apostolos
1971 2113 2444 2182 prosequebantur
2501 2127 2650 2166 revec

1078 2207 1254 2261 rentia
1295 2205 1481 2260 fideles
1519 2221 1694 2273 neque
1743 2205 1798 2258 in
1842 2221 2038 2260 manus
2071 2205 2178 2258 illis
2212 2205 2442 2257 tradere
2485 2203 2652 2256 aude-

1079 2297 1214 2352 bant
1243 2313 1425 2350 rerum
1465 2296 1809 2349 venditarum
1838 2297 2040 2365 pretia,
2075 2295 2172 2347 sed
2202 2297 2267 2346 ad
2294 2295 2460 2363 pedes
2495 2294 2651 2347 defe-

1080 2390 1268 2444 rebant
1299 2408 1312 2455 ;
1346 2400 1397 2443 et
1433 2389 1576 2456 ipsos
1611 2389 1996 2442 distributores
2041 2387 2405 2454 dominosque
2444 2385 2650 2440 consti-

1079 2481 1328 2540 tuebant,
1392 2489 1450 2533 ut
1497 2490 1754 2548 tanquam
1803 2480 2110 2534 communia
2169 2487 2223 2532 et
2282 2478 2433 2530 nullo
2491 2477 2653 2530 modo

1076 2575 1296 2642 propria
1369 2574 1557 2626 eadem
1594 2572 1986 2640 expenderent.
2059 2568 2211 2634 Quod
2276 2569 2494 2637 quidem
2545 2569 2654 2621 illis

1084 2665 1152 2718 ad
1191 2679 1383 2718 vanam
1415 2665 1643 2733 gloriam
1685 2661 1995 2718 evitandam
2038 2663 2270 2716 maxime
2316 2661 2652 2715 conferebat.

1717 2751 2020 2809 TEXTUS.

1148 2847 1240 2911 IV,
1265 2847 1356 2910 '56,
1385 2849 1475 2902 3'7.
1502 2846 1700 2914 Joseph
1739 2855 1944 2908 autem,
1977 2845 2068 2913 qui
2116 2842 2533 2912 cognominatus
2572 2850 2656 2896 est

1079 2939 1360 2993 Barnabas
1391 2938 1461 2991 ah
1479 2937 1762 3006 apostolis,
1792 2937 1937 3005 quod
1961 2944 2047 2990 est
2073 2937 2486 3002 interpretatum
2516 2951 2534 2983 ι
2569 2933 2656 2986 Ὲίε

1078 3029 1186 3083 lins
1213 3028 1626 3094 consolationis,
1667 3046 1686 3078 ι
1731 3025 2218 3096 Levites,Cyprius
2258 3039 2491 3094 genere,
2531 3039 2654 3077 cum

1081 3122 1305 3175 haberet
1347 3137 1558 3190 agrum,
1590 3119 1833 3174 vendidit
1865 3135 2009 3182 eum,
2039 3126 2094 3172 et
2121 3117 2300 3170 attulit
2321 3115 2574 3184 pretium,
2606 3123 2658 3170 et

1079 3215 1262 3282 posuit
1310 3225 1435 3268 ante
1472 3213 1635 3282 pedes
1663 3214 2062 3282 apostolorum.

1581 3303 2147 3359 COMMENTARIUS.

1149 3395 1349 3466 Joseph
1379 3398 1480 3451 iste
1521 3397 1663 3450 haud
1703 3397 1834 3450 mihi
1887 3398 1974 3450 ille
2018 3397 2232 3450 videtur
2273 3410 2419 3456 esse,
2460 3393 2552 3462 qui
2587 3391 2652 3444 ad

1081 3491 1402 3556 replendum
1456 3489 1770 3543 duodenum
1828 3489 2206 3556 apostolorum
2256 3488 2506 3546 chorum,
2566 3499 2658 3537 se-

1083 3581 1262 3636 lectns
1321 3596 1442 3634 cum
1481 3581 1707 3633 Malthia
1761 3580 1881 3634 fuit.
1926 3580 1976 3632 Is
2033 3581 2179 3631 enim
2221 3585 2275 3632 et
2321 3574 2520 3643 Joscph
2573 3575 2659 3625 di-

1082 3669 1310 3723 cebatur
1371 3679 1424 3723 et
1453 3669 1772 3734 Barsahas;
1825 3677 2014 3738 postea
2065 3682 2192 3720 vero
2246 3664 2658 3734 cognominatus

1083 3768 1168 3812 est
1214 3759 1422 3814 Justus.
1465 3760 1566 3813 Iste
1611 3773 1788 3812 autem
1827 3761 2006 3813 dictus
2061 3769 2143 3812 est
2187 3757 2498 3818 Barnabas,
2556 3755 2658 3806 hoc

1082 3851 1247 3920 215
1277 3860 1360 3906 est
1400 3871 1417 3903 ‹
1460 3853 1628 3906 Ριιίιιε
1678 3853 2068 3906 consolationis
2103 3870 2115 3904 :
2174 3869 2192 3902 ι
2231 3849 2376 3919 quod
2439 3846 2656 3912 quidem

1084 3957 1287 3995 nomen
1325 3959 1390 3996 ex
1422 3944 1624 3997 virtute
1655 3943 1883 3998 sortitus
1919 3943 2049 3996 mihi
2083 3958 2204 3996 esse
2237 3941 2476 4003 videtur,
2513 3941 2659 3992 velut

1083 4032 1154 4087 ad
1175 4035 1603 4088 consolationem
1635 4034 1998 4102 praestandam
2038 4035 2236 4086 eximie
2265 4034 2512 4086 idoneus.

1365 4125 1518 4179 Feria
1541 4134 1689 4178 sexta
1728 4125 2078 4178 hebdomadm
2102 4124 2374 4179 secundae.

1153 4216 1234 4271 De
1258 4218 1467 4272 Anania
1492 4228 1540 4270 ει
1573 4217 1823 4282 Saphira,
1861 4233 2143 4286 eorumque
2175 4221 2366 4271 acerba
2397 4227 2586 4272 morte.

1724 4389 2024 4445 TEXTUS.

1155 4504 1388 4569 V,l-ll.
1421 4503 1512 4557 Vir
1555 4513 1732 4558 autem
1777 4506 1997 4574 quidam
2021 4505 2238 4560 nomine
2257 4505 2656 4569 Ananias,cum

1091 4595 1322 4662 Saphira
1363 4609 1530 4650 uxore
1556 4610 1676 4658 sua,
1710 4595 1954 4649 vendidit
1982 4611 2171 4665 agrum
2204 4607 2256 4650 et
2299 4597 2572 4651 fraudavit
2595 4599 2663 4652 dc

1085 4687 1257 4756 pretio
1299 4688 1412 4754 agri
1444 4688 1662 4741 conscia
1718 4701 1887 4740 uxore
1909 4701 2006 4741 sua
2041 4696 2135 4748 :et
2189 4687 2425 4742 all'erens
2458 4699 2666 4758 partem

1083 4777 1401 4841 quamdam,
1432 4778 1498 4829 ad
1541 4777 1706 4845 pedes
1732 4778 2106 4845 apostolorum
2140 4780 2347 4848 posuit.
2383 4781 2532 4833 Dixit
2567 4796 2667 4833 an-

1085 4878 1194 4920 tem
1239 4866 1429 4920 Petrus
1490 4885 1504 4924 :
1567 4869 1797 4932 Anania,
1839 4883 1940 4922 cur
2004 4871 2236 4924 tentavit
2296 4870 2528 4925 Satanas
2573 4887 2668 4926 cor

1089 4968 1262 5022 tuum,
1297 4958 1517 5013 mentiri
1550 4966 1603 5011 te
1647 4958 1872 5028 Spiritui
1923 4971 2143 5027 sancto,
2194 4971 2248 5015 et
2302 4963 2558 5018 fraudare
2594 4965 2662 5018 de

1089 5051 1266 5119 pretio
1296 5051 1454 5120 agri?
1516 5052 1707 5105 Nonne
1743 5067 1972 5107 manens
2006 5053 2103 5107 tibi
2155 5057 2430 5120 niani-hat,
2483 5068 2535 5110 et
2565 5073 2658 5110 ve-

1095 5142 1405 5194 nundatum
1441 5142 1493 5195 in
1528 5152 1616 5195 tua
1643 5151 1761 5196 erat
1786 5145 2092 5211 potestate?
2126 5144 2308 5210 Quare
2333 5148 2562 5215 posuisti
2609 5148 2660 5200 in

1088 5230 1254 5285 co*de
1278 5239 1370 5284 tuo
1402 5231 1540 5284 hanc
1589 5232 1744 5286 rem?
1778 5231 1893 5284 Non
1924 5247 1982 5286 es
2038 5236 2304 5288 mentitus
2329 5236 2660 5302 hominibus,

1091 5321 1184 5374 sed
1217 5323 1346 5376 Deo.
1378 5322 1619 5377 Audiens
1657 5333 1838 5376 autem
1871 5323 2113 5378 Ananias
2141 5325 2255 5380 htec
2285 5329 2471 5388 verba.
2521 5329 2663 5382 cet-i-

1090 5413 1168 5465 dit
1197 5423 1250 5466 ct
1278 5415 1597 5482 exSpiravit.
1648 5415 1710 5469 Et
1732 5414 1908 5468 lactus
1933 5427 2016 5468 est
2046 5416 2206 5471 timor
2239 5435 2466 5488 magnus
2499 5437 2663 5488 super

1090 5518 1279 5558 Omnes
1344 5505 1439 5574 qui
1490 5506 1799 5560 audierunt.
1856 5505 2152 5575 Surgentes
2192 5518 2371 5564 autem
2431 5512 2662 5580 juvenes

3340 2005 3727 2058 ΕΡΜΗΝΕΙΑ.

2834 2115 2928 2166 Ἐκ
2956 2115 3154 2183 πολλῆς
3171 2114 3476 2180 εὐλαϐείας,
3502 2114 3624 2168 οὔτε
3644 2117 3723 2182 είς
3746 2115 3847 2180 τάς
3866 2120 4053 2188 χεῖρας
4077 2118 4328 2186 ἐτόλμων

2750 2205 2974 2266 δοῦναι.
3020 2205 3144 2257 οὕτε
3193 2208 3591 2276 τετυφωμένως
3635 2212 3930 2280 παρεῖχον·
3972 2210 4110 2264 ἀλλά
4169 2212 4330 2276 παρὰ

2751 2299 2879 2357 τοὺς
2913 2297 3079 2359 πόδας
3114 2297 3331 2367 ἔφερον,
3374 2299 3464 2351 καὶ
3498 2300 3693 2363 αὐτοὺς
3731 2302 4053 2371 οίκονόμους
4090 2303 4331 2371 ἠφίεσαν

2752 2389 3029 2456 γενέσθαι,
3063 2392 3158 2443 καὶ
3182 2390 3403 2459 κυρίους
3444 2392 3548 2444 τῶν
3586 2393 3733 2448 ίδίων
3763 2395 4010 2447 ἐποίουν·
4045 2395 4129 2447 ἵνα
4161 2395 4236 2457 ὡς
4262 2397 4330 2446 ἐκ

2754 2481 2950 2532 κοινῶν
3012 2481 3194 2534 λοιπὸν
3249 2482 3632 2552 ἀναλίσκηται,
3672 2487 3869 2553 μηκέτι
3906 2483 3980 2548 ὡς
4040 2487 4097 2552 ἐξ
4154 2487 4328 2540 ἰδίων.

2755 2569 2927 2622 Τοῦτο
2961 2570 3016 2622 δὲ
3047 2571 3182 2642 πρὸς
3216 2571 3308 2624 τὸν
3338 2572 3651 2636 ἀκενόδοξον
3679 2574 3862 2636 αὐτοῖς
3907 2574 4287 2629 συνεϐάλλετο.

3346 2746 3711 2798 ΚΕΙΜΕΝΟΝ

2841 2836 3028 2906 Ἶωσῆς
3058 2836 3116 2888 δὲ
3155 2847 3183 2889 ο
3233 2835 3551 2905 ἐπικληθεὶς
3595 2835 3883 2907 Βαρνάϐας
3909 2836 4017 2890 ἀπὸ
4047 2837 4156 2889 τῶν
4197 2836 4334 2892 ἀπο-

2760 2926 2983 2988 στόλων,
3016 2927 3042 2977 ὃ
3083 2929 3198 2978 ἐστι
3234 2926 3799 2997 μεθερμηνευόμενον,
3839 2927 4002 2990 «Υἱὸς
4034 2927 4330 2998 παρακλή-

2760 3036 2916 3083 σεως,
2939 3038 2955 3069 ι
2982 3019 3234 3088 Λευῒτης,
3262 3017 3505 3088 Κύπριος
3527 3019 3603 3089 τῷ
3627 3020 3793 3086 γένει,
3813 3019 4148 3090 ὑπάρχοντος
4176 3022 4331 3091 αὑτῷ

2760 3110 2955 3180 ἀγροῦ,
3004 3111 3284 3179 πωλήσας,
3342 3112 3541 3181 ήνεγκε
3589 3113 3655 3164 τὰ
3699 3114 3979 3182 χρήματα,
4009 3113 4105 3166 καὶ
4158 3111 4328 3183 ἐθηκε

2684 3204 2730 3265 C
2765 3204 2917 3274 παρά
2951 3206 3076 3268 τοὺς
3098 3204 3265 3266 πόδας
3286 3205 3395 3256 τῶν
3425 3205 3757 3256 ἀποστόλων.

3353 3296 3734 3349 ΕΡΜΗΝΕΙΔ.

2832 3386 2907 3438 Οὐ
2939 3387 3089 3438 δοκεῖ
3116 3404 3205 3455 μοι
3235 3387 3439 3449 ἐκεῖνος
3475 3382 3636 3450 εἶναι,
3665 3387 3694 3437 ό
3726 3385 3864 3455 μετά
3907 3385 4124 3440 Ματθία
4154 3385 4335 3454 ψηφιο

2764 3479 2912 3538 α’)εὶς
2945 3478 3022 3540 είς
3050 3478 3436 3547 ἀναπλήρωσιν
3467 3478 3561 3530 τοῦ
3577 3477 3739 3548 χοροῦ
3758 3478 3866 3530 τῶν
3892 3477 4117 3531 δώδεκα.
4157 3478 4336 3531 Ἐκεῖ-

2760 3588 2846 3631 νος
2870 3571 2978 3639 γὰρ
3012 3572 3106 3622 καὶ
3131 3571 3322 3639 Ἰωσῆς
3352 3570 3588 3636 ἐλέγετο,
3611 3571 3703 3622 καὶ
3735 3569 4042 3640 Βαρσαϐᾶς.
4067 3570 4338 3640 Ὕστερον

2760 3662 2815 3714 δὲ
2847 3662 3122 3732 ἐπεκλήθη
3169 3661 3412 3724 Ἰοῦστος.
3454 3655 3622 3724 Οὗτος
3663 3662 3719 3714 δέ
3757 3661 4064 3731 Βαρνάϐας,
4093 3663 4121 3716 ὅ
4155 3665 4334 3729 ἐστιν,

2767 3773 2785 3803 ε
2816 3753 2938 3814 Υίὸς
2963 3752 3380 3822 παρακλήσεως,
3405 3772 3423 3804 ι
3446 3754 3532 3806 καῖ
3554 3753 3700 3806 δοκεῖ
3728 3770 3838 3823 μοι,
3869 3753 3975 3806 ἀπὸ
4000 3753 4105 3822 τῆς
4126 3754 4338 3824 ἀρετῆς

2761 3847 3041 3914 εἰληφέναι
3069 3845 3130 3897 τὸ
3167 3845 3361 3915 ὄνομα,
3388 3845 3463 3910 ὡς
3495 3846 3631 3917 πρὸς
3659 3845 3817 3898 τοῦτο
3859 3845 4057 3908 ίκανῶς
4087 3846 4181 3898 καὶ
4210 3847 4335 3901 ἐπι-

2760 3937 2987 4007 τηδείως
3014 3937 3171 4008 ἔχων.

3064 4119 3141 4187 Τῇ
3177 4120 3501 4189 Παρασκευῇ
3532 4119 3631 4187 τῆς
3671 4117 3714 4188 β’
3740 4118 4045 4188 ἑϐδομάδος.

2760 4209 2898 4278 Περὶ
2933 4210 3209 4264 Ἀνανίου
3244 4210 3340 4264 καί
3365 4213 3725 4279 Σαπφείρης,
3757 4211 3855 4264 καί
3886 4209 4101 4279 πικρᾶς
4135 4213 4340 4266 αὐτῶν

3390 4298 3698 4366 τελευτῆς.

3356 4393 3739 4447 ΚΕΙΜΕΝΟΝ.

2851 4503 3015 4573 Ἀνὴρ
3049 4502 3104 4554 δέ
3134 4519 3216 4564 τις
3259 4503 3509 4565 Ἀνανίας
3537 4503 3784 4574 ὀνόματι,
3825 4505 3921 4557 σὺν
3952 4505 4246 4579 Σαπφείρῃ
4269 4511 4338 4576 τῇ

2769 4595 2989 4662 γυναικὶ
3020 4593 3212 4655 αὑτοῦ,
3243 4593 3492 4664 ἐπώλησε
3520 4595 3725 4664 κτῆμα,
3751 4594 3845 4646 καὶ
3873 4596 4195 4663 ἐνοσφίσατο
4227 4597 4340 4648 ἀπό

2767 4686 2866 4755 τῆς
2896 4668 3082 4754 τιμῆς,
3115 4685 3418 4749 συνειδυίας
3449 4685 3542 4738 καὶ
3587 4687 3683 4754 τῆς
3721 4686 3976 4752 γυναικὸς
4005 4685 4195 4739 αὑτοῦ.
4227 4688 4340 4740 Καὶ

2763 4779 2992 4845 ἐνέγκας
3037 4780 3200 4847 μέρος
3239 4793 3292 4828 τι
3347 4777 3495 4846 παρά
3519 4777 3645 4838 τοὺς
3677 4776 3846 4840 πόδας
3877 4777 3987 4829 τῶν
4019 4778 4340 4830 ἀποστόλων

2763 4873 2978 4943 ἔθηκεν.
3006 4868 3141 4927 Είπε
3181 4872 3238 4925 δὲ
3263 4871 3469 4940 Πέτρος
3503 4871 3639 4940 πρὸς
3666 4871 3828 4923 αὐτόν
3850 4887 3863 4900 '
3904 4871 4144 4933 Ἁνανία,
4178 4870 4265 4922 διά
4288 4871 4340 4921 τί

2765 4965 3081 5036 ἐπλήρωσεν
3111 4965 3138 5016 ὁ
3183 4964 3426 5026 Σατανᾶς
3469 4963 3570 5033 τήν
3616 4963 3843 5031 καρδίαν
3873 4980 3989 5027 σου,
4028 4962 4340 5030 ψεύσασθαί

2767 5075 2826 5110 σε
2891 5057 2952 5108 τὸ
2983 5056 3207 5126 Πνεῦμα
3243 5057 3304 5108 τὸ
3337 5056 3525 5122 ἅγιον,
3581 5056 3672 5108 καὶ
3717 5053 4073 5122 νοσφίσασθαί
4125 5071 4186 5106 σε
4230 5055 4340 5106 ἀπὸ

2759 5152 2861 5220 τῆς
2893 5150 3061 5220 τιμῆς
3093 5149 3186 5203 τοῦ
3233 5148 3432 5219 χωρίου
3462 5166 3475 5214 ;
3519 5147 3654 5217 Οὐχὶ
3701 5147 3859 5215 μένον
3904 5163 3984 5198 σοι
4021 5144 4211 5213 ἔμενε,
4245 5147 4338 5195 καὶ

2764 5244 2973 5314 πραθὲν
3018 5243 3078 5294 ἐν
3137 5245 3204 5311 τῇ
3246 5243 3311 5309 σῇ
3359 5239 3582 5308 ἐξουσίᾳ
3619 5238 3862 5308 ὑπῆρχε;
3895 5237 3960 5289 Τί
4007 5239 4088 5288 ὅτι
4121 5235 4251 5286 ἔθου
4284 5238 4338 5288 ἐν

2760 5335 2828 5402 τῇ
2875 5331 3073 5402 καρδία
3121 5349 3212 5383 σου
3257 5331 3317 5382 τὸ
3351 5331 3586 5400 πρᾶγμα
3613 5327 3807 5392 τοῦτο;
3843 5329 3956 5381 Οὐκ
3986 5327 4204 5394 ἐψεύσω
4241 5328 4334 5378 ἀν-

2763 5422 3022 5492 Θρὼποις,
3042 5421 3176 5475 ἀλλά
3205 5422 3280 5490 τῷ
3303 5419 3502 5490 Θεῷ’⁸.
3521 5418 3757 5472 Ἀκούων
3782 5419 3838 5471 δὲ
3865 5420 3894 5471 ό
3917 5418 4179 5480 ,Ἁνανίας
4213 5418 4338 5480 τοὺς

2766 5512 2960 5580 λόγους
3010 5514 3255 5578 τούτους,
3292 5510 3474 5563 πεσὼν
3504 5509 3728 5579 ἐξὲψυξε
3751 5527 3765 5541 ο
3802 5511 3892 5560 καὶ
3924 5505 4138 5576 ἐγένετο
4174 5507 4337 5574 φόϐος

2289 5689 2486 5749 Varia)
2536 5691 2840 5751 lectiones
2887 5698 2947 5752 et
2994 5698 3178 5751 notae.

1171 5807 1214 5838 ³⁸
1236 5807 1365 5870 θεδς
1404 5807 1494 5860 οὖν
1532 5810 1588 5862 τὸ
1615 5811 1834 5880 Πνεῦμα
1875 5813 1932 5864 τὸ
1968 5811 2142 5879 ἆγιον,
2171 5811 2197 5862 ὃ
2232 5809 2501 5878 ἐψεύσατο
2533 5812 2804 5875 ’.Χ-καικίας.
