4794 6454
500 439 608 504 893

1166 451 1713 515 EXPOSITIONIS
1760 457 1839 516 ΙΝ
1874 457 2060 517 ACTA
2110 459 2414 520 TEXTUS
2453 462 2720 520 ALTER.
2758 464 3006 524 —-CAI’.
3062 464 3141 525 ρν.

3665 466 3771 534 894

502 562 677 629 μέγας
725 561 818 613 ςεςὶ
839 560 1045 627 πάντας
1074 564 1202 628 τοὺς
1235 568 1533 633 ἀκούοντας
1561 572 1752 626 ταῦτα.
1796 574 2091 628 Ἀναστάν-
2119 579 2168 635 Α
2197 593 2395 630 amove

1873 576 2091 628 ιαστάν-
2119 579 2168 635 Α
2197 588 2516 631 amoverant
2549 594 2697 637 eum.
2724 588 2776 631 et
2828 578 3114 635 cﬂ‘crcntes
3150 581 3508 652 sepelierunt.
3546 582 3766 640 Factum

499 671 591 715 τες
642 654 700 707 δὲ
749 657 798 707 oi
854 655 1112 727 νεώτεροι
1159 661 1508 715 συνέστειλαν
1532 666 1716 730 αὑτὸν,
1750 667 1844 718 καὶ
1878 668 2091 737 ἐξενέγ-

500 766 701 810 καντες
732 749 958 817 ἔθαψαν.
992 750 1241 818 Ἐγένετο
1284 753 1340 806 δὲ
1379 755 1456 819 ὡς
1497 756 1656 827 (opth
1680 759 1845 829 τριῶν
1869 761 2089 831 διάστη-

507 856 607 908 μα,
643 841 742 892 καὶ
770 843 801 910 ἠ
834 843 971 911 γυνὴ
1022 842 1186 895 αὐτοῦ
1233 845 1309 914 μὴ
1344 848 1517 899 εἰδυῖα
1554 852 1612 901 τὸ
1639 851 1861 919 γεγονὸς
1908 854 2089 921 εἰσῆλ-

511 931 626 983 θεν.
674 930 975 1003 Ἀπεκρίθη
1027 933 1084 987 δὲ
1145 936 1282 1007 αὐτῇ
1342 938 1371 990 6
1408 938 1646 1008 Πέτρος·
1699 938 1835 995 Εἰπέ
1890 960 2001 1013 μοι,
2039 946 2087 997 εἰ

501 1024 762 1077 τοσούτου
787 1025 849 1076 τὸ
869 1027 1065 1095 χωρίον
1107 1029 1369 1084 ἀπέδοσθε
1398 1048 1413 1095 ;
1456 1030 1515 1084 ἸΙ
1550 1032 1605 1085 δὲ
1636 1028 1756 1087 εἷπε
1778 1054 1790 1066 ·
1820 1036 1928 1088 Ναὶ
1959 1054 2086 1089 τοσ-

500 1115 764 1169 ούτου.’0
794 1116 848 1170 δὲ
884 1118 1088 1188 Πέτρος
1151 1116 1273 1175 εἷπε
1329 1124 1466 1194 πρὸς
1506 1125 1710 1195 αὐτὴν
1740 1128 1804 1181 Τί
1828 1129 1910 1182 ὅτι
1956 1147 2084 1182 συν-

501 1204 769 1275 εφωνήθη
804 1208 930 1276 ὑμῖν
955 1211 1215 1279 πειράσαι
1240 1212 1302 1266 τὸ
1341 1214 1564 1284 Πνεῦμα
1599 1218 1836 1288 Κυρίου;
1876 1220 2006 1274 Ἰδοὺ
2035 1222 2083 1273 oi

497 1295 660 1359 πόδες
702 1297 812 1349 τῶν
845 1299 1131 1369 θαψάντων
1161 1302 1251 1355 τὸν
1279 1305 1449 1375 ἄνδρα
1485 1325 1581 1359 σου
1633 1309 1770 1379 πρὸς
1806 1313 1873 1381 τῇ
1919 1310 2081 1382 θύρᾳ,

500 1388 600 1441 καὶ
629 1390 904 1454 ἐξοίσουσὶ
934 1411 1016 1448 σε.
1062 1396 1266 1449 Ἔπεσε
1294 1398 1348 1451 δὲ
1401 1403 1749 1472 παραχρῆμα
1779 1406 1930 1474 παρὰ
1960 1407 2087 1470 τοὺς

502 1483 677 1547 πόδας
734 1484 830 1537 τοῦ
858 1487 1157 1542 ἀποστόλου
1192 1491 1286 1543 καὶ
1319 1491 1599 1562 ἐξέψυξεν.
1656 1496 2003 1561 Εἰσελθόντες
2029 1500 2085 1553 δὲ

496 1577 547 1631 οἱ
571 1578 872 1643 νεανίσκοι,
914 1574 1071 1651 εὗρον
1103 1583 1272 1654 αὐτὴν
1300 1588 1524 1655 νεκρὰν,
1577 1591 1672 1640 καὶ
1699 1588 2085 1657 ἐξενέγκαντες

499 1670 713 1739 ἔθαψαν
748 1673 883 1742 πρὸς
922 1672 1013 1727 τὸν
1072 1675 1245 1743 ἄνδρα
1299 1678 1491 1747 αὐτῆς.
1527 1679 1639 1732 Καὶ
1672 1681 1889 1747 ἐγένετο
1921 1682 2084 1751 φόϐος

503 1763 684 1832 μέγας
743 1765 828 1834 ἐφ’
861 1765 991 1835 ὃλην
1040 1769 1142 1837 τὴν
1181 1768 1527 1842 Ἐκκλησίαν,
1576 1774 1669 1826 καὶ
1720 1774 1813 1826 ἐπὶ
1876 1777 2085 1840 πάντας

500 1851 631 1913 τοὺς
666 1854 970 1920 ἀκούοντας
1003 1859 1196 1913 ταῦτα.

1101 1951 1488 2008 ΕΡΜΗΝΕΙΑ.

571 2038 638 2090 Et
691 2037 786 2090 καὶ
827 2040 856 2091 6
912 2040 1156 2106 Σατανᾶς
1204 2043 1365 2097 τοῦτο
1420 2046 1881 2117 ἐποίησεν,›ἀλλὰ
1919 2050 2083 2113 αὐτὸς

500 2132 679 2193 uitta;
709 2129 937 2199 γέγονεν
960 2134 988 2185 6
1012 2133 1308 2203 δεξάμενος
1338 2138 1507 2192 αὐτοῦ
1544 2139 1642 2211 τὴν
1673 2142 1958 2213 ἐνέργειαν
1990 2145 2083 2196 καὶ

500 2221 784 2294 πηρωθείς
801 2223 877 2277 ³⁸.
912 2224 1071 2294 ’ῌδει
1102 2226 1161 2278 δὲ
1208 2229 1236 2279 6
1282 2228 1607 2295 ἀπόστολος,
1636 2233 1720 2285 ὅτι
1756 2232 1932 2296 ἄλλως
1965 2252 2083 2299 πως

500 2316 601 2367 οὐκ
623 2314 695 2367 ἂν
730 2316 1001 2388 διορθωοῇ
1021 2334 1033 2347 ’
1053 2318 1135 2370 διὸ
1160 2320 1254 2373 καὶ
1270 2319 1407 2373 ὡσεὶ
1436 2324 1708 2391 σηπεδόνα
1742 2324 1849 2378 ἔδει
1880 2328 2084 2398 ἐκτμη-

502 2405 688 2472 θῆναι,
721 2405 809 2457 ἵνα
851 2406 929 2477 μὴ
984 2407 1042 2458 τὸ
1094 2407 1281 2461 λοιπὸν
1338 2408 1652 2479 λυμήνηται
1684 2412 1745 2465 τὸ
1779 2412 1940 2483 σῶμα
1983 2415 2083 2482 τῆς

513 2497 869 2566 Ἐκκλησίας.
915 2497 973 2551 '0
995 2500 1103 2569 γὰρ
1130 2498 1360 2553 τοιαῦτα
1379 2501 1543 2570 ὁρῶν,
1572 2503 1667 2554 καὶ
1693 2502 1767 2573 μὴ
1792 2504 2080 2573 κερδάνας,

500 2588 689 2658 πολλῷ
723 2590 925 2660 μᾶλλον
983 2594 1083 2645 οὐκ
1111 2592 1176 2646 ἂν
1209 2594 1412 2664 ἑτέρως
1453 2595 1766 2666 ἐκέρδανεν.
1820 2597 1935 2651 Οὐκ
1970 2598 2079 2651 ἔδει

498 2684 686 2735 τοίνυν
722 2683 913 2745 ἁπλῶς
962 2686 1255 2756 παρελθεῖν
1296 2687 1357 2739 τὸ
1401 2688 1556 2756 γένος
1574 2690 1642 2743 ³⁷.
1697 2689 1813 2742 Νῦν
1846 2691 1945 2760 μὲν
1972 2691 2081 2761 γὰρ

498 2768 657 2840 οὗτος
705 2774 1015 2847 ὠφέληται,
1057 2778 1133 2848 μὴ
1189 2780 1570 2849 προσελθὼνη
1629 2783 1943 2853 περαιτέρω
1975 2800 2079 2838 κα-

500 2876 649 2937 κίας,
693 2872 789 2926 καὶ
817 2874 866 2926 οἱ
890 2874 1068 2926 λοιποὶ
1107 2875 1516 2945 σπουδαιότεροι
1569 2876 1879 2943 γεγόνασιν.
1922 2876 2080 2931 Οὕτω

499 2966 595 3018 καὶ
647 2964 745 3017 ἐπὶ
790 2964 892 3034 τῆς
937 2964 1172 3019 κιϐωτοῦ
1225 2967 1480 3034 γέγονεν·
1526 2968 1686 3032 Ὀζᾶν
1737 2970 2075 3041 ἐτιμωρήθη,

499 3056 599 3110 καὶ
628 3057 853 3124 ἐγένετο
878 3059 991 3121 τοῖς
1017 3058 1197 3119 ἄλλοις
1218 3058 1404 3127 φόϐος.
1431 3060 1549 3113 υύκ
1577 3061 1780 3131 ἤρκεσε
1809 3061 1866 3114 δὲ
1886 3062 2075 3116 τούτου

504 3148 670 3218 μόνου
699 3151 731 3220 ἡ
764 3150 1004 3221 τιμωρία
1032 3168 1046 3182 ’
1075 3151 1221 3206 ἀλλὰ
1249 3154 1344 3205 καὶ.
1375 3153 1674 3207 συνειδέναι
1700 3153 1801 3225 τὴν
1816 3158 2074 3224 γυναῖκα,

2192 677 2276 724 est
2311 679 2492 723 autem
2526 671 2680 738 quasi
2736 670 2991 723 horarum
3026 673 3189 726 trium
3230 676 3488 744 Spatium,
3538 688 3588 731 ct
3636 694 3770 731 uxor

2198 761 2394 829 ipsius,
2428 764 2681 816 nesciens
2714 764 2859 831 quod
2892 761 3091 817 faetum
3118 759 3311 828 fuerat.
3356 767 3619 822 introivit.
3676 767 3770 821 Di-

2193 854 2271 906 xit
2326 864 2509 907 autem
2557 853 2605 907 ei
2650 853 2887 909 Petrus:
2947 855 3043 909 Die
3098 857 3254 919 mihi,
3293 857 3504 919 mulier.
3548 858 3593 913 si
3635 857 3770 912 tanti

2192 958 2383 1011 agrum
2413 943 2787 999 vendidistis?
2836 949 2901 999 At
2932 947 3021 999 illa
3053 945 3188 1000 dixit
3221 963 3236 1002 :
3266 946 3441 1000 Etiam
3476 950 3630 1003 tanti.
3671 949 3771 1003 l'c-

2192 1047 2307 1089 trus
2343 1048 2521 1090 autem
2556 1037 2624 1090 ad
2659 1052 2777 1091 eam
2817 1055 2830 1091 :
2868 1039 3008 1102 Quid
3063 1040 3253 1108 utique
3303 1042 3556 1093 convenit
3614 1042 3770 1097 vobis

2190 1136 2401 1181 tentare
2445 1128 2707 1198 Spiritum
2756 1128 3011 1182 Domini?
3059 1130 3195 1184 Ecce
3238 1130 3404 1200 pedes
3438 1147 3628 1187 eorum
3674 1134 3769 1203 qui

2189 1217 2524 1286 sepelierunt
2554 1220 2733 1272 virum
2768 1228 2919 1272 tuum
2969 1219 3033 1271 ad
3083 1220 3309 1283 os:iun:,
3342 1232 3395 1275 et
3427 1219 3655 1275 eﬂ‘erent
3691 1233 3763 1277 te.

2186 1308 2490 1362 Coiifestim
2527 1309 2724 1363 cecidit
2770 1322 2894 1364 ante
2941 1310 3104 1379 pedes
3160 1312 3280 1379 ejus
3336 1319 3390 1365 et
3444 1313 3766 1383 exspiravit.

2189 1398 2463 1454 lntrantes
2513 1408 2694 1454 autem
2745 1400 2996 1470 juvenes.
3046 1401 3374 1456 invenerunt
3407 1404 3564 1457 ‘illam
3620 1421 3767 1459 mor-

2189 1497 2362 1556 tuam,
2391 1501 2445 1545 et
2468 1491 2804 1558 extulerunt,
2836 1500 2890 1546 et
2922 1494 3263 1563 sepelierunt
3287 1493 3354 1546 ad
3378 1493 3552 1548 virum
3577 1513 3758 1551 suum.

2188 1582 2254 1637 Et
2285 1583 2465 1640 factus
2496 1598 2579 1642 est
2620 1588 2783 1642 timor
2831 1603 3063 1659 magnus
3104 1589 3161 1644 in
3202 1593 3462 1647 universa
3517 1591 3763 1647 Ecclesia

2187 1682 2243 1726 et
2280 1671 2332 1726 in
2367 1689 2560 1731 onmes
2600 1678 2692 1746 qui
2720 1678 3010 1732 audierunt
3034 1678 3171 1734 haec.

2690 1945 3266 2005 COMMENTARIUS.

2259 2035 2500 2093 Tametsi
2535 2038 2641 2094 hoc
2674 2036 2911 2094 Satanas
2941 2039 3151 2105 fecerit,
3188 2040 3549 2095 nihilominus
3591 2048 3644 2094 et
3676 2034 3766 2096 ille

2185 2143 2309 2184 reus
2336 2130 2456 2193 fuit,
2488 2130 2582 2201 qui
2623 2132 2769 2187 illius
2828 2133 2880 2185 in
2939 2146 2999 2188 se
3032 2134 3402 2203 operationem
3440 2133 3680 2199 admisit,
3711 2144 3768 2188 et

2183 2236 2245 2274 ea
2283 2221 2497 2290 impleri
2557 2238 2618 2277 se
2665 2224 2813 2280 sivit.
2863 2222 3032 2279 Norat
3087 2234 3269 2280 autem
3315 2226 3594 2296 apostolus
3637 2242 3762 2282 eum

2183 2314 2337 2367 nullo
2371 2314 2534 2369 modo
2580 2316 2971 2385 corrigendum
3027 2316 3143 2371 fore
3186 2335 3198 2371 :
3255 2328 3591 2387 quapmpter
3647 2327 3764 2371 tan-

2184 2419 2346 2470 quam
2386 2416 2544 2473 putre
2580 2406 2884 2460 membrum
2915 2406 3167 2461 exscindi
3219 2407 3531 2477 oportebat,
3574 2424 3644 2463 ne
3678 2423 3762 2462 re-

2185 2495 2394 2564 liquum
2440 2495 2703 2552 Ecclesia!
2736 2512 2937 2568 corpus
2991 2509 3386 2568 corrumperet.
3450 2500 3555 2565 Qui
3613 2500 3761 2554 enim

2185 2589 2316 2643 talia
2345 2590 2537 2645 videns
2579 2591 2716 2645 nihil
2776 2592 3107 2661 profecerat,
3160 2592 3410 2662 profecto
3443 2608 3621 2662 neque
3655 2594 3761 2646 alia

2183 2683 2398 2736 ratione
2433 2682 2779 2751 profecisset.
2815 2682 2933 2738 Non
2971 2686 3257 2755 oportehat
3282 2695 3464 2740 autem
3491 2686 3761 2754 ejusmodi

2184 2772 2388 2826 factum
2422 2774 2741 2829 omnimode
2773 2776 3077 2844 prmterire.
3134 2773 3248 2829 Hac
3274 2791 3403 2831 vero
3454 2779 3669 2832 ratione
3707 2786 3763 2832 et

2183 2863 2301 2935 ipse
2328 2866 2763 2919 emolumentum
2793 2865 3005 2933 habuit,
3025 2869 3170 2936 quod
3199 2884 3307 2922 non
3340 2870 3762 2938 progrederetur

2181 2960 2237 3014 in
2271 2959 2554 3029 nequitia;
2609 2967 2664 3013 et
2702 2958 2815 3021 alii,
2850 2960 2996 3030 quod
3032 2958 3229 3015 exinde
3282 2960 3447 3030 216
3484 2963 3762 3016 cautiores

2180 3052 2561 3105 redderentur.
2600 3049 2792 3105 Simile
2825 3051 2957 3121 quid
2992 3059 3047 3104 et
3077 3052 3229 3106 circa
3270 3066 3450 3106 arcam
3494 3053 3713 3121 contigit
3745 3070 3757 3104 :

2179 3157 2304 3197 cum
2338 3144 2481 3197 enim
2507 3142 2617 3197 Oza
2648 3145 2872 3214 punitus
2893 3153 2999 3208 est,
3025 3144 3117 3197 alii
3152 3145 3269 3199 utili
3301 3146 3494 3199 timore
3522 3149 3756 3215 perculsi

500 3239 598 3292 καὶ
624 3238 703 3310 μὴ
735 3241 931 3305 εἰπεῖν,
960 3242 1062 3311 τῆς
1105 3243 1297 3312 ὁμοίας
1330 3243 1473 3308 ἀξιοῖ
1506 3244 1798 3314 τιμωρίας,
1824 3246 2076 3316 Σημειω.
2105 3265 2148 3324 c
2183 3243 2331 3288 sunt.
2371 3233 2393 3288 Ε

1869 3264 2076 3316 ημειω.
2105 3265 2148 3324 c
2183 3243 2331 3288 sunt.
2371 3233 2477 3288 Sed
2500 3236 2637 3289 satis
2669 3249 2779 3289 non
2806 3233 2909 3289 luit
2948 3235 3110 3289 istius
3141 3236 3309 3290 solius
3335 3237 3547 3307 punitio
3579 3254 3592 3290 :
3626 3253 3762 3291 uxor

499 3330 644 3394 τέον,
674 3332 759 3383 ὅτι
790 3330 851 3383 τὸ
878 3332 1176 3386 συνειδέναι
1216 3333 1280 3385 τὸ
1310 3334 1595 3404 γινόμενον
1624 3336 1754 3402 παρ’
1787 3335 1943 3391 ἀλλον
1984 3354 2083 3390 κα-

501 3423 619 3487 κὸν,
658 3424 755 3477 καὶ
777 3426 1012 3495 σιωπᾷν,
1051 3425 1296 3497 ἁμαρτία
1326 3427 1495 3482 ἐστίν.

1095 3692 1347 3748 ΚΕΦΔΛ.
1391 3690 1483 3760 ς’.

897 3783 1154 3853 Κυριακὴ
1182 3782 1277 3837 τοῦ
1322 3785 1678 3856 ’Ᾱπιπάσχα.

506 3870 638 3926 Ὅτι
656 3871 802 3938 τοὺς
817 3874 1204 3941 ἀποστόλους
1226 3874 1635 3944 ἐμϐληθέντος
1654 3878 1725 3930 ἐν
1743 3876 1824 3943 τῷ
1851 3876 2081 3946 δεσμωο

572 3967 782 4032 τηρίφ,
826 3964 1080 4032 ἄγγελος
1124 3965 1231 4019 τοῦ
1286 3954 1441 4021 Θὲοῦ
1506 3967 1743 4035 νύκτωρ
1798 3964 2080 4031 ἐξέωσεν,

572 4055 904 4125 ἐπιτρέψας
940 4056 1262 4123 ἀκωλύτως
1309 4060 1644 4127 κηρύσσειν
1674 4060 1782 4112 τὸν
1813 4059 2080 4128 Ἰησοῦν.

1092 4147 1483 4202 KEIMENON.

573 4237 677 4291 Διὰ
727 4237 783 4291 δὲ
828 4236 940 4290 τῶν
988 4238 1187 4309 χειρῶν
1215 4241 1323 4293 τῶν
1371 4241 1711 4306 ἀποστόλων,
1742 4241 1957 4309 ιτένετο
1989 4256 2083 4309 σηο

507 4330 640 4398 μεῐα
667 4329 765 4380 καὶ
784 4330 988 4398 τέρατα
1009 4330 1068 4381 ὲν
1093 4327 1171 4399 τῷ
1207 4328 1323 4400 λαῷ
1352 4331 1522 4385 πολλά
1546 4347 1560 4361 °
1591 4332 1688 4384 καὶ
1715 4327 1856 4402 ἦσαν
1886 4329 2081 4399 ὁμοθυ-

508 4417 679 4489 μαδὸν
722 4417 960 4480 ἅπαντες
992 4420 1051 4471 έν
1078 4421 1145 4487 τῇ
1196 4421 1326 4488 στοᾷ
1355 4420 1448 4473 τοῦ
1481 4420 1825 4491 Σολομῶντος
1854 4437 1866 4448 ·
1897 4421 2005 4474 τῶν
2026 4421 2083 4474 δὲ

505 4510 717 4564 λοιπῶν
752 4510 930 4573 οὐδεὶς
978 4511 1181 4581 ἐτόλμα
1225 4512 1519 4566 κολλᾶσθαι
1553 4515 1739 4577 αὐτοῖς
1760 4530 1774 4546 ·
1809 4514 1919 4568 ἀλλ’
1953 4492 2082 4584 εμὲ-

2185 3328 2331 3382 enim
2356 3325 2502 3395 ejus,
2538 3326 2684 3396 quod
2714 3327 2943 3381 conscia
2984 3324 3111 3381 facti
3142 3337 3291 3381 esset
3341 3335 3397 3380 et
3442 3342 3547 3379 non
3588 3327 3762 3383 uani-

2189 3419 2465 3486 festasset,
2495 3433 2712 3488 plenam
2740 3419 2986 3473 eamdem
3016 3419 3335 3489 promeruit.
3377 3416 3529 3472 Unde
3568 3427 3761 3471 notan-

2185 3511 2311 3565 duin
2343 3517 2427 3565 est
2454 3524 2685 3581 peccare
2732 3525 2883 3575 eum,
2917 3511 3011 3581 qui
3042 3509 3296 3565 criminis
3327 3509 3396 3564 ab
3429 3510 3535 3564 alio
3562 3510 3759 3579 patrati

2185 3601 2444 3658 conscius
2467 3602 2611 3657 silet.

2789 3694 3019 3751 CAPUT
3059 3693 3153 3749 Vl.

2399 3786 2684 3841 Dominica
2722 3788 2963 3843 secunda
2993 3797 3113 3854 post
3142 3784 3353 3841 Pascha
3384 3784 3520 3856 (14).

2188 3880 2343 3947 Quod
2376 3880 2643 3948 apostolos
2672 3879 2726 3933 in
2758 3895 3019 3934 carcerem
3055 3879 3319 3948 conjecto:
3370 3878 3587 3947 angelus
3627 3879 3729 3931 edn

2256 3973 2418 4036 xerit,
2449 3972 2730 4043 injungens
2765 3972 2895 4037 illis,
2933 3982 2985 4024 ut
3018 3969 3206 4025 Iesum
3247 3972 3391 4024 omni
3435 3986 3555 4024 cum
3602 3970 3762 4024 tiber-

2253 4073 2362 4116 tate
2385 4063 2762 4129 praedicarent.

2814 4150 3114 4206 TEXTUS.

2259 4237 2324 4304 V,
2356 4238 2540 4292 12-20.
2570 4237 2670 4294 Per
2711 4252 2908 4292 manus
2942 4245 3124 4292 autem
3158 4237 3531 4308 apostolorum
3563 4236 3763 4290 fiebant

2185 4331 2340 4400 signa
2357 4340 2411 4385 et
2427 4328 2674 4399 prodigia
2699 4327 2866 4381 multa
2892 4331 2946 4380 in
2972 4327 3145 4397 plebe.
3168 4325 3236 4379 Et
3255 4334 3411 4379 erant
3428 4326 3763 4379 unanimiter

2184 4435 2377 4477 omnes
2395 4422 2449 4476 in
2467 4425 2678 4493 porticu
2699 4420 3026 4476 Salomonis.
3047 4419 3374 4474 Cmterorum
3398 4427 3580 4472 autem
3600 4431 3759 4472 nemo

2186 4513 2421 4568 audebat
2469 4528 2530 4568 se
2558 4515 2897 4583 conjungere
2926 4510 3036 4565 illis
3072 4526 3087 4576 ;
3128 4510 3222 4565 sed
3253 4509 3634 4579 magniﬁcabat
3664 4522 3760 4561 eos

503 4602 745 4669 ταὶυνεν
803 4600 1001 4665 αὐτοὺς
1051 4603 1081 4653 6
1133 4602 1289 4666 λαός
1349 4604 1552 4674 μᾶλλον
1612 4605 1669 4657 δὲ
1706 4604 2084 4676 προσετίθεντο
2117 4614 2160 4669 D
2188 4604 2396 4673 populu:

1853 4604 2084 4659 ετίθεντο
2117 4614 2160 4669 D
2188 4604 2438 4673 populus.
2489 4600 2659 4671 Magis
2716 4608 2897 4654 autem
2940 4599 3242 4667 augebatur
3288 4595 3627 4650 credentium
3693 4598 3746 4647 iu

503 4691 861 4756 πιστεύοντες
902 4693 983 4761 τῷ
1020 4694 1212 4764 Κυρίῳ
1241 4694 1420 4766 πλήθη
1446 4695 1658 4766 ἀνδρῶν
1691 4714 1751 4749 τε
1780 4700 1874 4751 καὶ
1903 4716 2089 4765 γυναι·
2185 4693 2396 4746 Domim

1864 4712 1874 4751 ι
1903 4716 2089 4765 γυναι·
2185 4693 2416 4746 Domino
2450 4691 2744 4750 multitudo
2772 4691 3016 4745 virorum
3049 4702 3114 4743 ac
3148 4688 3460 4751 mulierum,
3495 4688 3566 4740 ita
3610 4696 3667 4740 ut
3704 4688 3757 4740 in

502 4784 620 4835 κῶν
652 4798 666 4812 ο
699 4782 844 4836 ὥστε
893 4784 1036 4836 κατὰ
1066 4784 1162 4845 τὰς
1192 4785 1453 4847 πλατείας
1488 4786 1742 4856 ἐκφέρειν
1769 4787 1892 4849 τοὺς
1922 4786 2087 4838 ἀσθε-

504 4877 642 4937 νεῖς,
688 4875 783 4926 καὶ
835 4874 1041 4926 τιθέναι
1096 4875 1189 4926 ἐπὶ
1238 4875 1435 4929 κλινῶν
1466 4878 1558 4929 καὶ
1590 4876 1919 4946 κρασθάτων
1947 4918 1962 4943 ,
1997 4877 2085 4931 ῐνα

502 4963 812 5035 ἐρχομένου
836 4963 932 5016 τοῦ
974 4964 1181 5035 Πέτρου
1214 4965 1317 5018 κᾶν
1341 4968 1375 5037 ἡ
1397 4966 1525 5020 σκιὰ
1566 4967 1732 5021 αὐτοῦ
1784 4968 2084 5039 ὲπισκιάσῃ

500 5057 610 5108 τινὶ
636 5053 847 5107 αὐτῶν.
881 5056 1220 5126 Συνήρχοντο
1256 5056 1313 5110 δὲ
1361 5058 1456 5110 καὶ
1486 5058 1554 5113 τὰ
1584 5058 1765 5130 πλήθη
1790 5059 1899 5111 τῶν
1926 5059 2082 5129 πέριξ

504 5148 720 5201 πόλεων
779 5150 861 5211 είς
908 5149 1298 5222 Ἰερουσαλὴμ,
1353 5150 1611 5222 φέροντες
1680 5152 1927 5214 ἀσθενεῖς
1990 5152 2083 5204 καὶ

501 5236 869 5304 ὀχλουμένους
919 5236 1025 5289 ὑπὸ
1084 5238 1413 5308 πνευμάτων
1478 5239 1842 5310 ἀκαθάρτων*
1889 5239 2080 5302 οἵτινες

501 5329 902 5398 ἐθεραπεύοντο
932 5326 1191 5392 ἅπαντες.
1237 5330 1496 5393 ’Δναστὰς
1523 5332 1581 5384 δὲ
1611 5332 1640 5383 6
1668 5332 1955 5402 ἀρχιερεὺς
1984 5332 2081 5383 καὶ

503 5420 709 5482 πάντες
737 5418 789 5472 οἱ
826 5419 925 5474 σὺν
963 5418 1110 5490 αὐτῷ
1143 5421 1200 5490 (ἡ
1253 5415 1391 5475 οὖσα
1429 5422 1641 5492 αἵρεσις
1688 5423 1796 5475 τῶν
1848 5422 2075 5477 Σαδδου-

2184 4782 2390 4852 platcas
2420 4781 2681 4850 ejicerent
2706 4780 2953 4834 infirmos
2985 4788 3038 4834 et
3073 4789 3337 4847 ponerent
3362 4780 3413 4833 in
3454 4779 3667 4832 lectulis
3695 4797 3759 4831 ac

2194 4872 2460 4940 grabatis,
2495 4881 2576 4937 ut,
2613 4872 2866 4926 veniente
2914 4869 3097 4937 Petro,
3135 4873 3325 4924 saltem
3390 4871 3579 4923 innhra
3616 4871 3759 4922 illius

2183 4962 2534 5016 obumbraret
2563 4974 2893 5031 quemquam
2925 4962 3163 5027 illorum,
3187 4960 3263 5033 [et
3295 4963 3661 5016 liberarentur
3691 4964 3759 5012 ah

2190 5053 2601 5107 infirmitatibus
2632 5050 3191 5109 suis.lConcurrebat
3222 5066 3399 5107 autem
3429 5063 3483 5105 et
3517 5053 3761 5105 multitu»

2189 5144 2258 5197 do
2289 5142 2593 5197 vicinarum
2617 5143 2900 5197 civitatum
2932 5141 3256 5208 Jerusalem,
3280 5144 3564 5198 all‘erentes
3585 5158 3759 5212 aegros

2188 5246 2239 5291 et
2264 5244 2485 5289 vexatos
2513 5249 2543 5287 a
2596 5235 2885 5305 spiritibus
2926 5235 3256 5297 immundis,
3295 5236 3383 5303 qui
3423 5236 3758 5289 curabantnr

2188 5343 2400 5382 omnes.
2428 5329 2744 5395 Exsurgens
2803 5338 2982 5382 autem
3018 5330 3272 5398 princeps
3327 5328 3671 5383 sacerdotum
3704 5339 3758 5382 et

2182 5436 2373 5473 onincs
2421 5419 2514 5488 qui
2549 5435 2672 5473 cum
2719 5422 2811 5473 illo
2860 5429 3036 5483 erant,
3074 5436 3195 5490 qua:
3230 5430 3313 5474 cst
3353 5421 3579 5475 ltmrcsis
3618 5420 3759 5474 Sed.

1700 5598 1899 5659 Varim
1946 5599 2255 5662 lectiones
2293 5610 2355 5661 et
2403 5607 2591 5662 nota).

576 5696 622 5727 “
649 5695 979 5767 πληρωθείς.

1055 5700 1100 5731 ³⁷
1160 5701 1383 5769 γεγονός
1459 5702 1505 5731 ’⁸
1560 5702 1859 5772 προελθών.

576 5856 693 5929 (14)
717 5855 857 5929 Lege
888 5857 1163 5914 Damim’ca
1187 5861 1410 5914 secunda
1440 5860 1680 5916 I’asclttt'.
1712 5860 1842 5914 Vide
1864 5860 2102 5927 l’raefat.,
2125 5875 2309 5930 supra,
2342 5876 2491 5916 nunt.
2531 5860 2633 5927 γιι,
2659 5862 2760 5915 col.
2792 5861 2909 5927 itii,
2944 5870 3053 5914 not.
3084 5858 3183 5928 (α),
