4794 6454
1045 417 1150 473 895

1954 407 2337 467 TilEtil'llYl
2366 397 2975 462 ACTIHBUIBARLE
3007 396 3359 457 ARCHIEP.

4184 383 4303 446 3‘35

1046 526 1357 577 duca'o'tnui
1398 521 1580 588 repleti
1624 529 1747 572 sunt
1786 519 1927 571 zelo.
1977 520 2037 568 lit
2089 518 2388 588 injcceruut
2425 530 2619 570 niattus
2651 533 2691 573 Α
2724 509 2939 576 καίων),

2425 530 2619 570 manus
2651 533 2691 573 λ
2724 509 2940 576 καίων),
2971 507 3323 577 ἐπλήσθησαν
3361 504 3554 572 ζήλου·
3602 501 3695 552 καὶ
3739 496 4004 549 ἐπέϐαλον
4057 500 4154 558 τὰς
4192 502 4308 565 χεῖ-

1051 619 1104 669 iu
1144 617 1421 692 apostolos
1471 623 1522 666 et
1565 624 1977 682 posueruntcos
2018 612 2065 662 in
2103 609 2348 662 custodia
2377 610 2614 678 publica.

1049 707 1290 773 Angelus
1322 712 1500 756 autem
1537 703 1748 755 Domini
1782 717 1875 770 per
1907 709 2118 752 noctem
2154 697 2642 765 aperiensjanuas.

1048 800 1287 852 carceris
1334 806 1390 848 ct
1423 795 1662 848 educeus
1692 809 1805 853 eos,
1863 792 1995 844 dixit
2027 809 2039 845 :
2072 789 2167 848 Ite.
2203 799 2254 841 et
2295 797 2505 841 stantes
2541 786 2619 836 lo-

1050 889 1284 960 quimini
1314 889 1365 942 in
1401 887 1601 954 templo
1653 884 1796 953 plebi
1832 885 2010 935 omnia
2054 883 2216 936 verba
2267 882 2390 933 vita:
2434 878 2620 947 hujus.

1566 1062 2138 1120 COMMENTARIUS.

1133 1161 1257 1216 Post
1307 1162 1562 1228 injectum
1625 1161 1901 1223 timorem,
1936 1159 2088 1226 plura
2147 1156 2261 1226 ipse
2317 1165 2370 1209 et
2429 1153 2625 1222 reliqui

1058 1256 1216 1324 signa
1257 1254 1548 1306 faciebant.
1574 1252 1645 1305 Ex
1679 1253 1869 1304 timore
1893 1253 2036 1303 enim
2086 1250 2334 1304 Ecclesia
2381 1248 2628 1317 profit-ie-

1058 1347 1150 1400 bat
1181 1347 1232 1398 in
1267 1329 1461 1398 ὒάθόι
1491 1345 1624 1398 tides
1664 1345 1728 1397 ad
1768 1344 2026 1398 miracula
2053 1344 2472 1411 cooperabatur.
2511 1338 2626 1391 Non

1057 1439 1203 1490 enim
1240 1448 1427 1507 postea
1458 1436 1635 1500 facile,
1659 1446 1716 1489 ut
1775 1447 1956 1497 antea,
1981 1435 2321 1502 contemptui
2357 1433 2630 1485 habet-an-

1059 1538 1149 1580 tur
1184 1544 1198 1580 :
1229 1537 1283 1581 et
1335 1530 1501 1580 multa
1546 1537 1662 1581 erat
1694 1527 1845 1592 lides,
1883 1537 1936 1580 et
1971 1528 2144 1594 major
2193 1542 2352 1594 quam
2389 1536 2633 1594 tempore

1060 1620 1289 1673 tlhristi.
1342 1621 1530 1672 Simile
1577 1619 1720 1672 enim
1756 1622 1970 1672 vivente
2017 1618 2238 1671 Christo
2290 1617 2490 1669 factum
2527 1631 2632 1667 non

1060 1720 1166 1766 est.
1197 1711 1541 1764 Manentibus
1591 1713 1733 1765 enim
1768 1713 1874 1766 illis
1904 1727 1999 1764 nec
2026 1710 2516 1771 circumeuntibus,
2545 1724 2641 1759 uu-

1061 1805 1225 1870 dique
1251 1803 1623 1856 aﬂcrcbantur
1663 1823 1680 1854 ι
1721 1803 1917 1856 inﬁrmi
1954 1802 2006 1854 in
2067 1801 2280 1854 lectulis
2326 1815 2387 1851 ac
2438 1799 2626 1866 graba-

2727 619 2824 670 ρας
2857 601 2948 650 ἐπὶ
2982 598 3106 658 τοὺς
3145 594 3498 655 ἀποστόλους,
3530 592 3622 641 καὶ
3675 588 3858 640 ἔθεντο
3886 585 4084 647 αὐτοὺς
4120 588 4177 637 ὲν
4204 605 4314 654 τη-

2730 694 2886 762 ρήσει
2922 689 3178 760 δημοσίᾳ.
3216 688 3482 753 Ἀγγελος
3514 683 3569 734 δὲ
3607 681 3812 750 Κυρίου
3854 678 3942 730 διὰ
3970 678 4071 746 τῆς
4105 679 4310 740 νυκτὸς

2725 785 2902 854 ἧνοιξε
2931 785 3028 845 τὰς
3059 782 3230 850 θύρας
3249 779 3347 848 τῆς
3370 775 3615 844 φυλακῆς
3634 791 3646 804 ·
3681 769 3964 840 ἐξαγαγών
3993 788 4052 823 τε
4081 770 4312 830 αὐτοὺς,

2727 874 2848 930 εἷπε
2870 894 2883 906 ⁸
2909 874 3236 947 Πορεύεσθε,
3265 875 3358 923 καὶ
3391 867 3678 928 σταθέντες
3736 866 3944 917 λαλεῖτε
3970 865 4026 915 ὲν
4060 863 4138 932 τῷ
4176 862 4316 932 ἱερςρ

2727 968 2802 1038 τῷ
2831 968 2943 1038 λαῷ
2980 968 3154 1020 πάντα
3186 964 3251 1016 τὰ
3277 963 3496 1032 ῥήματα
3527 958 3626 1025 τῆς
3663 956 3806 1027 ζωῆς
3833 957 4055 1022 ταύτης.

3329 1049 3708 1108 EPMHNEIA.

2803 1152 2958 1206 Μετὰ
2991 1151 3050 1203 τὸ
3097 1146 3354 1217 γενέσθαι
3383 1147 3476 1197 τὸν
3515 1144 3680 1212 φόϐον
3736 1140 3938 1202 αὕτῶν,
3963 1137 4182 1191 πλείονα
4219 1154 4323 1206 ση-

2735 1252 2861 1318 μεῖα
2894 1243 3091 1304 ἐποίει,
3134 1240 3229 1291 καὶ
3275 1238 3432 1298 αὐτὸς
3465 1237 3556 1288 καὶ
3592 1235 3641 1288 οἱ
3676 1232 3874 1285 λοιποί.
3917 1230 4048 1282 Ἀπὸ
4079 1229 4189 1298 γὰρ
4217 1228 4321 1279 τοῦ

2735 1339 2902 1406 φόϐου
2931 1335 3010 1396 είς
3042 1332 3263 1384 πλείονα
3297 1329 3478 1380 πίστιν
3519 1325 3759 1379 ἐπεδίδου
3800 1323 3831 1392 ὴ
3873 1319 4171 1388 Ἐκκλησία
4197 1335 4209 1348 ·
4233 1318 4323 1370 διὸ

2733 1433 2828 1483 καὶ
2881 1430 2913 1495 ὴ
2961 1426 3145 1486 πίστις
3187 1425 3444 1491 συνήργει
3473 1422 3584 1481 τοῖς
3615 1417 3913 1486 θαύμασιν.
3949 1414 4060 1466 Οὔκ
4086 1412 4168 1464 ’ἐτι
4205 1412 4322 1478 γὰρ

2732 1521 2829 1573 τοῦ
2858 1517 3048 1572 λοιποῦ
3087 1513 3556 1582 εὐκαταφρόνητοι
3592 1505 3734 1578 ἦσαν
3769 1506 4026 1573 καθάπερ
4054 1505 4151 1556 καὶ
4173 1503 4319 1567 πρὸ·

2737 1631 2931 1685 τερον·
2967 1610 3101 1663 ἀλλὰ
3132 1608 3304 1675 πολλὴ
3326 1611 3358 1676 ἡ
3395 1606 3579 1665 πίστις
3614 1605 3709 1654 καὶ
3753 1596 3978 1668 μείζων.
4010 1597 4043 1665 ἦ
4081 1595 4173 1646 ἐπὶ
4216 1593 4323 1645 τοῦ

2741 1703 2997 1772 Χριστοῦ.
3039 1699 3210 1754 Τοῦτο
3245 1699 3355 1767 γὰρ
3401 1697 3496 1747 ἐπὶ
3535 1693 3630 1746 τοῦ
3685 1688 3922 1760 Χριστοῦ
3983 1688 4042 1738 ού
4101 1686 4320 1753 γέγονε.

2741 1795 3029 1847 Μενόντων
3064 1791 3172 1861 γὰρ
3232 1788 3433 1848 αὐτῶν,
3499 1785 3594 1837 καὶ
3642 1783 3704 1835 οὐ
3757 1777 4157 1850 περι[ι]όντων,
4221 1774 4327 1826 καὶ

1062 1897 1156 1959 tis,
1209 1913 1227 1948 ι
1269 1905 1327 1947 ut
1365 1912 1428 1949 ex
1459 1896 1650 1948 umbra
1693 1895 1837 1948 Petri
1891 1904 2239 1946 sanarentur.
2290 1890 2400 1942 lloc
2453 1898 2632 1941 autem
2670 1863 2711 1919 Β
2741 1885 2955 1937 ἄλλοθεν

2453 1898 2632 1941 autem
2670 1863 2711 1919 Β
2741 1885 2961 1937 ἄλλοθεν
2985 1885 3243 1951 ἐφέροντο
3272 1880 3470 1940 πάντες
3501 1876 3591 1927 ἐπὶ
3624 1873 3819 1925 κλινῶν
3847 1871 3937 1921 καὶ
3960 1867 4319 1934 κραὸὖάτων,

1063 1988 1317 2056 contigit,
1352 1988 1610 2055 quoniam
1646 1988 1762 2057 ipse
1807 1987 2062 2042 Chrisms
2095 1985 2356 2038 Dominus
2380 1982 2515 2034 dixit
2550 1983 2591 2011 ³³
2621 2000 2633 2035 :

1071 2098 1091 2131 ι
1134 2077 1236 2144 Qui
1269 2079 1439 2133 credit
1483 2081 1535 2131 in
1573 2095 1679 2142 me,
1711 2094 1876 2147 opera
1906 2093 2029 2147 qua:
2064 2092 2164 2145 ego
2198 2075 2359 2139 facio,
2383 2084 2436 2126 et
2472 2074 2636 2142 217

1065 2172 1184 2240 ipse
1251 2171 1433 2234 faciet,
1481 2180 1535 2226 et
1575 2171 1781 2240 majora
1825 2173 2017 2225 horum
2058 2168 2240 2221 faciet.
2304 2186 2321 2217 ι
2372 2165 2450 2218 En
2501 2182 2630 2217 vero

1068 2263 1347 2334 impletum
1386 2263 1487 2318 boc
1517 2265 1746 2318 dictum.

1394 2442 1636 2496 Sabbato
1668 2441 2020 2495 hebdomadas
2052 2440 2322 2495 secundm.

1070 2536 1225 2601 Quod
1263 2546 1474 2606 postera
1497 2535 1579 2586 die
1618 2535 1892 2601 pontiﬁces
1926 2550 2012 2586 eos
2057 2549 2242 2584 rursus
2304 2533 2642 2600 comprehen-

1145 2645 1250 2691 sos,
1285 2644 1349 2682 ne
1378 2626 1607 2694 amplius
1651 2626 1920 2689 docerent,
1975 2625 2272 2694 ﬂagellutos
2315 2624 2639 2677 dimiserint.

1704 2799 2006 2854 TEXTUS.

1145 2894 1211 2961 γ,
1229 2896 1417 2951 21-59..
1437 2895 1680 2960 Quicum
1706 2895 2006 2955 audissent,
2043 2895 2385 2946 intraverunt
2405 2894 2648 2945 diluculo

1073 2988 1130 3043 in
1160 2988 1439 3056 templum,
1492 2995 1543 3041 et
1579 2985 1869 3039 docebant.
1919 2985 2228 3040 Adveniens
2286 2994 2467 3037 autem
2507 2985 2654 3052 prin-

1075 3093 1206 3145 ceps
1256 3076 1599 3131 sacerdotum
1631 3085 1684 3129 et
1713 3075 1807 3145 qui
1856 3089 1979 3128 cum
2029 3090 2096 3128 eo
2118 3085 2293 3138 erant,
2319 3090 2652 3129 convocavc-

1081 3182 1205 3225 runt
1232 3173 1523 3226 concilium
1551 3181 1604 3225 et
1631 3187 1823 3225 omnes
1854 3172 2099 3225 seniores
2124 3171 2358 3224 filiorum
2384 3171 2570 3233 Israel,
2599 3180 2650 3225 et
2677 3198 2721 3260 C
2759 3181 2858 3217 σαν
2890 3165 2974 3233 sip

2132 3171 2358 3224 ﬁliorum
2384 3171 2570 3233 Israel,
2599 3180 2650 3225 et
2677 3198 2721 3260 C
2759 3181 2858 3217 σαν
2890 3165 2990 3233 τὴν
3023 3160 3318 3230 γερουσίαν
3343 3157 3449 3209 τῶν
3479 3154 3613 3207 υἱῶν
3647 3149 3900 3220 Ἰσραήλ·
3934 3148 4025 3198 καὶ

1080 3266 1348 3319 miserunt
1377 3269 1441 3317 ad
1469 3281 1766 3329 carcerem,
1791 3274 1847 3318 ut
1879 3265 2298 3319 adducerentur.
2319 3266 2451 3318 Cum
2472 3273 2651 3318 autem

1082 3356 1363 3408 venissent
1401 3355 1657 3420 ministri,
1695 3364 1748 3409 et
1784 3363 1973 3424 aperto
2009 3372 2233 3409 carcere
2281 3372 2387 3408 non
2417 3355 2657 3409 invenis-

1083 3457 1205 3502 sent
1236 3447 1378 3509 illos,
1414 3449 1615 3501 reversi
1665 3449 2083 3513 nuntiaverunt,
2116 3449 2356 3501 dicentes
2391 3465 2403 3499 :
2455 3447 2656 3500 Carce-

1083 3554 1196 3592 rem
1230 3539 1446 3609 quidem
1479 3539 1786 3592 invenimus
1813 3539 2058 3593 clausum
2093 3555 2216 3591 cum
2248 3541 2396 3591 omni
2432 3538 2659 3606 diligen-

1085 3632 1182 3694 tia,
1214 3639 1268 3685 et
1295 3633 1551 3685 custodes
1578 3641 1786 3686 stantes
1812 3641 1938 3685 ante
1965 3633 2200 3700 januas;
2237 3633 2543 3700 aperientes
2561 3647 2658 3685 au-

1084 3729 1193 3775 tem
1251 3725 1520 3776 neminem
1578 3724 1724 3775 intus
1771 3724 2099 3777 invenimus.
2141 3724 2211 3779 Ut
2251 3733 2429 3776 autem
2473 3722 2662 3775 audie-

1086 3821 1216 3867 runt
1248 3815 1348 3868 hos
1376 3829 1659 3869 sermones
1709 3818 2059 3884 magistratus
2092 3816 2276 3883 templi
2303 3825 2354 3867 et
2387 3815 2660 3884 principes

1086 3905 1435 3958 sacerdotum
1492 3908 1840 3975 anibigehant
1881 3907 1951 3961 de
2011 3909 2122 3962 illis
2173 3911 2430 3977 quidnam
2487 3907 2658 3959 fit-ret.

1087 3997 1397 4053 Adveniens
1426 4010 1607 4053 autem
1644 4000 1864 4068 quidam
1896 4001 2167 4055 nuntiavit
2210 4003 2326 4056 eis:
2366 3999 2502 4065 Quia
2536 4013 2664 4053 ecce

1089 4089 1216 4153 viri,
1253 4105 1393 4157 quos
1435 4091 1701 4160 posuistis
1739 4094 1790 4145 in
1847 4109 2148 4156 carcerem,
2192 4104 2319 4148 sunt
2375 4095 2426 4146 iu
2461 4094 2664 4161 templo

1088 4186 1298 4232 stantes
1331 4191 1379 4232 et
1411 4179 1672 4236 docentes
1713 4185 1996 4251 populum.
2031 4183 2187 4237 Tunc
2213 4184 2348 4237 abiit
2380 4185 2666 4252 magistra-

1093 4280 1180 4324 tus
1208 4285 1330 4324 cum
1369 4271 1634 4324 ministris
1671 4283 1724 4327 et
1775 4273 1998 4327 adduxit
2050 4274 2170 4329 illos
2215 4277 2331 4329 sine
2361 4276 2406 4328 vi
2452 4294 2464 4329 :
2512 4279 2669 4328 time-

1092 4362 1223 4416 bant
1252 4363 1395 4416 enim
1429 4366 1686 4433 populum
1714 4382 1781 4418 ne.
1836 4367 2228 4436 lapidarentur.
2259 4369 2467 4421 Etcum
2501 4368 2670 4421 addu-

1098 4454 1318 4508 xissent
1348 4455 1494 4518 illos,
1533 4464 1839 4509 statuerunt
1869 4458 1920 4510 in
1967 4459 2225 4524 concilio,
2266 4470 2318 4511 et
2359 4459 2666 4527 interroga-

2741 1978 2830 2028 ἵνα
2860 1975 2964 2026 ὑπὸ
3007 1973 3105 2040 τῆς
3147 1973 3306 2031 σκιᾶς
3346 1970 3439 2018 τοῦ
3473 1966 3680 2034 Πέτρου
3710 1958 4113 2031 θεραπευθῶσι.
4146 1954 4330 2006 Τοῦτο

2740 2068 2794 2120 δὲ
2847 2067 3092 2134 γέγονεν,
3141 2061 3331 2129 ἐπειδὴ
3375 2061 3404 2111 6
3459 2055 3690 2126 Χριστὸς
3721 2052 4064 2119 ἀπεφήνατο,
4090 2049 4170 2099 ὅτι
4210 2063 4230 2094 ι
4262 2046 4332 2096 οι

2742 2158 3141 2217 πιστεύσαντες
3196 2153 3275 2215 εἰς
3324 2150 3444 2218 ἐμὲ,
3481 2148 3551 2201 τὰ
3604 2146 3744 2216 ἔργα
3777 2144 3813 2198 ἃ
3843 2141 3954 2210 ἐγὼ
3981 2141 4140 2202 ποιῶ,
4169 2158 4186 2190 ο
4222 2139 4328 2189 κά-

2743 2255 2910 2302 κεῖνοι
2961 2249 3273 2314 ποιήσουσι,
3319 2242 3413 2294 καὶ
3468 2240 3693 2309 μείζονα
3742 2237 3948 2289 τούτων
3979 2233 4330 2302 ποιήσουσιν.

2745 2343 2887 2410 Ὅρα
2906 2339 2961 2391 δὲ
2979 2336 3301 2390 ἐκϐαίνων”
3328 2334 3387 2385 τὸ
3416 2330 3721 2400 εἰρημένον.

2957 2429 3049 2498 Τῷ
3079 2426 3343 2495 Σσὸϐάτῳ
3374 2423 3474 2489 τῆς
3499 2420 3759 2488 δευτέρας
3795 2415 4109 2484 ὲδδομάδος.

2750 2523 2881 2574 Ὀτι
2912 2518 2986 2586 τῇ
3023 2517 3170 2584 ἑξῆς
3200 2515 3422 2578 αὐτοὺς
3450 2514 3506 2565 οι
3553 2507 3852 2579 ἀρχιερεῖς
3877 2505 4063 2557 πάλιν
4083 2504 4332 2555 συλλα-

2818 2615 3074 2678 ϐόμενοι,
3117 2609 3206 2676 ἐφ’
3247 2600 3294 2673 ᾧ
3319 2602 3538 2675 μηκέτι
3565 2601 3896 2666 διδάσκειν,
3921 2596 4336 2665 μαστίξαντες

2821 2703 3162 2757 ἀπέλυσαν.

3358 2787 3745 2843 KEIMENON.

2824 2889 3189 2950 Ἀκούσαντες
3219 2886 3298 2948 δὲ,
3342 2882 3592 2950 εἰσῆλθον
3646 2879 3750 2931 ὑπὸ
3789 2875 3882 2928 τὸν
3938 2874 4134 2944 ὄρθρον
4163 2873 4246 2934 είς
4277 2871 4339 2924 τδ

2756 2981 2901 3048 ἱερὸν
2931 2981 3027 3033 καὶ
3060 2978 3355 3030 ἐδίδασκον.
3395 2969 3843 3041 Παραγενόμενος
3875 2964 3930 3016 δὲ
3964 2965 3992 3016 6
4043 2962 4338 3031 ἀρχιερεὺς

2755 3074 2851 3125 καὶ
2881 3073 2932 3123 oi
2966 3072 3062 3122 σὺν
3089 3067 3255 3136 αὐτῷ,
3291 3063 3662 3118 συνεκάλεσαν
3688 3059 3749 3110 τὸ
3777 3057 4078 3122 συνέδριον,
4113 3054 4209 3104 καὶ
4235 3053 4340 3104 πᾶ-

4077 3146 4334 3197 ἀπέστει-

2756 3259 2852 3310 λαν
2882 3260 2958 3317 εἰς
2988 3256 3048 3307 τὸ
3091 3254 3463 3322 δεσμωτήριον
3491 3245 3720 3316 ἀχθῆναι
3769 3241 3990 3300 αὐτούς.
4042 3237 4107 3289 οἱ
4139 3236 4196 3288 δὲ
4227 3235 4335 3286 ῦπ-

2757 3349 2952 3418 ηρέται
2997 3343 3452 3413 παραγενόμενοι,
3474 3339 3570 3406 οὐχ
3592 3330 3747 3404 εὗρον
3777 3333 3977 3393 αὐτοῖς
3998 3333 4052 3382 ἐν
4075 3331 4156 3397 τῇ·
4171 3326 4344 3418 φυλα-

2887 3437 3318 3506 Ἀνατρέψαντες
3370 3431 3428 3484 δὲ
3472 3426 3815 3498 ἀπήγγειλαν
3839 3423 4121 3488 λέγοντες,
4148 3415 4343 3510 ὁτι-Τὸ

2765 3535 2862 3602 μὲν
2911 3530 3285 3597 δεσμωτήριον
3342 3522 3579 3592 εὕρομεν
3627 3514 4013 3583 κεκλεισμένον
4068 3511 4125 3562 ὲν
4187 3508 4343 3576 πάσῃ

2761 3598 3055 3693 ἀσφαλείᾳ,
3100 3620 3197 3674 καὶ
3248 3620 3375 3677 τοὺς
3420 3612 3667 3679 φύλακας
3701 3605 3940 3665 ἑστῶτας
3961 3602 4068 3672 πρὸ
4097 3599 4208 3652 τῶν
4248 3598 4344 3649 θ)-

2767 3720 2906 3790 ρῶν·
2956 3715 3265 3779 ἀνοῖξαντες
3307 3711 3386 3772 δὲ,
3441 3709 3550 3760 ἔσω
3606 3703 3794 3757 οὐδένα
3839 3697 4099 3767 εὕρομεν.
4161 3694 4255 3754 Ὠς
4290 3692 4344 3742 δὲ

2763 3813 3005 3881 ἥκουσαν
3059 3808 3184 3867 τοὺς
3247 3804 3439 3869 λόγους
3484 3798 3728 3858 τούτους,
3788 3794 3814 3844 ὅ
3861 3808 3920 3842 τε
3961 3789 4138 3856 ἱερεὺς
4184 3784 4288 3836 καὶ
4323 3785 4348 3833 ὁ

2766 3875 3074 3972 στρατηγὸς
3108 3897 3201 3950 τοῦ
3245 3892 3414 3964 ἱεροῦ,
3465 3891 3568 3944 καὶ
3631 3887 3680 3939 οἱ
3737 3882 4011 3954 ἀρχιερεῖς
4047 3875 4348 3972 διηπόρουν

2767 3998 2896 4065 περὶ
2927 3992 3130 4054 αὐτῶν,
3165 3990 3218 4041 τί
3263 3989 3328 4041 ἂν
3379 3984 3592 4052 γένοιτο
3642 3978 3836 4031 ταῦτα.
3895 3970 4350 4042 Παραγενόμενος

2765 4085 2821 4138 δέ
2841 4060 2935 4146 ττις
2970 4079 3307 4152 ἀπήγγειλεν
3342 4077 3524 4136 αὐτοῖς
3551 4073 3745 4139 λέγων,
3771 4070 3852 4120 ὅτι
3880 4065 4015 4117 Ἰδοὺ
4056 4063 4104 4112 οἱ
4157 4060 4350 4126 ἄνδρες

2766 4178 2858 4238 οὓς
2892 4175 3078 4229 ἔθεσθε
3109 4175 3166 4225 ἐν
3181 4174 3246 4241 τῇ
3281 4168 3521 4238 φυλακῇ,
3561 4165 3700 4217 εἰσιν
3729 4163 3788 4212 ὲν
3821 4159 3899 4225 τῷ
3933 4154 4064 4225 ἱερῷ
4115 4153 4350 4211 ἑστῶτες

2767 4270 2862 4322 καὶ
2888 4267 3230 4324 διδάσκοντες
3263 4264 3354 4313 τδν
3380 4259 3529 4314 λαόν,
3549 4257 3681 4308 Τότε
3702 4248 3955 4306 ἀπελθὼν
3986 4248 4015 4299 6
4043 4243 4352 4314 στρατηγὸς

2773 4361 2871 4414 σὺν
2902 4361 3020 4419 τοῖς
3065 4354 3386 4423 ὑπηρέταις,
3419 4350 3628 4418 ἢγαγεν
3675 4343 3894 4404 αὐτοὺς,
3925 4340 3984 4391 οῦ
4015 4336 4152 4405 μετὰ
4185 4334 4348 4401 βίας’

2769 4448 3066 4519 ἐφοϐοῦντο
3124 4447 3232 4512 γὰρ
3263 4443 3354 4494 τὸν
3392 4440 3540 4502 λαὸν,
3568 4438 3651 4490 ἵνα
3694 4434 3767 4504 μὴ
3786 4428 4138 4484 λιθασθῶσιν.
4182 4427 4350 4491 Ἀγα-

1093 4543 1173 4596 vit
1200 4558 1294 4597 eos
1326 4547 1582 4613 princeps
1615 4548 1991 4608 sacerdotum,
2025 4547 2216 4603 dicens
2248 4566 2262 4600 :
2293 4546 2667 4616 Praecipiendo
2701 4539 2742 4592 Ι)
2771 4543 2958 4609 γὸντες

2455 4519 2667 4616 ipietido
2701 4539 2742 4592 Ι)
2771 4543 2958 4609 γόντες
2987 4539 3044 4592 δὲ
3075 4537 3272 4597 αὐτοὺς
3320 4533 3553 4600 ἔστησαν
3581 4530 3636 4580 ἐν
3685 4526 3764 4595 τῷ
3796 4521 4078 4591 συνεδρίῳ,
4121 4519 4219 4570 καὶ
4254 4520 4348 4568 ὲπ-

1095 4637 1456 4705 prmcepimus
1489 4639 1667 4704 vobis,
1699 4656 1765 4691 ne
1797 4640 2068 4695 doeeretis
2092 4640 2144 4695 in
2176 4643 2395 4695 nomine
2431 4644 2535 4695 isto
2573 4661 2585 4695 :
2615 4651 2670 4695 et

1095 4745 1225 4783 ecce
1277 4732 1493 4798 repletis
1539 4729 1841 4787 Jerusalem
1873 4735 2126 4787 doetriua
2162 4745 2365 4800 vestra,
2421 4745 2473 4787 et
2506 4735 2669 4790 vultis

1101 4820 1361 4873 inducere
1448 4837 1614 4889 super
1663 4839 1762 4877 nos
1823 4826 2140 4893 sanguinem
2210 4825 2446 4877 hominis
2489 4825 2668 4879 istius.

1101 4910 1458 4980 Respondens
1495 4922 1675 4967 autem
1731 4916 1923 4970 Petrus
1966 4926 2018 4971 et
2075 4919 2308 4987 apostoli
2357 4918 2615 4972 dixerunt
2654 4936 2668 4970 :

1099 5005 1336 5059 Obcdire
1360 5017 1576 5076 oportet
1602 5009 1710 5063 Deo
1738 5011 1913 5078 magis
1940 5028 2100 5079 quam
2153 5012 2492 5066 hominibus.
2531 5012 2674 5066 Deus

1102 5105 1315 5162 patrum
1345 5110 1654 5152 nostrorum
1703 5103 1990 5155 suscitavit
2020 5102 2230 5168 Jesum,
2274 5121 2433 5173 quem
2463 5121 2559 5158 vos
2586 5105 2672 5157 in-

1101 5189 1416 5250 ti-rcmistis,
1455 5192 1854 5259 suspendentes
1887 5196 1939 5246 in
1969 5196 2135 5265 ligno.
2184 5195 2337 5248 Hunc
2368 5196 2676 5264 Principem

1103 5290 1156 5331 et
1196 5280 1532 5336 Salvatorem
1569 5284 1711 5340 Deus
1747 5288 2000 5340 exaltavit
2036 5288 2258 5341 dextera
2292 5303 2412 5351 sua,
2445 5288 2511 5340 ad
2543 5287 2675 5340 dan-

1104 5375 1227 5424 dam
1283 5377 1657 5442 poenitentiam
1728 5378 1936 5438 lsraeli.
2002 5388 2054 5432 et
2134 5380 2510 5433 remissionem
2554 5395 2673 5447 pec-

1104 5473 1377 5532 catorum,
1410 5476 1463 5520 et
1500 5484 1597 5522 nos
1623 5486 1812 5524 sumus
1848 5480 2014 5527 testes
2047 5470 2237 5524 borum
2261 5472 2571 5532 verborum,
2623 5479 2676 5522 et

1179 5660 1221 5690 "
1269 5658 1420 5715 Juau.
1455 5679 1562 5727 ιιν,
1594 5665 1680 5718 12,

2766 4636 3055 4706 ηρὼτησεν
3078 4629 3273 4691 αὐτοὺς
3301 4628 3327 4678 6
3359 4622 3649 4696 ἀρχιερεὺς
3676 4618 3848 4685 λέγων
3868 4632 3880 4645 ·
3900 4614 3975 4666 Οὐ
4002 4609 4348 4706 παραγγελία

2769 4702 3225 4796 παρηγγείλαμεν
3263 4718 3416 4785 ὑμῖν,
3458 4713 3532 4784 μὴ
3567 4712 3840 4763 διδάσκειν
3877 4707 3968 4758 ἐπὶ
3995 4703 4071 4771 τῷ
4122 4702 4347 4770 ὀνόματι

2770 4819 2975 4888 τούτ‹ρ;
3004 4817 3096 4867 καὶ
3130 4813 3239 4865 ἰδοὺ
3287 4807 3690 4876 πεπληρώκατε
3720 4803 3818 4866 τὴν
3859 4795 4218 4867 Ἰερουσαλὴμ
4253 4795 4348 4860 τῆς

2771 4886 2986 4978 διδαχῆς
3019 4905 3194 4975 ὑμῶν,
3223 4904 3316 4955 καὶ
3356 4897 3611 4970 βούλεσθε
3661 4895 3966 4961 ἐπαγαγεῖν
3999 4889 4085 4953 ἐφ’
4117 4889 4268 4956 ἡμᾶς
4296 4886 4350 4936 τὸ

2773 4999 2912 5073 αἷμα
2936 4999 3033 5054 τοῦ
3065 4997 3357 5067 ἀνθρώπου
3388 4992 3600 5046 τούτου.
3629 4985 3983 5056 Ἀποκριθεὶς
4011 4984 4065 5035 δὲ
4086 4983 4114 5034 6
4146 4982 4349 5050 Πέτρος

2774 5102 2868 5154 καὶ
2889 5100 2939 5150 οἱ
2971 5075 3470 5155 ἁπόστολοι,ἐῐπον
3490 5104 3503 5118 ·
3533 5084 3858 5152 Πειθαρχεῖν
3885 5081 3966 5134 δεῖ
3981 5077 4100 5146 Θεῷ
4128 5077 4348 5143 μᾶλλον,

2774 5194 2807 5261 ἦ
2838 5189 3164 5260 ἀνθρώποις.
3217 5184 3275 5236 Ὀ
3311 5182 3442 5243 Θεὸς
3472 5180 3580 5233 τῶν
3613 5177 3871 5244 πατέρων
3918 5169 4076 5241 ἡμῶν
4130 5169 4348 5238 ήγειρεν

2775 5260 3011 5352 Ἰησοῦν,
3063 5280 3122 5332 δν
3173 5279 3330 5348 ὑμεῖς
3380 5269 3773 5343 διεχειρίσασθε
3816 5265 4204 5352 κρεμάσαντες
4261 5260 4346 5311 ἐπὶ

2784 5351 2964 5440 ξύλου.
2994 5372 3195 5425 Τοῦτον
3226 5370 3254 5421 6
3288 5369 3418 5430 Θεὸς
3471 5362 3713 5434 ἀρχηγὸν
3751 5359 3844 5412 κα)⁵
3879 5354 4108 5424 Σωτῆρα
4167 5351 4346 5421 ὕψωσε

2782 5471 2848 5536 τῇ
2896 5467 3044 5536 δεξιᾷ
3075 5462 3262 5527 αὑτοῦ,
3308 5459 3491 5514 δοῦναι
3535 5455 3821 5527 μετάνοιαν
3873 5449 3952 5519 τῷ
3979 5444 4225 5516 Ἰσραὴλ,
4260 5442 4345 5495 καὶ

2305 5751 2501 5811 Varia)
2548 5750 2855 5811 lectiones
2904 5755 2961 5810 et
3009 5753 3174 5808 notae

1185 5854 1229 5884 ⁸”
1261 5853 1343 5907 ἵσ,
1396 5853 1662 5905 ἐκϐαῖνον.
