4794 6454
493 368 600 430 901

1076 376 1615 439 EXPOSITIONIS
1667 382 1746 439 IN
1782 386 1968 447 ACTA
2001 389 2302 450 TEXTUS
2329 393 2592 453 ALTER.
2648 421 2715 431 —
2756 397 2912 457 CAP.
2948 398 3046 458 VI.

3647 405 3755 466 902

488 482 574 543 εἰς
610 482 782 549 μέσον
808 500 823 513 ο
846 483 904 535 οὗ
937 485 1043 553 γὰρ
1074 488 1271 557 μικρδν
1300 487 1359 540 τὸ
1385 490 1553 543 κακὸν
1576 487 1644 562 ῆν
1676 509 1689 522 ο
1723 494 1804 546 διὸ
1834 498 1929 548 καὶ
1960 496 2079 567 [ta-
2108 506 2151 559 Α
2182 502 2381 568 gentia.

1853 498 1929 548 ιαὶ
1960 496 2079 567 [ta-
2108 506 2151 559 Α
2182 502 2383 568 gentia.
2434 503 2643 557 Idcirco
2678 521 2805 558 vero
2838 507 2940 559 boe
2974 506 3028 560 in
3069 506 3305 562 medium
3339 509 3593 579 protulit,
3618 516 3746 583 quia

487 572 657 649 χέως]
688 574 997 642 διωρθὼθη.
1038 597 1055 629 ι
1095 580 1639 655 Προσκαλεσάμενοι.
1678 604 1697 637 s

486 667 695 720 ἄτοπον
748 669 964 738 τίθησιν
990 714 1004 735 ,
1044 671 1279 743 [δεικνὺς
1308 717 1322 739 ,

1755 589 1979 659 Πρῶτον
2009 592 2070 644 τὸ

1370 676 1468 749 ὡς]
1507 680 1607 732 οὐκ
1642 682 1762 734 ἐνὸν
1792 686 1932 752 μετὰ
1971 687 2070 757 τῆς

485 760 665 829 αὑτῆς
698 764 937 833 σπουδῆς
970 766 1263 839 ἀμφότερα
1314 770 1611 836 γίνεσθαι·
1665 777 1787 829 ἐπεὶ
1832 779 1927 831 καὶ
1981 780 2069 833 ὅτε

482 852 574 903 τὸν
605 854 864 907 Ματθίαν
880 863 1211 927 χειροτονεῖν
1238 860 1483 931 ἔμελλον,
1511 866 1729 936 πρῶτον
1756 870 1853 940 τὴν
1880 874 2070 943 χρείαν

482 944 737 997 δεικνῦσι
769 947 863 998 τοῦ
900 952 1244 1019 πράγματος,
1281 954 1364 1008 ὃτι
1394 973 1453 1009 τε
1491 958 1673 1013 ἔλιπεν
1700 957 1803 1027 εἷς,
1834 965 1929 1017 καὶ
1960 966 2066 1021 ἔδει

482 1035 748 1099 γενέσθαι
796 1038 1003 1093 δώδεκα
1038 1055 1052 1070 ⁶
1107 1045 1206 1097 καὶ
1239 1048 1473 1102 ἐνταῦθα
1512 1051 1612 1119 τὴν
1632 1055 1823 1123 χρείαν
1858 1058 2065 1127 ἐδήλω-

484 1145 607 1181 σαν.
668 1130 786 1183 οὐκ
835 1131 990 1186 αὐτοὶ
1036 1135 1092 1188 δὲ
1154 1138 1420 1207 ποιοῦσιν,
1471 1144 1587 1197 ἀλλ’
1635 1150 1823 1212 αὐτοῖς
1853 1151 2066 1221 ἐπιτρέ-

482 1237 675 1285 πουσι,
720 1224 851 1287 τοὺς
881 1227 1045 1279 πᾶσιν
1078 1230 1435 1300 ἀρέσκοντας,
1488 1238 1616 1301 τοὺς
1676 1240 1782 1293 ὑπὸ
1844 1243 2066 1297 πάντων

486 1315 979 1382 μαρτυρουμένους
1006 1319 1085 1381 είς
1112 1320 1276 1390 μέσον
1298 1324 1548 1393 ἀγαγεῖν.
1575 1330 1771 1385 Καίτοι
1802 1333 2064 1402 ἠδύναντο

481 1405 641 1457 αὐτοὶ
678 1399 1003 1466 ἐκλέξασθαι
1040 1412 1316 1483 Πνεύματι
1347 1419 1661 1488 κινούμενοι
1700 1438 1715 1453 ⁶
1758 1399 1875 1477 ἀλλ’
1914 1426 2063 1496 ὅμως

481 1496 575 1546 καὶ
599 1495 705 1563 τὴν
740 1499 1043 1569 μαρτυρίαν
1075 1502 1358 1572 βούλονται
1382 1508 1480 1576 τὴν
1497 1511 1629 1581 παρ’
1646 1513 1844 1568 αὐτῶν.
1870 1518 1943 1569 Τὸ
1965 1519 2064 1587 μὲν

481 1586 669 1655 ὁρίσαι
702 1588 794 1639 τὸν
826 1590 1089 1660 ἀριθμὸν,
1122 1597 1217 1649 καὶ
1263 1597 1323 1650 τὸ
1361 1604 1761 1670 χειροτονῆσαι,
1792 1606 1886 1661 καὶ
1912 1586 1976 1662 to
2006 1611 2064 1663 ἐν

482 1678 650 1748 χρείᾳ
671 1680 899 1751 τοιαύτῃ
913 1682 1233 1757 [διατάξαι],
1255 1689 1435 1743 αὐτῶν
1452 1687 1540 1760 ἦν’
1558 1695 1617 1746 τὸ
1633 1696 1688 1747 δὲ
1709 1696 2064 1764 ἐλέσθαιτοὺς

480 1768 709 1837 ἄνδρας,
743 1772 971 1836 ἐκείνοις
998 1776 1410 1848 ἐπιτρέπουσιν,
1439 1784 1524 1837 ἵνα
1556 1787 1629 1858 μὴ
1660 1787 1884 1855 δόξωσιν
1906 1793 2062 1848 αὐτοὶ

481 1860 835 1930 χαρίζεσθαι.
893 1866 1065 1920 Ἑπτὰ
1103 1870 1158 1922 δὲ
1204 1873 1624 1945 προϐάλλονται,
1679 1879 1780 1936 οὐκ
1831 1883 1911 1937 ἔτι
1958 1886 2058 1940 δὼς

475 1952 631 2008 δέκα.
661 1956 785 2007 Τῶν
809 1958 917 2029 γὰρ
938 1961 1250 2029 ἀναγκαίων
1271 1968 1339 2020 τα
1364 1969 1636 2039 ἀναγκαῖα
1660 1978 2053 2050 προτιμότερα.

490 2046 928 2116 ’Λπιιλςγοῦνται
959 2052 1014 2105 δὲ
1052 2055 1226 2123 ὅμως,
1266 2058 1437 2114 ὅτιού
1498 2063 1723 2119 δυνατόν
1779 2046 1930 2123 ἐστιν
1960 2046 2052 2125 se.

476 2137 613 2198 τοῖς,
674 2140 772 2189 καὶ
818 2141 911 2192 τοῦ
964 2144 1321 2215 κηρύγματος
1374 2152 1795 2225 ἐπιμελεῖσθαι,
1831 2161 1927 2213 καὶ
1960 2164 2055 2216 τοῦ

476 2229 759 2284 ποιεῖσθαι
812 2236 1072 2304 πρόνοιαν
1105 2255 1119 2270 ο
1158 2238 1233 2304 ὡς
1283 2242 1344 2295 ού
1401 2244 1487 2299 διὰ
1528 2247 1699 2317 τῦφον
1745 2251 2057 2318 δεικνύντες

477 2321 759 2374 ποιεῖσθαι
796 2325 894 2394 τὴν
942 2331 1276 2401 παραίτησιν
1305 2335 1402 2405 τῆς
1459 2338 1761 2408 διακονίας,
1802 2346 1941 2401 ἀλλὰ
1966 2350 2057 2404 διὰ

474 2412 577 2482 τὴν
606 2415 703 2466 τοῦ
724 2417 1078 2487 κηρύγματος
1108 2425 1449 2493 ἐπιμέλειαν.
1486 2450 1504 2484 t
1534 2434 1640 2487 Καὶ
1672 2436 1983 2504 ἐξελέξαντο
2032 2463 2049 2496 ι

478 2504 765 2570 Ἅπαντες
812 2508 954 2579 ἦσαν
993 2514 1218 2586 πλήρεις
1266 2520 1544 2588 πίστεως,
1575 2526 1669 2587 οὓς
1702 2530 2017 2597 ἐξελέξαντο
2041 2550 2057 2565 °

476 2595 567 2647 ἵνα
622 2599 702 2668 μὴ
731 2600 802 2652 τὰ
853 2605 992 2657 αὐτὰ
1037 2608 1295 2679 γένηται,
1338 2606 1427 2667 οἷα
1463 2618 1556 2670 ἐπὶ
1599 2595 1769 2676 Ἰούδα
1795 2664 1811 2689 ,
1840 2595 1930 2680 οία
1963 2630 2057 2683 ἐπὶ

488 2688 753 2745 Ἀνανίου
814 2696 909 2749 καὶ
940 2697 1275 2771 Σαπφείρας.
1310 2702 1442 2760 Εἶτα
1471 2688 1829 2783 ἀφορίσαντες
1855 2720 2055 2786 αὐτοὺς

473 2780 572 2833 τοῦ
617 2783 898 2852 πλήθους,
943 2807 962 2839 ι
990 2789 1226 2863 ἔστησαν
1283 2798 1518 2855 ἐνώπιον
1556 2806 1664 2857 τῶν
1713 2810 2051 2867 ἀποστόλων.

474 2874 540 2924 Οἱ
574 2874 655 2940 δὲ,
685 2880 1138 2951 προσευξάμενοι,
1163 2888 1440 2959 ἐπέθηκαν
1457 2895 1643 2959 αὐτοῖς
1674 2898 1771 2963 τὰς
1805 2904 2047 2973 χεῖρας,ι

475 2966 572 3019 καὶ
618 2968 924 3026 ἀπέλυσαν.
959 2975 1066 3027 Καὶ
1109 2984 1466 3051 σημειωτέον,
1522 2988 1605 3041 ὅτι
1650 2990 1720 3042 δι’
1958 2966 2054 3053 καὶ

474 3056 787 3121 ἐπιθέσεως
818 3060 927 3114 τῶν
960 3065 1164 3134 χειρῶν
1189 3070 1298 3123 τῶν
1329 3073 1652 3144 ἡγουμένων
1692 3082 1752 3133 ἐν
1873 3056 2046 3157 λόγῳ,

472 3148 505 3216 ἡ
558 3153 870 3219 χειροτονία
900 3192 915 3216 ,
963 3158 1057 3208 καὶ
1101 3159 1133 3229 ή
1186 3160 1313 3225 ἀξία
1343 3164 1442 3235 τῆς
1494 3168 1771 3239 διακονίας
1810 3148 1969 3250 ἐδόθη
2081 3190 2121 3249 C

472 3244 655 3312 ἀρχῆς
691 3248 803 3309 τοῖς
860 3247 1151 3314 διακόνοις.
1187 3254 1296 3308 Καὶ
1326 3256 1484 3311 τοῦτο
1512 3260 1571 3314 τὸ
1601 3262 1722 3328 ἔθος
1763 3270 1924 3340 μέχρι

474 3333 736 3397 σώζεται.
793 3339 906 3392 Καὶ
933 3340 1081 3394 ἐστιν
1111 3345 1309 3412 εἰπεῖν,
1350 3350 1431 3404 ὅτι
1463 3352 1588 3407 οὔτε
1628 3357 1735 3411 τῶν
1759 3361 2046 3431 διακόνων,

470 3427 599 3480 οὔτε
657 3430 769 3482 τῶν
822 3434 1212 3508 πρεσϐυτέρων
1235 3480 1251 3503 ,
1303 3444 1334 3512 ἡ
1373 3444 1621 3501 διακονία
1646 3451 1786 3524 αὕτη
1816 3455 2049 3527 (οὐδέπω

469 3518 583 3589 γὰρ
611 3521 791 3585 οὐδεῖς
815 3524 1114 3591 ἐπίσκοπος
1139 3526 1252 3601 ἦν),
1282 3534 1397 3587 ἀλλ’
1425 3518 1786 3596 οίὰπόστολοιν
1808 3518 2044 3622 [μόνον]·

468 3610 632 3676 ὅθεν,
687 3614 813 3667 οὔτε
862 3617 1157 3687 διακόνων,
1193 3623 1316 3678 οὕτε
1348 3630 1736 3703 πρεσϐυτέρων
1778 3636 1933 3710 οἶμαι
1983 3647 2044 3697 τΰ

469 3701 642 3772 ζνομα
671 3699 996 3776 εἶναιδῆλον
1028 3711 1119 3764 καὶ
1143 3718 1395 3785 φανερόν.
1436 3720 1596 3775 Ἀλλὰ
1620 3699 1760 3789 τέως
1789 3699 1869 3794 είς
1888 3733 2045 3786 τοῦτο

468 3795 968 3870 ἐχειροτονήθησαν
1000 3803 1087 3857 διὰ
1122 3812 1431 3882 προσευχῆς
1479 3816 1571 3868 καὶ
1613 3818 1911 3888 ἐπιθέσεως
1940 3828 2047 3880 τῶν

468 3889 680 3958 χειρῶν
710 3892 819 3943 τῶν
847 3895 1182 3952 ἀποστόλων.
1223 3902 1552 3970 Ἐπεύξαντο
1588 3910 1699 3981 γὰρ
1722 3914 1926 3980 αὐτοῖς,
1954 3919 2046 3972 δυ-

469 3978 705 4049 νηθῆναι
742 3986 1121 4053 περιγενέσθαι
1156 3990 1251 4043 τοῦ
1278 3992 1464 4063 ἔργου.
1531 3978 1703 4054 Ἑπτᾶ
1745 4004 1802 4057 δέ
1830 3978 2042 4077 ἀνδρῶν

466 4070 775 4138 ἐδεήθησαν
806 4077 886 4136 είς
910 4077 1066 4130 τοῦτο
1088 4095 1105 4113 ο
1145 4081 1316 4136 πολλὰ
1360 4086 1467 4157 γὰρ
1497 4088 1724 4161 ἐπέρρει
1756 4070 2037 4167 χρήματα,

467 4162 590 4213 ἐπεὶ
621 4164 721 4215 καὶ
746 4167 932 4236 χηρῶν
959 4170 1163 4241 πλῆθος
1183 4169 1272 4246 ἦν.

467 4263 597 4308 runt
637 4258 783 4310 enim
826 4274 925 4326 pro
976 4261 1129 4329 ipsis,
1179 4274 1237 4320 ut
1269 4267 1575 4336 injunctum
1632 4290 1771 4346 opus
1808 4290 2031 4343 strenue
2069 4307 2196 4349 exse

2180 605 2287 643 non
2340 606 2566 660 parvum
2616 604 2734 647 crat
2793 596 3033 660 malum;
3090 597 3336 667 adeoque
3394 608 3448 654 et
3497 603 3749 657 celeriter

2175 690 2425 736 curatum
2462 684 2589 737 luit.
2635 704 2653 736 ‹
2682 686 3083 744 Convoeantes.
3116 707 3133 739 ι
3193 688 3381 743 Primo
3432 692 3747 747 absurdita-

2180 783 2285 825 tem
2315 776 2557 844 expernit,
2592 779 2884 832 ostendens
2945 776 3059 833 ﬁeri
3094 779 3161 835 ab
3188 781 3294 836 illis
3324 797 3432 836 non
3468 800 3653 854 posse,
3684 793 3748 840 ut

2175 872 2467 936 utrumque
2506 868 2695 921 eadem
2726 869 3001 939 diligentia
3028 880 3395 941 perageretur.
3453 873 3519 928 Et
3551 892 3748 945 quem-

2173 953 2465 1007 admodum
2538 971 2664 1009 cum
2721 955 2999 1012 Mattltiam
3034 960 3259 1014 elecmri
3301 970 3473 1028 erant,
3514 965 3634 1034 ejus
3669 968 3745 1021 rei

2172 1046 2555 1101 necessitatem
2596 1048 2967 1116 declararunt,
3026 1053 3153 1121 quia
3191 1054 3402 1108 scilicet
3433 1056 3498 1110 ad
3531 1058 3744 1113 duode-

2170 1132 2278 1186 cim
2318 1136 2621 1203 apostolos,
2671 1153 2812 1207 quos
2842 1154 2967 1194 esse
2994 1142 3302 1211 Oportebat,
3338 1160 3482 1199 unus
3512 1145 3736 1203 deerat:

2170 1225 2251 1279 sic
2282 1227 2444 1281 etiam
2471 1244 2619 1283 nunc
2650 1230 2699 1283 id
2729 1244 2869 1299 opus
2903 1244 3027 1285 esse
3057 1233 3345 1288 aﬂirmant.
3406 1235 3524 1290 Non
3559 1247 3742 1293 autem

2170 1313 2391 1385 ipsimet
2420 1319 2655 1389 eligunt,
2702 1320 2799 1375 sed
2845 1320 2970 1377 aliis
3018 1333 3340 1392 potestatem
3385 1326 3593 1382 iaciunt
3642 1345 3741 1385 eos

2167 1407 2261 1477 qui
2286 1409 2542 1463 omnibus
2577 1412 2886 1479 placuerint
2920 1423 2975 1469 et
3008 1415 3221 1485 probati
3254 1416 3457 1472 fuerint
3522 1422 3577 1474 in
3626 1438 3741 1477 me-

2166 1496 2315 1551 dium
2347 1499 2704 1566 producendi.
2769 1502 2837 1556 Et
2867 1504 3087 1573 quidem
3116 1514 3369 1576 poterant
3396 1508 3497 1571 illi,
3527 1511 3737 1580 Spiritu

2167 1600 2357 1644 sancto
2388 1592 2711 1662 inspirante,
2746 1594 2988 1664 eligere;
3024 1606 3261 1654 attamen
3290 1602 3456 1656 etiam
3494 1604 3744 1658 testimo-

2168 1682 2317 1735 nium
2339 1683 2405 1736 ab
2426 1684 2549 1737 aliis
2576 1685 2786 1740 volunt.
2809 1685 3051 1754 Scilicet,
3073 1705 3361 1747 numerum
3380 1693 3629 1760 deﬁnire,
3647 1714 3741 1752 or-
3833 1743 3837 1748 .

2166 1772 2359 1827 dinare
2378 1782 2431 1828 et
2448 1774 2713 1845 quidquid
2732 1778 2796 1831 ad
2822 1779 2965 1835 hunc
2991 1796 3147 1835 usum
3165 1784 3467 1852 spectabat,
3492 1792 3745 1857 praeseri-

2095 1858 2133 1912 Β
2166 1864 2293 1919 bere
2322 1864 2563 1935 ipsorum
2581 1870 2772 1938 utique
2797 1881 2946 1926 erat:
2963 1881 3018 1926 at
3044 1874 3361 1931 electionem
3382 1880 3593 1935 caeteris
3612 1896 3710 1951 per
3732 1912 3741 1920 -

2160 1958 2408 2022 mittunt,
2429 1974 2498 2013 ne
2520 1961 2777 2029 cuiquam
2807 1963 3101 2033 gratiﬁcari
3130 1967 3372 2023 voluisse
3393 1970 3737 2028 viderentur.

2160 2046 2381 2117 Septem
2413 2064 2543 2105 vero
2574 2052 2857 2122 eligendos
2886 2068 3223 2126 proponunt,
3252 2075 3361 2114 non
3402 2060 3691 2117 duodecim
3717 2080 3736 2129 ;

2159 2140 2305 2207 quod
2363 2141 2507 2196 inter
2540 2157 2602 2196 ca
2637 2145 2800 2198 etiam
2828 2187 2843 2212 ,
2894 2162 3015 2216 quae
3049 2152 3355 2206 necessaria
3418 2164 3583 2222 sunt,
3621 2156 3734 2210 alia

2160 2230 2413 2299 :nliisjsint
2441 2236 2847 2301 praestantiora.
2883 2238 3301 2297 Excusationem
3341 2254 3520 2300 tamen
3536 2263 3735 2317 quam-

2158 2316 2280 2370 dam
2316 2318 2621 2388 proferunt,
2657 2325 2917 2391 quoniam
2962 2328 3104 2381 haud
3149 2340 3269 2385 erat
3298 2330 3406 2386 illis
3435 2336 3721 2401 possibile,

2159 2408 2323 2462 simul
2361 2417 2418 2464 et
2449 2413 2855 2480 pradicationis
2892 2434 2910 2467 ι
2939 2419 3090 2472 verbi
3120 2419 3215 2474 Del
3246 2459 3261 2483 ,
3314 2440 3331 2473 ι
3375 2432 3428 2477 et
3459 2427 3731 2491 provisio-

2159 2501 2246 2555 nis
2289 2516 2417 2571 erga
2460 2516 2725 2573 pauperes
2778 2520 2967 2562 curam
2990 2524 3221 2578 gerere:
3260 2520 3320 2566 ut
3382 2516 3736 2572 ostenderent

2157 2604 2215 2645 se
2247 2595 2566 2661 neutiquam
2616 2610 2683 2649 ex
2723 2596 2892 2652 animi
2927 2606 3141 2655 tumore
3192 2601 3725 2663 administrationem

2157 2682 2471 2751 bujusmodi
2508 2700 2806 2753 recusare;
2846 2689 2940 2744 sed
2981 2700 3038 2743 ut
3068 2692 3444 2761 praedicatioui
3492 2697 3728 2767 diligen-

2155 2771 2267 2826 tius
2305 2773 2622 2829 incumbere
2649 2784 2894 2843 possent.
2944 2796 2964 2830 ι
3005 2777 3070 2834 Et
3092 2781 3396 2851 elegerunt.
3442 2803 3461 2837 ι
3524 2786 3729 2843 Omnes

2153 2859 2313 2913 electi
2342 2867 2470 2913 sunt
2495 2862 2641 2931 pleni
2674 2863 2795 2927 lide,
2832 2878 2902 2919 ne
2938 2866 3128 2945 ead‘m
3150 2882 3271 2936 qua:
3298 2869 3352 2922 in
3380 2868 3546 2936 Iuda,
3580 2871 3730 2927 Ana-

2154 2946 2243 3001 nia
2275 2954 2327 3000 et
2375 2946 2609 3017 Saphira
2653 2952 3001 3018 contigerant
3031 2993 3047 3017 ,
3090 2969 3458 3013 recurrerent.
3517 2960 3729 3017 Deinde

2153 3049 2509 3107 segregautes
2538 3056 2633 3098 eos
2680 3058 2710 3097 a
2768 3045 2929 3098 turba
2954 3082 2969 3108 ,
3033 3064 3052 3097 ι
3092 3056 3407 3104 statuerunt
3439 3062 3568 3113 ante.
3593 3068 3729 3121 egu-

2155 3139 2406 3197 spectum
2435 3135 2835 3203 apostolorum,
2862 3136 2954 3206 qui
2983 3150 3211 3196 orantes
3241 3143 3620 3214 imposuerunt
3643 3150 3726 3205 eis

2156 3236 2351 3276 manus
2389 3241 2408 3273 ι
2472 3234 2529 3278 et
2583 3226 2933 3283 dimiserunt.
2999 3230 3139 3286 Hinc
3212 3234 3583 3292 adnotandum
3642 3250 3727 3294 est

2153 3311 2555 3367 ordinationem
2587 3323 2641 3370 et
2668 3317 2990 3382 dignitatem
3022 3320 3347 3379 diaconatus
3387 3341 3483 3395 per
3513 3330 3723 3382 oratio-

2145 3415 2266 3455 nem
2304 3410 2358 3456 et
2394 3419 2656 3460 manuum
2697 3408 3107 3478 impositionem
3137 3428 3328 3469 eorum
3353 3455 3370 3480 ,
3408 3420 3499 3485 qui
3535 3422 3724 3487 praesi-

2142 3493 2267 3547 dent
2297 3496 2486 3563 verbo,
2520 3499 2589 3553 ab
2611 3500 2767 3554 initio
2789 3501 2968 3556 datam
2994 3502 3163 3559 fuisse
3195 3523 3209 3559 :
3236 3521 3358 3577 qua:
3381 3513 3725 3566 consuetudo

2141 3584 2207 3637 ad
2246 3600 2484 3653 praesens
2520 3604 2694 3659 usque
2746 3600 2961 3661 tempus
3000 3605 3274 3649 servatur.
3327 3598 3579 3653 Attamen
3610 3602 3721 3654 ἀίω

2140 3690 2361 3746 quoque
2410 3687 2587 3748 potest
2632 3682 3005 3738 ministerium
3066 3686 3202 3741 illud
3244 3706 3426 3759 neque
3458 3692 3721 3747 diacono-

2144 3778 2263 3815 rmu
2319 3778 2497 3829 neque
2563 3770 3008 3839 presbyterorqu
3054 3771 3262 3829 fuisse:
3302 3782 3542 3831 nondum
3571 3780 3720 3833 enim

2143 3850 2289 3905 ullus
2316 3890 2332 3914 ,
2366 3856 2611 3923 exceptis
2650 3858 2920 3926 apostolis
2944 3900 2959 3923 ,
3001 3862 3297 3931 episc0pus
3332 3875 3473 3919 erat.
3530 3866 3721 3932 Quare

2140 3954 2245 3991 non
2279 3952 2433 4009 puto,
2461 3943 2592 4012 quid
2624 3959 2721 4012 per
2751 3945 3109 4002 diaconorum
3162 3952 3719 4024 presbyterorumque

2137 4027 2362 4081 nomina
2398 4030 2487 4083 hic
2536 4031 2917 4103 intelligatur,
2980 4036 3330 4092 manifestum
3380 4049 3433 4095 et
3497 4042 3709 4097 clarum

2136 4126 2280 4166 esse.
2304 4115 2669 4185 Interim_vero
2700 4120 2735 4173 ii
2756 4135 2851 4189 per
2873 4123 3198 4191 orationem,
3216 4126 3282 4179 let
3310 4127 3715 4197 impositioucm

2138 4219 2397 4259 manuum
2447 4210 2819 4277 apostolorum
2870 4215 3109 4270 ordinati
3136 4229 3285 4273 sunt.
3312 4219 3471 4289 221
3510 4223 3722 4278 Orave-

2201 4297 2293 4365 qui
2350 4309 2597 4367 possent.
2654 4301 2797 4360 Viris
2833 4316 3016 4362 autem
3059 4324 3167 4363 non
3247 4316 3431 4369 minus
3500 4328 3712 4387 septem

465 4368 608 4421 opus
639 4351 706 4405 ad
741 4351 791 4405 id
826 4362 982 4417 crat;
1017 4357 1197 4413 multa:
1228 4362 1371 4416 enim
1406 4365 1753 4426 conﬂuebant
1779 4380 2047 4447 pecuniaa,
2090 4394 2143 4439 et
2170 4351 2770 4449 ri'dumImu‘ltieqerant.

1084 4448 1309 4505 ΚΕΦΛΛ
1340 4454 1428 4509 Η’.

2741 4489 2969 4545 CAPUT
2997 4492 3109 4547 VIII

475 4533 778 4587 Ἰουδαίων
815 4533 1251 4605 ἐπανάστασις,
1307 4545 1405 4597 καί
1460 4557 1840 4620 συκοφαντία
1880 4564 2033 4617 κατὰ
2067 4582 2110 4640 ο
2136 4571 2368 4628 ladano“

538 4624 844 4651 ν--.-,ε....--
940 4644 971 4651 _
988 4628 1044 4651 ,2
1133 4648 1159 4651 __
1176 4635 1187 4650 ν
1210 4650 1221 4651 γ
1278 4633 1303 4645 υ
1512 4642 1537 4651 Α
1782 4650 1787 4651 ,

1817 4575 1840 4611 ι
1880 4564 2033 4617 κατὰ
2067 4582 2110 4640 ο
2136 4571 2448 4630 Iudaeorum
2500 4580 2833 4649 insurrectio,
2891 4593 2939 4638 et
2997 4588 3265 4642 calumnia
3307 4593 3557 4648 adversus
3590 4597 3710 4651 Stc-

527 4624 844 4693 Στεφάνου
867 4668 882 4693 ,
938 4628 1045 4683 τοῦ
1121 4633 1306 4688 αὑτοῦ
1382 4654 1446 4692 τε
1502 4642 1827 4715 δημηγορία
1897 4656 2030 4720 περὶ

527 4716 642 4783 τῆς
694 4718 843 4784 πρὸς
888 4720 1158 4791 Ἀϐραὰμ.
1197 4724 1487 4798 διαθήκης
1546 4737 1655 4791 τοῦ
1707 4742 1889 4795 Θεοῦο
1929 4716 2029 4799 καὶ

530 4809 668 4877 περὶ
704 4809 822 4862 τῶν
847 4809 1077 4865 δώδεκα
1105 4822 1507 4890 πατριαρχῶν.

1056 4906 1445 4969 KEIMENON.

526 4990 806 5059 Στέφανος
858 4995 1076 5066 πλήρης
1122 4998 1361 5066 πίστεως
1410 5007 1822 5081 καὶδυνάμεως
1857 5017 2027 5071 ἐποίει

458 5086 663 5153 τέρατα
695 5086 788 5137 καὶ
822 5091 1027 5157 σημεῖα
1060 5093 1271 5160 μεγάλα
1303 5098 1362 5149 ἐν
1392 5098 1471 5169 τῷ
1495 5101 1630 5174 λαῷ.
1693 5106 2027 5181 Ἀνέστησαν

456 5178 513 5229 δέ
547 5194 699 5240 τινες
732 5178 840 5231 τῶν
875 5183 939 5233 ἐκ
966 5181 1060 5252 τῆς
1089 5190 1414 5259 συναγωγῆς
1454 5195 1553 5263 τῆς
1594 5178 2025 5271 λεγομένης-Λι-

458 5268 745 5337 ϐερτίνων,
793 5273 890 5324 καὶ
928 5275 1275 5346 Κυρηναίων,
1324 5286 1418 5335 καὶ
1460 5268 1878 5361 ’Δλεξανδρέων,
1931 5297 2026 5348 καὶ

455 5360 563 5411 τῶν
587 5361 697 5413 ἀπὸ
726 5364 975 5428 Κιλικίας
1008 5368 1102 5420 και
1150 5369 1357 5436 Ἀσιας,
1388 5360 1747 5446 συζητοῦντες
1780 5385 1860 5454 τῷ
1890 5387 2025 5438 Στε-

456 5451 612 5519 φάνῳ
637 5465 651 5477 ’
695 5455 789 5502 καὶ
815 5453 926 5548 ρύκ
955 5455 1138 5524 ἴσχυον
1168 5459 1487 5533 ἀντιστῆναι
1519 5471 1585 5539 τῇ
1620 5472 1785 5544 σοφίᾳ
1817 5451 1912 5529 καὶ
1946 5478 2023 5548 τῷ

456 5541 758 5611 Πνεύματι.
807 5535 850 5610 ᾧ
886 5545 1085 5600 ἐλάλει.
1147 5551 1277 5604 Τότε
1314 5535 1585 5612 ὑπέϐαλον
1605 5535 1805 5634 ἄνδρας
1830 5535 2021 5637 1570‘;-

452 5651 568 5697 τας,
600 5635 685 5687 ὅτι
730 5636 1071 5706 Ἀκηκόαμεν
1096 5643 1261 5697 αὑτοῦ
1293 5646 1574 5716 λαλοῦντος
1603 5657 1825 5727 ῥήματα
1855 5662 2017 5730 βλάσ⁹

457 5739 613 5793 φημα
665 5727 744 5787 εἰς
776 5728 986 5797 Μωσξν
1010 5733 1217 5787 καὶτὸν
1245 5736 1375 5790 Θεόν
1398 5757 1410 5769 ·
1451 5746 1810 5817 συνεκίνησάν
1841 5770 1898 5806 τε
1929 5755 2020 5808 τὸν

452 5814 597 5879 λαὸν,
633 5816 871 5882 καὶτοὺς
910 5823 1337 5898 πρεαϐντέρους,
1380 5835 1472 5886 καὶ
1496 5837 1620 5900 τοὺς
1638 5839 2009 5914 Γραμματεῖς·

2205 4667 2437 4733 ρΙιαηιιηι
2486 4685 2505 4722 :
2564 4671 2825 4742 Imjusque
2876 4678 3056 4731 concio
3092 4680 3156 4733 de
3209 4680 3303 4735 Dei
3352 4684 3544 4751 {cdere
3590 4706 3708 4744 cum

2208 4758 2545 4825 Abrahamo;
2586 4773 2636 4816 et
2675 4764 2738 4818 de
2761 4764 3037 4821 duodecim
3068 4774 3419 4835 patriarchis.

2770 4943 3070 5005 TEXTUS.

2205 5027 2302 5094 Π,
2336 5029 2486 5085 8-l5.
2554 5033 2865 5104 Stephanus
2921 5048 3129 5106 autem,
3182 5043 3374 5113 plenus
3427 5049 3599 5116 gratia
3652 5061 3705 5106 et

2131 5118 2468 5189 fortitudine,
2497 5122 2730 5183 faciebat
2762 5131 3010 5201 prodigia
3033 5143 3087 5189 et
3122 5135 3275 5205 signa
3305 5154 3496 5210 magna
3524 5142 3574 5195 in
3609 5158 3707 5212 po-

2128 5212 2275 5281 pulo.
2308 5212 2675 5273 Snrrexerunt
2708 5229 2890 5276 autem
2922 5224 3143 5291 quidam
3164 5226 3230 5281 de
3254 5227 3560 5302 Synagoga,
3580 5250 3705 5304 quae

2127 5303 2430 5371 appellatur
2457 5303 2865 5364 Libertinorum
2890 5321 2941 5365 et
2964 5313 3360 5385 Cyrenensium
3374 5332 3428 5377 et
3457 5303 3699 5381 Alexan-

2126 5390 2409 5448 drinorum
2440 5403 2493 5451 et
2523 5412 2716 5453 eorum
2749 5402 2842 5467 qui
2867 5412 3025 5456 erant
3052 5419 3081 5457 a
3102 5406 3287 5461 Cilicia
3313 5418 3368 5464 et
3394 5415 3545 5478 Asia,
3574 5415 3697 5470 dis-

2126 5493 2380 5553 putantes
2418 5502 2541 5542 cum
2607 5490 2921 5561 Stephano:
2976 5505 3036 5549 et
3083 5512 3191 5552 non
3240 5510 3493 5567 poterant
3538 5508 3689 5562 resi-

2129 5586 2273 5633 stere
2307 5582 2612 5650 sapientiae,
2655 5594 2710 5639 et
2763 5586 2995 5656 Spiritui
3029 5592 3124 5660 qui
3162 5592 3505 5663 loquebatur.
3538 5597 3695 5657 Tunc

2125 5672 2521 5727 summiserunt
2553 5677 2722 5743 viros,
2756 5682 2849 5749 qui
2878 5682 3122 5737 dicerent
3156 5700 3215 5739 se
3270 5688 3546 5745 audivisse
3567 5709 3692 5747 cum

2122 5761 2389 5817 dicentem
2424 5768 2584 5820 verba
2626 5769 2975 5840 blasphemia:
3008 5777 3060 5827 in
3093 5775 3311 5846 Moysen
3346 5791 3398 5833 et
3430 5781 3481 5834 in
3502 5781 3692 5841 Deum.

2129 5852 2558 5915 Commovcrunt
2622 5863 2807 5933 itaque
2846 5865 3053 5935 plebem
3091 5879 3143 5923 et
3176 5872 3423 5927 seniores
3452 5882 3504 5927 et
3543 5873 3707 5951 SCII-_
