4794 6454
1026 378 1128 443 9οἸ

1032 584 1237 653 patrios
1274 581 1514 649 ipsorum
1544 593 1726 632 mores
1753 577 2083 646 permissum
2115 585 2232 631 erat
2286 575 2592 647 (quemad-

1031 678 1248 731 modum
1281 675 1444 728 etiam
1472 672 1654 726 Persis
1676 687 1738 726 ac
1771 671 1962 741 Medis)
2001 673 2270 727 matribus
2305 679 2358 727 et
2391 672 2592 727 sorori-

1031 771 1134 825 bus
1191 766 1541 821 matrimonio
1591 765 1932 820 commisceri
1968 782 1980 816 :
2014 765 2083 818 ob
2135 764 2275 819 hanc
2327 766 2595 819 rationem

1031 857 1374 913 circumcidit
1419 871 1638 911 carnem
1698 855 1970 924 praeputii,
2033 855 2195 910 veluti
2262 871 2356 925 per
2404 857 2509 913 hoc
2566 877 2596 913 a

1032 950 1216 1002 carnis
1238 946 1648 1002 necessitudine
1681 960 1739 999 se
1769 945 2050 1013 abdicans,
2088 954 2140 1001 et
2182 947 2401 1002 illicitas
2435 950 2599 1004 abne-

1032 1058 1166 1112 gans
1196 1041 1537 1112 cognationis
1566 1056 1677 1094 suae
1704 1041 1942 1109 nuptias.
1971 1039 2075 1092 Alii
2103 1048 2280 1094 autem
2313 1040 2484 1106 aiunt,
2519 1043 2600 1096 id-

1033 1137 1181 1189 circo
1197 1135 1525 1195 Abrahaino,
1542 1131 1771 1201 ejusque
1790 1132 2018 1201 posteris
2046 1130 2426 1186 detnandatain
2440 1133 2601 1204 224

1032 1241 1153 1282 esse
1183 1223 1686 1286 circumcisionem,
1729 1233 1787 1276 ut
1835 1222 2181 1276 manifestum
2219 1225 2369 1278 ﬁeret
2395 1265 2409 1288 ,
2438 1240 2499 1279 ex
2537 1227 2602 1279 iis

1033 1319 1302 1370 Oriturum
1335 1329 1459 1369 esse
1493 1315 1773 1369 Christum
1823 1315 2122 1370 secundum
2153 1330 2373 1369 carnem
2415 1330 2428 1368 :
2463 1330 2600 1384 quo-

1034 1408 1181 1460 circa
1238 1414 1292 1458 ct
1353 1405 1467 1474 ipse
1527 1404 1847 1458 circumcidi
1901 1404 2089 1467 voluit,
2115 1411 2169 1457 et
2195 1404 2603 1458 circutncisioni

1038 1497 1195 1548 linem
1225 1493 1501 1563 imposuit.
1536 1493 1674 1548 Sunt
1704 1504 1757 1548 et
1786 1495 1876 1563 qui
1907 1493 2112 1558 dicant,
2169 1492 2316 1562 quod
2352 1493 2606 1545 circum-

1036 1590 1173 1643 cisio
1205 1590 1258 1641 in
1291 1603 1456 1641 carne
1491 1590 1666 1656 typice
1705 1587 1834 1640 olim
1870 1586 2012 1639 facta
2037 1625 2051 1651 ,
2086 1586 2264 1656 imago
2287 1594 2432 1640 esset
2459 1585 2604 1639 salu-

1039 1681 1170 1734 taris
1229 1678 1629 1748 baptismatis;
1685 1678 1883 1746 quippe
1951 1691 2069 1745 quae
2128 1692 2223 1745 per
2260 1675 2607 1745 rejectionem

1045 1772 1292 1840 praeputii
1349 1770 1766 1839 abnegationem
1839 1769 2181 1838 significabat
2241 1769 2609 1840 generationis

1955 372 2538 432 THEUPHYLACTI
2577 373 2985 432 BUI.GAl{lrE
3028 375 3382 434 ARCIIIEP.

1029 511 1090 547 ex
1129 489 1396 546 Clialdteis
1429 488 1692 542 oriundus
1721 495 1875 540 erat:
1919 486 2188 541 Clialdatis
2224 493 2405 539 autem
2433 486 2585 556 juxta
2623 497 2659 549 Α
2693 489 2922 558 Ἐπειδὴ

1727 495 1875 540 crat:
1919 486 2188 541 Chalduiis
2224 493 2405 539 autem
2433 486 2585 556 juxta
2623 497 2659 549 Α
2693 489 2933 558 Ἐπειδὴ,
2984 489 3147 558 φησιν
3179 489 3244 552 ³⁷,
3307 490 3335 540 ὁ
3372 485 3620 556 Ἀϐραὰμ

4170 377 4279 439 908

3711 489 3730 538 ἐ
3744 505 3773 537 κ
3846 486 3946 554 γῆς
3998 484 4285 537 Χαλδαίων

2700 579 2909 648 ἀπῆρε·
2964 578 3250 640 Χαλδαίοις
3294 577 3349 628 δὲ
3404 577 3770 641 ἐπιτέτραπτο
3823 575 3963 626 κατά
4041 574 4107 624 τὰ
4183 590 4288 623 πα-

2701 687 2828 740 τρια
2887 669 3065 722 αὐτῶν
3129 669 3255 739 ἔθνη
3316 668 3381 730 ³⁸,
3404 666 3527 720 καθ’
3561 666 3597 720 ἃ
3638 667 3701 737 δὴ
3757 663 3852 718 καὶ
3905 663 4144 733 Πέρσαις
4192 662 4288 714 καὶ

2703 763 2928 832 Μήδοις,
2959 761 3200 831 μητράσι
3224 761 3320 812 καὶ
3336 759 3591 826 ἀδελφαῖς
3611 755 4005 824 ἐπιμίγνυσθαι
4031 772 4042 784 ·
4073 752 4287 822 ταύτης

2703 855 2865 907 ἕνεκα
2903 854 3000 922 τῆς
3025 853 3200 914 αἰτίας
3231 850 3616 920 περιτέμνεται
3656 850 3754 918 τὴν
3784 848 3962 916 σάρκα
3990 846 4090 912 τῆς
4114 845 4286 914 ἀκρο-

2706 946 2930 1007 ϐυστίας
2965 985 2979 1009 ,
3031 947 3094 1013 τῇ
3156 943 3450 1012 οἰκειότητι
3497 941 3595 1010 τῆς
3655 940 3855 1009 σαρκὸς
3909 938 4286 1006 ἀποταττόμε-

2709 1043 2928 1102 νος,κα“ι
2956 1038 3082 1098 τοὺς
3103 1038 3200 1103 τῆς
3231 1035 3548 1103 συγγενείας
3579 1033 3852 1101 ἀθεμίτως
3963 1029 4284 1100 ἀθεμίτους]

2709 1129 3044 1200 ἀρνούμενος
3076 1130 3312 1195 γάμους.
3351 1124 3533 1177 ’Δλλοι
3561 1123 3616 1175 δέ
3640 1140 3826 1191 φασιν,
3860 1120 3990 1192 [ὅτι]
4014 1122 4100 1173 διὰ
4121 1113 4288 1170 τοῦτο

2710 1220 3116 1292 προστετάχθαι
3150 1218 3227 1288 τῷ
3253 1217 3508 1287 Ἀϐραάμ
3564 1216 3659 1268 καί⁵
3687 1217 3798 1277 τοίς
3849 1216 3906 1278 ἐξ
3950 1211 4118 1265 αὑτοῦ
4190 1212 4290 1279 τὴν

2712 1314 3041 1383 περιτομὴν,
3072 1311 3158 1362 ἵνα
3191 1307 3348 1377 δῆλον
3372 1307 3483 1376 εἴη,
3506 1308 3582 1369 ὠς
3610 1306 3667 1372 ἐξ
3687 1304 3868 1357 αὐτῶν
3889 1303 4045 1356 ἔσται
4077 1303 4104 1353 ὁ
4149 1302 4290 1366 Χρι-

2713 1406 2836 1468 στὸς
2868 1406 2928 1456 τὸ
2967 1403 3109 1457 κατὰ
3165 1401 3344 1473 σάρκα
3377 1417 3391 1431 ’
3437 1399 3518 1452 διὸ
3568 1400 3663 1450 καὶ
3715 1396 3878 1458 αὐτὸς
3930 1393 4282 1464 τςεριετμήθη

2712 1500 2805 1551 καὶ
2859 1497 3010 1559 τέλος
3044 1495 3227 1564 ,ἔδωκε
3281 1495 3348 1564 τῇ
3399 1493 3693 1562 περιτομῇ.
3760 1487 3940 1541 Ἀλλοι
3997 1487 4052 1538 δέ
4121 1499 4292 1551 φασιν

2715 1591 2797 1643 ὃτι
2851 1591 2884 1660 ἡ
2933 1591 2987 1640 ἐν
3050 1585 3213 1658 σαρκὶ
3275 1583 3566 1654 περιτομὴ,
3615 1581 3860 1641 τυπικῶς
3903 1577 4162 1646 γινομένη
4225 1573 4292 1624 τὸ

2716 1682 2965 1744 παλαιὸν,
2992 1680 3177 1730 εἰκόνα
3213 1677 3398 1744 ἐπεῖχε
3429 1672 3534 1730 ,τοῦ
3581 1670 3850 1740 σωτηρίου
3883 1665 4292 1736 βαπτίσματος,

2717 1777 2805 1827 διὰ
2849 1773 2945 1841 τῆς
2991 1768 3263 1838 ἀποϐολῆς
3303 1767 3403 1836 τῆς
3461 1762 3859 1834 ἀκροϐυστίας,
3908 1759 4006 1828 τὴν
4061 1757 4297 1824 ἄρνησιν

1040 1863 1342 1916 secundum
1387 1876 1632 1924 carnem,
1679 1869 1732 1914 et
1780 1874 1877 1914 eos
1922 1861 2013 1928 qui
2059 1859 2608 1923 circumcidebantur,
2646 1850 2683 1904 Α
2722 1861 2933 1932 δηλοῦσι

2399 1859 2608 1923 bantur,
2646 1850 2683 1904 Α
2722 1861 2957 1932 δηλοῦσα
3005 1859 3103 1927 τῆς
3158 1857 3299 1908 κατά
3331 1855 3509 1925 σάρκα
3537 1852 3822 1920 γενέσεως,
3857 1851 3948 1901 καὶ
3975 1847 4120 1907 uio-3;
4148 1843 4292 1894 Θεοῦ

1041 1957 1180 2010 titios
1205 1955 1296 2010 Dei
1314 1953 1697 2008 constituebat.
1743 1950 1957 2006 Primus
1987 1951 2167 2021 itaque
2202 1951 2422 2004 lsaaeus
2458 1963 2610 2004 octa-

1043 2062 1105 2099 va
1136 2046 1497 2102 circumcisus
1523 2055 1608 2102 est
1643 2046 1730 2101 die
1758 2063 1772 2113 ;
1825 2043 1969 2099 unde
1999 2055 2053 2098 et
2096 2041 2266 2098 Judaei
2297 2043 2487 2098 eodem
2522 2043 2610 2098 die

1041 2137 1529 2194 circumciduntur.

1684 2276 1976 2331 TEXTUS.

1114 2392 1229 2447 VII.
1275 2393 1457 2447 19-23.
1487 2390 1585 2446 llic
1637 2391 2072 2446 circumveniens
2119 2404 2287 2458 genus
2331 2397 2608 2454 nostrum,

1045 2484 1232 2537 afﬂixit
1265 2491 1446 2551 patres
1471 2493 1706 2548 nostros,
1738 2491 1795 2535 ut
1823 2490 2159 2550 exponerent
2191 2480 2425 2535 infantes
2458 2496 2611 2548 suos,

1046 2591 1114 2629 ne
1149 2573 1577 2628 vivificarentur.
1609 2572 1807 2627 Eodem
1831 2584 2072 2641 tempore
2098 2581 2258 2625 natus
2275 2569 2608 2640 estMoyses,

1047 2673 1099 2718 et
1120 2665 1505 2734 fuitjucundus
1526 2665 1635 2719 Deo
1653 2666 1698 2696 ³⁵
1722 2682 1736 2730 ;
1757 2665 1846 2733 qui
1865 2665 2101 2717 nutritus
2117 2673 2196 2716 est
2215 2665 2387 2717 tribus
2407 2663 2612 2716 mensi-

1050 2759 1149 2812 bus
1180 2757 1236 2811 in
1265 2757 1426 2810 domo
1442 2757 1612 2826 patris
1644 2757 1752 2810 sui.
1781 2754 2040 2824 Exposita
2079 2763 2255 2808 autem
2285 2755 2400 2817 illo,
2427 2763 2609 2808 sustu-

1050 2848 1108 2903 .it
1159 2863 1282 2902 eum
1345 2847 1451 2901 filia
1516 2847 1838 2910 Pharaonis,
1883 2855 1936 2898 et
1988 2845 2208 2900 nutrivit
2255 2861 2379 2898 eum
2418 2845 2519 2898 sibi
2557 2846 2610 2899 in

1051 2941 1240 2994 lilium.
1301 2938 1366 2991 Et
1426 2939 1674 2992 eruditus
1733 2945 1815 2990 est
1873 2935 2082 3006 Moyses
2135 2935 2282 2988 Omni
2347 2934 2610 3002 sapientia

1051 3029 1452 3100 Egyptiorum.
1488 3036 1541 3082 et
1582 3035 1700 3082 erat
1729 3038 1917 3096 potens
1953 3027 2004 3078 in
2047 3025 2226 3078 verbis
2253 3033 2308 3078 et
2339 3026 2391 3076 in
2432 3024 2612 3093 operi-

1053 3127 1154 3180 bus
1202 3126 1336 3178 suis.
1392 3123 1526 3176 Cum
1587 3129 1766 3174 autem
1823 3120 2132 3188 impleretur
2176 3118 2223 3171 ei
2255 3117 2613 3186 quadraginta

2725 1952 2948 2006 ποιοῦσα
2998 1953 3122 2012 τοὺς
3165 1946 3674 2018 περιτεμνομὲνους.
3724 1943 3811 1994 Ἐν
3857 1938 4088 2009 πρώτοις
4120 1932 4215 1987 οὖν
4266 1935 4297 1982 ὁ

2734 2045 2918 2096 Ἰσαάκ
2981 2042 3046 2109 τῇ
3086 2037 3246 2107 ὀγδόῃ
3317 2034 3696 2104 περιτέμνεται
3751 2029 3930 2102 ἡμέρᾳ
3965 2023 4129 2079 ’ὅθεν
4199 2022 4298 2073 καὶ

2722 2139 2769 2190 οἱ
2799 2136 3063 2188 Ἰουδαῖοι.

3304 2262 3688 2316 ΚΕΙΜΕΝΟΝ.

2793 2389 2958 2456 Οὗτος
2998 2385 3503 2456 κατασοφισάμενος
3537 2380 3597 2430 τὸ
3625 2377 3779 2444 γένος
3826 2369 4006 2441 ἡμῶν,
4038 2367 4296 2420 ἐκάκωσε

2720 2490 2843 2549 τοὺς
2886 2485 3124 2551 πατέρας
3172 2478 3330 2550 ἡμῶν
3376 2474 3468 2527 τοῦ
3524 2472 3696 2522 ποιεῖν
3754 2463 3948 2551 ἔκθετα
3986 2461 4054 2512 τά
4112 2458 4299 2527 βρέφη

2722 2578 2926 2638 αὐτῶν,
2961 2578 3036 2637 εἰς
3068 2573 3126 2625 τὸ
3153 2572 3229 2642 μὴ
3259 2563 3660 2632 ζωογονεῖσθαι.
3690 2557 3778 2610 Ἑν
3834 2548 3876 2622 ᾧ
3924 2551 4098 2620 καιρῷ
4131 2552 4299 2614 ἐγεν-

2722 2670 2860 2739 νήθη
2887 2665 3144 2733 Μωῦσῆς,
3173 2661 3264 2713 καὶ
3306 2653 3373 2728 ἦν
3403 2656 3611 2714 άστεῖος
3643 2649 3720 2719 τῷ
3754 2646 3891 2714 Θεῷ,
3920 2644 3976 2706 ὃς
4011 2640 4298 2709 ἀνετράφη

2727 2765 2899 2834 μῆνας
2934 2760 3081 2828 τρεῖς
3110 2757 3165 2808 ὲν
3188 2752 3265 2822 τῷ
3298 2752 3433 2820 οἴκῳ
3456 2746 3551 2800 τοῦ
3600 2743 3803 2811 πατρὸς
3857 2735 4042 2790 αὑτοῦ.
4103 2733 4300 2784 Ἐκτεο

2723 2825 2883 2910 θέντα
2912 2825 3151 2906 δὲ-αύτὸν
3205 2846 3448 2900 ἀνείλετο
3475 2842 3506 2910 ὴ
3541 2836 3788 2903 θυγάτηρ
3833 2826 4051 2898 Φαραὼ,
4077 2825 4170 2877 καὶ
4197 2825 4300 2873 ἀν-

2723 2947 2991 3016 εθρέψατο
3007 2939 3168 2995 αὐτὸν
3193 2938 3357 3004 ἑαυτῇ
3387 2935 3465 2996 είς
3505 2931 3638 2982 υἱόν.
3680 2927 3786 2978 Καὶ
3816 2916 4266 3016 ἐπαιδεύθηξὶκίωῡ
4288 2943 4301 2952 -

2727 3007 2823 3109 σῆς
2858 3037 3008 3106 πάσῃ
3027 3032 3189 3101 σοφία
3210 3025 3521 3094 Αἰγυπτίων
3554 3037 3566 3050 ο
3601 3016 3668 3089 ἦν
3699 3018 3754 3069 δὲ
3794 3012 4015 3072 δυνατὸς
4033 3012 4086 3060 ὲν
4111 3007 4299 3071 λόγοις

2724 3107 2818 3184 καὶ
2839 3129 3039 3198 ἔργοις.
3071 3124 3156 3182 Ὠς
3197 3120 3255 3171 δὲ
3308 3112 3610 3183 ἐπληροῦτο
3656 3107 3803 3175 αὑτῷ
3851 3113 4297 3170 τεσσαρακονταο

1052 3230 1318 3271 annorum
1355 3224 1588 3284 tempus,
1624 3211 1864 3266 ascendit
1913 3212 1966 3262 in
2011 3225 2104 3263 cor
2132 3209 2250 3278 ejus
2287 3218 2344 3262 ut
2373 3210 2617 3264 visitarct
2643 3195 2685 3252 C
2721 3219 2847 3288 ετὴς
2870 3187 2945 3286 ’χρ

2412 3210 2617 3264 mle
2643 3195 2685 3252 ο
2721 3219 2847 3288 ετὴς
2870 3187 3089 3286 ’χρόνος
3116 3209 3284 3278 ἀνέϐη
3313 3208 3402 3259 ἐπὶ
3454 3203 3550 3274 τὴν
3587 3199 3812 3269 καρδίαν
3865 3191 4027 3248 αὑτοῦ
4066 3187 4299 3241 ἑπισκέο

1052 3310 1247 3364 fratres
1268 3321 1398 3363 suos
1425 3305 1565 3360 filios
1591 3304 1776 3360 Israel.

1557 3414 2126 3472 COMMENTARIUS.

1127 3550 1148 3585 ι
1180 3530 1647 3594 Circumvenieus,
1685 3546 1703 3580 ι
1746 3528 1846 3582 hoc
1881 3536 1983 3588 est.
2017 3528 2332 3597 sophismis,
2373 3543 2468 3581 seu
2502 3543 2620 3582 ver-

1056 3625 1194 3680 sutis
1238 3621 1559 3677 commentis
1608 3634 1702 3674 eos
1741 3619 2007 3689 subjicere
2055 3631 2324 3688 satagens.
2394 3620 2622 3689 Sophis-

1053 3731 1176 3771 inus
1235 3715 1377 3768 enim
1435 3722 1518 3766 est
1570 3712 1861 3766 violentum
1917 3722 2327 3765 couunentum:
2378 3711 2620 3781 adeoque

1057 3810 1158 3862 ista
1194 3807 1409 3876 phrasis
1440 3805 1541 3857 hoc
1583 3804 1704 3856 loco
1745 3802 1886 3856 idem
1932 3803 2242 3871 significat,
2285 3817 2348 3855 ac
2392 3803 2621 3856 violente

1057 3900 1166 3951 illis
1220 3899 1514 3965 imponere.
1570 3895 1749 3958 Quare
1814 3896 1978 3947 etiam
2056 3894 2378 3962 itnpostores
2425 3891 2621 3962 Sophi-

1056 4000 1169 4045 stas
1206 3997 1422 4051 vocant,
1467 3985 1612 4054 quod
1663 3986 1939 4038 veritatem
1979 3984 2168 4036 fraude
2223 3992 2275 4036 et
2315 3984 2622 4051 50phisma-

1056 4083 1201 4135 tibus
1273 4079 1568 4133 occultant.
1627 4076 1702 4129 Eo
1762 4077 1924 4145 igitur
1982 4084 2220 4142 tempore
2298 4085 2456 4127 natus
2514 4083 2619 4136 est,

1056 4172 1250 4241 inquit,
1281 4170 1514 4240 Moyses,
1546 4175 1600 4220 et
1621 4166 1722 4219 fuit
1748 4166 2163 4234 jucundus,hoc
2188 4175 2292 4228 est,
2329 4165 2524 4218 charus
2559 4179 2621 4217 ac

1057 4266 1287 4319 dilectus
1339 4262 1467 4314 Deo.
1506 4259 1639 4313 Eum
1673 4269 1852 4312 autem
1893 4258 2196 4326 expOsitum
2230 4260 2336 4310 lilia
2383 4256 2622 4309 Pharao-

1059 4357 1142 4408 nis
1185 4370 1308 4407 cutn
1386 4352 1722 4417 sustulisset,
1750 4364 1963 4404 omnem
1994 4349 2372 4419 Algyptiorum
2406 4349 2620 4417 sapien-

1061 4448 1190 4500 tiam
1234 4446 1468 4498 edocuit.
1507 4445 1579 4496 Ex
1610 4457 1720 4512 quo
1764 4452 1929 4512 patet,
1980 4457 2087 4495 n0u
2125 4443 2345 4494 omnino
2379 4449 2621 4494 contem-

2722 3309 2928 3380 ψασθαι
2960 3305 3084 3368 τοὺς
3117 3300 3377 3368 ἀδελφοὺς
3417 3296 3580 3348 αὑτοῦ
3612 3295 3735 3353 τοὺς
3769 3290 3914 3349 υἱοὺς
3942 3283 4182 3353 Ἰσραήλ.

3297 3408 3534 3463 EPMH'N
3546 3407 3643 3458 EIA
3661 3443 3674 3457 .

2794 3530 3052 3586 Τουτέστι
3084 3523 3410 3594 πανούργοις
3456 3517 3717 3577 ἐπινοίαις
3766 3513 3942 3566 αὐτῶν
4003 3505 4295 3577 περιγενέ-

2725 3624 2845 3677 σθαι
2878 3619 3273 3675 ὲῦουλεύσαντο
3295 3615 3359 3666 ³⁸.
3393 3609 3662 3679 Σοιεισμὸς
3681 3607 3787 3675 γάρ
3817 3606 3931 3656 ἐστι
3956 3600 4295 3670 βεϐιασμένη

2724 3714 3002 3783 ἐξήγησις.
3031 3709 3122 3762 Διὸ
3160 3703 3262 3760 ὧδε
3318 3707 3351 3774 ἡ
3385 3704 3624 3771 ἔμφασις
3680 3698 3853 3763 λέγει,
3906 3692 4050 3761 τῷδ’
4101 3688 4296 3758 βιαίως

2723 3804 3003 3860 ἐπιθέσθαι
3039 3801 3225 3861 αὐτοῖς
3251 3795 3462 3866 δηλοῦν,
3486 3793 3606 3844 ὅθεν
3645 3791 3686 3820 δ’
3723 3790 3817 3839 καὶ
3882 3783 4140 3852 σοφιστάς
4165 3783 4298 3843 τοὺς

2723 3898 2927 3965 γόητας
2961 3889 3192 3952 misi“,
3227 3887 3300 3948 ὼς
3325 3884 3385 3937 τὸ
3421 3882 3616 3949 ἀληθὲς
3646 3879 3713 3932 δι’
3743 3876 3958 3943 ἀπάτης
3989 3874 4082 3925 καὶ
4140 3887 4300 3936 σοφι-

2725 3963 2878 4058 σμῶν
2911 3983 3300 4054 κρύπττοντας.
3332 3976 3422 4028 Ἐν
3455 3971 3600 4040 αύτῴ
3621 3970 3799 4021 τοίνυν
3831 3965 3906 4035 τῷ
3934 3963 4105 4033 καιρῷ
4135 3964 4298 4028 ἐγενο

2725 4080 2880 4146 νήθη,
2915 4075 3070 4143 φησι,
3103 4070 3362 4138 Μωῦσῆς,
3391 4066 3484 4118 καὶ
3509 4061 3574 4134 ἦν
3600 4064 3811 4118 ἀστεῖος
3837 4059 3914 4127 τῷ
3944 4056 4084 4124 Θεῷ,
4121 4071 4296 4106 τουτ-

2725 4171 2871 4221 έστιν
2907 4162 3353 4233 εὐάρεστος,ἦτοι
3385 4156 3656 4223 θεοφιλής.
3682 4149 4000 4203 Ἐκτεοέντα
4041 4147 4097 4197 δὲ
4129 4145 4300 4196 αὐτὸν

2724 4265 2756 4330 ἡ
2792 4259 3040 4326 θυγάτηρ
3060 4252 3259 4324 Φαραὼ
3283 4248 3606 4316 ἀνελομένη,
3646 4245 3826 4296 πᾶσαν
3881 4243 4073 4307 σοφίαν
4125 4239 4299 4302 Αἰγυ-

2725 4352 2894 4403 πτίων
2925 4346 3182 4410 ἐδίδαξεν.
3217 4345 3310 4395 Ἐκ
3328 4341 3512 4393 τούτου
3543 4337 3718 4407 δῆλον,
3745 4335 3818 4397 ὡς
3848 4335 3946 4385 οὑκ
3975 4329 4296 4397 ἀποϐλητέα

2727 4443 2902 4509 πάντη
2934 4442 3102 4502 ἐστιν,
3141 4438 3174 4506 ὴ
3199 4434 3306 4486 τῶν
3334 4431 3533 4496 ἔξωθεν
3565 4429 3666 4498 τῆς
3707 4427 3930 4496 Γραφῆς
3989 4422 4294 4481 παίδευσις.

1060 4541 1290 4593 nendam
1312 4552 1433 4591 esse
1458 4535 1739 4609 profanam
1769 4535 2126 4590 eruditionem
2149 4553 2161 4589 :
2182 4534 2619 4603 quandoquidem
2657 4524 2697 4577 D
2725 4533 2928 4604 Τρόττῳ

2404 4535 2619 4602 quidem
2657 4524 2928 4604 οΤρόττῳ
2981 4531 3089 4597 γὰρ
3129 4525 3406 4594 ἑγκωμίου
3463 4521 3698 4590 εἴρηται,
3748 4518 3822 4578 ὡς
3885 4535 3902 4566 ι
3965 4513 4293 4582 Ἐπαιδεύθη

1063 4633 1116 4685 in
1143 4631 1359 4682 modum
1382 4629 1556 4682 laudis
1583 4627 1787 4680 dictum
1811 4633 1893 4679 est
1921 4642 1935 4678 :
1970 4644 1987 4676 ι
2020 4623 2274 4679 Eruditus
2296 4635 2378 4678 est
2410 4625 2624 4694 Moyses

1064 4723 1210 4777 omni
1240 4719 1502 4788 sapientia
1535 4717 1912 4790 ASgyptiorum
1949 4733 1960 4768 :
2011 4734 2028 4766 ι
2082 4731 2144 4768 ac
2169 4715 2328 4768 etiam
2357 4717 2422 4767 de
2452 4715 2625 4768 tribus

1065 4815 1248 4884 pueris
1279 4822 1333 4866 et
1366 4811 1623 4864 Daniele:
1663 4828 1681 4860 ι
1720 4807 2060 4877 Superahant
2091 4821 2278 4861 omnes
2310 4807 2363 4858 in
2411 4806 2625 4874 sapien—

1067 4910 1139 4962 tia
1169 4906 1545 4961 Chaldaaorum
1573 4911 1628 4958 et
1654 4903 1707 4955 in
1742 4903 1888 4957 omni
1922 4901 2206 4969 disciplina
2239 4900 2301 4952 ³⁸.
2347 4917 2365 4949 ι
2401 4898 2627 4966 Oportet

1067 5008 1246 5052 autem
1285 4999 1350 5049 ad
1399 4995 1673 5048 modicum
1724 4994 2067 5047 solummodo
2115 5002 2328 5059 tempus
2367 4990 2614 5057 ejusutod

1064 5089 1367 5159 disciplinis
1402 5101 1594 5140 vacare
1631 5101 1744 5148 eos,
1776 5084 1869 5153 qui
1901 5085 1953 5137 in
1995 5084 2175 5138 studio
2201 5098 2370 5136 sacra:
2396 5097 2457 5137 ac
2481 5082 2620 5136 divi-

1067 5181 1210 5234 nitus
1240 5179 1516 5246 inspirata:
1548 5175 1840 5246 Scriptura!
1871 5184 2130 5246 perpetuo
2153 5176 2354 5230 haerere
2381 5176 2616 5230 debent:

1066 5284 1190 5322 nam
1219 5282 1320 5323 nec
1350 5267 1550 5334 Moses,
1574 5283 1752 5339 neque
1780 5267 2008 5331 Anania,
2035 5273 2088 5320 et
2118 5264 2304 5320 Daniel
2331 5265 2613 5334 profanam

1139 5466 1186 5502 ³³
1219 5466 1389 5524 Exod.
1426 5485 1486 5532 ιι,
1514 5469 1567 5522 Ξ.
1645 5470 1690 5500 ³⁸
1732 5471 1866 5526 Dan.
1899 5486 1975 5534 νι,
2017 5470 2068 5524 5.

2725 4625 2964 4692 Μωῦσῆς
2991 4623 3139 4689 πάσῃ
3172 4618 3333 4686 σοφία
3390 4612 3701 4681 Αἰγυπτίων
3730 4625 3742 4637 ·
3772 4628 3790 4659 ι
3845 4608 3936 4659 καὶ
3994 4605 4123 4674 περὶ
4184 4604 4298 4655 τῶν

2724 4719 2890 4788 τριῶν
2917 4715 3123 4768 παίδων
3155 4711 3249 4762 καὶ
3279 4707 3497 4775 Δανιὴλ,
3528 4706 3601 4766 ὡς
3626 4723 3642 4753 ‹
3691 4697 4057 4784 Ὑτηερέϐαλον
4086 4697 4296 4757 πάντας

2725 4813 2780 4862 ἐν
2814 4811 2880 4877 τῇ
2915 4804 3198 4857 Χαλδαίων
3230 4798 3517 4867 φιλοσοφίᾳ
3546 4798 3636 4848 καὶ
3681 4796 3798 4851 ταῖς
3827 4793 4038 4850 λοιπαῖς
4066 4789 4297 4856 ὲπιστήυ

2727 4913 2877 4967 μαις.
2916 4915 2933 4945 ι
2964 4897 3054 4946 Δεῖ
3077 4893 3133 4944 δὲ
3172 4891 3256 4943 ἐπ’
3284 4889 3462 4956 ὀλίγον
3485 4886 3674 4945 αὐταῖς
3733 4881 4041 4951 προσέχειν,
4074 4881 4140 4945 τῇ
4168 4877 4288 4928 θεος

2733 4986 2981 5054 πνεύστῳ
3020 4985 3211 5053 Γραφῇ
3269 4979 3627 5049 ἐμμένοντας.
3689 4972 3824 5026 Οὔτε
3888 4970 3996 5038 γάρ
4042 4966 4293 5031 Μούσῆς,

2732 5082 2855 5135 οὔτε
2885 5083 2933 5132 οἱ
2968 5079 3097 5147 περὶ
3123 5076 3376 5130 Ἁνανίαν
3413 5072 3507 5125 καὶ
3532 5069 3753 5140 Δανιὴλ,
3820 5063 4023 5134 ἔμαθον
4069 5062 4136 5114 ἂν
4193 5062 4295 5129 τὴν

2731 5173 2891 5242 ξένην
2922 5168 3198 5231 παιδείαν,
3222 5164 3352 5234 εἰμὴ
3380 5164 3592 5232 ἀνάγκη
3617 5159 3711 5211 καὶ
3747 5156 3837 5225 βία
3866 5151 4165 5206 δεσποτῶν.
4184 5151 4297 5201 Καὶ

2726 5265 2833 5333 γὰρ
2866 5263 2923 5314 ὲν
2979 5260 3153 5314 οὐδενὶ
3215 5258 3383 5327 αὐτὴν
3422 5255 3738 5324 κέχρηνται,
3802 5247 4038 5316 εἰμὴπου
4081 5244 4148 5296 ἄν
4212 5257 4296 5304 τις

2250 5611 2449 5672 Variae
2493 5609 2796 5672 lectiones
2837 5614 2898 5671 et
2939 5614 3125 5670 notae.

1137 5763 1181 5800 ³⁷
1220 5761 1307 5817 ισ.
1340 5761 1521 5830 φασίν.
1599 5762 1642 5794 ³⁸
1673 5761 1760 5816 τσ.
1790 5761 1905 5831 εθη.

1983 5762 2026 5794 ³⁸
2055 5763 2139 5816 ισ.
2181 5761 2558 5829 ἐϐουλεύσατο,
2598 5761 2635 5829 ἢ
2670 5761 3101 5833 βουλευσάμενοι.

3179 5759 3226 5791 ⁸⁸
3257 5759 3341 5814 ισ.
3376 5760 3455 5814 τό.
3532 5761 3573 5793 ⁸⁸
3600 5757 3859 5830 δηλονότι.
3937 5757 3983 5790 ⁸³
4015 5758 4262 5814 καλοῦσι.
