4794 6454
541 401 650 463 909

1179 396 1715 456 EXI‘USI'HONIS
1758 398 1836 456 IN
1878 395 2386 457 ACTATEXTUS
2416 400 2687 462 ALTER.
2730 406 2954 464 —C.\l’.
2996 406 3126 467 VII.

3694 408 3797 474 910

538 516 705 576 εἴποι,
736 515 821 565 ὅτι.
845 510 1006 575 καλὸν
1036 511 1196 562 αὑτὸν
1220 512 1261 542 ⁸³
1299 511 1512 579 μαθεῖν,
1552 509 1688 577 πρὸς
1729 510 1788 562 τὸ
1823 510 2125 579 ἀνατρέψαι
2151 520 2203 571 Α
2230 511 2431 565 eruditi

1903 510 2588 579 upédatAeruditionem
2655 513 3049 571 addidicissent
3119 531 3378 586 unquam,
3454 520 3558 575 nisi
3609 523 3677 577 ad
3744 526 3796 579 id

539 605 637 665 τὰς
659 605 885 657 ἐκείνων
915 604 1151 666 ἀπάτας.

2230 602 2574 670 necessitate,
2604 620 2670 658 ac
2708 605 3052 661 dominorum
3075 607 3236 677 225
3272 607 3503 677 imperio
3529 614 3794 681 compulsi

542 698 780 752 fuissent
812 717 825 757 ;
875 712 1042 767 quare
1069 712 1347 768 nunquam
1378 710 1440 751 ea
1471 694 1779 749 eruditione
1819 695 1902 748 usi
1939 702 2068 748 sunt
2096 713 2109 749 :
2148 694 2255 750 nisi
2285 695 2411 766 quis
2437 696 2603 763 dicat,
2628 697 2760 753 utile
2777 697 2912 753 Mosi
2938 698 3105 755 fuisse
3125 715 3244 755 eam
3314 715 3659 773 comparare,
3727 705 3795 758 ad

537 791 920 863 Aigyptiorum
951 804 1169 844 errores
1196 789 1315 857 ejus
1347 787 1600 857 praesidio
1630 786 1971 843 evertendas.

1140 905 1529 960 KEIMENON.

607 1019 722 1072 Καὶ
764 1018 887 1070 ἰδών
910 1035 1031 1071 τινα
1069 1016 1447 1086 ἀδικούμενον,
1483 1017 1749 1087 ἠμύνατο,
1786 1017 1879 1070 καὶ
1925 1017 2117 1084 ἐποίηο

538 1126 631 1159 σεν
691 1108 972 1177 ἐκδίκησιν
1046 1107 1124 1177 τῷ
1188 1106 1679 1177 καταπονουμένῳ,
1730 1106 1979 1171 πατάξας
2025 1105 2117 1158 τὸν

536 1200 856 1267 Αἰγύπτιον.
892 1200 1137 1270 Ἐνόμιζε
1168 1200 1225 1253 δὲ
1267 1200 1509 1253 συνιέναι
1539 1201 1665 1262 τοὺς
1688 1198 1950 1268 ἀδελφοὺς
2012 1198 2113 1251 αύ-

535 1292 653 1354 τοῦ,
687 1293 771 1344 ὅτι
799 1296 829 1344 6
858 1292 987 1355 Θεὸς
1015 1292 1101 1345 διὰ
1140 1293 1322 1363 χειρὸς
1351 1293 1519 1346 αὑτοῦ
1548 1292 1764 1345 δίδωσιν
1797 1292 1980 1354 αὐτοῖς
2013 1308 2115 1344 σωο

534 1384 734 1452 τηρίαν
761 1399 774 1412 ·
797 1385 845 1434 οἱ
868 1383 923 1435 δὲ
947 1384 1008 1435 οὐ
1050 1384 1310 1454 συνῆκαν.
1336 1384 1416 1455 Τῇ
1446 1402 1507 1437 τε
1536 1381 1766 1453 ἐπιούσῃ
1818 1381 1974 1453 ὤφθη
2019 1382 2118 1435 αύ-

536 1476 652 1537 τοῖς
677 1476 1032 1543 μαχομένοις,
1056 1478 1152 1527 καὶ
1184 1476 1483 1545 συνήλασεν
1515 1475 1717 1539 αὐτοὺς
1777 1476 1856 1539 είς
1891 1476 2117 1546 είρήνην

534 1564 709 1618 εἰπών
729 1583 744 1597 ο
787 1567 1037 1635 Ἀνδρες,
1071 1567 1289 1636 ἀδελφοί
1321 1571 1442 1620 ἐστε
1466 1567 1623 1637 ὑμεῖς
1649 1606 1663 1622 .
1697 1567 1785 1620 ἵνα
1809 1568 1861 1619 τί
1884 1567 2116 1621 ἀδικεῖτε

536 1660 807 1729 ἀλλήλους
841 1675 857 1724 ;
892 1658 951 1711 '0
980 1660 1035 1712 δέ
1056 1659 1259 1714 ἀδικῶν
1292 1660 1383 1712 τὸν
1416 1660 1664 1731 πλησίον,
1723 1662 1984 1714 ἀπώσατο
2017 1660 2115 1713 αὑ·

533 1750 631 1802 τὸν
660 1749 831 1802 εἰπών
860 1768 874 1781 ·
909 1751 1006 1812 Τίς
1036 1768 1095 1802 σε
1124 1752 1461 1823 κατέστησεν
1478 1754 1718 1823 ἄρχοντα
1738 1754 1829 1805 καὶ
1855 1750 2116 1820 δικαστὴν

535 1840 624 1907 ἐφ’
657 1840 842 1908 ήμᾶ;;
876 1839 953 1909 μὴ
981 1840 1192 1893 ἀνελεῖν
1224 1857 1291 1907 με
1318 1841 1384 1894 σὺ
1418 1842 1617 1905 θέλεις,
1677 1839 1738 1893 ὃν
1790 1840 1990 1912 τρόπον
2018 1840 2115 1891 άν-

534 1929 677 1989 ετλες
702 1927 829 1997 χθές
854 1928 943 1980 τὸν
978 1929 1306 1998 Αἱγύπτιονς
1344 1931 1549 1998 Ἔφυγε
1575 1930 1630 1983 δέ
1660 1932 1899 2001 Μωῦσῆς
1928 1932 1987 1984 ἐν
2036 1929 2115 2001 τῷ

531 2020 681 2089 λόγῳ
742 2022 939 2091 τούτῳ,
969 2022 1066 2074 καὶ
1112 2022 1332 2088 ἐγένετο
1362 2022 1626 2094 πάροικος
1654 2025 1713 2076 ἐν
1745 2025 1816 2093 γῇ
1864 2022 2110 2093 Μαδιάμ,

529 2106 595 2165 οὗ
621 2112 917 2182 ἐγέννησεν
947 2112 1097 2174 υἱοὺς
1134 2112 1247 2170 δύο.

1105 2306 1489 2361 ΕΡΜΗΝΕΙΛ.

599 2415 810 2469 Ἀνεῖλε
857 2417 1096 2486 Μωῦσῆς
1122 2420 1213 2470 τὸν
1243 2419 1561 2487 Αίγύπτιον,
1619 2420 1679 2471 ού
1732 2418 1888 2489 θυμῷ
1944 2419 2113 2485 εἴξας,

535 2508 662 2560 οὐδὲ
690 2509 831 2579 ὀργῇ
860 2508 1123 2578 κινηθεὶς,
1156 2510 1305 2580 ζήλῳ
1332 2512 1411 2565 δέ.
1446 2513 1561 2565 Πᾶν
1595 2511 1673 2576 δὲ,
1701 2510 1730 2564 ὃ
1774 2510 1840 2564 ἂν
1886 2512 2113 2581 γένηται

529 2600 611 2660 είς
639 2597 800 2666 λόγον
836 2598 993 2661 Θεοῦ,
1073 2600 1328 2654 εὐσέϐειά
1376 2602 1494 2655 ἐστι
1522 2616 1539 2632 ⁸
1568 2602 1673 2656 κᾶν
1700 2602 1862 2672 φόϐος
1890 2603 1939 2634 ⁸⁸
2026 2604 2114 2655 διὰ

530 2688 687 2752 Θεὸν,
717 2689 827 2740 (Dx
861 2689 981 2741 ἐστι
1012 2690 1175 2759 φόϐος
1207 2691 1273 2744 ⁸⁵.
1318 2692 1378 2744 Ὀ
1407 2693 1537 2759 γοῦν
1582 2694 1783 2759 Φινεὲς,
1817 2694 1910 2745 δύο
1933 2696 1989 2747 ἐν
2014 2697 2115 2765 μιᾷ

531 2780 680 2849 χειρὶ
711 2778 1003 2847 φονεύσας,
1056 2782 1327 2850 ἤκουσεν·
1385 2802 1404 2834 ι
1463 2784 1696 2853 Ἀνέστη
1767 2784 1971 2849 Φινεὲς,
2022 2787 2113 2837 καὶ

530 2873 843 2936 ἐξιλάσατο,
878 2875 971 2926 καὶ
1009 2874 1280 2926 ἐκόπασεν
1316 2877 1348 2945 ή
1383 2875 1634 2946 θραῦσις,
1699 2878 1795 2929 καὶ
1858 2877 2111 2945 ἐλογίσθη

529 2961 680 3030 αὐτῷ
709 2964 790 3024 εἰς
814 2962 1187 3031 δικαιοσύνην.
1235 2982 1255 3014 ι
1282 2963 1556 3034 Διάφορος
1585 2965 1695 3035 γὰρ
1723 2966 1757 3035 ή
1790 2964 2110 3035 προαίρεσις

531 3056 741 3126 φονέως
777 3056 873 3107 καὶ
902 3054 1277 3120 εὑσεϐοὖντος,
1310 3057 1415 3108 κᾶν
1468 3056 1529 3109 τὸ
1557 3058 1839 3125 γινόμενον
1877 3056 2112 3123 πρᾶγμα

528 3147 609 3200 ἓν.
637 3148 712 3198 Τὸ
742 3147 923 3199 τοίνυν
956 3146 1265 3217 [γινόμενον
1291 3148 1380 3199 διὰ
1430 3149 1728 3213 Μωῡσέως,
1784 3150 2006 3218 σημεῖον
2042 3142 2110 3216 ἦν

528 3240 613 3290 ὅτι
648 3237 832 3307 μέλλει
866 3240 893 3289 ὁ
916 3238 1072 3308 Θεὸς]
1104 3240 1439 3305 Αἰγυπτίους
1469 3238 1841 3304 ἀποκτείνειν,
1867 3241 1995 3299 τοὺς
2042 3238 2103 3289 δὲ

530 3327 860 3396 λεγομένους
892 3327 1233 3398 Ἰσραηλίτας
1294 3328 1508 3393 σώζειν.
1559 3329 1668 3381 Καὶ
1713 3323 1815 3383 ὧδε
1878 3328 1977 3398 μὲν
2017 3324 2111 3381 οὖν

528 3420 596 3470 τὰ
619 3418 1196 3489 Μωῦσέως,ωεωρίας
1249 3419 1306 3472 δὲ
1379 3421 1477 3490 τῆς
1534 3421 1794 3474 ἀνωτάτω
1855 3419 2110 3488 συνθήσει

530 3511 696 3563 πάλιν
719 3513 853 3580 ἡμῖν
879 3513 907 3564 6
937 3510 1089 3579 λόγος
1120 3510 1221 3581 τήν
1243 3512 1558 3581 οἰκονομίαν
1586 3512 1685 3583 τὴν
1724 3512 1817 3564 ἐπὶ
1862 3509 2103 3581 Χριστῷ.

530 3601 723 3670 Εὖρὼν
762 3603 872 3671 γὰρ
898 3606 926 3656 ὁ
957 3603 1145 3674 Σωτὴρ
1170 3604 1350 3674 δεινὴν
1382 3603 1750 3672 ὑπομένοντας
1799 3605 1897 3673 τὴν
1948 3603 2109 3654 πλεο.

531 3694 715 3759 νεξίαν
745 3695 847 3763 τῆς
898 3694 943 3725 ’⁵⁸
1012 3694 1230 3766 Ἰσραήλ
1286 3696 1555 3766 (ἐπεπήδα
1619 3696 1729 3765 γὰρ
1784 3696 1863 3759 είς
1916 3695 2111 3757 αὐτοὺς

528 3785 719 3857 ὥσπερ
752 3785 1052 3855 συντρίϐων
1079 3788 1106 3839 6
1133 3785 1425 3855 Σατανᾶς),
1483 3787 1735 3857 ἐλεήσας,
1788 3786 2111 3857 ἐλευθεροῦν

530 3878 835 3930 ἐσκόπτετο
858 3877 925 3931 ⁸⁷.
956 3876 1297 3942 Ἀπεκτονὼς
1331 3879 1389 3931 δὲ
1422 3879 1628 3950 τρόπον
1658 3878 1802 3944 τινά,
1852 3879 1945 3931 τὸν
1999 3877 2113 3931 ἁδι-

531 3973 646 4021 κείν
678 3969 976 4040 ᾑρημένον,
1001 3971 1346 4041 κατέκρυψεν
1402 3972 1485 4035 εις
1538 3972 1665 4041 γῆν,
1723 3971 2001 4024 τουτέστιν
2054 3972 2112 4023 ὲν

528 4062 640 4122 τοῖς
673 4059 1011 4129 ὑποχθονίοις
1049 4061 1387 4115 κατακλείων
1417 4061 1462 4093 ⁸⁸
1496 4062 1577 4124 είς
1635 4062 1767 4132 ᾅδην
1816 4061 1907 4114 τὸν
1937 4061 2112 4115 Σατα-

529 4154 629 4205 νᾶν
662 4153 691 4203 6
716 4152 930 4221 Σωτὴρ,
955 4151 1301 4223 δικαιοσύνης
1318 4153 1571 4221 ἐφαίνετο
1602 4152 1906 4223 βραϐευτὴς
1936 4154 1979 4185 ⁸⁸
1999 4154 2111 4215 τοῖς

528 4242 590 4307 ἐξ
641 4240 880 4312 Ἰσραήλ.
942 4243 1005 4294 Οἱ
1060 4243 1117 4295 δὲ
1177 4242 1263 4311 ἐφ’
1323 4239 1404 4306 οἷς
1464 4244 1687 4317 ἔμελλον
1748 4245 2111 4313 εὐχαριστεῖν,

531 4331 809 4397 εφασκοψ
845 4350 865 4381 ι
900 4332 1015 4383 Οὐκ
1053 4331 1305 4384 ἐκϐάλλει
1336 4331 1406 4384 τά
1450 4332 1705 4402 δαιμόνια
1736 4326 1911 4394 οὗτος,
1945 4332 1991 4381 εἰ
2034 4330 2115 4400 μὴ

532 4423 593 4473 ἐν
614 4421 696 4487 τῷ
726 4420 1056 4483 Βεελζεϐουλ
1084 4424 1306 4493 ἄρχοντι
1341 4422 1451 4477 τῶν
1485 4422 1800 4493 δαιμονίων.
1840 4441 1858 4473 ι
1912 4422 2011 4474 Διά.
2032 4438 2112 4474 τοι

532 4518 696 4566 τοῦτο
724 4514 1199 4585 μεταπεφοίτηκεν
1229 4517 1293 4568 ἐκ
1313 4515 1411 4584 τῆς
1438 4513 1697 4576 ἰουδαίας
1733 4518 1813 4577 είς
1839 4514 1937 4583 τὴν
1958 4513 2115 4565 Γαλι-

531 4606 718 4671 λαίαν,
746 4607 1001 4677 καθάπερ
1016 4607 1221 4677 Μωσῆς
1255 4607 1459 4677 μετέϐη
1494 4608 1573 4670 είς
1611 4607 1714 4676 γῆν
1741 4605 1989 4676 Μαδιάμ,
2022 4605 2117 4658 καὶ

524 4697 629 4769 τὴν
655 4700 718 4763 ἐξ
761 4697 931 4752 ἐθνῶν
959 4699 1143 4752 ἐκάλει
1172 4701 1512 4768 συναγωγήν.

1164 4876 1547 4930 KEIMENON.

597 4989 712 5045 Καὶ
734 4989 1131 5061 πληρωθέντων
1164 4991 1300 5045 ἐτῶν
1317 4990 1745 5062 τεσσαράκοντα,
1777 4990 1930 5062 ὤφθη
1952 4990 2102 5061 αὐτῷ

526 5085 589 5137 ἐν
619 5085 692 5152 τῇ
721 5084 913 5153 ἐρήμῳ
937 5081 1031 5134 τοῦ
1084 5082 1243 5152 ὅρους
1284 5082 1413 5135 Σινᾶ
1474 5082 1705 5151 ἄγγελος
1783 5083 1989 5153 Κυρίου
2045 5084 2104 5138 ἐν

527 5175 693 5243 φλογὶ
726 5175 897 5242 πυρὸς
927 5174 1113 5243 βάτου.
1156 5174 1215 5227 '0
1244 5175 1300 5228 δὲ
1326 5176 1567 5247 Μωῦσῆς
1618 5174 1762 5240 ἰδὼν,
1826 5174 2105 5244 ἐθαύμασε

523 5266 590 5318 τὸ
619 5267 825 5337 ὅραμα.
883 5266 1334 5338 Προσερχομένου
1406 5266 1464 5320 δὲ
1523 5265 1693 5320 αὐτοῦ
1750 5267 2103 5337 κατανοῆσαι,

603 5444 643 5475 ³¹
685 5440 828 5497 Psal.
871 5456 961 5510 cv,
1017 5443 1108 5497 30.
1216 5442 1262 5476 ³⁸
1288 5441 1477 5498 Matth.
1506 5442 1719 5509 xn,26.

2892 901 3197 959 TBXTUS.

2288 1011 2403 1078 Vll,
2436 1014 2629 1069 24-29.
2666 1013 2734 1067 Et
2764 1028 2885 1067 cum
2921 1015 3151 1070 vidisset
3194 1020 3483 1086 quemdam
3533 1023 3788 1091 injurinnt

2216 1102 2529 1173 patientem,
2563 1104 2858 1158 vindicavit
2890 1106 3039 1159 illutn
3072 1125 3085 1160 :
3118 1116 3170 1161 et
3190 1107 3590 1165 fecitultionem
3621 1115 3669 1167 ei
3702 1117 3795 1183 qui

2217 1191 2472 1261 injuriam
2500 1193 2834 1259 suStinebat,
2853 1208 3115 1263 percusso
3137 1195 3414 1269 Egyptio.
3439 1198 3798 1258 Existimabat

2216 1293 2397 1337 autem
2422 1283 2724 1351 intelligere
2756 1285 2972 1349 fratres,
3004 1286 3261 1354 quoniam
3292 1287 3433 1343 Deus
3453 1305 3548 1358 per
3576 1306 3796 1346 manum

2218 1374 2390 1444 ipsius
2429 1374 2587 1429 daret
2614 1375 2845 1429 salutem
2888 1377 2994 1430 illis
3028 1394 3040 1428 :
3079 1377 3235 1430 atilli
3258 1392 3366 1431 non
3388 1381 3795 1437 intellexerunt.

2213 1451 2477 1533 Sequenii
2496 1478 2623 1519 vero
2634 1464 2722 1517 die
2738 1466 2987 1533 apparuit
3007 1465 3116 1521 illis
3133 1465 3474 1537 litigantibus
3494 1487 3507 1523 :
3528 1481 3584 1525 et
3604 1487 3797 1527 recorr-

2214 1555 2437 1611 ciliabat
2464 1570 2560 1611 eos
2600 1557 2655 1609 in
2684 1570 2838 1626 pace,
2864 1556 3057 1612 dicens
3088 1571 3102 1610 :
3149 1556 3285 1625 Viri,
3322 1559 3519 1615 fratres
3546 1565 3706 1627 estis,
3738 1575 3797 1618 ut

2213 1646 2346 1715 quid
2379 1638 2587 1701 nocetis
2615 1647 2981 1701 alterutrum?
3007 1648 3110 1714 Qui
3144 1659 3325 1704 autem
3350 1651 3605 1719 injuriam
3631 1654 3799 1709 facie-

2213 1735 2310 1789 bat
2348 1736 2623 1803 proximo,
2665 1736 2866 1804 repulit
2891 1751 3037 1803 cum,
3067 1736 3300 1794 dicens:
3346 1739 3481 1805 Quis
3512 1750 3565 1795 te
3591 1746 3799 1797 consti-

2215 1828 2319 1879 tuit
2359 1826 2662 1896 principem
2694 1836 2748 1879 et
2773 1826 3016 1895 judicem
3050 1844 3212 1897 super
3247 1833 3395 1885 nos?
3425 1830 3682 1903 Nunquid
3714 1836 3799 1890 in-

2214 1917 2464 1972 terficere
2487 1933 2576 1971 me
2612 1925 2670 1971 tu
2698 1918 2800 1981 vis,
2830 1919 3292 1987 quemadmodum
3322 1922 3648 1980 interfecisti
3679 1927 3793 1981 lteri

2210 2011 2527 2082 Egyptium
2556 2012 2581 2064 ?
2626 2009 2787 2081 Fugit
2837 2022 3017 2066 autem
3073 2012 3289 2085 Moyses
3330 2016 3385 2069 in
3424 2016 3593 2071 verbo
3642 2017 3792 2073 isto:

2140 2115 2182 2170 Β
2209 2110 2264 2156 et
2288 2102 2466 2157 factus
2487 2110 2572 2157 est
2596 2102 2804 2157 advena
2834 2105 2887 2156 in
2924 2111 3069 2159 terra
3093 2104 3308 2161 Madian
3334 2146 3350 2174 ,
3394 2108 3485 2163 ubi
3510 2111 3794 2181 generavit

2218 2192 2363 2249 filios
2391 2193 2550 2249 duos.

2744 2305 3293 2363 COMMENTARIUS
3320 2349 3334 2363 .

2287 2417 2566 2473 luterfeeit
2590 2418 2766 2473 Moses
2788 2417 3126 2489 Aigyptium,
3148 2435 3258 2475 non
3277 2420 3463 2477 furore
3489 2432 3667 2487 actus,
3699 2424 3793 2478 sed

2216 2511 2353 2565 zelo.
2385 2510 2663 2581 Quidquid
2706 2525 2835 2565 vero
2871 2519 3091 2581 propter
3123 2509 3295 2567 Deum
3339 2514 3419 2576 lit,
3459 2516 3633 2584 pietas
3661 2526 3743 2571 est
3776 2533 3794 2582 ;

2212 2613 2266 2658 et
2291 2605 2467 2658 caedes
2496 2614 2717 2674 propter
2754 2605 2923 2658 Deum
2951 2602 3118 2670 facta,
3141 2605 3318 2660 caedes
3345 2622 3453 2662 non
3482 2615 3586 2662 est.
3614 2606 3795 2673 Quare

2213 2695 2282 2749 de
2303 2692 2556 2759 Phinees,
2580 2695 2673 2765 qui
2698 2694 2838 2749 duos
2858 2709 2966 2748 uno
2998 2695 3111 2748 ictu
3132 2696 3393 2762 confodit,
3418 2698 3621 2752 dictum
3654 2710 3740 2753 est
3774 2717 3789 2753 :

2218 2806 2237 2838 ι
2256 2787 2330 2842 Su
2340 2786 2744 2842 rrcxitPliinees
2757 2796 2808 2841 ct
2832 2786 3060 2856 placavit
3078 2798 3131 2841 et
3152 2790 3388 2844 cessavit
3404 2790 3717 2858 quassatio;
3739 2801 3793 2844 et

2214 2887 2418 2947 reputa:
2430 2895 2518 2931 uin
2531 2889 2614 2933 est
2629 2879 2677 2931 ei
2699 2880 2753 2931 in
2770 2880 3037 2949 justitiam
3052 2881 3117 2932 ³⁷.
3129 2899 3148 2931 ι
3160 2878 3385 2935 Diversa
3401 2881 3545 2935 enim
3563 2882 3794 2936 intentio

2210 2979 2296 3025 est
2327 2969 2633 3034 homicidae,
2673 2984 2740 3023 ac
2798 2969 2920 3039 ejus
2964 2971 3055 3041 qui
3086 2971 3305 3041 pietatis
3338 2981 3521 3026 actum
3552 2982 3790 3037 exercet,

2212 3063 2564 3131 quantumvis
2607 3076 2747 3132 Opus
2780 3072 3061 3132 peractum
3095 3062 3240 3117 idem
3275 3062 3367 3117 sit.
3414 3060 3571 3127 Quod
3625 3063 3793 3132 igitur

2213 3154 2342 3209 fecit
2370 3156 2456 3209 hic
2498 3154 2698 3216 Moses,
2730 3154 2948 3224 signum
2980 3166 3117 3220 erat,
3147 3153 3260 3225 (l6)
3281 3154 3427 3223 quod
3455 3154 3598 3209 Deus
3623 3154 3790 3226 Aigy-

2213 3246 2356 3313 ptios
2408 3254 2551 3298 esset
2607 3241 3018 3305 interfecturus,
3082 3257 3146 3297 ac
3198 3244 3511 3297 salvaturus
3561 3258 3659 3299 eos
3694 3243 3792 3315 qui

2212 3336 2470 3391 Israelita:
2506 3336 2872 3406 appellantur.
2926 3334 2992 3389 Et
3029 3334 3247 3405 quidem
3281 3334 3482 3390 factum
3518 3336 3684 3391 Mosis
3718 3338 3792 3391 ita

2137 3447 2183 3509 ρ
2215 3443 2274 3482 se
2308 3429 2490 3481 habet.
2518 3428 2584 3479 At
2622 3442 2751 3482 vero
2778 3441 2961 3481 sermo
3000 3427 3105 3481 iste
3133 3426 3292 3481 aliam
3325 3427 3483 3482 nobis
3508 3429 3792 3483 sublimis-

2211 3519 2404 3575 simam
2457 3518 2678 3572 exhibet
2737 3518 3153 3587 intelligentiam
3200 3518 3256 3572 in
3310 3520 3639 3584 mconomia,
3684 3535 3780 3575 seu

2208 3608 2614 3679 dispensatione
2652 3608 2879 3663 Christi.
2922 3606 3167 3673 Scilicet,
3203 3624 3326 3663 cum
3381 3612 3676 3679 reperisset
3703 3610 3793 3663 ille

2210 3697 2492 3753 lsraclitas
2519 3696 2672 3767 gravi
2704 3711 3002 3767 oppressos
3030 3697 3260 3751 avaritia
3287 3697 3611 3768 (intraverat
3643 3700 3789 3753 enim

2211 3786 2478 3840 violenter
2525 3786 2579 3839 in
2625 3786 2748 3840 illos
2792 3784 3047 3853 Satanas)
3088 3784 3441 3842 miseratione
3492 3798 3788 3855 permotus,

2213 3879 2445 3934 liberare
2469 3894 2564 3932 eos
2592 3878 2852 3933 decrevit.
2885 3876 3100 3932 Occidit
3132 3878 3298 3949 igitur
3338 3895 3486 3944 eum,
3521 3881 3615 3950 qui
3647 3880 3792 3950 ipsos

2211 3970 2409 4025 laedere
2437 3985 2733 4039 aggressus
2763 3970 2941 4024 fuerat
2972 3986 2986 4034 ;
3040 3970 3394 4040 occisumque
3421 3970 3706 4025 abscondit
3736 3972 3790 4024 in

2216 4072 2413 4123 terra;
2468 4061 2573 4114 hoc
2618 4069 2723 4124 est,
2760 4060 2816 4114 in
2865 4060 3263 4125 subterraneis,
3327 4076 3420 4114 seu
3470 4060 3525 4114 iu
3574 4060 3792 4114 inferno

2213 4151 2487 4206 conclusit
2518 4149 2778 4204 Satanam
2814 4152 3065 4205 Salvator
3092 4160 3319 4217 noster;
3361 4150 3596 4220 indeque
3620 4151 3791 4221 justi-

2215 4246 2301 4299 tia:
2326 4245 2612 4297 ductorem
2644 4243 2907 4297 lsraelitis
2936 4258 2996 4298 se
3028 4243 3298 4297 exhibuit.
3341 4242 3422 4296 llli
3455 4253 3637 4296 autem
3665 4258 3790 4296 cum

2216 4334 2421 4402 gratias
2450 4346 2610 4401 agere
2645 4330 2988 4394 debuissent,
3017 4347 3046 4385 c
3078 4340 3270 4385 contra
3298 4331 3554 4385 dicebant
3580 4348 3594 4384 :
3638 4349 3657 4381 ι
3692 4322 3792 4384 Hic

2215 4438 2322 4477 non
2351 4422 2500 4488 ejicit
2524 4421 2824 4485 Dmmonia,
2855 4422 2958 4476 nisi
2985 4421 3039 4474 in
3065 4419 3372 4476 Beelzebub
3399 4421 3645 4490 principe
3677 4418 3792 4473 Da:-

2216 4513 2525 4566 moniorum
2560 4511 2625 4563 ³⁸.
2666 4530 2686 4562 ι
2721 4510 3085 4575 Quamobrem
3113 4527 3177 4565 ex
3201 4508 3388 4564 Juda:a
3421 4512 3475 4563 in
3515 4510 3790 4564 Galilaeam

2216 4600 2577 4655 transmcavit
2631 4599 3139 4669 (quemadmodum
3192 4600 3375 4654 Moses
3445 4599 3683 4668 perrexit
3730 4600 3785 4652 in

2217 4703 2416 4747 terram
2443 4691 2710 4759 Madian),
2761 4705 2855 4745 seu
2885 4706 2952 4744 ex
2972 4688 3278 4745 Gentilibus
3304 4688 3604 4746 Ecclesiam
3634 4704 3789 4747 suam

2124 4799 2179 4858 ι)
2217 4782 2591 4854 congregavit.

2741 4871 2906 4942 223
2958 4868 3255 4924 remus.

2274 4987 2392 5053 VII,
2422 4986 2617 5042 30-52.
2641 4984 2705 5037 Et
2744 4984 2976 5054 expletis
3020 4985 3180 5038 annis
3202 4984 3587 5053 quadraginta,
3620 4998 3787 5051 appa-

2207 5081 2317 5134 ruit
2335 5079 2413 5132 illi
2432 5079 2485 5132 in
2500 5076 2717 5130 deserto
2728 5076 2932 5130 montis
2949 5075 3082 5129 Sina
3101 5075 3324 5144 angelus
3346 5074 3397 5127 in
3417 5075 3540 5143 igne
3560 5074 3787 5126 flammae

2218 5172 2361 5225 rubi.
2400 5170 2615 5240 Moyses
2631 5175 2814 5221 autem
2836 5168 3047 5231 videns,
3078 5167 3383 5221 admiratus
3400 5166 3699 5231 estvisum,
3731 5176 3785 5217 et

2211 5262 2507 5318 accedente
2546 5261 2659 5325 illo,
2701 5270 2759 5314 ut
2782 5258 3178 5326 consideraret,
3205 5258 3348 5312 facta
3365 5257 3524 5313 estad
3539 5270 3785 5312 eumvox

1724 5531 1927 5593 Varim
1970 5528 2285 5591 lectiones
2318 5534 2380 5589 et
2422 5534 2615 5594 notas.

600 5640 649 5674 “
675 5639 868 5709 αὐτήν.
940 5636 987 5668 ⁸⁸
1017 5636 1196 5707 φόνος.
1270 5637 1317 5669 ⁸⁸
1357 5637 1537 5706 φόνος.
1611 5636 1659 5665 ⁸⁸
1690 5634 1778 5687 ἵσ.
1816 5632 1962 5696 τούς.

2033 5631 2075 5661 ⁸⁷
2100 5629 2413 5683 ἐσκέπτετο.
2491 5627 2535 5657 ⁸³
2568 5627 2930 5680 κατέκλεισεν.

3006 5627 3050 5657 δ’
3086 5624 3340 5695 βραϐεύς.

600 5798 713 5867 (15)
752 5796 959 5851 Locum
991 5794 1137 5849 hunc
1166 5809 1231 5848 ex
1278 5792 1618 5849 (Ecumenio
1647 5831 1661 5859 ,
1692 5789 1787 5860 qui
1814 5790 1964 5860 paria
2013 5787 2102 5843 hic
2141 5784 2326 5850 habet,
2358 5783 2604 5853 suppleo.
