4794 6454
541 429 649 496 913

1191 429 1728 492 EXPOSITIONIS
1774 431 1851 490 IN
1887 428 2079 488 ACTA
2113 428 2416 488 TEXTUS
2458 433 2725 492 ALTER.
2753 434 2994 493 --CAP.
3033 435 3159 494 VII.

3709 431 3816 499 ιιι.

545 543 846 612 προσετίθη
915 544 1100 594 λοιπον
1153 545 1333 596 sum
1395 561 1496 595 που
1559 544 1734 610 λέγων
1787 547 1843 595 ἐν
1898 543 2080 610 ἑαυτῷ
2113 559 2124 570 ·
2160 546 2203 605 Δ
2234 543 2427 597 beatus

1920 543 2080 610 αυτῷ
2113 559 2124 570 ·
2160 546 2203 605 Λ
2234 543 2427 597 beatus
2463 543 2640 600 Moses
2673 546 2804 599 illud
2837 547 2891 598 in
2923 546 3088 600 corde
3119 562 3217 600 suo
3245 545 3469 615 protulit
3496 545 3540 576 "
3574 563 3586 598 :
3629 562 3648 596 ι
3692 544 3813 596 Va-

549 654 566 683 l
601 632 899 701 Παρελθὼν
945 635 1148 704 ὄψομαι
1174 636 1234 687 τὸ
1259 637 1442 704 ὅραμα
1496 635 1654 688 τοῦτο
1676 638 1735 688 τὸ
1764 638 1928 705 μέγα,
1953 637 2006 688 τί
2040 638 2121 689 ὅτι

539 727 601 776 οὐ
637 726 996 779 κατακαίεται
1032 728 1067 791 ἡ
1093 726 1272 795 βάτος.
1307 746 1324 778 ι
1369 727 1508 780 Ἀλλ’
1567 729 1741 797 εἴργει
1764 729 1935 795 λέγων
1962 728 2124 791 εὐθὺς

537 819 565 868 6
597 818 828 887 Κύριος,
860 837 878 868 ι
908 819 999 887 Μὴ
1034 821 1264 890 ὲγγίσῃς
1287 813 1411 871 ῶδεο
1448 839 1466 870 ι
1500 821 1594 872 καὶ
1635 821 1742 872 τῶν
1779 821 1955 873 ποδῶν
1986 822 2118 874 ὑπο-

539 910 692 960 λύειν
725 911 1120 978 προστάττεται
1153 911 1211 963 τὺ
1239 911 1514 981 ὑπόδημα.
1535 912 1664 965 Ἰδοὺ
1695 912 1752 965 ὃν
1779 915 1885 983 πρὸ
1925 913 2123 985 μικροῦ

539 1002 778 1067 ἄγγελον
824 997 966 1066 εἶπε,
995 1003 1090 1055 νῦν
1126 1003 1402 1056 δείκνυσιν
1435 1005 1600 1056 αὐτὸν
1636 1006 1840 1076 Κύριον
1869 1005 1999 1059 ὄντα
2032 1010 2126 1061 καὶ

537 1091 695 1144 θεόν.
721 1092 894 1155 Αὐτὸς
936 1094 1043 1162 γάρ
1073 1096 1220 1147 ἐστιν
1246 1096 1275 1147 6
1302 1095 1400 1164 τῆς
1430 1095 1673 1165 μεγάλης
1707 1090 1901 1164 βουλῆς
1924 1097 2126 1164 Ἀγγε-

538 1185 650 1246 λος,
684 1185 781 1237 καὶ
815 1186 950 1238 Θεοῦ
993 1186 1136 1248 Υἱός,

611 1278 678 1330 Τί
708 1273 803 1329 οὖν
835 1281 948 1331 ἐστι
971 1280 1031 1332 τὸ
1053 1279 1385 1350 δηλούμενον
1411 1280 1499 1332 διὰ
1530 1278 1622 1332 τοῦ
1654 1281 2000 1349 ὑποδήματος
2023 1280 2110 1334 αἱ·

541 1387 740 1438 νιγμα,
781 1372 1082 1437 ἀναγκαῖον
1143 1373 1338 1425 εἰπεῖν.
1389 1374 1731 1443 Νεκρότητος
1784 1375 1878 1427 καὶ
1918 1375 2124 1444 φθορᾶς

538 1462 598 1512 τὸ
623 1462 879 1531 ὑπόδημά
909 1465 1022 1517 ἐστι
1068 1467 1317 1534 σημεῖον,
1371 1465 1530 1534 εἴπερ
1564 1467 1678 1517 ἐστὶ
1707 1468 1814 1519 πᾶν
1868 1467 2124 1534 ὑπόδημα

539 1554 683 1616 ζώου
748 1554 1000 1623 λείψανον
1041 1556 1364 1626 τεθνηκότος
1426 1559 1545 1628 ἥδη.
1596 1561 1686 1610 Δεῖ
1736 1559 1915 1611 τοίνυν
1946 1561 2127 1633 πάσης

540 1649 745 1713 νεκρᾶς
773 1648 867 1699 καὶ
901 1652 1168 1716 σαρκικῆς
1191 1651 1512 1717 φαντασίας,
1542 1650 1731 1718 ὥσπερ
1759 1653 2125 1722 ύπυδημάτων

537 1737 704 1788 τινῶν
752 1737 932 1798 λῦσαι,
970 1739 1062 1791 τὸν
1102 1741 1198 1791 ἐπὶ
1233 1742 1340 1793 τῶν
1404 1741 1566 1795 θείων
1597 1742 1970 1813 θεωρημάτων
1997 1748 2128 1799 ἀνα-

2243 638 2392 692 dam.
2418 647 2469 689 et
2503 637 2694 691 videbo
2733 638 2996 700 visionem
3032 638 3172 690 hanc
3201 653 3473 704 magnam,
3502 653 3677 706 quare
3709 651 3817 691 non

2245 726 2604 779 comburatur
2659 727 2852 782 rubus.
2891 747 2909 780 ι
2941 730 3009 782 At
3057 725 3340 795 prohibuit
3377 743 3498 780 eum
3526 727 3818 788 Dominus,-

2238 819 2418 872 statim
2451 821 2498 873 ei
2535 819 2785 874 dicens“
2813 836 2826 870 :
2861 840 2878 871 ι
2916 822 2991 874 Ne
3013 820 3302 890 appropies
3326 819 3430 873 huc
3461 836 3473 871 :
3500 839 3518 870 ι
3548 820 3818 888 iussitque

2245 910 2340 974 illi,
2374 922 2432 964 ut
2469 931 2488 965 ι
2519 914 2950 968 calceamentum
2988 913 3053 967 de
3093 913 3325 982 pedibus
3354 912 3472 966 suis
3502 914 3756 967 solveret.
3794 933 3811 964 ι

2243 1002 2383 1058 Ecce
2412 1020 2569 1071 quem
2603 1007 2765 1074 paulo
2795 1015 2923 1059 ante
2964 1007 3216 1073 angelum
3248 1006 3483 1070 dixerat,
3531 1020 3678 1058 nunc
3715 1005 3818 1058 Do-

2243 1095 2452 1148 minum
2507 1111 2570 1151 ac
2621 1097 2788 1152 ticum
2840 1114 2964 1154 esse
3026 1101 3290 1154 ostendit.
3354 1099 3473 1170 Ipse
3523 1098 3670 1158 enim
3735 1107 3818 1152 est

2243 1189 2422 1256 tnagni
2451 1190 2666 1243 consilii
2693 1191 2933 1258 Angelus
2959 1199 3013 1245 et
3052 1190 3142 1243 Dei
3169 1188 3360 1244 Filius.

2315 1281 2537 1346 Verum,
2572 1281 2852 1338 declarare
2904 1290 3124 1351 oportet
3164 1282 3294 1352 quid
3334 1297 3432 1351 per
3473 1285 3818 1340 calceamen-

2243 1384 2355 1428 tnm
2397 1373 2760 1440 signiﬁcetur.
2805 1373 3156 1429 Mortalitalis
3209 1383 3264 1428 et
3321 1375 3694 1444 corruptionis
3745 1375 3822 1429 si-

2240 1480 2403 1533 gnum
2436 1476 2521 1520 est
2566 1466 3043 1519 calceatu-lentum:
3087 1465 3359 1534 siquidem
3403 1480 3566 1521 omne
3607 1466 3819 1519 calcea-

2241 1568 2485 1610 mentum
2551 1555 2833 1611 residuum
2906 1556 3036 1626 quid
3107 1564 3192 1611 est
3254 1557 3456 1610 mortui
3537 1555 3815 1609 animalis.

2238 1649 2467 1717 Oportet
2515 1648 2703 1718 igitur,
2753 1658 2813 1703 ut
2864 1663 3018 1702 mens
3047 1664 3168 1717 quae
3195 1648 3260 1702 ad
3295 1648 3536 1702 divinam
3569 1654 3820 1702 contem-

2243 1740 2536 1808 plationem
2571 1741 2868 1794 ascendere
2899 1747 2954 1793 et
2987 1739 3193 1794 Christi
3225 1739 3482 1809 mysteria
3510 1739 3819 1808 intelligere

540 1828 706 1895 ϐῆναι
744 1829 1085 1898 πειρώμενος
1115 1832 1260 1891 νοῦν,
1296 1835 1389 1885 καὶ
1414 1834 1475 1885 τὸ
1504 1836 1643 1889 κατά
1664 1837 1902 1906 ¹Χριστὺν
1933 1840 2123 1904 νοῆσαι
2155 1863 2202 1922 Β
2239 1831 2433 1885 nititur

1933 1840 2123 1904 νοῆσαι
2155 1863 2202 1922 Β
2239 1831 2458 1894 nititur,
2488 1845 2679 1884 omnes
2711 1842 2953 1884 mortuas
2979 1831 3342 1922 carnalesque
3370 1830 3813 1922 imaginationes,

543 1921 868 1988 μυστήριον.
888 1921 1208 1991 ’Δπρόσιτος
1243 1927 1424 1979 τοίνυν
1442 1928 1499 1978 ὲν
1525 1929 1678 1997 νόμῳ
1711 1931 1803 1982 καὶ
1829 1934 1894 2000 τῇ
1966 1933 2124 1984 παιδ-

544 2015 814 2082 αγωγικῇ
849 2013 1073 2083 λατρεία
1104 2018 1132 2066 6
1160 2017 1413 2084 Χριστός.
1446 2017 1630 2086 Νόμου
1658 2019 1765 2089 γὰρ
1794 2023 2083 2090 πρόσωπον
2102 2023 2130 2074 6

543 2105 808 2170 Μωῦσξς,
837 2106 883 2156 εἰ
920 2107 1116 2176 μήπου
1151 2109 1241 2159 τὸν
1267 2109 1328 2160 ἐκ
1356 2110 1451 2178 τῆς
1485 2111 1759 2182 ἁμαρτίας
1786 2115 2126 2186 προαποτρί-

537 2195 696 2261 ιζροιτο
767 2197 1085 2266 pol-13pm.-
1121 2199 1215 2251 καὶ
1248 2199 1347 2268 τὴν
1381 2202 1440 2253 ἐν
1465 2201 1660 2265 τύποις
1688 2203 1768 2256 ἑτι
1806 2206 1900 2256 καὶ
1949 2211 2130 2269 σκιαῖς

541 2288 914 2357 προαπὸθοιτο
980 2290 1238 2358 λατρείαν
1277 2333 1290 2352 ,
1343 2295 1405 2346 ού
1463 2295 1689 2348 δύναται
1764 2284 2129 2367 προσεγγίσαι

541 2380 788 2448 Χριστῷ.
825 2381 890 2432 Οἶ
935 2381 990 2433 δὲ
1033 2382 1345 2452 βουληθεῖεν
1407 2386 1788 2440 ἀπολύσασθαι
1834 2391 1894 2442 τὸ
1923 2392 2127 2459 προδη-

539 2473 711 2523 ὶωῢὲν
746 2472 1023 2541 ὑπόδημα.
1057 2468 1304 2542 ἐγγιοῦσι
1330 2477 1448 2530 τότε
1480 2479 1724 2550 Χριστῷ,
1747 2482 1847 2550 τὴν
1872 2482 1932 2532 ὲν
1955 2482 2128 2534 Πνεύ-

543 2579 672 2629 ματι
713 2563 808 2613 καὶ
876 2563 1106 2636 ἀληθεία
1153 2565 1411 2636 λατρείαν
1481 2570 1802 2639 προϊέμενοι
1846 2569 1907 2640 Π.
1958 2588 2128 2641 προσ-

544 2653 801 2724 ιέμενοι].

1146 2833 1533 2889 ΚΕΙΜΕΝΟΝ.

611 2921 785 3002 Οὗτός
819 2930 967 2981 ἐστιν
996 2929 1025 2980 6
1052 2929 1298 2998 Μωῡσῆς
1322 2932 1350 2982 6
1375 2933 1547 2984 εἰπὼν
1575 2934 1686 2994 τοῖς
1721 2934 1857 2995 υἱοῖς
1890 2935 2128 3007 Ἰσραήλ·

546 3021 840 3089 Προφήτην
899 3022 1030 3091 ὑμῖν
1078 3023 1385 3091 ἀναστήσει
1415 3024 1622 3094 Κύριος
1661 3027 1692 3076 6
1714 3025 1847 3088 Θεὸς
1874 3028 2032 3098 ήμῶν
2067 3031 2128 3081 ἐκ

542 3112 650 3162 τῶν
684 3113 929 3181 ἀδελφῶν
987 3115 1145 3184 ἡμῶν
1180 3114 1256 3177 ὡς
1284 3114 1417 3183 ἐμέ·
1453 3115 1620 3169 αὑτοῦ
1666 3117 1986 3173 ἀκούσεσθε.
2018 3115 2128 3173 Οὗ-

2231 1922 2396 1976 νεΙιιιὶ
2436 1923 2802 1977 calceamenta
2842 1921 3111 1990 quaedam.
3175 1920 3481 1976 dissolvat:
3519 1936 3628 1974 non
3663 1921 3808 1974 enim

2232 2028 2325 2081 per
2357 2012 2524 2082 legem
2552 2022 2605 2065 et
2646 2014 3094 2080 praeparatorinm
3135 2014 3255 2082 ejus
3301 2014 3515 2067 cultum
3557 2013 3816 2068 accedere

2229 2104 2520 2173 quisquam
2555 2111 2734 2173 potest
2781 2104 2846 2157 ad
2896 2103 3199 2170 Christum.
3247 2103 3406 2173 Legis
3449 2105 3596 2159 enim
3630 2119 3817 2174 perso-

2233 2212 2355 2252 nam
2385 2212 2580 2266 gercns
2631 2196 2832 2261 Moses,
2889 2195 2994 2251 nisi
3040 2196 3192 2265 prius
3243 2196 3433 2251 sordes
3475 2212 3539 2250 ex
3591 2207 3815 2266 peccato

2231 2296 2552 2343 contractas
2596 2290 2892 2355 ahstergat,
2952 2289 3295 2358 cultumque,
3371 2289 3464 2358 qui
3522 2289 3700 2343 adhuc
3759 2291 3813 2343 in

2233 2381 2376 2448 typis.
2404 2387 2459 2434 et
2487 2381 2697 2436 utnbris
2722 2382 2998 2446 consistit,
3035 2396 3063 2433 a
3094 2397 3153 2436 se
3187 2381 3434 2451 repellat,
3464 2381 3610 2437 haud
3638 2391 3815 2451 potest

2231 2474 2671 2544 appropinquare
2703 2475 2956 2530 Christo.
2998 2474 3100 2540 Qui
3146 2485 3327 2528 tamen
3376 2476 3588 2530 solvere
3619 2477 3812 2530 volne-

2232 2569 2341 2620 rint
2378 2567 2694 2636 praedictum
2721 2570 3173 2631 calceamentum,
3233 2577 3365 2622 tunc
3404 2568 3813 2638 appropinqua-

2238 2661 2374 2712 bnnt
2404 2660 2646 2724 Christo,
2702 2662 3077 2715 adorationem
3110 2662 3156 2692 "
3196 2680 3214 2712 ι
3250 2662 3302 2714 in
3333 2660 3530 2728 spiritu
3570 2671 3624 2715 et
3670 2661 3813 2717 veri-

2239 2759 2348 2803 tate
2377 2769 2394 2800 ι
2439 2750 2544 2804 Deo
2571 2752 2916 2806 exhibentes.

2865 2839 3164 2895 TEKTUS.

2311 2929 2421 2994 Vll,
2452 2932 2521 2986 37
2553 2932 2639 2985 42.
2679 2933 2878 2986 Hicest
2907 2932 3120 3002 Moyses
3162 2933 3254 3003 qui
3285 2933 3420 2987 dixit
3448 2933 3571 2990 ﬁliis
3603 2935 3767 2989 Israel
3798 2953 3815 2991 :

2235 3017 2562 3088 Prophetam
2581 3022 2784 3075 suscita
2795 3022 2870 3074 bit
2899 3022 3054 3076 vobis
3071 3020 3212 3077 Deus
3227 3023 3294 3077 de
3306 3022 3568 3077 fratribus
3595 3025 3814 3088 vestris,

2234 3115 2494 3176 tanquam
2521 3125 2627 3174 me,
2652 3110 2827 3176 ipsum
2855 3110 3107 3165 audietis.
3136 3111 3238 3164 Hic
3258 3119 3363 3172 est,
3385 3111 3476 3180 qui
3504 3110 3606 3166 fuit
3630 3113 3683 3165 in
3720 3109 3819 3166 Ec-

540 3206 629 3268 τὸς
663 3208 813 3259 ἐστιν
840 3209 1176 3276 ὁγενόμενος
1211 3210 1270 3262 ὲν
1297 3212 1364 3280 τῇ
1404 3209 1701 3282 Ἐκκλησία
1749 3213 1806 3264 ὲν
1842 3215 1907 3284 τῇ
1934 3215 2129 3286 ἐρήμῳ
2155 3204 2200 3261 C
2233 3201 2399 3254 CleSia

1934 3215 2129 3286 ἐρήμῳ
2155 3204 2200 3261 C
2233 3201 2399 3254 clesia
2439 3201 2493 3254 in
2525 3201 2825 3255 solitudine
2851 3217 2976 3256 cum
3007 3204 3226 3272 angelo,
3247 3203 3740 3273 quiloquebaturei
3759 3203 3813 3257 in

548 3299 686 3366 μετὰ
739 3300 832 3351 τοῦ
864 3301 1099 3368 ἀγγέλου
1140 3300 1236 3354 τοῦ
1297 3302 1585 3364 λαλοῦντος
1634 3304 1784 3374 αὖτῷ
1815 3307 1874 3359 ὲν
1900 3308 1978 3377 τῷ
2007 3308 2127 3380 ὃρει

544 3389 673 3440 Σινᾶ
708 3391 800 3441 καὶ
844 3390 1098 3459 πατέρων
1158 3391 1338 3460 ἡμῶν,
1378 3392 1438 3454 6;
1469 3393 1692 3458 ἰδέξατο
1751 3395 1901 3464 λόγια
1951 3398 2128 3459 ζῶντα

540 3479 725 3530 δοῦναι
783 3480 936 3547 ἡμῖν.
991 3475 1062 3550 τῼ
1097 3483 1196 3533 οὐκ
1251 3482 1525 3554 ἠθέλησαν
1582 3485 1816 3553 ὑπήκοοι
1871 3488 2126 3555 γενέσθαι

543 3573 592 3621 οἱ
614 3572 857 3641 πατέρες
908 3573 1067 3642 ημῶν
1092 3590 1105 3602 ·
1145 3574 1260 3626 ἀλλ’
1311 3575 1624 3638 ἀπώσαντο,
1654 3578 1749 3630 καὶ
1777 3580 2128 3650 ἐστράφησαν

541 3665 606 3730 τῇ
650 3663 851 3734 καρδίᾳ
871 3664 1052 3717 αὐτῶν
1069 3668 1149 3728 είς
1180 3666 1478 3733 Αἴγυπτον,
1509 3669 1757 3731 είπὸντες
1779 3672 1856 3736 τῷ
1892 3672 2123 3744 Ἀαρών·

546 3754 782 3821 Ποίησον
851 3756 982 3825 ἡμῖν
1029 3756 1206 3820 θεοὺς,
1253 3758 1302 3810 οἳ
1349 3761 1823 3829 προπορεύσονται
1871 3765 2025 3832 ἡμῖν.
2068 3766 2128 3819 '0

542 3844 652 3913 γὰρ
707 3845 945 3912 Μωῦσῆς
1000 3841 1179 3910 οὗτος,
1220 3847 1280 3911 ὃς
1307 3847 1581 3918 ἐξήγαγεν
1618 3853 1768 3920 ἡμᾶς
1804 3854 1867 3906 ἐκ
1893 3855 1997 3924 γῆς
2034 3857 2129 3909 Λί-

543 3934 779 4001 γύπτου,
813 3937 914 3989 οὐκ
942 3937 1166 4006 οἴδαμεν
1195 3939 1248 3990 τί
1293 3939 1518 4006 γέγονεν
1547 3941 1721 4010 αύτῷ.
1751 3944 1863 3996 Καὶ
1894 3946 2128 4016 ἐμοσχο-

545 4027 786 4094 ποίησαν
816 4028 875 4078 tv
890 4028 1010 4090 ταῖς
1033 4028 1272 4098 ἡμέραις
1304 4029 1566 4092 ἐκείναις,
1599 4032 1691 4082 καὶ
1721 4032 1996 4100 ἀνήγαγον
2033 4035 2128 4087 θυ-

547 4119 670 4170 σίαν
690 4117 768 4186 τῷ
798 4115 999 4188 εἰδώλῳ
1043 4122 1138 4170 καὶ
1167 4120 1522 4190 εὐφραίνοντο
1545 4123 1606 4173 ἐν
1635 4123 1750 4184 τοῖς
1781 4122 1964 4195 ἔργοις
2020 4125 2128 4179 τῶν

548 4209 748 4278 χειρῶν
809 4208 1008 4262 αὐτῶν.
1048 4210 1320 4280 Ἕστρεψε
1347 4211 1403 4263 δὲ
1435 4211 1464 4263 6
1485 4213 1642 4276 Θεὸς,
1681 4214 1775 4266 καὶ
1808 4216 2128 4284 παρέδωκεν

547 4301 744 4360 αὐτοὺς
799 4299 1082 4368 λατρεύειν
1112 4304 1177 4370 τῇ
1210 4304 1442 4371 στρατιᾷ
1495 4305 1588 4355 τοῦ
1623 4303 1880 4372 ούρανοῦ,
1943 4306 2129 4373 καθὼς

547 4390 862 4459 γέγραπται
887 4390 946 4450 ιν
975 4389 1166 4460 βιϐλίῳ
1195 4391 1516 4461 προφητῶν·
1546 4393 1638 4461 Μὴ
1672 4394 1878 4461 σφάγια
1911 4397 2004 4449 καὶ
2037 4398 2128 4451 θυ⁸

551 4483 670 4544 σίας
719 4483 1134 4552 προσηνέγκατὲ
1192 4501 1282 4553 μοι
1337 4484 1434 4554 ἔτη
1478 4488 1889 4556 τεσσαράκοντα
1942 4492 1999 4542 ἐν
2058 4495 2126 4562 τῇ

548 4575 764 4640 ἐρήμῳ,
797 4568 944 4634 οἶκος
986 4573 1202 4643 Ἰσραήλ
1227 4592 1240 4636 ;

1156 4667 1538 4719 EPMHNEIA.

621 4753 796 4806 Τοῦτο
828 4755 1105 4823 ἐπήγαγεν
1126 4757 1153 4807 6
1176 4758 1447 4827 μακάριος
1495 4758 1770 4825 Στέφανος
1817 4762 2128 4831 αἰνιττόμε-

550 4863 638 4906 vo;
679 4846 862 4907 αὐτοῖς
894 4848 954 4897 τὸ
987 4846 1383 4917 κατᾶΧριστὲιν
1416 4851 1735 4918 μυστήριον,
1798 4853 1891 4904 καὶ
1915 4844 2130 4918 δεικνὺς

548 4938 630 4988 ὅτι
672 4937 767 4988 καὶ
795 4937 824 4988 6
858 4937 1083 5002 Μούσῆς
1135 4940 1264 5008 περὶ
1302 4939 1468 4992 αὑτοῦ
1522 4943 1653 5011 ἡμῖν
1676 4943 1962 5010 λελάληκε.
1994 4947 2131 5018 Προ-

551 5028 840 5091 αναφωνεῖν
860 5028 968 5094 γὰρ
991 5026 1156 5079 πάλαι
1185 5029 1280 5097 τὴν
1314 5029 1407 5080 τού
1434 5030 1566 5082 ἰδίου
1602 5031 1944 5100 Γεννήματος
1976 5037 2131 5087 ἐναν-

554 5117 846 5186 Ορώπησιν
879 5121 906 5170 6
942 5118 1077 5181 Θεὸς
1136 5120 1230 5171 καὶ
1308 5121 1496 5191 Πατὴρ
1560 5121 1647 5175 διὰ
1708 5123 1802 5175 τοῦ
1849 5126 2128 5193 πανσὸφου

551 5210 849 5275 Μωῡσέως,
904 5212 998 5263 καὶ
1026 5212 1106 5264 ὅτι
1136 5212 1454 5279 ὁ·δεύτερο;
1519 5214 1814 5286 νομοθέτης
1845 5217 1930 5285 ἐφ’
1982 5220 2129 5287 ἡμᾶς

553 5300 1004 5368 ἀναδειχθήσεται
1032 5321 1045 5332 ·
1083 5301 1328 5370 λαλήσας
1359 5304 1456 5373 μὲν
1490 5304 1657 5357 πάλαι
1698 5309 1808 5368 τοῖς
1846 5308 2132 5378 ἀρχαιοτέ-

558 5409 673 5460 ροις
724 5393 885 5455 αὐτὸς
920 5395 982 5447 δι’
1008 5396 1244 5462 ἀγγέλου
1276 5395 1323 5428 ⁸³
1373 5397 1495 5458 δοὺς
1522 5396 1614 5449 τὸν
1641 5398 1824 5468 νόμον·
1853 5401 1910 5451 ἐν
1936 5400 1991 5453 δὲ
2018 5403 2133 5463 τοῖς

553 5485 897 5548 τελευταίοις
938 5490 1173 5557 καιροῖς,
1244 5489 1546 5557 αὐτουργὸς
1593 5491 1676 5552 εἰς
1733 5491 1884 5561 ἡμᾶς
1944 5493 2138 5546 ἀναδε-

637 5665 683 5695 ⁸³
713 5664 882 5717 Exod.
912 5681 991 5728 Ill,
1025 5667 1076 5720 3.
1157 5666 1353 5723 “ibid.
1392 5669 1444 5723 5.
1521 5667 1844 5729 “103mm,
1870 5669 1960 5723 23.

2239 3302 2423 3347 monte
2463 3294 2614 3360 Sina,
2660 3305 2713 3348 et
2752 3311 2874 3349 cum
2923 3297 3174 3364 patribus
3207 3296 3430 3361 nostris,
3460 3295 3554 3366 qui
3601 3296 3813 3363 accepit

2239 3385 2404 3438 verba
2443 3385 2567 3438 vitae
2588 3386 2718 3438 dare
2735 3387 2911 3442 nobis.
2939 3387 3035 3441 Cui
3063 3388 3357 3443 noluerunt
3385 3388 3605 3443 obedire
3636 3396 3816 3458 patres

2238 3477 2546 3543 nostri,sed
2579 3478 2916 3546 repulerunt,
2947 3481 3194 3534 etaversi
3221 3489 3343 3535 sunt
3371 3481 3538 3551 228
3555 3479 3814 3534 cordibus

2237 3570 2352 3622 suis
2380 3567 2434 3622 in
2482 3567 2803 3639 Egyptum.
2852 3570 3097 3625 dicentes
3125 3571 3190 3625 ad
3230 3571 3410 3626 Aaron
3451 3587 3462 3622 :
3517 3571 3624 3625 Fac
3657 3571 3816 3625 nobis

2235 3659 2370 3713 deos
2407 3659 2501 3728 qui
2558 3661 2865 3730 praecedant
2910 3676 3010 3716 nos
3047 3676 3061 3711 ι
3100 3661 3312 3732 Moyses
3359 3665 3510 3721 enim
3563 3663 3675 3730 hic,
3721 3665 3812 3733 qui

2218 3753 2426 3806 eduxit
2465 3769 2566 3808 nos
2601 3754 2668 3808 de
2698 3762 2842 3808 terra
2873 3752 3119 3826 Egypti,
3147 3757 3422 3813 nescimus
3449 3756 3580 3828 quid
3613 3757 3811 3811 factum

2239 3841 2310 3895 sit
2338 3842 2410 3896 ei.
2439 3842 2502 3895 Et
2530 3844 2758 3897 vitulum
2796 3842 3036 3898 fecerunt
3070 3845 3125 3899 in
3164 3844 3360 3900 diebus
3394 3846 3526 3908 illis,
3571 3854 3625 3901 et
3655 3847 3815 3900 obtu-

2241 3935 2423 3987 lerunt
2454 3934 2689 3988 hostiam
2738 3936 3058 4000 simulacro,
3091 3945 3146 3989 et
3175 3936 3499 3991 laetabantur
3531 3939 3583 3991 in
3629 3939 3813 4015 operi-

2238 4023 2343 4079 bus
2391 4040 2650 4080 manuom
2689 4042 2939 4084 suarum.
2994 4027 3280 4084 Convertit
3324 4037 3505 4084 autem
3547 4029 3710 4090 Dens.
3759 4045 3815 4086 et

2239 4119 2463 4174 tradidit
2519 4137 2615 4176 eos
2669 4123 2876 4175 servire
2928 4123 3136 4176 mllitize
3175 4123 3323 4187 coeli,
3365 4125 3507 4178 sicut
3545 4125 3810 4194 scriptum

2237 4224 2322 4267 est
2361 4215 2415 4267 in
2477 4213 2614 4267 libro
2670 4215 3109 4282 prophetarum:
3162 4213 3420 4284 Nunquid
3464 4215 3715 4269 victimas
3763 4227 3813 4270 et

2240 4305 2740 4360 hostiasobtulistis
2772 4306 2902 4358 mihi
2925 4307 3462 4376 annisquadraginta
3496 4307 3548 4359 in
3572 4306 3812 4369 deserto,

2239 4394 2436 4450 domus
2469 4395 2676 4450 Israel?

2744 4664 3315 4722 COMMENTARIUS.

2315 4757 2429 4809 Hoc
2463 4756 2671 4811 addidit
2701 4757 2890 4812 beatus
2914 4759 3228 4828 Stephanus
3259 4762 3497 4816 innuens
3530 4773 3813 4832 peractum

2241 4849 2294 4899 in
2324 4846 2546 4900 Christo
2570 4850 2914 4918 mysterium,
2963 4859 3014 4904 et
3046 4850 3368 4914 ostendens,
3405 4853 3569 4906 etiam
3599 4852 3812 4908 Mosam

2242 4940 2478 4992 locutum
2517 4940 2678 5016 dceo
2711 4939 2898 4997 fuisse.
2954 4939 3096 4996 Deus
3135 4943 3281 4997 enim
3326 4942 3485 4998 Pater
3528 4945 3638 5013 jam
3683 4946 3812 4998 olim

2241 5046 2335 5100 per
2386 5017 2856 5101 sapientissimum
2910 5032 3116 5088 Mosetn
3185 5035 3579 5101 praenuntiant
3633 5035 3812 5090 (ἔοιιὶῑὶ

2242 5126 2324 5177 sui
2363 5124 2813 5188 incarnationem,
2850 5142 3086 5196 eumque
3117 5129 3348 5181 alterum
3376 5129 3534 5183 nobis
3567 5128 3811 5182 futurum

2241 5217 2626 5286 legislalorcm.
2687 5217 2820 5272 Nam
2883 5219 3022 5289 ipse,
3078 5222 3169 5290 qui
3221 5221 3420 5290 priscis
3479 5223 3813 5291 temporibus

2245 5324 2338 5378 per
2367 5311 2590 5379 angelos
2644 5312 2873 5380 loquens
2930 5313 3102 5382 legem
3157 5313 3341 5376 dedit,
3394 5313 3446 5367 in
3501 5315 3814 5368 novissimis

2245 5403 2583 5470 temporibus
2627 5419 2723 5473 per
2762 5406 3118 5474 semetipsum
3160 5405 3368 5459 Novum
3403 5406 3811 5461 Testametnnm

2244 5495 2499 5552 sancivit.
2533 5497 2674 5549 velut
2732 5499 2907 5566 magni
2970 5498 3178 5551 consilii
3210 5497 3385 5552 Patris
3435 5500 3517 5552 sui
3552 5499 3809 5567 Angefus,

1763 5761 1968 5824 Variae
2017 5762 2322 5826 lectiones
2366 5770 2426 5824 et
2467 5770 2654 5826 nota}.

647 5855 694 5888 ⁵⁸
732 5855 998 5924 ἀγγέλων.
