4164 6444
707 411 811 506 9i5

1654 413 1751 470 τιτι
1764 407 2232 470 ΕΟΡΗῩΙΑΟΤΙ
2277 406 2374 466 BU
2387 407 2688 465 LGARIfE
2731 406 2961 465 ARCHI
2975 406 3083 466 ΕΡ.

3861 402 3970 466 916

707 544 802 583 seu
840 527 1085 581 nuntius.
1146 523 1211 578 Et
1259 523 1363 578 hoc
1408 531 1488 577 est
1539 523 1712 575 illud:
1754 541 1772 572 ι
1820 521 2102 588 Tanquam
2171 533 2277 575 me.

2388 518 2704 587 δειγμένος,
2758 519 2851 570 καὶ
2905 518 3111 586 Καινῆς
3152 515 3428 584 Διαθήκης
3482 517 3875 586 χρηματίσας,
3939 521 3975 569 ὁ

707 637 901 691 nempe
964 617 1351 686 Iegislatoretn.
1399 637 1416 668 ›
1487 615 1807 684 Propltetain
1883 623 2062 666 autem
2127 622 2280 662 vocat

705 714 881 781 ip'sum
927 708 1313 779 prophetarum
1367 707 1654 761 Dominum
1697 714 1916 776 propter
1964 702 2280 758 humanita-

707 815 835 858 tem.

1338 976 1569 1032 'I'EXTU
1581 976 1636 1030 S.

785 1073 897 1137 VII,
932 1075 1019 1127 65.
1075 1072 1136 1126 Et
1193 1071 1515 1141 suscepistis
1571 1066 1984 1121 tabernaculum
2042 1063 2278 1126 Moloch,

709 1174 759 1217 et
788 1164 939 1219 sidus
972 1163 1064 1218 Dei
1101 1163 1267 1217 vestri
1294 1159 1611 1230 Itempbam,
1642 1160 1861 1229 Iignras,
1892 1170 2030 1225 quas
2073 1154 2283 1208 fecistis

715 1257 948 1311 adorare
989 1271 1103 1310 eas.
1137 1255 1199 1309 Et
1231 1252 1559 1308 transferam
1594 1268 1689 1306 vos
1726 1258 1878 1304 trans
1916 1247 2280 1317 Babylonem.

1207 1430 1774 1490 COMMENTARIUS.

788 1529 1084 1596 Postquam
1118 1530 1170 1581 in
1225 1540 1460 1582 montem
1512 1527 1763 1582 ascendit
1811 1524 2008 1588 Moses,
2046 1523 2277 1578 vitulum

599 1662 619 1679 .
705 1622 1013 1677 conﬂarunt
1064 1621 1340 1686 Israelitae,
1387 1636 1620 1688 seseque
1669 1629 1940 1674 astrorum
1966 1618 2119 1672 cultu
2151 1634 2282 1673 con-

707 1715 1046 1767 tatninarunt
1084 1733 1096 1767 :
1135 1722 1295 1782 atque
1349 1715 1705 1767 tabernaculo
1748 1712 1920 1774 facto,
1979 1712 2184 1765 idolum
2227 1714 2278 1765 in

704 1822 770 1858 eo
799 1814 1132 1866 statuerunt.
1164 1807 1305 1875 quod
1343 1805 1678 1874 appellarunt
1703 1803 1911 1858 Moloch
1946 1819 1958 1854 :
1987 1803 2128 1873 quod
2158 1803 2282 1873 qui-

705 1899 827 1952 dem
890 1898 1091 1952 idolum
1146 1906 1261 1950 erat
1307 1895 1687 1968 Moabita'rum,
1741 1897 1951 1951 habens
2007 1897 2061 1950 in
2103 1895 2284 1949 fronte

706 1989 964 2040 eximium
1007 1987 1445 2055 pellucidumqne
1506 1986 1734 2054 lapidem
1787 1987 1840 2041 in
1877 1996 2062 2057 typum
2115 1987 2283 2041 stellae

710 2077 965 2132 Lucileri.
988 2079 1286 2147 Exponitur
1309 2094 1437 2132 vero
1469 2094 1667 2131 nomen
1703 2078 1938 2140 Molocb,
1967 2097 1984 2128 ι
2028 2094 2117 2132 rex
2139 2077 2284 2147 ipso-

710 2185 829 2223 rum
848 2186 862 2230 ;
891 2169 1184 2237 Itempbam
1205 2178 1408 2230 autem,
1433 2189 1450 2220 ι
1471 2169 1846 2222 obtenebratio
1863 2179 1915 2222 et
1931 2169 2244 2222 obcmcatio.
2259 2186 2295 2218 ι·

706 2289 774 2300 -
798 2279 816 2309 ι
841 2259 1167 2327 Suscepistis
1199 2274 1331 2329 ergo
1365 2261 2016 2321 tabernaculumMolocb,
2047 2279 2063 2310 ι
2102 2260 2152 2314 id
2179 2269 2280 2324 est,

711 2352 854 2422 regis
873 2351 1058 2404 vestri.
1091 2363 1110 2402 ι
1141 2353 1272 2416 Quis
1308 2362 1484 2406 autem
1515 2361 1596 2405 est
1623 2352 1768 2406 iste?
1801 2351 1964 2405 Sidus
1998 2351 2087 2405 Dei
2116 2351 2280 2405 vestri

711 2439 1012 2508 Rempbam
1041 2457 1055 2493 :
1078 2442 1219 2507 quod
1243 2439 1439 2494 factum
1462 2451 1544 2496 est
1562 2441 1714 2496 vobis
1734 2442 1785 2495 in
1807 2442 2231 2496 obcmcationem
2264 2460 2278 2495 :

711 2531 1066 2584 obtenebrata
1123 2548 1357 2601 namque
1407 2534 1724 2587 suntcorda
1769 2543 1972 2588 vestra.
2013 2532 2280 2598 Quoniam

708 2637 836 2674 vero
864 2621 1243 2686 Moabitarnm,
1291 2625 1383 2692 qui
1435 2641 1600 2691 prope.
1651 2624 1973 2678 Damascum
2009 2624 2280 2686 habitant,

709 2714 874 2783 229
897 2715 1157 2768 insaniam
1175 2715 1368 2769 imitati
1391 2717 1544 2782 estis;
1566 2717 1770 2770 idcirco
1789 2725 1939 2771 trans
1963 2717 2281 2769 Daunascum

2388 609 2632 679 μεγάλης
2689 608 2886 679 βουλῆς
2949 609 3048 675 τῆς
3115 606 3211 659 τοῦ
3263 607 3477 677 Πατρὺς
3506 607 3796 675 Ἄγγελος.
3855 610 3971 662 Καὶ

2382 699 2538 752 τοῦτό
2565 701 2677 752 ἐστι
2709 701 2790 760 τὸ,
2817 718 2835 750 ι
2857 700 2946 761 Ὠς
2982 699 3104 767 ἐμέ,
3128 717 3147 748 ι
3187 698 3429 750 τουτέστι
3457 681 3784 768 νομοθέτην.
3821 700 3966 768 Προ-

2386 793 2562 862 φήτην
2601 793 2658 844 δὲ
2712 792 2870 844 καλεῖ
2918 791 3012 844 τὸν
3039 791 3151 843 τῶν
3190 790 3488 861 προφητῶν
3517 789 3744 860 Κύριον,
3783 790 3873 842 διὰ
3908 790 3972 843 τὸ

2385 885 2747 955 ἀνθρώπινον.

2988 974 3376 1029 KEI'MENON.

2454 1067 2564 1120 Kal
2623 1066 2914 1120 ἀνελάϐετε
2968 1066 3068 1137 τὴν
3121 1068 3329 1135 σκηνὴν
3377 1064 3472 1117 τοῦ
3535 1065 3738 1136 Μολδχ,
3777 1067 3870 1118 καὶ
3905 1067 3967 1118 τὸ

2383 1161 2584 1230 ἄστρον
2618 1158 2712 1212 τοῦ
2756 1158 2893 1212 Θεοῦ
2949 1159 3105 1229 ὑμῶν
3133 1159 3404 1227 Ῥεμτρὰν,
3447 1160 3572 1222 τοὺς
3598 1159 3825 1224 τύπους,
3869 1160 3967 1223 οὑς

2386 1252 2677 1320 ἐποιήσατε
2723 1254 3053 1318 προσκυνεῖν
3102 1252 3306 1304 αὐτοῖς.
3367 1250 3478 1303 Καὶ
3524 1254 3784 1321 μετοικιῶ
3817 1254 3965 1324 ὑμᾶς

2386 1343 2642 1396 ἐπέκεινα
2670 1341 3007 1404 Βαϐυλῶνος.

2984 1433 3368 1488 ΕΡΧΙΗΝΕΙᾹ.

2469 1524 2806 1587 Ἀνελθὸντος
2843 1527 2922 1585 εἰς
2965 1524 3025 1575 τὺ
3054 1523 3180 1591 δρος
3213 1524 3513 1586 nossem,
3557 1525 3960 1591 μεμοσχοποιήο

2387 1615 2512 1669 κασί
2544 1633 2624 1679 τε,
2661 1617 2753 1667 καὶ
2821 1618 2942 1678 ταῖς
2999 1615 3109 1667 τῶν
3164 1617 3386 1686 ἄστρων
3447 1614 3960 1684 προσεκυλίσθησαν

2385 1708 2661 1776 λατρείαις
2683 1723 2695 1736 '
2729 1709 2826 1760 καὶ
2850 1709 3408 1776 σκηνοποιησάμενοι,
3442 1706 3680 1776 ἔστησαν
3711 1706 3968 1771 εῖδωλον,

2384 1799 2413 1852 ὃ
2442 1799 2744 1867 κεκλήκασι
2776 1797 2980 1867 Μολόχ.
3013 1798 3187 1850 Τοῦτο
3213 1799 3272 1851 δὲ
3305 1799 3369 1851 τὸ
3400 1799 3619 1852 εἴδωλον
3655 1797 3970 1874 Mancini-‘1

2386 1880 2472 1954 ἦν,
2489 1885 2634 1937 λίθον
2655 1885 2936 1955 ἐξαίρετον
2965 1885 3089 1954 ἔχον
3112 1887 3211 1939 καὶ
3240 1886 3482 1956 διαφανῆ
3537 1887 3632 1940 ἐπὶ
3683 1886 3780 1939 τοῦ
3837 1903 3972 1956 μετ-

2387 1976 2559 2042 ώπου,
2595 1978 2676 2039 εἰς
2710 1977 2988 2044 ἑωσφόρον
3039 1977 3233 2032 τύπον.
3291 1981 3399 2031 Καὶ
3463 1980 3826 2048 ἑρμηνεύεται
3866 1979 3970 2048 μὲν

2386 2067 2585 2138 Μολδχ,
2618 2086 2636 2118 ι
2669 2067 2924 2138 βασιλεὺς
2953 2068 3134 2122 αὑτῶν
3154 2086 3168 2101 ·
3199 2089 3218 2122 ›
3241 2070 3485 2141 Ῥεμφὰν
3507 2071 3594 2133 δὲ,
3627 2091 3647 2123 ι
3672 2073 3970 2141 σκοτισμδς

2388 2161 2482 2214 καὶ
2506 2161 2803 2228 τύφλωσις.
2836 2179 2854 2212 ο
2891 2191 2954 2202 —
2991 2181 3010 2211 ι
3049 2160 3364 2214 ’Λνελάδετε
3405 2163 3587 2216 τοίνυν
3614 2163 3714 2234 τὴν
3761 2160 3970 2232 σκηνὴν

2384 2251 2475 2303 τοῦ
2527 2252 2726 2320 Μολδχ,
2754 2270 2772 2302 ι
2822 2253 3077 2338 τουτέστι
3102 2251 3196 2304 τοῦ
3246 2252 3510 2322 βασιλέως
3551 2252 3729 2322 ὑμῶν.
3765 2251 3861 2313 Τίς
3905 2250 3971 2305 δὲ

2386 2338 2577 2409 οὗτοςς
2633 2344 2706 2396 Τὸ
2734 2345 2936 2415 ἄστρον
2975 2345 3071 2398 τοῦ
3113 2345 3248 2399 Θεοῦ
3309 2346 3462 2416 ὑμῶν
3510 2346 3773 2415 Ῥεμφίιν,
3812 2345 3840 2397 δ
3869 2345 3972 2397 καὶ

2385 2435 2613 2503 γέγονεν
2645 2438 2774 2506 ὑμῖν
2822 2439 2904 2500 εἰς
2955 2438 3253 2505 τύφλωσιν.
3297 2438 3722 2506 Ἐσκοτίσθησαν
3763 2437 3873 2506 γάρ
3909 2438 3970 2490 αἱ

2387 2528 2603 2597 καρδίαι
2631 2528 2806 2598 ὑμῶν.
2826 2529 3046 2599 Ἐπειδὴ
3068 2530 3124 2582 δὲ
3158 2529 3258 2597 τὴν
3283 2529 3390 2582 τῶν
3421 2528 3733 2583 Μωαϐιτῶν
3767 2528 3972 2597 μανίαν

2385 2618 2808 2687 πεπληρώκατε,
2859 2620 2980 2690 ἥτις
3029 2619 3148 2672 ἐστὶ
3208 2619 3406 2688 γείτων
3434 2620 3753 2688 Δαμασκοῦ,
3785 2618 3872 2670 διὰ
3904 2619 3970 2670 τὸ

2388 2709 2717 2778 πορεύεσθαι
2775 2709 2855 2782 [Ῑ.
2905 2711 2993 2764 διὰ
3057 2711 3218 2764 τοῦτο
3272 2711 3616 2782 πορεύεσθε]
3668 2709 3968 2778 Δαμασκοῦ

713 2807 1159 2875 prolicisceniini,
1205 2808 1308 2860 hoc
1357 2816 1442 2862 est
1512 2809 1563 2860 in
1627 2808 1976 2876 Babylonem.
2021 2806 2283 2872 Quamvis

2388 2803 2667 2864 ἐπέκεινα,
2702 2804 2982 2856 τουτέστιν
3006 2806 3086 2868 εἰς
3114 2803 3435 2857 Βαϐυλῶνα.
3468 2805 3528 2856 Εἰ
3550 2804 3606 2856 δὲ
3641 2805 3735 2856 καὶ
3765 2804 3794 2854 6
3828 2819 3970 2871 προ-

707 2913 841 2952 vero
899 2898 1160 2967 propheta
1213 2919 1228 2949 ι
1263 2908 1415 2954 trans
1469 2899 1793 2954 Damascum
1835 2919 1853 2950 ι
1914 2899 2136 2957 dixerit.
2209 2898 2282 2950 ita

2391 2892 2590 2960 φήτης,
2641 2910 2659 2942 ι
2698 2892 2985 2947 Ἐπέκεινα
3015 2894 3332 2964 Δαμασκοῦ,
3357 2913 3376 2946 ι
3409 2896 3624 2966 εἰρήκει
3657 2895 3830 2963 (οὕτω
3854 2895 3969 2964 γάρ

706 2988 853 3042 enim
892 2987 1039 3052 LXX
1115 2989 1477 3060 Interprctum
1530 2991 1711 3044 versio
1771 2990 1970 3055 habet,
2040 2996 2278 3042 attamen

2388 2981 2479 3034 καὶ
2507 2985 2537 3047 ή
2571 2983 2678 3034 τῶν
2707 2983 3111 3054 Ἐδδομήκοντα
3147 2986 3358 3049 ἔκδοσις
3384 2987 3544 3057 εχει.)
3574 2987 3686 3040 ἀλλ’
3716 2991 3743 3040 6
3785 2989 3972 3057 μακά-

709 3080 904 3135 beatus
928 3081 1236 3150 Stephanus
1256 3085 1365 3136 ait:
1396 3102 1414 3134 ι
1441 3082 1615 3137 Trans
1632 3081 2016 3154 Babylonem,»
2047 3095 2283 3150 sequens

2388 3091 2499 3144 ριος
2521 3075 2815 3143 Στέφανος,
2849 3094 2867 3126 ι
2908 3076 3195 3131 Ἐπέκεινα
3226 3079 3568 3143 Βαϐυλῶνος,
3594 3099 3610 3131 ι
3631 3080 3820 3149 φησιν,
3839 3081 3975 3132 ἀκο-

709 3169 1062 3227 Ηθὴταιοειιιιι
1113 3174 1446 3228 lectionem:
1498 3175 1578 3228 vel
1631 3175 1757 3242 quia
1808 3174 2078 3228 terminus
2125 3183 2281 3228 teme

707 3259 1172 3320 Damascenorum
1207 3274 1259 3318 et
1296 3264 1557 3336 Syrorum
1592 3275 1675 3321 est
1700 3266 1961 3336 Babylon.

1353 3355 1654 3411 TEXTUS.

783 3452 896 3517 VII,
928 3451 1113 3507 M46.
1157 3449 1592 3504 Tabernaculum
1643 3448 1962 3504 Testimonii
2011 3448 2112 3501 fuit
2156 3463 2279 3502 cum

709 3544 966 3615 patribus
988 3541 1194 3597 nostris
1219 3541 1271 3594 in
1298 3540 1536 3602 deserto,
1551 3538 1690 3594 sicut
1709 3539 1976 3608 disposuit
1993 3541 2097 3592 illis
2117 3537 2280 3599 Dens.

711 3637 947 3705 loquens
984 3634 1050 3688 ad
1084 3631 1329 3703 Moysen,
1362 3641 1418 3684 ut
1446 3630 1651 3685 faceret
1680 3629 1811 3684 illud
1843 3630 2144 3684 secundum
2177 3628 2285 3681 lor-

710 3745 856 3784 mam
884 3725 1296 3797 quamjviderat.
1317 3723 1470 3789 Quod
1491 3733 1542 3777 et
1563 3722 2286 3790 induxerunt,suscipientes

709 3828 896 3890 patres
930 3818 1105 3872 nostri
1145 3833 1268 3872 cum
1303 3815 1432 3870 Jesu
1472 3817 1524 3869 in
1561 3818 1964 3882 possessionem
2000 3814 2280 3878 Gentium,

708 3923 849 3979 quas
881 3906 1087 3977 expulit
1115 3905 1259 3960 Deus
1290 3921 1318 3959 a
1353 3905 1490 3960 facie
1514 3912 1726 3973 patrum
1763 3913 2073 3957 nostrorum
2111 3918 2285 3972 usque

710 3999 767 4053 in
805 3999 997 4054 diebus
1033 3998 1223 4062 David,
1281 3998 1372 4066 qui
1421 3997 1628 4051 invenit
1666 3997 1898 4067 gratiam
1933 4005 2056 4050 ante
2089 3995 2279 4060 Deum,

711 4102 766 4146 et
795 4094 947 4162 petiit
977 4100 1035 4146 ut
1057 4091 1326 4146 inveniret
1359 4090 1776 4143 tabernaculum
1821 4089 1928 4143 Deo
1964 4088 2153 4144 Iacob.

1211 4179 1761 4236 COMMENTARIUS

785 4277 1076 4330 Dicebatur
1118 4272 1552 4328 Tabernaculum
1595 4271 1914 4326 Testimonii
1979 4287 2074 4326 seu
2129 4286 2284 4325 man-

709 4368 961 4420 datorum
995 4363 1112 4429 Dei,
1147 4364 1276 4418 illud
1307 4363 1452 4433 quod
1480 4364 1532 4416 in
1581 4369 1767 4416 monte
1799 4361 1929 4415 Sina
1959 4361 2093 4416 Mosi
2132 4377 2287 4415 mon-

712 4468 943 4512 stratum
977 4473 1004 4510 a
1038 4456 1146 4510 Deo
1209 4463 1322 4520 est;
1355 4455 1480 4524 quia
1529 4455 1667 4508 Deus
1708 4453 1837 4507 illud
1905 4452 2195 4522 disposuit,
2230 4459 2289 4504 nt

717 4551 883 4603 Deum
916 4551 1092 4618 ipsum
1152 4556 1345 4602 testem
1388 4543 1832 4613 haberent,quod
1881 4543 1933 4595 in
1983 4551 2168 4596 monte
2203 4544 2290 4594 de-

714 4641 939 4695 lineatio
970 4639 1090 4708 ejus
1121 4638 1261 4693 facta
1299 4637 1484 4702 fuerit,
1513 4650 1578 4690 ac
1612 4636 1754 4688 Deus
1815 4633 1949 4689 Mosi
1980 4632 2110 4686 illud
2149 4646 2288 4702 pra:-

715 4732 1021 4804 scripserit.

1317 4864 1323 4872 .
1355 4817 1655 4874 TEXTUS.

787 4914 903 4980 VII,
931 4913 1112 4969 47-59.
1137 4913 1392 4967 Salomon
1413 4921 1589 4965 autem
1616 4909 1906 4964 aediﬁcavit
1937 4908 2012 4961 illi
2043 4907 2286 4961 domum.

718 5008 823 5062 Sed
861 5021 968 5060 non
993 5005 1256 5059 Excelsus
1282 5003 1335 5058 in
1365 5001 1693 5056 maqu'actis
1723 5001 1953 5064 habitat,
1991 5001 2133 5053 sicut
2160 5012 2290 5068 pro-

721 5101 886 5169 pheta
910 5098 1044 5153 dicit
1067 5097 1305 5151 :leum
1323 5094 1453 5150 mihi
1471 5094 1630 5148 sedes
1651 5101 1769 5158 est;
1796 5102 1941 5146 terra
1959 5099 2140 5145 autem
2168 5104 2292 5143 sca-

721 5191 920 5244 bellum
967 5187 1166 5258 pedum
1197 5201 1465 5241 meorum.
1494 5184 1668 5250 Quam
1699 5185 1920 5238 domum
1948 5180 2286 5235 :editicabitis

722 5282 874 5344 mihi,
905 5281 1036 5333 dicit
1082 5276 1382 5332 Dominus?
1425 5283 1518 5330 aut
1557 5275 1681 5345 quis
1736 5275 1888 5328 locus
1932 5271 2288 5340 requietionis

721 5388 854 5426 mea:
908 5372 1023 5426 est?
1073 5369 1263 5425 Nonne
1320 5381 1515 5422 manus
1568 5382 1687 5420 mea
1737 5365 1865 5419 fecit
1909 5366 2020 5418 bare
2063 5363 2287 5417 omnia?

726 5466 866 5518 Dura
901 5463 1112 5517 cervice
1142 5471 1196 5516 et
1226 5460 1630 5516 incircumcisis
1661 5460 1921 5514 cordibus
1956 5468 2008 5510 et
2033 5457 2283 5517 auribus.

723 5571 819 5608 vos
851 5569 1065 5621 semper
1102 5554 1329 5621 Spiyitni
1379 5560 1570 5606 sancto
1618 5550 1897 5612 resistitis,
1934 5549 2070 5602 sicut
2104 5558 2286 5616 patres

725 5644 913 5706 vestri,
963 5645 1037 5696 ita
1090 5649 1144 5697 et
1197 5659 1313 5697 vos.
1354 5643 1525 5708 ro'u
1572 5641 1956 5711 prophetarum
2002 5655 2110 5692 non
2157 5648 2288 5692 sunt

726 5735 994 5802 persecuti
1048 5742 1228 5802 patres
1286 5733 1488 5788 vestri?
1547 5733 1614 5786 Et
1664 5732 1984 5785 occiderunt
2032 5745 2147 5795 eos,
2193 5729 2284 5797 qui

721 5825 1158 5894 prmnuntiabant
1193 5826 1256 5880 dc
1307 5824 1537 5879 adventu
1590 5822 1757 5885 Justi,
1791 5821 1948 5890 cujus
1993 5835 2087 5874 vos
2143 5836 2286 5873 nunc

2383 3166 2650 3235 λουθήσας
2678 3170 2742 3237 τῇ
2785 3169 3051 3236 Ἐϐραίων
3074 3170 3288 3224 ἐκθέσει
3308 3188 3322 3201 ·
3351 3172 3383 3241 ἢ
3413 3173 3494 3224 ὅτι
3525 3172 3702 3241 τέρμα
3726 3173 3828 3240 τῆς
3867 3175 3974 3224 Δα-

2388 3261 2682 3330 μασκηνῶν
2709 3263 2802 3315 καὶ
2829 3261 3018 3329 Σύρων
3044 3263 3275 3333 χὼραςή
3301 3263 3556 3318 Βαϐυλὼν
3578 3267 3858 3333 τυγχάνει.

2984 3355 3381 3410 ΚΕΙΜΕΝΟΝ.

2469 3443 2532 3494 Ἠ
2567 3444 2743 3512 σκηνή
2791 3445 2886 3496 τοῦ
2949 3447 3277 3516 Μαρτυρίου
3305 3443 3374 3517 ἦν
3396 3449 3456 3499 ὲν
3519 3449 3632 3510 τοῖς
3694 3449 3976 3517 πατράσιν

2387 3534 2444 3585 ἐν
2471 3536 2536 3603 τῇ
2571 3536 2786 3604 ἐρήμῳ,
2830 3537 3011 3599 καθὼς
3044 3537 3329 3602 διετάξατο
3360 3539 3389 3591 6
3420 3540 3597 3592 λαλῶν
3631 3539 3710 3608 τῷ
3736 3541 3972 3609 Μωῡσῇ,

2385 3626 2613 3695 ποιῆσαι
2639 3630 2819 3698 ,αὑτὴν
2846 3631 2987 3683 κατὰ
3020 3633 3110 3684 τὸν
3135 3632 3304 3685 τύπον
3346 3632 3404 3685 δν
3429 3634 3686 3702 ἑωράκει.
3735 3635 3838 3685 Ἦν
3873 3636 3976 3687 καὶ

2387 3721 2681 3788 εἰσήγαγον
2743 3722 3114 3794 διαδεξάμενοι
3143 3727 3194 3778 οἱ
3229 3726 3469 3795 πατέρες
3499 3727 3654 3795 ήμῶν
3687 3726 3824 3794 μετὰ
3862 3727 3976 3793 Ἰη-

2389 3813 2483 3863 σοῦ
2515 3814 2573 3863 ὲν
2594 3816 2658 3883 τῇ
2699 3817 3030 3884 κατασχέσει
3062 3817 3172 3870 τῶν
3203 3813 3482 3883 ὲθνῶν,ὦν
3509 3817 3709 3884 ἒξωσεν
3747 3819 3776 3869 6
3808 3815 3972 3881 Θεὸς,

2386 3900 2495 3952 ἀπὸ
2524 3904 2818 3972 προσώπου
2849 3906 2960 3957 τῶν
3013 3911 3268 3976 πατέρων
3295 3907 3455 3977 ήμῶν
3481 3907 3586 3968 ἕως
3608 3907 3716 3958 τῶν
3740 3905 3976 3974 ἡμερῶν

2388 3990 2575 4053 Δαϐὶδ,
2603 3991 2662 4054 ὃς
2688 3987 2816 4063 εὑρε
2847 3997 3010 4065 χάριν
3035 3997 3272 4049 ἐνώπιον
3297 3996 3389 4049 τοῦ
3413 3996 3572 4060 Θεοῦ,
3604 3998 3696 4050 καὶ
3722 3997 3977 4068 ᾐτήσατο

2387 4081 2569 4150 εὑρεῖν
2601 4085 2868 4153 σκήνωμα
2892 4086 2970 4155 τῷ
2996 4087 3118 4156 Θεῷ
3160 4087 3380 4140 Ἰακώϐ.

2950 4179 3336 4233 ΕΡΜΗΝΕΙΑ.

2461 4272 2641 4342 Σκηνὴ
2677 4271 2769 4324 τοῦ
2801 4271 3149 4342 Μαρτυρίου,
3172 4273 3424 4325 τουτέστι
3453 4272 3564 4324 τῶν
3597 4275 3972 4345 προσταγμά-

2386 4380 2495 4417 των
2523 4362 2616 4416 τοῦ
2635 4362 2794 4427 Θεοῦ,
2835 4365 2868 4430 ἡ
2905 4364 2963 4414 ἑν
2997 4363 3073 4432 τῷ
3102 4363 3220 4432 ὄρει
3253 4365 3383 4434 Σινᾷ
3427 4365 3506 4434 τῷ
3540 4366 3752 4436 Μωῡσῇ
3785 4383 3974 4435 παρα-

2388 4453 2662 4522 δειχθείστ
2692 4455 2794 4506 ὕπὸ
2822 4454 2958 4507 Θεοῦ
2994 4454 3238 4520 ἐλέγετο,
3285 4456 3374 4507 διὰ
3401 4456 3464 4508 τὺ
3493 4456 3599 4508 ὑπὸ
3621 4456 3760 4510 Θεοῦ
3786 4458 3974 4511 διατε-

2386 4545 2584 4614 τάχθαι
2642 4547 2834 4614 αότήν,
2900 4547 2986 4597 ἵνα
3028 4546 3284 4616 μάρτυρα
3331 4546 3425 4600 τὸν
3472 4548 3606 4600 Θεὸν
3636 4549 3855 4618 ἔχωσιν,
3885 4551 3973 4603 ὅτι

2389 4637 2446 4688 ὲν
2470 4635 2544 4706 τῷ
2593 4636 2710 4706 ὄρει
2736 4639 2769 4703 ή
2797 4636 3093 4705 ὑπογραφὴ
3150 4637 3358 4707 ταύτης
3415 4637 3630 4706 γέγονε,
3675 4639 3770 4692 καὶ
3802 4640 3974 4703 αὑτὸς

2391 4727 2564 4794 αὐτὴν
2590 4727 2881 4794 διετάξατο
2914 4728 2994 4797 τῷ
3023 4729 3252 4798 Μωΰσῇ.

2987 4820 3373 4873 ΚΕΙΜΕΝΟΝ.

2461 4907 2716 4979 Σολομὼν
2743 4909 2800 4962 δὲ
2826 4909 3178 4979 ᾠκοδόμησεν
3223 4910 3373 4980 αὑτῷ
3419 4907 3588 4966 οἷκον.
3648 4913 3789 4965 Ἀλλ’
3819 4915 3918 4983 οὐχ
3944 4919 3975 4968 6

2397 4997 2662 5066 ’Υψιστος
2691 4998 2750 5050 ὲν
2798 4999 3199 5067 χειροποιήτοις
3239 5000 3390 5061 ναοῖς
3417 5001 3686 5062 κατοικεῖ,
3731 5001 3918 5064 καθὼς
3943 5007 3974 5055 6

2389 5089 2676 5158 προφήτης
2737 5087 2912 5154 λέγει·
2956 5089 3016 5141 Ὀ
3041 5090 3268 5154 οὐρανός
3316 5107 3409 5158 μοι
3458 5089 3669 5157 θρόνος,
3722 5094 3755 5161 ή
3790 5093 3846 5143 δὲ
3895 5093 3972 5162 γῆ

2393 5182 2683 5234 ὑποπόδιον
2707 5180 2817 5233 τῶν
2849 5181 3024 5234 ποδῶν
3056 5199 3179 5249 μου.
3207 5183 3365 5235 Ποῖον
3394 5177 3542 5238 οἷκον
3575 5185 3966 5255 οἰκοδομήσετέ

2405 5289 2516 5340 μοι,
2535 5269 2897 5340 λέγειΚύριος
2925 5287 2939 5336 ;
2963 5272 2996 5340 ἣ
3014 5271 3096 5334 τίς
3119 5273 3282 5336 τόπος
3308 5274 3405 5342 τῆς
3423 5275 3819 5336 καταπαύσεώς
3839 5294 3966 5343 μου;

2393 5364 2528 5430 Οὐχὶ
2557 5363 2588 5431 ἡ
2613 5361 2736 5431 χείρ
2768 5379 2871 5430 μου
2899 5362 3125 5430 εποίησε
3150 5363 3323 5416 ταῦτα
3355 5366 3530 5418 πάντα
3555 5383 3570 5428 ;
3606 5366 3967 5436 Σκληροτρά-

2395 5454 2546 5523 χηλοι
2595 5454 2690 5505 καὶ
2737 5453 3101 5523 ἀπερίτμητοι
3135 5457 3201 5524 τῇ
3242 5455 3440 5524 καρδίᾳ
3502 5457 3596 5508 καὶ
3657 5458 3769 5517 τοῖς
3795 5458 3960 5523 ὠσὶν,

2397 5544 2556 5612 ὑμεῖς
2602 5543 2691 5595 del
2726 5542 2803 5612 τῷ
2835 5543 3112 5611 Πνεύματι
3141 5545 3219 5613 τῷ
3243 5546 3384 5616 ἁγίῳ
3415 5546 3785 5599 ἀντιπίπτετε·
3815 5547 3892 5605 ὡς
3917 5552 3968 5602 οἱ

2398 5638 2629 5709 πατέρες
2656 5638 2830 5707 ὑμῶν,
2882 5637 2978 5689 ml
3008 5637 3187 5704 ὑμεῖς.
3219 5635 3352 5688 Τίνα
3403 5636 3510 5689 τῶν
3535 5637 3830 5706 προφητῶν
3863 5638 3970 5690 οὑκ

2390 5729 2619 5793 ἐδίωξαν
2666 5731 2712 5780 οἱ
2762 5729 2997 5798 πατέρες
3048 5728 3232 5797 ὑμών;
3286 5729 3394 5780 Καὶ
3448 5729 3776 5780 ἀπέκτειναν
3838 5731 3965 5792 τοὺς

2395 5823 2965 5892 προκαταγγείλαντας
2997 5823 3124 5890 περῖ
3162 5822 3257 5891 τῆς
3291 5821 3555 5883 ἐλεύσεως
3594 5821 3686 5873 τοῦ
3739 5822 3964 5874 Δικαῐου
