4164 6444
227 415 338 481 917

845 417 1378 479 EXPOSITIONIS
1424 421 1505 482 IN
1546 421 1736 482 ACTA
1773 422 2073 483 TEX'IUS
2113 422 2379 482 ALTER.
2437 445 2509 456 -
2539 423 2699 481 CAP.
2745 422 2878 478 Vit.

3393 417 3499 482 918

230 530 450 594 τούτου,
482 524 543 583 οῦ
573 529 666 582 νῦν
693 531 850 598 ὑμεῖς
872 533 1128 602 προδόται
1151 536 1245 586 καὶ
1275 538 1456 600 φονεῖς
1487 536 1807 606 γεγένησθε’

1929 535 2618 609 ρι-οάἰιοι-θεζειιιοιιιίεἰοω
2669 535 2893 588 (uisus:
2933 531 3038 597 Qui
3095 531 3399 609 accepistis
3423 535 3499 587 Ie-

229 623 427 683 οἵτινες
484 622 708 675 ἐλάϐετε
761 623 853 675 τόν
917 625 1079 693 νόμον
1111 629 1190 688 εις
1243 628 1507 694 διαταγὰς
1535 631 1806 697 ἀγγέλων,

229 712 327 763 καὶ
346 713 448 762 οὐκ
474 712 798 777 ἐφυλάξατε.
849 714 1169 779 Ἀκούοντες
1198 718 1252 770 δὲ
1275 719 1464 782 ταῦτα¹
1499 720 1808 790 διεπρίοντο

227 807 351 861 ταῖς
389 804 642 872 καρδίαις
671 805 852 857 αὐτῶν
873 845 886 870 ,
927 807 1021 859 καὶ
1048 807 1277 877 ἔϐρυχον
1313 810 1437 873 τοὺς
1462 810 1680 874 ὀδόντας
1719 812 1806 864 ἐπ’

227 893 415 945 αὐτόν.
474 894 765 965 Ύπάρχων
793 896 848 946 δὲ
896 897 1166 964 Στέφανος
1229 899 1442 968 πλήρης
1492 901 1809 969 Πνεύματος

206 984 412 1049 “’ἁγίου,
473 986 725 1048 ἀτενίσας
749 988 828 1047 είς
875 988 965 1040 τὸν
1014 990 1264 1058 οὐρανὸν,
1313 989 1422 1044 εἶδε
1455 993 1616 1058 δόξαν
1645 995 1803 1060 Θεοῦ,

229 1074 331 1126 καὶ
370 1076 580 1144 Ἰησοῦν
642 1080 853 1132 ἑστῶτα
892 1081 954 1134 ἐκ
997 1082 1188 1148 δεξιῶν
1241 1084 1426 1148 αὐτοῦ,
1473 1086 1567 1138 καὶ
1621 1083 1808 1140 εἶπεν·

242 1166 373 1218 Ἰδοὺ
399 1167 511 1232 ἐγὼ
558 1168 749 1235 θεωρῶ
799 1173 924 1234 τοὺς
974 1172 1240 1241 οὐρανοὺς
1281 1177 1686 1245 ἀνεῳγμένους,
1717 1182 1812 1234 καὶ

228 1257 323 1307 τὸν
358 1258 485 1309 Υίὸν
513 1258 606 1311 τοῦ
632 1259 923 1329 ἀνθρώπου
958 1263 1022 1315 ὲκ
1051 1262 1242 1327 δεξιῶν
1272 1266 1484 1320 ἑστῶτα
1518 1269 1610 1320 τοῦ
1648 1271 1808 1324 Θεοῦ.

233 1348 553 1416 ΚρὰΞαντες
577 1351 628 1401 δὲ
662 1356 811 1421 φωνῇ
851 1354 1065 1425 μεγάλῃ
1098 1355 1442 1424 συνέσχοντά
1471 1352 1586 1412 ὦτα
1611 1360 1812 1426 αὐτῶν,

232 1439 328 1489 καὶ
365 1438 632 1507 ῶρμησαν
657 1441 1001 1510 ὁμοθυμαδὸν
1028 1446 1115 1497 ἐπ’
1137 1445 1323 1499 αὐτόν.
1349 1448 1457 1500 Καὶ
1490 1449 1812 1514 ἐκϐαλόντες

232 1530 399 1581 αὐτὸν
430 1532 534 1596 ἔξω
552 1532 652 1599 τῆς
688 1533 895 1602 πόλεως
933 1534 1294 1590 ἐλιθοϐόλουν.
1324 1538 1432 1590 Καὶ
1458 1540 1505 1589 οί
1541 1539 1816 1608 μάρτυρες

231 1622 505 1676 ἀπέθεντο
531 1623 604 1675 τὰ
637 1624 826 1693 ίμάτια
857 1626 1037 1678 αὐτῶν
1070 1628 1221 1698 παρὰ
1253 1630 1381 1690 τοὺς
1407 1629 1575 1692 πόδας
1605 1634 1814 1683 νεανίου

234 1714 577 1783 καλουμένου
614 1716 841 1772 Σαύλου.
897 1719 1006 1770 Καὶ
1051 1719 1391 1774 ἐλιθοϐόλουν
1413 1723 1502 1775 τὸν
1545 1723 1817 1790 Στέφανον

233 1806 672 1875 ἐπικαλούμενον
706 1810 800 1860 καὶ
828 1808 1056 1877 λέγοντα
1078 1828 1089 1840 ·
1132 1812 1306 1881 Κύριε
1350 1813 1547 1882 Ἰησοῦ,
1576 1814 1812 1878 δέξαιτό

1922 646 2042 700 gem
2079 631 2132 682 in
2163 629 2522 699 dispositione
2555 627 2872 695 angelorum
2914 633 2966 677 et
2999 638 3109 676 non
3151 622 3495 677 custodistis.

1922 722 2221 776 Audientes
2245 730 2426 774 autem
2471 719 2585 772 haec
2632 717 3054 771 dissecabantur
3085 715 3347 770 cordibus
3381 714 3497 768 suis

1921 823 1976 868 et
2020 804 2328 868 stridebaitt
2357 811 2614 864 dentibus
2662 808 2715 862 in
2761 823 2908 862 eum.
2957 807 3093 861 Cum
3129 815 3312 859 autem
3349 813 3499 859 esset

1922 905 2113 974 plenus
2145 902 2351 972 Spiritu
2409 910 2622 964 sancto,
2675 899 2968 954 intendens
3023 899 3076 951 in
3108 897 3328 960 cadum,
3363 895 3498 949 vidit

1915 997 2143 1066 gloriam
2174 996 2288 1059 Dei,
2317 1004 2371 1047 et
2401 992 2588 1048 Jesum
2617 1000 2850 1048 stantem
2869 990 3122 1044 adextris
3149 989 3262 1042 Dei.
3289 987 3355 1042 Et
3378 988 3451 1042 ait
3477 1003 3490 1037 :

1923 1089 2058 1143 Ecce
2082 1088 2239 1143 video
2269 1088 2440 1142 cualos
2491 1095 2729 1154 apertos,
2772 1093 2826 1138 et
2855 1083 3051 1137 Filium
3083 1081 3246 1150 23o
3263 1079 3500 1136 hominis

1922 1188 2159 1232 stantem
2200 1192 2227 1230 a
2259 1177 2464 1231 dextris
2522 1175 2635 1229 Dei.
2672 1173 3057 1228 Exclamantes
3119 1155 3302 1226 autem
3364 1185 3501 1224 voce

1925 1285 2118 1340 magna
2159 1271 2553 1328 continuerunt
2592 1281 2755 1322 aures
2793 1281 2945 1328 suas,
2973 1274 3029 1318 et
3064 1265 3329 1334 impetum
3357 1262 3501 1317 fece-

1923 1373 2051 1417 runt
2086 1361 2418 1415 unanimiter
2469 1361 2521 1414 in
2545 1374 2694 1414 eum.
2749 1357 2814 1410 Et
2869 1357 3153 1425 ejicientes
3193 1371 3318 1410 eum
3348 1361 3502 1409 extra

1922 1454 2203 1507 civitatem
2251 1448 2600 1520 lapidabant;
2633 1460 2686 1505 et
2714 1456 2886 1503 testes
2932 1447 3307 1517 deposuerunt
3333 1446 3503 1500 vesti-

1927 1555 2106 1599 menta
2138 1560 2235 1598 sua
2266 1558 2428 1598 secus
2461 1543 2628 1610 pedes
2649 1540 3037 1604 adolescentis,
3078 1539 3174 1610 qui
3208 1538 3505 1594 vocabatur

1929 1637 2148 1690 Saulus.
2187 1637 2255 1690 Et
2305 1635 2623 1703 lapidabaut
2670 1634 3011 1704 Stephanum
3061 1633 3404 1686 invocantem
3450 1638 3504 1683 rt

1925 1729 2196 1782 dicentem
2233 1745 2247 1780 :
2286 1725 2516 1782 Domine
2543 1724 2697 1790 Jesu,
2732 1725 2955 1795 suscipe
3012 1724 3272 1794 spiritum
3300 1738 3502 1776 meum.

1926 1817 2133 1873 Positis
2174 1827 2356 1871 autem.
2399 1817 2654 1888 genibus,
2691 1815 2948 1870 clamavit
2977 1816 3113 1871 voce
3149 1831 3369 1886 magna,
3422 1815 3506 1869 di-

237 1898 461 1965 πνεῦμά
515 1915 652 1963 μου·
688 1898 801 1962 θεὶς
832 1900 888 1952 δὲ
914 1901 980 1953 τά
1022 1901 1240 1968 γόνατα,
1303 1901 1502 1971 ἐκραξε
1535 1906 1686 1974 φωνῇ
1722 1922 1812 1974 με·

1929 1925 2046 1966 :ens
2083 1928 2097 1964 :
2132 1910 2360 1965 Domine
2408 1924 2475 1964 ne
2505 1917 2716 1964 statuas
2757 1909 2864 1963 illis
2910 1909 3012 1963 hoc
3064 1917 3368 1976 peccatum.
3443 1907 3507 1960 Et

235 1991 381 2061 γάλῃ
408 1989 584 2057 λέγων
603 2007 615 2020 ·
637 1992 836 2060 Κύριε,
872 1992 947 2060 μὴ
968 1994 1175 2064 στήσῃς
1208 1994 1392 2058 αὐτοῖς
1420 1994 1518 2065 τὴν
1543 1997 1821 2067 ἁμαρτίαν

233 2083 474 2152 ταύτην.
505 2084 613 2136 Καὶ
638 2084 798 2136 τοῦτο
823 2085 996 2137 εἰπὼν
1020 2088 1313 2158 ἐκοιμήθη.

824 2175 1204 2229 EPMHNEIA.

315 2264 410 2331 Τῷ
436 2266 871 2336 τετρακοσιοστῷ
909 2269 1336 2340 τεσσαρακοστῷ
1371 2273 1479 2324 ἔτει
1507 2273 1604 2342 τῆς
1637 2274 1820 2338 ἐξόδου

238 2354 349 2405 τῶν
379 2357 517 2408 υἱῶν
560 2358 776 2426 Ἰσραὴλ
824 2359 882 2424 ἐξ
921 2358 1226 2427 Αίγύπῖου,
1283 2363 1489 2433 ἤρξατο
1515 2366 1542 2416 ό
1567 2367 1824 2436 Σολομὼν

246 2446 556 2514 οἰκοδομεῖν
585 2449 678 2500 τὸν
707 2450 834 2502 ναὸν
865 2451 922 2502 ὲν
967 2451 1343 2522 Ἰερουσαλὴμ,
1367 2454 1444 2517 ὡς
1475 2457 1687 2527 ήτρίτη
1715 2460 1823 2512 τῶν

245 2537 544 2591 Βασιλειῶν
597 2541 836 2594 διδάσκει
873 2543 1071 2610 βίϐλος.
1109 2544 1208 2596 Διά
1233 2544 1394 2598 τοῦτο
1441 2547 1498 2599 δὲ
1528 2550 1668 2617 μετά
1701 2569 1823 2604 τοσ-

246 2630 407 2682 οῦτον
443 2632 633 2700 χρόνον
673 2635 770 2701 τῆς
801 2634 896 2686 ἀπ’
927 2634 1204 2701 Αίγύπτου
1246 2636 1428 2698 ἐξόδου
1466 2639 1560 2692 τοῦ
1609 2639 1823 2713 Ἰσραὴλ

247 2721 274 2770 ό
307 2721 436 2782 ναὸς
487 2721 832 2792 ᾠκοδομήθη.
891 2725 973 2777 ἵνα
1003 2729 1068 2796 τῇ
1101 2728 1180 2789 εἰς
1207 2727 1274 2778 τὰ
1293 2728 1395 2798 δρη
1443 2731 1827 2802 ἀποπλανὲισει-

248 2812 659 2880 ἀποκαμόντες,
685 2814 780 2866 τὸν
806 2815 901 2867 ἕνα
920 2819 1084 2870 τόπον
1118 2819 1207 2872 τὸν
1235 2821 1291 2871 έν
1306 2821 1665 2891 Ἰερουσαλὴμ
1691 2824 1823 2890 ἀγα-

247 2905 521 2973 πήσωσιν,
549 2906 608 2958 ὃν
636 2908 663 2958 ό
687 2906 817 2969 Θεὸς
848 2907 1071 2978 ἐποίησε
1099 2909 1299 2980 τίμιον.
1330 2906 1490 2966 Οὗτοι
1520 2914 1577 2966 δὲ
1611 2916 1824 2986 βραδεῖς

245 2996 402 3058 ὄντες
432 2998 512 3058 είς
564 2997 803 3060 σύνεσιν,
840 3001 933 3052 καὶ
960 3001 1067 3053 τῶν
1102 3003 1232 3073 περὶ
1255 3004 1392 3057 Θεοῦ
1425 3006 1597 3073 λόγων
1630 3009 1813 3062 ἀνεπι-

251 3087 541 3152 στήμονες,
575 3089 670 3139 καὶ
690 3088 826 3141 Θεοῦ
861 3090 1015 3145 πόλιν
1039 3092 1311 3163 οίηθέντες
1327 3091 1466 3149 εἶναι
1489 3098 1589 3167 τὴν
1626 3098 1822 3168 Ἰερου-

251 3176 458 3245 σαλὴμ,
488 3181 544 3230 ἐν
577 3180 715 3250 αὐτῇ
747 3181 812 3250 δὴ
837 3181 931 3234 καὶ
960 3183 1095 3254 μόνῃ
1126 3189 1402 3239 κατοικεῖν
1431 3188 1593 3241 αὐτὸν
1613 3189 1818 3258 ἔλεγον.

247 3266 468 3335 Σμικρά
498 3270 674 3318 τοίνυν
699 3268 1022 3332 δοξάζοντας
1053 3274 1262 3343 ἐλέγχει
1294 3277 1322 3327 ό
1354 3276 1506 3342 Θεὸς,
1544 3279 1636 3331 καί
1670 3297 1824 3349 φησι·
1854 3258 1897 3316 c

252 3357 368 3408 Kal.
394 3359 546 3409 ποῖον
603 3354 753 3412 οἷκον
801 3361 1190 3432 οἰκοδομήσετέ
1250 3382 1366 3433 μοι,
1429 3367 1618 3437 θρόνον
1651 3370 1826 3440 ἔχοντι

248 3451 342 3499 τὸν
371 3450 623 3517 οὐρανὸν,
675 3451 965 3506 ὑποπόδιον
1001 3454 1057 3506 δὲ
1092 3455 1192 3523 τὴν
1222 3457 1356 3524 γῆν;
1398 3460 1543 3512 Ἔδει
1577 3461 1688 3530 γὰρ
1716 3465 1828 3525 τοῖς

252 3537 614 3592 συνεστάλθαι
646 3541 737 3593 καὶ
778 3543 1141 3612 περιωρίσθω.
1171 3547 1377 3612 τόποις,
1412 3549 1509 3616 τὴν
1533 3552 1699 3603 αὑτοῦ
1731 3553 1830 3619 φύ-

246 3647 333 3681 σιν
363 3628 719 3700 ὑπειληφόσιν
750 3634 1063 3698 καταδεῖξαι
1093 3637 1301 3704 σαφῶς,
1328 3640 1411 3692 ὅτι
1442 3643 1522 3703 εἰς
1543 3643 1588 3673 ⁸⁵
1618 3659 1825 3696 παντα·

249 3719 348 3787 χοῦ
379 3722 474 3772 καὶ
510 3725 707 3790 χωρεῖν
721 3724 767 3754 ⁸⁸
798 3725 896 3793 μὲν
945 3725 1108 3778 αὐτὸν
1169 3727 1345 3792 οὐδὲν,
1379 3731 1505 3798 ἥκει
1537 3733 1592 3785 δὲ
1623 3736 1824 3803 μᾶλλον

246 3813 338 3865 διὰ
366 3813 583 3867 πάντων
615 3815 796 3880 αὐτὸς,
824 3817 917 3870 καὶ
943 3818 1158 3888 πλήρης
1194 3821 1294 3888 μὲν
1325 3821 1352 3871 ό
1378 3823 1605 3892 οὐρανὸς
1636 3826 1824 3888 αὑτοῦ,

252 3907 425 3976 μεστὴ
450 3907 505 3958 δὲ
537 3908 683 3977 ἡγῆ.
727 3928 744 3959 ι
782 3909 970 3978 Ὑμεῖς
1024 3911 1128 3964 ἀεί.
1157 3930 1174 3962 ι
1213 3914 1322 3965 Ούκ
1376 3915 1528 3982 εἷπε,
1563 3918 1654 3987 Τῷ
1709 3919 1828 3986 Θεῷ

247 4000 628 4062 ἀντιπίπτετε,
694 4001 852 4065 ἀλλὰ,
893 4021 911 4052 ι
934 4001 1025 4072 Τῷ
1059 4003 1337 4073 Πνεύματι
1370 4007 1448 4077 τῷ
1489 4009 1631 4078 ἀγίῳ
1654 4025 1666 4039 ο
1695 4030 1712 4060 ι
1737 4005 1824 4062 οῦ-

246 4105 338 4151 τος
354 4090 400 4121 ⁵⁸
434 4089 694 4158 οὐδεμίαν
749 4087 859 4144 εἶδε
925 4092 1222 4162 διαφοράν*
1261 4096 1387 4150 ἐπεὶ
1425 4099 1521 4152 καὶ
1554 4100 1775 4171 Πνεῦμα
1799 4105 1828 4153 ὁ

248 4181 406 4246 Θεὸς,
434 4183 534 4234 κᾶν
562 4182 638 4252 μὴ
686 4183 816 4252 δοκῇ
848 4187 960 4246 τοῖς
989 4186 1189 4247 ἀθέοις.
1224 4205 1241 4236 ι
1287 4187 1476 4258 Ὑμεῖς
1506 4191 1687 4242 τοίνυν
1719 4193 1826 4257 ἀεὶ,

250 4275 438 4342 φησὶν,
487 4275 841 4327 ἀντιπίπτετε
887 4277 965 4345 τῷ
1018 4277 1156 4340 Θεῷ.
1183 4299 1200 4330 ι
1235 4280 1365 4332 Ὅτε
1410 4281 1517 4353 γάρ
1570 4282 1828 4350 ἠϐούλετο

250 4365 446 4428 θυσίας
496 4360 659 4428 εἶναι,
694 4368 794 4418 οὐκ
839 4367 1029 4420 ἐθύετε
1053 4370 1201 4438 αὐτῷ
1227 4387 1238 4398 ·
1265 4371 1352 4422 ὅτε
1379 4371 1436 4422 δὲ
1467 4373 1526 4423 οὐ
1555 4372 1825 4440 βούλεται,

249 4460 417 4512 πάλιν
448 4458 625 4512 θύετε.
655 4460 787 4512 ’Ὅτε
804 4459 860 4512 δὲ
893 4461 1118 4530 ἑστήκει
1147 4465 1175 4516 ό
1206 4464 1356 4525 ναὸς,
1389 4463 1583 4517 εἴδωλα
1632 4466 1824 4535 ἐθερα-

1927 2019 2053 2058 cttm
2091 2004 2194 2057 hoc
2228 2002 2481 2067 dixisset,
2517 2000 2848 2056 obdormivit
2873 2000 2927 2055 in
2961 1999 3214 2054 Domino.

2443 2174 3012 2236 COMMENTARIUS.

1999 2270 2548 2341 Quadringentcsinto
2580 2268 3005 2339 quadragesimo
3046 2282 3191 2322 anno
3245 2266 3315 2321 ab
3357 2269 3504 2321 exitu

1931 2361 2167 2416 tiliorum
2199 2359 2365 2415 Israel
2387 2377 2452 2414 ex
2477 2359 2734 2430 Egypto,
2759 2361 2922 2429 erepit
2949 2358 3208 2414 Salomon
3237 2356 3508 2413 adiﬁcarc

1931 2453 2192 2522 templum
2227 2453 2279 2506 in
2311 2450 2650 2515 Jerusalem,
2686 2460 2746 2504 ut
2789 2451 2842 2503 in
2886 2451 3044 2504 tertio
3075 2450 3282 2519 Regum
3318 2463 3509 2503 narra-

1932 2553 2039 2598 tur.
2070 2545 2282 2598 Idcirco
2317 2560 2446 2598 vero
2477 2553 2599 2612 post
2643 2551 2853 2596 tantum
2891 2542 2959 2597 ab
3003 2543 3150 2597 exitu
3188 2541 3408 2597 Israelis
3440 2556 3505 2595 ex

1929 2636 2161 2707 Egypto
2192 2646 2404 2705 tempus
2449 2635 2773 2690 :cdilicatum
2817 2643 2900 2689 est
2935 2636 3220 2703 templum,
3265 2642 3324 2688 ttt
3361 2643 3509 2704 post-

1930 2743 2092 2796 quam
2117 2727 2401 2796 dclatigati
2435 2736 2623 2781 essent
2667 2727 3170 2796 circumvagatione
3219 2741 3315 2794 per
3350 2741 3508 2779 tuon-

1934 2828 2038 2883 tes,
2080 2833 2189 2873 uno
2235 2821 2452 2873 tandem
2514 2819 2658 2880 loco,
2709 2835 2870 2887 quem
2928 2820 2981 2872 in
3035 2819 3168 2874 urbe
3202 2817 3503 2875 Jerusalem

1933 2908 2078 2966 Deus
2109 2911 2261 2965 omni
2315 2912 2522 2965 honore
2563 2911 2788 2980 dignum
2838 2909 3096 2978 reddidit,
3145 2913 3385 2966 contenti
3418 2927 3507 2967 es-

1933 3012 2074 3057 sent.
2107 3004 2174 3055 At
2206 3003 2280 3056 illi
2321 3002 2462 3054 tardi
2499 3002 2564 3055 ad
2593 3001 3023 3070 intelligendum,
3058 3010 3112 3055 et
3143 3001 3236 3056 Dei
3269 3002 3510 3057 rationes

1933 3091 2074 3145 haud
2113 3100 2490 3161 assequentes,
2548 3100 2801 3161 putantes
2853 3093 3126 3161 propriam
3181 3091 3275 3146 Dei
3317 3092 3506 3146 urbem

1933 3198 2056 3237 esse
2085 3181 2410 3248 Jerusalem,
2438 3184 2492 3237 in
2550 3199 2614 3238 ca
2672 3185 2786 3239 sola
2833 3199 2956 3238 eum
3007 3183 3277 3248 habitare,
3313 3185 3512 3240 stolide

1932 3271 2292 3326 allirmabant.
2324 3271 2479 3337 Quod
2513 3273 2680 3340 igitur
2708 3272 2845 3327 adeo
2870 3288 3062 3343 parum
3115 3272 3414 3328 honorifice
3443 3273 3510 3327 de

1932 3363 2040 3416 Deo
2071 3363 2361 3424 sentirent,
2392 3363 2505 3430 ipse
2534 3377 2629 3415 eos
2659 3362 3032 3431 reprehendit,
3076 3371 3130 3416 et
3165 3363 3238 3415 ait
3269 3381 3280 3416 :
3330 3363 3505 3427 Quam

1931 3457 2156 3511 domum
2182 3455 2525 3510 aediﬁcabitis
2554 3454 2710 3516 mihi,
2742 3454 2834 3522 qui
2870 3454 3129 3507 thronum
3175 3454 3352 3507 Italico
3395 3468 3510 3507 ca:-

1933 3549 2066 3615 lum,
2096 3556 2147 3602 et
2180 3559 2379 3602 terram
2432 3547 2731 3602 scabellum
2771 3546 2967 3614 pedum
3017 3544 3292 3599 meorum?
3330 3543 3507 3613 Opor-

1934 3641 2078 3694 tebat
2099 3641 2246 3695 enim
2277 3639 2359 3695 eis
2388 3641 2478 3709 qui
2525 3647 2773 3693 naturam
2813 3640 2931 3705 ejus
2979 3639 3096 3692 loco
3147 3638 3418 3692 coarctari
3455 3649 3507 3691 ct

1931 3731 2287 3786 circumliniri
2331 3730 2737 3791 existimabant,
2793 3725 3144 3783 manifestum
3200 3741 3264 3780 ac
3296 3727 3508 3796 perspi-

1931 3839 2092 3879 cuum
2119 3822 2301 3878 facere
2337 3820 2503 3877 Deum
2530 3820 2730 3890 ubique
2752 3836 2873 3874 esse
2900 3828 3062 3888 atque
3091 3818 3242 3873 nullo
3275 3819 3508 3873 termino

1932 3914 2200 3969 contineri
2226 3928 2418 3983 posse;
2455 3912 2553 3966 sed
2579 3911 2761 3965 omnia
2794 3910 3116 3980 pervadere,
3153 3919 3212 3964 ut
3244 3910 3363 3979 ipso
3394 3913 3505 3978 ple-

1932 4018 2061 4058 num
2111 4004 2185 4057 sit
2226 4002 2425 4056 cmlum
2469 4015 2534 4054 ac
2581 4001 2740 4069 plena
2794 4008 2959 4053 terra.
3002 4017 3018 4048 ι
3062 3996 3165 4051 Vos
3198 4013 3433 4066 semper.
3481 4018 3498 4048 ο

1930 4091 2047 4148 Νοιι
2079 4093 2229 4154 dicit,
2263 4093 2388 4156 Deo,
2425 4091 2517 4146 sed
2564 4110 2582 4142 ι
2636 4088 2869 4158 Spiritui
2907 4099 3098 4142 sancto
3135 4088 3434 4151 resistitis;
3481 4109 3499 4138 ι

1930 4185 2058 4252 quia
2095 4183 2301 4237 nullum
2340 4181 2490 4236 novit
2514 4182 2654 4235 inter
2683 4181 2849 4233 Deum
2879 4192 2930 4232 et
2956 4179 3221 4248 Spiritum
3256 4189 3504 4234 sanctum

1933 4277 2269 4331 discrimen:
2334 4290 2456 4327 nam
2513 4282 2565 4327 et
2620 4273 2857 4341 Spiritus
2919 4283 3147 4328 sanctus
3194 4282 3278 4326 est
3342 4272 3504 4333 Deus,

1929 4383 2242 4439 quanquam
2313 4367 2496 4437 impiis
2563 4366 2721 4420 aliter
2793 4365 3069 4420 videatur.
3108 4383 3126 4414 ι
3170 4364 3279 4419 Vos
3337 4365 3504 4434 igitur

1931 4478 2145 4531 semper
2184 4461 2385 4528 inquit,
2434 4460 2694 4515 resistitis
2723 4458 2852 4513 Deo.
2891 4478 2908 4510 ι
2952 4458 3085 4512 Nam
3126 4458 3348 4526 quando
3391 4459 3508 4528 ipsi:

253 4549 451 4604 πεύετε
474 4566 486 4580 ·
519 4551 608 4602 ὅτε
635 4549 884 4617 βούλεται
921 4553 1090 4622 χωρὶς
1122 4553 1253 4606 ναοῦ
1298 4554 1731 4624 θεραπεύεσθαι,
1762 4558 1822 4610 τὸ

1933 4551 2150 4608 volebat
2198 4551 2487 4614 sacriﬁcia,
2534 4565 2631 4604 vos
2676 4563 2785 4604 non
2834 4549 3177 4615 oﬂ‘erebatis;
3215 4565 3338 4603 cum
3380 4566 3510 4604 vero

251 4644 496 4699 ἐναντίον
559 4644 800 4695 ποιεῖτεο
831 4644 994 4712 ὅμοια
1037 4646 1150 4706 τοῖς
1207 4646 1481 4714 πατράσιν
1509 4648 1664 4716 ὑμῶν
1708 4649 1825 4700 δια-

251 4733 642 4805 πραττόμενοι.
707 4750 724 4782 t
754 4732 890 4784 Τίνα
932 4732 1041 4785 τῶν
1108 4735 1438 4804 προφητῶνς
1465 4757 1483 4788 ι
1521 4737 1706 4790 Ταῦτα
1735 4739 1826 4792 λέ⁶

251 4842 420 4894 γοντα
433 4824 528 4875 τὸν
559 4822 834 4893 μακάριον
865 4822 1160 4890 Στέφανον,
1188 4825 1476 4894 ἀληθεύειν
1495 4829 1655 4881 αὐτὸν
1685 4830 1828 4882 οῖδαο

254 4934 378 4987 μεν,
406 4914 686 4984 Πνεύματι
714 4913 856 4983 ἁγίῳ
886 4914 1281 4984 φθεγγόμενον.
1318 4917 1619 4982 Ἀποδεῖξαι
1638 4919 1693 4972 δὲ
1723 4923 1829 4973 ἀπὸ

250 5009 350 5076 τῆς
399 5007 642 5069 Παλαιᾶς
695 5003 1047 5076 [Διαθήκης],
1107 5007 1225 5069 πῶς
1275 5009 1691 5078 μέμφεταιτοῖς
1720 5031 1825 5066 πα-

251 5099 414 5170 τράσι
448 5097 557 5149 τῶν
590 5099 668 5159 εἰς
697 5097 786 5148 τὸν
829 5096 1036 5164 Ἰησοῦν
1068 5099 1463 5165 ἀπιστούντων,
1498 5100 1573 5164 ὡς
1602 5102 1826 5168 διῶξασι

251 5193 381 5252 τοὺς
410 5189 695 5258 προφήτας
717 5190 808 5240 καὶ
824 5189 1232 5253 ἀποκτείνασιν,
1257 5191 1316 5243 ού
1336 5190 1559 5243 δυνατὸν
1586 5193 1693 5245 ἀπὸ
1711 5193 1821 5245 τῶν

253 5281 574 5350 φερομένων
603 5279 825 5350 βιϐλίων
863 5280 961 5349 τῆς
985 5282 1194 5351 Καινῆς
1210 5284 1505 5354 Διαθήκης.
1536 5285 1822 5352 Εἱτοίνυν,

253 5376 393 5442 φησὶ
428 5373 556 5434 τοὺς
609 5373 1191 5441 προκαταγγείλαντας
1241 5377 1502 5445 περὶτῆς
1555 5377 1825 5441 ἐλεύσεως

255 5462 423 5515 αὑτοῦ
457 5462 726 5525 ἀνείλατε,
762 5463 940 5532 πολλῷ
964 5465 1162 5531 μᾶλλον
1191 5468 1373 5521 αὐτόν.
1404 5469 1624 5523 Δίκαιον
1649 5471 1706 5522 δὲ
1739 5470 1830 5522 τὸν

271 5551 486 5621 Ἰησοῦν
537 5552 743 5614 ἐκάλει,
793 5554 1202 5608 ἐπισπάσασθαι
1228 5557 1423 5620 αὐτοὺς
1455 5556 1776 5626 βουλόμενος
1811 5577 1825 5590 ·

1934 4658 2042 4697 non
2079 4642 2214 4705 vult,
2253 4656 2348 4696 vos
2381 4640 2567 4695 eadem
2612 4638 2837 4695 oﬂ‘ertis.
2891 4637 3120 4705 Quando
3171 4639 3508 4695 subsistebat

1932 4732 2218 4802 templum,
2247 4746 2346 4786 vos
2386 4730 2530 4785 idola
2569 4729 2831 4785 colebatis
2862 4746 2876 4795 ;
2908 4746 3032 4784 cum
3073 4745 3200 4784 vero
3232 4731 3346 4784 vult
3375 4732 3506 4786 abs-

1933 4842 2042 4895 que
2102 4826 2305 4896 templo
2340 4825 2470 4886 coli,
2505 4839 2602 4877 vos
2650 4823 2990 4877 contrarium
3023 4821 3206 4876 facitis
3241 4840 3253 4875 :
3304 4824 3504 4875 similia

1935 4918 2144 4972 scilicet
2171 4917 2423 4987 patrihus
2445 4916 2642 4971 vestris
2669 4928 2913 4984 agentes.
2951 4935 2969 4967 ι
3008 4916 3180 4978 Quem
3215 4919 3504 4987 propheta¢

1936 5024 2078 5063 rum.
2095 5007 2249 5062 illmc
2267 5009 2555 5063 verissime
2571 5007 2778 5063 dixisse
2793 5008 3008 5063 beatum
3034 5008 3366 5078 Stephanum
3397 5026 3503 5063 non

1935 5101 2268 5164 dubitamus,
2329 5100 2530 5169 quippe.
2569 5101 2662 5169 qui
2706 5100 2911 5168 Spiritu
2954 5108 3147 5154 sancto
3181 5099 3397 5154 amante
3427 5102 3506 5155 lo-

1933 5192 2223 5262 quebatur.
2242 5190 2305 5245 Et
2325 5190 2543 5259 quidem
2562 5197 2771 5260 poterat
2793 5189 2883 5243 ille
2898 5189 3505 5246 exYeteriTestamento

1933 5284 2330 5348 demonstrare,
2356 5296 2464 5352 quo
2483 5282 2608 5351 jure
2631 5281 2879 5350 patribus
2907 5280 3120 5335 illorum
3153 5282 3246 5351 qui
3275 5283 3328 5334 in
3346 5282 3506 5337 Chri-

1936 5384 2080 5430 stum
2123 5375 2279 5445 231
2325 5389 2434 5428 non
2487 5373 2857 5436 crediderant,
2915 5373 3291 5440 exprobraret,
3347 5376 3493 5443 quod

1939 5468 2238 5538 prophetas
2298 5467 2569 5536 persecuti
2632 5480 2846 5535 semper
2875 5465 3082 5519 fuerint
3120 5475 3173 5520 et
3213 5465 3502 5520 interiece-

1943 5561 2087 5615 tint:
2132 5561 2236 5614 hoc
2277 5569 2456 5612 autem
2481 5573 2546 5613 ex
2581 5558 2737 5613 libris
2764 5557 2898 5613 Novi
2926 5557 3263 5613 'I‘estamenti
3289 5558 3501 5612 ostendi

1463 5730 1659 5792 Varia:
1700 5732 2004 5794 lectiones
2047 5736 2108 5792 et
2157 5737 2342 5792 notat.

329 5825 379 5862 ⁵⁵
408 5841 468 5878 τε
528 5827 632 5892 εῐη.
710 5828 754 5859 ⁸³
790 5828 974 5894 χωρεῖ.
1053 5827 1097 5858 ⁸⁸
1130 5827 1322 5891 οὕτως.
