  <div class='ocr_page' id='page_1' title='image "/cluster/home/n/w/nwhite01/storage/ocr_20150623/125/nnc1.0046979794/465.png"; bbox 0 0 4164 6444; ppageno 0'>
   <div class='ocr_carea' id='block_1_1' title="bbox 689 312 794 378">
    <p class='ocr_par' dir='ltr' id='par_1_1' title="bbox 689 312 794 378">
     <span class='ocr_line' id='line_1_1' title="bbox 689 312 794 378; baseline -0.048 0"><span class='ocrx_word' id='word_1_1' title='bbox 689 312 794 378; x_wconf 65' lang='grc' dir='ltr'><strong>9Ξῖ</strong></span> 
     </span>
    </p>
   </div>
   <div class='ocr_carea' id='block_1_2' title="bbox 1539 303 2965 367">
    <p class='ocr_par' dir='ltr' id='par_1_2' title="bbox 1539 303 2965 367">
     <span class='ocr_line' id='line_1_2' title="bbox 1539 303 2965 367; baseline 0.001 -1"><span class='ocrx_word' id='word_1_2' title='bbox 1539 303 2115 366; x_wconf 78' lang='lat' dir='ltr'><strong>THEOPHYLACTI</strong></span> <span class='ocrx_word' id='word_1_3' title='bbox 2157 303 2566 366; x_wconf 67' lang='lat' dir='ltr'><strong>BULGARI/E</strong></span> <span class='ocrx_word' id='word_1_4' title='bbox 2606 304 2965 367; x_wconf 81' lang='lat' dir='ltr'><strong>ARCHIEP.</strong></span> 
     </span>
    </p>
   </div>
   <div class='ocr_carea' id='block_1_3' title="bbox 3839 294 3955 362">
    <p class='ocr_par' dir='ltr' id='par_1_3' title="bbox 3839 294 3955 362">
     <span class='ocr_line' id='line_1_3' title="bbox 3839 294 3955 362; baseline -0.017 -1"><span class='ocrx_word' id='word_1_5' title='bbox 3839 294 3955 362; x_wconf 64' lang='lat'><strong>924</strong></span> 
     </span>
    </p>
   </div>
   <div class='ocr_carea' id='block_1_4' title="bbox 693 410 2283 488">
    <p class='ocr_par' dir='ltr' id='par_1_4' title="bbox 693 415 2257 488">
     <span class='ocr_line' id='line_1_4' title="bbox 693 415 2257 488; baseline -0.008 -12"><span class='ocrx_word' id='word_1_6' title='bbox 693 429 834 479; x_wconf 87' lang='lat' dir='ltr'><strong>ritus</strong></span> <span class='ocrx_word' id='word_1_7' title='bbox 896 423 1069 477; x_wconf 82' lang='lat' dir='ltr'><strong>saneti</strong></span> <span class='ocrx_word' id='word_1_8' title='bbox 1129 421 1360 488; x_wconf 77' lang='lat' dir='ltr'><strong>gratiam</strong></span> <span class='ocrx_word' id='word_1_9' title='bbox 1426 417 1627 469; x_wconf 69' lang='lat' dir='ltr'><strong>eisdem</strong></span> <span class='ocrx_word' id='word_1_10' title='bbox 1677 418 1890 468; x_wconf 87' lang='lat' dir='ltr'><strong>darent.</strong></span> <span class='ocrx_word' id='word_1_11' title='bbox 1945 415 2257 482; x_wconf 86' lang='lat' dir='ltr'><strong>Baptizabat</strong></span> 
     </span>
    </p>
   </div>
   <div class='ocr_carea' id='block_1_5' title="bbox 2387 410 3967 488">
    <p class='ocr_par' dir='ltr' id='par_1_5' title="bbox 2387 410 3967 488">
     <span class='ocr_line' id='line_1_5' title="bbox 2387 410 3967 488; baseline -0.002 -21"><span class='ocrx_word' id='word_1_12' title='bbox 2387 417 2640 485; x_wconf 81' lang='grc' dir='ltr'>ταρὲσχον</span> <span class='ocrx_word' id='word_1_13' title='bbox 2685 418 2862 488; x_wconf 79' lang='grc' dir='ltr'>χάριν.</span> <span class='ocrx_word' id='word_1_14' title='bbox 2924 410 3094 480; x_wconf 76' lang='grc' dir='ltr'>Οὗτος</span> <span class='ocrx_word' id='word_1_15' title='bbox 3152 412 3246 468; x_wconf 75' lang='grc' dir='ltr'>οὖν</span> <span class='ocrx_word' id='word_1_16' title='bbox 3327 415 3577 482; x_wconf 74' lang='grc' dir='ltr'>βαπτίζει</span> <span class='ocrx_word' id='word_1_17' title='bbox 3647 413 3806 481; x_wconf 87' lang='grc' dir='ltr'>μόνον</span> <span class='ocrx_word' id='word_1_18' title='bbox 3888 414 3967 475; x_wconf 81' lang='grc' dir='ltr'>ὼς</span> 
     </span>
    </p>
   </div>
   <div class='ocr_carea' id='block_1_6' title="bbox 694 500 2255 586">
    <p class='ocr_par' dir='ltr' id='par_1_6' title="bbox 694 500 2255 586">
     <span class='ocr_line' id='line_1_6' title="bbox 694 500 2255 586; baseline -0.006 -17"><span class='ocrx_word' id='word_1_19' title='bbox 694 518 863 586; x_wconf 80' lang='lat' dir='ltr'><strong>igitur</strong></span> <span class='ocrx_word' id='word_1_20' title='bbox 940 516 1041 568; x_wconf 90' lang='lat' dir='ltr'><strong>iste</strong></span> <span class='ocrx_word' id='word_1_21' title='bbox 1103 509 1514 571; x_wconf 88' lang='lat' dir='ltr'><strong>tantummodo,</strong></span> <span class='ocrx_word' id='word_1_22' title='bbox 1576 500 1832 576; x_wconf 78' lang='lat' dir='ltr'><strong>tanquam</strong></span> <span class='ocrx_word' id='word_1_23' title='bbox 1912 507 2255 574; x_wconf 86' lang='lat' dir='ltr'><strong>discipulus;</strong></span> 
     </span>
    </p>
   </div>
   <div class='ocr_carea' id='block_1_7' title="bbox 699 600 2260 675">
    <p class='ocr_par' dir='ltr' id='par_1_7' title="bbox 699 600 2260 675">
     <span class='ocr_line' id='line_1_7' title="bbox 699 600 2260 675; baseline -0.004 -15"><span class='ocrx_word' id='word_1_24' title='bbox 699 605 1055 675; x_wconf 85' lang='lat' dir='ltr'><strong>perficiebant</strong></span> <span class='ocrx_word' id='word_1_25' title='bbox 1089 614 1267 659; x_wconf 87' lang='lat' dir='ltr'><strong>autem</strong></span> <span class='ocrx_word' id='word_1_26' title='bbox 1328 603 1554 667; x_wconf 74' lang='lat' dir='ltr'><strong>gratiam</strong></span> <span class='ocrx_word' id='word_1_27' title='bbox 1603 601 1860 669; x_wconf 88' lang='lat' dir='ltr'><strong>apostoli,</strong></span> <span class='ocrx_word' id='word_1_28' title='bbox 1911 600 2114 668; x_wconf 86' lang='lat' dir='ltr'><strong>quibus</strong></span> <span class='ocrx_word' id='word_1_29' title='bbox 2145 600 2260 653; x_wconf 73' lang='lat' dir='ltr'><strong>lucc</strong></span> 
     </span>
    </p>
   </div>
   <div class='ocr_carea' id='block_1_8' title="bbox 696 691 2255 760">
    <p class='ocr_par' dir='ltr' id='par_1_8' title="bbox 696 691 2255 760">
     <span class='ocr_line' id='line_1_8' title="bbox 696 691 2255 760; baseline -0.006 -8"><span class='ocrx_word' id='word_1_30' title='bbox 696 699 928 753; x_wconf 86' lang='lat' dir='ltr'><strong>facultas</strong></span> <span class='ocrx_word' id='word_1_31' title='bbox 952 697 1148 751; x_wconf 90' lang='lat' dir='ltr'><strong>collata</strong></span> <span class='ocrx_word' id='word_1_32' title='bbox 1186 694 1382 750; x_wconf 86' lang='lat' dir='ltr'><strong>fuerat.</strong></span> <span class='ocrx_word' id='word_1_33' title='bbox 1422 713 1439 745; x_wconf 86' lang='grc'><em>‹</em></span> <span class='ocrx_word' id='word_1_34' title='bbox 1481 694 1605 746; x_wconf 86' lang='lat' dir='ltr'><strong>Erat</strong></span> <span class='ocrx_word' id='word_1_35' title='bbox 1632 700 1808 746; x_wconf 91' lang='lat' dir='ltr'><strong>autem</strong></span> <span class='ocrx_word' id='word_1_36' title='bbox 1833 691 1919 745; x_wconf 87' lang='lat' dir='ltr'><strong>vir</strong></span> <span class='ocrx_word' id='word_1_37' title='bbox 1953 691 2192 760; x_wconf 83' lang='lat' dir='ltr'><strong>quidam.</strong></span> <span class='ocrx_word' id='word_1_38' title='bbox 2237 711 2255 742; x_wconf 75' lang='grc' dir='ltr'><strong>ι</strong></span> 
     </span>
    </p>
   </div>
   <div class='ocr_carea' id='block_1_9' title="bbox 698 782 2262 857">
    <p class='ocr_par' dir='ltr' id='par_1_9' title="bbox 698 782 2262 857">
     <span class='ocr_line' id='line_1_9' title="bbox 698 782 2262 857; baseline -0.004 -15"><span class='ocrx_word' id='word_1_39' title='bbox 698 791 933 854; x_wconf 78' lang='lat' dir='ltr'><strong>Adnota,</strong></span> <span class='ocrx_word' id='word_1_40' title='bbox 954 785 1498 857; x_wconf 84' lang='lat' dir='ltr'><strong>apprOpinquandum</strong></span> <span class='ocrx_word' id='word_1_41' title='bbox 1534 799 1639 836; x_wconf 92' lang='lat' dir='ltr'><strong>non</strong></span> <span class='ocrx_word' id='word_1_42' title='bbox 1673 798 1796 836; x_wconf 79' lang='lat' dir='ltr'><strong>esse</strong></span> <span class='ocrx_word' id='word_1_43' title='bbox 1817 785 2007 852; x_wconf 78' lang='lat' dir='ltr'><strong>magis.</strong></span> <span class='ocrx_word' id='word_1_44' title='bbox 2041 782 2195 848; x_wconf 86' lang='lat' dir='ltr'><strong>Quod</strong></span> <span class='ocrx_word' id='word_1_45' title='bbox 2217 783 2262 837; x_wconf 79' lang='lat' dir='ltr'><strong>si</strong></span> 
     </span>
    </p>
   </div>
   <div class='ocr_carea' id='block_1_10' title="bbox 695 873 2264 948">
    <p class='ocr_par' dir='ltr' id='par_1_10' title="bbox 695 873 2264 948">
     <span class='ocr_line' id='line_1_10' title="bbox 695 873 2264 948; baseline -0.003 -16"><span class='ocrx_word' id='word_1_46' title='bbox 695 881 819 948; x_wconf 85' lang='lat' dir='ltr'><strong>quis</strong></span> <span class='ocrx_word' id='word_1_47' title='bbox 855 883 1116 948; x_wconf 90' lang='lat' dir='ltr'><strong>deceptus</strong></span> <span class='ocrx_word' id='word_1_48' title='bbox 1146 881 1211 933; x_wconf 89' lang='lat' dir='ltr'><strong>ad</strong></span> <span class='ocrx_word' id='word_1_49' title='bbox 1248 879 1397 947; x_wconf 90' lang='lat' dir='ltr'><strong>ipsos</strong></span> <span class='ocrx_word' id='word_1_50' title='bbox 1431 877 1747 937; x_wconf 87' lang='lat' dir='ltr'><strong>accesserit,</strong></span> <span class='ocrx_word' id='word_1_51' title='bbox 1770 873 2061 928; x_wconf 82' lang='lat' dir='ltr'><strong>confestim</strong></span> <span class='ocrx_word' id='word_1_52' title='bbox 2084 876 2264 928; x_wconf 88' lang='lat' dir='ltr'><strong>disce-</strong></span> 
     </span>
    </p>
   </div>
   <div class='ocr_carea' id='block_1_11' title="bbox 696 965 2265 1040">
    <p class='ocr_par' dir='ltr' id='par_1_11' title="bbox 696 965 2265 1040">
     <span class='ocr_line' id='line_1_11' title="bbox 696 965 2265 1040; baseline -0.004 -15"><span class='ocrx_word' id='word_1_53' title='bbox 696 971 807 1025; x_wconf 85' lang='lat' dir='ltr'><strong>dat.</strong></span> <span class='ocrx_word' id='word_1_54' title='bbox 843 973 1088 1040; x_wconf 86' lang='lat' dir='ltr'><strong>lpsorum</strong></span> <span class='ocrx_word' id='word_1_55' title='bbox 1122 971 1265 1025; x_wconf 89' lang='lat' dir='ltr'><strong>enim</strong></span> <span class='ocrx_word' id='word_1_56' title='bbox 1301 967 1645 1020; x_wconf 80' lang='lat' dir='ltr'><strong>familiaritas</strong></span> <span class='ocrx_word' id='word_1_57' title='bbox 1692 965 2075 1020; x_wconf 77' lang='lat' dir='ltr'><strong>alienationem</strong></span> <span class='ocrx_word' id='word_1_58' title='bbox 2111 981 2265 1020; x_wconf 92' lang='lat' dir='ltr'><strong>men-</strong></span> 
     </span>
    </p>
   </div>
   <div class='ocr_carea' id='block_1_12' title="bbox 696 1058 2266 1131">
    <p class='ocr_par' dir='ltr' id='par_1_12' title="bbox 696 1058 2266 1131">
     <span class='ocr_line' id='line_1_12' title="bbox 696 1058 2266 1131; baseline -0.001 -18"><span class='ocrx_word' id='word_1_59' title='bbox 696 1061 768 1113; x_wconf 87' lang='lat' dir='ltr'><strong>tis</strong></span> <span class='ocrx_word' id='word_1_60' title='bbox 800 1061 1022 1131; x_wconf 80' lang='lat' dir='ltr'><strong>ingerit,</strong></span> <span class='ocrx_word' id='word_1_61' title='bbox 1057 1076 1163 1131; x_wconf 89' lang='lat' dir='ltr'><strong>qua</strong></span> <span class='ocrx_word' id='word_1_62' title='bbox 1220 1059 1423 1113; x_wconf 85' lang='lat' dir='ltr'><strong>veritas</strong></span> <span class='ocrx_word' id='word_1_63' title='bbox 1459 1059 1698 1112; x_wconf 80' lang='lat' dir='ltr'><strong>discerni</strong></span> <span class='ocrx_word' id='word_1_64' title='bbox 1751 1074 1857 1111; x_wconf 90' lang='lat' dir='ltr'><strong>non</strong></span> <span class='ocrx_word' id='word_1_65' title='bbox 1898 1067 2096 1127; x_wconf 88' lang='lat' dir='ltr'><strong>potest.</strong></span> <span class='ocrx_word' id='word_1_66' title='bbox 2160 1058 2266 1112; x_wconf 84' lang='lat' dir='ltr'><strong>Istc</strong></span> 
     </span>
    </p>
   </div>
   <div class='ocr_carea' id='block_1_13' title="bbox 697 1149 2265 1219">
    <p class='ocr_par' dir='ltr' id='par_1_13' title="bbox 697 1149 2265 1219">
     <span class='ocr_line' id='line_1_13' title="bbox 697 1149 2265 1219; baseline -0.001 -17"><span class='ocrx_word' id='word_1_67' title='bbox 697 1152 866 1219; x_wconf 79' lang='lat' dir='ltr'><strong>igitur</strong></span> <span class='ocrx_word' id='word_1_68' title='bbox 910 1152 1096 1205; x_wconf 91' lang='lat' dir='ltr'><strong>Simon</strong></span> <span class='ocrx_word' id='word_1_69' title='bbox 1145 1149 1540 1206; x_wconf 87' lang='lat' dir='ltr'><strong>subblandiens</strong></span> <span class='ocrx_word' id='word_1_70' title='bbox 1602 1149 1890 1218; x_wconf 72' lang='lat' dir='ltr'><strong>apostolis,</strong></span> <span class='ocrx_word' id='word_1_71' title='bbox 1953 1163 2265 1218; x_wconf 88' lang='lat' dir='ltr'><strong>quanquam</strong></span> 
     </span>
    </p>
   </div>
   <div class='ocr_carea' id='block_1_14' title="bbox 702 1240 2268 1312">
    <p class='ocr_par' dir='ltr' id='par_1_14' title="bbox 702 1240 2268 1312">
     <span class='ocr_line' id='line_1_14' title="bbox 702 1240 2268 1312; baseline -0.002 -17"><span class='ocrx_word' id='word_1_72' title='bbox 702 1259 892 1312; x_wconf 77' lang='lat' dir='ltr'><strong>magus</strong></span> <span class='ocrx_word' id='word_1_73' title='bbox 922 1251 1087 1309; x_wconf 86' lang='lat' dir='ltr'><strong>esset,</strong></span> <span class='ocrx_word' id='word_1_74' title='bbox 1117 1243 1427 1312; x_wconf 83' lang='lat' dir='ltr'><strong>baptizatus</strong></span> <span class='ocrx_word' id='word_1_75' title='bbox 1458 1249 1541 1294; x_wconf 92' lang='lat' dir='ltr'><strong>est</strong></span> <span class='ocrx_word' id='word_1_76' title='bbox 1573 1242 1717 1293; x_wconf 79' lang='lat' dir='ltr'><strong>sicut</strong></span> <span class='ocrx_word' id='word_1_77' title='bbox 1749 1250 1804 1293; x_wconf 92' lang='lat' dir='ltr'><strong>et</strong></span> <span class='ocrx_word' id='word_1_78' title='bbox 1834 1241 1924 1293; x_wconf 88' lang='lat' dir='ltr'><strong>alii</strong></span> <span class='ocrx_word' id='word_1_79' title='bbox 1959 1255 1985 1291; x_wconf 92' lang='lat' dir='ltr'><strong>a</strong></span> <span class='ocrx_word' id='word_1_80' title='bbox 2020 1240 2268 1309; x_wconf 89' lang='lat' dir='ltr'><strong>Philippo</strong></span> 
     </span>
    </p>
   </div>
   <div class='ocr_carea' id='block_1_15' title="bbox 701 1332 2268 1403">
    <p class='ocr_par' dir='ltr' id='par_1_15' title="bbox 701 1332 2268 1403">
     <span class='ocr_line' id='line_1_15' title="bbox 701 1332 2268 1403; baseline 0.001 -19"><span class='ocrx_word' id='word_1_81' title='bbox 701 1351 812 1387; x_wconf 76' lang='lat' dir='ltr'><strong>uno</strong></span> <span class='ocrx_word' id='word_1_82' title='bbox 843 1351 903 1388; x_wconf 78' lang='lat' dir='ltr'><strong>ex</strong></span> <span class='ocrx_word' id='word_1_83' title='bbox 938 1343 1170 1403; x_wconf 89' lang='lat' dir='ltr'><strong>septem,</strong></span> <span class='ocrx_word' id='word_1_84' title='bbox 1195 1334 1286 1402; x_wconf 89' lang='lat' dir='ltr'><strong>qui</strong></span> <span class='ocrx_word' id='word_1_85' title='bbox 1320 1347 1442 1385; x_wconf 91' lang='lat' dir='ltr'><strong>cum</strong></span> <span class='ocrx_word' id='word_1_86' title='bbox 1472 1339 1617 1386; x_wconf 87' lang='lat' dir='ltr'><strong>esset</strong></span> <span class='ocrx_word' id='word_1_87' title='bbox 1647 1332 1935 1394; x_wconf 76' lang='lat' dir='ltr'><strong>diaconus,</strong></span> <span class='ocrx_word' id='word_1_88' title='bbox 1969 1345 2072 1383; x_wconf 90' lang='lat' dir='ltr'><strong>non</strong></span> <span class='ocrx_word' id='word_1_89' title='bbox 2106 1332 2268 1385; x_wconf 88' lang='lat' dir='ltr'><strong>babe-</strong></span> 
     </span>
    </p>
   </div>
   <div class='ocr_carea' id='block_1_16' title="bbox 705 1421 2268 1492">
    <p class='ocr_par' dir='ltr' id='par_1_16' title="bbox 705 1421 2268 1492">
     <span class='ocr_line' id='line_1_16' title="bbox 705 1421 2268 1492; baseline -0.001 -16"><span class='ocrx_word' id='word_1_90' title='bbox 705 1424 795 1476; x_wconf 91' lang='lat' dir='ltr'><strong>bat</strong></span> <span class='ocrx_word' id='word_1_91' title='bbox 823 1433 1146 1492; x_wconf 86' lang='lat' dir='ltr'><strong>potestatem</strong></span> <span class='ocrx_word' id='word_1_92' title='bbox 1195 1421 1356 1475; x_wconf 86' lang='lat' dir='ltr'><strong>dandi</strong></span> <span class='ocrx_word' id='word_1_93' title='bbox 1398 1436 1494 1490; x_wconf 90' lang='lat' dir='ltr'><strong>per</strong></span> <span class='ocrx_word' id='word_1_94' title='bbox 1546 1435 1808 1473; x_wconf 77' lang='lat' dir='ltr'><strong>manuum</strong></span> <span class='ocrx_word' id='word_1_95' title='bbox 1865 1421 2268 1490; x_wconf 75' lang='lat' dir='ltr'><strong>itnpositionem</strong></span> 
     </span>
    </p>
   </div>
   <div class='ocr_carea' id='block_1_17' title="bbox 701 1513 2271 1585">
    <p class='ocr_par' dir='ltr' id='par_1_17' title="bbox 701 1513 2271 1585">
     <span class='ocr_line' id='line_1_17' title="bbox 701 1513 2271 1585; baseline -0.003 -16"><span class='ocrx_word' id='word_1_96' title='bbox 701 1517 968 1585; x_wconf 82' lang='lat' dir='ltr'><strong>Spiritum</strong></span> <span class='ocrx_word' id='word_1_97' title='bbox 1010 1527 1284 1569; x_wconf 88' lang='lat' dir='ltr'><strong>sanctum.</strong></span> <span class='ocrx_word' id='word_1_98' title='bbox 1339 1513 1494 1580; x_wconf 84' lang='lat' dir='ltr'><strong>Quod</strong></span> <span class='ocrx_word' id='word_1_99' title='bbox 1554 1524 1733 1568; x_wconf 88' lang='lat' dir='ltr'><strong>autem</strong></span> <span class='ocrx_word' id='word_1_100' title='bbox 1794 1515 1895 1568; x_wconf 87' lang='lat' dir='ltr'><strong>hoc</strong></span> <span class='ocrx_word' id='word_1_101' title='bbox 1931 1530 2117 1568; x_wconf 82' lang='lat' dir='ltr'><strong>verum</strong></span> <span class='ocrx_word' id='word_1_102' title='bbox 2176 1513 2271 1580; x_wconf 90' lang='lat' dir='ltr'><strong>sit,</strong></span> 
     </span>
    </p>
   </div>
   <div class='ocr_carea' id='block_1_18' title="bbox 699 1603 2271 1677">
    <p class='ocr_par' dir='ltr' id='par_1_18' title="bbox 699 1603 2271 1677">
     <span class='ocr_line' id='line_1_18' title="bbox 699 1603 2271 1677; baseline -0.003 -16"><span class='ocrx_word' id='word_1_103' title='bbox 699 1607 925 1677; x_wconf 85' lang='lat' dir='ltr'><strong>etquod</strong></span> <span class='ocrx_word' id='word_1_104' title='bbox 981 1621 1078 1659; x_wconf 82' lang='lat' dir='ltr'><strong>nec</strong></span> <span class='ocrx_word' id='word_1_105' title='bbox 1129 1605 1516 1658; x_wconf 85' lang='lat' dir='ltr'><strong>miraculorum</strong></span> <span class='ocrx_word' id='word_1_106' title='bbox 1555 1604 1758 1656; x_wconf 89' lang='lat' dir='ltr'><strong>donum</strong></span> <span class='ocrx_word' id='word_1_107' title='bbox 1805 1603 1991 1656; x_wconf 87' lang='lat' dir='ltr'><strong>Simon</strong></span> <span class='ocrx_word' id='word_1_108' title='bbox 2041 1619 2271 1672; x_wconf 88' lang='lat' dir='ltr'><strong>accepe-</strong></span> 
     </span>
    </p>
   </div>
   <div class='ocr_carea' id='block_1_19' title="bbox 704 1695 2273 1766">
    <p class='ocr_par' dir='ltr' id='par_1_19' title="bbox 704 1695 2273 1766">
     <span class='ocr_line' id='line_1_19' title="bbox 704 1695 2273 1766; baseline -0.002 -14"><span class='ocrx_word' id='word_1_109' title='bbox 704 1699 797 1762; x_wconf 87' lang='lat' dir='ltr'><strong>rit,</strong></span> <span class='ocrx_word' id='word_1_110' title='bbox 821 1697 1019 1752; x_wconf 80' lang='lat' dir='ltr'><strong>exiude</strong></span> <span class='ocrx_word' id='word_1_111' title='bbox 1047 1697 1301 1766; x_wconf 78' lang='lat' dir='ltr'><strong>colligere</strong></span> <span class='ocrx_word' id='word_1_112' title='bbox 1327 1696 1483 1750; x_wconf 79' lang='lat' dir='ltr'><strong>facile</strong></span> <span class='ocrx_word' id='word_1_113' title='bbox 1512 1703 1614 1758; x_wconf 92' lang='lat' dir='ltr'><strong>est,</strong></span> <span class='ocrx_word' id='word_1_114' title='bbox 1648 1695 1792 1762; x_wconf 93' lang='lat' dir='ltr'><strong>quod</strong></span> <span class='ocrx_word' id='word_1_115' title='bbox 1826 1709 1982 1747; x_wconf 79' lang='lat' dir='ltr'><strong>sacer</strong></span> <span class='ocrx_word' id='word_1_116' title='bbox 2037 1696 2273 1764; x_wconf 83' lang='lat' dir='ltr'><strong>scriptor</strong></span> 
     </span>
    </p>
   </div>
   <div class='ocr_carea' id='block_1_20' title="bbox 700 1786 2276 1857">
    <p class='ocr_par' dir='ltr' id='par_1_20' title="bbox 700 1786 2276 1857">
     <span class='ocr_line' id='line_1_20' title="bbox 700 1786 2276 1857; baseline 0.001 -15"><span class='ocrx_word' id='word_1_117' title='bbox 700 1792 846 1844; x_wconf 86' lang='lat' dir='ltr'><strong>dicat</strong></span> <span class='ocrx_word' id='word_1_118' title='bbox 897 1809 908 1843; x_wconf 90' lang='lat'><strong>:</strong></span> <span class='ocrx_word' id='word_1_119' title='bbox 949 1788 1155 1841; x_wconf 77' lang='lat' dir='ltr'><strong>Vitlens</strong></span> <span class='ocrx_word' id='word_1_120' title='bbox 1204 1789 1365 1840; x_wconf 84' lang='lat' dir='ltr'><strong>etiam</strong></span> <span class='ocrx_word' id='word_1_121' title='bbox 1414 1789 1567 1856; x_wconf 79' lang='lat' dir='ltr'><strong>signa</strong></span> <span class='ocrx_word' id='word_1_122' title='bbox 1608 1802 1728 1857; x_wconf 65' lang='lat' dir='ltr'><strong>quae</strong></span> <span class='ocrx_word' id='word_1_123' title='bbox 1782 1786 2003 1851; x_wconf 86' lang='lat' dir='ltr'><strong>fiebant,</strong></span> <span class='ocrx_word' id='word_1_124' title='bbox 2049 1798 2276 1856; x_wconf 90' lang='lat' dir='ltr'><strong>stupens</strong></span> 
     </span>
    </p>
   </div>
   <div class='ocr_carea' id='block_1_21' title="bbox 703 1879 2275 1943">
    <p class='ocr_par' dir='ltr' id='par_1_21' title="bbox 703 1879 2275 1943">
     <span class='ocr_line' id='line_1_21' title="bbox 703 1879 2275 1943; baseline -0.001 -10"><span class='ocrx_word' id='word_1_125' title='bbox 703 1882 1096 1934; x_wconf 84' lang='lat' dir='ltr'><strong>atlmi:abatur.</strong></span> <span class='ocrx_word' id='word_1_126' title='bbox 1146 1879 1294 1934; x_wconf 84' lang='lat' dir='ltr'><strong>Unde</strong></span> <span class='ocrx_word' id='word_1_127' title='bbox 1365 1879 1630 1943; x_wconf 67' lang='lat' dir='ltr'><strong>accessit,</strong></span> <span class='ocrx_word' id='word_1_128' title='bbox 1686 1889 1744 1931; x_wconf 91' lang='lat' dir='ltr'><strong>ut</strong></span> <span class='ocrx_word' id='word_1_129' title='bbox 1821 1879 1987 1932; x_wconf 84' lang='lat' dir='ltr'><strong>hocce</strong></span> <span class='ocrx_word' id='word_1_130' title='bbox 2072 1879 2275 1933; x_wconf 89' lang='lat' dir='ltr'><strong>donum</strong></span> 
     </span>
    </p>
   </div>
   <div class='ocr_carea' id='block_1_22' title="bbox 706 1967 2273 2041">
    <p class='ocr_par' dir='ltr' id='par_1_22' title="bbox 706 1967 2273 2041">
     <span class='ocr_line' id='line_1_22' title="bbox 706 1967 2273 2041; baseline -0.002 -15"><span class='ocrx_word' id='word_1_131' title='bbox 706 1973 1035 2041; x_wconf 82' lang='lat' dir='ltr'><strong>postularet.</strong></span> <span class='ocrx_word' id='word_1_132' title='bbox 1078 1990 1095 2020; x_wconf 75' lang='grc' dir='ltr'><strong>ι</strong></span> <span class='ocrx_word' id='word_1_133' title='bbox 1129 1970 1262 2024; x_wconf 90' lang='lat' dir='ltr'><strong>Cum</strong></span> <span class='ocrx_word' id='word_1_134' title='bbox 1304 1979 1486 2023; x_wconf 89' lang='lat' dir='ltr'><strong>autem</strong></span> <span class='ocrx_word' id='word_1_135' title='bbox 1519 1970 1822 2023; x_wconf 84' lang='lat' dir='ltr'><strong>audissent.</strong></span> <span class='ocrx_word' id='word_1_136' title='bbox 1867 1988 1884 2019; x_wconf 74' lang='grc' dir='ltr'><strong>ι</strong></span> <span class='ocrx_word' id='word_1_137' title='bbox 1920 1967 2273 2024; x_wconf 82' lang='lat' dir='ltr'><strong>Manifestum</strong></span> 
     </span>
    </p>
   </div>
   <div class='ocr_carea' id='block_1_23' title="bbox 705 2060 2276 2130">
    <p class='ocr_par' dir='ltr' id='par_1_23' title="bbox 705 2060 2276 2130">
     <span class='ocr_line' id='line_1_23' title="bbox 705 2060 2276 2130; baseline -0.002 -13"><span class='ocrx_word' id='word_1_138' title='bbox 705 2073 812 2127; x_wconf 87' lang='lat' dir='ltr'><strong>est,</strong></span> <span class='ocrx_word' id='word_1_139' title='bbox 844 2078 937 2116; x_wconf 88' lang='lat' dir='ltr'><strong>eos</strong></span> <span class='ocrx_word' id='word_1_140' title='bbox 973 2064 1061 2130; x_wconf 85' lang='lat' dir='ltr'><strong>qui</strong></span> <span class='ocrx_word' id='word_1_141' title='bbox 1093 2077 1120 2114; x_wconf 90' lang='lat' dir='ltr'><strong>a</strong></span> <span class='ocrx_word' id='word_1_142' title='bbox 1164 2060 1416 2130; x_wconf 80' lang='lat' dir='ltr'><strong>Philippo</strong></span> <span class='ocrx_word' id='word_1_143' title='bbox 1451 2060 1867 2128; x_wconf 83' lang='lat' dir='ltr'><strong>baptizabantur</strong></span> <span class='ocrx_word' id='word_1_144' title='bbox 1917 2061 1975 2112; x_wconf 94' lang='lat' dir='ltr'><strong>in</strong></span> <span class='ocrx_word' id='word_1_145' title='bbox 2009 2061 2276 2127; x_wconf 87' lang='lat' dir='ltr'><strong>Samaria,</strong></span> 
     </span>
    </p>
   </div>
   <div class='ocr_carea' id='block_1_24' title="bbox 706 2152 2268 2223">
    <p class='ocr_par' dir='ltr' id='par_1_24' title="bbox 706 2152 2268 2223">
     <span class='ocr_line' id='line_1_24' title="bbox 706 2152 2268 2223; baseline -0.001 -15"><span class='ocrx_word' id='word_1_146' title='bbox 706 2170 814 2208; x_wconf 88' lang='lat' dir='ltr'><strong>non</strong></span> <span class='ocrx_word' id='word_1_147' title='bbox 855 2154 1126 2222; x_wconf 83' lang='lat' dir='ltr'><strong>recepisse</strong></span> <span class='ocrx_word' id='word_1_148' title='bbox 1155 2152 1419 2223; x_wconf 91' lang='lat' dir='ltr'><strong>Spiritum</strong></span> <span class='ocrx_word' id='word_1_149' title='bbox 1453 2160 1729 2213; x_wconf 87' lang='lat' dir='ltr'><strong>sanctum,</strong></span> <span class='ocrx_word' id='word_1_150' title='bbox 1769 2154 1913 2219; x_wconf 84' lang='lat' dir='ltr'><strong>quod</strong></span> <span class='ocrx_word' id='word_1_151' title='bbox 1949 2169 2070 2206; x_wconf 92' lang='lat' dir='ltr'><strong>eum</strong></span> <span class='ocrx_word' id='word_1_152' title='bbox 2103 2153 2268 2207; x_wconf 80' lang='lat' dir='ltr'><strong>dandi</strong></span> 
     </span>
    </p>
   </div>
   <div class='ocr_carea' id='block_1_25' title="bbox 709 2248 2281 2318">
    <p class='ocr_par' dir='ltr' id='par_1_25' title="bbox 709 2248 2281 2318">
     <span class='ocr_line' id='line_1_25' title="bbox 709 2248 2281 2318; baseline 0.001 -16"><span class='ocrx_word' id='word_1_153' title='bbox 709 2249 972 2302; x_wconf 88' lang='lat' dir='ltr'><strong>facultate</strong></span> <span class='ocrx_word' id='word_1_154' title='bbox 1010 2251 1127 2318; x_wconf 92' lang='lat' dir='ltr'><strong>ipse</strong></span> <span class='ocrx_word' id='word_1_155' title='bbox 1157 2255 1389 2312; x_wconf 87' lang='lat' dir='ltr'><strong>careret,</strong></span> <span class='ocrx_word' id='word_1_156' title='bbox 1422 2262 1487 2300; x_wconf 89' lang='lat' dir='ltr'><strong>eo</strong></span> <span class='ocrx_word' id='word_1_157' title='bbox 1523 2248 1692 2314; x_wconf 89' lang='lat' dir='ltr'><strong>quod,</strong></span> <span class='ocrx_word' id='word_1_158' title='bbox 1740 2256 1796 2300; x_wconf 93' lang='lat' dir='ltr'><strong>ut</strong></span> <span class='ocrx_word' id='word_1_159' title='bbox 1840 2248 2103 2313; x_wconf 69' lang='lat' dir='ltr'><strong>diximus,</strong></span> <span class='ocrx_word' id='word_1_160' title='bbox 2136 2264 2281 2304; x_wconf 89' lang='lat' dir='ltr'><strong>unus</strong></span> 
     </span>
    </p>
   </div>
   <div class='ocr_carea' id='block_1_26' title="bbox 707 2338 2282 2410">
    <p class='ocr_par' dir='ltr' id='par_1_26' title="bbox 707 2338 2282 2410">
     <span class='ocr_line' id='line_1_26' title="bbox 707 2338 2282 2410; baseline 0.001 -18"><span class='ocrx_word' id='word_1_161' title='bbox 707 2348 826 2392; x_wconf 84' lang='lat' dir='ltr'><strong>erat</strong></span> <span class='ocrx_word' id='word_1_162' title='bbox 849 2356 915 2394; x_wconf 78' lang='lat' dir='ltr'><strong>ex</strong></span> <span class='ocrx_word' id='word_1_163' title='bbox 939 2348 1148 2408; x_wconf 85' lang='lat' dir='ltr'><strong>septem</strong></span> <span class='ocrx_word' id='word_1_164' title='bbox 1202 2339 1486 2392; x_wconf 78' lang='lat' dir='ltr'><strong>diaconis:</strong></span> <span class='ocrx_word' id='word_1_165' title='bbox 1530 2338 1616 2406; x_wconf 93' lang='lat' dir='ltr'><strong>qui</strong></span> <span class='ocrx_word' id='word_1_166' title='bbox 1648 2339 1809 2410; x_wconf 66' lang='grc'><strong>234</strong></span> <span class='ocrx_word' id='word_1_167' title='bbox 1853 2339 2071 2408; x_wconf 79' lang='lat' dir='ltr'><strong>quidem</strong></span> <span class='ocrx_word' id='word_1_168' title='bbox 2107 2341 2282 2393; x_wconf 88' lang='lat' dir='ltr'><strong>virtu-</strong></span> 
     </span>
    </p>
   </div>
   <div class='ocr_carea' id='block_1_27' title="bbox 710 2430 2280 2500">
    <p class='ocr_par' dir='ltr' id='par_1_27' title="bbox 710 2430 2280 2500">
     <span class='ocr_line' id='line_1_27' title="bbox 710 2430 2280 2500; baseline 0 -16"><span class='ocrx_word' id='word_1_169' title='bbox 710 2441 816 2484; x_wconf 88' lang='lat' dir='ltr'><strong>tem</strong></span> <span class='ocrx_word' id='word_1_170' title='bbox 854 2441 1183 2500; x_wconf 83' lang='lat' dir='ltr'><strong>acceperant</strong></span> <span class='ocrx_word' id='word_1_171' title='bbox 1221 2430 1448 2484; x_wconf 85' lang='lat' dir='ltr'><strong>faciendi</strong></span> <span class='ocrx_word' id='word_1_172' title='bbox 1483 2431 1769 2492; x_wconf 83' lang='lat' dir='ltr'><strong>miracula,</strong></span> <span class='ocrx_word' id='word_1_173' title='bbox 1820 2447 1924 2483; x_wconf 92' lang='lat' dir='ltr'><strong>non</strong></span> <span class='ocrx_word' id='word_1_174' title='bbox 1967 2433 2092 2485; x_wconf 84' lang='lat' dir='ltr'><strong>item</strong></span> <span class='ocrx_word' id='word_1_175' title='bbox 2117 2433 2280 2486; x_wconf 87' lang='lat' dir='ltr'><strong>dandi</strong></span> 
     </span>
    </p>
   </div>
   <div class='ocr_carea' id='block_1_28' title="bbox 714 2519 2281 2589">
    <p class='ocr_par' dir='ltr' id='par_1_28' title="bbox 714 2519 2281 2589">
     <span class='ocr_line' id='line_1_28' title="bbox 714 2519 2281 2589; baseline -0.001 -15"><span class='ocrx_word' id='word_1_176' title='bbox 714 2522 980 2589; x_wconf 84' lang='lat' dir='ltr'><strong>Spiritum</strong></span> <span class='ocrx_word' id='word_1_177' title='bbox 1041 2528 1321 2575; x_wconf 84' lang='lat' dir='ltr'><strong>sanctum.</strong></span> <span class='ocrx_word' id='word_1_178' title='bbox 1361 2519 1484 2572; x_wconf 62' lang='lat' dir='ltr'><strong>Haac</strong></span> <span class='ocrx_word' id='word_1_179' title='bbox 1541 2521 1686 2573; x_wconf 89' lang='lat' dir='ltr'><strong>cnim</strong></span> <span class='ocrx_word' id='word_1_180' title='bbox 1744 2529 1861 2572; x_wconf 81' lang='lat' dir='ltr'><strong>erat</strong></span> <span class='ocrx_word' id='word_1_181' title='bbox 1910 2522 2281 2589; x_wconf 80' lang='lat' dir='ltr'><strong>apostolorum</strong></span> 
     </span>
    </p>
   </div>
   <div class='ocr_carea' id='block_1_29' title="bbox 709 2609 2282 2680">
    <p class='ocr_par' dir='ltr' id='par_1_29' title="bbox 709 2609 2282 2680">
     <span class='ocr_line' id='line_1_29' title="bbox 709 2609 2282 2680; baseline 0.002 -18"><span class='ocrx_word' id='word_1_182' title='bbox 709 2612 1094 2680; x_wconf 64' lang='lat' dir='ltr'><strong>praerogatixa.</strong></span> <span class='ocrx_word' id='word_1_183' title='bbox 1129 2611 1225 2664; x_wconf 83' lang='lat' dir='ltr'><strong>Vel</strong></span> <span class='ocrx_word' id='word_1_184' title='bbox 1261 2610 1417 2664; x_wconf 89' lang='lat' dir='ltr'><strong>aliter</strong></span> <span class='ocrx_word' id='word_1_185' title='bbox 1447 2627 1461 2664; x_wconf 89' lang='lat'><strong>:</strong></span> <span class='ocrx_word' id='word_1_186' title='bbox 1497 2611 1772 2678; x_wconf 82' lang='lat' dir='ltr'><strong>Philippus</strong></span> <span class='ocrx_word' id='word_1_187' title='bbox 1803 2609 2132 2663; x_wconf 89' lang='lat' dir='ltr'><strong>descendere</strong></span> <span class='ocrx_word' id='word_1_188' title='bbox 2176 2627 2282 2665; x_wconf 89' lang='lat' dir='ltr'><strong>non</strong></span> 
     </span>
    </p>
   </div>
   <div class='ocr_carea' id='block_1_30' title="bbox 714 2701 2284 2772">
    <p class='ocr_par' dir='ltr' id='par_1_30' title="bbox 714 2701 2284 2772">
     <span class='ocr_line' id='line_1_30' title="bbox 714 2701 2284 2772; baseline -0.001 -16"><span class='ocrx_word' id='word_1_189' title='bbox 714 2703 959 2756; x_wconf 80' lang='lat' dir='ltr'><strong>faciebat</strong></span> <span class='ocrx_word' id='word_1_190' title='bbox 994 2701 1255 2770; x_wconf 85' lang='lat' dir='ltr'><strong>Spiritum</strong></span> <span class='ocrx_word' id='word_1_191' title='bbox 1288 2710 1540 2755; x_wconf 87' lang='lat' dir='ltr'><strong>sanctum</strong></span> <span class='ocrx_word' id='word_1_192' title='bbox 1584 2717 1748 2769; x_wconf 84' lang='lat' dir='ltr'><strong>supra</strong></span> <span class='ocrx_word' id='word_1_193' title='bbox 1803 2715 1897 2754; x_wconf 90' lang='lat' dir='ltr'><strong>eos</strong></span> <span class='ocrx_word' id='word_1_194' title='bbox 1941 2716 2080 2768; x_wconf 83' lang='lat' dir='ltr'><strong>quos</strong></span> <span class='ocrx_word' id='word_1_195' title='bbox 2109 2704 2284 2772; x_wconf 84' lang='lat' dir='ltr'><strong>bapti-</strong></span> 
     </span>
    </p>
   </div>
   <div class='ocr_carea' id='block_1_31' title="bbox 713 2792 2287 2861">
    <p class='ocr_par' dir='ltr' id='par_1_31' title="bbox 713 2792 2287 2861">
     <span class='ocr_line' id='line_1_31' title="bbox 713 2792 2287 2861; baseline 0 -15"><span class='ocrx_word' id='word_1_196' title='bbox 713 2795 897 2856; x_wconf 71' lang='lat' dir='ltr'><strong>zabat,</strong></span> <span class='ocrx_word' id='word_1_197' title='bbox 927 2810 1034 2846; x_wconf 92' lang='lat' dir='ltr'><strong>non</strong></span> <span class='ocrx_word' id='word_1_198' title='bbox 1060 2793 1131 2847; x_wconf 93' lang='lat' dir='ltr'><strong>ob</strong></span> <span class='ocrx_word' id='word_1_199' title='bbox 1163 2793 1630 2861; x_wconf 88' lang='lat' dir='ltr'><strong>imperfectionem</strong></span> <span class='ocrx_word' id='word_1_200' title='bbox 1665 2807 1837 2854; x_wconf 88' lang='lat' dir='ltr'><strong>suam,</strong></span> <span class='ocrx_word' id='word_1_201' title='bbox 1875 2800 1967 2844; x_wconf 87' lang='lat' dir='ltr'><strong>aut</strong></span> <span class='ocrx_word' id='word_1_202' title='bbox 1996 2792 2141 2861; x_wconf 86' lang='lat' dir='ltr'><strong>quod</strong></span> <span class='ocrx_word' id='word_1_203' title='bbox 2188 2795 2287 2846; x_wconf 84' lang='lat' dir='ltr'><strong>hoc</strong></span> 
     </span>
    </p>
   </div>
   <div class='ocr_carea' id='block_1_32' title="bbox 713 2882 2286 2953">
    <p class='ocr_par' dir='ltr' id='par_1_32' title="bbox 713 2882 2286 2953">
     <span class='ocr_line' id='line_1_32' title="bbox 713 2882 2286 2953; baseline 0.001 -18"><span class='ocrx_word' id='word_1_204' title='bbox 713 2884 1036 2951; x_wconf 85' lang='lat' dir='ltr'><strong>impetrandi</strong></span> <span class='ocrx_word' id='word_1_205' title='bbox 1105 2882 1243 2937; x_wconf 89' lang='lat' dir='ltr'><strong>foret</strong></span> <span class='ocrx_word' id='word_1_206' title='bbox 1299 2884 1557 2953; x_wconf 76' lang='lat' dir='ltr'><strong>indignus</strong></span> <span class='ocrx_word' id='word_1_207' title='bbox 1630 2882 1773 2949; x_wconf 94' lang='lat' dir='ltr'><strong>(cum</strong></span> <span class='ocrx_word' id='word_1_208' title='bbox 1826 2884 1961 2937; x_wconf 81' lang='lat' dir='ltr'><strong>alias</strong></span> <span class='ocrx_word' id='word_1_209' title='bbox 2023 2885 2286 2937; x_wconf 83' lang='lat' dir='ltr'><strong>miracula</strong></span> 
     </span>
    </p>
   </div>
   <div class='ocr_carea' id='block_1_33' title="bbox 713 2974 2276 3044">
    <p class='ocr_par' dir='ltr' id='par_1_33' title="bbox 713 2974 2276 3044">
     <span class='ocr_line' id='line_1_33' title="bbox 713 2974 2276 3044; baseline 0 -16"><span class='ocrx_word' id='word_1_210' title='bbox 713 2975 915 3028; x_wconf 84' lang='lat' dir='ltr'><strong>faceret</strong></span> <span class='ocrx_word' id='word_1_211' title='bbox 948 2984 996 3028; x_wconf 93' lang='lat' dir='ltr'><strong>et</strong></span> <span class='ocrx_word' id='word_1_212' title='bbox 1057 2979 1275 3030; x_wconf 82' lang='lat' dir='ltr'><strong>morbos</strong></span> <span class='ocrx_word' id='word_1_213' title='bbox 1321 2983 1538 3028; x_wconf 84' lang='lat' dir='ltr'><strong>curaret</strong></span> <span class='ocrx_word' id='word_1_214' title='bbox 1587 2982 1641 3028; x_wconf 89' lang='lat' dir='ltr'><strong>et</strong></span> <span class='ocrx_word' id='word_1_215' title='bbox 1673 2974 1896 3042; x_wconf 86' lang='lat' dir='ltr'><strong>ejiceret</strong></span> <span class='ocrx_word' id='word_1_216' title='bbox 1950 2975 2276 3044; x_wconf 64' lang='lat' dir='ltr'><strong>daemones),</strong></span> 
     </span>
    </p>
   </div>
   <div class='ocr_carea' id='block_1_34' title="bbox 2365 502 3967 578">
    <p class='ocr_par' dir='ltr' id='par_1_34' title="bbox 2365 502 3967 578">
     <span class='ocr_line' id='line_1_34' title="bbox 2365 502 3967 578; baseline 0.003 -21"><span class='ocrx_word' id='word_1_217' title='bbox 2365 506 2632 576; x_wconf 76' lang='grc' dir='ltr'>μαθητὴς,</span> <span class='ocrx_word' id='word_1_218' title='bbox 2665 509 2930 562; x_wconf 79' lang='grc' dir='ltr'><strong>τελειοῦσι</strong></span> <span class='ocrx_word' id='word_1_219' title='bbox 2976 509 3033 560; x_wconf 79' lang='grc' dir='ltr'>δὲ</span> <span class='ocrx_word' id='word_1_220' title='bbox 3081 509 3180 578; x_wconf 81' lang='grc' dir='ltr'>τὴν</span> <span class='ocrx_word' id='word_1_221' title='bbox 3217 508 3376 578; x_wconf 88' lang='grc' dir='ltr'>χάριν</span> <span class='ocrx_word' id='word_1_222' title='bbox 3415 509 3463 558; x_wconf 86' lang='grc' dir='ltr'>οἱ</span> <span class='ocrx_word' id='word_1_223' title='bbox 3503 507 3815 567; x_wconf 81' lang='grc' dir='ltr'><strong>ἀπόστολοι,</strong></span> <span class='ocrx_word' id='word_1_224' title='bbox 3878 502 3967 562; x_wconf 75' lang='grc' dir='ltr'>οἷς</span> 
     </span>
    </p>
   </div>
   <div class='ocr_carea' id='block_1_35' title="bbox 2346 599 3966 670">
    <p class='ocr_par' dir='ltr' id='par_1_35' title="bbox 2346 599 3966 670">
     <span class='ocr_line' id='line_1_35' title="bbox 2346 599 3966 670; baseline -0.003 -16"><span class='ocrx_word' id='word_1_225' title='bbox 2346 599 2396 667; x_wconf 75' lang='grc' dir='ltr'>,ἡ</span> <span class='ocrx_word' id='word_1_226' title='bbox 2443 600 2542 667; x_wconf 78' lang='grc' dir='ltr'>τῆς</span> <span class='ocrx_word' id='word_1_227' title='bbox 2590 601 2842 670; x_wconf 81' lang='grc' dir='ltr'><strong>τοιαύτης</strong></span> <span class='ocrx_word' id='word_1_228' title='bbox 2887 601 3086 664; x_wconf 84' lang='grc' dir='ltr'>δόσεως</span> <span class='ocrx_word' id='word_1_229' title='bbox 3129 600 3384 654; x_wconf 72' lang='grc' dir='ltr'>αὑθεντία</span> <span class='ocrx_word' id='word_1_230' title='bbox 3428 599 3655 652; x_wconf 82' lang='grc' dir='ltr'>ἐδέδοτο.</span> <span class='ocrx_word' id='word_1_231' title='bbox 3715 619 3733 650; x_wconf 78' lang='grc' dir='ltr'><strong>ι</strong></span> <span class='ocrx_word' id='word_1_232' title='bbox 3790 599 3966 666; x_wconf 78' lang='grc' dir='ltr'>’Λνὴρ</span> 
     </span>
    </p>
   </div>
   <div class='ocr_carea' id='block_1_36' title="bbox 2364 683 3963 760">
    <p class='ocr_par' dir='ltr' id='par_1_36' title="bbox 2364 683 3963 760">
     <span class='ocr_line' id='line_1_36' title="bbox 2364 683 3963 760; baseline -0.001 -20"><span class='ocrx_word' id='word_1_233' title='bbox 2364 683 2421 740; x_wconf 82' lang='grc' dir='ltr'>δέ</span> <span class='ocrx_word' id='word_1_234' title='bbox 2455 707 2557 752; x_wconf 89' lang='grc' dir='ltr'>τις.</span> <span class='ocrx_word' id='word_1_235' title='bbox 2600 709 2616 740; x_wconf 74' lang='grc' dir='ltr'><strong>ι</strong></span> <span class='ocrx_word' id='word_1_236' title='bbox 2655 691 3017 760; x_wconf 84' lang='grc' dir='ltr'>Σημειωτέον,</span> <span class='ocrx_word' id='word_1_237' title='bbox 3056 691 3138 744; x_wconf 86' lang='grc' dir='ltr'>ὃτι</span> <span class='ocrx_word' id='word_1_238' title='bbox 3171 692 3331 744; x_wconf 84' lang='grc' dir='ltr'><strong>οὐδεῖ</strong></span> <span class='ocrx_word' id='word_1_239' title='bbox 3363 689 3682 758; x_wconf 76' lang='grc' dir='ltr'><strong>πλησιάζειν</strong></span> <span class='ocrx_word' id='word_1_240' title='bbox 3718 688 3924 756; x_wconf 79' lang='grc' dir='ltr'><strong>μάγοις</strong></span> <span class='ocrx_word' id='word_1_241' title='bbox 3949 703 3963 713; x_wconf 91' lang='grc'><strong>·</strong></span> 
     </span>
    </p>
   </div>
   <div class='ocr_carea' id='block_1_37' title="bbox 2366 782 3967 854">
    <p class='ocr_par' dir='ltr' id='par_1_37' title="bbox 2366 782 3967 854">
     <span class='ocr_line' id='line_1_37' title="bbox 2366 782 3967 854; baseline 0.002 -22"><span class='ocrx_word' id='word_1_242' title='bbox 2366 782 2412 832; x_wconf 84' lang='grc' dir='ltr'><strong>εί</strong></span> <span class='ocrx_word' id='word_1_243' title='bbox 2451 782 2506 834; x_wconf 84' lang='grc' dir='ltr'><strong>δέ</strong></span> <span class='ocrx_word' id='word_1_244' title='bbox 2541 799 2621 844; x_wconf 87' lang='grc' dir='ltr'><strong>τις</strong></span> <span class='ocrx_word' id='word_1_245' title='bbox 2663 783 2964 852; x_wconf 62' lang='grc' dir='ltr'>ἀπατηθεὶς</span> <span class='ocrx_word' id='word_1_246' title='bbox 2987 784 3339 854; x_wconf 87' lang='grc' dir='ltr'>ἐπλησίασεν,</span> <span class='ocrx_word' id='word_1_247' title='bbox 3369 784 3690 852; x_wconf 71' lang='grc' dir='ltr'><strong>ἀφιστάσθω</strong></span> <span class='ocrx_word' id='word_1_248' title='bbox 3715 782 3967 849; x_wconf 75' lang='grc' dir='ltr'>ταχέως.</span> 
     </span>
    </p>
   </div>
   <div class='ocr_carea' id='block_1_38' title="bbox 2380 872 3968 946">
    <p class='ocr_par' dir='ltr' id='par_1_38' title="bbox 2380 872 3968 946">
     <span class='ocr_line' id='line_1_38' title="bbox 2380 872 3968 946; baseline -0.003 -21"><span class='ocrx_word' id='word_1_249' title='bbox 2380 874 2442 925; x_wconf 86' lang='grc' dir='ltr'><em>Ἢ</em></span> <span class='ocrx_word' id='word_1_250' title='bbox 2494 873 2604 943; x_wconf 80' lang='grc' dir='ltr'><strong>γάρ</strong></span> <span class='ocrx_word' id='word_1_251' title='bbox 2656 874 2888 945; x_wconf 82' lang='grc' dir='ltr'>ἐπιμονὴ</span> <span class='ocrx_word' id='word_1_252' title='bbox 2943 877 2975 946; x_wconf 82' lang='grc' dir='ltr'><strong>ή</strong></span> <span class='ocrx_word' id='word_1_253' title='bbox 3025 878 3082 928; x_wconf 86' lang='grc' dir='ltr'><strong>ἐν</strong></span> <span class='ocrx_word' id='word_1_254' title='bbox 3130 876 3335 938; x_wconf 74' lang='grc' dir='ltr'>αὐτοῖς,</span> <span class='ocrx_word' id='word_1_255' title='bbox 3386 877 3465 937; x_wconf 83' lang='grc' dir='ltr'><strong>είς</strong></span> <span class='ocrx_word' id='word_1_256' title='bbox 3494 873 3778 925; x_wconf 72' lang='grc' dir='ltr'>’ἔκστασιν</span> <span class='ocrx_word' id='word_1_257' title='bbox 3835 872 3968 937; x_wconf 81' lang='grc' dir='ltr'>ἄγει</span> 
     </span>
    </p>
   </div>
   <div class='ocr_carea' id='block_1_39' title="bbox 2371 957 3972 1036">
    <p class='ocr_par' dir='ltr' id='par_1_39' title="bbox 2371 957 3972 1036">
     <span class='ocr_line' id='line_1_39' title="bbox 2371 957 3972 1036; baseline -0.002 -21"><span class='ocrx_word' id='word_1_258' title='bbox 2371 964 2604 1035; x_wconf 75' lang='grc' dir='ltr'>φρενῶν,</span> <span class='ocrx_word' id='word_1_259' title='bbox 2633 965 2770 1018; x_wconf 81' lang='grc' dir='ltr'>ὥστε</span> <span class='ocrx_word' id='word_1_260' title='bbox 2807 966 2881 1036; x_wconf 83' lang='grc' dir='ltr'>μὴ</span> <span class='ocrx_word' id='word_1_261' title='bbox 2929 968 3168 1020; x_wconf 82' lang='grc' dir='ltr'>συνιέναι</span> <span class='ocrx_word' id='word_1_262' title='bbox 3213 967 3504 1036; x_wconf 87' lang='grc' dir='ltr'>διακρῖναι.</span> <span class='ocrx_word' id='word_1_263' title='bbox 3560 957 3733 1027; x_wconf 75' lang='grc' dir='ltr'>Οὗτος</span> <span class='ocrx_word' id='word_1_264' title='bbox 3783 962 3972 1015; x_wconf 80' lang='grc' dir='ltr'>τοίνυν</span> 
     </span>
    </p>
   </div>
   <div class='ocr_carea' id='block_1_40' title="bbox 2369 1055 3972 1129">
    <p class='ocr_par' dir='ltr' id='par_1_40' title="bbox 2369 1055 3972 1129">
     <span class='ocr_line' id='line_1_40' title="bbox 2369 1055 3972 1129; baseline 0.002 -19"><span class='ocrx_word' id='word_1_265' title='bbox 2369 1061 2395 1110; x_wconf 85' lang='lat'><strong>6</strong></span> <span class='ocrx_word' id='word_1_266' title='bbox 2429 1059 2608 1127; x_wconf 87' lang='grc' dir='ltr'>Σίμων</span> <span class='ocrx_word' id='word_1_267' title='bbox 2637 1060 3076 1129; x_wconf 85' lang='grc' dir='ltr'>ὑποκρισάμενος</span> <span class='ocrx_word' id='word_1_268' title='bbox 3100 1060 3220 1090; x_wconf 78' lang='grc'>⁶⁶·⁶¹</span> <span class='ocrx_word' id='word_1_269' title='bbox 3246 1060 3371 1120; x_wconf 80' lang='grc' dir='ltr'>τοὺς</span> <span class='ocrx_word' id='word_1_270' title='bbox 3401 1057 3754 1117; x_wconf 79' lang='grc' dir='ltr'>ἀποστόλους,</span> <span class='ocrx_word' id='word_1_271' title='bbox 3786 1055 3972 1123; x_wconf 79' lang='grc' dir='ltr'>μάγος</span> 
     </span>
    </p>
   </div>
   <div class='ocr_carea' id='block_1_41' title="bbox 2370 1147 3972 1221">
    <p class='ocr_par' dir='ltr' id='par_1_41' title="bbox 2370 1147 3972 1221">
     <span class='ocr_line' id='line_1_41' title="bbox 2370 1147 3972 1221; baseline -0.001 -20"><span class='ocrx_word' id='word_1_272' title='bbox 2370 1149 2651 1221; x_wconf 81' lang='grc' dir='ltr'><strong>ὑπάρχων,</strong></span> <span class='ocrx_word' id='word_1_273' title='bbox 2676 1151 2768 1203; x_wconf 76' lang='grc' dir='ltr'><strong>καὶ</strong></span> <span class='ocrx_word' id='word_1_274' title='bbox 2798 1151 2957 1214; x_wconf 72' lang='grc' dir='ltr'>αὐτὸς</span> <span class='ocrx_word' id='word_1_275' title='bbox 2989 1151 3189 1220; x_wconf 86' lang='grc' dir='ltr'>ὁμοίως</span> <span class='ocrx_word' id='word_1_276' title='bbox 3221 1153 3334 1213; x_wconf 83' lang='grc' dir='ltr'>τοῖς</span> <span class='ocrx_word' id='word_1_277' title='bbox 3358 1150 3538 1210; x_wconf 78' lang='grc' dir='ltr'>ἄλλοις</span> <span class='ocrx_word' id='word_1_278' title='bbox 3558 1148 3662 1200; x_wconf 73' lang='grc' dir='ltr'>ὑπὸ</span> <span class='ocrx_word' id='word_1_279' title='bbox 3689 1147 3972 1200; x_wconf 75' lang='grc' dir='ltr'>Φιλίππου</span> 
     </span>
    </p>
   </div>
   <div class='ocr_carea' id='block_1_42' title="bbox 2372 1238 3973 1309">
    <p class='ocr_par' dir='ltr' id='par_1_42' title="bbox 2372 1238 3973 1309">
     <span class='ocr_line' id='line_1_42' title="bbox 2372 1238 3973 1309; baseline -0.001 -18"><span class='ocrx_word' id='word_1_280' title='bbox 2372 1240 2670 1309; x_wconf 78' lang='grc' dir='ltr'>ἐϐαπτίσθη</span> <span class='ocrx_word' id='word_1_281' title='bbox 2700 1241 2792 1292; x_wconf 89' lang='grc' dir='ltr'><strong>τοῦ</strong></span> <span class='ocrx_word' id='word_1_282' title='bbox 2833 1241 2949 1303; x_wconf 75' lang='grc' dir='ltr'>ἑνὸς</span> <span class='ocrx_word' id='word_1_283' title='bbox 2974 1242 3083 1294; x_wconf 85' lang='grc' dir='ltr'><strong>τῶν</strong></span> <span class='ocrx_word' id='word_1_284' title='bbox 3128 1243 3268 1294; x_wconf 80' lang='grc' dir='ltr'>ἑπτά</span> <span class='ocrx_word' id='word_1_285' title='bbox 3291 1257 3305 1269; x_wconf 75' lang='grc'>⁸</span> <span class='ocrx_word' id='word_1_286' title='bbox 3339 1240 3398 1303; x_wconf 77' lang='grc' dir='ltr'>ὃς</span> <span class='ocrx_word' id='word_1_287' title='bbox 3444 1240 3690 1301; x_wconf 83' lang='grc' dir='ltr'>διάκονος</span> <span class='ocrx_word' id='word_1_288' title='bbox 3722 1238 3820 1300; x_wconf 80' lang='grc' dir='ltr'>ὢν,</span> <span class='ocrx_word' id='word_1_289' title='bbox 3866 1238 3973 1289; x_wconf 77' lang='grc' dir='ltr'>οὑκ</span> 
     </span>
    </p>
   </div>
   <div class='ocr_carea' id='block_1_43' title="bbox 2373 1328 3976 1403">
    <p class='ocr_par' dir='ltr' id='par_1_43' title="bbox 2373 1328 3976 1403">
     <span class='ocr_line' id='line_1_43' title="bbox 2373 1328 3976 1403; baseline -0.003 -19"><span class='ocrx_word' id='word_1_290' title='bbox 2373 1328 2516 1401; x_wconf 81' lang='grc' dir='ltr'>εἶχεν</span> <span class='ocrx_word' id='word_1_291' title='bbox 2551 1333 2800 1396; x_wconf 75' lang='grc' dir='ltr'><strong>ἐξουσίαν</strong></span> <span class='ocrx_word' id='word_1_292' title='bbox 2842 1333 2930 1386; x_wconf 73' lang='grc' dir='ltr'><strong>διὰ</strong></span> <span class='ocrx_word' id='word_1_293' title='bbox 2987 1334 3084 1400; x_wconf 81' lang='grc' dir='ltr'>τῆς</span> <span class='ocrx_word' id='word_1_294' title='bbox 3145 1332 3485 1403; x_wconf 82' lang='grc' dir='ltr'>χειροθεσίας</span> <span class='ocrx_word' id='word_1_295' title='bbox 3535 1331 3702 1384; x_wconf 82' lang='grc' dir='ltr'>αὐτοῦ</span> <span class='ocrx_word' id='word_1_296' title='bbox 3759 1330 3976 1381; x_wconf 85' lang='grc' dir='ltr'>διδόναι</span> 
     </span>
    </p>
   </div>
   <div class='ocr_carea' id='block_1_44' title="bbox 2374 1421 3978 1495">
    <p class='ocr_par' dir='ltr' id='par_1_44' title="bbox 2374 1421 3978 1495">
     <span class='ocr_line' id='line_1_44' title="bbox 2374 1421 3978 1495; baseline -0.004 -17"><span class='ocrx_word' id='word_1_297' title='bbox 2374 1427 2431 1478; x_wconf 74' lang='grc' dir='ltr'><strong>τὸ</strong></span> <span class='ocrx_word' id='word_1_298' title='bbox 2475 1427 2695 1495; x_wconf 77' lang='grc' dir='ltr'><strong>Πνεῦμα</strong></span> <span class='ocrx_word' id='word_1_299' title='bbox 2725 1426 2783 1478; x_wconf 86' lang='grc' dir='ltr'>τὸ</span> <span class='ocrx_word' id='word_1_300' title='bbox 2821 1425 2993 1492; x_wconf 77' lang='grc' dir='ltr'>ἅγιον.</span> <span class='ocrx_word' id='word_1_301' title='bbox 3037 1425 3161 1477; x_wconf 77' lang='grc' dir='ltr'><strong>Ὀτι</strong></span> <span class='ocrx_word' id='word_1_302' title='bbox 3203 1441 3263 1477; x_wconf 83' lang='grc' dir='ltr'><strong>τε</strong></span> <span class='ocrx_word' id='word_1_303' title='bbox 3300 1423 3356 1475; x_wconf 78' lang='grc' dir='ltr'>δὲ</span> <span class='ocrx_word' id='word_1_304' title='bbox 3393 1422 3554 1475; x_wconf 86' lang='grc' dir='ltr'>τοῦτο</span> <span class='ocrx_word' id='word_1_305' title='bbox 3601 1421 3826 1490; x_wconf 77' lang='grc' dir='ltr'>ἀληθὲς,</span> <span class='ocrx_word' id='word_1_306' title='bbox 3876 1421 3978 1472; x_wconf 79' lang='grc' dir='ltr'><strong>καὶ</strong></span> 
     </span>
    </p>
   </div>
   <div class='ocr_carea' id='block_1_45' title="bbox 2373 1500 3972 1585">
    <p class='ocr_par' dir='ltr' id='par_1_45' title="bbox 2373 1514 3972 1585">
     <span class='ocr_line' id='line_1_45' title="bbox 2373 1514 3972 1585; baseline -0.003 -17"><span class='ocrx_word' id='word_1_307' title='bbox 2373 1515 2433 1568; x_wconf 73' lang='grc' dir='ltr'>τὸ</span> <span class='ocrx_word' id='word_1_308' title='bbox 2449 1515 2555 1568; x_wconf 83' lang='grc' dir='ltr'>τῶν</span> <span class='ocrx_word' id='word_1_309' title='bbox 2584 1517 2823 1584; x_wconf 80' lang='grc' dir='ltr'><strong>σημείων</strong></span> <span class='ocrx_word' id='word_1_310' title='bbox 2858 1515 3080 1585; x_wconf 85' lang='grc' dir='ltr'>Πνεῦμα</span> <span class='ocrx_word' id='word_1_311' title='bbox 3112 1515 3213 1567; x_wconf 79' lang='grc' dir='ltr'>οὐκ</span> <span class='ocrx_word' id='word_1_312' title='bbox 3239 1514 3454 1576; x_wconf 75' lang='grc' dir='ltr'>ἐλαϐεν,</span> <span class='ocrx_word' id='word_1_313' title='bbox 3499 1516 3600 1584; x_wconf 84' lang='grc' dir='ltr'><strong>δρα</strong></span> <span class='ocrx_word' id='word_1_314' title='bbox 3625 1515 3739 1574; x_wconf 84' lang='grc' dir='ltr'><strong>πῶς</strong></span> <span class='ocrx_word' id='word_1_315' title='bbox 3774 1529 3972 1578; x_wconf 82' lang='grc' dir='ltr'>φησιν.</span> 
     </span>
    </p>
   </div>
   <div class='ocr_carea' id='block_1_46' title="bbox 2375 1602 3972 1678">
    <p class='ocr_par' dir='ltr' id='par_1_46' title="bbox 2375 1602 3972 1678">
     <span class='ocr_line' id='line_1_46' title="bbox 2375 1602 3972 1678; baseline -0.007 -16"><span class='ocrx_word' id='word_1_316' title='bbox 2375 1609 2458 1662; x_wconf 83' lang='grc' dir='ltr'>ὅτι</span> <span class='ocrx_word' id='word_1_317' title='bbox 2494 1609 2724 1678; x_wconf 79' lang='grc' dir='ltr'>Θεωρῶν</span> <span class='ocrx_word' id='word_1_318' title='bbox 2754 1608 3010 1677; x_wconf 85' lang='grc' dir='ltr'>δννάμεις</span> <span class='ocrx_word' id='word_1_319' title='bbox 3033 1609 3128 1659; x_wconf 73' lang='grc' dir='ltr'>καὶ</span> <span class='ocrx_word' id='word_1_320' title='bbox 3151 1608 3353 1675; x_wconf 88' lang='grc' dir='ltr'>σημεῖα</span> <span class='ocrx_word' id='word_1_321' title='bbox 3385 1605 3664 1674; x_wconf 87' lang='grc' dir='ltr'>γινόμενα,</span> <span class='ocrx_word' id='word_1_322' title='bbox 3692 1602 3972 1666; x_wconf 73' lang='grc' dir='ltr'>ἐξίστατο,</span> 
     </span>
    </p>
   </div>
   <div class='ocr_carea' id='block_1_47' title="bbox 2379 1696 3969 1770">
    <p class='ocr_par' dir='ltr' id='par_1_47' title="bbox 2379 1696 3969 1770">
     <span class='ocr_line' id='line_1_47' title="bbox 2379 1696 3969 1770; baseline -0.004 -18"><span class='ocrx_word' id='word_1_323' title='bbox 2379 1703 2473 1754; x_wconf 67' lang='grc' dir='ltr'>καὶ</span> <span class='ocrx_word' id='word_1_324' title='bbox 2508 1701 2778 1770; x_wconf 73' lang='grc' dir='ltr'>προσῆλθε</span> <span class='ocrx_word' id='word_1_325' title='bbox 2813 1700 2968 1753; x_wconf 88' lang='grc' dir='ltr'>τοῦτο</span> <span class='ocrx_word' id='word_1_326' title='bbox 3011 1699 3198 1752; x_wconf 82' lang='grc' dir='ltr'>αἰτῶν.</span> <span class='ocrx_word' id='word_1_327' title='bbox 3221 1718 3237 1749; x_wconf 82' lang='grc' dir='ltr'><strong>ι</strong></span> <span class='ocrx_word' id='word_1_328' title='bbox 3297 1697 3705 1756; x_wconf 75' lang='grc' dir='ltr'>Ἀκούσαντες.»</span> <span class='ocrx_word' id='word_1_329' title='bbox 3751 1696 3969 1765; x_wconf 76' lang='grc' dir='ltr'>Πρόδη-</span> 
     </span>
    </p>
   </div>
   <div class='ocr_carea' id='block_1_48' title="bbox 2380 1787 3960 1860">
    <p class='ocr_par' dir='ltr' id='par_1_48' title="bbox 2380 1787 3960 1860">
     <span class='ocr_line' id='line_1_48' title="bbox 2380 1787 3960 1860; baseline -0.004 -16"><span class='ocrx_word' id='word_1_330' title='bbox 2380 1793 2488 1856; x_wconf 92' lang='grc' dir='ltr'>λον,</span> <span class='ocrx_word' id='word_1_331' title='bbox 2509 1793 2588 1844; x_wconf 82' lang='grc' dir='ltr'>ὅτι</span> <span class='ocrx_word' id='word_1_332' title='bbox 2615 1793 2664 1844; x_wconf 79' lang='grc' dir='ltr'>οἱ</span> <span class='ocrx_word' id='word_1_333' title='bbox 2706 1792 2810 1843; x_wconf 82' lang='grc' dir='ltr'><strong>ὑπὸ</strong></span> <span class='ocrx_word' id='word_1_334' title='bbox 2843 1791 3106 1846; x_wconf 77' lang='grc' dir='ltr'>Φιλίππου</span> <span class='ocrx_word' id='word_1_335' title='bbox 3131 1789 3521 1860; x_wconf 76' lang='grc' dir='ltr'>βαπτισθέντες</span> <span class='ocrx_word' id='word_1_336' title='bbox 3556 1789 3613 1838; x_wconf 91' lang='grc' dir='ltr'><strong>ἐν</strong></span> <span class='ocrx_word' id='word_1_337' title='bbox 3647 1787 3960 1856; x_wconf 69' lang='grc' dir='ltr'>Σαμαρείᾳ,</span> 
     </span>
    </p>
   </div>
   <div class='ocr_carea' id='block_1_49' title="bbox 2380 1878 3966 1953">
    <p class='ocr_par' dir='ltr' id='par_1_49' title="bbox 2380 1878 3966 1953">
     <span class='ocr_line' id='line_1_49' title="bbox 2380 1878 3966 1953; baseline -0.004 -17"><span class='ocrx_word' id='word_1_338' title='bbox 2380 1879 2629 1953; x_wconf 74' lang='grc' dir='ltr'>οὑκῆσαν</span> <span class='ocrx_word' id='word_1_339' title='bbox 2647 1883 2900 1944; x_wconf 80' lang='grc' dir='ltr'>λαϐόντες</span> <span class='ocrx_word' id='word_1_340' title='bbox 2923 1881 3142 1948; x_wconf 78' lang='grc' dir='ltr'>Πνεῦμα</span> <span class='ocrx_word' id='word_1_341' title='bbox 3161 1881 3333 1946; x_wconf 84' lang='grc' dir='ltr'>ἆγιον,</span> <span class='ocrx_word' id='word_1_342' title='bbox 3352 1880 3440 1932; x_wconf 67' lang='grc' dir='ltr'><strong>διὰ</strong></span> <span class='ocrx_word' id='word_1_343' title='bbox 3463 1880 3523 1931; x_wconf 86' lang='grc' dir='ltr'>τὸ</span> <span class='ocrx_word' id='word_1_344' title='bbox 3539 1879 3612 1947; x_wconf 84' lang='grc' dir='ltr'>μὴ</span> <span class='ocrx_word' id='word_1_345' title='bbox 3636 1878 3780 1947; x_wconf 74' lang='grc' dir='ltr'>ἔχειν</span> <span class='ocrx_word' id='word_1_346' title='bbox 3796 1879 3966 1946; x_wconf 80' lang='grc' dir='ltr'>χάρι-</span> 
     </span>
    </p>
   </div>
   <div class='ocr_carea' id='block_1_50' title="bbox 2382 1965 3962 2044">
    <p class='ocr_par' dir='ltr' id='par_1_50' title="bbox 2382 1965 3962 2044">
     <span class='ocr_line' id='line_1_50' title="bbox 2382 1965 3962 2044; baseline -0.004 -16"><span class='ocrx_word' id='word_1_347' title='bbox 2382 1993 2495 2044; x_wconf 90' lang='grc' dir='ltr'><strong>σμα</strong></span> <span class='ocrx_word' id='word_1_348' title='bbox 2518 1976 2754 2028; x_wconf 88' lang='grc' dir='ltr'>τοιοῦτον</span> <span class='ocrx_word' id='word_1_349' title='bbox 2775 1991 2787 2005; x_wconf 75' lang='grc'><strong><em>⁸</em></strong></span> <span class='ocrx_word' id='word_1_350' title='bbox 2807 1974 2927 2027; x_wconf 76' lang='grc' dir='ltr'>ἐπεὶ</span> <span class='ocrx_word' id='word_1_351' title='bbox 2944 1969 3119 2036; x_wconf 67' lang='grc' dir='ltr'>οὗτος,</span> <span class='ocrx_word' id='word_1_352' title='bbox 3137 1973 3241 2043; x_wconf 64' lang='grc' dir='ltr'>ἔφη</span> <span class='ocrx_word' id='word_1_353' title='bbox 3262 1974 3358 2040; x_wconf 79' lang='grc' dir='ltr'>μὲν</span> <span class='ocrx_word' id='word_1_354' title='bbox 3373 1973 3437 2036; x_wconf 70' lang='grc' dir='ltr'><strong>ε’,</strong></span> <span class='ocrx_word' id='word_1_355' title='bbox 3463 1965 3541 2033; x_wconf 76' lang='grc' dir='ltr'>εἷς</span> <span class='ocrx_word' id='word_1_356' title='bbox 3559 1967 3625 2037; x_wconf 83' lang='grc' dir='ltr'>ἦν</span> <span class='ocrx_word' id='word_1_357' title='bbox 3647 1971 3754 2022; x_wconf 84' lang='grc' dir='ltr'>τῶν</span> <span class='ocrx_word' id='word_1_358' title='bbox 3781 1971 3926 2022; x_wconf 80' lang='grc' dir='ltr'>ἑπτά</span> <span class='ocrx_word' id='word_1_359' title='bbox 3948 1987 3962 1998; x_wconf 92' lang='grc'><strong>·</strong></span> 
     </span>
    </p>
   </div>
   <div class='ocr_carea' id='block_1_51' title="bbox 2381 2059 3969 2135">
    <p class='ocr_par' dir='ltr' id='par_1_51' title="bbox 2381 2059 3969 2135">
     <span class='ocr_line' id='line_1_51' title="bbox 2381 2059 3969 2135; baseline -0.005 -15"><span class='ocrx_word' id='word_1_360' title='bbox 2381 2059 2525 2120; x_wconf 77' lang='grc' dir='ltr'>οὗτοι</span> <span class='ocrx_word' id='word_1_361' title='bbox 2567 2067 2676 2135; x_wconf 73' lang='grc' dir='ltr'><strong>γὰρ</strong></span> <span class='ocrx_word' id='word_1_362' title='bbox 2721 2066 2978 2133; x_wconf 87' lang='grc' dir='ltr'>δυνάμεις</span> <span class='ocrx_word' id='word_1_363' title='bbox 3029 2064 3220 2117; x_wconf 74' lang='grc' dir='ltr'>ἔλαϐον</span> <span class='ocrx_word' id='word_1_364' title='bbox 3271 2065 3443 2114; x_wconf 82' lang='grc' dir='ltr'>ποιεῖν</span> <span class='ocrx_word' id='word_1_365' title='bbox 3475 2064 3696 2131; x_wconf 85' lang='grc' dir='ltr'>σημεῖα,</span> <span class='ocrx_word' id='word_1_366' title='bbox 3749 2062 3874 2129; x_wconf 63' lang='grc' dir='ltr'>οὐχὶ</span> <span class='ocrx_word' id='word_1_367' title='bbox 3907 2061 3969 2112; x_wconf 85' lang='grc' dir='ltr'>δὲ</span> 
     </span>
    </p>
   </div>
   <div class='ocr_carea' id='block_1_52' title="bbox 2384 2148 3970 2226">
    <p class='ocr_par' dir='ltr' id='par_1_52' title="bbox 2384 2148 3970 2226">
     <span class='ocr_line' id='line_1_52' title="bbox 2384 2148 3970 2226; baseline -0.003 -17"><span class='ocrx_word' id='word_1_368' title='bbox 2384 2157 2605 2226; x_wconf 83' lang='grc' dir='ltr'>Πνεῦμα</span> <span class='ocrx_word' id='word_1_369' title='bbox 2638 2157 2834 2209; x_wconf 75' lang='grc' dir='ltr'>διδόναι</span> <span class='ocrx_word' id='word_1_370' title='bbox 2873 2157 3098 2224; x_wconf 79' lang='grc' dir='ltr'>ἑτέροις.</span> <span class='ocrx_word' id='word_1_371' title='bbox 3124 2155 3293 2206; x_wconf 86' lang='grc' dir='ltr'>Τοῦτο</span> <span class='ocrx_word' id='word_1_372' title='bbox 3326 2154 3433 2221; x_wconf 81' lang='grc' dir='ltr'><strong>γὰρ</strong></span> <span class='ocrx_word' id='word_1_373' title='bbox 3483 2148 3550 2221; x_wconf 78' lang='grc' dir='ltr'>ἦν</span> <span class='ocrx_word' id='word_1_374' title='bbox 3579 2153 3640 2204; x_wconf 87' lang='grc' dir='ltr'>τὸ</span> <span class='ocrx_word' id='word_1_375' title='bbox 3667 2152 3772 2204; x_wconf 83' lang='grc' dir='ltr'>τῶν</span> <span class='ocrx_word' id='word_1_376' title='bbox 3825 2153 3970 2205; x_wconf 75' lang='grc' dir='ltr'>ἀπο-</span> 
     </span>
    </p>
   </div>
   <div class='ocr_carea' id='block_1_53' title="bbox 2385 2243 3972 2317">
    <p class='ocr_par' dir='ltr' id='par_1_53' title="bbox 2385 2243 3972 2317">
     <span class='ocr_line' id='line_1_53' title="bbox 2385 2243 3972 2317; baseline -0.004 -18"><span class='ocrx_word' id='word_1_377' title='bbox 2385 2248 2584 2299; x_wconf 81' lang='grc' dir='ltr'>στόλων</span> <span class='ocrx_word' id='word_1_378' title='bbox 2641 2248 2934 2317; x_wconf 80' lang='grc' dir='ltr'>ἐξαίριτον.</span> <span class='ocrx_word' id='word_1_379' title='bbox 2996 2246 3206 2306; x_wconf 74' lang='grc' dir='ltr'>Ἄλλως</span> <span class='ocrx_word' id='word_1_380' title='bbox 3247 2263 3307 2297; x_wconf 90' lang='grc' dir='ltr'><strong>τε</strong></span> <span class='ocrx_word' id='word_1_381' title='bbox 3341 2244 3420 2308; x_wconf 85' lang='grc' dir='ltr'>δὲ,</span> <span class='ocrx_word' id='word_1_382' title='bbox 3464 2244 3524 2296; x_wconf 83' lang='grc' dir='ltr'><strong>οῦ</strong></span> <span class='ocrx_word' id='word_1_383' title='bbox 3572 2245 3851 2312; x_wconf 73' lang='grc' dir='ltr'>κατήγαγε</span> <span class='ocrx_word' id='word_1_384' title='bbox 3906 2243 3972 2293; x_wconf 69' lang='grc' dir='ltr'><strong>τ’)</strong></span> 
     </span>
    </p>
   </div>
   <div class='ocr_carea' id='block_1_54' title="bbox 2386 2335 3970 2407">
    <p class='ocr_par' dir='ltr' id='par_1_54' title="bbox 2386 2335 3970 2407">
     <span class='ocr_line' id='line_1_54' title="bbox 2386 2335 3970 2407; baseline -0.005 -16"><span class='ocrx_word' id='word_1_385' title='bbox 2386 2339 2610 2407; x_wconf 77' lang='grc' dir='ltr'>Πνεῦμα</span> <span class='ocrx_word' id='word_1_386' title='bbox 2639 2341 2667 2391; x_wconf 98' lang='lat'><strong>6</strong></span> <span class='ocrx_word' id='word_1_387' title='bbox 2687 2340 2952 2400; x_wconf 81' lang='grc' dir='ltr'>Φίλιππος</span> <span class='ocrx_word' id='word_1_388' title='bbox 2976 2340 3068 2391; x_wconf 71' lang='grc' dir='ltr'>ἐπὶ</span> <span class='ocrx_word' id='word_1_389' title='bbox 3089 2339 3214 2400; x_wconf 75' lang='grc' dir='ltr'>τοὺς</span> <span class='ocrx_word' id='word_1_390' title='bbox 3240 2339 3328 2389; x_wconf 78' lang='grc' dir='ltr'>ὑπ’</span> <span class='ocrx_word' id='word_1_391' title='bbox 3355 2337 3518 2390; x_wconf 74' lang='grc' dir='ltr'>αὑτοῦ</span> <span class='ocrx_word' id='word_1_392' title='bbox 3548 2335 3970 2405; x_wconf 79' lang='grc' dir='ltr'>βαπτισθέντας,</span> 
     </span>
    </p>
   </div>
   <div class='ocr_carea' id='block_1_55' title="bbox 2384 2425 3974 2500">
    <p class='ocr_par' dir='ltr' id='par_1_55' title="bbox 2384 2425 3974 2500">
     <span class='ocr_line' id='line_1_55' title="bbox 2384 2425 3974 2500; baseline -0.004 -19"><span class='ocrx_word' id='word_1_393' title='bbox 2384 2430 2500 2500; x_wconf 70' lang='grc' dir='ltr'>ἢτοι</span> <span class='ocrx_word' id='word_1_394' title='bbox 2532 2429 2706 2498; x_wconf 85' lang='grc' dir='ltr'>τιμῶν</span> <span class='ocrx_word' id='word_1_395' title='bbox 2735 2431 2860 2492; x_wconf 79' lang='grc' dir='ltr'>τοὺς</span> <span class='ocrx_word' id='word_1_396' title='bbox 2896 2430 3228 2491; x_wconf 79' lang='grc' dir='ltr'>ἀποστόλους</span> <span class='ocrx_word' id='word_1_397' title='bbox 3258 2430 3337 2497; x_wconf 77' lang='grc' dir='ltr'><strong>(οὐ</strong></span> <span class='ocrx_word' id='word_1_398' title='bbox 3381 2430 3484 2497; x_wconf 78' lang='grc' dir='ltr'><strong>γάρ</strong></span> <span class='ocrx_word' id='word_1_399' title='bbox 3521 2427 3594 2487; x_wconf 82' lang='grc' dir='ltr'>ὡς</span> <span class='ocrx_word' id='word_1_400' title='bbox 3621 2425 3839 2493; x_wconf 79' lang='grc' dir='ltr'>εὐτελὴς</span> <span class='ocrx_word' id='word_1_401' title='bbox 3875 2425 3974 2475; x_wconf 73' lang='grc' dir='ltr'><strong>καὶ</strong></span> 
     </span>
    </p>
   </div>
   <div class='ocr_carea' id='block_1_56' title="bbox 2385 2521 3972 2588">
    <p class='ocr_par' dir='ltr' id='par_1_56' title="bbox 2385 2521 3972 2588">
     <span class='ocr_line' id='line_1_56' title="bbox 2385 2521 3972 2588; baseline -0.004 -16"><span class='ocrx_word' id='word_1_402' title='bbox 2385 2521 2620 2584; x_wconf 81' lang='grc' dir='ltr'>ἀνάξιος,</span> <span class='ocrx_word' id='word_1_403' title='bbox 2654 2522 2814 2574; x_wconf 76' lang='grc' dir='ltr'>ὁπότε</span> <span class='ocrx_word' id='word_1_404' title='bbox 2870 2523 2965 2574; x_wconf 67' lang='grc' dir='ltr'>καὶ</span> <span class='ocrx_word' id='word_1_405' title='bbox 3005 2522 3166 2582; x_wconf 73' lang='grc' dir='ltr'>αὐτὸς</span> <span class='ocrx_word' id='word_1_406' title='bbox 3191 2521 3476 2588; x_wconf 79' lang='grc' dir='ltr'>ἀνεγράφη</span> <span class='ocrx_word' id='word_1_407' title='bbox 3513 2521 3713 2586; x_wconf 77' lang='grc' dir='ltr'>σημεῖα</span> <span class='ocrx_word' id='word_1_408' title='bbox 3736 2532 3972 2582; x_wconf 82' lang='grc' dir='ltr'>πεποιη-</span> 
     </span>
    </p>
   </div>
   <div class='ocr_carea' id='block_1_57' title="bbox 2390 2608 3969 2676">
    <p class='ocr_par' dir='ltr' id='par_1_57' title="bbox 2390 2608 3969 2676">
     <span class='ocr_line' id='line_1_57' title="bbox 2390 2608 3969 2676; baseline -0.001 -12"><span class='ocrx_word' id='word_1_409' title='bbox 2390 2612 2519 2674; x_wconf 85' lang='grc' dir='ltr'>κὼς,</span> <span class='ocrx_word' id='word_1_410' title='bbox 2578 2616 2670 2665; x_wconf 77' lang='grc' dir='ltr'>καὶ</span> <span class='ocrx_word' id='word_1_411' title='bbox 2733 2614 2902 2674; x_wconf 81' lang='grc' dir='ltr'>ἰάσεις</span> <span class='ocrx_word' id='word_1_412' title='bbox 2951 2615 3141 2676; x_wconf 83' lang='grc' dir='ltr'>νόσων,</span> <span class='ocrx_word' id='word_1_413' title='bbox 3191 2613 3283 2663; x_wconf 71' lang='grc' dir='ltr'>καὶ</span> <span class='ocrx_word' id='word_1_414' title='bbox 3347 2611 3568 2670; x_wconf 73' lang='grc' dir='ltr'>ἐκϐολάς</span> <span class='ocrx_word' id='word_1_415' title='bbox 3625 2608 3969 2676; x_wconf 79' lang='grc' dir='ltr'>δαιμόνων).</span> 
     </span>
    </p>
   </div>
   <div class='ocr_carea' id='block_1_58' title="bbox 2388 2698 3967 2773">
    <p class='ocr_par' dir='ltr' id='par_1_58' title="bbox 2388 2698 3967 2773">
     <span class='ocr_line' id='line_1_58' title="bbox 2388 2698 3967 2773; baseline -0.003 -19"><span class='ocrx_word' id='word_1_416' title='bbox 2388 2705 2500 2754; x_wconf 83' lang='grc' dir='ltr'>ἀλλ’</span> <span class='ocrx_word' id='word_1_417' title='bbox 2552 2707 2631 2757; x_wconf 83' lang='grc' dir='ltr'>ὅτι</span> <span class='ocrx_word' id='word_1_418' title='bbox 2683 2707 2784 2757; x_wconf 75' lang='grc' dir='ltr'>οὐκ</span> <span class='ocrx_word' id='word_1_419' title='bbox 2813 2704 3017 2773; x_wconf 77' lang='grc' dir='ltr'>ηὔξατο</span> <span class='ocrx_word' id='word_1_420' title='bbox 3079 2704 3237 2756; x_wconf 77' lang='grc' dir='ltr'>τοῦτο</span> <span class='ocrx_word' id='word_1_421' title='bbox 3289 2705 3470 2761; x_wconf 74' lang='grc' dir='ltr'>αὐτοῖς</span> <span class='ocrx_word' id='word_1_422' title='bbox 3525 2700 3787 2768; x_wconf 76' lang='grc' dir='ltr'>ὑπάρξαι,</span> <span class='ocrx_word' id='word_1_423' title='bbox 3844 2698 3967 2750; x_wconf 78' lang='grc' dir='ltr'>ἀλλ’</span> 
     </span>
    </p>
   </div>
   <div class='ocr_carea' id='block_1_59' title="bbox 2389 2789 3972 2865">
    <p class='ocr_par' dir='ltr' id='par_1_59' title="bbox 2389 2789 3972 2865">
     <span class='ocr_line' id='line_1_59' title="bbox 2389 2789 3972 2865; baseline -0.004 -19"><span class='ocrx_word' id='word_1_424' title='bbox 2389 2795 2464 2857; x_wconf 80' lang='grc' dir='ltr'><strong>ὡς</strong></span> <span class='ocrx_word' id='word_1_425' title='bbox 2524 2796 2708 2864; x_wconf 81' lang='grc' dir='ltr'>ἀκμὴν</span> <span class='ocrx_word' id='word_1_426' title='bbox 2761 2796 2835 2865; x_wconf 83' lang='grc' dir='ltr'>μὴ</span> <span class='ocrx_word' id='word_1_427' title='bbox 2891 2792 3041 2849; x_wconf 77' lang='grc' dir='ltr'>οὖσιν</span> <span class='ocrx_word' id='word_1_428' title='bbox 3112 2795 3435 2863; x_wconf 74' lang='grc' dir='ltr'>ἐπιτηδείοις</span> <span class='ocrx_word' id='word_1_429' title='bbox 3515 2793 3650 2861; x_wconf 55' lang='grc' dir='ltr'>πρὸς</span> <span class='ocrx_word' id='word_1_430' title='bbox 3703 2791 3802 2860; x_wconf 81' lang='grc' dir='ltr'>τὴν</span> <span class='ocrx_word' id='word_1_431' title='bbox 3875 2789 3972 2841; x_wconf 79' lang='grc' dir='ltr'><strong>τοῦ</strong></span> 
     </span>
    </p>
   </div>
   <div class='ocr_carea' id='block_1_60' title="bbox 2391 2882 3976 2957">
    <p class='ocr_par' dir='ltr' id='par_1_60' title="bbox 2391 2882 3976 2957">
     <span class='ocr_line' id='line_1_60' title="bbox 2391 2882 3976 2957; baseline -0.003 -19"><span class='ocrx_word' id='word_1_432' title='bbox 2391 2887 2709 2955; x_wconf 76' lang='grc' dir='ltr'>Πνεῦματος</span> <span class='ocrx_word' id='word_1_433' title='bbox 2744 2888 3032 2957; x_wconf 78' lang='grc' dir='ltr'>ὑποδοχὴν,</span> <span class='ocrx_word' id='word_1_434' title='bbox 3061 2888 3223 2940; x_wconf 83' lang='grc' dir='ltr'>ὁπότε</span> <span class='ocrx_word' id='word_1_435' title='bbox 3259 2888 3351 2938; x_wconf 75' lang='grc' dir='ltr'>καὶ</span> <span class='ocrx_word' id='word_1_436' title='bbox 3383 2887 3411 2937; x_wconf 85' lang='grc' dir='ltr'><strong>ὁ</strong></span> <span class='ocrx_word' id='word_1_437' title='bbox 3443 2886 3622 2953; x_wconf 84' lang='grc' dir='ltr'>Σίμων</span> <span class='ocrx_word' id='word_1_438' title='bbox 3653 2882 3976 2952; x_wconf 60' lang='grc' dir='ltr'>βαπτισθεὶς</span> 
     </span>
    </p>
   </div>
   <div class='ocr_carea' id='block_1_61' title="bbox 2391 2976 3969 3047">
    <p class='ocr_par' dir='ltr' id='par_1_61' title="bbox 2391 2976 3969 3047">
     <span class='ocr_line' id='line_1_61' title="bbox 2391 2976 3969 3047; baseline -0.003 -18"><span class='ocrx_word' id='word_1_439' title='bbox 2391 2978 2482 3029; x_wconf 81' lang='grc' dir='ltr'><strong>ὑπ’</strong></span> <span class='ocrx_word' id='word_1_440' title='bbox 2522 2977 2710 3040; x_wconf 82' lang='grc' dir='ltr'>αὑτοῦ,</span> <span class='ocrx_word' id='word_1_441' title='bbox 2757 2980 2941 3047; x_wconf 80' lang='grc' dir='ltr'>ἀκμὴν</span> <span class='ocrx_word' id='word_1_442' title='bbox 3005 2978 3072 3032; x_wconf 78' lang='grc' dir='ltr'><strong>τά</strong></span> <span class='ocrx_word' id='word_1_443' title='bbox 3119 2979 3219 3046; x_wconf 83' lang='grc' dir='ltr'>τῆς</span> <span class='ocrx_word' id='word_1_444' title='bbox 3285 2977 3487 3046; x_wconf 80' lang='grc' dir='ltr'>σαρκὸς</span> <span class='ocrx_word' id='word_1_445' title='bbox 3554 2976 3786 3045; x_wconf 83' lang='grc' dir='ltr'>φρονῶν,</span> <span class='ocrx_word' id='word_1_446' title='bbox 3847 2976 3969 3044; x_wconf 71' lang='grc' dir='ltr'>ᾔτει</span> 
     </span>
    </p>
   </div>
   <div class='ocr_carea' id='block_1_62' title="bbox 713 3065 2283 3160">
    <p class='ocr_par' dir='ltr' id='par_1_62' title="bbox 713 3067 2283 3136">
     <span class='ocr_line' id='line_1_62' title="bbox 713 3067 2283 3136; baseline -0.003 -14"><span class='ocrx_word' id='word_1_447' title='bbox 713 3067 808 3122; x_wconf 83' lang='lat' dir='ltr'><strong>sed</strong></span> <span class='ocrx_word' id='word_1_448' title='bbox 871 3071 1022 3136; x_wconf 88' lang='lat' dir='ltr'><strong>quia,</strong></span> <span class='ocrx_word' id='word_1_449' title='bbox 1061 3077 1121 3122; x_wconf 90' lang='lat' dir='ltr'><strong>ut</strong></span> <span class='ocrx_word' id='word_1_450' title='bbox 1171 3068 1438 3136; x_wconf 89' lang='lat' dir='ltr'><strong>apostolis</strong></span> <span class='ocrx_word' id='word_1_451' title='bbox 1492 3068 1636 3120; x_wconf 82' lang='lat' dir='ltr'><strong>hunc</strong></span> <span class='ocrx_word' id='word_1_452' title='bbox 1704 3067 1940 3120; x_wconf 85' lang='lat' dir='ltr'><strong>deferret</strong></span> <span class='ocrx_word' id='word_1_453' title='bbox 1997 3067 2283 3129; x_wconf 86' lang='lat' dir='ltr'><strong>honorem,</strong></span> 
     </span>
    </p>
   </div>
   <div class='ocr_carea' id='block_1_63' title="bbox 2387 3065 3979 3160">
    <p class='ocr_par' dir='ltr' id='par_1_63' title="bbox 2390 3065 3979 3138">
     <span class='ocr_line' id='line_1_63' title="bbox 2390 3065 3979 3138; baseline -0.003 -18"><span class='ocrx_word' id='word_1_454' title='bbox 2390 3071 2504 3129; x_wconf 86' lang='grc' dir='ltr'>τοῖς</span> <span class='ocrx_word' id='word_1_455' title='bbox 2576 3069 2895 3132; x_wconf 83' lang='grc' dir='ltr'>ἀποστόλοις</span> <span class='ocrx_word' id='word_1_456' title='bbox 2967 3069 3056 3120; x_wconf 80' lang='grc' dir='ltr'>διὰ</span> <span class='ocrx_word' id='word_1_457' title='bbox 3132 3069 3426 3138; x_wconf 84' lang='grc' dir='ltr'>χρημάτων</span> <span class='ocrx_word' id='word_1_458' title='bbox 3505 3068 3705 3128; x_wconf 81' lang='grc' dir='ltr'>δόσεως</span> <span class='ocrx_word' id='word_1_459' title='bbox 3788 3065 3979 3117; x_wconf 79' lang='grc' dir='ltr'>λαϐεῖν</span> 
     </span>
    </p>
   </div>
   <div class='ocr_carea' id='block_1_64' title="bbox 715 3157 2284 3227">
    <p class='ocr_par' dir='ltr' id='par_1_64' title="bbox 715 3157 2284 3227">
     <span class='ocr_line' id='line_1_64' title="bbox 715 3157 2284 3227; baseline -0.002 -14"><span class='ocrx_word' id='word_1_460' title='bbox 715 3173 824 3213; x_wconf 90' lang='lat' dir='ltr'><strong>non</strong></span> <span class='ocrx_word' id='word_1_461' title='bbox 860 3159 1110 3227; x_wconf 76' lang='lat' dir='ltr'><strong>rogabat,</strong></span> <span class='ocrx_word' id='word_1_462' title='bbox 1148 3166 1207 3211; x_wconf 92' lang='lat' dir='ltr'><strong>ut</strong></span> <span class='ocrx_word' id='word_1_463' title='bbox 1247 3159 1296 3210; x_wconf 93' lang='lat' dir='ltr'><strong>id</strong></span> <span class='ocrx_word' id='word_1_464' title='bbox 1332 3173 1360 3210; x_wconf 90' lang='lat' dir='ltr'><strong>a</strong></span> <span class='ocrx_word' id='word_1_465' title='bbox 1394 3174 1452 3212; x_wconf 86' lang='lat' dir='ltr'><strong>se</strong></span> <span class='ocrx_word' id='word_1_466' title='bbox 1485 3157 1772 3226; x_wconf 82' lang='lat' dir='ltr'><strong>baptizatis</strong></span> <span class='ocrx_word' id='word_1_467' title='bbox 1821 3157 2159 3226; x_wconf 77' lang='lat' dir='ltr'><strong>contingeret</strong></span> <span class='ocrx_word' id='word_1_468' title='bbox 2186 3176 2199 3216; x_wconf 84' lang='lat'><strong>;</strong></span> <span class='ocrx_word' id='word_1_469' title='bbox 2231 3167 2284 3210; x_wconf 89' lang='lat' dir='ltr'><strong>et</strong></span> 
     </span>
    </p>
   </div>
   <div class='ocr_carea' id='block_1_65' title="bbox 714 3247 2272 3318">
    <p class='ocr_par' dir='ltr' id='par_1_65' title="bbox 714 3247 2272 3318">
     <span class='ocr_line' id='line_1_65' title="bbox 714 3247 2272 3318; baseline -0.003 -15"><span class='ocrx_word' id='word_1_470' title='bbox 714 3250 946 3303; x_wconf 79' lang='lat' dir='ltr'><strong>fortasse</strong></span> <span class='ocrx_word' id='word_1_471' title='bbox 984 3251 1109 3318; x_wconf 89' lang='lat' dir='ltr'><strong>quia</strong></span> <span class='ocrx_word' id='word_1_472' title='bbox 1143 3249 1178 3301; x_wconf 91' lang='lat' dir='ltr'><strong>ii</strong></span> <span class='ocrx_word' id='word_1_473' title='bbox 1213 3248 1278 3301; x_wconf 92' lang='lat' dir='ltr'><strong>ad</strong></span> <span class='ocrx_word' id='word_1_474' title='bbox 1311 3247 1575 3316; x_wconf 87' lang='lat' dir='ltr'><strong>Spiritum</strong></span> <span class='ocrx_word' id='word_1_475' title='bbox 1609 3256 1859 3300; x_wconf 89' lang='lat' dir='ltr'><strong>sanctum</strong></span> <span class='ocrx_word' id='word_1_476' title='bbox 1899 3248 2272 3316; x_wconf 87' lang='lat' dir='ltr'><strong>recipiendum</strong></span> 
     </span>
    </p>
   </div>
   <div class='ocr_carea' id='block_1_66' title="bbox 2393 3153 3980 3232">
    <p class='ocr_par' dir='ltr' id='par_1_66' title="bbox 2393 3153 3980 3232">
     <span class='ocr_line' id='line_1_66' title="bbox 2393 3153 3980 3232; baseline -0.002 -22"><span class='ocrx_word' id='word_1_477' title='bbox 2393 3160 2663 3225; x_wconf 80' lang='grc' dir='ltr'>ἐξουσίαν,</span> <span class='ocrx_word' id='word_1_478' title='bbox 2689 3153 2731 3225; x_wconf 80' lang='grc' dir='ltr'>ᾧ</span> <span class='ocrx_word' id='word_1_479' title='bbox 2765 3161 2830 3213; x_wconf 81' lang='grc' dir='ltr'>ἂν</span> <span class='ocrx_word' id='word_1_480' title='bbox 2867 3160 3019 3232; x_wconf 78' lang='grc' dir='ltr'>θέλῃ,</span> <span class='ocrx_word' id='word_1_481' title='bbox 3046 3161 3134 3213; x_wconf 77' lang='grc' dir='ltr'><strong>διὰ</strong></span> <span class='ocrx_word' id='word_1_482' title='bbox 3160 3165 3256 3230; x_wconf 83' lang='grc' dir='ltr'>τῆς</span> <span class='ocrx_word' id='word_1_483' title='bbox 3287 3160 3393 3212; x_wconf 81' lang='grc' dir='ltr'><strong>τῶν</strong></span> <span class='ocrx_word' id='word_1_484' title='bbox 3431 3159 3627 3229; x_wconf 82' lang='grc' dir='ltr'>χειρῶν</span> <span class='ocrx_word' id='word_1_485' title='bbox 3675 3157 3980 3218; x_wconf 78' lang='grc' dir='ltr'>ἐπιθέσεως</span> 
     </span>
    </p>
   </div>
   <div class='ocr_carea' id='block_1_67' title="bbox 2385 3250 3027 3321">
    <p class='ocr_par' dir='ltr' id='par_1_67' title="bbox 2385 3250 3027 3321">
     <span class='ocr_line' id='line_1_67' title="bbox 2385 3250 3027 3321; baseline -0.002 -18"><span class='ocrx_word' id='word_1_486' title='bbox 2385 3250 2565 3304; x_wconf 80' lang='grc' dir='ltr'>δοῦναι</span> <span class='ocrx_word' id='word_1_487' title='bbox 2600 3251 2822 3321; x_wconf 83' lang='grc' dir='ltr'>Πνεῦμα</span> <span class='ocrx_word' id='word_1_488' title='bbox 2855 3252 3027 3318; x_wconf 79' lang='grc' dir='ltr'>ἇγιον.</span> 
     </span>
    </p>
   </div>
   <div class='ocr_carea' id='block_1_68' title="bbox 715 3336 3980 3413">
    <p class='ocr_par' dir='ltr' id='par_1_68' title="bbox 715 3336 3980 3413">
     <span class='ocr_line' id='line_1_68' title="bbox 715 3336 3980 3413; baseline -0.002 -19"><span class='ocrx_word' id='word_1_489' title='bbox 715 3341 953 3394; x_wconf 87' lang='lat' dir='ltr'><strong>nondum</strong></span> <span class='ocrx_word' id='word_1_490' title='bbox 1011 3349 1170 3392; x_wconf 89' lang='lat' dir='ltr'><strong>erant</strong></span> <span class='ocrx_word' id='word_1_491' title='bbox 1221 3339 1440 3396; x_wconf 88' lang='lat' dir='ltr'><strong>idonei;</strong></span> <span class='ocrx_word' id='word_1_492' title='bbox 1474 3338 1912 3407; x_wconf 75' lang='lat' dir='ltr'><strong>quaedoquidmn</strong></span> <span class='ocrx_word' id='word_1_493' title='bbox 1973 3347 2026 3391; x_wconf 79' lang='lat' dir='ltr'><strong>et</strong></span> <span class='ocrx_word' id='word_1_494' title='bbox 2065 3336 2256 3391; x_wconf 87' lang='lat' dir='ltr'><strong>Simon</strong></span> <span class='ocrx_word' id='word_1_495' title='bbox 2288 3339 2596 3410; x_wconf 86' lang='lat' dir='ltr'><strong>baptizatus</strong></span> <span class='ocrx_word' id='word_1_496' title='bbox 2666 3361 2752 3408; x_wconf 87' lang='lat' dir='ltr'><strong>ea,</strong></span> <span class='ocrx_word' id='word_1_497' title='bbox 2790 3360 2910 3413; x_wconf 68' lang='lat' dir='ltr'><strong>qua~</strong></span> <span class='ocrx_word' id='word_1_498' title='bbox 2945 3345 3130 3397; x_wconf 81' lang='lat' dir='ltr'><strong>carnis</strong></span> <span class='ocrx_word' id='word_1_499' title='bbox 3171 3353 3296 3397; x_wconf 76' lang='lat' dir='ltr'><strong>sunt</strong></span> <span class='ocrx_word' id='word_1_500' title='bbox 3347 3343 3582 3408; x_wconf 81' lang='lat' dir='ltr'><strong>sapiens.</strong></span> <span class='ocrx_word' id='word_1_501' title='bbox 3609 3341 3675 3394; x_wconf 87' lang='lat' dir='ltr'><strong>ab</strong></span> <span class='ocrx_word' id='word_1_502' title='bbox 3710 3338 3980 3407; x_wconf 77' lang='lat' dir='ltr'><strong>apostolis</strong></span> 
     </span>
    </p>
   </div>
   <div class='ocr_carea' id='block_1_69' title="bbox 715 3435 1543 3505">
    <p class='ocr_par' dir='ltr' id='par_1_69' title="bbox 715 3435 1543 3505">
     <span class='ocr_line' id='line_1_69' title="bbox 715 3435 1543 3505; baseline -0.005 -15"><span class='ocrx_word' id='word_1_503' title='bbox 715 3435 935 3505; x_wconf 76' lang='lat' dir='ltr'><strong>petebat</strong></span> <span class='ocrx_word' id='word_1_504' title='bbox 989 3441 1208 3503; x_wconf 82' lang='lat' dir='ltr'><strong>erogata</strong></span> <span class='ocrx_word' id='word_1_505' title='bbox 1266 3435 1496 3503; x_wconf 84' lang='lat' dir='ltr'><strong>pecunia</strong></span> <span class='ocrx_word' id='word_1_506' title='bbox 1531 3475 1543 3493; x_wconf 90' lang='lat'><strong>.</strong></span> 
     </span>
    </p>
   </div>
   <div class='ocr_carea' id='block_1_70' title="bbox 714 3533 986 3580">
    <p class='ocr_par' dir='ltr' id='par_1_70' title="bbox 714 3533 986 3580">
     <span class='ocr_line' id='line_1_70' title="bbox 714 3533 986 3580; baseline -0.007 -2"><span class='ocrx_word' id='word_1_507' title='bbox 714 3533 986 3580; x_wconf 83' lang='lat' dir='ltr'><strong>Sanctum.</strong></span> 
     </span>
    </p>
   </div>
   <div class='ocr_carea' id='block_1_71' title="bbox 1064 3615 1936 3671">
    <p class='ocr_par' dir='ltr' id='par_1_71' title="bbox 1064 3615 1936 3671">
     <span class='ocr_line' id='line_1_71' title="bbox 1064 3615 1936 3671; baseline -0.003 0"><span class='ocrx_word' id='word_1_508' title='bbox 1064 3617 1220 3671; x_wconf 78' lang='lat' dir='ltr'><strong>Feria</strong></span> <span class='ocrx_word' id='word_1_509' title='bbox 1273 3615 1686 3671; x_wconf 65' lang='lat' dir='ltr'><strong>4l|ebdomadte</strong></span> <span class='ocrx_word' id='word_1_510' title='bbox 1741 3616 1936 3668; x_wconf 73' lang='lat' dir='ltr'><strong>tertizc.</strong></span> 
     </span>
    </p>
   </div>
   <div class='ocr_carea' id='block_1_72' title="bbox 1352 3704 1656 3760">
    <p class='ocr_par' dir='ltr' id='par_1_72' title="bbox 1352 3704 1656 3760">
     <span class='ocr_line' id='line_1_72' title="bbox 1352 3704 1656 3760; baseline -0.013 0"><span class='ocrx_word' id='word_1_511' title='bbox 1352 3704 1656 3760; x_wconf 79' lang='lat' dir='ltr'><strong>TEXTUS.</strong></span> 
     </span>
    </p>
   </div>
   <div class='ocr_carea' id='block_1_73' title="bbox 788 3798 2288 3867">
    <p class='ocr_par' dir='ltr' id='par_1_73' title="bbox 788 3798 2288 3867">
     <span class='ocr_line' id='line_1_73' title="bbox 788 3798 2288 3867; baseline -0.003 -13"><span class='ocrx_word' id='word_1_512' title='bbox 788 3801 930 3865; x_wconf 80' lang='lat' dir='ltr'><strong>Vlll,</strong></span> <span class='ocrx_word' id='word_1_513' title='bbox 967 3802 1054 3865; x_wconf 76' lang='grc'><strong>18,</strong></span> <span class='ocrx_word' id='word_1_514' title='bbox 1088 3801 1175 3855; x_wconf 83' lang='lat' dir='ltr'><strong>l9.</strong></span> <span class='ocrx_word' id='word_1_515' title='bbox 1210 3800 1344 3855; x_wconf 89' lang='lat' dir='ltr'><strong>Cum</strong></span> <span class='ocrx_word' id='word_1_516' title='bbox 1407 3802 1634 3855; x_wconf 84' lang='lat' dir='ltr'><strong>vidisset</strong></span> <span class='ocrx_word' id='word_1_517' title='bbox 1665 3808 1844 3852; x_wconf 81' lang='lat' dir='ltr'><strong>autem</strong></span> <span class='ocrx_word' id='word_1_518' title='bbox 1880 3798 2095 3862; x_wconf 88' lang='lat' dir='ltr'><strong>Simon,</strong></span> <span class='ocrx_word' id='word_1_519' title='bbox 2143 3800 2288 3867; x_wconf 89' lang='lat' dir='ltr'><strong>quod</strong></span> 
     </span>
    </p>
   </div>
   <div class='ocr_carea' id='block_1_74' title="bbox 718 3889 2292 3966">
    <p class='ocr_par' dir='ltr' id='par_1_74' title="bbox 718 3889 2292 3966">
     <span class='ocr_line' id='line_1_74' title="bbox 718 3889 2292 3966; baseline -0.006 -17"><span class='ocrx_word' id='word_1_520' title='bbox 718 3913 813 3966; x_wconf 88' lang='lat' dir='ltr'><strong>per</strong></span> <span class='ocrx_word' id='word_1_521' title='bbox 873 3894 1280 3964; x_wconf 85' lang='lat' dir='ltr'><strong>impositionem</strong></span> <span class='ocrx_word' id='word_1_522' title='bbox 1336 3908 1596 3945; x_wconf 89' lang='lat' dir='ltr'><strong>manuum</strong></span> <span class='ocrx_word' id='word_1_523' title='bbox 1645 3889 2021 3959; x_wconf 78' lang='lat' dir='ltr'><strong>apostolorum</strong></span> <span class='ocrx_word' id='word_1_524' title='bbox 2070 3890 2292 3941; x_wconf 85' lang='lat' dir='ltr'><strong>daretur</strong></span> 
     </span>
    </p>
   </div>
   <div class='ocr_carea' id='block_1_75' title="bbox 721 3973 2288 4055">
    <p class='ocr_par' dir='ltr' id='par_1_75' title="bbox 721 3973 2288 4055">
     <span class='ocr_line' id='line_1_75' title="bbox 721 3973 2288 4055; baseline -0.008 -15"><span class='ocrx_word' id='word_1_525' title='bbox 721 3987 1216 4055; x_wconf 87' lang='lat' dir='ltr'><strong>Spiritussauctus,</strong></span> <span class='ocrx_word' id='word_1_526' title='bbox 1237 3981 1435 4034; x_wconf 89' lang='lat' dir='ltr'><strong>obtulit</strong></span> <span class='ocrx_word' id='word_1_527' title='bbox 1462 3980 1539 4033; x_wconf 92' lang='lat' dir='ltr'><strong>eis</strong></span> <span class='ocrx_word' id='word_1_528' title='bbox 1562 3979 1874 4048; x_wconf 89' lang='lat' dir='ltr'><strong>pecuniam,</strong></span> <span class='ocrx_word' id='word_1_529' title='bbox 1906 3975 2129 4028; x_wconf 85' lang='lat' dir='ltr'><strong>dicens:</strong></span> <span class='ocrx_word' id='word_1_530' title='bbox 2160 3973 2288 4028; x_wconf 85' lang='lat' dir='ltr'><strong>Date</strong></span> 
     </span>
    </p>
   </div>
   <div class='ocr_carea' id='block_1_76' title="bbox 719 4068 2290 4142">
    <p class='ocr_par' dir='ltr' id='par_1_76' title="bbox 719 4068 2290 4142">
     <span class='ocr_line' id='line_1_76' title="bbox 719 4068 2290 4142; baseline -0.008 -10"><span class='ocrx_word' id='word_1_531' title='bbox 719 4089 774 4132; x_wconf 90' lang='lat' dir='ltr'><strong>et</strong></span> <span class='ocrx_word' id='word_1_532' title='bbox 804 4079 934 4130; x_wconf 85' lang='lat' dir='ltr'><strong>mihi</strong></span> <span class='ocrx_word' id='word_1_533' title='bbox 971 4077 1111 4129; x_wconf 76' lang='lat' dir='ltr'><strong>baut-</strong></span> <span class='ocrx_word' id='word_1_534' title='bbox 1144 4082 1492 4142; x_wconf 88' lang='lat' dir='ltr'><strong>potestatem,</strong></span> <span class='ocrx_word' id='word_1_535' title='bbox 1525 4082 1582 4125; x_wconf 92' lang='lat' dir='ltr'><strong>ut</strong></span> <span class='ocrx_word' id='word_1_536' title='bbox 1610 4071 1926 4138; x_wconf 89' lang='lat' dir='ltr'><strong>cuicunque</strong></span> <span class='ocrx_word' id='word_1_537' title='bbox 1975 4068 2290 4136; x_wconf 85' lang='lat' dir='ltr'><strong>imposuere</strong></span> 
     </span>
    </p>
   </div>
   <div class='ocr_carea' id='block_1_77' title="bbox 722 4164 1806 4233">
    <p class='ocr_par' dir='ltr' id='par_1_77' title="bbox 722 4164 1806 4233">
     <span class='ocr_line' id='line_1_77' title="bbox 722 4164 1806 4233; baseline -0.004 -15"><span class='ocrx_word' id='word_1_538' title='bbox 722 4181 939 4231; x_wconf 89' lang='lat' dir='ltr'><strong>manus,</strong></span> <span class='ocrx_word' id='word_1_539' title='bbox 963 4165 1199 4233; x_wconf 88' lang='lat' dir='ltr'><strong>accipiat</strong></span> <span class='ocrx_word' id='word_1_540' title='bbox 1234 4164 1499 4232; x_wconf 86' lang='lat' dir='ltr'><strong>Spiritum</strong></span> <span class='ocrx_word' id='word_1_541' title='bbox 1532 4169 1806 4215; x_wconf 84' lang='lat' dir='ltr'><strong>sanctum.</strong></span> 
     </span>
    </p>
   </div>
   <div class='ocr_carea' id='block_1_78' title="bbox 1344 4250 1673 4306">
    <p class='ocr_par' dir='ltr' id='par_1_78' title="bbox 1344 4250 1673 4306">
     <span class='ocr_line' id='line_1_78' title="bbox 1344 4250 1673 4306; baseline 0 0"><span class='ocrx_word' id='word_1_542' title='bbox 1344 4251 1572 4306; x_wconf 77' lang='lat' dir='ltr'><strong>CAPUT</strong></span> <span class='ocrx_word' id='word_1_543' title='bbox 1607 4250 1673 4306; x_wconf 83' lang='grc' dir='ltr'>Χ.</span> 
     </span>
    </p>
   </div>
   <div class='ocr_carea' id='block_1_79' title="bbox 724 4345 2296 4414">
    <p class='ocr_par' dir='ltr' id='par_1_79' title="bbox 724 4345 2296 4414">
     <span class='ocr_line' id='line_1_79' title="bbox 724 4345 2296 4414; baseline -0.003 -15"><span class='ocrx_word' id='word_1_544' title='bbox 724 4347 877 4412; x_wconf 79' lang='lat' dir='ltr'><strong>Quod</strong></span> <span class='ocrx_word' id='word_1_545' title='bbox 936 4364 1038 4400; x_wconf 83' lang='lat' dir='ltr'><strong>non</strong></span> <span class='ocrx_word' id='word_1_546' title='bbox 1099 4347 1162 4398; x_wconf 87' lang='lat' dir='ltr'><strong>ob</strong></span> <span class='ocrx_word' id='word_1_547' title='bbox 1228 4347 1546 4414; x_wconf 80' lang='lat' dir='ltr'><strong>pecuniam,</strong></span> <span class='ocrx_word' id='word_1_548' title='bbox 1605 4361 1766 4404; x_wconf 75' lang='lat' dir='ltr'><strong>neque</strong></span> <span class='ocrx_word' id='word_1_549' title='bbox 1837 4345 2149 4414; x_wconf 76' lang='lat' dir='ltr'><strong>hypocritis.</strong></span> <span class='ocrx_word' id='word_1_550' title='bbox 2207 4347 2296 4396; x_wconf 76' lang='lat' dir='ltr'><strong>sed</strong></span> 
     </span>
    </p>
   </div>
   <div class='ocr_carea' id='block_1_80' title="bbox 794 4430 2374 4509">
    <p class='ocr_par' dir='ltr' id='par_1_80' title="bbox 794 4430 2374 4509">
     <span class='ocr_line' id='line_1_80' title="bbox 794 4430 2374 4509; baseline -0.001 -15"><span class='ocrx_word' id='word_1_551' title='bbox 794 4443 996 4494; x_wconf 78' lang='lat' dir='ltr'><strong>sanctis</strong></span> <span class='ocrx_word' id='word_1_552' title='bbox 1044 4457 1132 4508; x_wconf 82' lang='lat' dir='ltr'><strong>per</strong></span> <span class='ocrx_word' id='word_1_553' title='bbox 1181 4441 1337 4509; x_wconf 81' lang='lat' dir='ltr'><strong>ﬁdem</strong></span> <span class='ocrx_word' id='word_1_554' title='bbox 1396 4440 1550 4493; x_wconf 87' lang='lat' dir='ltr'><strong>detur</strong></span> <span class='ocrx_word' id='word_1_555' title='bbox 1603 4440 2006 4492; x_wconf 78' lang='lat' dir='ltr'><strong>communicatio</strong></span> <span class='ocrx_word' id='word_1_556' title='bbox 2067 4438 2296 4506; x_wconf 74' lang='lat' dir='ltr'><strong>Spiritus</strong></span> <span class='ocrx_word' id='word_1_557' title='bbox 2332 4430 2374 4483; x_wconf 75' lang='grc' dir='ltr'><strong>Β</strong></span> 
     </span>
    </p>
   </div>
   <div class='ocr_carea' id='block_1_81' title="bbox 797 4532 991 4584">
    <p class='ocr_par' dir='ltr' id='par_1_81' title="bbox 797 4532 991 4584">
     <span class='ocr_line' id='line_1_81' title="bbox 797 4532 991 4584; baseline 0.005 -2"><span class='ocrx_word' id='word_1_558' title='bbox 797 4532 991 4584; x_wconf 78' lang='lat' dir='ltr'><strong>sancti.</strong></span> 
     </span>
    </p>
   </div>
   <div class='ocr_carea' id='block_1_82' title="bbox 799 4621 2302 4685">
    <p class='ocr_par' dir='ltr' id='par_1_82' title="bbox 799 4621 2302 4685">
     <span class='ocr_line' id='line_1_82' title="bbox 799 4621 2302 4685; baseline 0.001 -13"><span class='ocrx_word' id='word_1_559' title='bbox 799 4621 929 4685; x_wconf 84' lang='lat' dir='ltr'><strong>thl,</strong></span> <span class='ocrx_word' id='word_1_560' title='bbox 963 4623 1026 4677; x_wconf 86' lang='lat' dir='ltr'><strong>l9</strong></span> <span class='ocrx_word' id='word_1_561' title='bbox 1054 4621 1144 4676; x_wconf 74' lang='lat'><strong>25.</strong></span> <span class='ocrx_word' id='word_1_562' title='bbox 1178 4624 1372 4677; x_wconf 84' lang='lat' dir='ltr'><strong>Petrus</strong></span> <span class='ocrx_word' id='word_1_563' title='bbox 1408 4631 1590 4675; x_wconf 85' lang='lat' dir='ltr'><strong>autem</strong></span> <span class='ocrx_word' id='word_1_564' title='bbox 1655 4621 1792 4676; x_wconf 77' lang='lat' dir='ltr'><strong>dixit</strong></span> <span class='ocrx_word' id='word_1_565' title='bbox 1823 4621 1888 4675; x_wconf 87' lang='lat' dir='ltr'><strong>ad</strong></span> <span class='ocrx_word' id='word_1_566' title='bbox 1923 4631 2052 4676; x_wconf 80' lang='lat' dir='ltr'><strong>eunt</strong></span> <span class='ocrx_word' id='word_1_567' title='bbox 2085 4641 2098 4677; x_wconf 90' lang='lat'><strong>:</strong></span> <span class='ocrx_word' id='word_1_568' title='bbox 2133 4621 2302 4675; x_wconf 88' lang='lat' dir='ltr'><strong>Pecu-</strong></span> 
     </span>
    </p>
   </div>
   <div class='ocr_carea' id='block_1_83' title="bbox 730 4709 2300 4779">
    <p class='ocr_par' dir='ltr' id='par_1_83' title="bbox 730 4709 2300 4779">
     <span class='ocr_line' id='line_1_83' title="bbox 730 4709 2300 4779; baseline 0.001 -19"><span class='ocrx_word' id='word_1_569' title='bbox 730 4709 815 4760; x_wconf 81' lang='lat' dir='ltr'><strong>nia</strong></span> <span class='ocrx_word' id='word_1_570' title='bbox 858 4720 945 4760; x_wconf 90' lang='lat' dir='ltr'><strong>tua</strong></span> <span class='ocrx_word' id='word_1_571' title='bbox 972 4717 1151 4761; x_wconf 87' lang='lat' dir='ltr'><strong>tecum</strong></span> <span class='ocrx_word' id='word_1_572' title='bbox 1186 4710 1258 4762; x_wconf 92' lang='lat' dir='ltr'><strong>sit</strong></span> <span class='ocrx_word' id='word_1_573' title='bbox 1290 4710 1344 4761; x_wconf 94' lang='lat' dir='ltr'><strong>in</strong></span> <span class='ocrx_word' id='word_1_574' title='bbox 1391 4710 1749 4777; x_wconf 88' lang='lat' dir='ltr'><strong>perditionem</strong></span> <span class='ocrx_word' id='word_1_575' title='bbox 1773 4749 1786 4772; x_wconf 90' lang='lat'><strong>,</strong></span> <span class='ocrx_word' id='word_1_576' title='bbox 1811 4711 2071 4779; x_wconf 87' lang='lat' dir='ltr'><strong>quoniam</strong></span> <span class='ocrx_word' id='word_1_577' title='bbox 2097 4711 2300 4762; x_wconf 91' lang='lat' dir='ltr'><strong>donum</strong></span> 
     </span>
    </p>
   </div>
   <div class='ocr_carea' id='block_1_84' title="bbox 730 4800 2303 4871">
    <p class='ocr_par' dir='ltr' id='par_1_84' title="bbox 730 4800 2303 4871">
     <span class='ocr_line' id='line_1_84' title="bbox 730 4800 2303 4871; baseline -0.001 -17"><span class='ocrx_word' id='word_1_578' title='bbox 730 4800 824 4854; x_wconf 89' lang='lat' dir='ltr'><strong>Dei</strong></span> <span class='ocrx_word' id='word_1_579' title='bbox 850 4801 1174 4854; x_wconf 76' lang='lat' dir='ltr'><strong>existimasti</strong></span> <span class='ocrx_word' id='word_1_580' title='bbox 1204 4803 1431 4871; x_wconf 87' lang='lat' dir='ltr'><strong>pecunia</strong></span> <span class='ocrx_word' id='word_1_581' title='bbox 1453 4802 1742 4871; x_wconf 89' lang='lat' dir='ltr'><strong>possideri.</strong></span> <span class='ocrx_word' id='word_1_582' title='bbox 1765 4801 1881 4856; x_wconf 86' lang='lat' dir='ltr'><strong>Non</strong></span> <span class='ocrx_word' id='word_1_583' title='bbox 1910 4810 1995 4856; x_wconf 87' lang='lat' dir='ltr'><strong>est</strong></span> <span class='ocrx_word' id='word_1_584' title='bbox 2027 4802 2121 4854; x_wconf 91' lang='lat' dir='ltr'><strong>tibi</strong></span> <span class='ocrx_word' id='word_1_585' title='bbox 2156 4818 2303 4870; x_wconf 86' lang='lat' dir='ltr'><strong>pars,</strong></span> 
     </span>
    </p>
   </div>
   <div class='ocr_carea' id='block_1_85' title="bbox 732 4891 2304 4958">
    <p class='ocr_par' dir='ltr' id='par_1_85' title="bbox 732 4891 2304 4958">
     <span class='ocr_line' id='line_1_85' title="bbox 732 4891 2304 4958; baseline 0.001 -14"><span class='ocrx_word' id='word_1_586' title='bbox 732 4907 908 4958; x_wconf 79' lang='lat' dir='ltr'><strong>neque</strong></span> <span class='ocrx_word' id='word_1_587' title='bbox 940 4907 1060 4944; x_wconf 86' lang='lat' dir='ltr'><strong>sors</strong></span> <span class='ocrx_word' id='word_1_588' title='bbox 1094 4893 1146 4945; x_wconf 93' lang='lat' dir='ltr'><strong>in</strong></span> <span class='ocrx_word' id='word_1_589' title='bbox 1204 4909 1460 4947; x_wconf 90' lang='lat' dir='ltr'><strong>sermone</strong></span> <span class='ocrx_word' id='word_1_590' title='bbox 1499 4895 1627 4946; x_wconf 89' lang='lat' dir='ltr'><strong>isto.</strong></span> <span class='ocrx_word' id='word_1_591' title='bbox 1681 4891 1787 4946; x_wconf 91' lang='lat' dir='ltr'><strong>Cor</strong></span> <span class='ocrx_word' id='word_1_592' title='bbox 1814 4893 1958 4945; x_wconf 91' lang='lat' dir='ltr'><strong>enim</strong></span> <span class='ocrx_word' id='word_1_593' title='bbox 2007 4901 2161 4945; x_wconf 89' lang='lat' dir='ltr'><strong>tuum</strong></span> <span class='ocrx_word' id='word_1_594' title='bbox 2194 4908 2304 4946; x_wconf 92' lang='lat' dir='ltr'><strong>nou</strong></span> 
     </span>
    </p>
   </div>
   <div class='ocr_carea' id='block_1_86' title="bbox 732 4984 2306 5053">
    <p class='ocr_par' dir='ltr' id='par_1_86' title="bbox 732 4984 2306 5053">
     <span class='ocr_line' id='line_1_86' title="bbox 732 4984 2306 5053; baseline 0.001 -17"><span class='ocrx_word' id='word_1_595' title='bbox 732 4996 814 5037; x_wconf 87' lang='lat' dir='ltr'><strong>est</strong></span> <span class='ocrx_word' id='word_1_596' title='bbox 835 4994 1038 5038; x_wconf 88' lang='lat' dir='ltr'><strong>rectum</strong></span> <span class='ocrx_word' id='word_1_597' title='bbox 1057 5001 1240 5052; x_wconf 84' lang='lat' dir='ltr'><strong>coram</strong></span> <span class='ocrx_word' id='word_1_598' title='bbox 1263 4985 1507 5039; x_wconf 86' lang='lat' dir='ltr'><strong>Domino.</strong></span> <span class='ocrx_word' id='word_1_599' title='bbox 1528 4984 1910 5040; x_wconf 74' lang='lat' dir='ltr'><strong>Pmnitentiam</strong></span> <span class='ocrx_word' id='word_1_600' title='bbox 1930 4985 2112 5053; x_wconf 87' lang='lat' dir='ltr'><strong>itaque</strong></span> <span class='ocrx_word' id='word_1_601' title='bbox 2125 4999 2222 5053; x_wconf 81' lang='lat' dir='ltr'><strong>age</strong></span> <span class='ocrx_word' id='word_1_602' title='bbox 2238 4985 2306 5037; x_wconf 88' lang='lat' dir='ltr'><strong>ab</strong></span> 
     </span>
    </p>
   </div>
   <div class='ocr_carea' id='block_1_87' title="bbox 740 5074 2307 5144">
    <p class='ocr_par' dir='ltr' id='par_1_87' title="bbox 740 5074 2307 5144">
     <span class='ocr_line' id='line_1_87' title="bbox 740 5074 2307 5144; baseline 0 -17"><span class='ocrx_word' id='word_1_603' title='bbox 740 5076 841 5127; x_wconf 88' lang='lat' dir='ltr'><strong>bac</strong></span> <span class='ocrx_word' id='word_1_604' title='bbox 871 5075 1112 5142; x_wconf 86' lang='lat' dir='ltr'><strong>nequitia</strong></span> <span class='ocrx_word' id='word_1_605' title='bbox 1148 5084 1238 5129; x_wconf 91' lang='lat' dir='ltr'><strong>tua</strong></span> <span class='ocrx_word' id='word_1_606' title='bbox 1261 5085 1345 5140; x_wconf 87' lang='lat' dir='ltr'><strong>;et</strong></span> <span class='ocrx_word' id='word_1_607' title='bbox 1373 5091 1497 5144; x_wconf 74' lang='lat' dir='ltr'><strong>roga</strong></span> <span class='ocrx_word' id='word_1_608' title='bbox 1521 5074 1713 5138; x_wconf 87' lang='lat' dir='ltr'><strong>Deum,</strong></span> <span class='ocrx_word' id='word_1_609' title='bbox 1744 5076 1790 5128; x_wconf 90' lang='lat' dir='ltr'><strong>si</strong></span> <span class='ocrx_word' id='word_1_610' title='bbox 1821 5075 1961 5129; x_wconf 88' lang='lat' dir='ltr'><strong>forte</strong></span> <span class='ocrx_word' id='word_1_611' title='bbox 1993 5076 2307 5128; x_wconf 91' lang='lat' dir='ltr'><strong>remittatur</strong></span> 
     </span>
    </p>
   </div>
   <div class='ocr_carea' id='block_1_88' title="bbox 738 5165 2304 5235">
    <p class='ocr_par' dir='ltr' id='par_1_88' title="bbox 738 5165 2304 5235">
     <span class='ocr_line' id='line_1_88' title="bbox 738 5165 2304 5235; baseline 0.001 -17"><span class='ocrx_word' id='word_1_612' title='bbox 738 5167 834 5219; x_wconf 92' lang='lat' dir='ltr'><strong>tibi</strong></span> <span class='ocrx_word' id='word_1_613' title='bbox 875 5168 984 5219; x_wconf 66' lang='lat' dir='ltr'><strong>haec</strong></span> <span class='ocrx_word' id='word_1_614' title='bbox 1014 5167 1270 5235; x_wconf 84' lang='lat' dir='ltr'><strong>cogitatio</strong></span> <span class='ocrx_word' id='word_1_615' title='bbox 1294 5168 1471 5222; x_wconf 92' lang='lat' dir='ltr'><strong>cordis</strong></span> <span class='ocrx_word' id='word_1_616' title='bbox 1501 5168 1599 5220; x_wconf 92' lang='lat' dir='ltr'><strong>tui.</strong></span> <span class='ocrx_word' id='word_1_617' title='bbox 1631 5166 1687 5219; x_wconf 91' lang='lat' dir='ltr'><strong>In</strong></span> <span class='ocrx_word' id='word_1_618' title='bbox 1735 5165 1860 5220; x_wconf 88' lang='lat' dir='ltr'><strong>felle</strong></span> <span class='ocrx_word' id='word_1_619' title='bbox 1907 5167 2051 5220; x_wconf 89' lang='lat' dir='ltr'><strong>enim</strong></span> <span class='ocrx_word' id='word_1_620' title='bbox 2105 5167 2304 5219; x_wconf 86' lang='lat' dir='ltr'><strong>amari-</strong></span> 
     </span>
    </p>
   </div>
   <div class='ocr_carea' id='block_1_89' title="bbox 737 5256 2303 5328">
    <p class='ocr_par' dir='ltr' id='par_1_89' title="bbox 737 5256 2303 5328">
     <span class='ocr_line' id='line_1_89' title="bbox 737 5256 2303 5328; baseline 0 -18"><span class='ocrx_word' id='word_1_621' title='bbox 737 5259 950 5312; x_wconf 88' lang='lat' dir='ltr'><strong>tudinis</strong></span> <span class='ocrx_word' id='word_1_622' title='bbox 1004 5268 1059 5313; x_wconf 85' lang='lat' dir='ltr'><strong>et</strong></span> <span class='ocrx_word' id='word_1_623' title='bbox 1091 5259 1429 5328; x_wconf 76' lang='lat' dir='ltr'><strong>obligatione</strong></span> <span class='ocrx_word' id='word_1_624' title='bbox 1486 5258 1796 5326; x_wconf 89' lang='lat' dir='ltr'><strong>iniquitatis</strong></span> <span class='ocrx_word' id='word_1_625' title='bbox 1852 5256 2013 5310; x_wconf 86' lang='lat' dir='ltr'><strong>video</strong></span> <span class='ocrx_word' id='word_1_626' title='bbox 2048 5265 2100 5310; x_wconf 89' lang='lat' dir='ltr'><strong>te</strong></span> <span class='ocrx_word' id='word_1_627' title='bbox 2159 5272 2303 5312; x_wconf 91' lang='lat' dir='ltr'><strong>esse.</strong></span> 
     </span>
    </p>
   </div>
   <div class='ocr_carea' id='block_1_90' title="bbox 743 5346 2309 5416">
    <p class='ocr_par' dir='ltr' id='par_1_90' title="bbox 743 5346 2309 5416">
     <span class='ocr_line' id='line_1_90' title="bbox 743 5346 2309 5416; baseline 0 -16"><span class='ocrx_word' id='word_1_628' title='bbox 743 5349 1108 5416; x_wconf 65' lang='lat' dir='ltr'><strong>lieSpondens</strong></span> <span class='ocrx_word' id='word_1_629' title='bbox 1164 5356 1346 5401; x_wconf 89' lang='lat' dir='ltr'><strong>autem</strong></span> <span class='ocrx_word' id='word_1_630' title='bbox 1382 5348 1596 5411; x_wconf 78' lang='lat' dir='ltr'><strong>Simon,</strong></span> <span class='ocrx_word' id='word_1_631' title='bbox 1639 5349 1810 5401; x_wconf 82' lang='lat' dir='ltr'><strong>dixit:</strong></span> <span class='ocrx_word' id='word_1_632' title='bbox 1873 5346 2180 5402; x_wconf 82' lang='lat' dir='ltr'><strong>Precamini</strong></span> <span class='ocrx_word' id='word_1_633' title='bbox 2213 5362 2309 5400; x_wconf 68' lang='lat' dir='ltr'><strong>vos</strong></span> 
     </span>
    </p>
   </div>
   <div class='ocr_carea' id='block_1_91' title="bbox 745 5438 2305 5508">
    <p class='ocr_par' dir='ltr' id='par_1_91' title="bbox 745 5438 2305 5508">
     <span class='ocr_line' id='line_1_91' title="bbox 745 5438 2305 5508; baseline 0 -18"><span class='ocrx_word' id='word_1_634' title='bbox 745 5453 847 5508; x_wconf 84' lang='lat' dir='ltr'><strong>pro</strong></span> <span class='ocrx_word' id='word_1_635' title='bbox 873 5455 959 5494; x_wconf 92' lang='lat' dir='ltr'><strong>me</strong></span> <span class='ocrx_word' id='word_1_636' title='bbox 1020 5438 1086 5492; x_wconf 91' lang='lat' dir='ltr'><strong>ad</strong></span> <span class='ocrx_word' id='word_1_637' title='bbox 1148 5438 1458 5505; x_wconf 89' lang='lat' dir='ltr'><strong>Dominum,</strong></span> <span class='ocrx_word' id='word_1_638' title='bbox 1489 5447 1546 5492; x_wconf 92' lang='lat' dir='ltr'><strong>ut</strong></span> <span class='ocrx_word' id='word_1_639' title='bbox 1573 5439 1710 5492; x_wconf 86' lang='lat' dir='ltr'><strong>nihil</strong></span> <span class='ocrx_word' id='word_1_640' title='bbox 1761 5438 1946 5492; x_wconf 77' lang='lat' dir='ltr'><strong>veniat</strong></span> <span class='ocrx_word' id='word_1_641' title='bbox 1999 5453 2164 5508; x_wconf 90' lang='lat' dir='ltr'><strong>super</strong></span> <span class='ocrx_word' id='word_1_642' title='bbox 2220 5453 2305 5491; x_wconf 91' lang='lat' dir='ltr'><strong>me</strong></span> 
     </span>
    </p>
   </div>
   <div class='ocr_carea' id='block_1_92' title="bbox 1636 3435 3978 3508">
    <p class='ocr_par' dir='ltr' id='par_1_92' title="bbox 1636 3435 3978 3508">
     <span class='ocr_line' id='line_1_92' title="bbox 1636 3435 3978 3508; baseline 0.002 -23"><span class='ocrx_word' id='word_1_643' title='bbox 1636 3441 1695 3485; x_wconf 93' lang='lat' dir='ltr'><strong>ut</strong></span> <span class='ocrx_word' id='word_1_644' title='bbox 1751 3440 2069 3500; x_wconf 88' lang='lat' dir='ltr'><strong>potestatem</strong></span> <span class='ocrx_word' id='word_1_645' title='bbox 2113 3435 2384 3504; x_wconf 84' lang='lat' dir='ltr'><strong>acciperet</strong></span> <span class='ocrx_word' id='word_1_646' title='bbox 2414 3437 2577 3491; x_wconf 87' lang='lat' dir='ltr'><strong>dandi</strong></span> <span class='ocrx_word' id='word_1_647' title='bbox 2619 3442 2704 3492; x_wconf 84' lang='lat' dir='ltr'><strong>cui</strong></span> <span class='ocrx_word' id='word_1_648' title='bbox 2766 3442 2946 3503; x_wconf 81' lang='lat' dir='ltr'><strong>vellet,</strong></span> <span class='ocrx_word' id='word_1_649' title='bbox 3007 3456 3266 3492; x_wconf 88' lang='lat' dir='ltr'><strong>manuum</strong></span> <span class='ocrx_word' id='word_1_650' title='bbox 3317 3440 3666 3505; x_wconf 68' lang='lat' dir='ltr'><strong>impOsitione</strong></span> <span class='ocrx_word' id='word_1_651' title='bbox 3707 3438 3915 3508; x_wconf 70' lang='lat' dir='ltr'><strong>Spiritu</strong></span> <span class='ocrx_word' id='word_1_652' title='bbox 3949 3454 3978 3487; x_wconf 71' lang='grc' dir='ltr'><strong>ιι</strong></span> 
     </span>
    </p>
   </div>
   <div class='ocr_carea' id='block_1_93' title="bbox 2789 3622 3590 3692">
    <p class='ocr_par' dir='ltr' id='par_1_93' title="bbox 2789 3622 3590 3692">
     <span class='ocr_line' id='line_1_93' title="bbox 2789 3622 3590 3692; baseline -0.002 -17"><span class='ocrx_word' id='word_1_653' title='bbox 2789 3624 2865 3692; x_wconf 86' lang='grc' dir='ltr'>Τῇ</span> <span class='ocrx_word' id='word_1_654' title='bbox 2919 3622 2972 3675; x_wconf 88' lang='grc' dir='ltr'>δ’</span> <span class='ocrx_word' id='word_1_655' title='bbox 3009 3624 3106 3690; x_wconf 85' lang='grc' dir='ltr'>τῆς</span> <span class='ocrx_word' id='word_1_656' title='bbox 3171 3629 3228 3690; x_wconf 84' lang='grc' dir='ltr'>γ’</span> <span class='ocrx_word' id='word_1_657' title='bbox 3278 3622 3590 3690; x_wconf 77' lang='grc' dir='ltr'>ἑϐδομάδος.</span> 
     </span>
    </p>
   </div>
   <div class='ocr_carea' id='block_1_94' title="bbox 2993 3708 3383 3764">
    <p class='ocr_par' dir='ltr' id='par_1_94' title="bbox 2993 3708 3383 3764">
     <span class='ocr_line' id='line_1_94' title="bbox 2993 3708 3383 3764; baseline -0.003 0"><span class='ocrx_word' id='word_1_658' title='bbox 2993 3708 3383 3764; x_wconf 79' lang='lat' dir='ltr'><strong>KEIMENON.</strong></span> 
     </span>
    </p>
   </div>
   <div class='ocr_carea' id='block_1_95' title="bbox 2466 3803 3988 3872">
    <p class='ocr_par' dir='ltr' id='par_1_95' title="bbox 2466 3803 3988 3872">
     <span class='ocr_line' id='line_1_95' title="bbox 2466 3803 3988 3872; baseline 0.001 -17"><span class='ocrx_word' id='word_1_659' title='bbox 2466 3804 2811 3872; x_wconf 73' lang='grc' dir='ltr'>Θεασάμενός</span> <span class='ocrx_word' id='word_1_660' title='bbox 2854 3804 2909 3854; x_wconf 83' lang='grc' dir='ltr'>δὲ</span> <span class='ocrx_word' id='word_1_661' title='bbox 2957 3805 2983 3856; x_wconf 85' lang='grc' dir='ltr'><strong>ό</strong></span> <span class='ocrx_word' id='word_1_662' title='bbox 3038 3804 3240 3871; x_wconf 84' lang='grc' dir='ltr'>Σίμων,</span> <span class='ocrx_word' id='word_1_663' title='bbox 3286 3804 3366 3855; x_wconf 86' lang='grc' dir='ltr'>ὅτι</span> <span class='ocrx_word' id='word_1_664' title='bbox 3405 3803 3494 3856; x_wconf 77' lang='grc' dir='ltr'><strong>διὰ</strong></span> <span class='ocrx_word' id='word_1_665' title='bbox 3543 3804 3638 3872; x_wconf 81' lang='grc' dir='ltr'>τῆς</span> <span class='ocrx_word' id='word_1_666' title='bbox 3689 3804 3988 3868; x_wconf 75' lang='grc' dir='ltr'>ἐπιθέσεως</span> 
     </span>
    </p>
   </div>
   <div class='ocr_carea' id='block_1_96' title="bbox 2395 3895 3990 3965">
    <p class='ocr_par' dir='ltr' id='par_1_96' title="bbox 2395 3895 3990 3965">
     <span class='ocr_line' id='line_1_96' title="bbox 2395 3895 3990 3965; baseline 0.001 -19"><span class='ocrx_word' id='word_1_667' title='bbox 2395 3895 2502 3947; x_wconf 80' lang='grc' dir='ltr'>τῶν</span> <span class='ocrx_word' id='word_1_668' title='bbox 2548 3895 2742 3965; x_wconf 76' lang='grc' dir='ltr'>χειρῶν</span> <span class='ocrx_word' id='word_1_669' title='bbox 2783 3895 2890 3946; x_wconf 84' lang='grc' dir='ltr'><strong>τῶν</strong></span> <span class='ocrx_word' id='word_1_670' title='bbox 2941 3895 3256 3947; x_wconf 83' lang='grc' dir='ltr'>ἀποστόλων</span> <span class='ocrx_word' id='word_1_671' title='bbox 3306 3895 3505 3947; x_wconf 80' lang='grc' dir='ltr'>δίδοται</span> <span class='ocrx_word' id='word_1_672' title='bbox 3549 3895 3610 3946; x_wconf 80' lang='grc' dir='ltr'>τὸ</span> <span class='ocrx_word' id='word_1_673' title='bbox 3661 3897 3884 3964; x_wconf 86' lang='grc' dir='ltr'>Πνεῦμα</span> <span class='ocrx_word' id='word_1_674' title='bbox 3928 3899 3990 3948; x_wconf 74' lang='grc' dir='ltr'><strong>τὸ</strong></span> 
     </span>
    </p>
   </div>
   <div class='ocr_carea' id='block_1_97' title="bbox 2399 3984 3988 4055">
    <p class='ocr_par' dir='ltr' id='par_1_97' title="bbox 2399 3984 3988 4055">
     <span class='ocr_line' id='line_1_97' title="bbox 2399 3984 3988 4055; baseline -0.001 -17"><span class='ocrx_word' id='word_1_675' title='bbox 2399 3985 2572 4051; x_wconf 75' lang='grc' dir='ltr'>ἅγιον,</span> <span class='ocrx_word' id='word_1_676' title='bbox 2634 3987 3008 4055; x_wconf 84' lang='grc' dir='ltr'>προσήνεγκεν</span> <span class='ocrx_word' id='word_1_677' title='bbox 3070 3986 3252 4046; x_wconf 74' lang='grc' dir='ltr'>αὐτοῖς</span> <span class='ocrx_word' id='word_1_678' title='bbox 3304 3984 3558 4052; x_wconf 84' lang='grc' dir='ltr'>χρήματα</span> <span class='ocrx_word' id='word_1_679' title='bbox 3611 3985 3817 4052; x_wconf 77' lang='grc' dir='ltr'>λέγων’</span> <span class='ocrx_word' id='word_1_680' title='bbox 3860 3987 3988 4037; x_wconf 74' lang='grc' dir='ltr'>Δότε</span> 
     </span>
    </p>
   </div>
   <div class='ocr_carea' id='block_1_98' title="bbox 2397 4067 3990 4142">
    <p class='ocr_par' dir='ltr' id='par_1_98' title="bbox 2397 4067 3990 4142">
     <span class='ocr_line' id='line_1_98' title="bbox 2397 4067 3990 4142; baseline 0 -16"><span class='ocrx_word' id='word_1_681' title='bbox 2397 4075 2562 4142; x_wconf 77' lang='grc' dir='ltr'>κάμοὶ</span> <span class='ocrx_word' id='word_1_682' title='bbox 2603 4077 2700 4142; x_wconf 78' lang='grc' dir='ltr'>τὴν</span> <span class='ocrx_word' id='word_1_683' title='bbox 2749 4075 2996 4138; x_wconf 79' lang='grc' dir='ltr'>ἐξουσίαν</span> <span class='ocrx_word' id='word_1_684' title='bbox 3028 4074 3252 4140; x_wconf 70' lang='grc' dir='ltr'>ταύτην,</span> <span class='ocrx_word' id='word_1_685' title='bbox 3280 4074 3389 4136; x_wconf 87' lang='grc' dir='ltr'>ἶνα,</span> <span class='ocrx_word' id='word_1_686' title='bbox 3532 4075 3625 4126; x_wconf 80' lang='grc' dir='ltr'>ἐὰν</span> <span class='ocrx_word' id='word_1_687' title='bbox 3674 4074 3848 4126; x_wconf 81' lang='grc' dir='ltr'>ἐπιθῶ</span> <span class='ocrx_word' id='word_1_688' title='bbox 3891 4076 3990 4136; x_wconf 72' lang='grc' dir='ltr'>τὰς</span> 
     </span>
    </p>
   </div>
   <div class='ocr_carea' id='block_1_99' title="bbox 2398 4163 3387 4235">
    <p class='ocr_par' dir='ltr' id='par_1_99' title="bbox 2398 4163 3387 4235">
     <span class='ocr_line' id='line_1_99' title="bbox 2398 4163 3387 4235; baseline 0.001 -20"><span class='ocrx_word' id='word_1_689' title='bbox 2398 4168 2608 4234; x_wconf 85' lang='grc' dir='ltr'>χεῖρας,</span> <span class='ocrx_word' id='word_1_690' title='bbox 2654 4164 2902 4235; x_wconf 71' lang='grc' dir='ltr'>λαμὸάνῃ</span> <span class='ocrx_word' id='word_1_691' title='bbox 2939 4163 3162 4232; x_wconf 86' lang='grc' dir='ltr'>Πνεῦμα</span> <span class='ocrx_word' id='word_1_692' title='bbox 3214 4165 3387 4230; x_wconf 82' lang='grc' dir='ltr'>ἆγιον.</span> 
     </span>
    </p>
   </div>
   <div class='ocr_carea' id='block_1_100' title="bbox 2999 4256 3379 4309">
    <p class='ocr_par' dir='ltr' id='par_1_100' title="bbox 2999 4256 3379 4309">
     <span class='ocr_line' id='line_1_100' title="bbox 2999 4256 3379 4309; baseline -0.003 0"><span class='ocrx_word' id='word_1_693' title='bbox 2999 4256 3260 4309; x_wconf 77' lang='grc' dir='ltr'><strong>ΚΕΦΑΛ.’</strong></span> <span class='ocrx_word' id='word_1_694' title='bbox 3311 4258 3341 4306; x_wconf 89' lang='lat' dir='ltr'><strong>l&#39;</strong></span> <span class='ocrx_word' id='word_1_695' title='bbox 3367 4295 3379 4308; x_wconf 92' lang='lat'><strong>.</strong></span> 
     </span>
    </p>
   </div>
   <div class='ocr_carea' id='block_1_101' title="bbox 2405 4346 3990 4416">
    <p class='ocr_par' dir='ltr' id='par_1_101' title="bbox 2405 4346 3990 4416">
     <span class='ocr_line' id='line_1_101' title="bbox 2405 4346 3990 4416; baseline -0.001 -13"><span class='ocrx_word' id='word_1_696' title='bbox 2405 4352 2532 4403; x_wconf 83' lang='grc' dir='ltr'>Ὀτι</span> <span class='ocrx_word' id='word_1_697' title='bbox 2589 4352 2660 4402; x_wconf 86' lang='grc' dir='ltr'>οὐ</span> <span class='ocrx_word' id='word_1_698' title='bbox 2743 4349 2818 4402; x_wconf 75' lang='grc' dir='ltr'>δι’</span> <span class='ocrx_word' id='word_1_699' title='bbox 2863 4347 3170 4416; x_wconf 79' lang='grc' dir='ltr'>ἀργυρίου,</span> <span class='ocrx_word' id='word_1_700' title='bbox 3222 4347 3364 4400; x_wconf 83' lang='grc' dir='ltr'>οὐδὲ</span> <span class='ocrx_word' id='word_1_701' title='bbox 3421 4346 3794 4414; x_wconf 78' lang='grc' dir='ltr'>ὑποκριταῖς,</span> <span class='ocrx_word' id='word_1_702' title='bbox 3853 4351 3990 4402; x_wconf 71' lang='grc' dir='ltr'>ἀλλ’</span> 
     </span>
    </p>
   </div>
   <div class='ocr_carea' id='block_1_102' title="bbox 2474 4439 3996 4508">
    <p class='ocr_par' dir='ltr' id='par_1_102' title="bbox 2474 4439 3996 4508">
     <span class='ocr_line' id='line_1_102' title="bbox 2474 4439 3996 4508; baseline -0.003 -12"><span class='ocrx_word' id='word_1_703' title='bbox 2474 4442 2665 4508; x_wconf 76' lang='grc' dir='ltr'>ἁγίοις</span> <span class='ocrx_word' id='word_1_704' title='bbox 2716 4439 2814 4492; x_wconf 83' lang='grc' dir='ltr'>διὰ</span> <span class='ocrx_word' id='word_1_705' title='bbox 2886 4441 3147 4504; x_wconf 78' lang='grc' dir='ltr'>πίστεως</span> <span class='ocrx_word' id='word_1_706' title='bbox 3209 4440 3246 4504; x_wconf 81' lang='grc' dir='ltr'><em>ὴ</em></span> <span class='ocrx_word' id='word_1_707' title='bbox 3317 4439 3544 4507; x_wconf 77' lang='grc' dir='ltr'>μετοχὴ</span> <span class='ocrx_word' id='word_1_708' title='bbox 3644 4440 3744 4491; x_wconf 83' lang='grc' dir='ltr'><strong>τοῦ</strong></span> <span class='ocrx_word' id='word_1_709' title='bbox 3819 4441 3996 4506; x_wconf 70' lang='grc' dir='ltr'>ἁγίου</span> 
     </span>
    </p>
   </div>
   <div class='ocr_carea' id='block_1_103' title="bbox 2479 4531 3126 4598">
    <p class='ocr_par' dir='ltr' id='par_1_103' title="bbox 2479 4531 3126 4598">
     <span class='ocr_line' id='line_1_103' title="bbox 2479 4531 3126 4598; baseline -0.006 -12"><span class='ocrx_word' id='word_1_710' title='bbox 2479 4533 2826 4598; x_wconf 74' lang='grc' dir='ltr'>Πνεύματος</span> <span class='ocrx_word' id='word_1_711' title='bbox 2879 4531 3126 4583; x_wconf 81' lang='grc' dir='ltr'>δίδοται.</span> 
     </span>
    </p>
   </div>
   <div class='ocr_carea' id='block_1_104' title="bbox 2485 4619 3997 4691">
    <p class='ocr_par' dir='ltr' id='par_1_104' title="bbox 2485 4619 3997 4691">
     <span class='ocr_line' id='line_1_104' title="bbox 2485 4619 3997 4691; baseline -0.003 -15"><span class='ocrx_word' id='word_1_712' title='bbox 2485 4619 2618 4676; x_wconf 64' lang='lat' dir='ltr'><strong>Eine</strong></span> <span class='ocrx_word' id='word_1_713' title='bbox 2648 4623 2704 4676; x_wconf 82' lang='grc' dir='ltr'>δὲ</span> <span class='ocrx_word' id='word_1_714' title='bbox 2733 4622 2882 4691; x_wconf 86' lang='grc' dir='ltr'><strong>αὑτῷ</strong></span> <span class='ocrx_word' id='word_1_715' title='bbox 2914 4625 2943 4675; x_wconf 88' lang='lat'><strong>6</strong></span> <span class='ocrx_word' id='word_1_716' title='bbox 2973 4623 3176 4691; x_wconf 80' lang='grc' dir='ltr'>Πέτρος</span> <span class='ocrx_word' id='word_1_717' title='bbox 3203 4639 3215 4652; x_wconf 90' lang='grc'><strong>·</strong></span> <span class='ocrx_word' id='word_1_718' title='bbox 3248 4622 3321 4673; x_wconf 79' lang='grc' dir='ltr'><strong>Τὸ</strong></span> <span class='ocrx_word' id='word_1_719' title='bbox 3363 4620 3629 4690; x_wconf 81' lang='grc' dir='ltr'>ἀργύριόν</span> <span class='ocrx_word' id='word_1_720' title='bbox 3661 4637 3752 4672; x_wconf 78' lang='grc' dir='ltr'><strong>σου</strong></span> <span class='ocrx_word' id='word_1_721' title='bbox 3787 4621 3885 4671; x_wconf 84' lang='grc' dir='ltr'>σὺν</span> <span class='ocrx_word' id='word_1_722' title='bbox 3917 4625 3997 4673; x_wconf 78' lang='grc' dir='ltr'>σοὶ</span> 
     </span>
    </p>
   </div>
   <div class='ocr_carea' id='block_1_105' title="bbox 2410 4709 3998 4781">
    <p class='ocr_par' dir='ltr' id='par_1_105' title="bbox 2410 4709 3998 4781">
     <span class='ocr_line' id='line_1_105' title="bbox 2410 4709 3998 4781; baseline -0.003 -17"><span class='ocrx_word' id='word_1_723' title='bbox 2410 4713 2494 4781; x_wconf 82' lang='grc' dir='ltr'>εἴη</span> <span class='ocrx_word' id='word_1_724' title='bbox 2522 4715 2601 4774; x_wconf 87' lang='grc' dir='ltr'><strong>εἰς</strong></span> <span class='ocrx_word' id='word_1_725' title='bbox 2627 4712 2924 4774; x_wconf 84' lang='grc' dir='ltr'>ἀπώλειαν,</span> <span class='ocrx_word' id='word_1_726' title='bbox 2974 4713 3054 4764; x_wconf 83' lang='grc' dir='ltr'>ὅτι</span> <span class='ocrx_word' id='word_1_727' title='bbox 3083 4711 3180 4780; x_wconf 80' lang='grc' dir='ltr'>τὴν</span> <span class='ocrx_word' id='word_1_728' title='bbox 3211 4710 3421 4779; x_wconf 75' lang='grc' dir='ltr'>δωρεὰν</span> <span class='ocrx_word' id='word_1_729' title='bbox 3449 4709 3543 4761; x_wconf 87' lang='grc' dir='ltr'><strong>τοῦ</strong></span> <span class='ocrx_word' id='word_1_730' title='bbox 3571 4709 3706 4761; x_wconf 85' lang='grc' dir='ltr'>Θεοῦ</span> <span class='ocrx_word' id='word_1_731' title='bbox 3741 4709 3998 4777; x_wconf 74' lang='grc' dir='ltr'>ἐνόμισας</span> 
     </span>
    </p>
   </div>
   <div class='ocr_carea' id='block_1_106' title="bbox 2411 4800 3999 4872">
    <p class='ocr_par' dir='ltr' id='par_1_106' title="bbox 2411 4800 3999 4872">
     <span class='ocr_line' id='line_1_106' title="bbox 2411 4800 3999 4872; baseline -0.001 -18"><span class='ocrx_word' id='word_1_732' title='bbox 2411 4803 2497 4855; x_wconf 76' lang='grc' dir='ltr'><strong>διὰ</strong></span> <span class='ocrx_word' id='word_1_733' title='bbox 2557 4804 2854 4872; x_wconf 88' lang='grc' dir='ltr'>χρημάτων</span> <span class='ocrx_word' id='word_1_734' title='bbox 2893 4803 3146 4854; x_wconf 79' lang='grc' dir='ltr'>κτᾶσθαι.</span> <span class='ocrx_word' id='word_1_735' title='bbox 3202 4801 3316 4853; x_wconf 86' lang='grc' dir='ltr'><strong>Οὺκ</strong></span> <span class='ocrx_word' id='word_1_736' title='bbox 3373 4801 3488 4854; x_wconf 81' lang='grc' dir='ltr'>ἐστι</span> <span class='ocrx_word' id='word_1_737' title='bbox 3541 4817 3623 4853; x_wconf 88' lang='grc' dir='ltr'><strong>σοι</strong></span> <span class='ocrx_word' id='word_1_738' title='bbox 3674 4800 3831 4868; x_wconf 68' lang='grc' dir='ltr'>μερὶς</span> <span class='ocrx_word' id='word_1_739' title='bbox 3878 4801 3999 4852; x_wconf 81' lang='grc' dir='ltr'>οὐδὲ</span> 
     </span>
    </p>
   </div>
   <div class='ocr_carea' id='block_1_107' title="bbox 2415 4888 3999 4961">
    <p class='ocr_par' dir='ltr' id='par_1_107' title="bbox 2415 4888 3999 4961">
     <span class='ocr_line' id='line_1_107' title="bbox 2415 4888 3999 4961; baseline -0.002 -17"><span class='ocrx_word' id='word_1_740' title='bbox 2415 4893 2612 4961; x_wconf 79' lang='grc' dir='ltr'>κλῆρος</span> <span class='ocrx_word' id='word_1_741' title='bbox 2642 4894 2698 4943; x_wconf 85' lang='grc' dir='ltr'><strong>ἐν</strong></span> <span class='ocrx_word' id='word_1_742' title='bbox 2733 4891 2808 4960; x_wconf 78' lang='grc' dir='ltr'>τῷ</span> <span class='ocrx_word' id='word_1_743' title='bbox 2845 4890 2988 4960; x_wconf 81' lang='grc' dir='ltr'>λόγῳ</span> <span class='ocrx_word' id='word_1_744' title='bbox 3035 4889 3236 4958; x_wconf 76' lang='grc' dir='ltr'>τούτῳ.</span> <span class='ocrx_word' id='word_1_745' title='bbox 3281 4890 3344 4942; x_wconf 85' lang='grc' dir='ltr'><em>Ἡ</em></span> <span class='ocrx_word' id='word_1_746' title='bbox 3374 4889 3480 4958; x_wconf 77' lang='grc' dir='ltr'>γὰρ</span> <span class='ocrx_word' id='word_1_747' title='bbox 3523 4888 3719 4957; x_wconf 85' lang='grc' dir='ltr'>καρδία</span> <span class='ocrx_word' id='word_1_748' title='bbox 3767 4905 3860 4940; x_wconf 89' lang='grc' dir='ltr'><strong>σου</strong></span> <span class='ocrx_word' id='word_1_749' title='bbox 3899 4890 3999 4941; x_wconf 83' lang='grc' dir='ltr'><strong>οῦκ</strong></span> 
     </span>
    </p>
   </div>
   <div class='ocr_carea' id='block_1_108' title="bbox 2415 4980 4000 5048">
    <p class='ocr_par' dir='ltr' id='par_1_108' title="bbox 2415 4980 4000 5048">
     <span class='ocr_line' id='line_1_108' title="bbox 2415 4980 4000 5048; baseline -0.002 -12"><span class='ocrx_word' id='word_1_750' title='bbox 2415 4985 2565 5036; x_wconf 78' lang='grc' dir='ltr'>ἐστιν</span> <span class='ocrx_word' id='word_1_751' title='bbox 2617 4984 2801 5036; x_wconf 79' lang='grc' dir='ltr'>εὐθεῖα</span> <span class='ocrx_word' id='word_1_752' title='bbox 2857 4982 3087 5036; x_wconf 88' lang='grc' dir='ltr'>ἐνώπιον</span> <span class='ocrx_word' id='word_1_753' title='bbox 3146 4982 3240 5034; x_wconf 83' lang='grc' dir='ltr'><strong>τοῦ</strong></span> <span class='ocrx_word' id='word_1_754' title='bbox 3289 4981 3445 5034; x_wconf 84' lang='grc' dir='ltr'>Θεοῦ.</span> <span class='ocrx_word' id='word_1_755' title='bbox 3513 4981 3862 5048; x_wconf 81' lang='grc' dir='ltr'>Μετανόησον</span> <span class='ocrx_word' id='word_1_756' title='bbox 3907 4980 4000 5033; x_wconf 81' lang='grc' dir='ltr'><strong>οῦν</strong></span> 
     </span>
    </p>
   </div>
   <div class='ocr_carea' id='block_1_109' title="bbox 2418 5068 3995 5140">
    <p class='ocr_par' dir='ltr' id='par_1_109' title="bbox 2418 5068 3995 5140">
     <span class='ocr_line' id='line_1_109' title="bbox 2418 5068 3995 5140; baseline -0.003 -16"><span class='ocrx_word' id='word_1_757' title='bbox 2418 5074 2526 5125; x_wconf 70' lang='grc' dir='ltr'><strong>ἀπὸ</strong></span> <span class='ocrx_word' id='word_1_758' title='bbox 2552 5073 2649 5140; x_wconf 80' lang='grc' dir='ltr'>τῆς</span> <span class='ocrx_word' id='word_1_759' title='bbox 2688 5073 2886 5134; x_wconf 83' lang='grc' dir='ltr'>κακίας</span> <span class='ocrx_word' id='word_1_760' title='bbox 2918 5089 3009 5124; x_wconf 86' lang='grc' dir='ltr'><strong>σου</strong></span> <span class='ocrx_word' id='word_1_761' title='bbox 3053 5071 3278 5140; x_wconf 79' lang='grc' dir='ltr'>ταύτης,</span> <span class='ocrx_word' id='word_1_762' title='bbox 3316 5071 3410 5122; x_wconf 80' lang='grc' dir='ltr'>καὶ</span> <span class='ocrx_word' id='word_1_763' title='bbox 3449 5070 3673 5140; x_wconf 80' lang='grc' dir='ltr'>δεήθητι</span> <span class='ocrx_word' id='word_1_764' title='bbox 3717 5069 3812 5121; x_wconf 77' lang='grc' dir='ltr'><strong>τοῦ</strong></span> <span class='ocrx_word' id='word_1_765' title='bbox 3835 5068 3995 5134; x_wconf 78' lang='grc' dir='ltr'>Θειῦ,</span> 
     </span>
    </p>
   </div>
   <div class='ocr_carea' id='block_1_110' title="bbox 2418 5162 3998 5232">
    <p class='ocr_par' dir='ltr' id='par_1_110' title="bbox 2418 5162 3998 5232">
     <span class='ocr_line' id='line_1_110' title="bbox 2418 5162 3998 5232; baseline -0.001 -15"><span class='ocrx_word' id='word_1_766' title='bbox 2418 5168 2465 5217; x_wconf 82' lang='grc' dir='ltr'>εἰ</span> <span class='ocrx_word' id='word_1_767' title='bbox 2502 5165 2608 5232; x_wconf 83' lang='grc' dir='ltr'>ἄρα</span> <span class='ocrx_word' id='word_1_768' title='bbox 2638 5163 2969 5232; x_wconf 81' lang='grc' dir='ltr'>ἀφεθήσεταί</span> <span class='ocrx_word' id='word_1_769' title='bbox 3012 5180 3092 5215; x_wconf 90' lang='grc' dir='ltr'><strong>σοι</strong></span> <span class='ocrx_word' id='word_1_770' title='bbox 3137 5164 3169 5232; x_wconf 80' lang='grc' dir='ltr'>ἡ</span> <span class='ocrx_word' id='word_1_771' title='bbox 3212 5164 3425 5215; x_wconf 79' lang='grc' dir='ltr'>ἐπίνοια</span> <span class='ocrx_word' id='word_1_772' title='bbox 3472 5163 3569 5231; x_wconf 83' lang='grc' dir='ltr'>τῆς</span> <span class='ocrx_word' id='word_1_773' title='bbox 3615 5162 3842 5230; x_wconf 72' lang='grc' dir='ltr'>καρδίας</span> <span class='ocrx_word' id='word_1_774' title='bbox 3885 5178 3998 5215; x_wconf 90' lang='grc' dir='ltr'>σου.</span> 
     </span>
    </p>
   </div>
   <div class='ocr_carea' id='block_1_111' title="bbox 2414 5252 3998 5324">
    <p class='ocr_par' dir='ltr' id='par_1_111' title="bbox 2414 5252 3998 5324">
     <span class='ocr_line' id='line_1_111' title="bbox 2414 5252 3998 5324; baseline -0.004 -16"><span class='ocrx_word' id='word_1_775' title='bbox 2414 5256 2509 5317; x_wconf 67' lang='lat' dir='ltr'><strong>Et;</strong></span> <span class='ocrx_word' id='word_1_776' title='bbox 2535 5254 2644 5324; x_wconf 81' lang='grc' dir='ltr'><strong>γὰρ</strong></span> <span class='ocrx_word' id='word_1_777' title='bbox 2683 5254 2843 5323; x_wconf 77' lang='grc' dir='ltr'>χολὴν</span> <span class='ocrx_word' id='word_1_778' title='bbox 2878 5253 3125 5323; x_wconf 84' lang='grc' dir='ltr'>πικρίας,</span> <span class='ocrx_word' id='word_1_779' title='bbox 3180 5253 3274 5304; x_wconf 71' lang='grc' dir='ltr'>καὶ</span> <span class='ocrx_word' id='word_1_780' title='bbox 3314 5252 3611 5321; x_wconf 85' lang='grc' dir='ltr'>σύνδεσμον</span> <span class='ocrx_word' id='word_1_781' title='bbox 3640 5252 3855 5314; x_wconf 78' lang='grc' dir='ltr'>ἀδικίας</span> <span class='ocrx_word' id='word_1_782' title='bbox 3891 5252 3998 5319; x_wconf 73' lang='grc' dir='ltr'>όρὼ</span> 
     </span>
    </p>
   </div>
   <div class='ocr_carea' id='block_1_112' title="bbox 2416 5341 3994 5414">
    <p class='ocr_par' dir='ltr' id='par_1_112' title="bbox 2416 5341 3994 5414">
     <span class='ocr_line' id='line_1_112' title="bbox 2416 5341 3994 5414; baseline -0.004 -14"><span class='ocrx_word' id='word_1_783' title='bbox 2416 5365 2475 5400; x_wconf 89' lang='grc' dir='ltr'><strong>σε</strong></span> <span class='ocrx_word' id='word_1_784' title='bbox 2499 5345 2994 5414; x_wconf 75' lang='grc' dir='ltr'>δντα.¹Αποκριθεὶς</span> <span class='ocrx_word' id='word_1_785' title='bbox 3024 5346 3081 5396; x_wconf 83' lang='grc' dir='ltr'>δὲ</span> <span class='ocrx_word' id='word_1_786' title='bbox 3109 5347 3137 5398; x_wconf 90' lang='lat'><strong>6</strong></span> <span class='ocrx_word' id='word_1_787' title='bbox 3165 5344 3349 5413; x_wconf 86' lang='grc' dir='ltr'>Σίμων</span> <span class='ocrx_word' id='word_1_788' title='bbox 3375 5341 3524 5395; x_wconf 82' lang='grc' dir='ltr'>εἶπε·</span> <span class='ocrx_word' id='word_1_789' title='bbox 3556 5343 3801 5413; x_wconf 76' lang='grc' dir='ltr'>Δεήθητε</span> <span class='ocrx_word' id='word_1_790' title='bbox 3844 5343 3994 5412; x_wconf 75' lang='grc' dir='ltr'>ὑμεῖς</span> 
     </span>
    </p>
   </div>
   <div class='ocr_carea' id='block_1_113' title="bbox 2416 5431 3998 5506">
    <p class='ocr_par' dir='ltr' id='par_1_113' title="bbox 2416 5431 3998 5506">
     <span class='ocr_line' id='line_1_113' title="bbox 2416 5431 3998 5506; baseline -0.004 -17"><span class='ocrx_word' id='word_1_791' title='bbox 2416 5436 2558 5506; x_wconf 69' lang='grc' dir='ltr'>ὑπὲρ</span> <span class='ocrx_word' id='word_1_792' title='bbox 2613 5435 2747 5506; x_wconf 78' lang='grc' dir='ltr'>ἐμοῦ</span> <span class='ocrx_word' id='word_1_793' title='bbox 2784 5436 2917 5505; x_wconf 71' lang='grc' dir='ltr'>πρὸς</span> <span class='ocrx_word' id='word_1_794' title='bbox 2957 5435 3181 5505; x_wconf 77' lang='grc' dir='ltr'>Κύριον,</span> <span class='ocrx_word' id='word_1_795' title='bbox 3243 5433 3393 5496; x_wconf 80' lang='grc' dir='ltr'>ὅπως</span> <span class='ocrx_word' id='word_1_796' title='bbox 3448 5432 3614 5502; x_wconf 80' lang='grc' dir='ltr'>μηδὲν</span> <span class='ocrx_word' id='word_1_797' title='bbox 3664 5432 3865 5501; x_wconf 66' lang='grc' dir='ltr'>ἐπέλθῃ</span> <span class='ocrx_word' id='word_1_798' title='bbox 3915 5431 3998 5484; x_wconf 74' lang='grc' dir='ltr'>ἐπ’</span> 
     </span>
    </p>
   </div>
   <div class='ocr_carea' id='block_1_114' title="bbox 1926 5568 2785 5633">
    <p class='ocr_par' dir='ltr' id='par_1_114' title="bbox 1926 5568 2785 5633">
     <span class='ocr_line' id='line_1_114' title="bbox 1926 5568 2785 5633; baseline -0.005 -2"><span class='ocrx_word' id='word_1_799' title='bbox 1926 5570 2122 5633; x_wconf 70' lang='lat' dir='ltr'><strong>Varia:</strong></span> <span class='ocrx_word' id='word_1_800' title='bbox 2168 5568 2469 5631; x_wconf 86' lang='lat' dir='ltr'><strong>lectiones</strong></span> <span class='ocrx_word' id='word_1_801' title='bbox 2517 5573 2576 5628; x_wconf 86' lang='lat' dir='ltr'><strong>et</strong></span> <span class='ocrx_word' id='word_1_802' title='bbox 2622 5574 2785 5629; x_wconf 71' lang='lat' dir='ltr'><strong>noue</strong></span> 
     </span>
    </p>
   </div>
   <div class='ocr_carea' id='block_1_115' title="bbox 834 5719 2061 5793">
    <p class='ocr_par' dir='ltr' id='par_1_115' title="bbox 834 5719 2061 5793">
     <span class='ocr_line' id='line_1_115' title="bbox 834 5719 2061 5793; baseline -0.001 -20"><span class='ocrx_word' id='word_1_803' title='bbox 834 5719 1456 5793; x_wconf 76' lang='grc' dir='ltr'>⁶⁹ο⁸¹ὑποκορισάμενος.</span> <span class='ocrx_word' id='word_1_804' title='bbox 1534 5721 1576 5751; x_wconf 83' lang='grc'><strong>⁶¹</strong></span> <span class='ocrx_word' id='word_1_805' title='bbox 1600 5720 1683 5772; x_wconf 79' lang='grc' dir='ltr'>ῖσ.</span> <span class='ocrx_word' id='word_1_806' title='bbox 1721 5719 1795 5782; x_wconf 82' lang='grc' dir='ltr'>ὡς</span> <span class='ocrx_word' id='word_1_807' title='bbox 1831 5720 2061 5789; x_wconf 71' lang='grc' dir='ltr'>ἔφημεν.</span> 
     </span>
    </p>
   </div>
  </div>
