4164 6444
175 411 279 475 925
799 420 1336 480 EXPOSITIONIS
1373 421 1457 481 IN
1497 423 1687 482 ACTA
1726 425 2027 487 TEXTUS
2069 429 2337 491 ALTER.
2379 454 2448 469 -
2482 434 2641 494 CAP.
2684 436 2853 496 VIII.
3347 436 3455 500 9‘26

177 528 273 594 ἐμὲ
323 519 406 581 ὧν
465 527 748 596 εἰρήκατε.
807 533 872 582 Oi
937 534 1036 600 μὲν
1096 528 1189 584 οὖν
1242 533 1762 604 διαμαρτυράμενοι,

1877 539 2070 592 horum
2124 557 2244 608 qum
2299 543 2538 598 dixistis.
2574 546 2635 598 Et
2693 545 2767 597 illi
2824 543 3041 611 quidem
3090 544 3362 599 testificati
3394 557 3449 602 et

178 621 272 672 καὶ
304 621 641 688 λαλήσαντες
682 622 774 674 τὸν
824 624 980 688 λόγον
1010 625 1102 676 τοῦ
1151 626 1377 694 Κυρίου,
1423 626 1762 696 ὑπέστρεψαν

1876 631 2037 683 locuti
2082 633 2307 687 verbum
2347 635 2582 697 Domini,
2639 636 2889 689 redibant
2943 633 3364 705 Jerosolymam,
3393 648 3448 691 et

179 714 255 771 εἰς
327 712 708 782 Ἰερουσαλὴμ.
754 715 954 777 πολλάς
998 734 1055 767 τε
1110 717 1302 786 κώμας
1347 717 1455 769 τῶν
1499 719 1773 790 Σαμαρει-

175 804 283 854 τῶν
331 805 782 872 εὐηγγελίσαντο.

754 915 1135 971 ΕΡΜΗΝΕΙΑ.

256 1000 318 1053 '0
351 1001 545 1068 μιαρὸς
582 995 738 1064 οὗτος
777 1003 980 1072 Σίμων,
1013 1006 1073 1058 οὐ
1108 1005 1342 1070 πίστεως
1372 1007 1556 1059 ἕνεκεν
1600 1024 1768 1078 προσ-

174 1092 356 1161 φέρτυν
380 1093 447 1144 τά
476 1094 751 1162 χρήματα,
780 1094 895 1166 ᾔτει
917 1095 1079 1150 τοῦτο
1128 1099 1383 1166 γενέσθαι
1420 1100 1589 1167 αὐτῷ,
1643 1101 1770 1153 ἀλλ’

172 1185 314 1236 ὥστε
351 1185 621 1253 πορισμὸν
669 1187 818 1256 αὑτῷ
866 1190 1168 1258 χρημάτων
1216 1192 1458 1262 οἰόμενος
1515 1194 1769 1266 ἀφορμὴν

173 1276 335 1328 τοῦτο
374 1277 648 1343 γενέσθαι.
701 1280 977 1350 Πωσῆλθε
1017 1283 1126 1351 γὰρ
1159 1282 1300 1335 ὥστε
1356 1285 1654 1352 πλουτῆσαι
1682 1289 1769 1340 διὰ

173 1368 282 1419 τῶν
312 1367 576 1434 σημείων,
607 1369 859 1438 τοιαύτην
912 1372 1070 1440 χάριν
1098 1372 1414 1442 δεξάμενος,
1463 1375 1645 1438 καθὼς
1675 1379 1768 1430 καὶ

172 1461 368 1530 πρώην
402 1463 700 1529 φαντασίας
733 1463 970 1531 ἐνεργῶν
1005 1463 1091 1516 διὰ
1120 1465 1229 1517 τῶν
1271 1466 1568 1535 δαιμόνων.
1608 1467 1767 1521 Ἰιτοι

177 1549 456 1618 πειράζων
484 1552 608 1614 τοὺς
645 1553 973 1616 ἀποστόλους
1005 1554 1160 1607 τοῦτο
1195 1556 1391 1616 ἐποίει,
1445 1555 1768 1624 βουλόμενος

172 1641 513 1710 κατηγορίαν
547 1642 881 1711 περιϐαλεῖν.
926 1645 1016 1697 Διὸ
1058 1645 1151 1698 καὶ
1183 1646 1399 1698 ﬁxo-Ser
1440 1665 1458 1698 s
1499 1648 1615 1701 Οὐκ
1652 1648 1766 1701 ἔστι

172 1750 250 1786 σοι
287 1735 450 1804 μερὶς
479 1735 538 1786 ἐν
567 1735 812 1805 τῷλόγῳ
849 1735 1058 1806 τούτῳ·
1091 1739 1125 1806 ἡ
1160 1739 1268 1807 γὰρ
1318 1739 1515 1807 καρδία
1550 1757 1642 1793 σου
1668 1741 1767 1792 οὐκ

172 1823 318 1874 ἔστιν
369 1823 555 1875 εὐθεῖα
621 1821 851 1876 ἐνώπιον
904 1826 998 1878 τοῦ
1031 1827 1192 1881 Θεοῦ.
1252 1828 1600 1894 Μετανόησον
1651 1823 1764 1891 οῦν,

169 1917 213 1966 εἰ
241 1916 350 1984 ἄρα
376 1915 709 1984 ἁψεθήσεταί
747 1934 826 1969 σοι
863 1936 881 1968 s
927 1916 990 1970 τὸ
1042 1919 1369 1988 ἁμάρτημα.
1457 1918 1630 1972 Τοῦτο
1681 1920 1761 1979 δὲ,

167 2007 478 2069 δεικνύντος
501 2009 670 2068 ἐστὶν,
699 2009 774 2071 ὡς
801 2009 1244 2082 δυσκατόρθωτον
1289 2013 1348 2063 τὸ
1382 2013 1634 2080 πρᾶγμα,
1673 2013 1768 2067 καὶ

170 2098 374 2168 πολλῆς
407 2099 660 2168 δεόμενον
692 2104 1000 2171 μετανοίας,
1038 2105 1152 2165 τοῖς
1199 2103 1279 2162 είς
1323 2104 1455 2155 αὐτὸ
1513 2104 1572 2155 τὸ
1625 2104 1768 2157 θείον

170 2189 258 2255 ἐξα
269 2190 658 2257 μαρτάνουσιν,
689 2194 768 2254 εἰς
793 2192 824 2244 ὅ
853 2195 947 2245 καὶ
967 2193 1168 2262 Σίμων,
1189 2195 1453 2264 ἀργυρίου
1475 2196 1769 2248 ὑπακούειν

169 2283 243 2343 εἰς
282 2281 388 2343 τὰς
419 2282 699 2351 ἐνεργείας
733 2284 796 2334 τὸ
837 2282 1060 2353 Πνεῦμα
1093 2285 1155 2336 τὸ
1205 2285 1357 2352 ἅγιον
1397 2285 1765 2353 ἡγησάμενος.

170 2371 282 2423 Καὶ
338 2371 536 2434 ἄλλως·
601 2391 620 2424 s
672 2373 747 2425 Τδ
797 2374 1059 2445 ἀργύριόν
1122 2393 1215 2429 σου
1275 2377 1372 2428 σὺν
1424 2377 1506 2428 σοὶ
1551 2379 1636 2446 εἴη
1687 2378 1766 2440 είς

168 2462 478 2515 ἀτεὼλειανο
521 2482 541 2515 ι
574 2466 672 2517 οὐκ
698 2464 814 2517 εστι
841 2465 1014 2519 ταῦτα
1055 2467 1332 2536 ἀραμένου
1363 2469 1426 2529 ⁸³,
1480 2468 1615 2521 ἀλλὰ
1639 2487 1766 2521 παι-

171 2548 452 2613 δεῦοντος,
498 2551 573 2609 ὡς
603 2553 666 2606 ἄν
704 2570 785 2616 τις
842 2555 1005 2624 είπῃο
1064 2555 1136 2607 Τὸ
1190 2557 1455 2627 ἀργύριόν
1503 2575 1595 2610 σου
1646 2575 1768 2611 συν-

173 2641 435 2693 απόλοιτό
463 2659 544 2694 σοι
569 2643 708 2712 μετὰ
737 2645 836 2712 τῆς
864 2647 1253 2714 προαιρέσεως.
1291 2666 1308 2698 ι
1345 2648 1710 2718 Ἀποκριθείς.
1742 2669 1760 2699 ι

171 2732 242 2782 υὺ
303 2732 527 2797 κολάζει
588 2734 684 2788 νῦν
731 2735 822 2788 τὸν
885 2737 1124 2804 Σίμωνα,
1183 2739 1366 2802 καθὼς
1429 2741 1618 2808 πρώην
1670 2743 1760 2792 τὸν

184 2822 456 2885 Ἁνανίαν,
487 2826 571 2876 iv:
599 2825 746 2896 δείξῃ
777 2827 858 2879 ὅτι
895 2828 994 2880 οὐκ
1023 2828 1270 2897 ἀνάγκης
1311 2832 1342 2899 ἡ
1402 2831 1604 2895 πίστις,
1651 2832 1767 2884 ἀλλ’

173 2901 258 2963 ἵνα
285 2912 383 2964 καὶ
417 2913 484 2965 τὰ
517 2912 616 2977 τῆς
647 2915 932 2981 μετανοίας
962 2917 1251 2988 εἰσαγάγῃ.
1285 2920 1331 2971 Ἀ
1345 2921 1466 2988 ρκεί
1494 2921 1602 2990 γὰρ
1631 2922 1769 2990 πρὸς

174 3000 462 3069 διόρθωσιν
493 3001 552 3053 τὸ
583 3003 817 3070 ἐλέγξαι,
860 3005 954 3058 καὶ
980 3006 1040 3056 τὸ
1066 3007 1134 3058 τὰ
1154 3009 1211 3059 ἑν
1241 3011 1306 3078 τῇ
1337 3007 1534 3077 καρδίᾳ
1560 3011 1766 3090 εἰπεῖν,

173 3091 264 3140 καὶ
289 3091 352 3143 τὸ
377 3092 583 3144 ἐκεῖνον
610 3094 943 3162 ὁμολογῆσαι
981 3097 1060 3149 ὅτι
1107 3097 1268 3151 ἑάλω.
1310 3099 1382 3150 Τὸ
1419 3099 1526 3167 γὰρ
1571 3100 1767 3162 εἰπεῖν,

1875 723 2060 779 multis
2148 726 2463 795 regionibus
2541 727 3012 783 Samaritanorum
3108 730 3449 799 evangeliza-

1871 813 2020 868 bant.

2373 905 2940 961 COMMENTARIUS.

1943 992 2223 1052 Scelestus
2257 997 2348 1051 hic
2387 998 2600 1061 Simon,
2661 1002 2872 1069 prolata
2931 997 3184 1065 pecunia,
3225 996 3446 1066 petebat

1872 1087 2034 1153 hujus
2069 1089 2196 1142 doni
2230 1105 2458 1160 compos
2505 1091 2643 1151 ﬁeri,
2678 1106 2785 1144 non
2830 1091 2973 1155 ﬁdei,
3006 1089 3099 1143 sed
3156 1089 3292 1141 lucri
3326 1103 3449 1158 gra-

1875 1179 1969 1233 tia.
2007 1179 2240 1236 Putabat
2297 1184 2529 1248 scilicet,
2586 1181 2749 1252 235
2801 1182 2844 1235 si
2892 1178 3166 1249 ejusmodi
3202 1181 3444 1250 'gratiam

1872 1275 2161 1342 reciperet,
2225 1273 2496 1337 futurum,
2559 1282 2640 1339 ut,
2715 1271 3174 1338 quemadmodum
3238 1272 3445 1339 pridem

1870 1363 2225 1418 dzemoniacis
2259 1364 2572 1433 praestigiis,
2605 1363 2676 1416 ita
2739 1363 2998 1430 deinceps
3050 1361 3444 1416 miraculormn

1871 1455 2177 1524 patratione
2200 1453 2522 1508 ditesceret.
2563 1453 2678 1514 Vel,
2713 1469 2811 1522 per
2846 1454 2948 1507 hoc
2992 1454 3272 1522 apostolos
3326 1460 3447 1506 teu-

1871 1557 1987 1601 tare
2046 1545 2243 1606 voluit,
2303 1559 2559 1613 quarens
2628 1547 2958 1601 calumniam
3022 1546 3259 1615 aliquam
3313 1546 3447 1614 ipsis

1870 1637 2144 1705 aliingere.
2189 1637 2257 1691 Et
2286 1637 2491 1691 idcirco
2539 1638 2726 1691 audit:
2763 1658 2780 1686 ι
2816 1637 2934 1693 Νοη
2984 1649 3070 1693 est
3106 1640 3202 1692 tibi
3235 1653 3360 1707 pars
3389 1639 3445 1690 in

1871 1743 2128 1783 sermone
2184 1727 2326 1791 isto;
2383 1745 2480 1784 cor
2523 1729 2668 1784 enim
2739 1739 3032 1785 tuumnon
3088 1740 3175 1785 est
3234 1737 3443 1783 rectum

1869 1835 2054 1874 coram
2085 1819 2216 1874 Deo.
2250 1817 2634 1874 Paenitentiam
2663 1821 2846 1888 itaque
2875 1835 2974 1890 age
3000 1821 3069 1875 ab
3111 1821 3215 1874 hac
3252 1821 3443 1888 nequi-

1871 1913 1967 1974 tia,
1992 1912 2038 1966 si
2065 1911 2206 1966 forte
2235 1912 2550 1966 remittatur
2585 1913 2682 1965 tibi
2723 1932 2741 1963 ι
2773 1913 2876 1968 hoc
2903 1921 3208 1983 peccatum.
3233 1912 3443 1978 Quibus

1867 2003 2048 2057 verbis
2088 2001 2831 2066 ostenditPetrus,'dimcilis
2881 2004 3282 2059 emendationis
3329 2019 3442 2057 rem

1867 2106 1990 2147 esse
2041 2092 2415 2162 sacrilegium,
2477 2103 2531 2146 et
2588 2092 2654 2145 iis
2703 2094 2795 2162 qui
2849 2095 2904 2146 in
2956 2093 3090 2147 illud
3158 2094 3441 2157 labuntur,

1868 2184 2040 2236 multa
2075 2198 2216 2252 opus
2237 2197 2362 2238 esse
2389 2184 2732 2252 ptenitentia.
2787 2182 2932 2236 Sane
2976 2184 3030 2236 in
3083 2198 3198 2236 rem
3232 2196 3444 2236 sacram

1867 2272 2113 2342 peccavit
2147 2286 2211 2326 ac
2260 2272 2550 2339 sacrilegio
2599 2287 2658 2326 se
2710 2273 3009 2327 obstrinxit
3071 2273 3283 2337 Simon,
3316 2270 3443 2322 dum

1866 2363 2224 2426 existimavit,
2282 2361 2546 2432 Spiritum
2609 2376 2861 2417 sanctum
2905 2364 2958 2416 in
3023 2364 3446 2431 Operationibus

1873 2454 1988 2508 suis
2014 2455 2256 2522 pecunia
2271 2453 2802 2523 obtemperaturum.
2834 2455 3006 2508 Aliter
3031 2472 3046 2509 :
3072 2455 3187 2509 Hoc
3213 2455 3442 2515 dictum,

1873 2565 1892 2597 ι
1922 2546 2161 2600 Pecunia
2180 2555 2266 2598 tua
2284 2554 2464 2599 tecum
2485 2547 2556 2599 sit
2579 2547 2631 2599 in
2651 2547 3035 2616 perditionem,
3064 2567 3080 2598 ι
3104 2563 3211 2601 non
3229 2545 3449 2599 maledi-

1874 2634 2052 2687 centis
2083 2639 2186 2696 est,
2216 2633 2309 2687 sed
2328 2633 2708 2703 eorripientis,
2729 2650 2791 2690 ac
2821 2637 2865 2689 si
2899 2635 3127 2690 dixisset
3165 2655 3179 2692 :
3213 2636 3445 2690 Pecunia

1869 2730 1962 2782 tibi
2007 2739 2210 2797 pereat,
2239 2745 2344 2782 una
2378 2745 2502 2782 cum
2528 2744 2692 2798 prava
2723 2730 2822 2784 hac
2850 2741 2941 2784 tua
2979 2733 3276 2784 voluntate.
3300 2750 3317 2782 ι
3343 2730 3447 2783 Re-

1869 2823 2163 2890 spondens.
2195 2840 2213 2871 ι
2250 2823 2517 2876 Ceterum
2547 2821 2742 2877 Petrus
2764 2825 3010 2895 increpat
3039 2825 3258 2893 quidem
3278 2838 3400 2877 eum
3429 2841 3443 2877 :

1870 2929 1980 2966 non
2014 2923 2194 2968 tamen
2220 2913 2512 2968 confestim
2549 2917 2727 2984 punit,
2765 2917 2841 2968 uti
2869 2923 3027 2968 antea
3054 2917 3318 2969 Ananiam
3344 2930 3446 2981 pu~

1882 3007 2037 3069 nit-it,
2058 3013 2112 3060 et
2141 3014 2202 3058 ut
2223 3008 2476 3061 ostendat
2507 3007 2663 3061 (idem
2689 3015 2934 3062 coactam
2953 3022 3076 3062 esse
3099 3021 3207 3061 non
3228 3005 3445 3069 debere,

1872 3107 1921 3151 et
1947 3107 2002 3150 ut
2026 3099 2199 3166 ipsum
2220 3099 2285 3151 ad
2308 3099 2688 3168 pmtiitentiam
2709 3099 2789 3154 sic
2814 3098 3056 3153 inducat.
3089 3099 3168 3151 Ad
3187 3098 3447 3152 emenda-

173 3177 252 3282 δτι
319 3197 340 3229 s
397 3179 638 3249 Δεήθητε
714 3183 870 3248 ὑμεῖς
940 3184 1079 3255 ὑπὲρ
1122 3185 1280 3253 ἐμοῦ,
1332 3205 1349 3236 ι
1414 3187 1571 3240 τοῦτό
1621 3192 1762 3242 ἐστιν

1874 3190 2076 3243 tionem
2105 3191 2249 3244 enim
2281 3191 2604 3256 suiliciebat,
2641 3192 2788 3262 quod
2836 3202 3075 3261 gesserat
3109 3192 3445 3261 improbare,

171 3265 578 3334 ὁμολογοῦντος.
635 3271 682 3321 εί
711 3275 802 3323 καὶ
854 3271 928 3344 μὴ
992 3273 1100 3325 ἀπὸ
1151 3273 1318 3344 ὀρθῆς
1373 3277 1468 3327 καὶ
1525 3275 1765 3345 σφοδρᾶς

173 3357 464 3421 διαθέσεως
516 3361 747 3428 ἐλέγετο.

1875 3298 1996 3352 qua:
2037 3283 2090 3335 in
2128 3283 2294 3338 corde
2321 3293 2483 3337 erant
2539 3284 2790 3352 proferre
2828 3292 2882 3337 et
2927 3284 3178 3339 confiteri
3211 3298 3269 3339 se
3319 3297 3447 3351 cap-

1860 3381 1974 3427 tum
2014 3389 2178 3441 esse;
2211 3383 2268 3430 et
2291 3391 2424 3430 sane
2455 3376 2584 3429 illud
2612 3391 2625 3428 :
2683 3394 2702 3427 ι
2739 3374 3046 3432 Precamini
3103 3390 3200 3430 vos
3231 3389 3329 3443 pro
3359 3389 3446 3427 me

174 3447 237 3507 ,ιι
263 3449 578 3509 Dmuiunm,
611 3469 629 3501 ι
659 3462 940 3521 peccatum
976 3456 1321 3523 agnoscentis
1374 3467 1430 3512 et
1490 3458 1803 3516 conﬁtentis
1841 3474 1978 3529 erat,
2019 3481 2334 3537 quanquam
2375 3484 2483 3523 non
2523 3467 2659 3524 adeo
2706 3467 2921 3522 sincero
2977 3475 3033 3522 et
3083 3466 3259 3524 valido
3321 3465 3450 3522 οπο·

176 3546 282 3601 Ctu,
311 3549 368 3591 ut
399 3540 707 3608 oportebat,
741 3545 1012 3611 prolatum
1047 3545 1117 3597 ab
1141 3560 1206 3598 eo
1237 3543 1424 3600 fuerit.

760 3633 1008 3688 ΚΕΦΔΛ.
1046 3633 1146 3687 ΙΒ’.

2475 3640 2704 3696 CAPUT
2731 3641 2846 3696 XII.

181 3721 303 3774 ὀτι
332 3722 459 3788 τοῖς
491 3723 736 3792 ἀγαθοῖς
762 3725 861 3778 καὶ
882 3728 1124 3793 πιστοῖς
1151 3729 1356 3782 abode?
1377 3733 1410 3784 ό
1459 3733 1603 3798 Θεὸς
1634 3733 1750 3800 τὴν

1868 3732 1994 3797 Quod
2055 3731 2192 3786 Deus
2251 3732 2412 3788 bonos
2480 3742 2532 3786 et
2578 3733 2758 3803 ﬁdeles
2804 3734 2875 3787 ad
2926 3734 3154 3788 salutem
3199 3749 3447 3802 prospere

241 3818 568 3883 σωτηρίαν,
602 3817 798 3884 δῆλον
838 3820 908 3873 ἐκ
951 3820 1064 3888 τῆς
1127 3822 1278 3875 κατὰ
1319 3823 1426 3876 τὸν
1452 3826 1750 3893 εὐνοῦχον

241 3907 615 3975 ὑποθέσεως.

602 3999 682 4071 Τῇ
729 4007 771 4053 ε’
792 4002 891 4072 τῆς
923 4001 972 4070 γ’
1002 4003 1321 4074 ἐσδομάδος.

177 4089 412 4160 Λέγεται
465 4092 562 4146 καὶ
618 4093 700 4156 είς
751 4093 851 4163 τὴν
902 4095 1098 4164 ἑορτὴν
1131 4097 1228 4150 τοῦ
1262 4099 1419 4166 ἁγίου
1449 4100 1746 4156 Φιλίππου.

764 4183 1156 4241 ΚΕΙΜΕΝΟΝ.

247 4273 518 4341 Ἀγγελος
560 4274 616 4327 δὲ
665 4276 870 4347 Κυρίου
908 4279 1140 4345 ἐλάλησε
1191 4283 1327 4352 πρὸς
1373 4284 1638 4338 Φίλιππον
1667 4285 1752 4340 λέ-

1914 3824 2074 3877 ducat
2108 3840 2126 3877 :
2157 3824 2316 3894 idque
2342 3825 2686 3896 manifestum
2707 3841 2773 3880 ea:
2801 3842 2860 3880 eo
2892 3825 3030 3896 quod
3081 3826 3300 3895 conligit
3347 3842 3442 3879 eu—

1915 3915 2104 3968 nullo.

2235 4004 2395 4061 Feria
2419 4006 2452 4060 5
2480 4005 2836 4061 hebdomadas
2869 4007 3060 4061 tertiae.

2125 4097 2336 4152 Dicitur
2364 4098 2529 4152 etiam
2562 4099 2615 4151 in
2649 4097 2787 4151 festo
2813 4096 2872 4151 S.
2900 4096 3157 4167 Philippi.

2503 4188 2800 4243 'I'EXTUS.

1927 4282 2260 4345 Vlll,‘26-59.
2287 4281 2526 4351 Angelus
2560 4289 2740 4334 autem
2779 4281 2992 4334 Domini
3025 4281 3238 4334 loeutus
3263 4287 3347 4334 est
3377 4280 3444 4334 ad

178 4379 307 4430 γων·
355 4364 651 4436 ’Δνάστηθι
681 4369 776 4421 καὶ
802 4370 1036 4439 πορεύου
1069 4373 1212 4426 κατά
1254 4377 1624 4445 μεσημϐρίαν,
1658 4379 1751 4430 ἐπὶ

1868 4375 2164 4445 Philippum
2192 4374 2380 4427 dicens
2406 4390 2419 4426 :
2473 4373 2644 4441 Surge
2676 4381 2731 4426 et
2760 4373 2896 4426 vade
2926 4382 3114 4426 contra
3139 4371 3442 4434 meridiem,

173 4457 272 4527 τὴν
301 4457 422 4510 ὁδὸν
456 4457 573 4526 τὴν
609 4460 1046 4515 καταϐαίνουσαν
1103 4465 1212 4517 ἀπὸ
1258 4467 1616 4538 Ἰερουσαλὴμ
1672 4470 1753 4531 είς

173 4548 378 4612 Γάζαν*
416 4549 557 4619 αὕτη
591 4553 738 4604 ἐστὶν
770 4553 994 4623 ἔρημος.
1043 4557 1147 4609 Καὶ
1183 4557 1422 4621 ἀναστὰς
1450 4561 1752 4630 ἐπορεύθη·

173 4643 269 4694 καὶ
314 4641 425 4695 ἰδοὺ
453 4641 592 4714 ἀνὴρ
625 4641 821 4712 Αἰθίοψ
853 4645 1105 4713 εὐνοῦχος
1152 4647 1420 4712 δυνάστης
1471 4649 1759 4718 Κανδάκης

176 4733 281 4801 τῆς
341 4732 665 4803 βασιλίσσης
699 4733 994 4800 Αἰθιόπων,
1036 4737 1094 4798 ὃς
1146 4733 1216 4808 ἦν
1273 4739 1368 4792 ἐπὶ
1420 4740 1605 4810 πάσης
1658 4741 1759 4810 τῆς

172 4825 352 4894 γάζης
381 4823 577 4892 αὐτῆς.
626 4825 685 4886 ὃς
729 4825 980 4894 ἀληλύθει
1017 4831 1417 4900 προσκυνήσων
1451 4833 1530 4894 εἰς
1560 4833 1756 4902 Ἰερουσ

175 4916 387 4984 σαλήμ·
417 4910 486 4985 ἦν
515 4933 574 4967 τε
607 4916 992 4986 ὑποστρέφων,
1045 4920 1136 4972 καὶ
1175 4921 1480 4991 καθήμενος
1520 4925 1613 4974 ἐπὶ
1661 4923 1754 4976 τοῦ

174 5007 425 5077 ἅρματος
497 5007 664 5060 αὐτοῦ
698 5047 711 5071 ,
765 5010 860 5061 καὶ
922 5011 1254 5078 ἀνεγίνωσκε
1315 5015 1407 5066 τὸν
1466 5018 1754 5085 προφήτην

185 5099 437 5151 Ἡσαΐαν.
454 5094 586 5151 Εἷπε
620 5099 678 5152 δὲ
706 5101 766 5153 τὸ
783 5101 1008 5171 Πνεῦμα
1030 5103 1109 5173 τῷ
1126 5105 1376 5176 Φιλίππῳ
1401 5121 1413 5134 ·
1448 5108 1751 5176 Πρόσελθε,

174 5192 265 5243 κτλ
285 5190 576 5260 κολλήθητι
604 5191 680 5260 τῷ
700 5193 902 5260 ἅρματι
930 5194 1119 5264 τούτῳ.
1144 5195 1512 5265 Προσδραμὼν
1533 5195 1590 5248 δὲ
1614 5197 1641 5248 ὁ
1672 5198 1760 5249 Φί-

173 5278 395 5340 λιππος,
419 5278 650 5348 ἤκουσεν
677 5280 844 5334 αὑτοῦ
870 5283 1334 5350 ἀναγινώσγοντος
1356 5285 1447 5338 τὸν
1472 5289 1755 5358 προφήτην

185 5367 437 5430 Ἠσαῖαν,
453 5370 546 5422 καὶ
585 5368 758 5424 εἶπεν·
796 5370 950 5446 Ἀρά
990 5392 1053 5441 γε
1095 5377 1382 5441 γινώσκεις
1419 5377 1454 5431 ἃ
1485 5380 1754 5446 ἀναγινώ-

175 5473 327 5520 σκεις
343 5475 357 5522 ;
374 5457 437 5512 Ὀ
453 5459 508 5511 δὲ
528 5456 670 5514 εἷπε·
691 5463 812 5528 Πῶς
839 5465 949 5536 γάρ
970 5467 1036 5520 ἂν
1053 5467 1339 5539 δυναίμην,
1361 5471 1456 5524 ἐὰν
1482 5473 1652 5539 μήτις
1671 5472 1756 5523 ὀδ-

173 5549 364 5620 ηγήσῃ
401 5565 509 5617 tu;
560 5553 905 5622 παρεκάλεσέ
937 5573 998 5609 τε
1043 5560 1133 5612 τὸν
1173 5560 1439 5614 Φίλιππον
1471 5561 1749 5615 ἀναϐάντα

1866 4467 1932 4518 ad
1981 4467 2120 4518 viam
2142 4464 2655 4532 qnaedescenditab
2675 4460 2976 4516 Jerusalem
2998 4463 3051 4515 in
3069 4463 3269 4515 Gazam
3297 4461 3445 4514 :hazc

1862 4563 1945 4612 est
1973 4557 2210 4610 deserta.
2243 4553 2308 4606 Et
2337 4568 2567 4622 surgens
2594 4554 2748 4607 abiit.
2786 4553 2848 4606 Et
2877 4568 3007 4608 ecce
3044 4553 3127 4607 vir
3161 4551 3439 4621 Ethiops,

1866 4647 2174 4710 eunuchus,
2215 4654 2411 4715 potens
2444 4645 2714 4699 Candacis
2740 4647 2943 4715 reginae
2974 4644 3315 4714 Etbiupum,
3347 4645 3439 4714 qui

1864 4748 1984 4794 erat
2014 4752 2177 4806 super
2201 4753 2394 4791 omnes
2424 4752 2588 4807 gazas
2627 4731 2768 4806 ejus,
2807 4747 3032 4792 venerat
3093 4739 3328 4792 adorare
3382 4739 3437 4791 in

1864 4828 2197 4883 Jerusalem:
2240 4837 2294 4882 et
2331 4831 2707 4882 revertebatur
2762 4829 2960 4883 sedens
2998 4845 3163 4898 super
3217 4845 3438 4882 currum

1871 4938 2054 4988 suum,
2106 4923 2402 4990 legensque
2458 4921 2652 4974 Isaiam
2694 4923 3036 4990 prophetam.
3070 4920 3216 4974 Dixit
3256 4927 3453 4974 autem

1865 5013 2101 5082 Spiritus
2134 5002 2416 5082 Philippo:
2443 5011 2651 5066 Accede
2697 5019 2751 5064 et
2779 5011 3013 5081 adjunge
3044 5020 3094 5064 te
3118 5010 3183 5064 ad
3212 5024 3435 5064 currum

1865 5105 2053 5159 istum.
2115 5105 2426 5158 Accurrens
2470 5110 2654 5156 autem
2688 5101 2998 5171 Philippus,
3052 5103 3259 5155 audivit
3311 5116 3436 5155 eum

1864 5197 2128 5265 legentem
2164 5196 2358 5250 Isaiam
2392 5195 2731 5265 prophetam,
2764 5202 2816 5247 et
2861 5193 3001 5247 dixit
3031 5209 3044 5244 :
3073 5193 3311 5247 Putasne
3357 5193 3443 5245 in-

1865 5289 2062 5359 telligis
2092 5303 2215 5356 qua:
2239 5287 2415 5355 legis?
2443 5287 2545 5353 Qui
2577 5287 2653 5340 ait
2680 5304 2692 5339 :
2729 5285 2791 5339 Et
2812 5285 3088 5356 quomodo
3114 5299 3360 5354 possum,
3394 5286 3437 5337 si

1866 5395 1971 5433 non
2023 5379 2222 5446 aliquis
2271 5377 2436 5449 236
2476 5379 2778 5432 ostenderit
2849 5377 3029 5430 mihi?
3093 5375 3438 5446 Rogavitqne

1861 5467 2173 5538 Philippum
2204 5476 2263 5520 ttt
2298 5469 2641 5535 ascenderet,
2676 5477 2731 5524 et
2761 5471 2974 5524 sederet
3010 5482 3223 5522 secum.
3259 5467 3433 5519 Locus

1863 5570 2044 5614 autem
2080 5560 2380 5630 Scriptura:
2401 5577 2562 5632 quam
2589 5562 2798 5633 legebat
2829 5569 2946 5617 erat
2987 5561 3112 5616 hic:
3156 5559 3442 5628 Tanquam

1367 5717 1564 5779 Variae
1595 5719 1897 5782 lectiones
1943 5725 2004 5781 et
2049 5725 2234 5781 notae.

247 5827 294 5858 ⁸³
325 5826 636 5898 ἁρωμένου.
