4164 6444
711 394 815 453 927

1669 389 2243 449 THEOPHYLACTI
2287 391 2698 450 BULGARMS
2732 392 3086 453 ARCHIEP.

3866 396 3981 469 929

712 507 828 554 ovis
851 504 914 554 ad
934 522 978 551 υς
999 503 1257 556 cisionem
1277 503 1475 568 ductus
1508 507 1611 562 est,
1649 510 1703 554 et
1723 501 1866 554 sicut
1897 515 2072 569 agnus
2103 517 2287 553 coram

2399 501 2615 554 καθίσαι
2652 505 2749 555 σὺν
2800 504 2972 574 αὐτῷ.
3016 505 3080 557 Ἠ
3109 505 3164 557 δὲ
3204 507 3434 575 περιοχὴ
3489 510 3588 575 τῆς
3638 507 3862 576 Γραφῆς
3907 511 3976 576 ἢν

715 594 974 646 tondente
1007 609 1084 657 se,
1136 596 1256 647 sine
1293 610 1450 657 voce,
1477 595 1557 648 sic
1587 609 1696 646 non
1732 594 1944 662 aperuit
1977 609 2040 646 os
2099 609 2283 646 suum.

715 683 769 735 In
800 685 1101 738 humilitate
1132 686 1396 753 judicium
1445 685 1564 753 ejus
1594 686 1869 740 sublatum
1907 693 2008 739 est.
2042 685 2286 739 Genera-

713 776 916 826 tiouem
947 775 1065 842 ejus
1113 778 1236 844 quis
1286 778 1613 829 enarrabit?
1668 779 1927 846 quoniam
1979 779 2190 833 tollitur
2223 781 2289 833 de

723 875 862 917 terra
904 866 1016 918 vita
1051 868 1188 934 ejus.
1229 866 1586 936 Respondens
1617 878 1798 922 autem
1831 871 2131 924 Eunuchus
2165 871 2288 923 1³Ηί-

715 955 883 1023 lippo.
937 956 1104 1008 dixit:
1144 955 1390 1011 Obsecro
1421 967 1492 1020 te,
1551 958 1619 1010 dc
1655 975 1763 1026 quo
1829 961 2093 1026 propheta
2153 960 2289 1014 dicit

716 1049 857 1101 hoc?
889 1051 952 1103 de
988 1067 1066 1114 se,
1129 1069 1197 1104 an
1251 1053 1316 1106 de
1365 1053 1472 1105 alio
1513 1053 1741 1121 aliquo?
1781 1056 2048 1123 Aperiens
2105 1065 2284 1108 autem

715 1138 996 1209 Philippus
1041 1158 1102 1196 os
1152 1159 1312 1196 suum
1357 1154 1410 1197 et
1450 1145 1714 1213 incipiens
1759 1161 1787 1197 a
1833 1145 2118 1213 Scriptum
2155 1147 2286 1208 ista,

712 1233 1106 1300 evangelizavit
1138 1234 1213 1286 illi
1247 1232 1456 1288 Jesum.
1489 1234 1550 1286 Et
1609 1235 1738 1287 dum
1798 1236 1939 1290 irent
1993 1253 2088 1304 per
2121 1240 2286 1294 viam.

712 1332 976 1374 venerunt
1013 1323 1078 1376 ad
1120 1327 1410 1394 quamdam
1470 1341 1699 1395 aquam;
1739 1336 1790 1379 et
1843 1329 1918 1378 ait
1972 1330 2288 1383 eunuchus:

713 1410 850 1466 Ecce
889 1430 1048 1483 aqua,
1083 1418 1211 1483 quid
1240 1419 1490 1485 prohibet
1518 1435 1600 1472 me
1645 1420 1958 1487 baptizari?
1994 1419 2136 1472 Dixit
2191 1436 2289 1472 au-

712 1513 816 1556 tem
853 1504 1174 1577 Philippus:
1215 1511 1271 1562 Si
1325 1511 1503 1566 credis
1555 1526 1618 1563 ex
1679 1520 1792 1564 toto
1841 1513 2023 1573 cor-le,
2052 1512 2199 1566 licet.
2229 1515 2292 1565 Et

712 1601 1050 1663 respondens
1099 1603 1216 1654 ait:
1287 1602 1465 1656 Credo
1519 1603 1715 1657 Filium
1775 1605 1864 1658 Dei
1921 1621 2042 1658 esse
2101 1604 2287 1659 Jesum

709 1687 1014 1745 Christum.
1053 1691 1110 1745 Et
1148 1695 1316 1762 jussit
1367 1706 1514 1749 stare
1583 1711 1839 1750 currum:
1874 1705 1926 1748 et
1986 1696 2290 1750 descende-

711 1791 837 1830 runt
865 1790 1094 1852 uterque
1134 1787 1184 1838 in
1223 1802 1440 1854 aquam,
1477 1785 1760 1856 Philippus
1792 1797 1845 1840 et
1883 1789 2192 1851 eunuchus,
2235 1795 2289 1838 et

2396 591 2787 656 ἀνεγίνωσκεν,
2830 589 2897 661 ἦν
2941 592 3102 660 αὖτη“
3139 596 3225 657 Ὠς
3281 596 3551 656 πρόϐατον
3603 596 3696 649 ἐπὶ
3755 600 3976 664 σφαγὴν

2391 682 2554 750 mon,
2593 685 2685 733 καὶ
2741 683 2814 744 ὡς
2875 685 3048 752 ἀμνὸς
3083 687 3328 738 ὲναντίον
3356 685 3450 757 τοῦ
3501 687 3780 756 κείροντος
3807 690 3975 740 αὐτὸν

2393 773 2629 840 ἄφωνος·
2658 773 2830 836 οὕτως
2863 777 2962 827 οὐκ
3001 778 3207 841 ἀνοίγει
3238 778 3298 828 τὸ
3353 779 3527 846 στόμα
3567 779 3755 831 αὐτοῦ.
3793 780 3880 830 Ἐν
3906 783 3974 848 τῇ

2391 867 2722 920 ταπεινώσει
2779 869 2945 920 αὐτοῦ
2994 873 3026 938 ἡ
3083 870 3263 940 κρίσις
3317 873 3485 924 αὐτοῦ
3539 872 3705 942 ἧρθη.
3757 874 3868 942 Τὴν
3915 873 3975 923 δὲ

2393 959 2591 1024 γενεὰν
2642 961 2808 1012 αὐτοῦ
2853 962 2936 1022 τίς
2982 963 3306 1030 διηγήσεται
3331 981 3344 1029 ;
3371 965 3452 1016 ὅτι
3485 966 3702 1034 αἴρεται
3733 967 3842 1018 ἀπὸ
3873 966 3975 1034 τῆς

2394 1051 2495 1118 γῆς
2547 1055 2578 1120 ἡ
2639 1053 2752 1121 ζωὴ
2785 1053 2970 1107 αὐτοῦ.
3017 1056 3360 1124 Ἀποκριθεὶς
3409 1058 3465 1110 δὲ
3524 1061 3551 1110 ὁ
3597 1058 3853 1128 εὐνοῦχος
3895 1059 3976 1128 τῷ

2392 1142 2642 1212 Φιλίππῳ
2672 1140 2812 1196 εἷπε·
2848 1145 3050 1214 Δέομαί
3102 1163 3220 1208 σου,
3267 1148 3397 1218 περὶ
3442 1149 3584 1208 τίνος
3614 1151 3642 1200 ὁ
3687 1151 3976 1217 προφήτης

2393 1233 2567 1285 ταῦτα
2605 1234 2790 1301 λέγεις
2850 1238 2977 1306 περὶ
3018 1238 3240 1302 ἑαυτοῦ,
3298 1240 3330 1307 ἢ
3394 1241 3524 1308 περὶ
3564 1240 3754 1309 ἑτέρου
3787 1241 3972 1302 τινὸςς

2409 1324 2652 1388 Ἀνοίξας
2680 1327 2735 1378 δὲ
2781 1327 2842 1379 τὸ
2878 1330 3051 1398 στόμα
3087 1329 3252 1382 αὐτοῦ
3287 1332 3314 1382 ὁ
3349 1330 3635 1392 Φίλιππος,
3671 1331 3765 1383 καὶ
3798 1330 3975 1399 ἁρξά·

2402 1434 2561 1484 μενος
2603 1418 2710 1469 ἀπὸ
2735 1419 2833 1488 τῆς
2871 1421 3096 1489 Γραφῆς
3126 1423 3353 1494 ταύτης,
3389 1424 3789 1492 εὐηγγελίσατο
3823 1423 3977 1492 αὐτῴ

2395 1508 2486 1559 τὸν
2535 1508 2762 1577 Ἰησοῦν.
2807 1508 2894 1573 Ὠς
2913 1511 2969 1564 δὲ
2999 1514 3324 1583 ἐπορεύοντο
3348 1517 3491 1566 κατά
3517 1515 3615 1585 τὴν
3642 1516 3780 1579 ὁδον,
3809 1511 3976 1583 ἦλθον

2396 1600 2487 1650 ἐπί
2522 1617 2574 1651 τι
2628 1600 2792 1672 ὕδωρ·
2825 1603 2917 1656 καί
2977 1622 3140 1672 φησιν
3189 1607 3217 1658 ὁ
3268 1607 3521 1676 εὐνοῦχος
3569 1607 3644 1676 τῷ
3695 1609 3972 1674 Φιὶίππῳο

2406 1691 2538 1744 Ἰδοὺ
2585 1692 2752 1762 ὕδωρο
2786 1697 2838 1748 τί
2880 1699 3082 1751 κωλύει
3117 1716 3182 1763 με
3226 1699 3628 1769 βαπτισθῆναις
3680 1695 3810 1751 Είπε
3856 1700 3913 1751 δὲ
3949 1702 3975 1751 ὁ

2391 1785 2679 1848 Φίλιππος·
2711 1789 2771 1840 Εἰ
2799 1791 3077 1852 πιστεύεις
3097 1790 3156 1854 ἐξ
3180 1792 3309 1860 ὅλης
3334 1792 3433 1858 τῆς
3466 1791 3710 1859 καρδίας,
3739 1790 3973 1853 ἔξεστιν.

712 1874 1007 1940 baptizavit
1040 1891 1186 1929 eum.
1217 1878 1350 1930 Cum
1381 1888 1562 1932 autem
1622 1879 2000 1932 ascendissent
2041 1878 2106 1931 de
2147 1893 2287 1946 aqua

2408 1879 2755 1948 Ἀποκριθεὶς
2803 1881 2860 1934 δὲ
2923 1879 3064 1935 εἷπε·
3110 1859 3360 1936 Πιστεύω
3407 1883 3497 1936 τὸν
3551 1882 3676 1934 Υίὸν
3706 1881 3801 1934 τοῦ
3834 1881 3977 1933 Θεοῦ

712 1964 950 2032 Spiritus
975 1966 1186 2020 Domini
1224 1969 1401 2035 rapuit
1430 1969 1736 2037 Philippum
1790 1978 1842 2022 et
1895 1971 2132 2037 amplius
2180 1985 2286 2023 non

711 2059 843 2110 vidit
878 2075 999 2112 eum
1033 2061 1340 2114 eunuchus.
1401 2062 1516 2116 Ibat
1573 2074 1750 2116 autern
1804 2078 1898 2129 per
1955 2063 2094 2116 viam
2133 2078 2286 2116 suam

710 2149 968 2209 gaudens.

2396 1967 2534 2023 εἶναι
2580 1974 2672 2024 τὸν
2716 1975 2928 2044 Ἰησοῦν
2968 1977 3224 2044 Χριστόν.
3261 1976 3370 2030 Καὶ
3404 1976 3658 2028 ἐκέλευσε
3694 1975 3886 2044 στῆναι
3917 1975 3980 2026 τὸ

2399 2062 2573 2130 ἅρμα·
2603 2067 2719 2118 ’καὶ
2747 2067 3061 2136 κατέϐησαν
3091 2067 3392 2136 ἀμφότεροι
3431 2069 3510 2129 είς
3551 2068 3612 2119 τὸ
3651 2066 3821 2135 ὕδωρ,
3855 2067 3884 2118 ὃ
3916 2083 3976 2117 τε

2397 2156 2666 2221 Φίλιππος
2697 2159 2792 2211 καὶ
2821 2162 3074 2230 εὐνοῦχος
3098 2178 3111 2190 ·
3141 2164 3235 2214 καὶ
3284 2162 3580 2214 ὲσάπτισεν
3625 2162 3809 2213 αὐτόν.
3843 2161 3980 2213 Ὅτε

707 2241 763 2291 δὲ
800 2242 1072 2312 ἀνέϐησαν
1114 2248 1176 2295 ὲκ
1207 2244 1299 2296 τοῦ
1335 2245 1548 2309 ὓδατος,
1584 2246 1805 2315 Πνεῦμα
1831 2248 2036 2315 Κυρίου
2060 2249 2280 2314 ἥρπασε
2316 2249 2409 2300 τὸν
2443 2252 2733 2314 Φίλιππον,
2782 2255 2875 2305 καὶ
2911 2255 3011 2306 οὐκ
3058 2252 3199 2308 εἶδεν
3224 2256 3385 2307 αὐτὸν
3418 2256 3518 2307 οὐκ
3542 2253 3624 2306 ἐτι
3687 2255 3717 2305 ὁ
3784 2255 3980 2307 εὐνοῦ-

711 2351 821 2400 χος·
855 2336 1146 2404 ἐπορεύετο
1177 2339 1284 2405 γὰρ
1316 2336 1410 2403 τὴν
1442 2337 1558 2389 ὁδὸν
1590 2339 1754 2390 αὐτοῦ
1795 2339 2029 2407 χαίρων.

1210 2431 1782 2487 COMMENTARIUS.

782 2522 964 2586 Quare
1021 2525 1246 2593 angelus
1300 2541 1405 2576 non
1451 2527 1700 2593 apparuit
1735 2525 2013 2587 eunucho,
2055 2541 2293 2596 cumque

712 2612 778 2664 ad
817 2611 1122 2682 Philippum
1186 2630 1293 2666 non
1343 2616 1534 2668 duxit?
1567 2617 1704 2680 Quia
1760 2617 1993 2671 [ωηο-οε
2029 2634 2136 2670 non
2169 2633 2294 2671 cre-

713 2705 956 2768 didisset,
978 2706 1068 2759 sed
1095 2716 1299 2760 tantum
1328 2707 1519 2761 timore
1543 2709 1782 2776 repletos
1804 2719 1969 2761 esset.
1999 2710 2296 2763 Sciendum

711 2813 862 2860 vero,
910 2799 978 2851 ab
1032 2799 1374 2867 (Ethiopihus
1425 2802 1724 2868 quamlibet
1802 2819 1988 2870 regum
2065 2819 2290 2856 suorum

716 2898 970 2951 matrem,
1004 2892 1265 2959 appellari
1317 2891 1646 2944 Caudacem.
1683 2893 1759 2944 llli
1813 2908 2048 2962 namque
2083 2906 2290 2962 patrem

712 2996 898 3048 regum
930 2996 1152 3034 suorum
1192 2997 1299 3034 non
1331 2994 1648 3051 agnoscunt,
1678 2985 1876 3051 quippe
1908 2986 2000 3053 qui
2029 2999 2124 3038 eos
2155 2986 2293 3040 ﬁlius

713 3071 842 3125 solis
867 3073 1226 3140 essmjactant
1247 3089 1259 3123 :
1282 3082 1506 3127 matrem
1527 3084 1731 3139 autem,
1751 3084 1808 3128 ut
1831 3075 1963 3136 dixi,
1985 3075 2290 3130 Candaceui

713 3173 931 3216 vocant.
970 3184 988 3216 ι
1020 3164 1300 3233 Tanquam
1336 3167 1474 3220 ovis.
1532 3185 1548 3216 ι
1592 3166 1702 3221 Hac
1734 3168 1918 3237 phrasi
1950 3169 2294 3236 signiﬁcatur

2343 3228 2363 3248 Ἰ

719 3262 1026 3320 spontanea
1091 3256 1393 3311 Salvatoris
1439 3259 1690 3326 voluntas
1737 3260 1792 3312 in
1860 3261 2162 3315 tolerandis
2219 3262 2286 3315 iis
2319 3241 2364 3287 δ

715 3359 837 3409 qua:
857 3342 922 3394 ad
949 3344 1372 3409 redemptionem
1414 3357 1656 3406 nostram
1695 3350 1987 3412 pertinent.
2018 3351 2292 3414 Quemad-

722 3432 939 3484 modum
968 3433 1111 3486 euim
1161 3435 1300 3497 Ovis,
1349 3453 1473 3489 cum
1499 3437 1564 3488 ad
1585 3439 1916 3490 sacriﬁcium
1956 3440 2197 3499 ducitur.
2235 3449 2290 3494 et

716 3539 910 3591 agnus,
945 3540 1067 3578 curn
1099 3527 1372 3590 tondetur,
1411 3532 1736 3582 necessitate
1773 3532 2018 3582 Videlicet
2043 3532 2286 3592 edomiti,

718 3629 786 3665 ne
817 3613 1055 3667 balatum
1089 3616 1308 3684 quidem
1340 3618 1624 3683 emittunt;
1665 3621 1736 3672 ita
1771 3622 1933 3674 etiam
1972 3622 2107 3688 ipse,
2160 3637 2286 3674 cum

717 3701 891 3756 libens
940 3714 1239 3771 pateretur,
1277 3709 1508 3760 tacebat.
1539 3709 1673 3762 Illud
1711 3721 1916 3771 autem.
1962 3731 1978 3762 ι
2018 3713 2074 3763 lu
2107 3713 2287 3765 humi-

720 3793 1163 3862 litatejudicium
1194 3798 1315 3864 ejus
1356 3800 1630 3853 sublatum
1662 3813 1768 3865 est,
1807 3822 1826 3856 ι
1873 3804 2284 3874 δίκηίίίοοιρριυ

719 3886 1223 3954 \ersumjudicium
1273 3901 1465 3942 contra
1499 3892 1695 3959 ipsum,
1730 3909 1991 3962 oppressa
2041 3897 2290 3961 veritate,

717 3972 942 4029 fictum.
996 3979 1132 4032 Cum
1187 3997 1316 4034 vero
1356 3983 1580 4036 subdit:
1620 4003 1638 4034 ι
1696 3985 2117 4040 Geuerationcm
2173 3989 2292 4056 ejus

719 4067 843 4132 quis
872 4069 1190 4121 euarrabit?
1228 4089 1246 4119 ι
1285 4072 1509 4136 Iudicat,
1545 4091 1667 4126 cum
1720 4077 2049 4146 genealogiae
2102 4092 2293 4146 exper-

721 4163 826 4207 tem
856 4172 1013 4210 esse:
1043 4169 1094 4211 et
1124 4161 1340 4226 quidem
1379 4165 1691 4230 liujusmodi
1719 4177 1858 4223 erat,
1927 4177 1980 4217 ut
2017 4167 2190 4223 Deus:
2234 4168 2294 4218 li-

722 4259 806 4300 cet
837 4250 1138 4303 secundum
1171 4265 1390 4305 carnem
1423 4255 1660 4321 genitus,
1693 4257 1856 4308 etiam
1883 4256 2200 4329 descriptus
2232 4274 2294 4311 ac

723 4338 777 4391 in
838 4355 1003 4394 censu
1060 4344 1272 4408 positus
1338 4343 1522 4399 fuerit.
1568 4347 1658 4399 Vel
1708 4349 1934 4415 perinde
2005 4359 2110 4411 est,
2147 4365 2211 4403 ac
2249 4353 2293 4404 si

723 4428 987 4483 dixisset:
1020 4431 1148 4499 Ejus
1177 4443 1471 4502 postquam.
1498 4439 1821 4499 resurrexit,
1859 4441 2088 4508 gloriam
2133 4444 2296 4496 nohi-

2995 2427 3380 2482 EPMHNEIA.

2466 2524 2563 2575 Διά
2604 2523 2657 2575 τί
2706 2522 2780 2592 μὴ
2825 2521 2906 2590 τῷ
2951 2521 3192 2590 εὐνούχῳ
3227 2520 3478 2587 φαίνεται
3511 2519 3540 2570 ὁ
3592 2517 3842 2583 ἄγγελος,
3879 2516 3980 2569 καὶ

2394 2615 2517 2681 ἄγει
2549 2615 2713 2668 αὐτὸν
2748 2614 2883 2682 πρὸς
2913 2615 3182 2664 Φίλιππον
3208 2630 3222 2676 ;
3266 2613 3390 2664 Ὀτι
3421 2611 3550 2672 ἴσως
3579 2610 3679 2661 οὐκ
3718 2609 3783 2662 ἀν
3819 2610 3974 2662 tusi-

2398 2707 2520 2774 σθη,
2565 2705 2680 2758 ἀλλ’
2711 2706 2998 2772 ,ἑξεπὶάγη
3080 2704 3300 2773 μᾶλλον.
3353 2705 3546 2755 ’ἰστέον
3588 2703 3666 2765 δὲ,
3707 2703 3786 2754 ὅτι
3827 2703 3980 2753 Καν-

2396 2797 2563 2866 δάκην
2605 2796 2860 2857 Δίθιόπες
2920 2798 3102 2848 πᾶσαν
3155 2795 3252 2866 τὴν
3299 2795 3396 2847 τοῦ
3432 2794 3698 2862 βασιλέως
3755 2794 3979 2862 μητέρα

2398 2887 2676 2940 καλοῦσιν·
2701 2888 2890 2956 ιπειδὴ
2916 2890 3127 2954 πατέρα
3158 2888 3418 2948 Αίθιόπες
3446 2887 3545 2938 οὐκ
3581 2886 3975 2954 ἀναφέρουσιν,

2397 2979 2512 3032 ἀλλ’
2544 2981 2619 3040 ὡς
2649 2979 2810 3041 ὄντας
2846 2979 2996 3041 υἱοὺς
3035 2979 3188 3047 ηλίου
3217 2977 3628 3046 παραδιδόασιν
3656 2979 3889 3029 ἑκάστου
3918 2976 3978 3028 δὲ

2397 3069 2496 3138 τὴν
2544 3069 2760 3138 μητέρα
2803 3069 3029 3122 καλοῦσι
3085 3069 3401 3138 Κανδάκην.
3439 3087 3459 3120 ι
3493 3069 3582 3130 Ὠς
3622 3067 3920 3136 πρόϐατον.
3953 3086 3971 3117 ι

2411 3161 2691 3214 Ἐντεῦθεν
2723 3161 2785 3213 τὸ
2821 3160 3073 3214 ἑκούσιον
3122 3161 3219 3213 τοῦ
3287 3161 3542 3230 Σωτῆρος
3593 3161 3652 3211 ὲν
3687 3163 3752 3229 τῇ
3807 3159 3979 3228 πείρα

2394 3252 2503 3303 τῶν
2540 3251 3013 3320 οἰκονομουμένων
3049 3251 3398 3320 σημαίνεται.
3444 3251 3533 3312 Ὠς
3567 3251 3674 3319 γάρ
3705 3251 3981 3318 πρόϐατον

2393 3344 2664 3409 ἀγόμενον
2692 3345 2770 3403 εἰς
2804 3342 3018 3404 θυσίαν,
3045 3342 3078 3410 ἢ
3109 3343 3279 3410 ἀμνὸς
3298 3343 3538 3392 ἐναντίον
3565 3340 3659 3392 τοῦ
3696 3340 3979 3408 κείροντος

2392 3433 2578 3493 αὐτὸν,
2625 3433 2894 3499 ἀνάγεται
2919 3433 2966 3464 ⁸⁵
2993 3433 3394 3500 δαμαζόμενος,
3425 3433 3545 3484 οὐδὲ
3574 3432 3876 3501 emacem
3917 3431 3980 3482 τὸ

2393 3523 2672 3589 ἐνδόσιμον
2718 3525 2858 3593 ἔχει·
2907 3522 3082 3584 οὕτως
3135 3523 3298 3585 αὐτὸς
3340 3522 3484 3574 ἑκὼν
3524 3525 3582 3574 ὲν
3630 3522 3706 3591 τῷ
3742 3524 3980 3591 πάσχειν

2392 3617 2709 3670 ἀπεσιώπα.
2757 3618 2830 3667 Τὸ
2875 3616 2951 3676 δὲ,
3001 3634 3018 3666 ι
3071 3616 3157 3667 Ἐν
3209 3619 3276 3685 τῇ
3326 3615 3658 3667 ταπεινώσει
3720 3615 3887 3666 αὐτοῦ
3942 3616 3982 3683 ἡ

2393 3711 2573 3780 κρίσις
2612 3711 2776 3764 αὐτοῦ
2815 3711 2977 3779 ἤρθη,
3025 3729 3042 3760 ι
3083 3710 3235 3779 δηλοῖ
3267 3712 3366 3779 τὴν
3417 3712 3733 3780 παράνομον
3795 3710 3982 3776 κρίσιν

2395 3801 2480 3855 ἐπ’
2503 3803 2654 3870 αὐτῷ
2676 3803 2966 3870 γενόμενον
2991 3803 3034 3834 ⁸³
3063 3802 3160 3868 τῆς
3176 3802 3435 3869 ἀληθείας
3458 3802 3771 3870 κρυΰείσης.
3796 3801 3870 3851 Τὸ
3898 3800 3979 3865 δὲ,

2401 3912 2417 3942 ι
2463 3893 2573 3962 Τὴν
2599 3897 2794 3959 γενεὰν
2851 3891 3014 3944 αὐτοῦ
3045 3892 3128 3954 τίς
3189 3891 3548 3960 διηγήσεται;
3592 3909 3608 3940 ι
3637 3889 3980 3956 ἐπενεγκὼν,

2395 3983 2670 4035 δείκνυσιν
2720 3982 2886 4034 αὐτὸν
2935 3981 3391 4049 ἀγενεαλόγητον.
3429 3975 3536 4031 Ἦν
3580 3981 3677 4048 μὲν
3723 3981 3833 4046 γὰρ
3883 3977 3988 4031 καὶ

2396 4076 2556 4136 αὐτὸς
2585 4075 3035 4143 ἀγενεαλόγητος,
3066 4073 3140 4135 ὡς
3171 4073 3324 4136 Θεὸς,
3355 4075 3451 4125 καὶ
3489 4071 3629 4126 κατὰ
3661 4072 3848 4140 σάρκα
3881 4088 3982 4136 γε-

2398 4168 2619 4235 νόμενος
2640 4165 2682 4194 ’³⁸
2717 4164 2808 4216 καὶ
2849 4163 3328 4232 ἀπογραφόμενος.
3364 4164 3544 4225 Ἤτοι,
3574 4163 3673 4231 τὴν
3711 4162 3848 4226 μετά
3878 4163 3982 4228 τὴν

2397 4260 2692 4312 ἀνάστασιν
2725 4257 3024 4325 γενομένην
3045 4255 3226 4322 δόξαν,
3256 4256 3349 4306 καὶ
3383 4254 3580 4320 εὐγενῆ
3610 4252 3775 4305 αὐτοῦ
3797 4252 3981 4316 ἀξίαν,

2398 4351 2462 4419 ἢν
2525 4351 2557 4414 ἡ
2618 4347 2727 4398 τῶν
2778 4344 3245 4414 οἰκοδομηθέντων
3286 4345 3327 4374 ⁸⁷
3364 4342 3618 4405 ὑπέδειξε
3666 4344 3850 4410 πεῖρα,
3895 4341 3982 4402 τίς

2399 4442 2554 4492 ἔσται
2599 4439 2781 4499 ἱκανὸς
2806 4438 2950 4504 λόγῳ
2985 4438 3215 4505 φράσαι,
3242 4434 3408 4488 αὐτοῦ
3445 4434 3546 4503 μὲν
3595 4433 3812 4499 θανάτῳ
3841 4433 3980 4485 ὐπο-

725 4521 939 4590 lemque
955 4523 1293 4592 dignitatem,
1323 4541 1485 4594 quam
1522 4543 1700 4581 rerum
1722 4530 2097 4584 ordinaturum
2131 4533 2293 4602 237

2404 4525 2759 4592 ϐαλλομένου,
2794 4524 3011 4575 πάντων
3042 4523 3097 4575 δὲ
3130 4526 3210 4585 είς
3238 4523 3548 4593 ἀφθαρσίαν
3597 4523 3782 4591 χάριτι
3812 4523 3983 4575 αὐτοῦ

722 4615 1006 4666 exsecutio
1071 4615 1490 4681 demonstravit,
1540 4634 1793 4674 sermone
1843 4637 2103 4677 enarrare
2169 4627 2292 4690 quis

723 4704 933 4765 valeat,
983 4721 1105 4758 cmn
1145 4707 1232 4758 ille
1265 4709 1481 4765 ouidezu
1542 4712 1701 4763 morti
1746 4728 1804 4768 se
1854 4714 2186 4780 subjecerit,
2241 4726 2294 4768 at

724 4808 916 4846 oumes
947 4796 1066 4862 ejus
1105 4797 1278 4864 gratia
1329 4799 1394 4850 ad
1429 4800 1592 4853 vitam
1634 4801 1996 4854 immortalem
2045 4820 2293 4859 resurre-

726 4884 907 4935 xeriut
948 4895 1000 4936 et
1037 4886 1298 4954 redempti
1339 4887 1589 4942 luet-int?
1618 4889 1822 4944 Deinde
1853 4907 2077 4945 causam
2109 4896 2294 4962 expri-

732 4978 851 5041 mit,
875 4979 1097 5032 dicens:
1127 5000 1148 5031 ι
1185 4983 1451 5046 Quoniam
1481 4970 1697 5037 tollitur
1724 4985 1789 5039 de
1807 4994 1953 5039 terra
1975 4989 2082 5048 vita
2108 4989 2246 5055 ejus.
2277 5009 2294 5041 ι

731 5067 845 5120 Hoc
875 5078 958 5122 cst
1004 5074 1291 5134 attollitur.
1331 5089 1392 5127 ac
1425 5075 1712 5128 sublimior
1770 5080 2002 5132 terrenis
2049 5080 2302 5136 omnibus

732 5168 814 5212 est
847 5159 973 5224 vita,
1011 5176 1104 5214 seu
1137 5167 1481 5216 conuersatio
1525 5167 1660 5232 ejus.
1700 5168 1982 5220 Attollitur
2013 5171 2198 5235 etiam,
2250 5179 2313 5232 et,

737 5266 901 5319 super
928 5256 1110 5308 omnia
1135 5265 1218 5307 est
1253 5259 1357 5308 vita
1394 5259 1537 5324 ejus,
1594 5260 1696 5311 hoc
1734 5268 1839 5321 est,
1875 5269 2071 5313 natura
2106 5260 2304 5328 Unigc-

735 5346 860 5406 niti,
893 5347 937 5398 si
984 5357 1109 5400 ante
1161 5365 1403 5408 carnem,
1459 5366 1553 5404 seu
1609 5349 1848 5404 nomium
1897 5353 2093 5404 similis
2146 5352 2303 5404 nobis

736 5433 934 5495 factus,
969 5435 1364 5488 considenetur.
1403 5438 1691 5507 Postquam
1729 5439 1889 5492 etiam
1923 5441 2037 5508 ipse
2073 5444 2126 5493 in
2155 5457 2300 5492 tuor-

739 5531 843 5576 teni
887 5535 1082 5593 sponte
1111 5541 1168 5580 se
1205 5526 1444 5593 demisit,
1503 5547 1518 5578 ι
1556 5529 1775 5582 Sublata
1815 5541 1903 5584 est
1934 5544 1962 5582 a
2013 5541 2154 5585 terra
2200 5532 2304 5585 vita

2407 4616 2906 4685 ζωοποιουμένων,
2972 4616 3066 4667 καὶ
3134 4615 3311 4668 πίστει
3367 4614 3788 4681 λυτρονμένων;
3848 4610 3986 4664 Εἶτα

2407 4725 2539 4777 φησι
2564 4707 2661 4777 τὴν
2696 4709 2900 4760 αἰτίαν·
2933 4726 2950 4756 ι
2985 4708 3106 4759 Ὀτι
3147 4707 3361 4776 αἴρεται
3389 4707 3498 4758 ἀπὸ
3535 4706 3630 4774 τῆς
3662 4706 3764 4771 γῆς
3795 4707 3826 4771 ἡ
3867 4703 3985 4770 ζωὴ

2405 4795 2602 4848 αὐτοῦ’
2663 4815 2681 4846 ι
2731 4796 2897 4864 ἧγουν
2937 4798 2970 4864 ἡ
3001 4796 3250 4848 πολιτεία
3275 4811 3287 4823 ⁸
3340 4797 3638 4852 τουτέστιν,
3672 4795 3985 4861 ἐπαίρεται,

2405 4887 2498 4936 καὶ
2527 4885 2835 4952 ὑψηλοτέρα
2884 4883 2992 4934 τῶν
3040 4886 3132 4935 ἐπὶ
3190 4884 3290 4951 γῆς
3351 4885 3500 4934 ἐστιν
3552 4885 3583 4948 ἡ
3633 4883 3744 4951 ζωὴ
3791 4881 3982 4934 αὐτοῦ.

2405 4977 2630 5046 Αἵρεται
2671 4977 2727 5028 δὲ
2769 4976 2861 5027 καὶ
2913 4977 3119 5044 ἐτέρων
3147 4975 3191 5006 ί⁸
3220 4975 3313 5026 καὶ
3367 4975 3506 5042 ὑπὲρ
3543 4974 3734 5032 παντός
3772 4977 3920 5023 ἐστιν
3954 4975 3988 5042 ἡ

2405 5068 2521 5136 ζῶὴ
2570 5067 2756 5126 αὐτοῦ,
2807 5067 3089 5119 τουτέστιν
3136 5064 3433 5135 ἡῦπαρξις
3474 5065 3568 5116 τοῦ
3620 5062 3986 5129 Μονογενοῦς,

2407 5148 2536 5209 ὅταν
2567 5159 2670 5222 ἔξω
2702 5159 2890 5224 νοῆται
2921 5159 3141 5226 σαρκὸς,
3173 5161 3266 5209 καὶ
3312 5156 3466 5209 οὐπω
3493 5155 3613 5211 καθ’
3653 5157 3796 5223 ἡμᾶς
3833 5156 3985 5220 γενό-

2414 5266 2590 5316 μενος.
2626 5247 2800 5300 Αὐτοῦ
2835 5250 2942 5316 γὰρ
2977 5250 3056 5308 εἰς
3091 5248 3324 5302 θάνατον
3377 5245 3643 5306 ἑκουσίως
3673 5245 3990 5312 κατα6ε6η‹

2410 5343 2590 5402 κότος,
2628 5360 2645 5390 ι
2676 5340 2856 5408 Ἤρθη
2891 5339 2998 5391 ἀπὸ
3031 5341 3129 5408 τῆς
3159 5340 3262 5406 γῆς
3359 5338 3472 5407 ζωὴ
3506 5337 3694 5399 αὐτοῦ,
3733 5339 3826 5387 καί
3856 5353 3992 5404 μετα

2415 5433 2672 5498 ειεθρίσθη,
2706 5433 2798 5485 καὶ
2856 5433 3170 5500 ὑπερανέεη
3213 5433 3338 5492 τοὺς
3388 5431 3671 5500 οὐρανοὺς,
3708 5430 3790 5482 ὅτι
3825 5448 3844 5478 ι
3880 5429 3990 5480 Βα-

2414 5525 2594 5585 σιλεὺς
2629 5524 2845 5593 ὑπῆρχε
2882 5524 2981 5591 τῆς
3010 5523 3190 5590 δόξης,
3230 5541 3247 5572 ι
3293 5523 3387 5576 καὶ
3421 5523 3456 5591 ή
3486 5520 3650 5574 αὐτοῦ
3693 5519 3810 5589 ζωὴ
3843 5520 3992 5573 κατά

1925 5662 2121 5722 Variae
2153 5663 2458 5722 lectiones
2503 5672 2563 5720 et
2610 5669 2800 5722 notte.

813 5799 1191 5875 ⁶³ἀνὰγκῃδὲ.
1272 5806 1649 5874 ⁶⁵γινομένην.
1726 5807 1770 5836 ⁸⁸
1827 5805 2155 5873 γενώμενος.

2237 5810 2278 5838 (⁷
2318 5807 2802 5874 οἰκονομηθέντων.

2882 5805 2924 5836 ⁸³
2950 5806 3171 5873 ἑτέρως.
