4164 6444
746 411 848 474 931

1672 400 2248 460 TllEOPliYLAC’Il
2286 397 2698 459 BULGARH‘Z
2739 399 3097 460 ARCHIEP.

3883 401 3998 463 932

734 541 832 595 gas
857 541 870 576 ε
899 521 1025 576 utsi
1059 534 1200 587 quos
1234 515 1534 570 invenisset
1572 513 1735 580 hujus
1787 512 1885 563 via:
1918 511 2062 562 viros
2102 524 2165 561 ae
2198 524 2319 561 mu-

2439 509 2569 569 imo;
2594 506 2690 558 ἐάν
2730 524 2883 569 τινας
2912 506 3048 579 εὕρῃ
3092 508 3189 575 τῆς
3225 506 3348 559 ὀδοῦ
3371 507 3551 572 ὖντας,
3586 509 3785 577 ἄνδρας
3820 527 3875 561 τε
3906 516 4008 563 καὶ

740 622 920 676 lieres,
945 614 1156 665 vinctos
1177 608 1502 675 perduceret
1537 605 1589 656 in
1613 601 1941 655 Jerusalem.
1977 600 2041 653 lit
2070 614 2191 653 eum
2222 599 2325 651 iter

738 708 967 765 taceret,
1020 696 1250 766 contigit
1300 704 1359 749 ιιι
1398 694 1865 764 appropinquaret
1944 690 2208 743 Damasco
2268 699 2325 742 et

738 796 920 849 subito
980 789 1347 843 circnml‘ulsit
1382 802 1506 838 eum
1565 785 1651 835 lux
1701 782 1768 835 de
1808 782 1970 835 cwlo.
2020 782 2084 833 Et
2122 779 2326 833 cadens

740 890 792 940 in
845 877 1051 938 terram
1109 880 1319 934 audivit
1377 892 1565 931 vocem
1617 876 1891 928 dicentem
1940 872 2044 927 sibi
2092 870 2323 935 :Saule,

737 984 919 1045 Saule,
959 978 1087 1048 quid
1140 992 1223 1029 me
1268 972 1658 1044 persequeris?
1707 970 1810 1035 Qui
1865 969 2032 1022 dicit:
2070 964 2205 1031 Quis
2242 978 2325 1027 es,

741 1071 1004 1126 Domine?
1035 1067 1101 1121 Et
1131 1068 1265 1120 ille:
1313 1066 1423 1134 Ego
1480 1081 1601 1118 sum
1653 1060 1813 1117 Jesus
1874 1077 2035 1130 quem
2096 1068 2152 1112 tu
2204 1072 2327 1126 per-

740 1163 1030 1232 sequeris;
1089 1160 1286 1214 durum
1328 1169 1413 1210 est
1469 1155 1566 1208 tibi
1620 1164 1813 1208 contra
1875 1152 2161 1205 stimulum
2221 1149 2329 1203 cal-

740 1257 961 1313 citrare.
1024 1251 1091 1304 Et
1185 1262 1423 1302 tremens
1491 1260 1556 1299 ac
1635 1253 1866 1313 stupens
1944 1243 2141 1296 dixit:
2219 1240 2331 1294 Do-

744 1346 909 1409 mine,
943 1344 1070 1412 quid
1109 1356 1194 1394 me
1244 1341 1322 1393 vis
1372 1336 1587 1391 facere?
1628 1335 1691 1388 Et
1739 1334 2002 1389 Dominus
2041 1334 2108 1386 ad
2151 1347 2272 1386 eum
2310 1350 2325 1388 :

748 1436 919 1503 Surge
972 1443 1025 1486 et
1070 1430 1361 1501 ingredere
1412 1428 1712 1489 civitatem,
1743 1435 1795 1479 ct
1831 1425 1905 1478 ibi
1959 1425 2176 1477 dicetur
2230 1422 2327 1474 tibi

742 1527 872 1595 quid
915 1536 969 1578 te
1037 1531 1283 1592 Oporteat
1326 1520 1526 1574 facere.
1564 1517 1676 1569 Viri
1736 1527 1917 1569 autem
1968 1516 2065 1579 illi,
2103 1514 2195 1583 qui
2238 1527 2330 1566 co-

745 1618 1083 1670 mitabantur
1115 1630 1239 1666 cum
1285 1630 1371 1677 eo,
1417 1614 1635 1664 stabant
1671 1606 1991 1678 stupefacti,
2042 1606 2330 1659 audientes

746 1710 965 1779 quidem
1003 1720 1217 1769 vacem,
1254 1706 1528 1757 neminem
1560 1711 1742 1755 autem
1776 1701 2047 1753 videntes.
2084 1696 2329 1751 Surrexit

747 1808 927 1852 autem
956 1796 1154 1849 Saulus
1180 1796 1245 1847 de
1278 1802 1445 1854 terra,
1480 1791 1793 1857 apertisque
1828 1788 2004 1842 oculis
2059 1785 2329 1839 neminem

2426 601 2725 667 γυναῖκας,
2777 599 3095 668 δεδεμένους
3145 600 3331 670 ἀγάγῃ
3372 603 3452 662 εἰς
3491 600 3866 671 Ἰερουσαλήμ.
3917 603 4008 654 Ἐν

2426 693 2480 744 δὲ
2515 694 2592 762 τῷ
2624 691 2953 761 πορεύεσθαι
2979 692 3164 755 αὑτὸν,
3205 693 3423 759 ἐγένετο
3450 694 3693 760 ἐγγίζειν
3722 699 3787 763 τῇ
3819 698 4009 765 Δαμα-

2430 784 2565 851 σκῷ,
2600 784 2695 835 καὶ
2726 782 3001 853 ἐξαίφνης’
3035 784 3443 853 περιήστραψεν
3474 784 3637 837 αὑτὸν
3671 786 3787 852 φῶς
3814 790 3881 840 ἐκ
3908 788 4008 839 τοῦ

2427 876 2680 944 ούρανοῦ,
2713 877 2805 927 καὶ
2861 876 3043 927 πεσὼν
3096 876 3192 928 ἐπὶ
3231 877 3329 945 τὴν
3379 876 3513 947 γῆν,
3564 879 3765 947 ἡκουσε
3820 881 4010 949 φωνὴν

2429 972 2693 1038 λέγουσαν
2726 970 2895 1039 αὐτῷ·
2933 970 3125 1033 Σαοὺλ,
3161 971 3364 1032 Σαοὺλ,
3396 970 3449 1022 τί
3488 988 3555 1039 με
3587 972 3807 1034 διώκεις
3835 990 3849 1037 ;
3884 971 4008 1025 εἷπε

2429 1064 2507 1116 δὲ·
2540 1064 2636 1125 Τίς
2663 1060 2733 1127 εἴ,
2778 1062 2987 1132 Κύριε;
3041 1062 3099 1114 ’0
3145 1062 3202 1114 δὲ
3255 1062 3463 1132 Κύριος
3500 1061 3674 1115 εἶπεν·
3711 1066 3857 1132 Ἐγὼ
3892 1068 4008 1134 εἰμι

2444 1154 2647 1224 Ἰησοῦς
2697 1154 2756 1206 ὃν
2810 1153 2874 1204 σὺ
2915 1152 3168 1215 διώκεις’
3205 1153 3441 1221 σκληρόν
3488 1172 3569 1207 σοι
3614 1156 3751 1224 πρὸς
3807 1157 4009 1225 κέντρα

2429 1246 2723 1309 λακτίζειν.
2761 1245 2992 1313 Τρέμων
3022 1261 3103 1307 τε,
3136 1246 3233 1298 καὶ
3264 1246 3512 1315 θαμὸὦν,
3543 1242 3686 1299 εἷπε·
3723 1248 3924 1317 Κύριε,
3959 1250 4009 1298 τί

2430 1351 2499 1404 με
2558 1335 2734 1397 Θέλεις
2774 1333 3039 1401 ﬁatﬁat;
3099 1335 3211 1387 Καὶ
3274 1336 3303 1386 ὁ
3362 1334 3567 1405 Κύριος
3629 1338 3767 1405 πρὶς
3819 1337 4006 1389 αὐτόν·

2429 1426 2741 1495 ’Δνάσθητι,
2776 1429 2869 1479 καὶ
2896 1426 3103 1480 εἴσελθε
3135 1432 3213 1490 είς
3236 1430 3333 1499 τὴν
3364 1430 3540 1493 πόλιν,
3573 1431 3732 1482 κάκεῖ
3773 1430 4012 1499 λαληθή-

2433 1515 2585 1566 σεταί
2622 1531 2702 1567 σοι
2727 1516 2779 1566 τί
2806 1532 2863 1568 σε
2886 1516 2967 1570 δεῖ
2993 1519 3188 1569 ποιεῖν.
3213 1517 3275 1568 Οἱ
3319 1517 3374 1569 δὲ
3407 1519 3600 1588 ἄνδρες
3621 1521 3671 1571 οἱ
3699 1518 4013 1573 συνοδεύον-

2430 1623 2519 1667 τες
2561 1605 2708 1676 αὐτῷ
2769 1608 3112 1676 εἰστὴκεισαν
3153 1607 3314 1673 ἐνεοί,
3341 1608 3630 1671 ἀκούοντες
3652 1609 3750 1678 μὲν
3774 1610 3874 1677 τῆς
3897 1627 4012 1676 qm-

2432 1698 2550 1766 νῆς,
2588 1698 2795 1767 μηδένα
2848 1699 2905 1751 δὲ
2965 1698 3320 1768 θεωροῦντες.
3362 1699 3606 1769 Ἠγέρθη
3636 1698 3694 1752 δὲ
3725 1701 3754 1751 ὁ
3806 1699 4015 1763 Σαῦλος

2433 1790 2540 1841 ἀπὸ
2587 1791 2682 1859 τῆς
2714 1790 2837 1859 γῆς,
2862 1790 3229 1859 ἀνεῳγμένων
3257 1806 3318 1841 τε
3346 1788 3455 1842 τῶν
3487 1790 3785 1859 ὀφθαλμῶν
3812 1791 4009 1852 αὑτοῦ,

752 1890 996 1942 Videbat.
1026 1888 1105 1938 Ad
1138 1899 1332 1937 manus
1375 1890 1557 1935 autem
1598 1880 1751 1933 illum
1797 1879 2095 1939 trahentes,
2159 1877 2331 1928 intro-

2439 1858 2875 1933 obBévdEﬁlens.
2905 1858 3393 1946 Χειραγωγοῦντες
3426 1877 3483 1930 δὲ
3516 1858 3682 1930 αὑτὸν
3708 1878 4014 1945 εἰσήγαγον

749 1982 1029 2032 duxerunt
1064 1976 1413 2027 Damascum.
1441 1971 1507 2024 Et
1526 1980 1639 2025 erat
1663 1970 1737 2021 ibi
1759 1984 1789 2021 a
1810 1967 1984 2021 tribus
2007 1966 2201 2020 diebus
2220 1980 2328 2018 non

756 2070 972 2130 videns,
1005 2075 1059 2119 et
1094 2082 1201 2118 non
1263 2062 1636 2126 manducavit,
1668 2074 1843 2127 neque
1877 2059 2032 2112 bibit.
2076 2055 2203 2108 Erat
2237 2069 2331 2106 au-

753 2170 859 2214 tem
897 2158 1115 2227 quidam
1153 2154 1459 2223 discipulus
1497 2152 1772 2215 Damasci,
1799 2148 2019 2202 nomine
2048 2146 2328 2208 Ananias;

746 2261 801 2305 et
832 2251 970 2303 dixit
1001 2250 1068 2302 ad
1099 2249 1251 2301 illum
1284 2248 1339 2298 in
1374 2244 1490 2299 visu
1526 2243 1787 2296 Dominus
1822 2259 1835 2293 :
1869 2240 2103 2293 Anania.
2138 2237 2206 2289 At
2238 2235 2328 2289 ille

750 2345 859 2398 ait:
888 2344 1026 2397 Ecce
1055 2356 1177 2410 ego,
1206 2338 1451 2392 Domine.
1479 2334 1545 2389 Et
1568 2335 1836 2389 Dominus
1860 2336 1925 2386 ad
1951 2346 2077 2387 eum
2098 2347 2111 2383 :
2136 2330 2331 2400 Surge,

752 2443 806 2486 et
840 2433 969 2486 vade
994 2432 1048 2484 iu
1080 2432 1283 2494 vicum,
1315 2430 1407 2497 qui
1441 2435 1664 2481 vocatur
1694 2425 1931 2479 Rectus:
1965 2430 2019 2478 et
2046 2436 2232 2492 qumre
2271 2436 2325 2474 ιιι

749 2526 913 2576 domo
931 2521 1082 2575 Judae
1109 2520 1336 2573 Saulnm
1369 2518 1610 2581 nomine,
1637 2517 1965 2569 'l'arseusem
1988 2533 2001 2567 :
2026 2529 2153 2568 eeee
2184 2512 2330 2566 enim

756 2620 899 2665 orat.
936 2611 1024 2679 (Et
1069 2610 1204 2664 vidit
1235 2608 1411 2660 virum
1444 2607 1709 2659 Ananiain
1743 2605 1987 2666 nomine,
2044 2603 2329 2657 introeun-

756 2712 864 2753 tem
896 2711 950 2754 et
984 2704 1352 2768 imponentem
1381 2698 1485 2751 sibi
1512 2711 1729 2758 manus,
1759 2710 1819 2747 ut
1846 2695 2021 2748 visum
2058 2692 2332 2760 recipiat.)

750 2787 1053 2860 Respondit
1088 2802 1269 2843 autem
1309 2788 1585 2840 Anauias:
1626 2786 1877 2849 Domine,
1911 2783 2097 2838 audivi
2130 2798 2158 2834 a
2190 2783 2333 2835 mul-

749 2885 821 2938 tis
847 2885 913 2937 de
948 2885 1065 2936 viro
1122 2884 1244 2941 hoc,
1311 2894 1515 2949 quanta
1571 2880 1707 2930 mala
1763 2878 1951 2930 Ieccrit
1991 2875 2195 2928 sanctis
2229 2873 2335 2926 tuis

751 2978 804 3027 in
836 2972 1164 3027 Jerusalem:
1201 2980 1252 3024 ct
1280 2971 1367 3023 hie
1411 2970 1574 3022 habet
1606 2976 1929 3037 potestatem
1980 2981 2009 3017 a
2063 2962 2329 3034 principi-

752 3067 857 3119 bus
888 3064 1233 3118 sacerdotum
1264 3060 1521 3130 alligandi
1575 3075 1767 3113 omnes
1808 3061 1901 3128 qui
1946 3060 2202 3111 invocant
2234 3072 2334 3111 uo-

2436 1973 2514 2031 εἰς
2542 1970 2851 2038 Δαμασκόν.
2886 1969 2997 2021 Καὶ
3026 1965 3095 2037 ἦν
3125 1968 3338 2038 ἡμέρας
3368 1970 3517 2036 τρεῖς
3548 1967 3624 2037 μὴ
3650 1967 3887 2036 βλέπων,
3923 1970 4018 2019 καὶ

2435 2060 2535 2110 οὐκ
2580 2059 2787 2125 έ-ραγεν
2816 2057 2937 2109 οὐδὲ
2990 2056 3164 2110 ἔπιεν.
3191 2052 3300 2109 Ἦν
3326 2056 3383 2108 δέ
3414 2074 3497 2119 τις
3530 2056 3781 2126 μαθητὴς
3812 2057 3871 2108 ἐν
3905 2060 4018 2108 Δα-

2440 2150 2636 2219 μασκῴ
2672 2150 2900 2219 ὀνόματι
2946 2148 3227 2211 ’Δνα-ιίας.
3279 2148 3389 2201 Καὶ
3428 2142 3550 2200 εἶπε
3609 2148 3746 2217 πρὸς
3794 2148 3962 2200 αὐτὸν
3991 2150 4021 2199 ὀ

2437 2238 2644 2310 Κύριος
2675 2241 2734 2292 ἐν
2764 2239 3021 2309 ὁράματι·
3049 2238 3296 2292 Ἀνανία.
3344 2239 3402 2290 Ὀ
3429 2238 3485 2291 δὲ
3514 2233 3687 2291 εἶπεν·
3724 2239 3854 2291 Ἰδοὺ
3879 2238 4017 2307 ἑγὼ,

2438 2330 2637 2398 Κύριε.
2689 2330 2748 2383 '0
2774 2329 2828 2381 δὲ
2867 2327 3071 2399 Κύριος
3113 2328 3249 2397 πρὸς
3284 2326 3467 2380 αὐτόν·
3513 2328 3777 2391 Ἀναστὰς
3811 2326 4017 2397 πορεύ-

2437 2424 2556 2489 θητι
2593 2421 2685 2473 ἐπὶ
2734 2421 2832 2491 τὴν
2884 2420 3062 2490 ῥύμην
3112 2422 3209 2491 τὴν
3252 2420 3593 2491 καλουμένην
3624 2421 3873 2485 Εὐθεῖαν,
3916 2424 4019 2474 καὶ

2443 2513 2679 2583 ζήτησον
2715 2515 2773 2566 ἐν
2805 2514 2954 2584 οἰκία
3004 2513 3177 2566 Ἰούδα
3230 2513 3434 2567 Σαῦλον
3474 2514 3699 2583 δνοματι
3722 2554 3738 2578 ,
3767 2515 4018 2584 Ταρσέα.

2452 2606 2581 2657 Ἰδοὺ
2612 2606 2719 2673 γὰρ
2774 2604 3156 2674 προσεύχεται,
3199 2606 3293 2658 καὶ
3327 2602 3468 2659 εἶδεν
3495 2608 3551 2658 ὲν
3578 2607 3816 2675 δράματι
3846 2606 4021 2676 ἄνδρα

2440 2696 2693 2748 Ἀνανίαν
2750 2696 2973 2761 ὀνόματι
3041 2694 3353 2747 εἰσελθόντα
3406 2696 3501 2749 καὶ
3559 2695 3816 2748 ἐπιθέντα
3863 2696 4022 2765 αὐτῷ

2438 2788 2593 2855 χεῖρα
2621 2786 2769 2846 ὅπως
2798 2784 3097 2854 ἁναὸλέψῃ.
3146 2786 3445 2857 Ἀπεκρίθη
3484 2786 3541 2838 δὲ
3582 2787 3868 2849 Ἀνανίας⁹
3903 2789 4025 2841 Κύ-

2445 2894 2549 2949 ριε,
2592 2878 2806 2946 ἀκήκοα
2842 2879 2968 2945 περὶ
2998 2878 3088 2928 τοῦ
3122 2877 3314 2947 ἀνδρὸς
3348 2879 3539 2930 τούτου
3588 2881 3739 2949 παρά
3783 2880 4019 2945 πολλῶν,

2437 2971 2537 3021 ὅσα
2583 2969 2725 3021 κακὰ
2780 2969 3002 3037 εποίησε
3032 2971 3141 3031 τοῖς
3194 2969 3367 3036 ἁγίοις
3409 2988 3504 3022 σου
3548 2973 3605 3023 ὲν
3641 2972 4018 3042 Ἰερουσαλήμ.

2438 3060 2550 3111 Καὶ
2590 3052 2691 3112 ᾆδε
2736 3058 2848 3129 ἔχει
2908 3059 3151 3122 ἐξουσίαν
3182 3061 3334 3128 παρὰ
3361 3062 3468 3113 τῶν
3511 3062 3812 3133 ἀρχιερέων
3856 3064 4022 3133 δῆσαι

754 3174 877 3211 men
924 3168 1097 3211 tuum.
1132 3156 1275 3209 Dixit
1319 3165 1497 3209 autem
1532 3155 1598 3207 ad
1656 3171 1779 3207 cum
1818 3152 2126 3207 Dominus:
2164 3152 2331 3216 Vade,

2442 3152 2653 3212 πάντας
2700 3151 2824 3212 τοὺς
2858 3151 3327 3220 ἐπικαλουμένους
3359 3154 3419 3205 τὸ
3448 3154 3620 3223 ὄνομα
3646 3172 3761 3207 σου.
3795 3153 3930 3207 Eine
3962 3155 4021 3207 δὲ

754 3249 1014 3319 quoniam
1050 3262 1145 3301 vas
1207 3245 1491 3298 electionis
1521 3254 1606 3299 est
1628 3245 1759 3298 mihi
1790 3245 1913 3307 iste,
1948 3252 2007 3296 ut
2039 3251 2213 3312 portet
2236 3257 2337 3295 no-

755 3357 878 3395 men
938 3356 1116 3396 meum
1171 3354 1351 3393 coram
1404 3324 1659 3409 gentibus
1711 3348 1766 3393 et
1826 3340 2049 3409 regibus
2109 3347 2163 3392 et
2211 3339 2340 3392 [iliis

756 3429 943 3482 Israel.
965 3428 1077 3498 ligo
1111 3428 1255 3481 enim
1286 3429 1571 3481 ostendam
1593 3429 1693 3489 illi,
1718 3436 1921 3496 quanta
1943 3438 2189 3496 oporteat
2217 3443 2341 3480 eum

754 3535 853 3591 pro
877 3521 1097 3575 tttuuine
1127 3535 1245 3571 meo
1270 3519 1399 3587 pati.
1430 3517 1492 3571 Et
1513 3518 1647 3573 abiit
1678 3520 1918 3575 Ananias
1947 3520 2263 3575 etintroivit
2286 3520 2342 3575 in

754 3614 1009 3677 domum;
1035 3624 1087 3666 et
1114 3614 1399 3681 imponens
1422 3612 1470 3666 ei
1505 3628 1721 3676 manus,
1755 3613 1915 3666 dixit:
1952 3611 2117 3667 Saule
2151 3612 2343 3679 frater,

758 3702 1019 3756 Dominus
1060 3704 1206 3757 misit
1251 3704 1335 3757 me
1356 3701 1522 3757 i't'SllS
1557 3702 1720 3773 239
1754 3705 1845 3771 qui
1881 3704 2130 3773 apparuit
2162 3705 2261 3759 tibi
2290 3704 2344 3758 in

761 3794 869 3855 via,
911 3808 1013 3860 qua
1044 3794 1322 3857 veniebas,
1360 3804 1417 3847 ttt
1460 3796 1647 3849 videas
1688 3805 1743 3849 et
1798 3796 2079 3865 intplearis
2136 3795 2344 3864 Spiritu

757 3890 975 3951 sant-to.
1012 3880 1073 3933 Et
1107 3883 1393 3935 confestim
1422 3884 1736 3937 ceciderunt
1762 3884 1831 3937 ab
1856 3884 2027 3938 oculis
2065 3885 2184 3953 ejus
2220 3892 2346 3938 tan-

755 3986 919 4039 quam
966 3987 1224 4040 squmae,
1253 3981 1305 4026 et
1328 3975 1498 4028 visunt
1530 3979 1753 4046 recepit:
1778 3987 1830 4032 et
1850 3994 2082 4048 surgens
2098 3978 2343 4047 baptiza-

754 4057 840 4118 ‘us
870 4073 975 4132 est,
1003 4076 1055 4119 et
1093 4080 1216 4119 cum
1250 4071 1549 4137 accepisset
1578 4073 1785 4138 cibum,
1834 4073 2170 4130 confortatus
2210 4083 2313 4128 est.

1253 4241 1831 4301 COMMENTARIUS.

825 4330 1023 4388 Vocem
1060 4332 1213 4388 Pauli
1254 4337 1547 4391 audierunt
1575 4339 1668 4407 qui
1721 4354 1846 4393 eum
1889 4355 1955 4394 co
1997 4352 2187 4409 erant,
2230 4361 2335 4399 non

754 4433 937 4476 autem
982 4438 1210 4485 vocem,
1252 4440 1372 4494 qua:
1412 4426 1478 4479 de
1522 4428 1660 4481 cwlo
1702 4428 1922 4499 delapsa
1966 4431 2034 4485 ad
2070 4449 2194 4487 eum
2230 4444 2335 4488 est.

754 4511 1015 4566 inferiora
1050 4514 1195 4567 enim
1232 4523 1443 4568 tantum
1503 4517 1696 4570 audire
1725 4519 1836 4572 illis
1868 4534 2195 4576 concessum
2231 4535 2334 4580 est.

752 4608 1034 4676 Alioquin,
1068 4610 1112 4661 si
1142 4609 1422 4663 caelestem
1458 4610 1604 4663 illam
1639 4610 1943 4666 audiissent
1974 4629 2183 4680 vocem,
2228 4633 2334 4671 non

2448 3244 2585 3312 πρὸς
2616 3243 2779 3294 αὑτὸν
2818 3244 2844 3292 ὁ
2882 3242 3105 3312 Κύριος·
3142 3243 3404 3313 Πορεύου,
3436 3246 3518 3297 ὄτι
3553 3246 3748 3309 σκεῦος
3777 3247 4019 3315 ἐκλογῆς

2448 3334 2537 3400 μοί
2576 3334 2724 3384 ἐστιν
2742 3328 2917 3395 οὗτος,
2947 3334 3040 3385 τοῦ
3075 3332 3342 3401 βαστάσαι
3369 3335 3430 3386 τὺ
3452 3336 3624 3405 ὄνομα
3656 3355 3758 3406 μου
3787 3338 4024 3392 ὲνώπιον

2446 3423 2619 3477 ἐθνῶν
2646 3441 2703 3475 τε
2737 3423 2832 3475 καὶ
2874 3422 3161 3491 βασιλέων,
3199 3426 3328 3479 υίῶν
3359 3443 3417 3478 τε
3447 3427 3686 3497 Ἰσραήλ.
3730 3428 3872 3495 Ἐγὼ
3912 3430 4026 3500 γὰρ

2448 3514 2714 3581 ὑποδείξω
2745 3515 2895 3585 αὐτῷ
2920 3516 3019 3567 ὅσα
3064 3516 3144 3568 δεῖ
3172 3518 3338 3570 αὑτὸν
3368 3519 3562 3572 παθεῖν
3593 3521 3735 3589 ὑπὲρ
3780 3521 3876 3575 τοῦ
3904 3522 4027 3575 ὀνό-

2450 3609 2619 3681 ματός
2658 3624 2781 3677 μου.
2814 3607 3052 3676 ’Λπῆλοε
3101 3608 3158 3660 δὶ
3202 3608 3477 3675 Ἀνανίας,
3508 3612 3605 3664 καὶ
3648 3614 3894 3682 εἰσῆλθεν
3943 3617 4026 3677 εἱς

2446 3699 2546 3769 τὴν
2570 3698 2772 3752 οἰκίαν
2799 3700 2894 3752 καὶ
2944 3697 3152 3759 ἐπιθεὶς
3182 3699 3268 3751 ἐπ’
3297 3700 3463 3754 αὐτὸν
3502 3703 3603 3766 τὰς
3629 3706 3841 3773 χεῖρας,
3875 3702 4026 3759 εἷπε·

2450 3792 2622 3844 Σαοὺλ
2660 3791 2877 3857 ἁδελφὲ,
2908 3791 2937 3844 ὁ
2966 3789 3172 3859 Κύριος
3202 3792 3513 3846 ἀπέσταλκέ
3545 3812 3613 3865 με
3647 3796 3679 3847 δ
3722 3796 3913 3866 ὀφθείς
3940 3813 4028 3851 σοι

2454 3885 2510 3935 ὲν
2540 3884 2606 3951 τῇ
2634 3881 2738 3950 ὁδῷ
2866 3882 3058 3953 ἤρχου,
3094 3882 3246 3944 ὅπως
3279 3883 3608 3956 ἀναδλέψῃς,
3637 3888 3735 3939 καὶ
3775 3887 4028 3959 πλησθῇς

2443 3977 2760 4044 Πνεύματος
2787 3977 2969 4043 ἁγίου.
3001 3978 3110 4029 Καὶ
3142 3978 3346 4041 εύοέως
3379 3979 3654 4033 ἀπέτεσον
3674 3981 3783 4035 ἀπὸ
3802 3982 3915 4035 τῶν
3929 3981 4024 4051 ὀφ-

2423 4071 2647 4141 θαλμῶν
2672 4071 2837 4125 αὐτοῦ
2857 4071 2987 4125 ὡσεὶ
3010 4073 3245 4139 λεπίδες,
3262 4075 3530 4145 ἀνέϐλεψέ
3541 4091 3617 4129 ’τε
3656 4078 4025 4148 παραχρῆμα,

2448 4168 2543 4220 καὶ
2567 4166 2803 4228 ἀναστὰς
2825 4167 3149 4234 ἐϐαπτίσθη,
3177 4170 3271 4221 καὶ
3299 4170 3477 4222 λαϐὼν
3498 4172 3702 4243 τροφὴν
3719 4175 4023 4235 ὲνίσγυσεν.

3029 4258 3413 4313 ΕΡΜΗΝΕΙΑ.

2520 4347 2630 4417 Τὴν
2663 4346 2845 4417 φωνὴν
2872 4345 2966 4398 τοῦ
2999 4346 3212 4400 Παύλου
3232 4350 3472 4418 ἡκουσαν
3496 4352 3543 4402 οί
3574 4354 3824 4417 συνόντες
3850 4355 4025 4426 αὐτῷ,

2446 4437 2636 4490 οὐδένα
2664 4436 2720 4488 δὲ
2744 4436 3015 4506 ἐθεώρουν
3059 4437 3197 4507 πρὸς
3260 4437 3320 4489 ὃν
3373 4440 3730 4510 ἁπεκρίνατο.
3762 4443 3885 4498 Τῶν
3910 4449 4024 4518 γὰρ

2444 4528 2745 4581 ἐλαττόνων
2784 4528 3039 4596 ἐποίησεν
3092 4530 3286 4592 αὐτοὺς
3345 4530 3643 4600 ἀκροατάς.
3687 4535 3749 4586 Εἰ
3786 4536 3896 4607 γὰρ
3920 4539 4024 4606 τῆς

2445 4620 2629 4688 φωνῆς
2673 4620 2912 4688 ἥκουσαν
2954 4619 3192 4688 ἐκείνης,
3226 4621 3330 4674 κᾶν
3376 4622 3421 4652 ’⁸⁸
3453 4624 3784 4694 ἠπίστησαν.
3821 4627 3927 4681 Τὸν
3966 4630 4025 4681 δὲ

755 4708 910 4765 puto,
936 4697 1203 4752 increduli
1231 4701 1642 4755 remansissent.
1702 4700 1891 4771 Neque
1916 4719 2037 4758 eum
2064 4707 2332 4771 viderunt,

2444 4710 2649 4763 Σαῦλον
2706 4710 2941 4778 ὁρῶντες
3013 4711 3479 4780 ἀποκρινόμενον,
3511 4714 3854 4785 ιἐθαύμαζον.
3921 4721 4023 4771 Διὰ

755 4789 821 4841 ad
865 4804 1024 4857 quem
1074 4788 1277 4843 Paulus
1324 4794 1732 4861 respondebat:
1792 4796 2210 4864 respondentem
2257 4810 2338 4854 ta-

755 4894 876 4933 men
918 4895 1042 4933 emn
1076 4898 1199 4934 eum
1235 4883 1511 4949 audirent,
1546 4887 1916 4942 mirabantur.
1960 4888 2168 4944 Idcirco
2209 4908 2338 4947 vero

752 4968 954 5023 factum
993 4973 1133 5025 istud
1160 4974 1315 5028 initio
1343 4991 1450 5029 non
1476 4978 1705 5046 contigit
1727 5018 1742 5041 ,
1775 4987 1834 5032 ut
1858 4980 2172 5037 evidentius
2205 4999 2335 5038 eon-

753 5069 921 5112 staret
957 5062 1291 5115 resurrectio
1326 5063 1549 5119 Christi.
1596 5064 1890 5130 Quomodo
1931 5073 2076 5123 enim
2108 5070 2333 5136 Paulus,

751 5151 845 5218 qui
876 5151 1051 5219 ipsum
1101 5154 1413 5222 rejiciebat,
1445 5157 1541 5225 qui
1570 5161 2032 5215 resurrectionem
2077 5164 2331 5233 negabat,

752 5242 843 5307 qui
898 5243 1197 5311 discipulos
1253 5249 1688 5316 persequebatur
1748 5252 1961 5320 ipsius,
2012 5254 2339 5309 credidisset

754 5348 1018 5400 unquam.
1054 5335 1157 5389 nisi
1191 5351 1385 5407 magna
1418 5338 1611 5394 fuisset
1663 5342 1942 5397 evidentia
1974 5348 2337 5400 resurrectio-

753 5424 875 5476 nis?
915 5442 933 5473 ι
982 5423 1096 5478 Viri
1129 5438 1331 5482 autem.
1368 5448 1386 5480 ι
1422 5429 1534 5483 Cur
1564 5431 1710 5487 Deus
1735 5448 1845 5487 non
1869 5434 2102 5503 aliquem
2132 5451 2338 5506 magna:

754 5514 1098 5570 auctoritatis
1166 5531 1231 5572 ac
1276 5518 1563 5587 dignitatis
1608 5524 1785 5577 virum
1854 5525 1919 5577 ad
1970 5524 2200 5580 Paulum
2252 5529 2337 5581 in—

749 5607 1071 5661 struendum
1107 5608 1438 5680 destinavit,
1480 5615 1573 5669 sed
1623 5625 1833 5671 tantum
1883 5616 2156 5672 Ananiam
2183 5658 2197 5684 ,
2240 5621 2332 5689 qui

2445 4760 2465 4762 ν
2716 4760 2751 4778 κ.
3019 4760 3213 4811 τνηηέττ
3257 4760 3435 4811 -τς-ντ
3462 4760 3479 4777 ν
3511 4760 3854 4813 λ-νπνι-ν-νη
3921 4760 4021 4771 —--

2440 4818 2601 4854 τουτο
2647 4800 2703 4852 δὲ
2746 4801 2846 4853 οὐκ
2900 4801 2959 4866 ἐξ
3027 4801 3200 4871 ἀρχης
3235 4819 3393 4855 τουτο
3431 4804 3676 4871 γέγονεν,
3709 4806 3797 4859 ἵνα
3831 4808 4021 4878 δειχθῇ

2440 4892 2634 4953 ὅντως,
2666 4893 2748 4943 ὅτι
2780 4892 2979 4963 ἀνέστη
3002 4893 3032 4943 ὁ
3060 4893 3322 4962 Χριστός.
3358 4895 3418 4948 '0
3447 4896 3555 4966 γὰρ
3572 4898 3814 4951 ἐλαύνων
3830 4901 4021 4965 αὐτὸν,

2443 4982 2538 5036 καὶ
2569 4981 2814 5035 ἀπιστῶν
2836 4982 3002 5034 αὐτοῦ
3034 4986 3101 5053 τῇ
3132 4984 3449 5050 ἀναστάσει,
3479 4986 3579 5040 καὶ
3604 4990 3734 5052 τοὺς
3766 4990 4021 5061 μαθητὰς

2442 5072 2609 5126 αύτοῦ
2642 5073 2875 5138 διώκων,
2908 5074 3072 5127 πόθεν
3092 5074 3158 5128 ἄν
3189 5076 3531 5143 ἐπίστευσεν,
3551 5081 3601 5132 εί
3634 5080 3709 5151 μὴ
3742 5083 3917 5153 πολλὴ
3951 5081 4022 5154 ἦν

2438 5165 2538 5233 τῆς
2570 5166 2917 5228 ἀναστάσεως
2952 5166 3144 5235 ίσχύς;
3184 5186 3203 5219 ι
3230 5168 3291 5221 Οἱ
3312 5168 3369 5221 δὲ
3402 5168 3612 5241 ἄνδρες.
3650 5190 3670 5223 i
3698 5172 3763 5224 Ti
3786 5174 3850 5244 δή
3886 5194 4019 5229 ποτε

2437 5257 2630 5309 οὐδένα
2666 5256 2775 5309 τῶν
2810 5256 3141 5322 ἀξιοπίστων
3179 5260 3275 5311 καὶ
3311 5261 3561 5331 μεγάλων
3602 5263 3873 5331 εἵλκυσεν,
3898 5268 4022 5321 οὐδὲ

2446 5347 2745 5417 μετέστησε
2797 5352 2934 5418 πρὸς
2986 5349 3085 5419 τὴν
3115 5349 3210 5402 τοῦ
3257 5351 3471 5405 Παύλου
3507 5357 3837 5426 κατήχησιν,
3880 5360 4019 5415 ἀλλά

2456 5439 2728 5501 Ἀνανίαν,
2761 5439 2858 5490 ἕνα
2888 5440 3018 5491 δντα
3060 5440 3169 5493 τῶν
3222 5441 3629 5513 ἑϐδομήκοντας
3676 5446 3894 5518 Ἐπειδὴ
3915 5451 4019 5503 οὐκ

2442 5528 2631 5595 ἔμελλε
2664 5530 2730 5581 δι’
2762 5529 3067 5597 ἀνθρώπων
3097 5531 3407 5598 ἐνάγεσθαι,
3456 5534 3592 5587 ἀλλὰ
3616 5537 3684 5589 δι’
3714 5538 3882 5590 αὑτοῦ
3920 5540 4017 5593 τοῦ

2435 5620 2695 5689 Χριστοῦ.
2744 5621 2899 5674 Ἐπεὶ
2936 5623 2993 5675 δὲ
3032 5615 3187 5686 οὗτος
3246 5624 3453 5688 ἐδίδαξε
3498 5628 3596 5696 μὲν
3635 5630 3802 5683 αὐτὸν
3834 5632 4010 5694 οὐδὲν,

1945 5733 2144 5793 Varia:
2180 5733 2483 5797 lectiones
2528 5745 2587 5795 et
2632 5742 2820 5796 notae.

823 5792 868 5824 "
896 5800 994 5848 aiax
1024 5796 1109 5852 ἂν.
