4164 6444
148 431 247 495 913

809 416 1343 480 EXPOSlTIONIS
1384 414 1464 475 ΙΝ
1492 413 1681 473 ACTA
1712 408 2013 471 TEXTUS
2050 408 2322 468 ALTER.
2355 432 2423 445 -
2452 408 2605 467 CAP.
2638 408 2742 469 IX.

3288 407 3395 475 931

148 541 408 593 ὲὸἀπτιαε
457 536 514 589 δὲ
562 538 752 607 μόνον·
803 536 919 605 ἅμα
972 536 1081 603 γὰρ
1130 533 1442 604 φωτισοεὶς,
1492 533 1717 604 ἔμελλεν

1849 542 1965 578 mus
1998 535 2117 579 erat
2150 540 2213 578 ex
2251 524 2591 594 septuaginta
2629 521 2915 593 discipulis
2946 524 3013 577 'ad
3053 538 3174 576 cum
3207 526 3397 579 misit?

148 631 482 685 ἐπισπᾶσθαι
522 630 723 699 πολλὴν
772 632 866 682 τοῦ
924 627 1242 697 Πνεύματος
1291 626 1451 695 χάριν
1490 625 1598 678 ἀπὸ
1625 623 1719 676 τοῦ

149 725 306 792 ζήλου
333 724 431 775 καὶ
461 722 563 789 τῆς
611 721 811 791 πολλῆς
842 719 1173 789 προθυμίας.
1226 716 1513 771 Ἐντεῦθεν
1536 716 1592 769 δὲ
1627 732 1724 784 ση-

152 812 431 883 μειωτέον,
472 812 555 864 ὃτι
582 812 764 863 ἐκεῖνα
786 809 854 861 τὰ
881 809 1069 877 ὕνειρα
1095 808 1140 839 ⁷⁸
1166 797 1249 859 δεῖ
1271 804 1549 873 λέγεσθαι,
1580 804 1722 872 ἅπερ

149 904 453 971 κοινωφελῆ
493 905 608 955 ἐστι
637 902 732 954 καὶ
757 900 1129 969 συμϐάλλεται
1156 898 1235 960 εἰς
1266 896 1602 960 θεοσέσειαν,
1626 895 1725 948 ὅσα

150 998 263 1066 ἔχει
310 994 409 1048 τοῦ
452 995 656 1064 Κυρίου
708 994 809 1061 τὴν
872 994 1239 1061 παράστασιν,
1297 990 1330 1059 ἢ
1378 989 1611 1058 ἁῩγέλου
1655 986 1722 1039 ⁷⁷.

156 1089 313 1139 Ἐστι
351 1085 409 1137 ἑὲ
433 1086 528 1137 καὶ
566 1085 687 1137 κατ’
718 1082 852 1152 ὄναρ
887 1084 1054 1143 ἰδικά,
1102 1081 1138 1135 ἃ
1181 1080 1280 1132 ούκ
1317 1079 1521 1148 ὀφείλει
1552 1077 1726 1129 λαλεῖ-

158 1178 304 1229 σθαι’
339 1176 480 1245 πλὴν
524 1177 574 1227 εἰ
616 1177 710 1226 καὶ
766 1173 910 1240 ζδικὴ
946 1170 1040 1224 τοῦ
1081 1171 1284 1223 Σαύλου
1306 1166 1373 1239 ἦν
1402 1171 1435 1239 ή
1468 1168 1726 1236 ὠφέλεια,

154 1268 265 1321 ἀλλ’
307 1267 403 1319 οῦν
433 1264 752 1336 παραδόξως
773 1263 1052 1333 συμϐᾶσα,
1093 1262 1252 1315 πάλιν
1294 1262 1374 1321 εἰς
1418 1258 1730 1311 θεοαέδειαν

164 1360 255 1410 τὸν
287 1356 575 1427 ἄνθρωπον
598 1354 1016 1425 προσκαλεῖται,
1051 1354 1145 1406 καὶ
1170 1352 1260 1405 διὰ
1289 1348 1559 1414 τοῦτο,ὠς
1588 1364 1732 1401 κοιν-

152 1448 339 1514 ωσρελῆ
398 1445 742 1498 ὲκλαλείαθαι
786 1445 916 1498 ἔδει.
974 1463 992 1495 ι
1034 1440 1143 1495 Ἦν
1177 1442 1235 1494 δέ
1271 1458 1354 1502 τις
1398 1439 1670 1510 μαθητής.
1707 1455 1725 1490 ι

154 1539 339 1593 Ταῦτά
363 1555 529 1608 φησιν
554 1539 582 1590 6
609 1538 884 1600 Ἁνανίας,
909 1536 1007 1606 οὐχ
1045 1535 1119 1598 ὡς
1168 1534 1411 1587 ἀπιστῶν
1437 1534 1550 1594 τοῖς
1578 1532 1735 1598 λεγο-

159 1635 364 1700 μένοις,
415 1630 533 1683 οὐδὲ
586 1629 903 1699 ήπατῆσθαι
935 1628 1026 1681 τὸν
1058 1627 1295 1698 Χριστὸν
1353 1624 1611 1693 νομίζων,
1657 1623 1733 1695 μή

154 1723 364 1785 τένοιτο
390 1721 403 1771 l
430 1719 565 1772 ἀλλὰ
590 1718 923 1788 φοϐούμενος
952 1718 1045 1772 καὶ
1078 1717 1316 1787 τρέμων.
1348 1716 1508 1778 Εἰκὸς
1533 1715 1642 1785 γὰρ
1668 1710 1736 1785 ἦν

156 1812 376 1871 αὐτοὺς,
404 1812 461 1861 ὲν
498 1808 649 1879 φόϐῳ
683 1810 864 1875 δντας,
896 1805 1358 1879 περιεργάζεσθαι
1391 1806 1487 1858 καὶ
1535 1806 1734 1873 λέγειν,

1827 617 1966 683 Quia
1995 618 2247 671 videlicet
2279 632 2386 670 non
2406 631 2504 684 per
2529 618 2798 678 homines,
2829 617 2922 671 sed
2948 617 3017 671 ab
3038 617 3157 687 ipso
3177 617 3398 673 Christo

1821 707 2136 762 edocendus
2184 709 2276 762 ille
2316 717 2455 763 erat.
2498 706 2680 779 Quare
2722 708 2964 763 Ananias
2996 724 3217 778 quoque
3263 710 3400 763 nihil

1824 813 1949 851 eum
2004 796 2226 862 docuit,
2268 797 2362 853 sed
2409 797 2707 864 baptizavit
2760 788 3134 851 tantummodo
3170 816 3183 853 :
3217 800 3400 852 statim

1825 889 1970 943 enim
2004 904 2065 944 ac
2098 890 2403 958 baptizatus
2429 900 2594 949 esset,
2621 890 2711 943 ille
2739 891 3028 943 maximam
3065 900 3402 945 attracturus

1827 989 1947 1035 erat
1987 981 2217 1052 gratiam
2251 979 2493 1050 Spiritus
2524 997 2589 1035 ex
2620 980 2758 1043 zelo,
2790 981 3068 1049 multaque
3095 982 3401 1034 alacritate.

1830 1073 1967 1126 Hinc
2010 1086 2141 1127 vero
2192 1072 2599 1135 adnotandum,
2650 1086 2747 1126 eas
2798 1069 3015 1140 quidem
3065 1074 3403 1127 enarrandas

1834 1166 2096 1229 visiones,
2127 1181 2249 1235 qua:
2281 1164 2561 1235 quidpiam
2593 1164 2901 1219 eomtnunis
2933 1164 3218 1217 continent
3261 1164 3406 1217 utili-

1831 1258 1995 1322 tatis,
2038 1268 2093 1312 et
2139 1257 2205 1311 ad
2248 1259 2505 1327 pietatem
2552 1256 2878 1321 conferunt,
2921 1270 3153 1325 quaeque
3193 1253 3286 1309 Dei
3322 1255 3404 1309 vel

1832 1348 2148 1419 angelorum
2187 1346 2560 1402 assistentium
2598 1345 2800 1400 habent
2832 1364 2845 1399 :
2886 1346 3125 1415 privatas
3158 1360 3288 1398 vero
3312 1387 3325 1409 ,
3359 1346 3406 1398 si

1831 1455 1952 1511 quae
1980 1439 2257 1503 accidunt,
2290 1438 2550 1502 visioaes,
2579 1453 2674 1493 eas
2707 1453 2813 1491 non
2845 1445 3060 1507 oportet
3086 1437 3409 1491 manifestas

1838 1531 2037 1585 facere.
2070 1530 2321 1583 Attamen
2356 1530 2503 1594 licet,
2545 1530 2693 1598 quod
2732 1529 2821 1583 hic
2854 1536 3130 1593 narratur,
3169 1522 3409 1599 peeuh'a-

1840 1637 1952 1677 rem
1983 1630 2257 1691 spectaret
2290 1621 2440 1676 Sauli
2481 1622 2767 1676 utilitatem
2789 1660 2803 1686 ,
2843 1620 3205 1676 nihilominus
3246 1622 3412 1675 mira-

1838 1714 1965 1769 bilis
2008 1713 2127 1783 ejus
2176 1716 2391 1768 sanatio
2436 1728 2768 1784 quemquam
2821 1722 3000 1784 potest
3045 1712 3110 1766 ad
3155 1716 3410 1782 pietatem

1838 1806 2108 1871 excitare;
2143 1815 2195 1861 et
2229 1805 2455 1870 idcirco,
2496 1814 2556 1859 ut
2583 1805 2715 1877 quid
2746 1804 2811 1859 ad
2849 1819 3195 1874 communem
3227 1801 3415 1857 confe-

155 1903 234 1952 ὅτι
264 1899 491 1953 Τούτων
522 1900 714 1964 όντων,
753 1900 870 1963 πῶς
902 1899 1148 1963 δύναται,
1173 1897 1328 1966 φησὶ,
1359 1894 1535 1950 ταῦτα
1572 1898 1727 1965 γενέ-

1849 1914 1965 1953 rens
2001 1900 2312 1961 utilitatem,
2347 1913 2466 1952 eam
2502 1897 2748 1952 enarrari
2782 1898 3045 1967 oportuit.
3086 1916 3103 1948 ι
3146 1898 3273 1950 Erat
3308 1909 3413 1948 au-

160 1992 283 2044 σθαι
307 2011 322 2054 ;
356 1993 424 2044 Τί
453 1989 547 2045 οὖν
570 1994 599 2045 6
632 1992 858 2062 Κύριος,
885 1994 913 2044 6
940 1994 1058 2053 ταῖς
1104 1990 1357 2060 καρδίαις
1381 1990 1488 2042 τῶν
1517 1988 1729 2059 ἀνθρὼ-

156 2100 271 2136 πων
295 2083 644 2153 ἐμϐατεύων,
697 2083 839 2137 κατὰ
898 2083 1113 2136 Παύλου
1168 2082 1555 2153 ὲμαρτύρησες
1610 2081 1731 2133 Asi-

157 2187 348 2223 κνυσιν
380 2170 464 2222 ὅτι
489 2170 591 2221 οὐκ
624 2170 741 2221 ἔστι
775 2168 979 2239 φυσικὴ
1008 2168 1229 2238 ήκακεα
1258 2166 1427 2237 αύτῷ.
1454 2184 1471 2216 ι
1509 2163 1729 2225 Σκεῦος,

158 2259 347 2329 φησιν,
380 2257 614 2325 ἐκλογῆς
644 2259 815 2310 ἐστιν.
862 2275 879 2307 ι
920 2256 1162 2318 Ἐδειξεν
1214 2254 1297 2306 ὅτι
1336 2250 1557 2321 δόκιμὸς
1594 2250 1730 2302 ἐστι.

159 2352 227 2402 Ἰὸ
256 2352 488 2419 δόκιμον
516 2352 625 2420 γάρ
655 2366 738 2411 τις
777 2349 1063 2415 ἐκλέγεται
1099 2344 1313 2407 σκεῦος.
1345 2342 1456 2397 Καὶ
1483 2343 1543 2396 ού
1576 2340 1736 2410 μόνον

1838 1998 1945 2043 tem
1975 1989 2199 2060 quidam
2225 1987 2550 2057 discipulus.
2587 2008 2605 2041 ι
2628 1986 2717 2041 "Ita
2750 1988 2989 2056 loquitur
3011 1987 3272 2049 Ananiae,
3301 1999 3413 2038 non

1838 2078 1985 2149 quod
2035 2093 2120 2142 ea,
2175 2094 2294 2149 qua:
2337 2079 2387 2133 ei
2436 2077 2788 2141 dicebantur,
2839 2092 2948 2130 non
2998 2074 3301 2155 crederet;
3332 2075 3415 2128 vel

1838 2166 1987 2233 quod
2018 2167 2297 2223 Christum
2322 2167 2497 2237 decipi
2532 2181 2696 2236 posse
2718 2166 3079 2228 existimaret,
3109 2163 3282 2217 absit!
3320 2163 3416 2219 sed

1838 2272 1902 2311 ex
1942 2259 2137 2313 timore
2179 2269 2234 2313 et
2272 2268 2511 2313 tremore
2545 2272 2657 2326 quo
2695 2256 3133 2320 concutiebatur.
3174 2253 3416 2307 Pronum

1838 2347 1983 2401 enim
2023 2357 2162 2410 erat,
2196 2358 2254 2403 ut
2298 2349 2373 2411 ii,
2405 2348 2498 2416 qui
2546 2348 2742 2401 timore
2773 2346 3009 2417 perculsi
3048 2354 3225 2407 erant,
3256 2343 3418 2397 anxie

158 2441 351 2504 πιστὸς
379 2440 560 2504 ἔσται,
592 2441 780 2511 φησὶν,
816 2440 951 2492 ἀλῗιὰ
978 2440 1072 2492 καὶ
1092 2435 1411 2498 διδάσκαλος
1448 2436 1541 2487 καὶ
1563 2432 1740 2503 κῆρυξ

1849 2439 2185 2506 inquirerent
2241 2455 2304 2494 ac
2357 2439 2625 2505 dicereut,
2680 2438 2970 2506 Quomodo
3032 2445 3263 2507 possunt
3312 2438 3419 2489 ista

158 2534 250 2599 τῆς
273 2532 627 2601 οἰκουμένης,
659 2530 795 2583 ἀλλὰ
826 2530 919 2582 καὶ
948 2527 1195 2581 πείσεται
1223 2526 1391 2579 πολλὰ
1413 2524 1553 2595 ὑπὲρ
1582 2526 1739 2594 ἐμοῦ.

1849 2529 1993 2581 Iieri?
2032 2530 2171 2594 Quid
2207 2531 2371 2601 igitur
2405 2530 2691 2596 Dominus,
2748 2529 2993 2585 cordium
3042 2527 3415 2597 investigator,

159 2625 225 2679 de
244 2625 422 2680 Paulo
448 2626 857 2697 pronuntiavit?
878 2623 1127 2680 Ostendit
1150 2638 1257 2677 non
1281 2620 1605 2676 naturaliter
1628 2620 1847 2674 insitam
1875 2622 1949 2675 illi
1974 2639 2098 2679 esse
2122 2628 2444 2695 nequitiam.
2470 2622 2608 2679 «Vas
2632 2643 2652 2676 ι
2675 2626 2840 2689 enim,
2858 2623 3055 2693 inquit,
3082 2641 3100 2673 ι
3132 2621 3419 2676 electionis

160 2732 241 2774 est
272 2722 453 2774 mihi:
484 2740 504 2771 ›
539 2721 736 2790 quibus
770 2720 949 2775 verbis
982 2719 1247 2783 declarat,
1302 2718 1481 2785 ipsum
1517 2714 1694 2768 virum
1735 2716 2024 2784 probatum
2076 2735 2241 2777 esse:
2286 2735 2430 2787 nam,
2467 2718 2613 2791 quod
2654 2720 2942 2789 probatum
2996 2728 3100 2781 cst,
3138 2733 3254 2781 vas,
3290 2717 3421 2786 eligi

164 2818 328 2872 solet.
361 2814 527 2886 250
545 2817 725 2882 Quare
757 2830 867 2870 non
911 2815 1087 2869 solum
1120 2812 1318 2878 ﬁdelis,
1351 2810 1549 2879 inquit,
1585 2810 1722 2876 erit;
1753 2809 1848 2866 sed
1875 2813 2037 2869 etiam
2074 2814 2294 2881 doctor,
2333 2824 2387 2871 et
2428 2832 2608 2886 ιιι-ποθ
2632 2817 2845 2883 mundi,
2876 2815 3008 2886 quin
3031 2824 3084 2869 ct
3122 2816 3290 2869 multa
3324 2828 3422 2884 pro

165 2909 394 2962 nomine
436 2923 559 2960 meo
587 2907 843 2975 patietur.

469 2993 559 3065 Τῷ
600 2994 862 3063 Σώσιιτῳ
901 2995 1000 3063 τῆς
1030 2991 1076 3060 γ’
1112 2992 1431 3062 ἑϐδομάδος.

226 3132 235 3139 .
751 3083 1135 3139 ΚΕΙΜΕΝΟΝ.

236 3181 492 3248 Ἐγένετο
513 3178 569 3231 δὲ
589 3180 618 3231 6
649 3177 847 3240 Σαῦλος
882 3174 1020 3246 μετὰ
1056 3176 1165 3229 τῶν
1186 3176 1357 3227 ὄντων
1380 3175 1438 3226 ὲν
1467 3172 1743 3243 Δαμασκῷ

176 3270 436 3340 μαθητῶν
494 3268 708 3337 ἡμέρας
760 3267 933 3328 τινάς.
976 3267 1087 3319 Καὶ
1126 3265 1325 3327 εὐθέως
1364 3266 1422 3315 ὲν
1458 3266 1580 3327 ταῖς
1616 3282 1742 3316 συν-

175 3363 417 3428 αγωγαῖς
443 3358 717 3427 ἐκήρυσσε
745 3357 838 3409 τὸν
884 3355 1149 3424 Χριστὸν,
1207 3354 1289 3405 ὅτι
1335 3344 1503 3413 υῦτός
1532 3351 1679 3403 ἐστιν
1716 3352 1745 3402 6

175 3453 409 3522 Χριστός
441 3453 471 3503 6
504 3450 629 3511 Υἱὸς
681 3448 773 3501 τοῦ
822 3446 980 3500 Θεοῦ.
1026 3445 1335 3510 Ἐξίσταντο
1381 3443 1437 3496 δὲ
1468 3445 1666 3506 πάντες
1696 3444 1745 3495 οξ

177 3542 489 3602 ἀκούοντες,
524 3542 617 3591 καὶ
646 3537 832 3606 ελεγον
853 3553 868 3567 ·
897 3538 1012 3589 Οᾷκ
1055 3529 1210 3598 οὗτός
1240 3537 1385 3587 ἐστιν
1414 3537 1442 3587 6
1468 3533 1747 3603 πορθήσας

178 3635 231 3685 ὲν
303 3630 671 3704 Ἰερουσαλὴμ
729 3628 937 3691 πάντας
987 3627 1114 3689 τοὺς
1180 3625 1642 3694 ἐπικαλουμένους
1686 3624 1749 3675 τὸ

177 3726 345 3794 {Macr
372 3724 558 3787 τοῦτο,
588 3722 683 3775 καὶ
727 3716 833 3774 ὧδε
869 3721 952 3783 εἰς
987 3718 1147 3772 τοῦτο
1176 3717 1456 3785 ἐλήλυθεν,
1494 3718 1579 3769 ἴνα
1607 3715 1749 3768 δεδε-

183 3817 374 3886 μένους
404 3816 603 3875 αύτους
632 3813 815 3881 ἀγάγῃ
844 3815 921 3873 εἰς
954 3810 1307 3881 Ἰερουσαλὴμ
1344 3810 1435 3862 ὲπί
1464 3810 1584 3871 τοὺς
1615 3810 1751 3878 ἀρχ-

184 3905 344 3970 ιερεῖς
366 3920 383 3934 ο
414 3901 616 3963 Σαῦλος
638 3900 695 3952 δὲ
722 3899 921 3968 μᾶλλον
960 3898 1357 3967 ἐνεδυναμοῦτο
1403 3899 1497 3951 καὶ
1532 3898 1749 3966 συνέχεε

180 3995 304 4057 τοὺς
356 3992 643 4053 Ἰουδαίους
698 3990 824 4052 τοὺς
895 3988 1283 4051 κατοικοῦντας
1343 3992 1401 4041 ὲν
1437 3988 1748 4058 Δαμασκῷ,

184 4083 559 4154 σαμειῦάζων,
595 4082 678 4135 ὃτι
739 4074 909 4143 Οὗτός
954 4083 1104 4133 ἐστιν
1165 4082 1193 4132 6
1250 4080 1505 4150 Χριστός.
1555 4079 1645 4141 Ὠς
1695 4079 1751 4130 δὲ

183 4172 521 4243 ἐπληροῦντο
545 4172 751 4242 ήμέραι
778 4170 986 4233 ἱκαναὶ,
1028 4170 1522 4223 συνεδουλεύσαντο
1550 4171 1599 4222 οἱ
1621 4169 1754 4222 ’1ου-

182 4266 323 4318 δαῖοι
351 4264 567 4316 ἀνελεῖν
621 4261 806 4317 αὐτόν.
840 4260 1122 4329 Ἐγνώσθη
1166 4260 1219 4313 δὲ
1256 4260 1333 4330 τῷ
1362 4261 1551 4331 Σαύλῳ
1578 4263 1610 4329 ή
1642 4262 1756 4312 ἐπι·

183 4356 351 4425 ϐουλὴ
375 4354 561 4407 αὐτῶν
587 4370 598 4381 ·
627 4352 972 4421 παρετήρουν
1011 4367 1069 4402 τε
1100 4354 1198 4414 τὰς
1225 4350 1397 4413 πύλας
1422 4351 1519 4419 τῆς
1549 4351 1757 4412 πόλεως

184 4448 400 4517 ἡμέρας
422 4462 482 4497 τε
515 4444 609 4496 καὶ
636 4443 854 4508 νυκτὸς,
884 4444 1033 4505 ὅπως
1060 4442 1222 4494 αὑτὸν
1260 4440 1510 4494 ἁνέλωσι.
1555 4442 1758 4494 Λαϐόν-

183 4555 272 4600 τες
305 4538 361 4588 δῖε
393 4535 559 4588 αὑτὸν
615 4534 666 4587 οἱ
708 4535 946 4604 μαθηταὶ.
1008 4532 1224 4595 νυκτὸς,
1253 4532 1502 4600 καθῆκαν
1544 4532 1631 4584 διὰ
1663 4533 1758 4584 τοῦ

182 4627 399 4696 τείχους
419 4625 753 4695 χαλάσαντες
786 4626 843 4675 ὲν
876 4621 1110 4692 σπυρίδι.
1151 4621 1601 4691 Παραγενόμενος
1632 4621 1687 4673 δὲ
1733 4624 1760 4673 ὀ

187 4719 393 4778 Σαῦ.-.ος
438 4718 517 4778 εἰς

190 4811 469 4880 μαθηταῖς
486 4821 499 4834 ’
526 4808 619 4859 καὶ
649 4805 849 4868 πάντες
872 4804 1165 4873 ἐφοϐοῦντο
1181 4804 1361 4869 αὑτὸν,
1381 4804 1456 4874 μὴ
1482 4803 1765 4856 πιστεύον-

185 4918 276 4965 τες
312 4900 398 4953 ὅτι
430 4898 545 4951 ἔστι
602 4896 867 4967 μαθητής.
928 4895 1216 4957 Βαρνάϐας
1258 4895 1314 4948 δὲ
1366 4895 1766 4964 ὲπιλαὸόμενος

191 4993 377 5055 αὐτὸν,
409 4990 590 5059 ήγαγε
630 4988 766 5055 πρὸς
795 4987 919 5049 τοὺς
953 4986 1307 5050 ἀποστόλους,
1338 4988 1432 5039 καὶ
1467 4985 1767 5057 διηγήσατο

190 5083 401 5144 αὐτοῖς,
433 5078 549 5141 πῶς
575 5080 633 5130 ἐν
662 5080 728 5147 τῇ
759 5076 865 5147 ὁδῷ
898 5073 1002 5130 εἶδε
1034 5078 1125 5129 τὸν
1156 5076 1379 5147 Κύριον,
1416 5080 1509 5130 καὶ
1537 5078 1617 5130 ὅτι
1645 5078 1768 5131 ἑλά-

190 5178 361 5240 λῃσεν
392 5169 567 5238 αὐτῷ,
624 5170 718 5221 καὶ
754 5169 869 5231 πῶς
908 5170 967 5221 ὲν
999 5168 1277 5238 Δαμασκῷ
1322 5170 1769 5241 ἐπαρρησιάσατο

193 5264 252 5313 ἐν
300 5261 382 5330 τῷ
430 5261 655 5329 ὀνόματι
688 5258 781 5312 τοῦ
816 5260 1014 5330 Ἰησοῦ.
1050 5261 1157 5313 Καὶ
1185 5257 1254 5331 ἦν
1302 5260 1418 5330 μετ’
1443 5261 1625 5314 αὐτῶν
1649 5264 1766 5315 εἱσ-

195 5351 566 5421 πορευόμενος
602 5352 697 5403 καὶ
717 5351 1149 5421 ἐκπορευόμενος
1177 5355 1256 5413 εἰς
1298 5352 1654 5423 Ἰερουσαλὴμ
1675 5354 1770 5407 καὶ

196 5439 721 5511 παρρησιαζόμενος
752 5440 808 5491 ἐν
841 5439 919 5507 τῷ
951 5440 1284 5509 ύνόματιτοῦ
1322 5442 1525 5512 Κυρίου
1569 5443 1765 5511 Ἰησοῦ,

198 5533 383 5585 ἐλάλει
414 5547 474 5582 τε
502 5533 596 5584 καὶ
642 5530 923 5602 συνεζήτει
955 5533 1089 5602 πρὸς
1129 5534 1249 5597 τοὺς
1303 5534 1667 5603 Ἐ>.λτ,νιστά;.
1702 5538 1767 5588 Οἱ

2203 2992 2440 3048 Sabbato
2479 2991 2840 3047 hebdomadae
2878 2992 3069 3045 tertiae.

2485 3083 2786 3139 TEXTUS.

1920 3174 2009 3240 IX,
2040 3176 2224 3229 19-31.
2259 3175 2380 3230 Fuit
2424 3185 2601 3230 autem
2638 3176 2883 3247 (Saulus)
2928 3191 3052 3229 cum
3103 3174 3420 3245 discipulis,

1850 3265 1943 3332 qui
1984 3272 2140 3318 erant
2175 3264 2422 3318 Damasci
2448 3281 2541 3335 per
2574 3266 2691 3320 dies
2714 3266 2944 3335 aliquot.
2977 3264 3040 3318 Et
3071 3276 3331 3319 continuo
3370 3267 3426 3319 in

1849 3356 2133 3425 synagogis
2161 3357 2489 3425 praedicabat
2515 3356 2725 3423 Jesum,
2752 3357 3009 3426 quoniam
3036 3354 3133 3410 llic
3153 3365 3237 3411 est
3258 3353 3427 3412 Filius

1853 3445 1966 3498 Dei.
1992 3445 2491 3515 Stupebantautem
2518 3463 2709 3503 omnes
2735 3449 2826 3517 qui
2861 3448 3176 3512 audiebant,
3208 3455 3261 3501 et
3282 3447 3429 3502 dice-

1851 3536 1981 3590 bant
2000 3555 2013 3591 :
2030 3536 2222 3592 Nonne
2237 3540 2323 3593 hic
2342 3549 2448 3602 est,
2469 3542 2560 3612 qtti
2577 3540 2920 3609 expugnabat
2943 3539 2996 3593 in
3018 3537 3319 3593 Jerusalem
3337 3553 3429 3593 eos

1850 3626 1944 3693 qui
1969 3628 2299 3682 invocabant
2322 3645 2520 3684 nomen
2552 3630 2721 3695 istud,
2751 3640 2804 3683 et
2833 3630 2938 3683 huc
2959 3629 3025 3683 ad
3050 3629 3151 3683 hoc
3184 3631 3352 3695 venit,
3373 3640 3430 3683 ut

1852 3716 2066 3770 vinctos
2128 3718 2251 3773 illos
2299 3717 2525 3772 duceret
2578 3718 2645 3772 ad
2703 3718 2980 3788 principes
3034 3717 3431 3772 sacerdotum?

1857 3806 2058 3861 Saulus
2104 3816 2284 3861 autem
2328 3810 2501 3863 multo
2543 3808 2716 3879 magis
2761 3810 3179 3863 convalescebat
3208 3819 3261 3861 et
3296 3822 3431 3860 con-

1858 3898 2120 3952 l'uudebat
2165 3898 2383 3955 Judznos
2429 3902 2521 3971 qui
2573 3902 2891 3956 habitabant
2947 3900 3227 3967 Damasci,
3280 3903 3431 3956 allir-

1857 4004 2012 4041 mans
2040 3994 2296 4057 quoniam
2324 3989 2422 4044 Hic
2445 4003 2526 4045 est
2556 3989 2827 4045 Christus.
2860 3990 2995 4044 Cum
3022 4000 3204 4044 autem
3236 3991 3427 4061 imple-

1860 4087 2049 4130 t'cutur
2096 4080 2214 4132 dies
2265 4082 2456 4143 multi,
2504 4082 2793 4134 consilium
2849 4082 3097 4136 fecerunt
3150 4083 3204 4136 in
3263 4098 3430 4136 unum

1857 4166 2050 4232 Jndzci,
2080 4180 2133 4222 ut
2160 4185 2283 4223 cum
2314 4171 2702 4227 interﬁcerent.
2736 4172 2887 4225 Nota:
2919 4186 3097 4226 autent
3124 4173 3280 4228 facta:
3304 4184 3435 4229 sunt

1864 4260 2034 4313 Saulo
2102 4263 2317 4316 insidia:
2352 4279 2563 4317 eorum.
2605 4261 2997 4318 CuStodicbant
3056 4276 3237 4320 autem
3302 4282 3432 4335 por-

1862 4362 1944 4406 tas
1976 4355 2062 4407 die
2086 4369 2147 4408 ιι
2185 4366 2369 4419 nocte,
2405 4363 2461 4407 ut
2502 4371 2625 4408 eum
2669 4357 3061 4413 interficerent.
3091 4359 3433 4428 Accipieutcs

1865 4452 2045 4497 autent
2078 4458 2199 4497 cum
2236 4444 2488 4513 discipuli
2521 4456 2699 4509 nocte,
2734 4462 2830 4515 per
2857 4463 3072 4501 tnurum
3106 4449 3436 4503 dimiserunt

1864 4549 2021 4595 eum,
2066 4533 2454 4589 subtnittcntes
2490 4535 2543 4587 in
2577 4547 2781 4603 sporta.
2818 4538 2951 4590 Cum
2988 4545 3168 4591 autem
3200 4540 3438 4594 venisset

1866 4625 1918 4677 in
1959 4622 2283 4686 Jerusalem,
2336 4626 2585 4679 tentabat
2635 4641 2695 4680 se
2742 4627 2971 4697 jungere
3015 4627 3337 4699 discipulis,
3385 4643 3438 4684 ct

568 4713 947 4785 Ἰερουσαλὴμ,
1007 4713 1271 4782 ἐπειρᾶτο
1324 4711 1617 4766 κολλᾶσθαι
1649 4715 1744 4765 τοῖ’.

1868 4728 2057 4767 mnncs
2101 4713 2364 4766 timebant
2403 4728 2551 4776 eum,
2592 4728 2699 4766 non
2748 4717 3062 4780 credentes,
3113 4717 3439 4785 quod-esset

1875 4805 2192 4871 discipulus.
2252 4804 2533 4860 Barnabas
2594 4814 2772 4861 autem
2829 4809 3228 4876 apprehensum
3284 4810 3435 4864 illum

1873 4898 2027 4950 duxit
2052 4897 2116 4950 ad
2143 4899 2441 4966 apostolos,
2474 4906 2525 4953 ct
2565 4900 2806 4953 narravit
2841 4900 2948 4955 illis
2978 4899 3249 4969 quomodo
3276 4902 3438 4955 invia

1872 4989 2101 5044 vidisset
2134 4989 2462 5056 Dominum,
2495 5001 2546 5043 et
2580 4992 2707 5060 quia
2746 4992 2960 5046 locutus
2992 5002 3077 5045 est
3106 4993 3177 5055 ei,
3210 5004 3263 5047 et
3297 5007 3437 5061 quo-

1875 5081 2036 5135 modo
2090 5082 2145 5134 in
2198 5081 2466 5136 Damasco
2520 5081 2851 5137 ﬁducialiter
2896 5084 3067 5153 cgcrit
3117 5083 3170 5136 in
3222 5085 3441 5138 nomine

1873 5169 2023 5227 Jesu.
2060 5172 2121 5224 Et
2156 5180 2273 5226 erat
2300 5188 2425 5227 cum
2457 5173 2565 5228 illis
2592 5174 2803 5227 intrans
2828 5185 2881 5227 et
2907 5175 3099 5229 exiens
3129 5175 3181 5228 in
3214 5172 3437 5229 Jerusa-

1874 5263 2008 5327 lem,
2042 5270 2097 5317 et
2140 5264 2466 5317 liducialiter
2506 5266 2762 5333 agensiu
2797 5265 3019 5320 nomine
3062 5264 3301 5320 Domini.
3337 5264 3442 5318 Lo-

1873 5359 2144 5424 quehatur
2165 5371 2380 5424 quoque
2404 5356 2678 5426 gentibus,
2719 5364 2773 5410 et
2798 5357 3111 5425 disputabat
3142 5371 3265 5409 cum
3292 5355 3439 5410 Grae-

1872 5449 1952 5501 cis
1978 5465 1991 5500 :
2016 5447 2090 5501 illi
2123 5456 2300 5500 autem
2327 5447 2644 5516 quaerebant
2671 5447 2923 5501 occidere
2951 5461 3096 5502 eum.
3125 5446 3281 5512 Quod
3312 5462 3436 5501 cum

1871 5541 2254 5611 cognovissent
2284 5539 2501 5608 fratres,
2530 5539 2877 5596 deduxerunt
2901 5554 3025 5597 eum
3055 5540 3357 5599 Caesaream
3381 5546 3438 5597 et

1393 5691 1589 5751 Varia:
1627 5692 1933 5757 lectiones
1974 5702 2036 5755 et
2079 5703 2267 5759 noue.

274 5810 321 5841 ’⁸
354 5809 629 5876 ὀνείρατα.
708 5806 752 5837 ⁷⁷
780 5805 1044 5872 ἁγῖῗων.
