4164 6444
176 413 278 474 937
779 402 1312 468 EXPOSITIONlS
1355 401 1434 462 IN
1467 401 1658 461 ACTA
1687 399 1988 463 TEXTUS
2008 405 2278 468 ALTER.
2315 433 2383 447 ’-
2421 412 2582 476 CAP.
2617 412 2723 473 IX.
3305 418 3410 484 938

171 526 218 577 οι
255 522 363 592 γὰρ
421 522 592 584 ἄλλοι,
649 521 927 574 τουτέστιν
983 519 1027 570 οῖ
1069 514 1251 586 βαθεῖς
1309 513 1573 584 Ἑϐραῖοι,
1622 509 1742 564 οὐδὲ

1860 526 2016 581 ιυοτο
2046 516 2112 570 ad
2145 517 2318 588 ipsum
2355 519 2569 576 facilem
2605 536 2888 585 accessum
2919 522 3156 580 habebat
3185 524 3404 584 Paulus.

176 615 303 668 ἰδεῖν
327 597 489 667 ἀύτὸν
513 613 721 683 ήθελον.

1860 619 1876 651 ε
1915 599 2266 674 Loqnebatnr
2296 623 2532 679 quoque.
2573 629 2592 663 ι
2629 612 2955 669 Hellenistas
2993 614 3082 670 hic
3117 624 3272 671 vocat
3305 617 3409 672 lle-

172 711 373 770 braos,
417 709 512 778 qui
564 710 752 759 υκερτ
784 703 1165 774 loquebantur.
1214 704 1280 757 Et
1321 701 1541 772 quidem
1586 694 1744 750 valde

1860 696 2057 764 plenter
2086 701 2184 768 ait,
2208 701 2435 758 Paulum
2464 705 2531 758 ad
2564 704 2685 762 illos
2711 708 2951 764 locutum
3013 711 3220 768 fuisse:
3285 729 3409 769 nam

170 806 306 860 meri
338 800 549 858 Hebraei
569 815 640 853 ne
665 800 881 868 quidem
907 800 1055 853 illum
1083 799 1265 854 videre
1293 797 1657 853 sustinebant.

764 893 1015 948 ΚΕΦΔΛ.
1044 894 1138 946 1Δ⁹.

2426 886 2654 943 CAPUT
2690 887 2826 942 XIV.

171 991 307 1056 Περὶ
345 987 525 1042 Αἰνέα
553 983 964 1057 παραλυτικοῦ
995 982 1266 1049 ὶαθέντος
1314 983 1383 1034 ἐν
1409 979 1610 1047 Λύδδη
1645 977 1743 1030 διὰ

1860 977 1924 1032 De
1939 979 2107 1033 «Ense
2133 990 2321 1033 sanato
2342 997 2372 1034 (ι
2403 980 2563 1036 Petro
2600 981 2838 1051 Lyddw:
2871 983 2958 1037 ubi
2993 985 3057 1040 de
3087 985 3308 1042 Tltabita
3328 985 3413 1042 di-

243 1080 475 1145 Πέτιιου
504 1096 518 1111 ·
554 1079 624 1131 ἐν
659 1070 709 1142 ᾧ
733 1076 805 1129 τὰ
839 1074 971 1142 περὶ
1014 1070 1124 1143 τῆς
1168 1072 1377 1127 Ταϐιθά
1403 1070 1514 1137 τῆς
1571 1069 1742 1136 φιλο-

237 1169 452 1238 χήρσυ,
509 1168 589 1235 ἢν
632 1169 863 1236 ἤγειρεν
910 1166 979 1218 ἐκ
1021 1161 1248 1233 νεκρῶν
1297 1165 1330 1216 ό
1377 1159 1596 1228 Πέτρος
1645 1154 1744 1210 διὰ

237 1259 594 1328 προσευχῆς
627 1259 696 1312 ἐν
728 1259 962 1328 Ἰόππῃ.

477 1346 555 1418 Τῇ
609 1348 860 1415 κυριακῇ
892 1343 992 1412 τῆς
1028 1349 1074 1409 γ’
1124 1339 1435 1412 ἑϐδομάδος.

763 1435 1148 1491 ΚΕΙΜΕΝΟΝ.
1610 1480 1613 1481 ,

255 1533 511 1600 Ἐγένετο
563 1531 656 1594 δὲ,
707 1529 913 1599 Πέτρον
944 1527 1319 1608 ¹διερχόμενον
1369 1524 1457 1577 διά
1508 1524 1744 1584 πάντων,

171 1621 455 1674 κατελθεῖν
486 1620 579 1672 καὶ
608 1617 744 1688 πρὸς
777 1617 911 1679 τοὺς
946 1616 1138 1683 ἁγίους
1180 1615 1306 1676 τοὺς
1356 1611 1748 1674 κατοικοῦντας

171 1713 404 1765 Λύδδαν.
427 1705 568 1778 Εὗρε
587 1709 643 1761 δὲ
659 1709 776 1762 ἐκεῖ
794 1706 1082 1777 ἄνθρωπόν
1110 1721 1254 1768 τινα,
1285 1703 1506 1772 ὀνόματι
1530 1702 1745 1766 Αἰνέαν,

171 1804 229 1866 ἐξ
259 1803 403 1856 ἑτῶν
440 1801 586 1855 ὀκτὼ
645 1799 1041 1870 κατακείμενον
1099 1797 1192 1848 ἐπὶ
1223 1794 1540 1865 κραθσάτῳ,
1583 1794 1642 1856 ὃς
1679 1789 1748 1862 ἦν

172 1895 642 1966 παραλελυμένος.
676 1895 784 1947 Καὶ
813 1889 966 1945 εἶπεν
1018 1890 1168 1960 αύτῷ
1191 1891 1220 1944 ὁ
1258 1889 1467 1960 Πέτρος
1498 1902 1513 1918 ³
1555 1887 1737 1948 Αἰνέα,
1774 1919 1814 1972 Β

175 1988 323 2040 ἰᾶταί
383 2003 445 2038 σε
484 1988 514 2038 ὁ
572 1985 775 2054 Κύριος
806 1982 1013 2053 Ἰησοῦς
1045 1981 1280 2052 Χριστός
1303 1999 1319 2013 ·
1354 1980 1617 2047 ἀνάστηθι
1648 1978 1743 2030 καὶ

175 2078 421 2147 στρῶσον
463 2075 693 2145 σεαυτῷ.
741 2075 848 2129 Καὶ
906 2073 1108 2137 εὐθέως
1156 2073 1358 2142 ἀνέστη
1389 2090 1403 2103 ·
1469 2071 1560 2123 καὶ
1605 2066 1746 2123 εἶδον

172 2169 337 2221 αὐτὸν
396 2168 592 2230 πάντες
623 2168 672 2220 οἱ
711 2164 1090 2226 κατοικοῦντες
1139 2162 1348 2217 Λύδδαν
1386 2162 1480 2215 καὶ
1510 2161 1605 2214 τὸν
1641 2162 1746 2214 Σά-

175 2278 323 2329 ρωνα
339 2273 352 2287 ·
381 2259 580 2322 οἵτινες
605 2257 946 2327 ἐπέστρεψαν
968 2253 1060 2308 ἐπὶ
1077 2255 1169 2308 τὸν
1191 2254 1414 2324 Κύριον.
1448 2253 1535 2305 Ἐν
1559 2251 1748 2322 Ἰόππη

171 2352 224 2403 δέ
254 2369 342 2413 τις
374 2346 445 2420 ἦν
479 2350 754 2419 μαθήτρια
782 2348 1005 2417 ὀνόματι
1039 2345 1271 2411 Ταϐιθά,
1305 2345 1340 2415 ἣ
1392 2344 1748 2414 διερμηνευο-

176 2442 312 2512 μένη
341 2442 562 2509 λέγεται
606 2458 623 2490 ι
659 2440 890 2509 Δορκάς.
929 2458 946 2490 ο
984 2436 1132 2504 Αὕτη
1165 2433 1234 2507 ἦν
1272 2437 1487 2506 πλήρης
1531 2433 1753 2502 ἀγαθῶν

173 2535 353 2606 ἔργων
408 2535 505 2586 καὶ
553 2531 933 2601 ἐλεημοσυνῶν
968 2523 1042 2583 ὧν
1095 2529 1290 2582 ἐποίει.
1323 2529 1574 2596 Ἐγένετο
1601 2527 1655 2580 δὲ
1695 2529 1753 2579 ἐν

174 2629 291 2688 ταῖς
321 2626 564 2694 ἡμέραις
630 2624 892 2684 ἐκείναις,
926 2621 1302 2691 ἀσθενήσασαν
1343 2619 1510 2689 αὐτὴν
1553 2618 1756 2672 ἀποθα-

177 2719 305 2766 νεῖν.
366 2713 675 2774 Λούσαντες
715 2713 770 2766 δὲ
826 2712 997 2781 αὐτὴν
1033 2711 1240 2781 ἔθηκαν
1290 2712 1347 2762 ὲν
1380 2711 1460 2781 τῷ
1501 2708 1752 2779 ὑπερῴῳ.

189 2807 387 2873 Ἐγγίις
443 2807 499 2857 δὲ
543 2804 710 2876 οὔσης
769 2803 976 2873 Λύδδης
1038 2806 1106 2874 τῇ
1157 2805 1370 2874 Ἰόππῃ,
1418 2805 1468 2857 οἱ
1516 2798 1758 2871 μαθηταὶ

180 2901 548 2961 ἀκούσαντες,
575 2899 656 2950 ὅτι
711 2897 916 2966 Πέτρος
953 2895 1099 2947 ἐστὶν
1128 2897 1184 2947 ὲν
1225 2895 1392 2963 αὐτῇ,
1427 2893 1758 2946 ἀπέστειλαν

183 2990 274 3043 δύο
293 2990 500 3058 ἄνδρας
531 2989 665 3058 πρὸς
696 2987 880 3050 αὑτὸν,
929 2985 1371 3056 παρακαλοῦντες
1420 2987 1494 3055 μὴ
1532 2985 1758 3053 ὀκνῆσαι

180 3082 410 3134 διελθεῖν
437 3080 543 3141 ἕως
570 3079 774 3132 αὐτῶν.
805 3078 1069 3139 Ἀναστὰς
1116 3076 1173 3130 δὲ
1232 3076 1437 3144 Πέτρος
1496 3074 1758 3144 συνῆλθεν

182 3173 368 3232 αὐτοῖς
388 3187 403 3200 ·
429 3170 487 3222 ὃν
504 3169 950 3239 παραγενόμενον
973 3161 1248 3237 ἀνήγαγον
1283 3168 1361 3229 εἰς
1392 3167 1454 3219 τὸ
1488 3165 1758 3236 ὑπερῷον,

1920 1069 2054 1123 lecta
2087 1069 2263 1134 vidua,
2293 1089 2447 1138 quam
2483 1072 2673 1127 Petrus
2711 1077 2951 1130 oratione
2989 1093 3017 1132 ε
3051 1091 3216 1134 morte
3239 1080 3409 1135 susci-

1920 1159 2048 1212 tavit
2074 1157 2257 1227 lappa.

2179 1336 2457 1393 Dominica
2494 1341 2846 1398 hebdomadis
2883 1344 3075 1400 tertiae.

2476 1434 2778 1491 TEXTUS.

1917 1521 2008 1586 IX,
2040 1522 2221 1578 52-45.
2246 1522 2572 1579 Faetnmest
2599 1535 2811 1590 autem,
2847 1535 2906 1582 ut
2925 1527 3121 1585 Petrus
3136 1529 3266 1585 dum
3295 1545 3417 1602 pcr-

1848 1615 2103 1669 transirct
2134 1616 2416 1670 universos
2435 1656 2449 1681 ,
2486 1617 2765 1672 deveniret
2795 1618 2860 1672 ad
2883 1619 3046 1691 253
3065 1630 3290 1678 sanctos
3320 1623 3416 1694 qui

1847 1705 2165 1760 habitabant
2207 1706 2422 1777 Lyddm.
2474 1708 2680 1765 Invenit
2749 1719 2930 1766 autem
2997 1711 3072 1766 ibi
3138 1713 3416 1769 hominem

1847 1794 2136 1864 quemdam
2168 1797 2389 1851 nomine
2422 1796 2672 1864 Eneam,
2707 1801 2775 1854 ab
2807 1800 2964 1856 annis
2980 1809 3108 1858 octo
3146 1805 3417 1871 jacentem

1848 1887 1902 1940 in
1932 1887 2179 1956 grabato,
2209 1889 2302 1958 qui
2337 1897 2454 1943 erat
2475 1891 2827 1960 paralyticus.
2875 1891 2941 1946 Et
2975 1895 3049 1948 ait
3076 1895 3153 1949 illi
3183 1893 3417 1950 Petrus:

1847 1971 2056 2039 IEnea,
2096 1984 2254 2030 sanat
2295 1985 2346 2031 te
2380 1975 2641 2034 Dominus
2677 1977 2841 2036 Jesus
2879 1980 3134 2037 Christus
3177 1999 3191 2036 :
3234 1997 3420 2053 surge,

1845 2072 1899 2117 et
1934 2072 2118 2118 sterne
2163 2064 2283 2121 tibi.
2345 2065 2408 2120 Et
2446 2069 2709 2124 continuo
2756 2073 3018 2127 surrexit.
3064 2072 3132 2126 Et
3166 2074 3421 2129 viderunt

1845 2170 1971 2211 eum
2009 2171 2202 2212 omnes
2234 2159 2328 2228 qui
2363 2159 2684 2215 habitabant
2717 2161 2917 2232 Lydda:
2946 2172 3000 2217 et
3037 2163 3288 2231 Saronae,
3318 2165 3415 2236 qui

1847 2249 2097 2303 conversi
2141 2257 2270 2304 sunt
2312 2249 2381 2304 ad
2423 2249 2735 2306 Dominum.
2775 2252 2833 2306 In
2879 2251 3051 2324 Joppe
3093 2265 3278 2311 autem
3321 2256 3422 2311 fuit

1850 2337 2098 2405 quaedam
2128 2339 2419 2408 discipula,
2453 2343 2676 2397 nomine
2709 2341 2966 2408 Tabitlta,
2994 2361 3115 2415 qua:
3154 2347 3424 2417 interpre-

1852 2434 1963 2481 tata
1990 2427 2192 2481 dicitur
2225 2428 2450 2486 Dorcas.
2486 2431 2609 2486 Haec
2638 2442 2754 2487 erat
2786 2435 2943 2503 plena
2971 2436 3232 2504 operibus
3265 2438 3424 2493 bonis

1855 2527 1909 2571 et
1941 2518 2306 2591 eleemosynis
2335 2538 2473 2591 quas
2504 2523 2761 2579 faciebat.
2793 2524 3018 2581 Factum
3052 2537 3135 2583 est
3156 2539 3338 2584 autem
3369 2531 3423 2585 in

1855 2609 2050 2667 diebus
2081 2612 2211 2678 illis,
2246 2623 2306 2667 ut
2335 2615 2610 2671 inﬁrmata
2633 2629 2960 2674 moreretur.
2996 2618 3170 2686 Quam
3193 2637 3317 2676 cum
3349 2623 3430 2676 la.

1857 2702 2069 2758 vissent
2117 2714 2413 2771 posuerunt
2461 2721 2579 2760 eam
2624 2708 2679 2761 in
2721 2712 3028 2765 cmnaculo.
3070 2712 3206 2766 Cum
3242 2723 3424 2768 autem

1857 2807 2029 2862 prope
2065 2803 2212 2850 esset
2249 2794 2432 2864 Lydda
2460 2798 2527 2852 ad
2562 2796 2770 2871 Joppen
2793 2841 2808 2866 ,
2841 2802 3098 2873 discipuli
3134 2805 3424 2862 audientes

1857 2883 1982 2951 quia
2025 2885 2221 2940 Petrus
2255 2897 2400 2942 esset
2446 2889 2501 2942 in
2546 2906 2639 2956 ea,
2686 2893 2958 2948 miserunt
2998 2896 3138 2950 duos
3180 2897 3326 2952 viros
3355 2898 3420 2951 ad

1857 2989 2007 3038 eum,
2041 2987 2298 3046 rogantes
2324 2996 2338 3032 :
2366 2978 2448 3034 .Ne
2474 2981 2750 3050 pigriteris
2779 2985 2966 3039 venire
2994 3001 3167 3056 usque
3197 2990 3264 3042 ad
3304 3004 3425 3043 nos.

1859 3066 2171 3138 Exsurgens
2210 3079 2390 3125 autem
2437 3071 2630 3128 Petrus
2675 3076 2821 3130 venit
2863 3094 2986 3132 cum
3031 3081 3162 3134 illis.
3197 3083 3262 3135 Et
3302 3097 3427 3136 cum

1859 3157 2202 3222 advenisset,
2246 3159 2519 3217 duxerunt
2550 3165 2695 3218 illum
2733 3167 2787 3221 in
2829 3170 3195 3236 cmnacnlum,
3227 3180 3284 3225 et
3313 3173 3427 3226 eir-

183 3263 274 3313 καῖ
302 3260 663 3329 παρέστησαν
703 3257 850 3328 αὐτῷ
892 3261 1064 3311 πᾶσαι
1124 3259 1181 3310 αἱ
1233 3259 1396 3329 χῆραι
1451 3258 1757 3320 κλαίουσαι,

1866 3259 2264 3304 cumstetcrunt
2307 3253 2457 3306 illum
2501 3270 2692 3311 onmes
2723 3259 2895 3313 vidua:
2921 3260 3112 3316 ﬁentes
3153 3273 3206 3317 et
3247 3274 3403 3320 osten

185 3353 275 3404 καὶ
308 3351 756 3419 ἐπιδεικνύμεναι
792 3350 1023 3419 χιτῶνας
1086 3351 1177 3403 καὶ
1224 3353 1412 3419 ἱμάτια
1439 3350 1538 3403 ὅσα
1587 3351 1760 3403 ἐποίει

189 3445 303 3510 μετ’
337 3443 519 3496 αὐτῶν
548 3440 684 3494 οὖσα
718 3444 752 3512 ἡ
782 3442 1013 3511 Δορκάς.
1045 3441 1323 3494 Ἐκϐαλὼν
1354 3442 1409 3494 δὲ
1436 3442 1537 3506 ἔξω
1557 3442 1761 3505 πάντας

185 3539 212 3586 ὁ
245 3535 474 3603 Πέτρος,
510 3538 602 3586 καὶ
626 3534 738 3596 θεὶς
766 3533 834 3585 τά
866 3534 1066 3602 γόνατα
1095 3533 1444 3602 προσηύξατο
1465 3551 1480 3564 ·
1514 3535 1607 3587 καὶ
1638 3536 1759 3586 ἑπι-

189 3627 426 3693 στρέψας
482 3625 621 3692 πρὸς
659 3624 722 3676 τὸ
764 3625 958 3694 σῶμα,
997 3619 1151 3677 εἶπε·
1194 3623 1428 3688 Ταϐιθά,
1469 3624 1756 3694 ἀνάστηθι.

199 3715 259 3766 ’Π
289 3717 347 3767 δὲ
371 3714 577 3783 ἡνέῳξε
617 3715 740 3775 τοὺς
773 3715 1082 3783 ὀφθαλμοὺς
1111 3714 1303 3783 αὐτῆς,
1328 3716 1421 3766 καὶ.
1460 3714 1639 3766 ἰδοῦσα
1668 3717 1760 3767 τὸν

191 3807 425 3877 Πέτρον,
466 3806 774 3858 ἀνεκάθισε.
811 3806 946 3866 Aab;
979 3805 1035 3857 δὲ
1083 3806 1221 3874 αὐτῇ
1262 3807 1418 3876 χεῖρα
1466 3806 1760 3875 ἀνέστησεν

189 3899 356 3967 αὐτὴν
380 3897 586 3959 ζῶσαν.
650 3896 894 3948 Γνωστὸν
945 3897 999 3947 δὲ
1049 3897 1269 3962 ἐγένετο
1327 3895 1449 3948 καθ’
1490 3894 1617 3964 ὅλης
1660 3894 1761 3962 τῆς

203 3991 460 4058 Ἰόππης·
495 3988 588 4039 καὶ
650 3987 835 4039 πολλοὶ
893 3985 1222 4039 ἐπίστευσαν
1263 3987 1353 4039 ἐπὶ
1392 3986 1484 4038 τὸν
1534 3985 1757 4055 Κύριον.

203 4080 452 4148 Ἐγένετο
479 4078 536 4129 δὲ
562 4078 772 4148 ἡμέρας
810 4077 1002 4140 ἱκανὰς
1043 4080 1224 4147 μεῖναι
1277 4077 1442 4131 αὑτὸν
1484 4077 1544 4131 ὲν
1567 4076 1759 4146 Ἰόππῃ

193 4171 343 4236 παρὰ
369 4185 474 4221 τινι
506 4166 707 4236 Σίμωνι
743 4165 951 4236 βυρσεῖ.

788 4256 1165 4309 EPMHNEIA.

263 4350 382 4404 Οὐκ
414 4350 666 4418 ἀνέμεινε
697 4348 796 4419 τὴν
824 4349 1006 4400 πίστιν
1035 4347 1129 4399 τοῦ
1155 4348 1368 4417 ἀνδρδς,
1397 4348 1514 4400 οὐδὲ
1539 4347 1762 4418 ἠρώτη-

195 4461 309 4506 σεν,
373 4442 423 4493 εί
471 4439 717 4509 βούλοιτο
773 4436 1213 4507 θεραπευθῆναι·
1271 4435 1423 4488 οὗπω
1461 4436 1569 4507 γάρ
1623 4431 1764 4506 ἦσαν

189 4533 472 4602 τεκμήρια
505 4532 605 4600 τῆς
639 4529 842 4592 οἰκείας
885 4527 1266 4597 παρασχόντες
1325 4527 1626 4596 δυνάμεως.
1674 4528 1763 4579 Εἱ-

191 4628 368 4687 κὸτως
391 4623 571 4676 τοίνυν
601 4622 703 4674 ούκ
747 4621 1011 4691 ἀπῃτεῖτο
1035 4620 1131 4688 τὴν
1162 4620 1344 4672 πίστιν
1374 4622 1401 4671 ὁ
1437 4620 1574 4689 ἁνήρ
1603 4635 1615 4646 ο
1640 4620 1762 4672 οὐδὲ
1793 4587 1840 4643 D

191 4719 303 4787 γὰρ
333 4717 425 4768 τὸν
453 4714 624 4784 χωλὸν
646 4713 954 4783 ἀπῄτησαν.
981 4711 1231 4765 Μάλιστα
1260 4711 1356 4779 μὲν
1385 4710 1476 4763 οὖν
1505 4713 1600 4763 καὶ
1626 4712 1762 4782 πρὸς

193 4809 408 4862 πολλῶν
462 4805 810 4875 παράκλησιν
861 4803 1079 4870 ἐγένετο
1129 4803 1189 4854 τὸ
1242 4802 1461 4870 θαῦμα’
1495 4803 1763 4872 ἐπίσημος

193 4901 306 4969 γὰρ
329 4896 398 4968 ἦν
435 4901 464 4951 ὁ
492 4899 653 4968 ἀνήρ.
685 4896 948 4966 Καθάπερ
980 4891 1072 4948 οὖν
1107 4898 1134 4948 ὁ
1169 4896 1423 4962 Χριστὸς,
1461 4895 1763 4964 ἀρχόμενος

191 4994 305 5044 τῶν
334 4991 596 5058 σημείων,
635 4991 733 5041 οὐκ
772 4987 968 5056 ἀπῄτει
999 4987 1180 5038 πίστιν
1201 5001 1212 5014 ·
1244 4985 1416 5049 οὕτως
1446 4987 1567 5038 οὐδὲ
1593 4981 1758 5040 οὗτοι.

203 5082 297 5134 Ἐν
334 5077 730 5148 Ἰεροσολύμοις
763 5078 861 5146 μὲν
891 5077 998 5142 γάρ
1029 5075 1250 5136 εἰκότως
1290 5077 1322 5142 ὴ
1363 5075 1544 5137 πίστις
1581 5076 1762 5128 αὐτῶν

192 5173 542 5238 πωγένετο,
602 5170 688 5220 ἵνα
721 5186 738 5218 t
775 5167 1102 5235 Ἐρχομένου
1169 5167 1262 5218 τοῦ
1319 5167 1544 5233 Πέτρου,
1582 5168 1686 5218 κᾶν
1728 5169 1761 5236 ἡ

195 5257 328 5312 σκιὰ
387 5255 552 5308 αὑτοῦ
600 5258 896 5325 ὲπισκιάσῃ
947 5257 1053 5306 τινὶ
1108 5255 1306 5308 αὐτῶν.
1361 5274 1379 5307 ι
1425 5257 1604 5308 Πολλὰ
1651 5257 1760 5327 γὰρ

194 5350 420 5414 ἐγένετο
463 5347 579 5398 ἐκεῖ
630 5349 864 5416 σημεῖα·
920 5346 1156 5398 ἐνταῦθα
1209 5346 1288 5406 δὲ,
1344 5345 1502 5398 τοῦτο
1550 5349 1765 5417 πρῶτον

195 5438 473 5492 ἐπιϐαίνει
516 5437 582 5506 lf.
614 5437 944 5508 συμϐαίνει].
976 5438 1056 5488 Τά
1091 5437 1187 5505 μὲν
1221 5439 1328 5504 γὰρ
1355 5437 1460 5489 τῶν
1501 5440 1763 5507 σημείων,

197 5531 344 5600 ὑπὲρ
382 5529 476 5580 τοῦ
512 5531 638 5591 τοὺς
663 5529 851 5589 ἄλλους
879 5527 1280 5580 ἐπισπάσασθαι
1315 5530 1529 5595 ἐγένετο
1549 5547 1560 5558 ·
1592 5531 1658 5598 τὰ
1688 5533 1766 5597 δὲ,

197 5624 297 5677 καὶ
327 5622 470 5691 ὑπὲρ
493 5622 588 5688 τῆς
622 5623 729 5673 τῶν
778 5623 1143 5673 πιστευόντων
1184 5622 1600 5692 παρακλήσεως.
1629 5643 1646 5674 t
1681 5626 1768 5676 Ἐν

210 5715 408 5780 Ἰόππῃ
424 5713 502 5762 δέ.
538 5731 556 5762 ι
593 5710 876 5762 Δείκνυσιν
905 5712 986 5762 ὅτι
1012 5713 1347 5780 φερωνύμως
1393 5715 1530 5782 αὑτὴ
1566 5711 1631 5784 ἦν
1675 5720 1766 5767 καὶ

197 5799 539 5871 ἑγρηγορυῖα
574 5799 667 5849 καὶ
693 5799 938 5865 νήφουσα
972 5797 1158 5853 ὥσπερ
1188 5801 1382 5875 δορκάς
1410 5820 1419 5829 ι

523 5895 786 5952 ιἈτιιοι..
818 5892 929 5952 Gn.
971 5894 1211 5954 CXXV.

1467 5804 1557 5854 πο)
1572 5806 1632 5855 λὰ
1658 5810 1764 5877 γὰρ

1864 3338 2056 3392 dentes
2094 3340 2141 3392 ei
2177 3341 2390 3396 tunicas
2420 3353 2474 3397 et
2509 3353 2688 3400 vestes
2717 3362 2854 3415 quas
2885 3348 3117 3404 faciebat
3151 3352 3259 3407 illis
3296 3355 3430 3409 Dor-

1863 3444 1978 3484 cas.
2018 3426 2217 3498 Ejertis
2254 3442 2435 3487 autem
2473 3438 2730 3494 omnibus
2766 3438 2947 3504 foras,
2984 3442 3178 3498 Petrus
3219 3460 3429 3514 ponens

1863 3536 2038 3590 genua
2073 3525 2285 3578 oravit:
2320 3533 2372 3579 et
2397 3541 2698 3584 conversus
2731 3531 2797 3585 ad
2828 3547 3029 3602 corpus
3053 3535 3230 3592 dixit:
3262 3535 3432 3593 Tabi-

1861 3614 1992 3678 tha,
2035 3630 2219 3685 surge.
2272 3617 2340 3670 At
2390 3619 2480 3670 illa
2529 3623 2740 3689 aperuit
2785 3625 2976 3679 oculos
3016 3643 3185 3695 suos,
3226 3637 3282 3683 et
3315 3631 3431 3686 viso

1862 3705 2046 3770 Petro,
2071 3708 2297 3762 resedit.
2329 3711 2474 3764 Dans
2502 3724 2684 3766 autem
2717 3714 2793 3767 illi
2821 3732 3060 3782 manum,
3092 3721 3264 3774 erexit
3285 3737 3426 3776 eam.

1863 3797 1931 3850 Et
1957 3811 2082 3850 cum
2118 3810 2371 3854 vocasset
2403 3812 2627 3856 sanctos
2650 3811 2706 3858 et
2733 3805 2943 3870 viduas,
2982 3811 3282 3879 assignavit
3308 3828 3428 3867 eam

1862 3888 2062 3941 vivam.
2111 3889 2312 3944 Notum
2361 3905 2540 3947 autem
2596 3894 2799 3950 factum
2842 3912 2927 3953 est
2971 3917 3069 3970 per
3118 3905 3429 3959 universam

1861 3978 2106 4050 Joppen;
2153 3991 2208 4036 et
2239 3984 2593 4040 crediderunt
2639 3990 2794 4042 multi
2831 3990 2885 4044 in
2915 3991 3164 4051 Domino.
3204 3997 3430 4052 Factum

1862 4083 1947 4127 est
1971 4082 2174 4139 autem,
2206 4085 2264 4129 nt
2291 4076 2408 4131 dies
2436 4078 2638 4132 multos
2661 4092 2966 4138 moraretur
2993 4085 3043 4138 in
3067 4083 3259 4157 Joppe,
3289 4092 3432 4159 apud

1867 4161 2145 4217 Simonem
2175 4164 2466 4234 quemdam
2498 4167 2816 4224 coriarium.

2368 4254 2938 4314 COMMENTARIUS.

1940 4346 2130 4399 Petrus
2163 4347 2308 4400 haud
2343 4349 2679 4416 exspectavit
2709 4349 2866 4404 ﬁdem
2902 4352 3214 4423 paralytici,
3255 4371 3433 4426 neque

1870 4436 2243 4505 interrogavit,
2269 4451 2396 4488 num
2423 4452 2590 4490 sanus
2623 4438 2739 4491 ﬁeri
2767 4439 2957 4506 vellet;
2989 4444 3430 4516 quandoquidem

1869 4541 1934 4579 eo
1958 4526 2059 4578 loci
2103 4526 2250 4577 nulla
2293 4525 2469 4579 adlmc
2507 4527 2792 4580 ediderant
2838 4532 3071 4598 apostoli
3112 4545 3432 4603 argumenta

1869 4617 2154 4686 potestatis
2201 4630 2305 4682 qua
2358 4617 2543 4669 donati
2590 4627 2765 4671 erant.
2807 4617 3059 4690 Congrue
3111 4622 3278 4693 igitur
3325 4642 3434 4681 non

1868 4710 2036 4776 exigit
2067 4708 2222 4761 ﬁdem
2261 4709 2330 4760 ab
2371 4709 2465 4762 illo
2490 4709 2627 4772 viro,
2653 4709 2795 4764 sicut
2828 4726 3003 4781 neque
3035 4729 3065 4767 a
3101 4716 3296 4771 claudo
3335 4735 3426 4773 an-

1869 4811 1952 4854 tea
1981 4813 2255 4871 exegerat.
2291 4800 2641 4856 Potissimum
2675 4803 2841 4872 igitur
2875 4805 2942 4858 ad
2973 4806 3204 4860 aliorum
3234 4824 3432 4865 conso-

1873 4892 2129 4946 lationem
2181 4892 2382 4965 l‘actum
2430 4905 2513 4947 est
2557 4894 2880 4949 miraculum
2933 4896 3065 4951 illud
3105 4916 3118 4951 :
3163 4899 3432 4968 siquidem

1874 4983 2110 5040 celebris
2134 4991 2251 5035 erat
2290 4983 2369 5035 vir
2400 4983 2510 5036 ille.
2544 4981 2749 5053 Itaque,
2785 4986 3244 5053 quemadmodum
3275 4987 3436 5042 Chri-

1874 5085 1991 5128 stus
2015 5073 2298 5138 Dominus,
2325 5087 2446 5127 enm
2479 5078 2632 5140 signa
2660 5075 2841 5130 facere
2872 5079 3103 5146 occepit,
3137 5079 3294 5133 ﬁdem
3327 5098 3432 5134 non

1875 5166 2253 5236 pi-teexigebat,
2289 5169 2367 5220 sie
2409 5180 2507 5219 nec
2541 5168 2790 5234 apostoli.
2823 5169 2890 5222 At
2928 5168 3278 5242 Jerosolymis
3308 5189 3439 5227 eon-

1877 5275 2010 5330 grne
2049 5261 2184 5315 ﬁdes
2214 5261 2571 5330 praecedebat,
2603 5269 2662 5313 ut
2701 5279 2719 5311 ι
2758 5261 3079 5316 adveniente
3109 5263 3294 5327 Petro,
3331 5267 3440 5318 s:il~

1881 5361 1983 5405 tem
2011 5353 2200 5405 umbra
2226 5351 2372 5405 illius
2394 5351 2750 5405 obnmbrarct
2772 5365 3097 5419 quemquam
3123 5352 3341 5407 illorum
3368 5373 3379 5407 :
3414 5365 3452 5404 ι’

1878 5443 2046 5496 multa
2083 5443 2225 5497 enim
2269 5442 2398 5496 inibi
2442 5441 2596 5510 signa
2642 5441 2781 5495 facta
2813 5442 2924 5510 jam
2957 5440 3205 5504 fuerant;
3244 5454 3300 5498 at
3335 5445 3439 5495 is!"

1879 5534 1930 5586 in
1966 5533 2084 5586 loco
2112 5534 2342 5598 primum
2372 5541 2510 5586 erat.
2552 5532 2808 5596 Quaedam
2840 5533 2984 5586 enim
3018 5533 3173 5601 signa
3213 5535 3278 5586 ad
3313 5533 3434 5586 inli-

1874 5625 2025 5677 deles
2061 5626 2124 5675 ad
2166 5622 2318 5674 ﬁdem
2355 5623 2691 5686 trahendus;
2726 5623 2829 5674 alia
2868 5623 2931 5675 ad
2974 5623 3210 5677 ﬁdelium
3244 5639 3435 5677 conso-

1874 5715 2130 5768 lationem
2164 5713 2382 5766 ﬁeliant.
2425 5734 2441 5763 ‹
2482 5713 2537 5766 In
2568 5713 2736 5781 Joppe
2763 5724 2967 5766 autem.
3011 5733 3027 5763 ι
3076 5716 3250 5768 Innuit
3285 5717 3434 5784 puel-

1872 5809 1973 5860 lam
2021 5807 2167 5858 illam
2209 5805 2361 5873 juxta
2409 5806 2492 5859 sui
2548 5806 2783 5860 numinis
2835 5806 2974 5869 vim,
3025 5807 3329 5873 vigilantem
3381 5817 3434 5862 et

3022 5897 3097 5956 30
