  <div class='ocr_page' id='page_1' title='image "/cluster/home/n/w/nwhite01/storage/ocr_20150623/125/nnc1.0046979794/474.png"; bbox 0 0 4164 6444; ppageno 0'>
   <div class='ocr_carea' id='block_1_1' title="bbox 181 417 1825 500">
    <p class='ocr_par' dir='ltr' id='par_1_1' title="bbox 181 426 1825 500">
     <span class='ocr_line' id='line_1_1' title="bbox 181 426 1825 500; baseline -0.011 0"><span class='ocrx_word' id='word_1_1' title='bbox 181 439 276 500; x_wconf 63' lang='grc'><strong>941</strong></span> <span class='ocrx_word' id='word_1_2' title='bbox 813 428 1352 492; x_wconf 65' lang='grc' dir='ltr'><strong>ΕΧΡΟΞιΤὶΟΝΙΞ</strong></span> <span class='ocrx_word' id='word_1_3' title='bbox 1398 431 1474 488; x_wconf 85' lang='grc' dir='ltr'>ΙΝ</span> <span class='ocrx_word' id='word_1_4' title='bbox 1533 427 1720 486; x_wconf 76' lang='lat' dir='ltr'><strong>ACTA</strong></span> <span class='ocrx_word' id='word_1_5' title='bbox 1750 426 1825 483; x_wconf 77' lang='lat' dir='ltr'><strong>TI</strong></span> 
     </span>
    </p>
   </div>
   <div class='ocr_carea' id='block_1_2' title="bbox 1768 417 3412 500">
    <p class='ocr_par' dir='ltr' id='par_1_2' title="bbox 1768 417 3412 483">
     <span class='ocr_line' id='line_1_2' title="bbox 1768 417 3412 483; baseline -0.012 0"><span class='ocrx_word' id='word_1_6' title='bbox 1768 423 2045 483; x_wconf 65' lang='lat' dir='ltr'><strong>manus</strong></span> <span class='ocrx_word' id='word_1_7' title='bbox 2090 421 2354 478; x_wconf 75' lang='lat' dir='ltr'><strong>ALTER.</strong></span> <span class='ocrx_word' id='word_1_8' title='bbox 2394 445 2459 454; x_wconf 93' lang='lat'><strong>-—</strong></span> <span class='ocrx_word' id='word_1_9' title='bbox 2496 418 2654 478; x_wconf 79' lang='lat' dir='ltr'><strong>CAP.</strong></span> <span class='ocrx_word' id='word_1_10' title='bbox 2695 420 2766 479; x_wconf 89' lang='lat' dir='ltr'><strong>x.</strong></span> <span class='ocrx_word' id='word_1_11' title='bbox 3306 417 3412 478; x_wconf 58' lang='lat'><strong>942</strong></span> 
     </span>
    </p>
   </div>
   <div class='ocr_carea' id='block_1_3' title="bbox 179 531 1823 622">
    <p class='ocr_par' dir='ltr' id='par_1_3' title="bbox 179 544 1811 622">
     <span class='ocr_line' id='line_1_3' title="bbox 179 544 1811 622; baseline -0.001 -21"><span class='ocrx_word' id='word_1_12' title='bbox 179 554 522 622; x_wconf 72' lang='grc' dir='ltr'>μνημόσυνον</span> <span class='ocrx_word' id='word_1_13' title='bbox 562 551 792 601; x_wconf 70' lang='grc' dir='ltr'>ἐνώπιον</span> <span class='ocrx_word' id='word_1_14' title='bbox 822 548 916 599; x_wconf 88' lang='grc' dir='ltr'><strong>τοῦ</strong></span> <span class='ocrx_word' id='word_1_15' title='bbox 945 546 1104 599; x_wconf 85' lang='grc' dir='ltr'>Θεοῦ.</span> <span class='ocrx_word' id='word_1_16' title='bbox 1135 547 1244 597; x_wconf 78' lang='grc' dir='ltr'><strong>Καὶ</strong></span> <span class='ocrx_word' id='word_1_17' title='bbox 1291 544 1385 597; x_wconf 93' lang='grc' dir='ltr'><strong>νῦν</strong></span> <span class='ocrx_word' id='word_1_18' title='bbox 1418 544 1631 612; x_wconf 66' lang='grc' dir='ltr'>πέμψον</span> <span class='ocrx_word' id='word_1_19' title='bbox 1660 545 1736 603; x_wconf 79' lang='grc' dir='ltr'><strong>εἰς</strong></span> <span class='ocrx_word' id='word_1_20' title='bbox 1771 551 1811 600; x_wconf 73' lang='grc' dir='ltr'>Α</span> 
     </span>
    </p>
   </div>
   <div class='ocr_carea' id='block_1_4' title="bbox 1767 531 3411 622">
    <p class='ocr_par' dir='ltr' id='par_1_4' title="bbox 1771 531 3411 606">
     <span class='ocr_line' id='line_1_4' title="bbox 1771 531 3411 606; baseline -0.002 -16"><span class='ocrx_word' id='word_1_21' title='bbox 1771 551 1811 600; x_wconf 73' lang='grc' dir='ltr'>Α</span> <span class='ocrx_word' id='word_1_22' title='bbox 1846 541 1896 590; x_wconf 82' lang='lat' dir='ltr'><strong>in</strong></span> <span class='ocrx_word' id='word_1_23' title='bbox 1929 534 2238 606; x_wconf 75' lang='lat' dir='ltr'><strong>.leppen,&#39;et</strong></span> <span class='ocrx_word' id='word_1_24' title='bbox 2275 536 2480 589; x_wconf 83' lang='lat' dir='ltr'><strong>accersi</strong></span> <span class='ocrx_word' id='word_1_25' title='bbox 2514 533 2791 586; x_wconf 84' lang='lat' dir='ltr'><strong>Simonem</strong></span> <span class='ocrx_word' id='word_1_26' title='bbox 2835 531 3154 602; x_wconf 79' lang='lat' dir='ltr'><strong>quennlam,</strong></span> <span class='ocrx_word' id='word_1_27' title='bbox 3202 533 3297 600; x_wconf 90' lang='lat' dir='ltr'><strong>qui</strong></span> <span class='ocrx_word' id='word_1_28' title='bbox 3319 549 3411 586; x_wconf 79' lang='lat' dir='ltr'><strong>co-</strong></span> 
     </span>
    </p>
   </div>
   <div class='ocr_carea' id='block_1_5' title="bbox 186 622 1830 712">
    <p class='ocr_par' dir='ltr' id='par_1_5' title="bbox 186 636 1744 712">
     <span class='ocr_line' id='line_1_5' title="bbox 186 636 1744 712; baseline -0.006 -18"><span class='ocrx_word' id='word_1_29' title='bbox 186 645 408 711; x_wconf 70' lang='grc' dir='ltr'>Ἰόππην</span> <span class='ocrx_word' id='word_1_30' title='bbox 437 642 658 712; x_wconf 71' lang='grc' dir='ltr'>ἄνδρας,</span> <span class='ocrx_word' id='word_1_31' title='bbox 690 640 782 692; x_wconf 75' lang='grc' dir='ltr'>καὶ</span> <span class='ocrx_word' id='word_1_32' title='bbox 819 638 1187 708; x_wconf 79' lang='grc' dir='ltr'>μετακάλεσαι</span> <span class='ocrx_word' id='word_1_33' title='bbox 1219 638 1460 706; x_wconf 80' lang='grc' dir='ltr'>Σίμωνα,</span> <span class='ocrx_word' id='word_1_34' title='bbox 1495 637 1586 688; x_wconf 64' lang='grc' dir='ltr'><strong>τὸν</strong></span> <span class='ocrx_word' id='word_1_35' title='bbox 1621 636 1744 686; x_wconf 79' lang='grc' dir='ltr'><strong>ἐπι-</strong></span> 
     </span>
    </p>
   </div>
   <div class='ocr_carea' id='block_1_6' title="bbox 1761 622 3405 712">
    <p class='ocr_par' dir='ltr' id='par_1_6' title="bbox 1851 622 3405 692">
     <span class='ocr_line' id='line_1_6' title="bbox 1851 622 3405 692; baseline 0 -16"><span class='ocrx_word' id='word_1_36' title='bbox 1851 628 2200 692; x_wconf 86' lang='lat' dir='ltr'><strong>gnominatur</strong></span> <span class='ocrx_word' id='word_1_37' title='bbox 2239 622 2432 677; x_wconf 87' lang='lat' dir='ltr'><strong>Petrus</strong></span> <span class='ocrx_word' id='word_1_38' title='bbox 2459 639 2471 674; x_wconf 91' lang='lat'><strong>:</strong></span> <span class='ocrx_word' id='word_1_39' title='bbox 2506 623 2598 676; x_wconf 89' lang='lat' dir='ltr'><strong>hic</strong></span> <span class='ocrx_word' id='word_1_40' title='bbox 2621 622 2929 690; x_wconf 87' lang='lat' dir='ltr'><strong>hospitatur</strong></span> <span class='ocrx_word' id='word_1_41' title='bbox 2955 622 3099 691; x_wconf 82' lang='lat' dir='ltr'><strong>apud</strong></span> <span class='ocrx_word' id='word_1_42' title='bbox 3127 622 3405 678; x_wconf 82' lang='lat' dir='ltr'><strong>Simonem</strong></span> 
     </span>
    </p>
   </div>
   <div class='ocr_carea' id='block_1_7' title="bbox 177 713 1821 802">
    <p class='ocr_par' dir='ltr' id='par_1_7' title="bbox 177 722 1745 802">
     <span class='ocr_line' id='line_1_7' title="bbox 177 722 1745 802; baseline -0.006 -17"><span class='ocrx_word' id='word_1_43' title='bbox 177 733 511 802; x_wconf 71' lang='grc' dir='ltr'>καλούμενον</span> <span class='ocrx_word' id='word_1_44' title='bbox 535 731 762 800; x_wconf 80' lang='grc' dir='ltr'>Πέτρον,</span> <span class='ocrx_word' id='word_1_45' title='bbox 781 730 876 781; x_wconf 70' lang='grc' dir='ltr'>καὶ</span> <span class='ocrx_word' id='word_1_46' title='bbox 911 727 1074 790; x_wconf 77' lang='grc' dir='ltr'>αὑτός</span> <span class='ocrx_word' id='word_1_47' title='bbox 1103 729 1220 780; x_wconf 73' lang='grc' dir='ltr'>ἐστι</span> <span class='ocrx_word' id='word_1_48' title='bbox 1248 724 1584 794; x_wconf 76' lang='grc' dir='ltr'><strong>ξενιζόμενος</strong></span> <span class='ocrx_word' id='word_1_49' title='bbox 1607 722 1745 794; x_wconf 75' lang='grc' dir='ltr'>πρὸς</span> 
     </span>
    </p>
   </div>
   <div class='ocr_carea' id='block_1_8' title="bbox 1770 713 3414 802">
    <p class='ocr_par' dir='ltr' id='par_1_8' title="bbox 1849 713 3414 786">
     <span class='ocr_line' id='line_1_8' title="bbox 1849 713 3414 786; baseline 0.001 -16"><span class='ocrx_word' id='word_1_50' title='bbox 1849 717 2137 786; x_wconf 82' lang='lat' dir='ltr'><strong>quemdam</strong></span> <span class='ocrx_word' id='word_1_51' title='bbox 2170 716 2483 779; x_wconf 64' lang='lat' dir='ltr'><strong>coriarium,</strong></span> <span class='ocrx_word' id='word_1_52' title='bbox 2517 714 2677 784; x_wconf 88' lang='lat' dir='ltr'><strong>cujus</strong></span> <span class='ocrx_word' id='word_1_53' title='bbox 2703 721 2786 767; x_wconf 80' lang='lat' dir='ltr'><strong>est</strong></span> <span class='ocrx_word' id='word_1_54' title='bbox 2826 714 3019 768; x_wconf 89' lang='lat' dir='ltr'><strong>domus</strong></span> <span class='ocrx_word' id='word_1_55' title='bbox 3044 713 3200 784; x_wconf 85' lang='lat' dir='ltr'><strong>juxta</strong></span> <span class='ocrx_word' id='word_1_56' title='bbox 3233 729 3414 770; x_wconf 87' lang='lat' dir='ltr'><strong>mare:</strong></span> 
     </span>
    </p>
   </div>
   <div class='ocr_carea' id='block_1_9' title="bbox 174 805 1818 895">
    <p class='ocr_par' dir='ltr' id='par_1_9' title="bbox 174 815 1748 895">
     <span class='ocr_line' id='line_1_9' title="bbox 174 815 1748 895; baseline -0.007 -16"><span class='ocrx_word' id='word_1_57' title='bbox 174 829 260 880; x_wconf 75' lang='grc' dir='ltr'><strong>τὸν</strong></span> <span class='ocrx_word' id='word_1_58' title='bbox 295 828 521 895; x_wconf 84' lang='grc' dir='ltr'>Σίμωνα</span> <span class='ocrx_word' id='word_1_59' title='bbox 548 825 638 876; x_wconf 80' lang='grc' dir='ltr'>τὸν</span> <span class='ocrx_word' id='word_1_60' title='bbox 681 822 906 892; x_wconf 79' lang='grc' dir='ltr'>βυρσέα,</span> <span class='ocrx_word' id='word_1_61' title='bbox 935 815 981 888; x_wconf 79' lang='grc' dir='ltr'><strong>ᾧ</strong></span> <span class='ocrx_word' id='word_1_62' title='bbox 1006 822 1155 872; x_wconf 70' lang='grc' dir='ltr'>ἔστιν</span> <span class='ocrx_word' id='word_1_63' title='bbox 1181 819 1328 871; x_wconf 74' lang='grc' dir='ltr'>οἰκία</span> <span class='ocrx_word' id='word_1_64' title='bbox 1367 818 1518 887; x_wconf 85' lang='grc' dir='ltr'><strong>παρά</strong></span> <span class='ocrx_word' id='word_1_65' title='bbox 1548 816 1748 870; x_wconf 79' lang='grc' dir='ltr'>θάλασ-</span> 
     </span>
    </p>
   </div>
   <div class='ocr_carea' id='block_1_10' title="bbox 1769 805 3413 895">
    <p class='ocr_par' dir='ltr' id='par_1_10' title="bbox 1854 805 3413 878">
     <span class='ocr_line' id='line_1_10' title="bbox 1854 805 3413 878; baseline -0.003 -13"><span class='ocrx_word' id='word_1_66' title='bbox 1854 813 1939 865; x_wconf 91' lang='lat' dir='ltr'><strong>hic</strong></span> <span class='ocrx_word' id='word_1_67' title='bbox 1972 812 2116 865; x_wconf 90' lang='lat' dir='ltr'><strong>dicet</strong></span> <span class='ocrx_word' id='word_1_68' title='bbox 2160 809 2281 872; x_wconf 89' lang='lat' dir='ltr'><strong>tibi,</strong></span> <span class='ocrx_word' id='word_1_69' title='bbox 2325 808 2454 878; x_wconf 90' lang='lat' dir='ltr'><strong>quid</strong></span> <span class='ocrx_word' id='word_1_70' title='bbox 2490 816 2543 862; x_wconf 90' lang='lat' dir='ltr'><strong>te</strong></span> <span class='ocrx_word' id='word_1_71' title='bbox 2584 814 2832 877; x_wconf 74' lang='lat' dir='ltr'><strong>oporteat</strong></span> <span class='ocrx_word' id='word_1_72' title='bbox 2911 805 3107 862; x_wconf 78' lang='lat' dir='ltr'><strong>facere.</strong></span> <span class='ocrx_word' id='word_1_73' title='bbox 3172 807 3238 862; x_wconf 84' lang='lat' dir='ltr'><strong>Et</strong></span> <span class='ocrx_word' id='word_1_74' title='bbox 3286 823 3413 863; x_wconf 75' lang='lat' dir='ltr'><strong>cum</strong></span> 
     </span>
    </p>
   </div>
   <div class='ocr_carea' id='block_1_11' title="bbox 176 899 1820 984">
    <p class='ocr_par' dir='ltr' id='par_1_11' title="bbox 176 910 1748 984">
     <span class='ocr_line' id='line_1_11' title="bbox 176 910 1748 984; baseline -0.007 -13"><span class='ocrx_word' id='word_1_75' title='bbox 176 938 294 972; x_wconf 79' lang='grc' dir='ltr'>σαν.</span> <span class='ocrx_word' id='word_1_76' title='bbox 355 913 525 980; x_wconf 73' lang='grc' dir='ltr'>Οὗτος</span> <span class='ocrx_word' id='word_1_77' title='bbox 548 918 773 984; x_wconf 82' lang='grc' dir='ltr'>λαλήσει</span> <span class='ocrx_word' id='word_1_78' title='bbox 833 932 914 969; x_wconf 82' lang='grc' dir='ltr'><strong>σοι</strong></span> <span class='ocrx_word' id='word_1_79' title='bbox 969 914 1021 966; x_wconf 87' lang='grc' dir='ltr'><strong>τί</strong></span> <span class='ocrx_word' id='word_1_80' title='bbox 1073 930 1132 964; x_wconf 91' lang='grc' dir='ltr'><strong>σε</strong></span> <span class='ocrx_word' id='word_1_81' title='bbox 1184 911 1262 963; x_wconf 82' lang='grc' dir='ltr'>δεῖ</span> <span class='ocrx_word' id='word_1_82' title='bbox 1315 914 1510 965; x_wconf 82' lang='grc' dir='ltr'>ποιεῖν.</span> <span class='ocrx_word' id='word_1_83' title='bbox 1557 911 1644 973; x_wconf 81' lang='grc' dir='ltr'>Ὠς</span> <span class='ocrx_word' id='word_1_84' title='bbox 1692 910 1748 961; x_wconf 79' lang='grc' dir='ltr'>δὲ</span> 
     </span>
    </p>
   </div>
   <div class='ocr_carea' id='block_1_12' title="bbox 1773 899 3417 984">
    <p class='ocr_par' dir='ltr' id='par_1_12' title="bbox 1851 899 3417 972">
     <span class='ocr_line' id='line_1_12' title="bbox 1851 899 3417 972; baseline -0.002 -16"><span class='ocrx_word' id='word_1_85' title='bbox 1851 903 2192 962; x_wconf 81' lang='lat' dir='ltr'><strong>discessisset</strong></span> <span class='ocrx_word' id='word_1_86' title='bbox 2237 902 2465 972; x_wconf 78' lang='lat' dir='ltr'><strong>aagelus</strong></span> <span class='ocrx_word' id='word_1_87' title='bbox 2529 903 2618 970; x_wconf 86' lang='lat' dir='ltr'><strong>qui</strong></span> <span class='ocrx_word' id='word_1_88' title='bbox 2667 901 2991 968; x_wconf 73' lang='lat' dir='ltr'><strong>loquebatur</strong></span> <span class='ocrx_word' id='word_1_89' title='bbox 3056 899 3154 964; x_wconf 87' lang='lat' dir='ltr'><strong>illi,</strong></span> <span class='ocrx_word' id='word_1_90' title='bbox 3207 903 3417 954; x_wconf 65' lang='lat' dir='ltr'><strong>vocaxit</strong></span> 
     </span>
    </p>
   </div>
   <div class='ocr_carea' id='block_1_13' title="bbox 175 993 1819 1079">
    <p class='ocr_par' dir='ltr' id='par_1_13' title="bbox 175 1004 1749 1079">
     <span class='ocr_line' id='line_1_13' title="bbox 175 1004 1749 1079; baseline -0.007 -14"><span class='ocrx_word' id='word_1_91' title='bbox 175 1011 420 1079; x_wconf 68' lang='grc' dir='ltr'>ἀπῆλθεν</span> <span class='ocrx_word' id='word_1_92' title='bbox 453 1013 482 1062; x_wconf 81' lang='grc' dir='ltr'>ὁ</span> <span class='ocrx_word' id='word_1_93' title='bbox 509 1008 740 1075; x_wconf 79' lang='grc' dir='ltr'>ἄγγελος</span> <span class='ocrx_word' id='word_1_94' title='bbox 772 1010 799 1060; x_wconf 86' lang='grc' dir='ltr'>ὁ</span> <span class='ocrx_word' id='word_1_95' title='bbox 831 1006 1010 1059; x_wconf 82' lang='grc' dir='ltr'>λαλῶν</span> <span class='ocrx_word' id='word_1_96' title='bbox 1038 1005 1116 1074; x_wconf 83' lang='grc' dir='ltr'>τῷ</span> <span class='ocrx_word' id='word_1_97' title='bbox 1156 1004 1462 1074; x_wconf 79' lang='grc' dir='ltr'><strong>Κορνηλίῳ,</strong></span> <span class='ocrx_word' id='word_1_98' title='bbox 1493 1004 1749 1072; x_wconf 73' lang='grc' dir='ltr'>φωνήσας</span> 
     </span>
    </p>
   </div>
   <div class='ocr_carea' id='block_1_14' title="bbox 1774 993 3418 1079">
    <p class='ocr_par' dir='ltr' id='par_1_14' title="bbox 1851 993 3418 1056">
     <span class='ocr_line' id='line_1_14' title="bbox 1851 993 3418 1056; baseline -0.003 -7"><span class='ocrx_word' id='word_1_99' title='bbox 1851 995 1990 1049; x_wconf 91' lang='lat' dir='ltr'><strong>duos</strong></span> <span class='ocrx_word' id='word_1_100' title='bbox 2012 995 2343 1048; x_wconf 89' lang='lat' dir='ltr'><strong>domesticos</strong></span> <span class='ocrx_word' id='word_1_101' title='bbox 2373 1008 2523 1056; x_wconf 90' lang='lat' dir='ltr'><strong>suos,</strong></span> <span class='ocrx_word' id='word_1_102' title='bbox 2552 1001 2607 1046; x_wconf 88' lang='lat' dir='ltr'><strong>et</strong></span> <span class='ocrx_word' id='word_1_103' title='bbox 2662 993 2887 1045; x_wconf 80' lang='lat' dir='ltr'><strong>militent</strong></span> <span class='ocrx_word' id='word_1_104' title='bbox 2922 1001 3257 1046; x_wconf 85' lang='lat' dir='ltr'><strong>metuentem</strong></span> <span class='ocrx_word' id='word_1_105' title='bbox 3318 993 3418 1046; x_wconf 89' lang='lat' dir='ltr'><strong>do-</strong></span> 
     </span>
    </p>
   </div>
   <div class='ocr_carea' id='block_1_15' title="bbox 175 1085 1819 1166">
    <p class='ocr_par' dir='ltr' id='par_1_15' title="bbox 175 1094 1750 1166">
     <span class='ocr_line' id='line_1_15' title="bbox 175 1094 1750 1166; baseline -0.007 -11"><span class='ocrx_word' id='word_1_106' title='bbox 175 1105 266 1156; x_wconf 72' lang='grc' dir='ltr'><strong>δύο</strong></span> <span class='ocrx_word' id='word_1_107' title='bbox 289 1103 400 1155; x_wconf 80' lang='grc' dir='ltr'>τῶν</span> <span class='ocrx_word' id='word_1_108' title='bbox 428 1101 658 1154; x_wconf 82' lang='grc' dir='ltr'>οἰκετῶν</span> <span class='ocrx_word' id='word_1_109' title='bbox 685 1098 870 1160; x_wconf 70' lang='grc' dir='ltr'>αὐτοῦ,</span> <span class='ocrx_word' id='word_1_110' title='bbox 904 1099 1000 1150; x_wconf 73' lang='grc' dir='ltr'><strong>καὶ</strong></span> <span class='ocrx_word' id='word_1_111' title='bbox 1034 1096 1378 1166; x_wconf 70' lang='grc' dir='ltr'><strong>στρατιώτην</strong></span> <span class='ocrx_word' id='word_1_112' title='bbox 1413 1095 1612 1163; x_wconf 75' lang='grc' dir='ltr'>εὐσεϐῆ</span> <span class='ocrx_word' id='word_1_113' title='bbox 1640 1094 1750 1145; x_wconf 82' lang='grc' dir='ltr'>τῶν</span> 
     </span>
    </p>
   </div>
   <div class='ocr_carea' id='block_1_16' title="bbox 1775 1085 3419 1166">
    <p class='ocr_par' dir='ltr' id='par_1_16' title="bbox 1854 1085 3419 1156">
     <span class='ocr_line' id='line_1_16' title="bbox 1854 1085 3419 1156; baseline -0.003 -16"><span class='ocrx_word' id='word_1_114' title='bbox 1854 1087 2087 1148; x_wconf 82' lang='lat' dir='ltr'><strong>initium,</strong></span> <span class='ocrx_word' id='word_1_115' title='bbox 2139 1101 2200 1140; x_wconf 82' lang='lat' dir='ltr'><strong>ex</strong></span> <span class='ocrx_word' id='word_1_116' title='bbox 2271 1088 2358 1140; x_wconf 90' lang='lat' dir='ltr'><strong>his</strong></span> <span class='ocrx_word' id='word_1_117' title='bbox 2413 1087 2506 1156; x_wconf 91' lang='lat' dir='ltr'><strong>qui</strong></span> <span class='ocrx_word' id='word_1_118' title='bbox 2559 1087 2634 1139; x_wconf 85' lang='lat' dir='ltr'><strong>illi</strong></span> <span class='ocrx_word' id='word_1_119' title='bbox 2691 1086 2972 1154; x_wconf 74' lang='lat' dir='ltr'><strong>parebunt.</strong></span> <span class='ocrx_word' id='word_1_120' title='bbox 3034 1085 3246 1151; x_wconf 85' lang='lat' dir='ltr'><strong>Quibus</strong></span> <span class='ocrx_word' id='word_1_121' title='bbox 3295 1100 3419 1139; x_wconf 85' lang='lat' dir='ltr'><strong>eum</strong></span> 
     </span>
    </p>
   </div>
   <div class='ocr_carea' id='block_1_17' title="bbox 177 1175 1821 1263">
    <p class='ocr_par' dir='ltr' id='par_1_17' title="bbox 177 1186 1752 1263">
     <span class='ocr_line' id='line_1_17' title="bbox 177 1186 1752 1263; baseline -0.006 -18"><span class='ocrx_word' id='word_1_122' title='bbox 177 1193 739 1263; x_wconf 77' lang='grc' dir='ltr'>προσκαρτερούντων</span> <span class='ocrx_word' id='word_1_123' title='bbox 787 1191 957 1260; x_wconf 82' lang='grc' dir='ltr'>αὐτῷ,</span> <span class='ocrx_word' id='word_1_124' title='bbox 986 1191 1081 1242; x_wconf 73' lang='grc' dir='ltr'>καὶ</span> <span class='ocrx_word' id='word_1_125' title='bbox 1127 1191 1296 1258; x_wconf 78' lang='grc' dir='ltr'>ὲΞηγη</span> <span class='ocrx_word' id='word_1_126' title='bbox 1312 1191 1538 1258; x_wconf 67' lang='grc' dir='ltr'>ξάμενος</span> <span class='ocrx_word' id='word_1_127' title='bbox 1568 1186 1752 1248; x_wconf 81' lang='grc' dir='ltr'>αὐτοῖς</span> 
     </span>
    </p>
   </div>
   <div class='ocr_carea' id='block_1_18' title="bbox 1773 1175 3417 1263">
    <p class='ocr_par' dir='ltr' id='par_1_18' title="bbox 1853 1175 3417 1245">
     <span class='ocr_line' id='line_1_18' title="bbox 1853 1175 3417 1245; baseline -0.001 -15"><span class='ocrx_word' id='word_1_128' title='bbox 1853 1187 2132 1230; x_wconf 78' lang='lat' dir='ltr'><strong>narrasset</strong></span> <span class='ocrx_word' id='word_1_129' title='bbox 2194 1180 2394 1240; x_wconf 86' lang='lat' dir='ltr'><strong>omnia,</strong></span> <span class='ocrx_word' id='word_1_130' title='bbox 2460 1177 2607 1231; x_wconf 88' lang='lat' dir='ltr'><strong>misit</strong></span> <span class='ocrx_word' id='word_1_131' title='bbox 2651 1177 2774 1232; x_wconf 91' lang='lat' dir='ltr'><strong>illos</strong></span> <span class='ocrx_word' id='word_1_132' title='bbox 2819 1177 2871 1229; x_wconf 91' lang='lat' dir='ltr'><strong>in</strong></span> <span class='ocrx_word' id='word_1_133' title='bbox 2899 1175 3155 1245; x_wconf 77' lang='lat' dir='ltr'><strong>.Juppen.</strong></span> <span class='ocrx_word' id='word_1_134' title='bbox 3193 1177 3417 1231; x_wconf 83' lang='lat' dir='ltr'><strong>Postera</strong></span> 
     </span>
    </p>
   </div>
   <div class='ocr_carea' id='block_1_19' title="bbox 179 1268 1823 1353">
    <p class='ocr_par' dir='ltr' id='par_1_19' title="bbox 179 1281 1751 1353">
     <span class='ocr_line' id='line_1_19' title="bbox 179 1281 1751 1353; baseline -0.005 -13"><span class='ocrx_word' id='word_1_135' title='bbox 179 1290 419 1350; x_wconf 74' lang='grc' dir='ltr'>ἃπαντα,</span> <span class='ocrx_word' id='word_1_136' title='bbox 453 1287 775 1340; x_wconf 78' lang='grc' dir='ltr'>ἀπέστειλεν</span> <span class='ocrx_word' id='word_1_137' title='bbox 818 1285 1012 1346; x_wconf 78' lang='grc' dir='ltr'>αὐτοὺς</span> <span class='ocrx_word' id='word_1_138' title='bbox 1041 1286 1121 1346; x_wconf 71' lang='grc' dir='ltr'>εἰς</span> <span class='ocrx_word' id='word_1_139' title='bbox 1159 1285 1259 1353; x_wconf 78' lang='grc' dir='ltr'>τὴν</span> <span class='ocrx_word' id='word_1_140' title='bbox 1299 1282 1539 1350; x_wconf 83' lang='grc' dir='ltr'>Ἰόππην.</span> <span class='ocrx_word' id='word_1_141' title='bbox 1578 1281 1751 1351; x_wconf 82' lang='grc' dir='ltr'><strong>Τῇ,δὲ</strong></span> 
     </span>
    </p>
   </div>
   <div class='ocr_carea' id='block_1_20' title="bbox 1773 1268 3417 1353">
    <p class='ocr_par' dir='ltr' id='par_1_20' title="bbox 1853 1268 3417 1337">
     <span class='ocr_line' id='line_1_20' title="bbox 1853 1268 3417 1337; baseline -0.001 -15"><span class='ocrx_word' id='word_1_142' title='bbox 1853 1281 2030 1322; x_wconf 88' lang='lat' dir='ltr'><strong>autem</strong></span> <span class='ocrx_word' id='word_1_143' title='bbox 2056 1269 2165 1332; x_wconf 88' lang='lat' dir='ltr'><strong>die,</strong></span> <span class='ocrx_word' id='word_1_144' title='bbox 2208 1269 2310 1322; x_wconf 88' lang='lat' dir='ltr'><strong>iter</strong></span> <span class='ocrx_word' id='word_1_145' title='bbox 2340 1269 2444 1321; x_wconf 84' lang='lat' dir='ltr'><strong>illis</strong></span> <span class='ocrx_word' id='word_1_146' title='bbox 2479 1268 2805 1321; x_wconf 73' lang='lat' dir='ltr'><strong>facientibus</strong></span> <span class='ocrx_word' id='word_1_147' title='bbox 2843 1277 2896 1322; x_wconf 90' lang='lat' dir='ltr'><strong>et</strong></span> <span class='ocrx_word' id='word_1_148' title='bbox 2923 1269 3417 1337; x_wconf 78' lang='lat' dir='ltr'><strong>appropinquanti-</strong></span> 
     </span>
    </p>
   </div>
   <div class='ocr_carea' id='block_1_21' title="bbox 179 1354 1823 1450">
    <p class='ocr_par' dir='ltr' id='par_1_21' title="bbox 179 1372 1754 1450">
     <span class='ocr_line' id='line_1_21' title="bbox 179 1372 1754 1450; baseline -0.003 -21"><span class='ocrx_word' id='word_1_149' title='bbox 179 1380 468 1450; x_wconf 73' lang='grc' dir='ltr'><strong>ἐπαύριον,</strong></span> <span class='ocrx_word' id='word_1_150' title='bbox 495 1376 919 1446; x_wconf 71' lang='grc' dir='ltr'>ὁδοιπορούντων</span> <span class='ocrx_word' id='word_1_151' title='bbox 949 1374 1194 1437; x_wconf 73' lang='grc' dir='ltr'>ἐκείνων,</span> <span class='ocrx_word' id='word_1_152' title='bbox 1214 1373 1306 1425; x_wconf 62' lang='grc' dir='ltr'>καὶ</span> <span class='ocrx_word' id='word_1_153' title='bbox 1328 1375 1393 1443; x_wconf 81' lang='grc' dir='ltr'>τῇ</span> <span class='ocrx_word' id='word_1_154' title='bbox 1423 1372 1576 1424; x_wconf 83' lang='grc' dir='ltr'>πόλει</span> <span class='ocrx_word' id='word_1_155' title='bbox 1605 1372 1754 1438; x_wconf 75' lang='grc' dir='ltr'><strong>ἐγγι-</strong></span> 
     </span>
    </p>
   </div>
   <div class='ocr_carea' id='block_1_22' title="bbox 1779 1354 3423 1450">
    <p class='ocr_par' dir='ltr' id='par_1_22' title="bbox 1854 1354 3423 1429">
     <span class='ocr_line' id='line_1_22' title="bbox 1854 1354 3423 1429; baseline 0 -14"><span class='ocrx_word' id='word_1_156' title='bbox 1854 1361 1956 1417; x_wconf 88' lang='lat' dir='ltr'><strong>bus</strong></span> <span class='ocrx_word' id='word_1_157' title='bbox 1984 1363 2209 1425; x_wconf 72' lang='lat' dir='ltr'><strong>civitati,</strong></span> <span class='ocrx_word' id='word_1_158' title='bbox 2261 1354 2507 1414; x_wconf 82' lang='lat' dir='ltr'><strong>ascendit</strong></span> <span class='ocrx_word' id='word_1_159' title='bbox 2561 1360 2756 1414; x_wconf 82' lang='lat' dir='ltr'><strong>Petrus</strong></span> <span class='ocrx_word' id='word_1_160' title='bbox 2792 1361 2847 1413; x_wconf 91' lang='lat' dir='ltr'><strong>in</strong></span> <span class='ocrx_word' id='word_1_161' title='bbox 2883 1361 3257 1429; x_wconf 69' lang='lat' dir='ltr'><strong>s&#39;uperiora,ut</strong></span> <span class='ocrx_word' id='word_1_162' title='bbox 3293 1375 3423 1416; x_wconf 89' lang='lat' dir='ltr'><strong>ora-</strong></span> 
     </span>
    </p>
   </div>
   <div class='ocr_carea' id='block_1_23' title="bbox 177 1453 1821 1537">
    <p class='ocr_par' dir='ltr' id='par_1_23' title="bbox 177 1463 1750 1537">
     <span class='ocr_line' id='line_1_23' title="bbox 177 1463 1750 1537; baseline -0.004 -17"><span class='ocrx_word' id='word_1_163' title='bbox 177 1471 405 1530; x_wconf 73' lang='grc' dir='ltr'>ζὸντων,</span> <span class='ocrx_word' id='word_1_164' title='bbox 444 1469 609 1537; x_wconf 73' lang='grc' dir='ltr'>ἀνέϐη</span> <span class='ocrx_word' id='word_1_165' title='bbox 664 1467 868 1535; x_wconf 80' lang='grc' dir='ltr'>Πέτρος</span> <span class='ocrx_word' id='word_1_166' title='bbox 912 1468 1005 1519; x_wconf 75' lang='grc' dir='ltr'><strong>ἐπὶ</strong></span> <span class='ocrx_word' id='word_1_167' title='bbox 1043 1465 1104 1518; x_wconf 81' lang='grc' dir='ltr'>τὸ</span> <span class='ocrx_word' id='word_1_168' title='bbox 1147 1465 1303 1533; x_wconf 80' lang='grc' dir='ltr'>δῶμα</span> <span class='ocrx_word' id='word_1_169' title='bbox 1349 1463 1750 1531; x_wconf 78' lang='grc' dir='ltr'><strong>προσεύξασθαι</strong></span> 
     </span>
    </p>
   </div>
   <div class='ocr_carea' id='block_1_24' title="bbox 1777 1453 3421 1537">
    <p class='ocr_par' dir='ltr' id='par_1_24' title="bbox 1855 1453 3421 1520">
     <span class='ocr_line' id='line_1_24' title="bbox 1855 1453 3421 1520; baseline 0.003 -14"><span class='ocrx_word' id='word_1_170' title='bbox 1855 1464 1936 1507; x_wconf 88' lang='lat' dir='ltr'><strong>ret</strong></span> <span class='ocrx_word' id='word_1_171' title='bbox 1967 1455 2113 1506; x_wconf 75' lang='lat' dir='ltr'><strong>circa</strong></span> <span class='ocrx_word' id='word_1_172' title='bbox 2146 1453 2333 1507; x_wconf 79' lang='lat' dir='ltr'><strong>horam</strong></span> <span class='ocrx_word' id='word_1_173' title='bbox 2367 1461 2600 1508; x_wconf 81' lang='lat' dir='ltr'><strong>sextam.</strong></span> <span class='ocrx_word' id='word_1_174' title='bbox 2666 1454 2732 1507; x_wconf 88' lang='lat' dir='ltr'><strong>Et</strong></span> <span class='ocrx_word' id='word_1_175' title='bbox 2780 1469 2903 1506; x_wconf 86' lang='lat' dir='ltr'><strong>eum</strong></span> <span class='ocrx_word' id='word_1_176' title='bbox 2967 1458 3220 1520; x_wconf 84' lang='lat' dir='ltr'><strong>esurirct,</strong></span> <span class='ocrx_word' id='word_1_177' title='bbox 3252 1456 3421 1511; x_wconf 84' lang='lat' dir='ltr'><strong>voluit</strong></span> 
     </span>
    </p>
   </div>
   <div class='ocr_carea' id='block_1_25' title="bbox 180 1539 1824 1630">
    <p class='ocr_par' dir='ltr' id='par_1_25' title="bbox 180 1553 1751 1630">
     <span class='ocr_line' id='line_1_25' title="bbox 180 1553 1751 1630; baseline -0.004 -18"><span class='ocrx_word' id='word_1_178' title='bbox 180 1579 243 1612; x_wconf 87' lang='grc' dir='ltr'><strong>πε</strong></span> <span class='ocrx_word' id='word_1_179' title='bbox 257 1563 310 1629; x_wconf 59' lang='lat' dir='ltr'><strong>pl.</strong></span> <span class='ocrx_word' id='word_1_180' title='bbox 335 1561 491 1630; x_wconf 76' lang='grc' dir='ltr'>ὤραν</span> <span class='ocrx_word' id='word_1_181' title='bbox 527 1560 716 1630; x_wconf 70' lang='grc' dir='ltr'>ἕκτην.</span> <span class='ocrx_word' id='word_1_182' title='bbox 755 1558 1001 1626; x_wconf 78' lang='grc' dir='ltr'>Ἐγένετο</span> <span class='ocrx_word' id='word_1_183' title='bbox 1032 1559 1088 1610; x_wconf 83' lang='grc' dir='ltr'>δὲ</span> <span class='ocrx_word' id='word_1_184' title='bbox 1116 1557 1460 1629; x_wconf 79' lang='grc' dir='ltr'>πρόσπεινος,</span> <span class='ocrx_word' id='word_1_185' title='bbox 1481 1556 1573 1607; x_wconf 73' lang='grc' dir='ltr'>καὶ</span> <span class='ocrx_word' id='word_1_186' title='bbox 1596 1553 1751 1624; x_wconf 76' lang='grc' dir='ltr'>ήθελε</span> 
     </span>
    </p>
   </div>
   <div class='ocr_carea' id='block_1_26' title="bbox 1775 1539 3419 1630">
    <p class='ocr_par' dir='ltr' id='par_1_26' title="bbox 1853 1539 3419 1616">
     <span class='ocr_line' id='line_1_26' title="bbox 1853 1539 3419 1616; baseline 0.004 -24"><span class='ocrx_word' id='word_1_187' title='bbox 1853 1547 2094 1606; x_wconf 85' lang='lat' dir='ltr'><strong>gustare.</strong></span> <span class='ocrx_word' id='word_1_188' title='bbox 2133 1539 2460 1595; x_wconf 72' lang='lat' dir='ltr'><strong>Parentibus</strong></span> <span class='ocrx_word' id='word_1_189' title='bbox 2483 1550 2663 1597; x_wconf 88' lang='lat' dir='ltr'><strong>autem</strong></span> <span class='ocrx_word' id='word_1_190' title='bbox 2699 1543 2825 1608; x_wconf 85' lang='lat' dir='ltr'><strong>iliis,</strong></span> <span class='ocrx_word' id='word_1_191' title='bbox 2855 1545 3054 1600; x_wconf 89' lang='lat' dir='ltr'><strong>cecidit</strong></span> <span class='ocrx_word' id='word_1_192' title='bbox 3103 1562 3266 1616; x_wconf 85' lang='lat' dir='ltr'><strong>super</strong></span> <span class='ocrx_word' id='word_1_193' title='bbox 3294 1563 3419 1602; x_wconf 87' lang='lat' dir='ltr'><strong>eum</strong></span> 
     </span>
    </p>
   </div>
   <div class='ocr_carea' id='block_1_27' title="bbox 183 1631 1827 1720">
    <p class='ocr_par' dir='ltr' id='par_1_27' title="bbox 183 1646 1753 1720">
     <span class='ocr_line' id='line_1_27' title="bbox 183 1646 1753 1720; baseline -0.003 -18"><span class='ocrx_word' id='word_1_194' title='bbox 183 1653 513 1718; x_wconf 78' lang='grc' dir='ltr'>γεύσασθαι.</span> <span class='ocrx_word' id='word_1_195' title='bbox 545 1648 1082 1720; x_wconf 75' lang='grc' dir='ltr'>Παρασκευαζόντων</span> <span class='ocrx_word' id='word_1_196' title='bbox 1114 1649 1171 1700; x_wconf 83' lang='grc' dir='ltr'>δὲ</span> <span class='ocrx_word' id='word_1_197' title='bbox 1213 1647 1459 1709; x_wconf 79' lang='grc' dir='ltr'>ἐκείνων,</span> <span class='ocrx_word' id='word_1_198' title='bbox 1487 1646 1753 1698; x_wconf 77' lang='grc' dir='ltr'><strong>ἐπέπεσεν</strong></span> 
     </span>
    </p>
   </div>
   <div class='ocr_carea' id='block_1_28' title="bbox 1782 1631 3426 1720">
    <p class='ocr_par' dir='ltr' id='par_1_28' title="bbox 1858 1631 3426 1707">
     <span class='ocr_line' id='line_1_28' title="bbox 1858 1631 3426 1707; baseline 0.007 -25"><span class='ocrx_word' id='word_1_199' title='bbox 1858 1631 2059 1682; x_wconf 88' lang='lat' dir='ltr'><strong>mentis</strong></span> <span class='ocrx_word' id='word_1_200' title='bbox 2108 1646 2369 1685; x_wconf 76' lang='lat' dir='ltr'><strong>excessus</strong></span> <span class='ocrx_word' id='word_1_201' title='bbox 2428 1649 2440 1682; x_wconf 93' lang='lat'><strong>:</strong></span> <span class='ocrx_word' id='word_1_202' title='bbox 2487 1643 2542 1686; x_wconf 91' lang='lat' dir='ltr'><strong>et</strong></span> <span class='ocrx_word' id='word_1_203' title='bbox 2583 1634 2716 1687; x_wconf 88' lang='lat' dir='ltr'><strong>vidit</strong></span> <span class='ocrx_word' id='word_1_204' title='bbox 2739 1636 2935 1689; x_wconf 74' lang='lat' dir='ltr'><strong>emlnm</strong></span> <span class='ocrx_word' id='word_1_205' title='bbox 2961 1644 3232 1707; x_wconf 85' lang='lat' dir='ltr'><strong>apertum,</strong></span> <span class='ocrx_word' id='word_1_206' title='bbox 3262 1646 3316 1692; x_wconf 92' lang='lat' dir='ltr'><strong>et</strong></span> <span class='ocrx_word' id='word_1_207' title='bbox 3334 1638 3426 1693; x_wconf 92' lang='lat' dir='ltr'><strong>de-</strong></span> 
     </span>
    </p>
   </div>
   <div class='ocr_carea' id='block_1_29' title="bbox 179 1718 1823 1809">
    <p class='ocr_par' dir='ltr' id='par_1_29' title="bbox 179 1737 1753 1809">
     <span class='ocr_line' id='line_1_29' title="bbox 179 1737 1753 1809; baseline -0.004 -14"><span class='ocrx_word' id='word_1_208' title='bbox 179 1745 267 1795; x_wconf 83' lang='grc' dir='ltr'><strong>ὲπ“</strong></span> <span class='ocrx_word' id='word_1_209' title='bbox 296 1743 462 1796; x_wconf 68' lang='grc' dir='ltr'>αὑτὸν</span> <span class='ocrx_word' id='word_1_210' title='bbox 497 1742 770 1803; x_wconf 77' lang='grc' dir='ltr'>ἔκστασις,</span> <span class='ocrx_word' id='word_1_211' title='bbox 812 1741 907 1792; x_wconf 80' lang='grc' dir='ltr'>καὶ</span> <span class='ocrx_word' id='word_1_212' title='bbox 942 1739 1141 1809; x_wconf 89' lang='grc' dir='ltr'>θεωρεῖ</span> <span class='ocrx_word' id='word_1_213' title='bbox 1176 1739 1268 1790; x_wconf 69' lang='grc' dir='ltr'>τὸν</span> <span class='ocrx_word' id='word_1_214' title='bbox 1302 1737 1530 1807; x_wconf 73' lang='grc' dir='ltr'>οὐρανὸν</span> <span class='ocrx_word' id='word_1_215' title='bbox 1583 1738 1753 1806; x_wconf 85' lang='grc' dir='ltr'>ἀνεῳ-</span> 
     </span>
    </p>
   </div>
   <div class='ocr_carea' id='block_1_30' title="bbox 1778 1718 3422 1809">
    <p class='ocr_par' dir='ltr' id='par_1_30' title="bbox 1856 1718 3422 1797">
     <span class='ocr_line' id='line_1_30' title="bbox 1856 1718 3422 1797; baseline 0.007 -25"><span class='ocrx_word' id='word_1_216' title='bbox 1856 1718 2122 1772; x_wconf 85' lang='lat' dir='ltr'><strong>scendens</strong></span> <span class='ocrx_word' id='word_1_217' title='bbox 2177 1734 2269 1772; x_wconf 83' lang='lat' dir='ltr'><strong>vas</strong></span> <span class='ocrx_word' id='word_1_218' title='bbox 2320 1720 2615 1788; x_wconf 76' lang='lat' dir='ltr'><strong>quoddam,</strong></span> <span class='ocrx_word' id='word_1_219' title='bbox 2675 1723 2819 1774; x_wconf 80' lang='lat' dir='ltr'><strong>velut</strong></span> <span class='ocrx_word' id='word_1_220' title='bbox 2866 1725 3096 1780; x_wconf 89' lang='lat' dir='ltr'><strong>linteum</strong></span> <span class='ocrx_word' id='word_1_221' title='bbox 3143 1742 3422 1797; x_wconf 86' lang='lat' dir='ltr'><strong>magnum,</strong></span> 
     </span>
    </p>
   </div>
   <div class='ocr_carea' id='block_1_31' title="bbox 180 1810 1824 1902">
    <p class='ocr_par' dir='ltr' id='par_1_31' title="bbox 180 1830 1824 1902">
     <span class='ocr_line' id='line_1_31' title="bbox 180 1830 1824 1902; baseline -0.002 -18"><span class='ocrx_word' id='word_1_222' title='bbox 180 1836 404 1902; x_wconf 72' lang='grc' dir='ltr'>γμένεν,</span> <span class='ocrx_word' id='word_1_223' title='bbox 440 1837 535 1886; x_wconf 77' lang='grc' dir='ltr'>καὶ</span> <span class='ocrx_word' id='word_1_224' title='bbox 570 1833 868 1901; x_wconf 80' lang='grc' dir='ltr'>τέσσαρσιν</span> <span class='ocrx_word' id='word_1_225' title='bbox 900 1833 1097 1900; x_wconf 74' lang='grc' dir='ltr'>ἀρχαῖς</span> <span class='ocrx_word' id='word_1_226' title='bbox 1140 1831 1426 1899; x_wconf 76' lang='grc' dir='ltr'>δεδεμένον</span> <span class='ocrx_word' id='word_1_227' title='bbox 1473 1830 1666 1891; x_wconf 84' lang='grc' dir='ltr'>σκεῦός</span> <span class='ocrx_word' id='word_1_228' title='bbox 1701 1847 1753 1881; x_wconf 87' lang='grc' dir='ltr'><strong>τι</strong></span> <span class='ocrx_word' id='word_1_229' title='bbox 1789 1873 1824 1902; x_wconf 65' lang='grc' dir='ltr'><strong>ο</strong></span> 
     </span>
    </p>
   </div>
   <div class='ocr_carea' id='block_1_32' title="bbox 1776 1810 3420 1902">
    <p class='ocr_par' dir='ltr' id='par_1_32' title="bbox 1789 1810 3420 1902">
     <span class='ocr_line' id='line_1_32' title="bbox 1789 1810 3420 1902; baseline 0.008 -43"><span class='ocrx_word' id='word_1_230' title='bbox 1789 1873 1824 1902; x_wconf 67' lang='lat' dir='ltr'><strong>n</strong></span> <span class='ocrx_word' id='word_1_231' title='bbox 1856 1817 2097 1878; x_wconf 86' lang='lat' dir='ltr'><strong>quatuor</strong></span> <span class='ocrx_word' id='word_1_232' title='bbox 2134 1810 2306 1863; x_wconf 81' lang='lat' dir='ltr'><strong>initiis</strong></span> <span class='ocrx_word' id='word_1_233' title='bbox 2355 1811 2605 1865; x_wconf 84' lang='lat' dir='ltr'><strong>submitti</strong></span> <span class='ocrx_word' id='word_1_234' title='bbox 2635 1812 2703 1866; x_wconf 90' lang='lat' dir='ltr'><strong>de</strong></span> <span class='ocrx_word' id='word_1_235' title='bbox 2764 1814 2909 1875; x_wconf 74' lang='lat' dir='ltr'><strong>cmlo</strong></span> <span class='ocrx_word' id='word_1_236' title='bbox 2971 1815 3026 1869; x_wconf 91' lang='lat' dir='ltr'><strong>in</strong></span> <span class='ocrx_word' id='word_1_237' title='bbox 3087 1825 3318 1874; x_wconf 81' lang='lat' dir='ltr'><strong>terram.</strong></span> <span class='ocrx_word' id='word_1_238' title='bbox 3362 1819 3420 1873; x_wconf 86' lang='lat' dir='ltr'><strong>In</strong></span> 
     </span>
    </p>
   </div>
   <div class='ocr_carea' id='block_1_33' title="bbox 177 1873 1821 1996">
    <p class='ocr_par' dir='ltr' id='par_1_33' title="bbox 177 1873 1821 1996">
     <span class='ocr_line' id='line_1_33' title="bbox 191 1873 1753 1902; baseline -0.003 0"><span class='ocrx_word' id='word_1_239' title='bbox 191 1873 404 1902; x_wconf 64' lang='grc' dir='ltr'><strong>ΙΓ¹¹⁵⁵⁹⁹υἾ</strong></span> <span class='ocrx_word' id='word_1_240' title='bbox 443 1873 535 1886; x_wconf 80' lang='grc'><strong>’“¹’¹’</strong></span> <span class='ocrx_word' id='word_1_241' title='bbox 580 1873 864 1901; x_wconf 77' lang='lat' dir='ltr'><strong>&quot;&quot;&#39;&quot;&quot;&#39;I&#39;&quot;&quot;</strong></span> <span class='ocrx_word' id='word_1_242' title='bbox 900 1873 1095 1900; x_wconf 68' lang='lat' dir='ltr'><strong>&quot;I&quot;L&quot;&quot;</strong></span> <span class='ocrx_word' id='word_1_243' title='bbox 1142 1873 1420 1899; x_wconf 70' lang='lat' dir='ltr'><strong>&quot;&quot;&#39;i&quot;&quot;&quot;</strong></span> <span class='ocrx_word' id='word_1_244' title='bbox 1475 1873 1662 1891; x_wconf 78' lang='lat'><strong>&quot;&#39;&quot;&quot;</strong></span> <span class='ocrx_word' id='word_1_245' title='bbox 1711 1873 1753 1881; x_wconf 89' lang='lat'><strong>&quot;</strong></span> 
     </span>
     <span class='ocr_line' id='line_1_34' title="bbox 177 1873 1821 1996; baseline -0.004 -18"><span class='ocrx_word' id='word_1_246' title='bbox 177 1927 249 1990; x_wconf 80' lang='grc' dir='ltr'>ὡς</span> <span class='ocrx_word' id='word_1_247' title='bbox 284 1927 482 1996; x_wconf 77' lang='grc' dir='ltr'>ὀθόνην</span> <span class='ocrx_word' id='word_1_248' title='bbox 515 1925 777 1996; x_wconf 76' lang='grc' dir='ltr'>μεγάλην,</span> <span class='ocrx_word' id='word_1_249' title='bbox 811 1922 1138 1976; x_wconf 73' lang='grc' dir='ltr'>καταϐαῖνον</span> <span class='ocrx_word' id='word_1_250' title='bbox 1180 1923 1274 1975; x_wconf 76' lang='grc' dir='ltr'><strong>καὶ</strong></span> <span class='ocrx_word' id='word_1_251' title='bbox 1303 1921 1631 1991; x_wconf 73' lang='grc' dir='ltr'>καθιέμενον</span> <span class='ocrx_word' id='word_1_252' title='bbox 1661 1921 1752 1972; x_wconf 74' lang='grc' dir='ltr'><strong>ἐπὶ</strong></span> <span class='ocrx_word' id='word_1_253' title='bbox 1787 1873 1821 1928; x_wconf 64' lang='grc' dir='ltr'>Β</span> 
     </span>
    </p>
   </div>
   <div class='ocr_carea' id='block_1_34' title="bbox 1776 1873 3420 1996">
    <p class='ocr_par' dir='ltr' id='par_1_34' title="bbox 1787 1873 3420 1975">
     <span class='ocr_line' id='line_1_35' title="bbox 1787 1873 3420 1975; baseline 0.008 -24"><span class='ocrx_word' id='word_1_254' title='bbox 1787 1873 1825 1928; x_wconf 70' lang='grc' dir='ltr'><strong><em>Β</em></strong></span> <span class='ocrx_word' id='word_1_255' title='bbox 1855 1873 1964 1968; x_wconf 83' lang='lat' dir='ltr'><strong>quo</strong></span> <span class='ocrx_word' id='word_1_256' title='bbox 2013 1911 2169 1954; x_wconf 89' lang='lat' dir='ltr'><strong>erant</strong></span> <span class='ocrx_word' id='word_1_257' title='bbox 2201 1902 2381 1956; x_wconf 85' lang='lat' dir='ltr'><strong>omnia</strong></span> <span class='ocrx_word' id='word_1_258' title='bbox 2418 1902 2792 1972; x_wconf 85' lang='lat' dir='ltr'><strong>quadrupedia</strong></span> <span class='ocrx_word' id='word_1_259' title='bbox 2838 1914 2892 1958; x_wconf 92' lang='lat' dir='ltr'><strong>et</strong></span> <span class='ocrx_word' id='word_1_260' title='bbox 2949 1909 3220 1975; x_wconf 87' lang='lat' dir='ltr'><strong>serpentia</strong></span> <span class='ocrx_word' id='word_1_261' title='bbox 3243 1919 3420 1973; x_wconf 66' lang='lat' dir='ltr'><strong>terrai,</strong></span> 
     </span>
    </p>
   </div>
   <div class='ocr_carea' id='block_1_35' title="bbox 180 1992 1824 2083">
    <p class='ocr_par' dir='ltr' id='par_1_35' title="bbox 180 1992 1755 2083">
     <span class='ocr_line' id='line_1_36' title="bbox 180 1992 1755 2083; baseline -0.002 -18"><span class='ocrx_word' id='word_1_262' title='bbox 180 2016 279 2081; x_wconf 69' lang='grc' dir='ltr'>τῆς</span> <span class='ocrx_word' id='word_1_263' title='bbox 320 1992 450 2080; x_wconf 77' lang='grc' dir='ltr'>γῆς,</span> <span class='ocrx_word' id='word_1_264' title='bbox 512 1992 571 2065; x_wconf 61' lang='grc' dir='ltr'>ἐν</span> <span class='ocrx_word' id='word_1_265' title='bbox 619 2007 663 2080; x_wconf 84' lang='grc' dir='ltr'>ᾧ</span> <span class='ocrx_word' id='word_1_266' title='bbox 713 1992 925 2083; x_wconf 80' lang='grc' dir='ltr'>ύπῆρχε</span> <span class='ocrx_word' id='word_1_267' title='bbox 978 2013 1158 2065; x_wconf 82' lang='grc' dir='ltr'>πάντα</span> <span class='ocrx_word' id='word_1_268' title='bbox 1200 2011 1270 2064; x_wconf 80' lang='grc' dir='ltr'>τὰ</span> <span class='ocrx_word' id='word_1_269' title='bbox 1317 2011 1624 2082; x_wconf 85' lang='grc' dir='ltr'>τετράποδα</span> <span class='ocrx_word' id='word_1_270' title='bbox 1653 2010 1755 2078; x_wconf 77' lang='grc' dir='ltr'>τῆς</span> 
     </span>
    </p>
   </div>
   <div class='ocr_carea' id='block_1_36' title="bbox 1777 1992 3421 2083">
    <p class='ocr_par' dir='ltr' id='par_1_36' title="bbox 1855 1992 3421 2071">
     <span class='ocr_line' id='line_1_37' title="bbox 1855 1992 3421 2071; baseline 0.006 -28"><span class='ocrx_word' id='word_1_271' title='bbox 1855 1999 1910 2044; x_wconf 88' lang='lat' dir='ltr'><strong>et</strong></span> <span class='ocrx_word' id='word_1_272' title='bbox 1942 1992 2183 2046; x_wconf 84' lang='lat' dir='ltr'><strong>volatilia</strong></span> <span class='ocrx_word' id='word_1_273' title='bbox 2217 1995 2365 2048; x_wconf 71' lang='lat' dir='ltr'><strong>coeli.</strong></span> <span class='ocrx_word' id='word_1_274' title='bbox 2401 1993 2466 2047; x_wconf 85' lang='lat' dir='ltr'><strong>Et</strong></span> <span class='ocrx_word' id='word_1_275' title='bbox 2522 1994 2664 2050; x_wconf 77' lang='lat' dir='ltr'><strong>facta</strong></span> <span class='ocrx_word' id='word_1_276' title='bbox 2687 2005 2772 2050; x_wconf 90' lang='lat' dir='ltr'><strong>est</strong></span> <span class='ocrx_word' id='word_1_277' title='bbox 2797 2013 2899 2051; x_wconf 81' lang='lat' dir='ltr'><strong>vox</strong></span> <span class='ocrx_word' id='word_1_278' title='bbox 2939 2000 3005 2052; x_wconf 90' lang='lat' dir='ltr'><strong>ad</strong></span> <span class='ocrx_word' id='word_1_279' title='bbox 3037 2015 3162 2054; x_wconf 86' lang='lat' dir='ltr'><strong>eum</strong></span> <span class='ocrx_word' id='word_1_280' title='bbox 3193 2000 3421 2071; x_wconf 64' lang='grc' dir='ltr'>τευτευ,</span> 
     </span>
    </p>
   </div>
   <div class='ocr_carea' id='block_1_37' title="bbox 180 2079 1824 2176">
    <p class='ocr_par' dir='ltr' id='par_1_37' title="bbox 180 2079 1756 2176">
     <span class='ocr_line' id='line_1_38' title="bbox 180 2079 1756 2176; baseline -0.003 -19"><span class='ocrx_word' id='word_1_281' title='bbox 180 2079 305 2171; x_wconf 58' lang='grc' dir='ltr'>γης,</span> <span class='ocrx_word' id='word_1_282' title='bbox 334 2079 437 2157; x_wconf 75' lang='grc' dir='ltr'><strong>καὶ</strong></span> <span class='ocrx_word' id='word_1_283' title='bbox 472 2105 540 2156; x_wconf 69' lang='grc' dir='ltr'>τὰ</span> <span class='ocrx_word' id='word_1_284' title='bbox 569 2105 754 2176; x_wconf 85' lang='grc' dir='ltr'>θηρία,</span> <span class='ocrx_word' id='word_1_285' title='bbox 793 2079 980 2158; x_wconf 76' lang='grc' dir='ltr'><strong>τὰ</strong></span> <span class='ocrx_word' id='word_1_286' title='bbox 1020 2104 1248 2172; x_wconf 79' lang='grc' dir='ltr'>ἑρπετά,</span> <span class='ocrx_word' id='word_1_287' title='bbox 1290 2103 1384 2155; x_wconf 77' lang='grc' dir='ltr'>καὶ</span> <span class='ocrx_word' id='word_1_288' title='bbox 1414 2079 1485 2156; x_wconf 80' lang='grc' dir='ltr'>τὰ</span> <span class='ocrx_word' id='word_1_289' title='bbox 1536 2100 1756 2154; x_wconf 82' lang='grc' dir='ltr'>πετεινά</span> 
     </span>
    </p>
   </div>
   <div class='ocr_carea' id='block_1_38' title="bbox 1780 2079 3424 2176">
    <p class='ocr_par' dir='ltr' id='par_1_38' title="bbox 1855 2079 3424 2148">
     <span class='ocr_line' id='line_1_39' title="bbox 1855 2079 3424 2148; baseline 0.009 -14"><span class='ocrx_word' id='word_1_290' title='bbox 1855 2079 2033 2140; x_wconf 87' lang='lat' dir='ltr'><strong>Petre.</strong></span> <span class='ocrx_word' id='word_1_291' title='bbox 2066 2085 2255 2139; x_wconf 90' lang='lat' dir='ltr'><strong>occide</strong></span> <span class='ocrx_word' id='word_1_292' title='bbox 2284 2097 2338 2139; x_wconf 92' lang='lat' dir='ltr'><strong>et</strong></span> <span class='ocrx_word' id='word_1_293' title='bbox 2370 2087 2658 2141; x_wconf 85' lang='lat' dir='ltr'><strong>manduca.</strong></span> <span class='ocrx_word' id='word_1_294' title='bbox 2691 2086 2779 2141; x_wconf 82' lang='lat' dir='ltr'><strong>Ait</strong></span> <span class='ocrx_word' id='word_1_295' title='bbox 2807 2097 2989 2144; x_wconf 87' lang='lat' dir='ltr'><strong>autem</strong></span> <span class='ocrx_word' id='word_1_296' title='bbox 3029 2089 3226 2147; x_wconf 80' lang='lat' dir='ltr'><strong>Petrus</strong></span> <span class='ocrx_word' id='word_1_297' title='bbox 3259 2109 3274 2144; x_wconf 89' lang='lat'><strong>:</strong></span> <span class='ocrx_word' id='word_1_298' title='bbox 3316 2095 3424 2148; x_wconf 81' lang='lat' dir='ltr'><strong>Ab-</strong></span> 
     </span>
    </p>
   </div>
   <div class='ocr_carea' id='block_1_39' title="bbox 181 2173 1825 2267">
    <p class='ocr_par' dir='ltr' id='par_1_39' title="bbox 181 2173 1754 2267">
     <span class='ocr_line' id='line_1_40' title="bbox 181 2173 1754 2267; baseline -0.003 -18"><span class='ocrx_word' id='word_1_299' title='bbox 181 2197 274 2249; x_wconf 78' lang='grc' dir='ltr'><strong>τοῦ</strong></span> <span class='ocrx_word' id='word_1_300' title='bbox 304 2195 560 2267; x_wconf 71' lang='grc' dir='ltr'>οὐρανοῦ.</span> <span class='ocrx_word' id='word_1_301' title='bbox 603 2173 713 2250; x_wconf 67' lang='grc' dir='ltr'><strong>Καὶ</strong></span> <span class='ocrx_word' id='word_1_302' title='bbox 746 2196 962 2261; x_wconf 70' lang='grc' dir='ltr'>ἐγένετο</span> <span class='ocrx_word' id='word_1_303' title='bbox 994 2194 1146 2263; x_wconf 82' lang='grc' dir='ltr'>φωνὴ</span> <span class='ocrx_word' id='word_1_304' title='bbox 1177 2193 1316 2264; x_wconf 81' lang='grc' dir='ltr'>πρὸς</span> <span class='ocrx_word' id='word_1_305' title='bbox 1351 2193 1514 2246; x_wconf 80' lang='grc' dir='ltr'>αὐτόν</span> <span class='ocrx_word' id='word_1_306' title='bbox 1541 2206 1556 2222; x_wconf 81' lang='grc'><strong>⁸</strong></span> <span class='ocrx_word' id='word_1_307' title='bbox 1598 2193 1754 2246; x_wconf 81' lang='grc' dir='ltr'>Ἀνα-</span> 
     </span>
    </p>
   </div>
   <div class='ocr_carea' id='block_1_40' title="bbox 1851 2173 3495 2267">
    <p class='ocr_par' dir='ltr' id='par_1_40' title="bbox 1857 2173 3495 2245">
     <span class='ocr_line' id='line_1_41' title="bbox 1857 2173 3495 2245; baseline 0.006 -17"><span class='ocrx_word' id='word_1_308' title='bbox 1857 2174 1949 2237; x_wconf 87' lang='lat' dir='ltr'><strong>sit,</strong></span> <span class='ocrx_word' id='word_1_309' title='bbox 2017 2173 2266 2238; x_wconf 82' lang='lat' dir='ltr'><strong>Domine,</strong></span> <span class='ocrx_word' id='word_1_310' title='bbox 2341 2177 2471 2244; x_wconf 87' lang='lat' dir='ltr'><strong>quia</strong></span> <span class='ocrx_word' id='word_1_311' title='bbox 2532 2191 2813 2245; x_wconf 84' lang='lat' dir='ltr'><strong>nunquam</strong></span> <span class='ocrx_word' id='word_1_312' title='bbox 2869 2179 3194 2236; x_wconf 80' lang='lat' dir='ltr'><strong>manducavi</strong></span> <span class='ocrx_word' id='word_1_313' title='bbox 3262 2197 3427 2237; x_wconf 86' lang='lat' dir='ltr'><strong>omne</strong></span> <span class='ocrx_word' id='word_1_314' title='bbox 3492 2200 3495 2207; x_wconf 93' lang='grc'>·</span> 
     </span>
    </p>
   </div>
   <div class='ocr_carea' id='block_1_41' title="bbox 183 2266 1827 2359">
    <p class='ocr_par' dir='ltr' id='par_1_41' title="bbox 183 2266 1752 2359">
     <span class='ocr_line' id='line_1_42' title="bbox 183 2266 1752 2359; baseline -0.002 -18"><span class='ocrx_word' id='word_1_315' title='bbox 183 2289 336 2352; x_wconf 67' lang='grc' dir='ltr'>στας,</span> <span class='ocrx_word' id='word_1_316' title='bbox 369 2266 569 2359; x_wconf 80' lang='grc' dir='ltr'>Πέτρε,</span> <span class='ocrx_word' id='word_1_317' title='bbox 611 2287 796 2349; x_wconf 86' lang='grc' dir='ltr'>θῦσον,</span> <span class='ocrx_word' id='word_1_318' title='bbox 843 2287 939 2341; x_wconf 78' lang='grc' dir='ltr'>καὶ</span> <span class='ocrx_word' id='word_1_319' title='bbox 968 2289 1128 2355; x_wconf 80' lang='grc' dir='ltr'>φάγε.</span> <span class='ocrx_word' id='word_1_320' title='bbox 1168 2289 1228 2339; x_wconf 91' lang='lat'><strong>&#39;0</strong></span> <span class='ocrx_word' id='word_1_321' title='bbox 1259 2288 1314 2340; x_wconf 81' lang='grc' dir='ltr'>δὲ</span> <span class='ocrx_word' id='word_1_322' title='bbox 1353 2289 1556 2356; x_wconf 79' lang='grc' dir='ltr'>Πέτρος</span> <span class='ocrx_word' id='word_1_323' title='bbox 1595 2282 1752 2339; x_wconf 76' lang='grc' dir='ltr'>εἴπεο</span> 
     </span>
    </p>
   </div>
   <div class='ocr_carea' id='block_1_42' title="bbox 1783 2266 3427 2359">
    <p class='ocr_par' dir='ltr' id='par_1_42' title="bbox 1857 2266 3427 2328">
     <span class='ocr_line' id='line_1_43' title="bbox 1857 2266 3427 2328; baseline 0.004 -7"><span class='ocrx_word' id='word_1_324' title='bbox 1857 2282 2151 2323; x_wconf 86' lang='lat' dir='ltr'><strong>commune</strong></span> <span class='ocrx_word' id='word_1_325' title='bbox 2182 2276 2238 2321; x_wconf 92' lang='lat' dir='ltr'><strong>et</strong></span> <span class='ocrx_word' id='word_1_326' title='bbox 2275 2266 2634 2322; x_wconf 87' lang='lat' dir='ltr'><strong>immundum.</strong></span> <span class='ocrx_word' id='word_1_327' title='bbox 2670 2268 2734 2323; x_wconf 83' lang='lat' dir='ltr'><strong>Et</strong></span> <span class='ocrx_word' id='word_1_328' title='bbox 2770 2284 2871 2324; x_wconf 87' lang='lat' dir='ltr'><strong>vox</strong></span> <span class='ocrx_word' id='word_1_329' title='bbox 2921 2272 3116 2326; x_wconf 89' lang='lat' dir='ltr'><strong>iterum</strong></span> <span class='ocrx_word' id='word_1_330' title='bbox 3185 2274 3427 2328; x_wconf 87' lang='lat' dir='ltr'><strong>secundo</strong></span> 
     </span>
    </p>
   </div>
   <div class='ocr_carea' id='block_1_43' title="bbox 181 2359 1825 2448">
    <p class='ocr_par' dir='ltr' id='par_1_43' title="bbox 181 2377 1753 2448">
     <span class='ocr_line' id='line_1_44' title="bbox 181 2377 1753 2448; baseline -0.001 -17"><span class='ocrx_word' id='word_1_331' title='bbox 181 2379 491 2447; x_wconf 73' lang='grc' dir='ltr'>Μηδαμῶς,</span> <span class='ocrx_word' id='word_1_332' title='bbox 534 2378 729 2448; x_wconf 82' lang='grc' dir='ltr'>Κύριε,</span> <span class='ocrx_word' id='word_1_333' title='bbox 758 2379 840 2431; x_wconf 84' lang='grc' dir='ltr'>ὅτι</span> <span class='ocrx_word' id='word_1_334' title='bbox 866 2377 1119 2432; x_wconf 79' lang='grc' dir='ltr'>οὐδέποτε</span> <span class='ocrx_word' id='word_1_335' title='bbox 1149 2378 1352 2447; x_wconf 76' lang='grc' dir='ltr'>ἔφαγον</span> <span class='ocrx_word' id='word_1_336' title='bbox 1379 2380 1488 2431; x_wconf 83' lang='grc' dir='ltr'>πᾶν</span> <span class='ocrx_word' id='word_1_337' title='bbox 1517 2379 1696 2431; x_wconf 82' lang='grc' dir='ltr'>κοινὸν</span> <span class='ocrx_word' id='word_1_338' title='bbox 1721 2380 1753 2448; x_wconf 83' lang='grc' dir='ltr'><strong>ἢ</strong></span> 
     </span>
    </p>
   </div>
   <div class='ocr_carea' id='block_1_44' title="bbox 1781 2359 3425 2448">
    <p class='ocr_par' dir='ltr' id='par_1_44' title="bbox 1857 2359 3425 2430">
     <span class='ocr_line' id='line_1_45' title="bbox 1857 2359 3425 2430; baseline 0.002 -14"><span class='ocrx_word' id='word_1_339' title='bbox 1857 2363 1923 2416; x_wconf 84' lang='lat' dir='ltr'><strong>ad</strong></span> <span class='ocrx_word' id='word_1_340' title='bbox 1956 2377 2082 2416; x_wconf 89' lang='lat' dir='ltr'><strong>eum</strong></span> <span class='ocrx_word' id='word_1_341' title='bbox 2117 2361 2314 2427; x_wconf 87' lang='lat' dir='ltr'><strong>:Quod</strong></span> <span class='ocrx_word' id='word_1_342' title='bbox 2339 2361 2484 2415; x_wconf 82' lang='lat' dir='ltr'><strong>Deus</strong></span> <span class='ocrx_word' id='word_1_343' title='bbox 2517 2359 2850 2430; x_wconf 85' lang='lat' dir='ltr'><strong>puriﬁeavit.</strong></span> <span class='ocrx_word' id='word_1_344' title='bbox 2915 2369 2970 2416; x_wconf 90' lang='lat' dir='ltr'><strong>tu</strong></span> <span class='ocrx_word' id='word_1_345' title='bbox 3015 2378 3310 2418; x_wconf 88' lang='lat' dir='ltr'><strong>commune</strong></span> <span class='ocrx_word' id='word_1_346' title='bbox 3358 2381 3425 2419; x_wconf 92' lang='lat' dir='ltr'><strong>ne</strong></span> 
     </span>
    </p>
   </div>
   <div class='ocr_carea' id='block_1_45' title="bbox 185 2453 1829 2539">
    <p class='ocr_par' dir='ltr' id='par_1_45' title="bbox 185 2468 1758 2539">
     <span class='ocr_line' id='line_1_46' title="bbox 185 2468 1758 2539; baseline -0.001 -18"><span class='ocrx_word' id='word_1_347' title='bbox 185 2469 523 2538; x_wconf 81' lang='grc' dir='ltr'>ἀκάθαρτον.</span> <span class='ocrx_word' id='word_1_348' title='bbox 560 2469 670 2521; x_wconf 63' lang='grc' dir='ltr'><strong>Καὶ</strong></span> <span class='ocrx_word' id='word_1_349' title='bbox 698 2468 851 2538; x_wconf 72' lang='grc' dir='ltr'>φωνὴ</span> <span class='ocrx_word' id='word_1_350' title='bbox 879 2470 1042 2521; x_wconf 83' lang='grc' dir='ltr'>πάλιν</span> <span class='ocrx_word' id='word_1_351' title='bbox 1083 2470 1146 2521; x_wconf 78' lang='grc' dir='ltr'>ἐκ</span> <span class='ocrx_word' id='word_1_352' title='bbox 1188 2469 1445 2538; x_wconf 82' lang='grc' dir='ltr'>δευτέρου</span> <span class='ocrx_word' id='word_1_353' title='bbox 1481 2469 1620 2539; x_wconf 74' lang='grc' dir='ltr'>πρὸς</span> <span class='ocrx_word' id='word_1_354' title='bbox 1661 2470 1758 2522; x_wconf 78' lang='grc' dir='ltr'><strong>αὐ-</strong></span> 
     </span>
    </p>
   </div>
   <div class='ocr_carea' id='block_1_46' title="bbox 1780 2453 3424 2539">
    <p class='ocr_par' dir='ltr' id='par_1_46' title="bbox 1855 2453 3424 2521">
     <span class='ocr_line' id='line_1_47' title="bbox 1855 2453 3424 2521; baseline -0.001 -12"><span class='ocrx_word' id='word_1_355' title='bbox 1855 2455 2080 2510; x_wconf 84' lang='lat' dir='ltr'><strong>dixeris.</strong></span> <span class='ocrx_word' id='word_1_356' title='bbox 2117 2453 2230 2508; x_wconf 93' lang='lat' dir='ltr'><strong>Iloc</strong></span> <span class='ocrx_word' id='word_1_357' title='bbox 2253 2464 2436 2508; x_wconf 89' lang='lat' dir='ltr'><strong>autem</strong></span> <span class='ocrx_word' id='word_1_358' title='bbox 2497 2454 2700 2505; x_wconf 86' lang='lat' dir='ltr'><strong>tactum</strong></span> <span class='ocrx_word' id='word_1_359' title='bbox 2731 2461 2815 2506; x_wconf 81' lang='lat' dir='ltr'><strong>est</strong></span> <span class='ocrx_word' id='word_1_360' title='bbox 2842 2467 2937 2521; x_wconf 88' lang='lat' dir='ltr'><strong>per</strong></span> <span class='ocrx_word' id='word_1_361' title='bbox 2963 2462 3044 2506; x_wconf 87' lang='lat' dir='ltr'><strong>ter</strong></span> <span class='ocrx_word' id='word_1_362' title='bbox 3076 2470 3092 2508; x_wconf 89' lang='lat'><strong>:</strong></span> <span class='ocrx_word' id='word_1_363' title='bbox 3148 2463 3201 2507; x_wconf 84' lang='lat' dir='ltr'><strong>et</strong></span> <span class='ocrx_word' id='word_1_364' title='bbox 3238 2457 3424 2510; x_wconf 68' lang='lat' dir='ltr'><strong>statim</strong></span> 
     </span>
    </p>
   </div>
   <div class='ocr_carea' id='block_1_47' title="bbox 184 2542 1828 2630">
    <p class='ocr_par' dir='ltr' id='par_1_47' title="bbox 184 2558 1757 2630">
     <span class='ocr_line' id='line_1_48' title="bbox 184 2558 1757 2630; baseline 0.001 -19"><span class='ocrx_word' id='word_1_365' title='bbox 184 2560 302 2611; x_wconf 70' lang='grc' dir='ltr'><strong>τὸν⁸</strong></span> <span class='ocrx_word' id='word_1_366' title='bbox 344 2561 414 2611; x_wconf 75' lang='grc' dir='ltr'><strong>Ἀ</strong></span> <span class='ocrx_word' id='word_1_367' title='bbox 463 2562 492 2612; x_wconf 86' lang='grc' dir='ltr'><strong>ό</strong></span> <span class='ocrx_word' id='word_1_368' title='bbox 547 2559 678 2620; x_wconf 83' lang='grc' dir='ltr'>Θεὸς</span> <span class='ocrx_word' id='word_1_369' title='bbox 725 2559 987 2628; x_wconf 76' lang='grc' dir='ltr'>ἐκάθηρε,</span> <span class='ocrx_word' id='word_1_370' title='bbox 1024 2559 1088 2612; x_wconf 80' lang='grc' dir='ltr'>σὺ</span> <span class='ocrx_word' id='word_1_371' title='bbox 1136 2558 1212 2630; x_wconf 76' lang='grc' dir='ltr'>μὴ</span> <span class='ocrx_word' id='word_1_372' title='bbox 1253 2558 1454 2612; x_wconf 67' lang='lat' dir='ltr'><strong>xei-Ion.</strong></span> <span class='ocrx_word' id='word_1_373' title='bbox 1487 2559 1662 2611; x_wconf 86' lang='grc' dir='ltr'>Τοῦτο</span> <span class='ocrx_word' id='word_1_374' title='bbox 1702 2558 1757 2612; x_wconf 81' lang='grc' dir='ltr'>δὲ</span> 
     </span>
    </p>
   </div>
   <div class='ocr_carea' id='block_1_48' title="bbox 1782 2542 3426 2630">
    <p class='ocr_par' dir='ltr' id='par_1_48' title="bbox 1859 2542 3426 2612">
     <span class='ocr_line' id='line_1_49' title="bbox 1859 2542 3426 2612; baseline 0.001 -12"><span class='ocrx_word' id='word_1_375' title='bbox 1859 2558 2134 2612; x_wconf 85' lang='lat' dir='ltr'><strong>receptum</strong></span> <span class='ocrx_word' id='word_1_376' title='bbox 2196 2557 2281 2599; x_wconf 86' lang='lat' dir='ltr'><strong>est</strong></span> <span class='ocrx_word' id='word_1_377' title='bbox 2322 2559 2418 2600; x_wconf 86' lang='lat' dir='ltr'><strong>vas</strong></span> <span class='ocrx_word' id='word_1_378' title='bbox 2470 2543 2524 2600; x_wconf 84' lang='lat' dir='ltr'><strong>in</strong></span> <span class='ocrx_word' id='word_1_379' title='bbox 2568 2543 2785 2601; x_wconf 64' lang='lat' dir='ltr'><strong>malum.</strong></span> <span class='ocrx_word' id='word_1_380' title='bbox 2823 2542 2887 2600; x_wconf 77' lang='lat' dir='ltr'><strong>Et</strong></span> <span class='ocrx_word' id='word_1_381' title='bbox 2915 2544 3212 2610; x_wconf 82' lang='lat' dir='ltr'><strong>dumjntra</strong></span> <span class='ocrx_word' id='word_1_382' title='bbox 3235 2562 3293 2601; x_wconf 91' lang='lat' dir='ltr'><strong>se</strong></span> <span class='ocrx_word' id='word_1_383' title='bbox 3322 2549 3426 2601; x_wconf 80' lang='lat' dir='ltr'><strong>bae-</strong></span> 
     </span>
    </p>
   </div>
   <div class='ocr_carea' id='block_1_49' title="bbox 185 2637 1829 2719">
    <p class='ocr_par' dir='ltr' id='par_1_49' title="bbox 185 2648 1759 2719">
     <span class='ocr_line' id='line_1_50' title="bbox 185 2648 1759 2719; baseline -0.001 -17"><span class='ocrx_word' id='word_1_384' title='bbox 185 2651 403 2718; x_wconf 70' lang='grc' dir='ltr'>ἒγένετο</span> <span class='ocrx_word' id='word_1_385' title='bbox 431 2651 522 2701; x_wconf 74' lang='grc' dir='ltr'><strong>ἐπὶ</strong></span> <span class='ocrx_word' id='word_1_386' title='bbox 559 2651 702 2719; x_wconf 62' lang='grc' dir='ltr'>τρὶς,</span> <span class='ocrx_word' id='word_1_387' title='bbox 739 2650 835 2702; x_wconf 59' lang='grc' dir='ltr'><strong>καὶ⁵</strong></span> <span class='ocrx_word' id='word_1_388' title='bbox 865 2649 1028 2702; x_wconf 80' lang='grc' dir='ltr'>πάλιν</span> <span class='ocrx_word' id='word_1_389' title='bbox 1057 2649 1335 2719; x_wconf 79' lang='grc' dir='ltr'><strong>ἀνελήφθη</strong></span> <span class='ocrx_word' id='word_1_390' title='bbox 1366 2649 1428 2702; x_wconf 80' lang='grc' dir='ltr'>τὸ</span> <span class='ocrx_word' id='word_1_391' title='bbox 1458 2648 1648 2712; x_wconf 86' lang='grc' dir='ltr'>σκεῦος</span> <span class='ocrx_word' id='word_1_392' title='bbox 1680 2651 1759 2713; x_wconf 80' lang='grc' dir='ltr'>εις</span> 
     </span>
    </p>
   </div>
   <div class='ocr_carea' id='block_1_50' title="bbox 1781 2637 3425 2719">
    <p class='ocr_par' dir='ltr' id='par_1_50' title="bbox 1861 2637 3425 2712">
     <span class='ocr_line' id='line_1_51' title="bbox 1861 2637 3425 2712; baseline 0.001 -17"><span class='ocrx_word' id='word_1_393' title='bbox 1861 2642 2050 2695; x_wconf 86' lang='lat' dir='ltr'><strong>sitaret</strong></span> <span class='ocrx_word' id='word_1_394' title='bbox 2090 2637 2586 2707; x_wconf 80' lang='lat' dir='ltr'><strong>Petrus,quidnam</strong></span> <span class='ocrx_word' id='word_1_395' title='bbox 2616 2650 2764 2696; x_wconf 86' lang='lat' dir='ltr'><strong>esset</strong></span> <span class='ocrx_word' id='word_1_396' title='bbox 2792 2643 2949 2704; x_wconf 83' lang='lat' dir='ltr'><strong>visio,</strong></span> <span class='ocrx_word' id='word_1_397' title='bbox 2989 2658 3149 2712; x_wconf 83' lang='lat' dir='ltr'><strong>quam</strong></span> <span class='ocrx_word' id='word_1_398' title='bbox 3186 2645 3425 2709; x_wconf 75' lang='lat' dir='ltr'><strong>vidisset,</strong></span> 
     </span>
    </p>
   </div>
   <div class='ocr_carea' id='block_1_51' title="bbox 187 2731 1831 2814">
    <p class='ocr_par' dir='ltr' id='par_1_51' title="bbox 187 2739 1759 2814">
     <span class='ocr_line' id='line_1_52' title="bbox 187 2739 1759 2814; baseline -0.001 -21"><span class='ocrx_word' id='word_1_399' title='bbox 187 2743 276 2793; x_wconf 63' lang='grc' dir='ltr'><strong>τὸν</strong></span> <span class='ocrx_word' id='word_1_400' title='bbox 306 2742 565 2812; x_wconf 78' lang='grc' dir='ltr'>οὐρανόν.</span> <span class='ocrx_word' id='word_1_401' title='bbox 604 2741 690 2802; x_wconf 84' lang='grc' dir='ltr'>Ὠς</span> <span class='ocrx_word' id='word_1_402' title='bbox 734 2741 790 2793; x_wconf 78' lang='grc' dir='ltr'>δὲ</span> <span class='ocrx_word' id='word_1_403' title='bbox 821 2741 878 2791; x_wconf 77' lang='grc' dir='ltr'>ὲν</span> <span class='ocrx_word' id='word_1_404' title='bbox 901 2739 1078 2809; x_wconf 75' lang='grc' dir='ltr'>ἑαυτῷ</span> <span class='ocrx_word' id='word_1_405' title='bbox 1103 2741 1350 2811; x_wconf 83' lang='grc' dir='ltr'>διηπόρει</span> <span class='ocrx_word' id='word_1_406' title='bbox 1385 2742 1412 2792; x_wconf 86' lang='grc' dir='ltr'><strong>ό</strong></span> <span class='ocrx_word' id='word_1_407' title='bbox 1446 2741 1671 2814; x_wconf 80' lang='grc' dir='ltr'>Πέτρος,</span> <span class='ocrx_word' id='word_1_408' title='bbox 1705 2743 1759 2792; x_wconf 86' lang='grc' dir='ltr'><strong>τί</strong></span> 
     </span>
    </p>
   </div>
   <div class='ocr_carea' id='block_1_52' title="bbox 1785 2731 3429 2814">
    <p class='ocr_par' dir='ltr' id='par_1_52' title="bbox 1859 2731 3429 2806">
     <span class='ocr_line' id='line_1_53' title="bbox 1859 2731 3429 2806; baseline 0.004 -20"><span class='ocrx_word' id='word_1_409' title='bbox 1859 2748 1986 2787; x_wconf 87' lang='lat' dir='ltr'><strong>ecce</strong></span> <span class='ocrx_word' id='word_1_410' title='bbox 2017 2732 2114 2785; x_wconf 86' lang='lat' dir='ltr'><strong>viri</strong></span> <span class='ocrx_word' id='word_1_411' title='bbox 2143 2731 2235 2800; x_wconf 89' lang='lat' dir='ltr'><strong>qui</strong></span> <span class='ocrx_word' id='word_1_412' title='bbox 2278 2732 2430 2787; x_wconf 86' lang='lat' dir='ltr'><strong>missi</strong></span> <span class='ocrx_word' id='word_1_413' title='bbox 2475 2743 2632 2786; x_wconf 86' lang='lat' dir='ltr'><strong>erant</strong></span> <span class='ocrx_word' id='word_1_414' title='bbox 2674 2747 2703 2785; x_wconf 86' lang='lat' dir='ltr'><strong>a</strong></span> <span class='ocrx_word' id='word_1_415' title='bbox 2758 2733 3032 2800; x_wconf 83' lang='lat' dir='ltr'><strong>Cornelio,</strong></span> <span class='ocrx_word' id='word_1_416' title='bbox 3076 2737 3429 2806; x_wconf 50' lang='lat' dir='ltr'><strong>.inquirentes</strong></span> 
     </span>
    </p>
   </div>
   <div class='ocr_carea' id='block_1_53' title="bbox 189 2822 1833 2901">
    <p class='ocr_par' dir='ltr' id='par_1_53' title="bbox 189 2827 1759 2901">
     <span class='ocr_line' id='line_1_54' title="bbox 189 2827 1759 2901; baseline 0.001 -18"><span class='ocrx_word' id='word_1_417' title='bbox 189 2833 252 2883; x_wconf 80' lang='grc' dir='ltr'>ἂν</span> <span class='ocrx_word' id='word_1_418' title='bbox 274 2833 360 2898; x_wconf 82' lang='grc' dir='ltr'>εἴη</span> <span class='ocrx_word' id='word_1_419' title='bbox 393 2831 458 2882; x_wconf 80' lang='grc' dir='ltr'>τὸ</span> <span class='ocrx_word' id='word_1_420' title='bbox 485 2832 689 2901; x_wconf 83' lang='grc' dir='ltr'>ὅραμα,</span> <span class='ocrx_word' id='word_1_421' title='bbox 713 2829 742 2881; x_wconf 83' lang='grc' dir='ltr'>ὃ</span> <span class='ocrx_word' id='word_1_422' title='bbox 773 2827 900 2892; x_wconf 66' lang='grc' dir='ltr'>εἶδε,</span> <span class='ocrx_word' id='word_1_423' title='bbox 947 2831 1040 2883; x_wconf 72' lang='grc' dir='ltr'>καὶ</span> <span class='ocrx_word' id='word_1_424' title='bbox 1092 2831 1200 2883; x_wconf 78' lang='grc' dir='ltr'>ἰδοὺ</span> <span class='ocrx_word' id='word_1_425' title='bbox 1229 2831 1276 2883; x_wconf 84' lang='grc' dir='ltr'>οἱ</span> <span class='ocrx_word' id='word_1_426' title='bbox 1322 2831 1513 2900; x_wconf 74' lang='grc' dir='ltr'>ἄνδρες</span> <span class='ocrx_word' id='word_1_427' title='bbox 1545 2833 1594 2884; x_wconf 80' lang='grc' dir='ltr'>οἱ</span> <span class='ocrx_word' id='word_1_428' title='bbox 1623 2834 1759 2885; x_wconf 85' lang='grc' dir='ltr'>ἀπε-</span> 
     </span>
    </p>
   </div>
   <div class='ocr_carea' id='block_1_54' title="bbox 1783 2822 3427 2901">
    <p class='ocr_par' dir='ltr' id='par_1_54' title="bbox 1860 2822 3427 2896">
     <span class='ocr_line' id='line_1_55' title="bbox 1860 2822 3427 2896; baseline 0.003 -19"><span class='ocrx_word' id='word_1_429' title='bbox 1860 2827 2082 2877; x_wconf 88' lang='lat' dir='ltr'><strong>domum</strong></span> <span class='ocrx_word' id='word_1_430' title='bbox 2119 2822 2382 2887; x_wconf 77' lang='lat' dir='ltr'><strong>Simoais,</strong></span> <span class='ocrx_word' id='word_1_431' title='bbox 2415 2825 2706 2878; x_wconf 87' lang='lat' dir='ltr'><strong>astiterunt</strong></span> <span class='ocrx_word' id='word_1_432' title='bbox 2768 2827 2834 2878; x_wconf 89' lang='lat' dir='ltr'><strong>ad</strong></span> <span class='ocrx_word' id='word_1_433' title='bbox 2883 2828 3130 2896; x_wconf 84' lang='lat' dir='ltr'><strong>januam.</strong></span> <span class='ocrx_word' id='word_1_434' title='bbox 3177 2827 3241 2882; x_wconf 85' lang='lat' dir='ltr'><strong>Et</strong></span> <span class='ocrx_word' id='word_1_435' title='bbox 3305 2845 3427 2884; x_wconf 81' lang='lat' dir='ltr'><strong>eum</strong></span> 
     </span>
    </p>
   </div>
   <div class='ocr_carea' id='block_1_55' title="bbox 190 2915 1834 2992">
    <p class='ocr_par' dir='ltr' id='par_1_55' title="bbox 190 2921 1762 2992">
     <span class='ocr_line' id='line_1_56' title="bbox 190 2921 1762 2992; baseline -0.001 -18"><span class='ocrx_word' id='word_1_436' title='bbox 190 2923 485 2991; x_wconf 79' lang='grc' dir='ltr'>σταλμένοι</span> <span class='ocrx_word' id='word_1_437' title='bbox 551 2921 701 2992; x_wconf 87' lang='grc' dir='ltr'><strong>παρά</strong></span> <span class='ocrx_word' id='word_1_438' title='bbox 768 2921 1073 2990; x_wconf 79' lang='grc' dir='ltr'>Κορνηλίου</span> <span class='ocrx_word' id='word_1_439' title='bbox 1106 2961 1120 2984; x_wconf 95' lang='grc'><strong>,</strong></span> <span class='ocrx_word' id='word_1_440' title='bbox 1163 2922 1595 2991; x_wconf 69' lang='grc' dir='ltr'>διερωτήσαντες</span> <span class='ocrx_word' id='word_1_441' title='bbox 1659 2923 1762 2992; x_wconf 85' lang='grc' dir='ltr'>τὴν</span> 
     </span>
    </p>
   </div>
   <div class='ocr_carea' id='block_1_56' title="bbox 1784 2915 3428 2992">
    <p class='ocr_par' dir='ltr' id='par_1_56' title="bbox 1861 2915 3428 2991">
     <span class='ocr_line' id='line_1_57' title="bbox 1861 2915 3428 2991; baseline 0.004 -24"><span class='ocrx_word' id='word_1_442' title='bbox 1861 2923 2175 2976; x_wconf 81' lang='lat' dir='ltr'><strong>\ocassent,</strong></span> <span class='ocrx_word' id='word_1_443' title='bbox 2209 2915 2646 2985; x_wconf 72' lang='lat' dir='ltr'><strong>interrogabant,</strong></span> <span class='ocrx_word' id='word_1_444' title='bbox 2685 2917 2729 2970; x_wconf 76' lang='lat' dir='ltr'><strong>si</strong></span> <span class='ocrx_word' id='word_1_445' title='bbox 2780 2917 2969 2973; x_wconf 84' lang='lat' dir='ltr'><strong>Simon</strong></span> <span class='ocrx_word' id='word_1_446' title='bbox 3022 2921 3114 2989; x_wconf 90' lang='lat' dir='ltr'><strong>qui</strong></span> <span class='ocrx_word' id='word_1_447' title='bbox 3146 2925 3428 2991; x_wconf 79' lang='lat' dir='ltr'><strong>cognomi-</strong></span> 
     </span>
    </p>
   </div>
   <div class='ocr_carea' id='block_1_57' title="bbox 190 3005 1834 3079">
    <p class='ocr_par' dir='ltr' id='par_1_57' title="bbox 190 3009 1761 3079">
     <span class='ocr_line' id='line_1_58' title="bbox 190 3009 1761 3079; baseline 0.001 -17"><span class='ocrx_word' id='word_1_448' title='bbox 190 3013 363 3064; x_wconf 83' lang='grc' dir='ltr'>οἰκίαν</span> <span class='ocrx_word' id='word_1_449' title='bbox 395 3009 492 3062; x_wconf 83' lang='grc' dir='ltr'><strong>τοῦ</strong></span> <span class='ocrx_word' id='word_1_450' title='bbox 528 3011 790 3078; x_wconf 81' lang='grc' dir='ltr'>Σίμωνος,</span> <span class='ocrx_word' id='word_1_451' title='bbox 820 3012 1126 3079; x_wconf 77' lang='grc' dir='ltr'>ἐπέστησαν</span> <span class='ocrx_word' id='word_1_452' title='bbox 1152 3010 1247 3061; x_wconf 79' lang='grc' dir='ltr'><strong>ἐπὶ</strong></span> <span class='ocrx_word' id='word_1_453' title='bbox 1274 3011 1364 3062; x_wconf 70' lang='grc' dir='ltr'>τὸν</span> <span class='ocrx_word' id='word_1_454' title='bbox 1387 3010 1636 3064; x_wconf 72' lang='grc' dir='ltr'>πυλῶναο</span> <span class='ocrx_word' id='word_1_455' title='bbox 1667 3012 1761 3064; x_wconf 74' lang='grc' dir='ltr'>καὶ</span> 
     </span>
    </p>
   </div>
   <div class='ocr_carea' id='block_1_58' title="bbox 1784 3005 3428 3079">
    <p class='ocr_par' dir='ltr' id='par_1_58' title="bbox 1865 3005 3428 3078">
     <span class='ocr_line' id='line_1_59' title="bbox 1865 3005 3428 3078; baseline 0.004 -18"><span class='ocrx_word' id='word_1_456' title='bbox 1865 3015 2026 3060; x_wconf 89' lang='lat' dir='ltr'><strong>natur</strong></span> <span class='ocrx_word' id='word_1_457' title='bbox 2069 3005 2286 3064; x_wconf 85' lang='lat' dir='ltr'><strong>Petrus.</strong></span> <span class='ocrx_word' id='word_1_458' title='bbox 2348 3006 2462 3059; x_wconf 73' lang='lat' dir='ltr'><strong>ilLic</strong></span> <span class='ocrx_word' id='word_1_459' title='bbox 2511 3007 2737 3062; x_wconf 87' lang='lat' dir='ltr'><strong>haberet</strong></span> <span class='ocrx_word' id='word_1_460' title='bbox 2779 3009 3099 3078; x_wconf 83' lang='lat' dir='ltr'><strong>hospitium.</strong></span> <span class='ocrx_word' id='word_1_461' title='bbox 3138 3010 3300 3068; x_wconf 83' lang='lat' dir='ltr'><strong>Petro</strong></span> <span class='ocrx_word' id='word_1_462' title='bbox 3333 3030 3428 3067; x_wconf 89' lang='lat' dir='ltr'><strong>au-</strong></span> 
     </span>
    </p>
   </div>
   <div class='ocr_carea' id='block_1_59' title="bbox 191 3097 1835 3170">
    <p class='ocr_par' dir='ltr' id='par_1_59' title="bbox 191 3097 1760 3170">
     <span class='ocr_line' id='line_1_60' title="bbox 191 3097 1760 3170; baseline -0.004 -17"><span class='ocrx_word' id='word_1_463' title='bbox 191 3102 567 3170; x_wconf 70' lang='grc' dir='ltr'>ςωνήσαντες,</span> <span class='ocrx_word' id='word_1_464' title='bbox 593 3098 977 3163; x_wconf 68' lang='grc' dir='ltr'>ἐπυνθάνοντο,</span> <span class='ocrx_word' id='word_1_465' title='bbox 1005 3100 1053 3150; x_wconf 78' lang='grc' dir='ltr'>εξ</span> <span class='ocrx_word' id='word_1_466' title='bbox 1075 3097 1257 3166; x_wconf 80' lang='grc' dir='ltr'>Σίμων</span> <span class='ocrx_word' id='word_1_467' title='bbox 1280 3101 1307 3150; x_wconf 78' lang='grc' dir='ltr'><strong>ό</strong></span> <span class='ocrx_word' id='word_1_468' title='bbox 1333 3098 1760 3166; x_wconf 75' lang='grc' dir='ltr'>ἐπικαλούμενος</span> 
     </span>
    </p>
   </div>
   <div class='ocr_carea' id='block_1_60' title="bbox 1784 3097 3428 3170">
    <p class='ocr_par' dir='ltr' id='par_1_60' title="bbox 1860 3098 3428 3170">
     <span class='ocr_line' id='line_1_61' title="bbox 1860 3098 3428 3170; baseline 0.007 -20"><span class='ocrx_word' id='word_1_469' title='bbox 1860 3109 1971 3153; x_wconf 87' lang='lat' dir='ltr'><strong>tem</strong></span> <span class='ocrx_word' id='word_1_470' title='bbox 2041 3098 2314 3167; x_wconf 75' lang='lat' dir='ltr'><strong>cogitante</strong></span> <span class='ocrx_word' id='word_1_471' title='bbox 2385 3098 2454 3151; x_wconf 88' lang='lat' dir='ltr'><strong>de</strong></span> <span class='ocrx_word' id='word_1_472' title='bbox 2517 3099 2749 3162; x_wconf 78' lang='lat' dir='ltr'><strong>visione,</strong></span> <span class='ocrx_word' id='word_1_473' title='bbox 2809 3102 2944 3154; x_wconf 82' lang='lat' dir='ltr'><strong>dixit</strong></span> <span class='ocrx_word' id='word_1_474' title='bbox 3017 3100 3257 3170; x_wconf 87' lang='lat' dir='ltr'><strong>Spiritus</strong></span> <span class='ocrx_word' id='word_1_475' title='bbox 3311 3107 3360 3158; x_wconf 90' lang='lat' dir='ltr'><strong>ei</strong></span> <span class='ocrx_word' id='word_1_476' title='bbox 3415 3126 3428 3161; x_wconf 86' lang='lat'><strong>:</strong></span> 
     </span>
    </p>
   </div>
   <div class='ocr_carea' id='block_1_61' title="bbox 194 3190 1838 3265">
    <p class='ocr_par' dir='ltr' id='par_1_61' title="bbox 194 3190 1833 3261">
     <span class='ocr_line' id='line_1_62' title="bbox 194 3190 1833 3261; baseline -0.002 -16"><span class='ocrx_word' id='word_1_477' title='bbox 194 3195 400 3261; x_wconf 81' lang='grc' dir='ltr'>Πέτρος</span> <span class='ocrx_word' id='word_1_478' title='bbox 433 3191 619 3244; x_wconf 79' lang='grc' dir='ltr'>ἐνθάδε</span> <span class='ocrx_word' id='word_1_479' title='bbox 659 3190 943 3255; x_wconf 71' lang='grc' dir='ltr'>ξενίζεται.</span> <span class='ocrx_word' id='word_1_480' title='bbox 975 3191 1080 3242; x_wconf 90' lang='grc' dir='ltr'>Τοῦ</span> <span class='ocrx_word' id='word_1_481' title='bbox 1112 3191 1169 3242; x_wconf 85' lang='grc' dir='ltr'>δὲ</span> <span class='ocrx_word' id='word_1_482' title='bbox 1202 3190 1410 3256; x_wconf 81' lang='grc' dir='ltr'>Πέτρου</span> <span class='ocrx_word' id='word_1_483' title='bbox 1445 3190 1762 3260; x_wconf 83' lang='grc' dir='ltr'>διενθυμου-</span> <span class='ocrx_word' id='word_1_484' title='bbox 1792 3203 1833 3258; x_wconf 79' lang='lat' dir='ltr'><strong><em>C</em></strong></span> 
     </span>
    </p>
   </div>
   <div class='ocr_carea' id='block_1_62' title="bbox 1791 3190 3435 3265">
    <p class='ocr_par' dir='ltr' id='par_1_62' title="bbox 1792 3190 3435 3265">
     <span class='ocr_line' id='line_1_63' title="bbox 1792 3190 3435 3265; baseline 0.004 -21"><span class='ocrx_word' id='word_1_485' title='bbox 1792 3203 1833 3258; x_wconf 71' lang='grc' dir='ltr'><strong><em>ε</em></strong></span> <span class='ocrx_word' id='word_1_486' title='bbox 1867 3190 2005 3246; x_wconf 86' lang='lat' dir='ltr'><strong>Ecce</strong></span> <span class='ocrx_word' id='word_1_487' title='bbox 2054 3191 2156 3242; x_wconf 78' lang='lat' dir='ltr'><strong>viri</strong></span> <span class='ocrx_word' id='word_1_488' title='bbox 2220 3199 2332 3243; x_wconf 90' lang='lat' dir='ltr'><strong>tres</strong></span> <span class='ocrx_word' id='word_1_489' title='bbox 2391 3200 2644 3258; x_wconf 58' lang='lat' dir='ltr'><strong>quarunt</strong></span> <span class='ocrx_word' id='word_1_490' title='bbox 2709 3199 2780 3245; x_wconf 90' lang='lat' dir='ltr'><strong>te.</strong></span> <span class='ocrx_word' id='word_1_491' title='bbox 2830 3191 3002 3261; x_wconf 89' lang='lat' dir='ltr'><strong>Surge</strong></span> <span class='ocrx_word' id='word_1_492' title='bbox 3072 3196 3280 3265; x_wconf 89' lang='lat' dir='ltr'><strong>itaque,</strong></span> <span class='ocrx_word' id='word_1_493' title='bbox 3342 3200 3435 3254; x_wconf 82' lang='lat' dir='ltr'><strong>de-</strong></span> 
     </span>
    </p>
   </div>
   <div class='ocr_carea' id='block_1_63' title="bbox 199 3278 1843 3360">
    <p class='ocr_par' dir='ltr' id='par_1_63' title="bbox 199 3278 1760 3355">
     <span class='ocr_line' id='line_1_64' title="bbox 199 3278 1760 3355; baseline -0.001 -18"><span class='ocrx_word' id='word_1_494' title='bbox 199 3285 359 3355; x_wconf 74' lang='grc' dir='ltr'>μένου</span> <span class='ocrx_word' id='word_1_495' title='bbox 397 3284 528 3354; x_wconf 82' lang='grc' dir='ltr'>περὶ</span> <span class='ocrx_word' id='word_1_496' title='bbox 557 3285 650 3335; x_wconf 79' lang='grc' dir='ltr'><strong>τοῦ</strong></span> <span class='ocrx_word' id='word_1_497' title='bbox 683 3284 982 3353; x_wconf 79' lang='grc' dir='ltr'>ὁράματος,</span> <span class='ocrx_word' id='word_1_498' title='bbox 1011 3278 1166 3333; x_wconf 80' lang='grc' dir='ltr'>εἶπεν</span> <span class='ocrx_word' id='word_1_499' title='bbox 1201 3281 1350 3351; x_wconf 83' lang='grc' dir='ltr'>αύτῷ</span> <span class='ocrx_word' id='word_1_500' title='bbox 1396 3282 1458 3334; x_wconf 81' lang='grc' dir='ltr'>τὸ</span> <span class='ocrx_word' id='word_1_501' title='bbox 1505 3281 1760 3350; x_wconf 80' lang='grc' dir='ltr'>Πνεῦμα·</span> 
     </span>
    </p>
   </div>
   <div class='ocr_carea' id='block_1_64' title="bbox 1789 3278 3433 3360">
    <p class='ocr_par' dir='ltr' id='par_1_64' title="bbox 1867 3280 3433 3360">
     <span class='ocr_line' id='line_1_65' title="bbox 1867 3280 3433 3360; baseline 0.006 -25"><span class='ocrx_word' id='word_1_502' title='bbox 1867 3281 2068 3336; x_wconf 86' lang='lat' dir='ltr'><strong>seende</strong></span> <span class='ocrx_word' id='word_1_503' title='bbox 2095 3290 2150 3334; x_wconf 93' lang='lat' dir='ltr'><strong>et</strong></span> <span class='ocrx_word' id='word_1_504' title='bbox 2170 3280 2304 3334; x_wconf 89' lang='lat' dir='ltr'><strong>vade</strong></span> <span class='ocrx_word' id='word_1_505' title='bbox 2335 3295 2458 3334; x_wconf 89' lang='lat' dir='ltr'><strong>cum</strong></span> <span class='ocrx_word' id='word_1_506' title='bbox 2486 3281 2587 3345; x_wconf 90' lang='lat' dir='ltr'><strong>eis,</strong></span> <span class='ocrx_word' id='word_1_507' title='bbox 2622 3282 2756 3335; x_wconf 84' lang='lat' dir='ltr'><strong>nihil</strong></span> <span class='ocrx_word' id='word_1_508' title='bbox 2809 3283 3093 3352; x_wconf 78' lang='lat' dir='ltr'><strong>dubitans,</strong></span> <span class='ocrx_word' id='word_1_509' title='bbox 3146 3290 3276 3356; x_wconf 88' lang='lat' dir='ltr'><strong>quia</strong></span> <span class='ocrx_word' id='word_1_510' title='bbox 3333 3305 3433 3360; x_wconf 85' lang='lat' dir='ltr'><strong>ego</strong></span> 
     </span>
    </p>
   </div>
   <div class='ocr_carea' id='block_1_65' title="bbox 203 3372 2163 3444">
    <p class='ocr_par' dir='ltr' id='par_1_65' title="bbox 203 3372 2163 3444">
     <span class='ocr_line' id='line_1_66' title="bbox 203 3372 2163 3444; baseline -0.002 -15"><span class='ocrx_word' id='word_1_511' title='bbox 203 3378 335 3429; x_wconf 77' lang='grc' dir='ltr'>Ἰδοὺ</span> <span class='ocrx_word' id='word_1_512' title='bbox 364 3377 562 3444; x_wconf 81' lang='grc' dir='ltr'>ἄνδρες</span> <span class='ocrx_word' id='word_1_513' title='bbox 587 3377 734 3444; x_wconf 78' lang='grc' dir='ltr'>τρεῖς</span> <span class='ocrx_word' id='word_1_514' title='bbox 774 3372 999 3443; x_wconf 80' lang='grc' dir='ltr'>ζητοῦσί</span> <span class='ocrx_word' id='word_1_515' title='bbox 1032 3389 1090 3426; x_wconf 83' lang='grc' dir='ltr'>σε</span> <span class='ocrx_word' id='word_1_516' title='bbox 1115 3388 1128 3402; x_wconf 89' lang='grc'><strong>·</strong></span> <span class='ocrx_word' id='word_1_517' title='bbox 1158 3373 1295 3426; x_wconf 80' lang='grc' dir='ltr'>ἀλλὰ</span> <span class='ocrx_word' id='word_1_518' title='bbox 1326 3374 1566 3434; x_wconf 79' lang='grc' dir='ltr'>ἀναστὰς</span> <span class='ocrx_word' id='word_1_519' title='bbox 1599 3373 1764 3426; x_wconf 85' lang='grc' dir='ltr'>κατά·</span> <span class='ocrx_word' id='word_1_520' title='bbox 1867 3374 1989 3428; x_wconf 81' lang='lat' dir='ltr'><strong>misi</strong></span> <span class='ocrx_word' id='word_1_521' title='bbox 2021 3373 2163 3428; x_wconf 80' lang='lat' dir='ltr'><strong>illos.</strong></span> 
     </span>
    </p>
   </div>
   <div class='ocr_carea' id='block_1_66' title="bbox 194 3464 1761 3536">
    <p class='ocr_par' dir='ltr' id='par_1_66' title="bbox 194 3464 1761 3536">
     <span class='ocr_line' id='line_1_67' title="bbox 194 3464 1761 3536; baseline 0 -18"><span class='ocrx_word' id='word_1_522' title='bbox 194 3467 321 3536; x_wconf 76' lang='grc' dir='ltr'>δηθι</span> <span class='ocrx_word' id='word_1_523' title='bbox 357 3469 456 3520; x_wconf 72' lang='grc' dir='ltr'>καὶ</span> <span class='ocrx_word' id='word_1_524' title='bbox 481 3467 720 3534; x_wconf 82' lang='grc' dir='ltr'>πορεύου</span> <span class='ocrx_word' id='word_1_525' title='bbox 755 3465 854 3518; x_wconf 82' lang='grc' dir='ltr'>σὺν</span> <span class='ocrx_word' id='word_1_526' title='bbox 888 3466 1095 3529; x_wconf 84' lang='grc' dir='ltr'>αὐτοῖς,</span> <span class='ocrx_word' id='word_1_527' title='bbox 1135 3464 1303 3535; x_wconf 72' lang='grc' dir='ltr'>μηδὲν</span> <span class='ocrx_word' id='word_1_528' title='bbox 1328 3464 1761 3534; x_wconf 86' lang='grc' dir='ltr'>διακρινόμενος,</span> 
     </span>
    </p>
   </div>
   <div class='ocr_carea' id='block_1_67' title="bbox 193 3556 1062 3624">
    <p class='ocr_par' dir='ltr' id='par_1_67' title="bbox 193 3556 1062 3624">
     <span class='ocr_line' id='line_1_68' title="bbox 193 3556 1062 3624; baseline -0.001 -14"><span class='ocrx_word' id='word_1_529' title='bbox 193 3559 327 3611; x_wconf 76' lang='grc' dir='ltr'>διότι</span> <span class='ocrx_word' id='word_1_530' title='bbox 357 3557 469 3624; x_wconf 73' lang='grc' dir='ltr'><strong>ἐγὼ</strong></span> <span class='ocrx_word' id='word_1_531' title='bbox 502 3558 818 3610; x_wconf 77' lang='grc' dir='ltr'>ἀπέσταλκα</span> <span class='ocrx_word' id='word_1_532' title='bbox 846 3556 1062 3618; x_wconf 77' lang='grc' dir='ltr'>αὐτούς.</span> 
     </span>
    </p>
   </div>
   <div class='ocr_carea' id='block_1_68' title="bbox 781 3639 2425 3701">
    <p class='ocr_par' dir='ltr' id='par_1_68' title="bbox 781 3642 2425 3701">
     <span class='ocr_line' id='line_1_69' title="bbox 781 3642 2425 3701; baseline -0.005 0"><span class='ocrx_word' id='word_1_533' title='bbox 781 3648 1162 3701; x_wconf 81' lang='grc' dir='ltr'><strong>ΕΡΜΠΝΕῙΛ.</strong></span> <span class='ocrx_word' id='word_1_534' title='bbox 2374 3642 2425 3696; x_wconf 74' lang='grc'><strong>01</strong></span> 
     </span>
    </p>
   </div>
   <div class='ocr_carea' id='block_1_69' title="bbox 1290 3639 2934 3701">
    <p class='ocr_par' dir='ltr' id='par_1_69' title="bbox 2374 3639 2934 3701">
     <span class='ocr_line' id='line_1_70' title="bbox 2374 3639 2934 3701; baseline 0.011 -6"><span class='ocrx_word' id='word_1_535' title='bbox 2374 3639 2934 3701; x_wconf 75' lang='lat' dir='ltr'><strong>COMMENTARIUS.</strong></span> 
     </span>
    </p>
   </div>
   <div class='ocr_carea' id='block_1_70' title="bbox 265 3731 1909 3808">
    <p class='ocr_par' dir='ltr' id='par_1_70' title="bbox 265 3737 1763 3808">
     <span class='ocr_line' id='line_1_71' title="bbox 265 3737 1763 3808; baseline -0.002 -14"><span class='ocrx_word' id='word_1_536' title='bbox 265 3737 434 3802; x_wconf 70' lang='grc' dir='ltr'>Οὗτος</span> <span class='ocrx_word' id='word_1_537' title='bbox 478 3740 578 3792; x_wconf 76' lang='grc' dir='ltr'>οὐκ</span> <span class='ocrx_word' id='word_1_538' title='bbox 632 3739 778 3792; x_wconf 76' lang='grc' dir='ltr'>ἔστιν</span> <span class='ocrx_word' id='word_1_539' title='bbox 811 3739 1084 3801; x_wconf 85' lang='grc' dir='ltr'>Ἰουδαῖος,</span> <span class='ocrx_word' id='word_1_540' title='bbox 1119 3738 1238 3791; x_wconf 69' lang='grc' dir='ltr'>οὐδὲ</span> <span class='ocrx_word' id='word_1_541' title='bbox 1283 3739 1393 3791; x_wconf 84' lang='grc' dir='ltr'><strong>τῶν</strong></span> <span class='ocrx_word' id='word_1_542' title='bbox 1425 3738 1534 3791; x_wconf 63' lang='grc' dir='ltr'><strong>ὑπὸ</strong></span> <span class='ocrx_word' id='word_1_543' title='bbox 1580 3739 1763 3808; x_wconf 84' lang='grc' dir='ltr'>νόμον,</span> 
     </span>
    </p>
   </div>
   <div class='ocr_carea' id='block_1_71' title="bbox 1790 3731 3434 3808">
    <p class='ocr_par' dir='ltr' id='par_1_71' title="bbox 1940 3731 3434 3808">
     <span class='ocr_line' id='line_1_72' title="bbox 1940 3731 3434 3808; baseline 0.011 -22"><span class='ocrx_word' id='word_1_544' title='bbox 1940 3731 2233 3788; x_wconf 82' lang='lat' dir='ltr'><strong>Cornelius</strong></span> <span class='ocrx_word' id='word_1_545' title='bbox 2264 3747 2374 3788; x_wconf 88' lang='lat' dir='ltr'><strong>non</strong></span> <span class='ocrx_word' id='word_1_546' title='bbox 2434 3743 2550 3788; x_wconf 90' lang='lat' dir='ltr'><strong>erat</strong></span> <span class='ocrx_word' id='word_1_547' title='bbox 2594 3732 2835 3800; x_wconf 69' lang='lat' dir='ltr'><strong>Iudaeus,</strong></span> <span class='ocrx_word' id='word_1_548' title='bbox 2873 3739 3316 3808; x_wconf 67' lang='lat' dir='ltr'><strong>nequellosaiete</strong></span> <span class='ocrx_word' id='word_1_549' title='bbox 3335 3747 3434 3802; x_wconf 61' lang='lat' dir='ltr'><strong>ob.</strong></span> 
     </span>
    </p>
   </div>
   <div class='ocr_carea' id='block_1_72' title="bbox 198 3824 1842 3907">
    <p class='ocr_par' dir='ltr' id='par_1_72' title="bbox 198 3828 1766 3900">
     <span class='ocr_line' id='line_1_73' title="bbox 198 3828 1766 3900; baseline -0.001 -18"><span class='ocrx_word' id='word_1_550' title='bbox 198 3832 309 3882; x_wconf 68' lang='grc' dir='ltr'>ἀλλ’</span> <span class='ocrx_word' id='word_1_551' title='bbox 344 3832 449 3900; x_wconf 66' lang='grc' dir='ltr'>ήδη</span> <span class='ocrx_word' id='word_1_552' title='bbox 475 3830 797 3899; x_wconf 78' lang='grc' dir='ltr'>προειλήφει</span> <span class='ocrx_word' id='word_1_553' title='bbox 821 3828 915 3898; x_wconf 84' lang='grc' dir='ltr'>τὴν</span> <span class='ocrx_word' id='word_1_554' title='bbox 937 3829 1215 3898; x_wconf 75' lang='grc' dir='ltr'>ἡμετέραν</span> <span class='ocrx_word' id='word_1_555' title='bbox 1241 3828 1540 3883; x_wconf 88' lang='grc' dir='ltr'>πολιτείαν.</span> <span class='ocrx_word' id='word_1_556' title='bbox 1564 3828 1766 3882; x_wconf 89' lang='grc' dir='ltr'>Τοῦτον</span> 
     </span>
    </p>
   </div>
   <div class='ocr_carea' id='block_1_73' title="bbox 1787 3824 3431 3907">
    <p class='ocr_par' dir='ltr' id='par_1_73' title="bbox 1869 3824 3431 3907">
     <span class='ocr_line' id='line_1_74' title="bbox 1869 3824 3431 3907; baseline 0.009 -30"><span class='ocrx_word' id='word_1_557' title='bbox 1869 3825 2068 3878; x_wconf 91' lang='lat' dir='ltr'><strong>noxius</strong></span> <span class='ocrx_word' id='word_1_558' title='bbox 2111 3824 2213 3893; x_wconf 81' lang='lat' dir='ltr'><strong>legi</strong></span> <span class='ocrx_word' id='word_1_559' title='bbox 2255 3841 2268 3878; x_wconf 90' lang='lat'><strong>:</strong></span> <span class='ocrx_word' id='word_1_560' title='bbox 2302 3834 2549 3880; x_wconf 90' lang='lat' dir='ltr'><strong>nostrum</strong></span> <span class='ocrx_word' id='word_1_561' title='bbox 2598 3834 2780 3880; x_wconf 85' lang='lat' dir='ltr'><strong>tamen</strong></span> <span class='ocrx_word' id='word_1_562' title='bbox 2823 3830 3038 3884; x_wconf 80' lang='lat' dir='ltr'><strong>vivendi</strong></span> <span class='ocrx_word' id='word_1_563' title='bbox 3076 3834 3298 3889; x_wconf 89' lang='lat' dir='ltr'><strong>modum</strong></span> <span class='ocrx_word' id='word_1_564' title='bbox 3320 3839 3431 3907; x_wconf 78' lang='lat' dir='ltr'><strong>jam</strong></span> 
     </span>
    </p>
   </div>
   <div class='ocr_carea' id='block_1_74' title="bbox 200 3916 1844 3990">
    <p class='ocr_par' dir='ltr' id='par_1_74' title="bbox 200 3918 1768 3990">
     <span class='ocr_line' id='line_1_75' title="bbox 200 3918 1768 3990; baseline -0.001 -18"><span class='ocrx_word' id='word_1_565' title='bbox 200 3922 319 3973; x_wconf 81' lang='grc' dir='ltr'>ἰδὼν</span> <span class='ocrx_word' id='word_1_566' title='bbox 351 3924 380 3973; x_wconf 79' lang='grc' dir='ltr'><strong>ό</strong></span> <span class='ocrx_word' id='word_1_567' title='bbox 431 3920 530 3988; x_wconf 79' lang='grc' dir='ltr'>τῆς</span> <span class='ocrx_word' id='word_1_568' title='bbox 576 3919 834 3990; x_wconf 76' lang='grc' dir='ltr'>ἀληθείας</span> <span class='ocrx_word' id='word_1_569' title='bbox 860 3918 906 3949; x_wconf 81' lang='grc'>⁸⁸</span> <span class='ocrx_word' id='word_1_570' title='bbox 935 3918 1236 3988; x_wconf 85' lang='grc' dir='ltr'>ὀφθαλμὸς,</span> <span class='ocrx_word' id='word_1_571' title='bbox 1280 3919 1362 3971; x_wconf 85' lang='grc' dir='ltr'><strong>δτι</strong></span> <span class='ocrx_word' id='word_1_572' title='bbox 1396 3918 1537 3972; x_wconf 84' lang='grc' dir='ltr'><strong>καλά</strong></span> <span class='ocrx_word' id='word_1_573' title='bbox 1577 3921 1676 3988; x_wconf 81' lang='grc' dir='ltr'>μὲν</span> <span class='ocrx_word' id='word_1_574' title='bbox 1697 3920 1768 3972; x_wconf 82' lang='grc' dir='ltr'>τὰ</span> 
     </span>
    </p>
   </div>
   <div class='ocr_carea' id='block_1_75' title="bbox 1790 3916 3434 3990">
    <p class='ocr_par' dir='ltr' id='par_1_75' title="bbox 1870 3916 3434 3989">
     <span class='ocr_line' id='line_1_76' title="bbox 1870 3916 3434 3989; baseline 0.01 -21"><span class='ocrx_word' id='word_1_575' title='bbox 1870 3926 2262 3984; x_wconf 84' lang='lat' dir='ltr'><strong>assuinpserat.</strong></span> <span class='ocrx_word' id='word_1_576' title='bbox 2289 3916 2448 3980; x_wconf 83' lang='lat' dir='ltr'><strong>Eum,</strong></span> <span class='ocrx_word' id='word_1_577' title='bbox 2476 3932 2601 3970; x_wconf 90' lang='lat' dir='ltr'><strong>cum</strong></span> <span class='ocrx_word' id='word_1_578' title='bbox 2634 3919 3063 3989; x_wconf 77' lang='lat' dir='ltr'><strong>benignissimus</strong></span> <span class='ocrx_word' id='word_1_579' title='bbox 3111 3923 3204 3979; x_wconf 90' lang='lat' dir='ltr'><strong>Dei</strong></span> <span class='ocrx_word' id='word_1_580' title='bbox 3238 3928 3434 3984; x_wconf 91' lang='lat' dir='ltr'><strong>oculus</strong></span> 
     </span>
    </p>
   </div>
   <div class='ocr_carea' id='block_1_76' title="bbox 197 4006 1841 4081">
    <p class='ocr_par' dir='ltr' id='par_1_76' title="bbox 197 4008 1765 4080">
     <span class='ocr_line' id='line_1_77' title="bbox 197 4008 1765 4080; baseline -0.001 -16"><span class='ocrx_word' id='word_1_581' title='bbox 197 4014 351 4080; x_wconf 73' lang='grc' dir='ltr'>ἔργα,</span> <span class='ocrx_word' id='word_1_582' title='bbox 387 4011 558 4080; x_wconf 83' lang='grc' dir='ltr'>νεκρά</span> <span class='ocrx_word' id='word_1_583' title='bbox 594 4012 651 4064; x_wconf 81' lang='grc' dir='ltr'><em>δέ</em></span> <span class='ocrx_word' id='word_1_584' title='bbox 682 4013 820 4075; x_wconf 72' lang='grc' dir='ltr'>ἔστι,</span> <span class='ocrx_word' id='word_1_585' title='bbox 852 4009 1034 4062; x_wconf 81' lang='grc' dir='ltr'>πίστιν</span> <span class='ocrx_word' id='word_1_586' title='bbox 1067 4011 1166 4063; x_wconf 80' lang='grc' dir='ltr'>οὐκ</span> <span class='ocrx_word' id='word_1_587' title='bbox 1203 4009 1415 4080; x_wconf 76' lang='grc' dir='ltr'>ἔχοντα,</span> <span class='ocrx_word' id='word_1_588' title='bbox 1448 4008 1765 4063; x_wconf 79' lang='grc' dir='ltr'>ἀποστέλλει</span> 
     </span>
    </p>
   </div>
   <div class='ocr_carea' id='block_1_77' title="bbox 1788 4006 3432 4081">
    <p class='ocr_par' dir='ltr' id='par_1_77' title="bbox 1871 4006 3432 4081">
     <span class='ocr_line' id='line_1_78' title="bbox 1871 4006 3432 4081; baseline 0.01 -23"><span class='ocrx_word' id='word_1_589' title='bbox 1871 4006 2099 4070; x_wconf 85' lang='lat' dir='ltr'><strong>videret,</strong></span> <span class='ocrx_word' id='word_1_590' title='bbox 2133 4008 2333 4062; x_wconf 88' lang='lat' dir='ltr'><strong>habere</strong></span> <span class='ocrx_word' id='word_1_591' title='bbox 2386 4008 2605 4077; x_wconf 92' lang='lat' dir='ltr'><strong>quidem</strong></span> <span class='ocrx_word' id='word_1_592' title='bbox 2667 4009 2812 4063; x_wconf 84' lang='lat' dir='ltr'><strong>bona</strong></span> <span class='ocrx_word' id='word_1_593' title='bbox 2873 4025 3041 4081; x_wconf 85' lang='lat' dir='ltr'><strong>opera</strong></span> <span class='ocrx_word' id='word_1_594' title='bbox 3080 4053 3096 4076; x_wconf 90' lang='lat'><strong>,</strong></span> <span class='ocrx_word' id='word_1_595' title='bbox 3127 4031 3191 4070; x_wconf 90' lang='lat' dir='ltr'><strong>ea</strong></span> <span class='ocrx_word' id='word_1_596' title='bbox 3255 4026 3432 4073; x_wconf 87' lang='lat' dir='ltr'><strong>tamen</strong></span> 
     </span>
    </p>
   </div>
   <div class='ocr_carea' id='block_1_78' title="bbox 200 4097 1844 4179">
    <p class='ocr_par' dir='ltr' id='par_1_78' title="bbox 200 4100 1768 4173">
     <span class='ocr_line' id='line_1_79' title="bbox 200 4100 1768 4173; baseline -0.001 -17"><span class='ocrx_word' id='word_1_597' title='bbox 200 4104 537 4173; x_wconf 76' lang='grc' dir='ltr'>βραὸεύοντα</span> <span class='ocrx_word' id='word_1_598' title='bbox 555 4102 601 4134; x_wconf 86' lang='grc'><strong>⁸³</strong></span> <span class='ocrx_word' id='word_1_599' title='bbox 627 4103 737 4163; x_wconf 86' lang='grc' dir='ltr'>τοῖς</span> <span class='ocrx_word' id='word_1_600' title='bbox 758 4101 939 4170; x_wconf 76' lang='grc' dir='ltr'>ἔργοις</span> <span class='ocrx_word' id='word_1_601' title='bbox 963 4100 1218 4168; x_wconf 77' lang='grc' dir='ltr'>ἄγγελον,</span> <span class='ocrx_word' id='word_1_602' title='bbox 1236 4101 1312 4164; x_wconf 85' lang='grc' dir='ltr'>ὡς</span> <span class='ocrx_word' id='word_1_603' title='bbox 1338 4102 1520 4165; x_wconf 81' lang='grc' dir='ltr'>καλῶς</span> <span class='ocrx_word' id='word_1_604' title='bbox 1546 4102 1768 4156; x_wconf 81' lang='grc' dir='ltr'>ἀθλοῦν-</span> 
     </span>
    </p>
   </div>
   <div class='ocr_carea' id='block_1_79' title="bbox 1788 4097 3432 4179">
    <p class='ocr_par' dir='ltr' id='par_1_79' title="bbox 1869 4097 3432 4179">
     <span class='ocr_line' id='line_1_80' title="bbox 1869 4097 3432 4179; baseline 0.009 -31"><span class='ocrx_word' id='word_1_605' title='bbox 1869 4105 2092 4166; x_wconf 84' lang='lat' dir='ltr'><strong>propter</strong></span> <span class='ocrx_word' id='word_1_606' title='bbox 2145 4100 2448 4152; x_wconf 85' lang='lat' dir='ltr'><strong>carentiatn</strong></span> <span class='ocrx_word' id='word_1_607' title='bbox 2472 4097 2637 4164; x_wconf 91' lang='lat' dir='ltr'><strong>ﬁdei,</strong></span> <span class='ocrx_word' id='word_1_608' title='bbox 2673 4105 3124 4168; x_wconf 83' lang='lat' dir='ltr'><strong>mortua;mittit</strong></span> <span class='ocrx_word' id='word_1_609' title='bbox 3183 4109 3432 4179; x_wconf 80' lang='lat' dir='ltr'><strong>angelum</strong></span> 
     </span>
    </p>
   </div>
   <div class='ocr_carea' id='block_1_80' title="bbox 197 4188 1841 4265">
    <p class='ocr_par' dir='ltr' id='par_1_80' title="bbox 197 4188 1769 4261">
     <span class='ocr_line' id='line_1_81' title="bbox 197 4188 1769 4261; baseline -0.003 -15"><span class='ocrx_word' id='word_1_610' title='bbox 197 4213 260 4246; x_wconf 81' lang='grc' dir='ltr'><strong>τα</strong></span> <span class='ocrx_word' id='word_1_611' title='bbox 300 4192 649 4261; x_wconf 77' lang='grc' dir='ltr'>στεφανῶσαι</span> <span class='ocrx_word' id='word_1_612' title='bbox 685 4193 749 4260; x_wconf 78' lang='grc' dir='ltr'>τῇ</span> <span class='ocrx_word' id='word_1_613' title='bbox 793 4189 999 4242; x_wconf 82' lang='grc' dir='ltr'>πίστει.</span> <span class='ocrx_word' id='word_1_614' title='bbox 1034 4188 1207 4241; x_wconf 86' lang='grc' dir='ltr'>Τοῦτο</span> <span class='ocrx_word' id='word_1_615' title='bbox 1240 4189 1298 4242; x_wconf 81' lang='grc' dir='ltr'>δὲ</span> <span class='ocrx_word' id='word_1_616' title='bbox 1350 4192 1514 4254; x_wconf 82' lang='grc' dir='ltr'>ποιεῖ,</span> <span class='ocrx_word' id='word_1_617' title='bbox 1566 4191 1660 4242; x_wconf 74' lang='grc' dir='ltr'>καὶ</span> <span class='ocrx_word' id='word_1_618' title='bbox 1689 4193 1769 4252; x_wconf 81' lang='grc' dir='ltr'>εἰς</span> 
     </span>
    </p>
   </div>
   <div class='ocr_carea' id='block_1_81' title="bbox 1794 4188 3438 4265">
    <p class='ocr_par' dir='ltr' id='par_1_81' title="bbox 1871 4189 3438 4265">
     <span class='ocr_line' id='line_1_82' title="bbox 1871 4189 3438 4265; baseline 0.008 -22"><span class='ocrx_word' id='word_1_619' title='bbox 1871 4189 2031 4243; x_wconf 87' lang='lat' dir='ltr'><strong>bonis</strong></span> <span class='ocrx_word' id='word_1_620' title='bbox 2062 4189 2320 4258; x_wconf 87' lang='lat' dir='ltr'><strong>operibus</strong></span> <span class='ocrx_word' id='word_1_621' title='bbox 2355 4191 2663 4259; x_wconf 55' lang='lat' dir='ltr'><strong>praesidem,</strong></span> <span class='ocrx_word' id='word_1_622' title='bbox 2704 4194 2795 4261; x_wconf 90' lang='lat' dir='ltr'><strong>qui</strong></span> <span class='ocrx_word' id='word_1_623' title='bbox 2841 4209 2967 4248; x_wconf 91' lang='lat' dir='ltr'><strong>eum</strong></span> <span class='ocrx_word' id='word_1_624' title='bbox 3018 4198 3276 4265; x_wconf 66' lang='lat' dir='ltr'><strong>praeclare</strong></span> <span class='ocrx_word' id='word_1_625' title='bbox 3320 4217 3438 4258; x_wconf 85' lang='lat' dir='ltr'><strong>cer-</strong></span> 
     </span>
    </p>
   </div>
   <div class='ocr_carea' id='block_1_82' title="bbox 198 4280 1842 4360">
    <p class='ocr_par' dir='ltr' id='par_1_82' title="bbox 198 4280 1764 4354">
     <span class='ocr_line' id='line_1_83' title="bbox 198 4280 1764 4354; baseline -0.001 -18"><span class='ocrx_word' id='word_1_626' title='bbox 198 4286 577 4354; x_wconf 65' lang='grc' dir='ltr'>πληροςςορίαν</span> <span class='ocrx_word' id='word_1_627' title='bbox 603 4280 837 4351; x_wconf 87' lang='grc' dir='ltr'>Πέτρου,</span> <span class='ocrx_word' id='word_1_628' title='bbox 874 4281 1075 4350; x_wconf 80' lang='grc' dir='ltr'>μᾶλλον</span> <span class='ocrx_word' id='word_1_629' title='bbox 1113 4281 1169 4334; x_wconf 73' lang='grc' dir='ltr'>δὲ</span> <span class='ocrx_word' id='word_1_630' title='bbox 1201 4281 1310 4334; x_wconf 84' lang='grc' dir='ltr'><strong>τῶν</strong></span> <span class='ocrx_word' id='word_1_631' title='bbox 1345 4282 1764 4352; x_wconf 82' lang='grc' dir='ltr'>ἀσθενεστέρων.</span> 
     </span>
    </p>
   </div>
   <div class='ocr_carea' id='block_1_83' title="bbox 1789 4280 3433 4360">
    <p class='ocr_par' dir='ltr' id='par_1_83' title="bbox 1873 4281 3433 4360">
     <span class='ocr_line' id='line_1_84' title="bbox 1873 4281 3433 4360; baseline 0.01 -28"><span class='ocrx_word' id='word_1_632' title='bbox 1873 4287 2078 4333; x_wconf 84' lang='lat' dir='ltr'><strong>tantem</strong></span> <span class='ocrx_word' id='word_1_633' title='bbox 2115 4289 2407 4335; x_wconf 87' lang='lat' dir='ltr'><strong>coronaret</strong></span> <span class='ocrx_word' id='word_1_634' title='bbox 2451 4281 2554 4335; x_wconf 86' lang='lat' dir='ltr'><strong>ﬁde</strong></span> <span class='ocrx_word' id='word_1_635' title='bbox 2591 4298 2604 4334; x_wconf 90' lang='lat'><strong>:</strong></span> <span class='ocrx_word' id='word_1_636' title='bbox 2637 4283 2783 4351; x_wconf 87' lang='lat' dir='ltr'><strong>quod</strong></span> <span class='ocrx_word' id='word_1_637' title='bbox 2814 4294 2869 4338; x_wconf 90' lang='lat' dir='ltr'><strong>et</strong></span> <span class='ocrx_word' id='word_1_638' title='bbox 2920 4286 3050 4342; x_wconf 76' lang='lat' dir='ltr'><strong>fecit</strong></span> <span class='ocrx_word' id='word_1_639' title='bbox 3091 4289 3157 4343; x_wconf 87' lang='lat' dir='ltr'><strong>ad</strong></span> <span class='ocrx_word' id='word_1_640' title='bbox 3221 4291 3433 4360; x_wconf 82' lang='lat' dir='ltr'><strong>plenam</strong></span> 
     </span>
    </p>
   </div>
   <div class='ocr_carea' id='block_1_84' title="bbox 211 4370 1855 4443">
    <p class='ocr_par' dir='ltr' id='par_1_84' title="bbox 211 4371 1769 4443">
     <span class='ocr_line' id='line_1_85' title="bbox 211 4371 1769 4443; baseline -0.003 -16"><span class='ocrx_word' id='word_1_641' title='bbox 211 4375 461 4440; x_wconf 75' lang='grc' dir='ltr'><strong><em>Έγνὰτῃ</em></strong></span> <span class='ocrx_word' id='word_1_642' title='bbox 479 4374 536 4427; x_wconf 87' lang='grc' dir='ltr'>δὲ</span> <span class='ocrx_word' id='word_1_643' title='bbox 563 4373 704 4441; x_wconf 80' lang='grc' dir='ltr'>ὥρᾳ,</span> <span class='ocrx_word' id='word_1_644' title='bbox 729 4373 816 4425; x_wconf 79' lang='grc' dir='ltr'>ὅτε</span> <span class='ocrx_word' id='word_1_645' title='bbox 842 4371 1140 4442; x_wconf 83' lang='grc' dir='ltr'>φροντίδων</span> <span class='ocrx_word' id='word_1_646' title='bbox 1161 4371 1352 4442; x_wconf 73' lang='grc' dir='ltr'>ἠφίετο</span> <span class='ocrx_word' id='word_1_647' title='bbox 1374 4374 1466 4425; x_wconf 80' lang='grc' dir='ltr'>καὶ</span> <span class='ocrx_word' id='word_1_648' title='bbox 1489 4373 1546 4424; x_wconf 70' lang='grc' dir='ltr'>ιν</span> <span class='ocrx_word' id='word_1_649' title='bbox 1569 4373 1769 4443; x_wconf 78' lang='grc' dir='ltr'>ἡσυχίᾳ</span> 
     </span>
    </p>
   </div>
   <div class='ocr_carea' id='block_1_85' title="bbox 1792 4370 3436 4443">
    <p class='ocr_par' dir='ltr' id='par_1_85' title="bbox 1872 4370 3436 4442">
     <span class='ocr_line' id='line_1_86' title="bbox 1872 4370 3436 4442; baseline 0.008 -19"><span class='ocrx_word' id='word_1_650' title='bbox 1872 4370 2042 4436; x_wconf 82' lang='lat' dir='ltr'><strong>Petri,</strong></span> <span class='ocrx_word' id='word_1_651' title='bbox 2078 4386 2175 4426; x_wconf 82' lang='lat' dir='ltr'><strong>seu</strong></span> <span class='ocrx_word' id='word_1_652' title='bbox 2213 4372 2397 4442; x_wconf 87' lang='lat' dir='ltr'><strong>potius</strong></span> <span class='ocrx_word' id='word_1_653' title='bbox 2430 4372 2788 4428; x_wconf 84' lang='lat' dir='ltr'><strong>inﬁrmioruin</strong></span> <span class='ocrx_word' id='word_1_654' title='bbox 2823 4377 3260 4436; x_wconf 87' lang='lat' dir='ltr'><strong>instructionem.</strong></span> <span class='ocrx_word' id='word_1_655' title='bbox 3287 4381 3436 4437; x_wconf 84' lang='lat' dir='ltr'><strong>Hora</strong></span> 
     </span>
    </p>
   </div>
   <div class='ocr_carea' id='block_1_86' title="bbox 198 4463 1842 4536">
    <p class='ocr_par' dir='ltr' id='par_1_86' title="bbox 198 4463 1833 4536">
     <span class='ocr_line' id='line_1_87' title="bbox 198 4463 1833 4536; baseline -0.001 -18"><span class='ocrx_word' id='word_1_656' title='bbox 198 4464 262 4536; x_wconf 75' lang='grc' dir='ltr'>ἦν</span> <span class='ocrx_word' id='word_1_657' title='bbox 293 4469 390 4520; x_wconf 78' lang='grc' dir='ltr'>καὶ</span> <span class='ocrx_word' id='word_1_658' title='bbox 421 4465 589 4534; x_wconf 80' lang='grc' dir='ltr'>πολλῇ</span> <span class='ocrx_word' id='word_1_659' title='bbox 623 4463 936 4529; x_wconf 78' lang='grc' dir='ltr'>κατανύξει.</span> <span class='ocrx_word' id='word_1_660' title='bbox 972 4463 1073 4517; x_wconf 82' lang='grc' dir='ltr'>Διά</span> <span class='ocrx_word' id='word_1_661' title='bbox 1107 4463 1266 4517; x_wconf 86' lang='grc' dir='ltr'>τοῦτο</span> <span class='ocrx_word' id='word_1_662' title='bbox 1293 4463 1350 4518; x_wconf 73' lang='grc' dir='ltr'>δὲ</span> <span class='ocrx_word' id='word_1_663' title='bbox 1378 4468 1524 4518; x_wconf 83' lang='grc' dir='ltr'>ποιεῖ</span> <span class='ocrx_word' id='word_1_664' title='bbox 1553 4464 1646 4519; x_wconf 68' lang='lat' dir='ltr'><strong>ui.</strong></span> <span class='ocrx_word' id='word_1_665' title='bbox 1678 4465 1768 4517; x_wconf 82' lang='grc' dir='ltr'>τὸν</span> <span class='ocrx_word' id='word_1_666' title='bbox 1804 4532 1833 4536; x_wconf 36' lang='grc' dir='ltr'><strong>Α</strong></span> 
     </span>
    </p>
   </div>
   <div class='ocr_carea' id='block_1_87' title="bbox 1791 4463 3435 4536">
    <p class='ocr_par' dir='ltr' id='par_1_87' title="bbox 1804 4465 3435 4536">
     <span class='ocr_line' id='line_1_88' title="bbox 1804 4465 3435 4536; baseline 0.009 -22"><span class='ocrx_word' id='word_1_667' title='bbox 1804 4532 1833 4536; x_wconf 35' lang='grc' dir='ltr'><strong>Α</strong></span> <span class='ocrx_word' id='word_1_668' title='bbox 1874 4477 2006 4517; x_wconf 87' lang='lat' dir='ltr'><strong>vero</strong></span> <span class='ocrx_word' id='word_1_669' title='bbox 2053 4478 2219 4529; x_wconf 78' lang='lat' dir='ltr'><strong>nona,</strong></span> <span class='ocrx_word' id='word_1_670' title='bbox 2259 4479 2383 4518; x_wconf 89' lang='lat' dir='ltr'><strong>cum</strong></span> <span class='ocrx_word' id='word_1_671' title='bbox 2443 4465 2654 4519; x_wconf 85' lang='lat' dir='ltr'><strong>scilicet</strong></span> <span class='ocrx_word' id='word_1_672' title='bbox 2692 4466 2802 4532; x_wconf 92' lang='lat' dir='ltr'><strong>ille,</strong></span> <span class='ocrx_word' id='word_1_673' title='bbox 2843 4468 3085 4524; x_wconf 84' lang='lat' dir='ltr'><strong>dimissis</strong></span> <span class='ocrx_word' id='word_1_674' title='bbox 3146 4473 3330 4536; x_wconf 88' lang='lat' dir='ltr'><strong>curis,</strong></span> <span class='ocrx_word' id='word_1_675' title='bbox 3382 4476 3435 4530; x_wconf 93' lang='lat' dir='ltr'><strong>iu</strong></span> 
     </span>
    </p>
   </div>
   <div class='ocr_carea' id='block_1_88' title="bbox 200 4532 1844 4628">
    <p class='ocr_par' dir='ltr' id='par_1_88' title="bbox 200 4532 1844 4628">
     <span class='ocr_line' id='line_1_89' title="bbox 200 4532 1844 4628; baseline -0.003 -16"><span class='ocrx_word' id='word_1_676' title='bbox 200 4532 365 4624; x_wconf 70' lang='grc' dir='ltr'>ἀνδρα</span> <span class='ocrx_word' id='word_1_677' title='bbox 396 4532 675 4628; x_wconf 76' lang='grc' dir='ltr'>γνώριμον</span> <span class='ocrx_word' id='word_1_678' title='bbox 701 4559 792 4610; x_wconf 70' lang='grc' dir='ltr'>καὶ</span> <span class='ocrx_word' id='word_1_679' title='bbox 816 4557 977 4625; x_wconf 75' lang='grc' dir='ltr'>δῆλον</span> <span class='ocrx_word' id='word_1_680' title='bbox 1003 4559 1031 4610; x_wconf 86' lang='grc' dir='ltr'><strong>ὁ</strong></span> <span class='ocrx_word' id='word_1_681' title='bbox 1062 4557 1433 4625; x_wconf 75' lang='grc' dir='ltr'>συγγραφεὺς,</span> <span class='ocrx_word' id='word_1_682' title='bbox 1467 4557 1550 4610; x_wconf 81' lang='grc' dir='ltr'>ἵνα</span> <span class='ocrx_word' id='word_1_683' title='bbox 1585 4559 1659 4627; x_wconf 83' lang='grc' dir='ltr'>μή</span> <span class='ocrx_word' id='word_1_684' title='bbox 1689 4573 1769 4619; x_wconf 89' lang='grc' dir='ltr'><strong>τις</strong></span> <span class='ocrx_word' id='word_1_685' title='bbox 1803 4532 1844 4587; x_wconf 76' lang='lat' dir='ltr'><strong>D</strong></span> 
     </span>
    </p>
   </div>
   <div class='ocr_carea' id='block_1_89' title="bbox 1793 4532 3437 4628">
    <p class='ocr_par' dir='ltr' id='par_1_89' title="bbox 1803 4532 3437 4625">
     <span class='ocr_line' id='line_1_90' title="bbox 1803 4532 3437 4625; baseline 0.007 -20"><span class='ocrx_word' id='word_1_686' title='bbox 1803 4532 1844 4587; x_wconf 71' lang='grc' dir='ltr'><strong>θ</strong></span> <span class='ocrx_word' id='word_1_687' title='bbox 1879 4552 2048 4607; x_wconf 85' lang='lat' dir='ltr'><strong>multa</strong></span> <span class='ocrx_word' id='word_1_688' title='bbox 2081 4551 2242 4623; x_wconf 56' lang='grc' dir='ltr'><strong>πε</strong></span> <span class='ocrx_word' id='word_1_689' title='bbox 2277 4554 2695 4622; x_wconf 89' lang='lat' dir='ltr'><strong>compunctione</strong></span> <span class='ocrx_word' id='word_1_690' title='bbox 2725 4557 3064 4625; x_wconf 83' lang='lat' dir='ltr'><strong>quiescebat.</strong></span> <span class='ocrx_word' id='word_1_691' title='bbox 3084 4560 3297 4618; x_wconf 88' lang='lat' dir='ltr'><strong>Idcirco</strong></span> <span class='ocrx_word' id='word_1_692' title='bbox 3311 4532 3437 4618; x_wconf 74' lang='lat' dir='ltr'><strong>vero</strong></span> 
     </span>
    </p>
   </div>
   <div class='ocr_carea' id='block_1_90' title="bbox 203 4628 1847 4726">
    <p class='ocr_par' dir='ltr' id='par_1_90' title="bbox 203 4646 1775 4718">
     <span class='ocr_line' id='line_1_91' title="bbox 203 4646 1775 4718; baseline -0.002 -17"><span class='ocrx_word' id='word_1_693' title='bbox 203 4651 351 4718; x_wconf 76' lang='grc' dir='ltr'>εῐπῃ,</span> <span class='ocrx_word' id='word_1_694' title='bbox 382 4649 462 4701; x_wconf 80' lang='grc' dir='ltr'>ὅτι</span> <span class='ocrx_word' id='word_1_695' title='bbox 487 4648 776 4717; x_wconf 80' lang='grc' dir='ltr'>ψεύδεται·</span> <span class='ocrx_word' id='word_1_696' title='bbox 799 4647 879 4700; x_wconf 81' lang='grc' dir='ltr'>διὸ</span> <span class='ocrx_word' id='word_1_697' title='bbox 901 4649 996 4699; x_wconf 78' lang='grc' dir='ltr'>καὶ</span> <span class='ocrx_word' id='word_1_698' title='bbox 1022 4648 1123 4715; x_wconf 81' lang='grc' dir='ltr'>τὴν</span> <span class='ocrx_word' id='word_1_699' title='bbox 1141 4647 1297 4711; x_wconf 81' lang='grc' dir='ltr'>ἀξίαν</span> <span class='ocrx_word' id='word_1_700' title='bbox 1319 4646 1606 4717; x_wconf 73' lang='grc' dir='ltr'>ἐδήλωσεν,</span> <span class='ocrx_word' id='word_1_701' title='bbox 1641 4664 1659 4696; x_wconf 83' lang='grc' dir='ltr'><strong>ι</strong></span> <span class='ocrx_word' id='word_1_702' title='bbox 1681 4646 1775 4698; x_wconf 80' lang='grc' dir='ltr'>Ἐκ</span> 
     </span>
    </p>
   </div>
   <div class='ocr_carea' id='block_1_91' title="bbox 1794 4628 3438 4726">
    <p class='ocr_par' dir='ltr' id='par_1_91' title="bbox 1874 4628 3438 4726">
     <span class='ocr_line' id='line_1_92' title="bbox 1874 4628 3438 4726; baseline 0.009 -28"><span class='ocrx_word' id='word_1_703' title='bbox 1874 4653 2063 4699; x_wconf 88' lang='lat' dir='ltr'><strong>notum</strong></span> <span class='ocrx_word' id='word_1_704' title='bbox 2093 4645 2366 4700; x_wconf 85' lang='lat' dir='ltr'><strong>hominem</strong></span> <span class='ocrx_word' id='word_1_705' title='bbox 2397 4645 2544 4699; x_wconf 89' lang='lat' dir='ltr'><strong>illum</strong></span> <span class='ocrx_word' id='word_1_706' title='bbox 2570 4646 2699 4701; x_wconf 83' lang='lat' dir='ltr'><strong>facit</strong></span> <span class='ocrx_word' id='word_1_707' title='bbox 2736 4628 2893 4703; x_wconf 53' lang='lat' dir='ltr'><strong>sieer</strong></span> <span class='ocrx_word' id='word_1_708' title='bbox 2919 4651 3171 4722; x_wconf 87' lang='lat' dir='ltr'><strong>scriptor,</strong></span> <span class='ocrx_word' id='word_1_709' title='bbox 3207 4671 3275 4709; x_wconf 90' lang='lat' dir='ltr'><strong>ne</strong></span> <span class='ocrx_word' id='word_1_710' title='bbox 3317 4659 3438 4726; x_wconf 87' lang='lat' dir='ltr'><strong>quis</strong></span> 
     </span>
    </p>
   </div>
   <div class='ocr_carea' id='block_1_92' title="bbox 201 4733 1845 4813">
    <p class='ocr_par' dir='ltr' id='par_1_92' title="bbox 201 4736 1775 4809">
     <span class='ocr_line' id='line_1_93' title="bbox 201 4736 1775 4809; baseline -0.002 -17"><span class='ocrx_word' id='word_1_711' title='bbox 201 4743 457 4809; x_wconf 78' lang='grc' dir='ltr'>σπείρης,</span> <span class='ocrx_word' id='word_1_712' title='bbox 485 4738 678 4801; x_wconf 87' lang='grc' dir='ltr'>εἰπὼν,</span> <span class='ocrx_word' id='word_1_713' title='bbox 721 4738 1069 4808; x_wconf 79' lang='grc' dir='ltr'>καλουμένης</span> <span class='ocrx_word' id='word_1_714' title='bbox 1099 4738 1390 4808; x_wconf 81' lang='grc' dir='ltr'>Ἰταλικῆς.</span> <span class='ocrx_word' id='word_1_715' title='bbox 1428 4756 1446 4788; x_wconf 70' lang='grc' dir='ltr'>ι</span> <span class='ocrx_word' id='word_1_716' title='bbox 1481 4740 1686 4807; x_wconf 84' lang='grc' dir='ltr'>Σπεϊρα</span> <span class='ocrx_word' id='word_1_717' title='bbox 1718 4736 1775 4789; x_wconf 78' lang='grc' dir='ltr'>δέ</span> 
     </span>
    </p>
   </div>
   <div class='ocr_carea' id='block_1_93' title="bbox 1793 4733 3437 4813">
    <p class='ocr_par' dir='ltr' id='par_1_93' title="bbox 1874 4733 3437 4813">
     <span class='ocr_line' id='line_1_94' title="bbox 1874 4733 3437 4813; baseline 0.008 -27"><span class='ocrx_word' id='word_1_718' title='bbox 1874 4734 2051 4803; x_wconf 84' lang='lat' dir='ltr'><strong>ipsum</strong></span> <span class='ocrx_word' id='word_1_719' title='bbox 2077 4733 2295 4788; x_wconf 87' lang='lat' dir='ltr'><strong>mentiri</strong></span> <span class='ocrx_word' id='word_1_720' title='bbox 2317 4742 2552 4803; x_wconf 85' lang='lat' dir='ltr'><strong>putaret.</strong></span> <span class='ocrx_word' id='word_1_721' title='bbox 2598 4735 2729 4790; x_wconf 88' lang='lat' dir='ltr'><strong>Inde</strong></span> <span class='ocrx_word' id='word_1_722' title='bbox 2751 4738 2914 4792; x_wconf 84' lang='lat' dir='ltr'><strong>etiam</strong></span> <span class='ocrx_word' id='word_1_723' title='bbox 2957 4741 3103 4796; x_wconf 79' lang='lat' dir='ltr'><strong>illius</strong></span> <span class='ocrx_word' id='word_1_724' title='bbox 3119 4743 3437 4813; x_wconf 80' lang='lat' dir='ltr'><strong>dignitatem</strong></span> 
     </span>
    </p>
   </div>
   <div class='ocr_carea' id='block_1_94' title="bbox 201 4823 1845 4900">
    <p class='ocr_par' dir='ltr' id='par_1_94' title="bbox 201 4828 1774 4900">
     <span class='ocr_line' id='line_1_95' title="bbox 201 4828 1774 4900; baseline -0.003 -17"><span class='ocrx_word' id='word_1_725' title='bbox 201 4834 346 4883; x_wconf 76' lang='grc' dir='ltr'>ἐστιν</span> <span class='ocrx_word' id='word_1_726' title='bbox 377 4830 405 4882; x_wconf 83' lang='grc' dir='ltr'><strong>ὃ</strong></span> <span class='ocrx_word' id='word_1_727' title='bbox 435 4828 709 4898; x_wconf 80' lang='grc' dir='ltr'>καλοῦμεν</span> <span class='ocrx_word' id='word_1_728' title='bbox 744 4828 836 4882; x_wconf 79' lang='grc' dir='ltr'><strong>νῦν</strong></span> <span class='ocrx_word' id='word_1_729' title='bbox 860 4829 1164 4899; x_wconf 87' lang='grc' dir='ltr'>Νούμερον.</span> <span class='ocrx_word' id='word_1_730' title='bbox 1196 4847 1215 4880; x_wconf 77' lang='grc' dir='ltr'><strong>ε</strong></span> <span class='ocrx_word' id='word_1_731' title='bbox 1247 4829 1774 4900; x_wconf 80' lang='grc' dir='ltr'>Παρασκευαζόντων</span> 
     </span>
    </p>
   </div>
   <div class='ocr_carea' id='block_1_95' title="bbox 1794 4823 3438 4900">
    <p class='ocr_par' dir='ltr' id='par_1_95' title="bbox 1873 4823 3438 4893">
     <span class='ocr_line' id='line_1_96' title="bbox 1873 4823 3438 4893; baseline 0.008 -15"><span class='ocrx_word' id='word_1_732' title='bbox 1873 4823 2208 4889; x_wconf 80' lang='lat' dir='ltr'><strong>manifestat,</strong></span> <span class='ocrx_word' id='word_1_733' title='bbox 2244 4824 2458 4888; x_wconf 83' lang='lat' dir='ltr'><strong>dicens,</strong></span> <span class='ocrx_word' id='word_1_734' title='bbox 2491 4826 2638 4893; x_wconf 80' lang='lat' dir='ltr'><strong>quod</strong></span> <span class='ocrx_word' id='word_1_735' title='bbox 2666 4837 2811 4882; x_wconf 86' lang='lat' dir='ltr'><strong>esset</strong></span> <span class='ocrx_word' id='word_1_736' title='bbox 2846 4846 2866 4880; x_wconf 81' lang='grc' dir='ltr'><strong>ι</strong></span> <span class='ocrx_word' id='word_1_737' title='bbox 2902 4830 3165 4887; x_wconf 79' lang='lat' dir='ltr'><strong>Centurio</strong></span> <span class='ocrx_word' id='word_1_738' title='bbox 3193 4836 3438 4891; x_wconf 87' lang='lat' dir='ltr'><strong>cohortis</strong></span> 
     </span>
    </p>
   </div>
   <div class='ocr_carea' id='block_1_96' title="bbox 199 4915 1843 4994">
    <p class='ocr_par' dir='ltr' id='par_1_96' title="bbox 199 4919 1776 4992">
     <span class='ocr_line' id='line_1_97' title="bbox 199 4919 1776 4992; baseline -0.001 -17"><span class='ocrx_word' id='word_1_739' title='bbox 199 4924 274 4976; x_wconf 76' lang='grc' dir='ltr'><strong>δέ.</strong></span> <span class='ocrx_word' id='word_1_740' title='bbox 306 4944 325 4974; x_wconf 73' lang='grc' dir='ltr'>ι</span> <span class='ocrx_word' id='word_1_741' title='bbox 382 4924 445 4976; x_wconf 82' lang='grc' dir='ltr'><strong>Ἠ</strong></span> <span class='ocrx_word' id='word_1_742' title='bbox 499 4921 757 4986; x_wconf 81' lang='grc' dir='ltr'>ἔκστασις</span> <span class='ocrx_word' id='word_1_743' title='bbox 809 4923 981 4991; x_wconf 87' lang='grc' dir='ltr'>δηλοῖ,</span> <span class='ocrx_word' id='word_1_744' title='bbox 1036 4922 1131 4976; x_wconf 80' lang='grc' dir='ltr'>καὶ</span> <span class='ocrx_word' id='word_1_745' title='bbox 1170 4923 1270 4991; x_wconf 77' lang='grc' dir='ltr'><strong>τὴν</strong></span> <span class='ocrx_word' id='word_1_746' title='bbox 1317 4923 1409 4976; x_wconf 73' lang='grc' dir='ltr'><strong>ἐπὶ</strong></span> <span class='ocrx_word' id='word_1_747' title='bbox 1465 4919 1776 4992; x_wconf 85' lang='grc' dir='ltr'>θαυμασμῷ</span> 
     </span>
    </p>
   </div>
   <div class='ocr_carea' id='block_1_97' title="bbox 1795 4915 3439 4994">
    <p class='ocr_par' dir='ltr' id='par_1_97' title="bbox 1873 4915 3439 4994">
     <span class='ocr_line' id='line_1_98' title="bbox 1873 4915 3439 4994; baseline 0.008 -24"><span class='ocrx_word' id='word_1_748' title='bbox 1873 4931 1993 4984; x_wconf 72' lang='lat' dir='ltr'><strong>qua:</strong></span> <span class='ocrx_word' id='word_1_749' title='bbox 2009 4915 2210 4972; x_wconf 86' lang='lat' dir='ltr'><strong>dicitur</strong></span> <span class='ocrx_word' id='word_1_750' title='bbox 2240 4916 2449 4976; x_wconf 79' lang='lat' dir='ltr'><strong>Italica.</strong></span> <span class='ocrx_word' id='word_1_751' title='bbox 2486 4935 2505 4969; x_wconf 74' lang='grc' dir='ltr'>ι</span> <span class='ocrx_word' id='word_1_752' title='bbox 2541 4917 2747 4973; x_wconf 85' lang='lat' dir='ltr'><strong>Cohors</strong></span> <span class='ocrx_word' id='word_1_753' title='bbox 2769 4929 2950 4976; x_wconf 88' lang='lat' dir='ltr'><strong>autem</strong></span> <span class='ocrx_word' id='word_1_754' title='bbox 2979 4931 3086 4989; x_wconf 90' lang='lat' dir='ltr'><strong>est,</strong></span> <span class='ocrx_word' id='word_1_755' title='bbox 3112 4931 3274 4994; x_wconf 85' lang='lat' dir='ltr'><strong>quam</strong></span> <span class='ocrx_word' id='word_1_756' title='bbox 3295 4943 3439 4982; x_wconf 84' lang='lat' dir='ltr'><strong>nunc</strong></span> 
     </span>
    </p>
   </div>
   <div class='ocr_carea' id='block_1_98' title="bbox 206 5007 1850 5086">
    <p class='ocr_par' dir='ltr' id='par_1_98' title="bbox 206 5013 1775 5086">
     <span class='ocr_line' id='line_1_99' title="bbox 206 5013 1775 5086; baseline 0.002 -21"><span class='ocrx_word' id='word_1_757' title='bbox 206 5015 490 5080; x_wconf 69' lang='grc' dir='ltr'>ἔκπληξιν,</span> <span class='ocrx_word' id='word_1_758' title='bbox 536 5014 628 5066; x_wconf 80' lang='grc' dir='ltr'>καὶ</span> <span class='ocrx_word' id='word_1_759' title='bbox 673 5013 734 5066; x_wconf 74' lang='grc' dir='ltr'><strong>τὸ</strong></span> <span class='ocrx_word' id='word_1_760' title='bbox 764 5013 868 5078; x_wconf 75' lang='grc' dir='ltr'><strong>ἔξω</strong></span> <span class='ocrx_word' id='word_1_761' title='bbox 901 5014 1007 5066; x_wconf 83' lang='grc' dir='ltr'><strong>τῶν</strong></span> <span class='ocrx_word' id='word_1_762' title='bbox 1037 5015 1312 5083; x_wconf 72' lang='grc' dir='ltr'>αἰσθητῶν</span> <span class='ocrx_word' id='word_1_763' title='bbox 1351 5014 1648 5086; x_wconf 78' lang='grc' dir='ltr'>[γενέσθαι]</span> <span class='ocrx_word' id='word_1_764' title='bbox 1682 5016 1775 5068; x_wconf 72' lang='grc' dir='ltr'><strong>ἐπὶ</strong></span> 
     </span>
    </p>
   </div>
   <div class='ocr_carea' id='block_1_99' title="bbox 1796 5007 3440 5086">
    <p class='ocr_par' dir='ltr' id='par_1_99' title="bbox 1875 5007 3440 5071">
     <span class='ocr_line' id='line_1_100' title="bbox 1875 5007 3440 5071; baseline 0.006 -11"><span class='ocrx_word' id='word_1_765' title='bbox 1875 5007 2170 5062; x_wconf 84' lang='lat' dir='ltr'><strong>Numerum</strong></span> <span class='ocrx_word' id='word_1_766' title='bbox 2202 5022 2483 5062; x_wconf 86' lang='lat' dir='ltr'><strong>vocamus.</strong></span> <span class='ocrx_word' id='word_1_767' title='bbox 2527 5027 2545 5058; x_wconf 78' lang='grc' dir='ltr'>σ</span> <span class='ocrx_word' id='word_1_768' title='bbox 2581 5009 2906 5066; x_wconf 73' lang='lat' dir='ltr'><strong>Pan-antibus</strong></span> <span class='ocrx_word' id='word_1_769' title='bbox 2952 5025 3152 5068; x_wconf 83' lang='lat' dir='ltr'><strong>autem.</strong></span> <span class='ocrx_word' id='word_1_770' title='bbox 3192 5034 3209 5065; x_wconf 78' lang='grc' dir='ltr'>ι</span> <span class='ocrx_word' id='word_1_771' title='bbox 3247 5015 3440 5071; x_wconf 77' lang='lat' dir='ltr'><strong>Mentis</strong></span> 
     </span>
    </p>
   </div>
   <div class='ocr_carea' id='block_1_100' title="bbox 206 5099 1850 5177">
    <p class='ocr_par' dir='ltr' id='par_1_100' title="bbox 206 5101 1774 5171">
     <span class='ocr_line' id='line_1_101' title="bbox 206 5101 1774 5171; baseline -0.003 -17"><span class='ocrx_word' id='word_1_772' title='bbox 206 5105 271 5154; x_wconf 75' lang='grc' dir='ltr'>τὰ</span> <span class='ocrx_word' id='word_1_773' title='bbox 309 5101 660 5171; x_wconf 69' lang='grc' dir='ltr'>πνευματικά</span> <span class='ocrx_word' id='word_1_774' title='bbox 702 5102 1108 5171; x_wconf 67' lang='grc' dir='ltr'>ποδηγούμενω</span> <span class='ocrx_word' id='word_1_775' title='bbox 1127 5103 1194 5154; x_wconf 87' lang='grc'><strong>⁸⁷.</strong></span> <span class='ocrx_word' id='word_1_776' title='bbox 1236 5103 1331 5154; x_wconf 81' lang='grc' dir='ltr'>Ἐκ</span> <span class='ocrx_word' id='word_1_777' title='bbox 1378 5101 1570 5153; x_wconf 86' lang='grc' dir='ltr'>τούτου</span> <span class='ocrx_word' id='word_1_778' title='bbox 1598 5102 1774 5168; x_wconf 76' lang='grc' dir='ltr'>δῆλον,</span> 
     </span>
    </p>
   </div>
   <div class='ocr_carea' id='block_1_101' title="bbox 1791 5099 3435 5177">
    <p class='ocr_par' dir='ltr' id='par_1_101' title="bbox 1874 5099 3435 5177">
     <span class='ocr_line' id='line_1_102' title="bbox 1874 5099 3435 5177; baseline 0.006 -24"><span class='ocrx_word' id='word_1_779' title='bbox 1874 5113 2156 5163; x_wconf 84' lang='lat' dir='ltr'><strong>excessus,</strong></span> <span class='ocrx_word' id='word_1_780' title='bbox 2188 5114 2286 5153; x_wconf 88' lang='lat' dir='ltr'><strong>seu</strong></span> <span class='ocrx_word' id='word_1_781' title='bbox 2315 5099 2518 5153; x_wconf 71' lang='lat' dir='ltr'><strong>extasis</strong></span> <span class='ocrx_word' id='word_1_782' title='bbox 2551 5100 2820 5170; x_wconf 88' lang='lat' dir='ltr'><strong>signiﬁcat</strong></span> <span class='ocrx_word' id='word_1_783' title='bbox 2850 5111 2963 5155; x_wconf 89' lang='lat' dir='ltr'><strong>tum</strong></span> <span class='ocrx_word' id='word_1_784' title='bbox 3015 5113 3294 5174; x_wconf 86' lang='lat' dir='ltr'><strong>stuporem</strong></span> <span class='ocrx_word' id='word_1_785' title='bbox 3345 5111 3435 5177; x_wconf 90' lang='lat' dir='ltr'><strong>qui</strong></span> 
     </span>
    </p>
   </div>
   <div class='ocr_carea' id='block_1_102' title="bbox 204 5189 1848 5264">
    <p class='ocr_par' dir='ltr' id='par_1_102' title="bbox 204 5189 1772 5261">
     <span class='ocr_line' id='line_1_103' title="bbox 204 5189 1772 5261; baseline 0 -19"><span class='ocrx_word' id='word_1_786' title='bbox 204 5194 282 5242; x_wconf 73' lang='grc' dir='ltr'><strong>ὅτι</strong></span> <span class='ocrx_word' id='word_1_787' title='bbox 317 5189 708 5258; x_wconf 80' lang='grc' dir='ltr'>πνευματικῶς</span> <span class='ocrx_word' id='word_1_788' title='bbox 752 5191 954 5243; x_wconf 76' lang='grc' dir='ltr'>ὡσανεὶ</span> <span class='ocrx_word' id='word_1_789' title='bbox 1006 5193 1229 5258; x_wconf 82' lang='grc' dir='ltr'>γέγονεν</span> <span class='ocrx_word' id='word_1_790' title='bbox 1287 5190 1553 5261; x_wconf 77' lang='grc' dir='ltr'>ἡθεωρία</span> <span class='ocrx_word' id='word_1_791' title='bbox 1605 5189 1772 5260; x_wconf 78' lang='grc' dir='ltr'>αὐτῷ.</span> 
     </span>
    </p>
   </div>
   <div class='ocr_carea' id='block_1_103' title="bbox 1796 5189 3440 5264">
    <p class='ocr_par' dir='ltr' id='par_1_103' title="bbox 1873 5191 3440 5264">
     <span class='ocr_line' id='line_1_104' title="bbox 1873 5191 3440 5264; baseline 0.006 -22"><span class='ocrx_word' id='word_1_792' title='bbox 1873 5206 1936 5243; x_wconf 91' lang='lat' dir='ltr'><strong>ex</strong></span> <span class='ocrx_word' id='word_1_793' title='bbox 1965 5191 2327 5245; x_wconf 87' lang='lat' dir='ltr'><strong>admiratione</strong></span> <span class='ocrx_word' id='word_1_794' title='bbox 2359 5191 2640 5261; x_wconf 74' lang='lat' dir='ltr'><strong>contingit,</strong></span> <span class='ocrx_word' id='word_1_795' title='bbox 2670 5203 2781 5246; x_wconf 93' lang='lat' dir='ltr'><strong>tum</strong></span> <span class='ocrx_word' id='word_1_796' title='bbox 2815 5205 3028 5264; x_wconf 83' lang='lat' dir='ltr'><strong>raptum</strong></span> <span class='ocrx_word' id='word_1_797' title='bbox 3073 5206 3224 5251; x_wconf 86' lang='lat' dir='ltr'><strong>extra</strong></span> <span class='ocrx_word' id='word_1_798' title='bbox 3257 5203 3440 5254; x_wconf 52' lang='lat' dir='ltr'><strong>sensi-</strong></span> 
     </span>
    </p>
   </div>
   <div class='ocr_carea' id='block_1_104' title="bbox 204 5279 1848 5360">
    <p class='ocr_par' dir='ltr' id='par_1_104' title="bbox 204 5279 1775 5352">
     <span class='ocr_line' id='line_1_105' title="bbox 204 5279 1775 5352; baseline 0.001 -22"><span class='ocrx_word' id='word_1_799' title='bbox 204 5281 310 5332; x_wconf 78' lang='grc' dir='ltr'>Τοῦ</span> <span class='ocrx_word' id='word_1_800' title='bbox 351 5279 624 5349; x_wconf 66' lang='grc' dir='ltr'>σώματος,</span> <span class='ocrx_word' id='word_1_801' title='bbox 656 5281 804 5332; x_wconf 74' lang='grc' dir='ltr'>ὼσὰν</span> <span class='ocrx_word' id='word_1_802' title='bbox 847 5283 989 5334; x_wconf 74' lang='grc' dir='ltr'>εἴποι</span> <span class='ocrx_word' id='word_1_803' title='bbox 1028 5299 1135 5345; x_wconf 87' lang='grc' dir='ltr'>τις,</span> <span class='ocrx_word' id='word_1_804' title='bbox 1170 5281 1360 5351; x_wconf 73' lang='grc' dir='ltr'>ὲξέστη</span> <span class='ocrx_word' id='word_1_805' title='bbox 1397 5284 1430 5352; x_wconf 81' lang='grc' dir='ltr'>ἡ</span> <span class='ocrx_word' id='word_1_806' title='bbox 1477 5282 1642 5352; x_wconf 73' lang='grc' dir='ltr'>ψυχὴ,</span> <span class='ocrx_word' id='word_1_807' title='bbox 1683 5282 1775 5333; x_wconf 78' lang='grc' dir='ltr'>καὶ</span> 
     </span>
    </p>
   </div>
   <div class='ocr_carea' id='block_1_105' title="bbox 1794 5279 3438 5360">
    <p class='ocr_par' dir='ltr' id='par_1_105' title="bbox 1877 5282 3438 5360">
     <span class='ocr_line' id='line_1_106' title="bbox 1877 5282 3438 5360; baseline 0.006 -26"><span class='ocrx_word' id='word_1_808' title='bbox 1877 5282 2005 5335; x_wconf 90' lang='lat' dir='ltr'><strong>bilia</strong></span> <span class='ocrx_word' id='word_1_809' title='bbox 2041 5291 2095 5336; x_wconf 89' lang='lat' dir='ltr'><strong>et</strong></span> <span class='ocrx_word' id='word_1_810' title='bbox 2132 5283 2200 5335; x_wconf 91' lang='lat' dir='ltr'><strong>ad</strong></span> <span class='ocrx_word' id='word_1_811' title='bbox 2237 5283 2544 5351; x_wconf 83' lang='lat' dir='ltr'><strong>spiritualia</strong></span> <span class='ocrx_word' id='word_1_812' title='bbox 2578 5286 3018 5340; x_wconf 85' lang='lat' dir='ltr'><strong>translationem.</strong></span> <span class='ocrx_word' id='word_1_813' title='bbox 3048 5287 3120 5340; x_wconf 84' lang='lat' dir='ltr'><strong>Ex</strong></span> <span class='ocrx_word' id='word_1_814' title='bbox 3170 5304 3280 5358; x_wconf 90' lang='lat' dir='ltr'><strong>quo</strong></span> <span class='ocrx_word' id='word_1_815' title='bbox 3312 5305 3438 5360; x_wconf 85' lang='lat' dir='ltr'><strong>per-</strong></span> 
     </span>
    </p>
   </div>
   <div class='ocr_carea' id='block_1_106' title="bbox 205 5371 1849 5446">
    <p class='ocr_par' dir='ltr' id='par_1_106' title="bbox 205 5371 1768 5444">
     <span class='ocr_line' id='line_1_107' title="bbox 205 5371 1768 5444; baseline 0.002 -23"><span class='ocrx_word' id='word_1_816' title='bbox 205 5372 402 5438; x_wconf 69' lang='grc' dir='ltr'>θςωρεῐ</span> <span class='ocrx_word' id='word_1_817' title='bbox 433 5371 702 5437; x_wconf 57' lang='grc' dir='ltr'>σύμϐολον</span> <span class='ocrx_word' id='word_1_818' title='bbox 729 5373 827 5439; x_wconf 77' lang='grc' dir='ltr'>τῆς</span> <span class='ocrx_word' id='word_1_819' title='bbox 867 5373 1195 5442; x_wconf 77' lang='grc' dir='ltr'>οἰκουμένης</span> <span class='ocrx_word' id='word_1_820' title='bbox 1229 5376 1410 5442; x_wconf 82' lang='grc' dir='ltr'>πάσης</span> <span class='ocrx_word' id='word_1_821' title='bbox 1447 5376 1768 5444; x_wconf 68' lang='grc' dir='ltr'>ἀκρότατον,</span> 
     </span>
    </p>
   </div>
   <div class='ocr_carea' id='block_1_107' title="bbox 1794 5371 3438 5446">
    <p class='ocr_par' dir='ltr' id='par_1_107' title="bbox 1877 5374 3438 5446">
     <span class='ocr_line' id='line_1_108' title="bbox 1877 5374 3438 5446; baseline 0.005 -20"><span class='ocrx_word' id='word_1_822' title='bbox 1877 5375 2129 5442; x_wconf 86' lang='lat' dir='ltr'><strong>spicuum</strong></span> <span class='ocrx_word' id='word_1_823' title='bbox 2160 5374 2240 5438; x_wconf 90' lang='lat' dir='ltr'><strong>ﬁt,</strong></span> <span class='ocrx_word' id='word_1_824' title='bbox 2289 5374 2628 5443; x_wconf 84' lang='lat' dir='ltr'><strong>spiritualem</strong></span> <span class='ocrx_word' id='word_1_825' title='bbox 2683 5378 2758 5430; x_wconf 91' lang='lat' dir='ltr'><strong>illi</strong></span> <span class='ocrx_word' id='word_1_826' title='bbox 2804 5379 3097 5446; x_wconf 75' lang='lat' dir='ltr'><strong>contigisse</strong></span> <span class='ocrx_word' id='word_1_827' title='bbox 3154 5381 3438 5444; x_wconf 85' lang='lat' dir='ltr'><strong>visionem,</strong></span> 
     </span>
    </p>
   </div>
   <div class='ocr_carea' id='block_1_108' title="bbox 208 5462 1852 5540">
    <p class='ocr_par' dir='ltr' id='par_1_108' title="bbox 208 5462 1772 5534">
     <span class='ocr_line' id='line_1_109' title="bbox 208 5462 1772 5534; baseline 0.002 -22"><span class='ocrx_word' id='word_1_828' title='bbox 208 5463 301 5526; x_wconf 72' lang='grc' dir='ltr'>τὴν</span> <span class='ocrx_word' id='word_1_829' title='bbox 335 5462 528 5525; x_wconf 66' lang='grc' dir='ltr'>ὀθόνην</span> <span class='ocrx_word' id='word_1_830' title='bbox 558 5462 790 5530; x_wconf 79' lang='grc' dir='ltr'>εκείνην.</span> <span class='ocrx_word' id='word_1_831' title='bbox 824 5465 888 5514; x_wconf 79' lang='lat' dir='ltr'><strong>Al</strong></span> <span class='ocrx_word' id='word_1_832' title='bbox 922 5464 1189 5532; x_wconf 73' lang='grc' dir='ltr'>τέσσαρες</span> <span class='ocrx_word' id='word_1_833' title='bbox 1220 5465 1385 5533; x_wconf 75' lang='grc' dir='ltr'>ἀρχαὶ</span> <span class='ocrx_word' id='word_1_834' title='bbox 1427 5465 1495 5515; x_wconf 85' lang='grc' dir='ltr'>τὰ</span> <span class='ocrx_word' id='word_1_835' title='bbox 1531 5465 1772 5534; x_wconf 78' lang='grc' dir='ltr'>τέσσαρα</span> 
     </span>
    </p>
   </div>
   <div class='ocr_carea' id='block_1_109' title="bbox 1796 5462 3440 5540">
    <p class='ocr_par' dir='ltr' id='par_1_109' title="bbox 1881 5465 3440 5540">
     <span class='ocr_line' id='line_1_110' title="bbox 1881 5465 3440 5540; baseline 0.004 -24"><span class='ocrx_word' id='word_1_836' title='bbox 1881 5472 2042 5534; x_wconf 79' lang='lat' dir='ltr'><strong>atque</strong></span> <span class='ocrx_word' id='word_1_837' title='bbox 2074 5465 2208 5518; x_wconf 86' lang='lat' dir='ltr'><strong>adeo</strong></span> <span class='ocrx_word' id='word_1_838' title='bbox 2242 5466 2477 5518; x_wconf 88' lang='lat' dir='ltr'><strong>animam</strong></span> <span class='ocrx_word' id='word_1_839' title='bbox 2518 5469 2636 5537; x_wconf 84' lang='lat' dir='ltr'><strong>ejus</strong></span> <span class='ocrx_word' id='word_1_840' title='bbox 2691 5469 3090 5534; x_wconf 88' lang='lat' dir='ltr'><strong>quodammodo</strong></span> <span class='ocrx_word' id='word_1_841' title='bbox 3145 5487 3176 5525; x_wconf 87' lang='lat' dir='ltr'><strong>e</strong></span> <span class='ocrx_word' id='word_1_842' title='bbox 3213 5486 3440 5540; x_wconf 86' lang='lat' dir='ltr'><strong>corpore</strong></span> 
     </span>
    </p>
   </div>
   <div class='ocr_carea' id='block_1_110' title="bbox 208 5554 1852 5625">
    <p class='ocr_par' dir='ltr' id='par_1_110' title="bbox 208 5554 1774 5625">
     <span class='ocr_line' id='line_1_111' title="bbox 208 5554 1774 5625; baseline 0.003 -21"><span class='ocrx_word' id='word_1_843' title='bbox 208 5559 449 5623; x_wconf 79' lang='grc' dir='ltr'>στοιχεῖα</span> <span class='ocrx_word' id='word_1_844' title='bbox 476 5554 691 5622; x_wconf 74' lang='grc' dir='ltr'>δηλοῦσι</span> <span class='ocrx_word' id='word_1_845' title='bbox 715 5572 727 5584; x_wconf 76' lang='grc'>⁶</span> <span class='ocrx_word' id='word_1_846' title='bbox 753 5555 812 5607; x_wconf 72' lang='grc' dir='ltr'><strong>τὸ</strong></span> <span class='ocrx_word' id='word_1_847' title='bbox 837 5557 891 5606; x_wconf 77' lang='grc' dir='ltr'>δὲ</span> <span class='ocrx_word' id='word_1_848' title='bbox 915 5555 1078 5622; x_wconf 72' lang='grc' dir='ltr'>φανὲν</span> <span class='ocrx_word' id='word_1_849' title='bbox 1100 5555 1291 5616; x_wconf 80' lang='grc' dir='ltr'>σκεῦος</span> <span class='ocrx_word' id='word_1_850' title='bbox 1327 5556 1418 5608; x_wconf 66' lang='grc' dir='ltr'>τὶν</span> <span class='ocrx_word' id='word_1_851' title='bbox 1470 5557 1774 5625; x_wconf 81' lang='grc' dir='ltr'>παχύτερον</span> 
     </span>
    </p>
   </div>
   <div class='ocr_carea' id='block_1_111' title="bbox 1798 5554 3442 5625">
    <p class='ocr_par' dir='ltr' id='par_1_111' title="bbox 1884 5558 3442 5619">
     <span class='ocr_line' id='line_1_112' title="bbox 1884 5558 3442 5619; baseline 0.003 -10"><span class='ocrx_word' id='word_1_852' title='bbox 1884 5558 2202 5611; x_wconf 70' lang='lat' dir='ltr'><strong>excessisse.</strong></span> <span class='ocrx_word' id='word_1_853' title='bbox 2240 5576 2257 5608; x_wconf 78' lang='grc' dir='ltr'><strong>ι</strong></span> <span class='ocrx_word' id='word_1_854' title='bbox 2290 5559 2350 5612; x_wconf 79' lang='lat' dir='ltr'><strong>Et</strong></span> <span class='ocrx_word' id='word_1_855' title='bbox 2375 5559 2527 5613; x_wconf 90' lang='lat' dir='ltr'><strong>vidit.</strong></span> <span class='ocrx_word' id='word_1_856' title='bbox 2563 5579 2581 5612; x_wconf 75' lang='grc' dir='ltr'>ι</span> <span class='ocrx_word' id='word_1_857' title='bbox 2610 5559 2860 5616; x_wconf 81' lang='lat' dir='ltr'><strong>Linteum</strong></span> <span class='ocrx_word' id='word_1_858' title='bbox 2921 5561 3052 5616; x_wconf 91' lang='lat' dir='ltr'><strong>illud</strong></span> <span class='ocrx_word' id='word_1_859' title='bbox 3118 5565 3283 5619; x_wconf 89' lang='lat' dir='ltr'><strong>totius</strong></span> <span class='ocrx_word' id='word_1_860' title='bbox 3326 5566 3442 5617; x_wconf 86' lang='lat' dir='ltr'><strong>uni-</strong></span> 
     </span>
    </p>
   </div>
   <div class='ocr_carea' id='block_1_112' title="bbox 1394 5715 2268 5778">
    <p class='ocr_par' dir='ltr' id='par_1_112' title="bbox 1394 5715 2268 5778">
     <span class='ocr_line' id='line_1_113' title="bbox 1394 5715 2268 5778; baseline 0.001 -3"><span class='ocrx_word' id='word_1_861' title='bbox 1394 5716 1590 5775; x_wconf 75' lang='lat' dir='ltr'><strong>Variee</strong></span> <span class='ocrx_word' id='word_1_862' title='bbox 1627 5715 1927 5778; x_wconf 83' lang='lat' dir='ltr'><strong>lectiones</strong></span> <span class='ocrx_word' id='word_1_863' title='bbox 1973 5722 2032 5776; x_wconf 84' lang='lat' dir='ltr'><strong>et</strong></span> <span class='ocrx_word' id='word_1_864' title='bbox 2078 5725 2268 5777; x_wconf 70' lang='lat' dir='ltr'><strong>natm.</strong></span> 
     </span>
    </p>
   </div>
   <div class='ocr_carea' id='block_1_113' title="bbox 280 5836 1724 5910">
    <p class='ocr_par' dir='ltr' id='par_1_113' title="bbox 280 5836 1724 5910">
     <span class='ocr_line' id='line_1_114' title="bbox 280 5836 1724 5910; baseline 0.001 -19"><span class='ocrx_word' id='word_1_865' title='bbox 280 5837 325 5870; x_wconf 79' lang='grc'><strong>⁸⁵</strong></span> <span class='ocrx_word' id='word_1_866' title='bbox 349 5836 627 5910; x_wconf 69' lang='grc' dir='ltr'>εὺηοείας.</span> <span class='ocrx_word' id='word_1_867' title='bbox 707 5837 752 5871; x_wconf 79' lang='grc'><strong><em>⁵⁸</em></strong></span> <span class='ocrx_word' id='word_1_868' title='bbox 788 5836 1180 5908; x_wconf 70' lang='grc' dir='ltr'>βραϐεύςοντα.</span> <span class='ocrx_word' id='word_1_869' title='bbox 1258 5842 1301 5872; x_wconf 65' lang='grc' dir='ltr'><strong>’τ’</strong></span> <span class='ocrx_word' id='word_1_870' title='bbox 1340 5841 1724 5910; x_wconf 60' lang='grc' dir='ltr'>ὁδηγούμενον.</span> 
     </span>
    </p>
   </div>
  </div>
