4164 6444
213 421 318 484 945

850 417 1386 481 EXPOSITIONIS
1425 419 1506 478 IN
1543 420 1729 480 ACTA
1770 399 2070 478 TEXTUS
2103 417 2372 478 ALTER.
2400 440 2470 454 —
2510 420 2663 480 CAP.
2703 419 2775 478 Χ.

3366 419 3469 481 946

215 538 308 588 καὶ
340 539 470 599 τοὺς
493 534 824 603 ἀναγκαίους
851 537 1060 603 φίλους.
1102 533 1191 598 Ὠς
1221 536 1278 588 δὲ
1317 535 1535 598 ἐγένετο
1564 535 1656 586 τοῦ
1687 535 1772 586 είσ

1899 533 2118 587 troissct
2139 531 2355 597 Petrus,
2394 531 2587 587 obvius
2621 534 2670 588 ei
2698 532 2846 588 venit
2875 533 3184 598 Cornelius,
3205 547 3256 589 et
3289 539 3468 606 proci-

214 627 394 680 ελθεῖν
437 627 534 681 τὸν
574 626 802 693 Πέτρον,
835 627 1174 694 συναντήσας
1221 625 1373 696 αύτῷ
1409 626 1436 676 6
1467 624 1792 696 Κορνήλιος,

213 720 402 771 πεσὼν
433 720 529 772 ἐπὶ
579 720 705 780 τοὺς
748 718 918 780 πόδας
960 716 1128 770 αὐτοῦ
1175 716 1604 786 προσεκύνησεν.
1645 717 1704 769 '0
1735 717 1792 769 δέ

214 815 423 880 Πέτρος
457 813 678 882 ήγειρεν
708 812 871 865 αὐτὸν
922 811 1140 879 λέγων’
1189 811 1510 881 Ἀνάστηθιο
1548 811 1641 862 καὶ
1685 810 1793 881 γάρ

216 905 379 966 αὐτὸς
424 903 538 973 ἐγὼ
592 905 878 972 ἅνθρωπός
929 906 1066 974 είμι.
1123 903 1232 958 Καὶ
1288 903 1591 974 συνομιλῶν
1643 903 1794 974 αύτῷ

215 997 459 1065 εἰσῆλθε,
499 1000 596 1050 καὶ
624 999 868 1067 εὑρίσκει
913 996 1345 1065 συνεληλυθότας
1379 996 1643 1059 πολλούς·
1686 995 1792 1068 ἔφη

210 1104 269 1139 τε
301 1089 442 1157 πρὸς
470 1088 664 1151 αὐτούς
680 1105 694 1120 ’
722 1090 916 1156 Ὑμεῖς
935 1089 1249 1152 ἐπίστασθε,
1272 1090 1346 1152 ὡς
1365 1090 1622 1158 ἀθέμιτόν
1647 1090 1793 1143 ἐστιν

210 1179 373 1248 ἀνδρὶ
405 1181 646 1248 Ἰουδαέῳ
667 1180 960 1234 κολλᾶσθαι
986 1181 1018 1250 ἢ
1048 1180 1447 1250 προσέρχεσθαι
1476 1179 1756 1250 ἀλλοφύλῳ
1774 1195 1788 1208 ⁸

211 1273 306 1324 καὶ
336 1272 466 1340 ἐμοὶ
495 1271 524 1322 6
549 1272 680 1335 Θεὸς
722 1272 911 1335 ἔδειξε,
944 1271 1150 1342 μηδένα
1187 1271 1364 1323 κοινὸν
1399 1270 1431 1340 ἢ
1483 1270 1792 1341 ἀκάθαρτον

211 1361 396 1426 λέγειν
420 1360 708 1431 ἄνθρωπον
725 1377 738 1390 ο
770 1361 852 1413 διὸ
874 1364 970 1414 καὶ
999 1360 1410 1430 άναντιρῤἡτως
1431 1354 1594 1428 ἦλθον
1623 1376 1789 1428 μετα-

210 1453 510 1521 πεμφθείς.
543 1454 890 1523 Πυνθάνομαι
920 1449 1034 1517 οὖν,
1059 1456 1166 1506 τίνι
1195 1453 1338 1523 λόγῳ
1370 1451 1790 1522 μετεπέμψασθέ

213 1562 311 1607 us;
348 1544 464 1597 Kal.
497 1545 524 1597 6
576 1546 876 1616 Κορνήλιος
905 1546 1040 1616 ἔφη’
1079 1545 1213 1598 Ἀπὸ
1266 1545 1535 1614 τετάρτης
1575 1545 1790 1615 ἡμέρας

207 1637 374 1707 μέχρι
399 1637 601 1706 ταύτης
616 1642 715 1706 τῆς
741 1638 888 1709 ὥρας
908 1640 1056 1709 ἤμην
1080 1639 1379 1706 νηστεύων,
1408 1637 1498 1691 καὶ
1517 1637 1616 1708 τὴν
1637 1638 1790 1690 ἐννά-

204 1747 306 1795 την
331 1729 488 1795 ὥραν
523 1731 958 1801 προσευχόμενος
998 1733 1056 1782 ἐν
1093 1729 1173 1799 τῷ
1203 1729 1338 1799 οἴκῳ
1381 1745 1482 1799 μου
1509 1746 1522 1759 ·
1557 1729 1652 1780 καὶ
1677 1729 1787 1780 ίδοῦ

203 1821 345 1888 ἀνὴρ
376 1820 505 1888 ἔστη
531 1820 763 1873 ἐνώπιόν
802 1839 905 1891 μου
930 1824 987 1873 ἐν
1012 1805 1199 1891 ἐσθῆτι
1226 1821 1474 1890 λαμπρᾷ,
1499 1819 1594 1872 καί
1623 1835 1784 1887 φησι·

210 1912 505 1980 Κορνήλιε,
531 1912 859 1983 εἰσηκούσθη
891 1930 985 1966 σου
1015 1915 1047 1983 ή
1074 1913 1370 1983 προσευχὴ,
1392 1912 1486 1964 καὶ
1511 1912 1566 1963 αί
1624 1909 1781 1979 ἐλεη-

211 2001 442 2069 μοσύναι
469 2019 562 2055 σου
602 2005 957 2074 ἐμνήσθησαν
983 2004 1214 2058 ἐνώπιον
1241 2003 1336 2056 τοῦ
1369 2002 1528 2056 Θεοῦ.
1560 2000 1783 2070 Πέμψον

206 2090 297 2143 οὖν
323 2092 406 2153 είς
451 2093 695 2158 Ἰόππην,
749 2094 845 2147 καὶ
901 2094 1273 2163 μετακάλεσαι
1312 2093 1552 2162 Σίμωνα,
1584 2091 1641 2154 ὃς
1665 2094 1786 2141 ἐπι-

210 2181 456 2234 καλεῖται
493 2184 697 2251 Πέτρος
717 2201 732 2216 ο
761 2177 920 2247 οὗτος
959 2185 1229 2251 ξενίζεται
1261 2186 1318 2236 ἐν
1350 2184 1498 2253 οἰκία
1544 2183 1781 2251 Σίμωνος

212 2271 460 2340 βυρσέως
483 2277 634 2343 παρά
661 2275 959 2338 θάλασσαν,
990 2276 1050 2339 ὃς
1085 2276 1531 2346 παραγενόμενος
1559 2273 1786 2340 λαλήσει

209 2375 314 2412 σοι.
357 2361 451 2425 Ἐξ
482 2362 651 2429 αὐτῆς
677 2363 772 2416 οὖν
806 2364 1030 2434 ἔπεμψα
1075 2365 1213 2433 πρὸς
1243 2365 1304 2417 σέ
1327 2377 1339 2392 ⁸
1386 2363 1451 2416 σύ
1497 2378 1556 2414 τε
1605 2361 1785 2424 καλῶς

1895 623 2032 678 deus
2066 624 2132 676 ad
2161 623 2326 692 pedes
2353 624 2476 693 ejus
2517 625 2788 679 adoravit.
2844 624 3039 682 Petrus
3079 641 3210 681 vero
3237 629 3469 683 elevavit

1895 731 2047 779 eum,
2077 716 2267 770 dicens
2295 733 2309 769 :
2343 715 2540 786 Surge,
2563 727 2612 770 et
2633 734 2734 786 ego
2749 719 2864 784 ipse
2891 718 3054 772 homo
3083 736 3229 774 sum.
3289 722 3352 774 Et
3389 721 3466 774 lo-

1895 823 2073 877 queus
2113 821 2238 861 cum
2270 808 2362 863 illo
2409 809 2657 870 intravit,
2684 812 2957 866 etinvenit
2984 813 3186 868 multos
3209 815 3302 882 qui
3337 829 3472 867 cou-

1893 908 2174 963 venerant,
2207 900 2459 972 Dixitque
2515 903 2582 957 ad
2633 903 2801 957 illos:
2839 902 2949 960 Vos
2989 905 3143 959 scitis
3191 906 3468 976 quomodo

1892 992 2267 1047 abominatum
2307 994 2382 1048 sit
2421 994 2537 1047 viro
2553 993 2765 1061 Iudaeo,
2805 996 3062 1066 conjungi
3083 1007 3178 1051 aut
3205 999 3466 1052 accedere

1892 1084 1959 1138 ad
1989 1085 2353 1155 alienigenam
2381 1103 2394 1137 :
2427 1086 2521 1141 sed
2554 1088 2684 1141 mihi
2729 1088 2970 1143 ostendit
2992 1089 3138 1144 Deus
3195 1090 3464 1143 neminem

1891 1191 2270 1241 communem,
2292 1188 2385 1231 aut
2409 1179 2752 1233 immundum
2790 1181 2975 1235 dicere
3009 1181 3304 1235 hominem.
3334 1182 3468 1234 Pro-

1891 1278 2007 1339 pter
2027 1269 2170 1339 quod
2191 1269 2309 1325 sine
2325 1269 2668 1324 dubitatione
2690 1272 2808 1324 veni
2836 1273 3162 1326 accersilus.
3189 1270 3466 1342 Interrogo

1889 1376 2038 1432 ergo,
2065 1377 2227 1431 quam
2253 1362 2325 1416 ob
2342 1376 2564 1416 causam
2591 1362 2906 1416 accersistis
2940 1379 3026 1417 me
3065 1363 3090 1415 ?
3135 1363 3202 1416 Et
3259 1363 3466 1418 Corne-

1894 1454 2001 1508 lius
2040 1454 2148 1507 ait:
2190 1456 2234 1507 A
2286 1453 2684 1524 nudiusquarta
2700 1455 2785 1509 die
2809 1469 2979 1523 usque
2999 1456 3064 1508 ad
3098 1455 3236 1510 hanc
3252 1457 3465 1519 horam,

1889 1562 2056 1602 orans
2092 1561 2243 1600 eram
2300 1547 2434 1600 hora
2475 1562 2629 1616 nona.
2660 1548 2714 1600 in
2757 1547 2920 1603 domo
2953 1561 3094 1612 mea,
3129 1557 3182 1602 et
3227 1563 3356 1603 ecce
3383 1550 3467 1602 vir

1889 1640 2042 1692 stetit
2069 1647 2196 1692 ante
2250 1653 2335 1692 me
2373 1638 2428 1692 in
2465 1648 2612 1693 veste
2641 1639 2895 1702 candida,
2935 1646 2990 1695 et
3028 1639 3105 1694 ait
3163 1655 3179 1694 :
3219 1638 3462 1701 Corneli.

1894 1727 2147 1783 exaudita
2182 1741 2270 1784 est
2307 1729 2484 1784 oratio
2522 1738 2636 1793 tua,
2677 1737 2730 1784 et
2767 1732 3130 1802 eleemosynae
3163 1739 3269 1785 tua:
3305 1745 3461 1785 com-

1889 1827 2204 1872 memoratae
2221 1819 2422 1873 suntin
2452 1830 2748 1889 conspectu
2779 1821 2895 1875 Dei.
2929 1820 3078 1876 Mitte
3108 1820 3309 1892 ergoiu
3331 1819 3464 1888 Jop-

1818 1890 1860 1945 Β
1887 1923 2011 1976 pen,
2040 1916 2094 1962 et
2125 1909 2334 1964 accersi
2372 1908 2654 1964 Simonem
2676 1912 2769 1980 qui
2801 1890 3221 1981 cognominatur
3239 1911 3459 1968 Petrus:

1887 2002 1974 2053 hic
2003 2000 2313 2070 huspitatur
2330 2001 2383 2055 in
2405 2004 2568 2057 domo
2583 2001 2820 2058 Simonis
2846 2003 3082 2058 Coriarii
3109 2004 3266 2074 juxta
3286 2019 3457 2061 mare.

1885 2091 2183 2146 Confestim
2215 2108 2348 2162 ergo
2385 2095 2510 2148 misi
2544 2095 2609 2149 ad
2655 2105 2707 2149 te
2743 2114 2756 2150 :
2791 2103 2844 2150 et
2905 2103 2964 2150 tu
3018 2096 3319 2151 beneﬂcisti
3366 2113 3463 2150 vc-

1887 2181 2109 2235 niendo.
2133 2182 2289 2236 Nunc
2318 2198 2448 2250 ergo
2464 2198 2656 2240 omnes
2671 2200 2770 2240 nos
2792 2186 2848 2239 in
2881 2194 3178 2254 conspectu
3227 2196 3320 2242 tuo
3368 2188 3462 2240 ad-

1886 2286 2101 2338 sumus,
2130 2273 2320 2327 audire
2348 2274 2532 2328 omnia
2552 2290 2893 2345 quaecunque
2925 2275 3024 2330 tibi
3049 2286 3317 2346 praecepta
3331 2284 3460 2330 sunt

1886 2379 1916 2417 a
1951 2363 2203 2419 Domino.

207 2456 472 2524 ἐποίησας
528 2457 993 2527 παραγενόμενος.
1049 2456 1164 2511 Νῦν
1217 2457 1309 2511 οῦν
1361 2456 1567 2520 πάντες
1619 2458 1778 2526 ἡμεῖς
1821 2455 2050 2511 ἐνώπιον
2075 2458 2172 2511 τοῦ
2193 2457 2329 2511 Θεοῦ
2355 2458 2660 2530 πάρεσμεν,
2678 2457 2909 2514 ἀκοῦσαι
2932 2460 3108 2514 πάντα
3167 2462 3235 2516 τά
3299 2477 3460 2532 προσ.

204 2545 518 2612 τεταγμένα
550 2561 631 2597 σοι
663 2546 768 2598 ὑπὸ
793 2547 888 2600 τοῦ
916 2546 1076 2601 Θεοῦ.

798 2702 1181 2758 ΕΡΜΗΝΕΙΛ.

274 2813 495 2866 Ἔοικεν
521 2810 679 2875 οὗτος
707 2823 934 2884 καιροὺς
974 2819 1240 2888 ὡρικέναι
1260 2817 1428 2885 ,αύτῷ
1472 2816 1587 2886 βίου
1618 2819 1776 2885 άκρι-

206 2905 490 2976 δεστέρου.
513 2908 608 2959 καὶ
631 2906 689 2959 ἐν
713 2925 856 2962 τισιν
878 2910 1136 2980 ήμέραις.
1162 2908 1261 2962 Διά
1283 2908 1392 2979 γάρ
1411 2908 1570 2960 τοῦτο
1592 2903 1744 2960 εἶπεν
1761 2925 1774 2936 ⁸

2382 2699 2944 2758 COMMENTARIUS.

1959 2814 2182 2868 \‘idetur
2209 2813 2501 2869 Cornelius
2546 2825 2784 2884 tempora
2847 2817 3095 2885 quaedam
3165 2818 3455 2872 severioris

1886 2904 2008 2956 vine
2052 2903 2159 2956 sibi
2188 2904 2590 2972 praestituisse:
2627 2906 2750 2958 ideo
2777 2905 2937 2976 25.7
2972 2906 3120 2960 enim
3151 2908 3290 2962 dixit
3327 2923 3340 2957 :
3383 2911 3453 2963 (Α

211 3016 228 3048 ι
269 2997 403 3049 Ἀπὸ
431 2998 703 3069 τετάρτης
729 2999 964 3068 ήμὲρας.
1002 3018 1020 3050 ι
1061 2999 1190 3053 Ὅτε
1221 2994 1315 3052 οὖν
1345 3000 1596 3067 φαίνεται
1628 2997 1777 3065 αύτῴ

1881 2994 2289 3063 nudiusquarta
2317 2995 2429 3050 die.
2459 3014 2476 3047 ι
2516 2994 2740 3050 Scilicet
2765 2998 2941 3064 prima
2971 2997 3062 3052 die
3101 2999 3355 3067 apparuit
3403 3002 3452 3052 ei

204 3090 230 3140 6
278 3088 534 3155 ἄγγελος,
585 3088 724 3160 αῦτη
765 3091 866 3160 μία
925 3093 1144 3161 ήμέρα’
1188 3091 1284 3144 καὶ
1326 3093 1392 3161 ήν
1443 3089 1687 3160 ἀπῆλθον
1729 3091 1777 3142 oi

1885 3085 2142 3153 anigelus;
2176 3086 2371 3148 altera.
2397 3098 2760 3152 perrexerunt
2784 3089 2964 3142 nuntii
2994 3088 3234 3144 Cornelii
3257 3107 3270 3155 ;
3292 3093 3452 3144 tertia

207 3181 547 3248 πεμφθέντες
607 3185 759 3253 παρὰ
818 3185 1141 3251 Κορνηλίου,
1178 3185 1308 3252 μίαο
1347 3184 1440 3236 καὶ
1477 3183 1545 3252 ἢν
1587 3177 1774 3252 ἦλθον,

1884 3174 2202 3238 redierunt;
2236 3185 2290 3230 et
2322 3185 2522 3244 quarta
2543 3185 2650 3242 est,
2672 3193 2780 3247 qua
2803 3177 3040 3234 accessit
3075 3178 3142 3232 ad
3170 3193 3295 3234 eum
3352 3179 3452 3236 Pe-

211 3271 336 3337 μία·
397 3273 496 3324 καὶ
533 3274 790 3343 τετάρτη,
923 3275 1099 3342 ἐφάνη
1137 3275 1269 3326 ὡσεὶ
1302 3274 1494 3343 τρίτην
1519 3274 1692 3342 ὤραν,
1723 3274 1777 3324 ἐν

1883 3271 2003 3320 trus
2033 3266 2180 3320 circa
2203 3266 2394 3321 horam
2435 3269 2675 3334 tertiam,
2721 3271 2946 3339 quando
3009 3276 3225 3330 orabat.
3278 3277 3455 3343 Atque

207 3355 237 3429 ᾖ
264 3360 630 3430 προσηύξατο.
664 3363 810 3433 Ὀρα
835 3364 928 3416 οῦν
955 3365 1015 3417 τὸ
1043 3365 1276 3432 μέγεθος
1311 3364 1414 3433 τῆς
1442 3363 1606 3433 εὐχῆς
1628 3380 1642 3394 ·
1683 3365 1772 3416 ὅτε

1883 3356 2020 3412 adeo
2049 3357 2282 3413 observa
2310 3359 2576 3414 orationis
2605 3359 2731 3430 ejus
2746 3361 3190 3430 diuturnitatem,
3216 3366 3451 3433 etquod,

205 3451 479 3504 ἐπέδωκεν
511 3454 592 3515 είς
624 3454 934 3521 εύλὰὗειαν,
960 3457 1081 3510 τότε
1107 3458 1357 3524 φαίνεται
1379 3455 1528 3524 αύτῷ
1552 3458 1580 3508 6
1609 3455 1774 3522 άγγεο

205 3560 313 3606 mg.

620 3657 697 3727 Τῇ
729 3655 772 3710 δ’
804 3657 902 3727 τῆς
933 3656 976 3710 δ’
1006 3655 1322 3726 ἐσδομάδος.

766 3793 1156 3847 ΚΕΙΜΕΝΟΝ.

267 3899 514 3964 ’Δνοίξας
543 3900 601 3953 δέ
634 3901 836 3970 Πέτρος
871 3902 932 3955 τὺ
979 3903 1155 3969 στόμα
1190 3899 1363 3954 αὐτοῦ
1407 3895 1562 3955 εἶπεν
1589 3917 1601 3930 °
1654 3899 1771 3953 Ἐπ’

204 3995 467 4061 άληθείας
499 3994 1031 4063 καταλαμϐάνομαι,
1083 3995 1168 4046 ὅτι
1222 3993 1322 4046 οὐκ
1387 3992 1502 4045 ἐστι
1552 4009 1768 4062 προσω-

201 4087 486 4156 πολήπτης
516 4087 544 4138 6
575 4086 732 4150 Θεὸς,
768 4087 884 4138 ἀλλ’
916 4089 974 4139 ἐν
1014 4087 1178 4141 παντὶ
1207 4086 1350 4138 ἔθνει
1377 4089 1404 4139 6
1435 4086 1770 4154 φοόούμενος

197 4179 383 4239 αὑτὸν,
422 4180 518 4231 καὶ
555 4179 924 4248 ἐργαζόμενος
972 4178 1354 4246 δικαιοσύνην,
1384 4179 1572 4241 δεκτὸς
1619 4179 1770 4248 αὐτῷ

198 4271 334 4321 ἐστι.
365 4269 473 4322 Τὸν
502 4269 676 4335 Λόγον
702 4269 761 4321 ὃν
780 4267 1072 4322 ἀπέστειλε
1089 4270 1200 4330 τοῖς
1222 4269 1354 4331 υἱοῖς
1371 4268 1587 4340 Ἰσραὴλ
1607 4268 1770 4336 εύαγ-

197 4361 547 4430 γελιζὸμενος
580 4361 806 4431 είρήνην
835 4360 922 4413 διὰ
954 4359 1129 4427 Ἰησοῦ
1161 4359 1419 4430 Χριστοῦ·
1451 4354 1604 4420 οὗτός
1652 4360 1769 4412 ἐστι

194 4451 415 4505 πάντων
457 4451 680 4518 Κύριος.
716 4451 904 4520 Ὑμεῖς
938 4453 1115 4505 οἴδατε
1165 4452 1227 4504 τὸ
1264 4452 1556 4521 γενόμενον
1615 4453 1768 4520 ρἧα

195 4543 322 4595 καθ’
361 4542 491 4610 ὅλης
523 4543 620 4611 τῆς
643 4541 930 4607 Ἰουδαίας,
972 4541 1280 4612 ἀρξάμενον
1312 4542 1421 4594 άπὸ
1471 4541 1569 4607 τῆς
1613 4542 1767 4594 Γαλι-

1883 3460 2008 3501 cum
2043 3446 2134 3504 ille
2158 3461 2219 3502 se
2253 3446 2443 3516 pietati
2490 3448 2801 3519 impensius
2821 3451 2995 3520 dedit,
3023 3463 3154 3510 tunc
3186 3457 3264 3510 illi
3297 3471 3454 3526 ange-

1879 3536 1966 3596 lus
1999 3541 2334 3610 apparuerit.

2232 3653 2391 3711 Feria
2415 3658 2450 3711 4
2479 3657 2834 3715 ιιεδὰοωαάω
2857 3668 3086 3730 quartae.

2517 3789 2824 3849 TEXTUS.

1951 3897 2018 3963 Χ,
2043 3899 2228 3956 34-43.
2252 3901 2518 3971 Aperiens
2545 3913 2728 3962 autem
2759 3907 2954 3964 Petrus
2985 3923 3046 3965 os
3072 3927 3230 3966 suum
3261 3913 3398 3969 dixit
3432 3934 3446 3971 :

1878 3988 1936 4043 In
1965 3989 2192 4046 veritate
2227 3996 2488 4062 comperi,
2539 3996 2668 4066 quia
2701 4013 2808 4052 non
2833 4009 2917 4055 est
2948 4016 3308 4070 personarum
3348 4020 3445 4060 ac-

1879 4087 2068 4148 ceptor
2098 4078 2242 4136 Deus
2271 4097 2286 4135 :
2316 4083 2410 4136 sed
2446 4084 2498 4138 in
2551 4086 2701 4139 omni
2749 4097 2910 4156 gente
2940 4090 3031 4158 qui
3064 4091 3218 4146 timet
3247 4109 3369 4148 eum
3396 4106 3450 4149 et

1877 4172 2446 4242 operaturjustitiam,
2484 4175 2741 4246 acceptus
2774 4187 2859 4233 est
2892 4180 2990 4234 illi.
3029 4179 3270 4238 Verbum
3297 4185 3444 4253 quod

1877 4260 2025 4314 misit
2053 4258 2196 4315 Deus
2241 4264 2367 4318 [iliis
2407 4263 2595 4331 Israel,
2630 4270 2964 4327 annuntians
3001 4287 3187 4341 pacem
3235 4291 3330 4344 per
3359 4275 3450 4332 Je-

1878 4366 1998 4405 sum
2019 4351 2297 4406 Christum
2322 4357 2464 4422 :(hic
2478 4365 2561 4411 est
2582 4360 2825 4414 onmium
2843 4361 3151 4435 Dominus.)
3171 4364 3280 4422 Vos
3296 4368 3448 4422 scitis

1881 4443 2026 4511 quod
2069 4443 2271 4498 factum
2305 4456 2390 4501 est
2428 4449 2652 4504 verbum
2690 4467 2784 4520 per
2815 4455 3130 4510 universam
3153 4455 3397 4513 Judaeam
3431 4479 3442 4512 :

1887 4531 2155 4601 incipiens
2183 4538 2327 4589 enim
2357 4552 2384 4589 a
2443 4535 2687 4605 Galilrea,
2743 4554 2868 4612 post
2923 4544 3251 4614 baptismqu
3299 4550 3445 4618 quod

194 4633 355 4694 λαίας
402 4631 540 4701 μετὰ
604 4633 666 4684 τὸ
724 4633 1032 4701 βάπτισμα,
1098 4632 1128 4685 6
1163 4631 1426 4702 ἐκήρυξεν
1496 4631 1766 4700 Ἰωάννης·

1881 4623 2189 4692 praedicavit
2237 4624 2480 4683 Joannes
2529 4649 2544 4684 :
2572 4629 2757 4686 Jesuni
2791 4649 2820 4686 a
2850 4634 3141 4703 Nazareth,
3173 4643 3446 4708 quomodo

193 4720 405 4790 Ἰησοῦν
468 4724 559 4772 τὸν
595 4721 706 4774 άπὸ
769 4721 1053 4788 Ναζαρὲτ,
1120 4722 1196 4784 ὡς
1251 4721 1468 4790 ἔχρισεν
1540 4719 1701 4774 αὐτὸν
1749 4721 1778 4772 6

191 4811 325 4873 Θεὸς
392 4811 453 4863 ἐν
507 4811 789 4880 Πνεύματι
841 4812 984 4881 ἁγίῳ
1046 4813 1142 4866 καὶ
1198 4811 1472 4883 δυνάμει,
1530 4812 1606 4876 ὡς
1688 4812 1770 4864 δι-

188 4899 360 4973 ῆλθεν
415 4902 718 4970 εὐεργετῶν
779 4905 874 4956 καὶ
903 4903 1129 4985 ἰώμενος
1187 4905 1394 4967 πάντας
1437 4905 1562 4966 τοὺς
1610 4921 1778 4957 κατι-

191 4993 684 5062 δυναστευομένους
760 4995 865 5046 ὑπὸ
923 4995 1018 5048 τοῦ
1072 4995 1317 5050 διαϐόλου
1351 5037 1365 5060 ,
1427 4997 1507 5050 ὅτι
1558 4997 1587 5049 6
1644 4996 1786 5078 Θεὸς

190 5076 257 5148 ἦν
313 5080 433 5149 μετ’
477 5081 666 5135 αὐτοῦ.
702 5083 811 5136 Καὶ
861 5085 1024 5152 ἡμεῖς
1081 5086 1246 5153 ἐσμεν
1305 5086 1585 5156 μάρτυρες
1636 5084 1765 5138 τού-

191 5185 306 5229 του,
344 5170 442 5220 καὶ
482 5170 700 5222 πάντων
732 5164 809 5224 ὧν
839 5171 1094 5242 ἐποίησεν
1124 5173 1180 5225 ἐν
1226 5191 1284 5226 τε
1337 5177 1402 5244 τῇ
1462 5175 1617 5245 χώρᾳ
1649 5175 1760 5228 τῶν

195 5259 466 5312 Ἰουδαίων
497 5262 591 5312 καὶ
613 5263 670 5314 ἐν
715 5261 1074 5334 Ἰερουσαλήμ
1106 5281 1119 5296 ·
1155 5265 1215 5317 δν
1241 5267 1334 5319 καὶ
1378 5267 1608 5329 ἀνεῖλον,
1641 5283 1766 5337 κρε-

199 5349 473 5416 μάσαντες
511 5349 606 5402 ἐπὶ
644 5350 826 5416 ξύλου.
864 5352 1066 5407 Τοῦτον
1090 5356 1118 5408 6
1143 5354 1272 5419 Θεὸς
1296 5357 1487 5427 ἤγειρε
1538 5362 1602 5426 τῇ
1637 5358 1760 5427 τρί-

191 5443 255 5510 τῇ
288 5442 498 5512 ήμέρᾳ,
532 5443 628 5496 καὶ
667 5443 870 5499 ἔδωκεν
926 5447 1090 5500 αὐτὸν
1118 5449 1338 5520 ἐμφανῆ
1385 5451 1663 5518 γενέσθαι,
1697 5452 1758 5504 ού

191 5530 356 5584 παντὶ
393 5531 474 5601 τῷ
503 5532 650 5608 λαῷ,
670 5535 807 5588 ἀλλὰ
839 5537 1075 5608 μάρτυσι
1116 5541 1227 5603 τοῖς
1280 5557 1765 5612 προκεχειροτονη-

194 5627 377 5692 μένοις
429 5625 535 5678 ὐπὸ
572 5626 665 5680 τοῦ
716 5627 876 5692 Θεοῦ,
910 5632 1085 5700 ήμῖν,
1136 5632 1334 5694 οἵτινες
1384 5635 1762 5703 συνεφάγομεν

189 5715 336 5782 σύτῷ
367 5717 462 5769 καὶ
497 5720 844 5789 συνεπίομεν,
885 5721 1025 5790 μετὰ
1069 5723 1129 5776 τὸ
1158 5724 1456 5794 ἀναστῆναι
1503 5727 1664 5779 αὑτὸν
1691 5729 1754 5780 ἐκ

193 5808 425 5878 νεκρῶν.
464 5810 574 5862 Καὶ
601 5812 970 5882 παρήγγειλεν
1006 5815 1135 5884 ἡμῖν
1165 5816 1395 5885 κηρύξαι
1421 5819 1506 5884 τῷ
1535 5817 1755 5887 λαῷκαὶ

1881 4715 2035 4770 unxit
2072 4731 2194 4771 eum
2226 4716 2368 4774 Deus
2398 4718 2604 4790 Spiritu
2638 4733 2829 4780 sancto
2860 4737 2911 4782 et
2945 4729 3162 4796 virtute,
3195 4731 3287 4799 qui
3326 4748 3444 4800 per-

1882 4809 2101 4862 transiit
2134 4809 2524 4868 benefaciendo
2557 4824 2611 4869 et
2659 4817 2910 4872 sanando
2935 4834 3124 4876 omnes
3153 4837 3444 4891 oppressus

1879 4914 1908 4953 a
1940 4899 2175 4964 diabolo,
2211 4903 2464 4971 quoniam
2493 4903 2638 4961 Deus
2669 4917 2934 4964 eratcum
2966 4911 3078 4965 illo.
3105 4913 3169 4966 Et
3198 4930 3297 4969 nos
3328 4924 3438 4971 tes-

1879 4997 1960 5045 tes
1998 5004 2192 5046 sumus
2226 4995 2472 5048 omnium
2522 5011 2642 5065 qua:
2672 4996 2803 5053 fecit
2865 4999 2919 5054 in
2954 5001 3174 5073 regione
3226 5003 3442 5060 Iudaeo-

1877 5098 1997 5136 rum
2034 5091 2088 5137 et
2136 5081 2464 5151 Jerusalem.
2503 5103 2664 5158 quem
2687 5090 3012 5147 occiderunt
3045 5097 3442 5164 suspendentes

1873 5171 1928 5226 in
1962 5173 2130 5242 ligno.
2187 5172 2344 5229 Hunc
2378 5175 2526 5234 Deus
2558 5181 2847 5236 suscitavit
2877 5185 3037 5238 tertia
3069 5184 3158 5242 die
3206 5195 3260 5241 et
3295 5189 3442 5244 dedit

1870 5281 1994 5320 eum
2022 5265 2374 5322 manifestum
2407 5269 2549 5336 ﬁeri,
2591 5287 2704 5328 non
2728 5275 2874 5329 omni
2907 5277 3130 5346 populo,
3159 5280 3250 5334 sed
3286 5282 3440 5334 testi-

1873 5359 1975 5413 bus
2007 5360 2387 5421 przeordinatis
2447 5378 2478 5416 a
2527 5362 2657 5428 Deo,
2723 5368 2904 5432 nobis,
2941 5369 3034 5438 qui
3089 5372 3440 5427 manducavi-

1869 5465 1995 5505 mus
2047 5460 2101 5505 et
2136 5452 2371 5508 bibimus
2416 5469 2541 5509 cum
2603 5459 2718 5520 illo,
2749 5469 3042 5528 postquam
3076 5465 3378 5518 resurrexit
3409 5480 3435 5517 a

1867 5542 2117 5596 mortuis.
2177 5541 2243 5597 Et
2295 5549 2554 5616 praecepit
2597 5548 2756 5603 nobis
2809 5549 3106 5618 praedicare
3155 5554 3358 5623 popqu
3386 5563 3435 5608 ct

1867 5633 2174 5698 testiﬁcari,
2213 5637 2367 5706 quia"
2396 5638 2512 5708 ipse
2543 5649 2628 5694 est
2657 5640 2749 5709 qui
2791 5643 3127 5698 constitutus
3151 5655 3238 5698 est
3267 5660 3294 5696 a
3329 5645 3438 5699 Deo

1865 5724 2030 5792 judex
2066 5726 2316 5781 vivorum
2371 5740 2424 5782 et
2470 5741 2836 5785 mortuorum.
2896 5731 3036 5787 Huic
3080 5749 3270 5788 omnes
3314 5752 3436 5802 pro—

1871 5818 2046 5885 phch
2087 5821 2462 5876 testimonium
2521 5823 2837 5892 perhibent,
2878 5825 3258 5880 remissionem
3305 5845 3432 5898 νεο-
