4164 6444
726 378 828 441 947

1626 381 2194 444 THEOPIIYLACTI
2234 386 2646 448 BUI.GARIE
2671 392 3019 453 ARCHIEP.

3861 398 3971 460 948

725 501 976 544 calorum
1009 491 1257 560 accipere
1283 503 1381 559 per
1421 504 1617 545 nomen
1651 495 1770 563 ejus
1800 511 2016 563 omnes,
2049 499 2141 566 qui
2174 513 2285 552 cre-

2394 501 2886 573 διαμαρτύρασθαι,
2927 509 3012 560 ὅτι
3039 508 3204 568 αὐτός
3233 509 3390 562 ἐστιν
3451 511 3480 562 6
3507 509 3809 579 ὡρισμένος
3862 512 3972 564 ὑπὸ

722 583 858 635 dunt
885 582 938 636 in
962 599 1107 637 eum.

2387 591 2483 644 τοῦ
2513 593 2649 646 Θεοῦ
2676 598 2869 667 κριτὴς
2889 597 3107 662 ζώντων
3133 600 3228 652 καὶ
3255 598 3486 670 νεκρῶν.
3527 599 3714 669 Τούτῳ
3763 600 3967 663 πάντες

721 679 769 728 οι
813 678 1086 747 προφῆται
1124 682 1516 754 μαρτυροῦσιν,
1551 684 1745 750 ἄφεσιν
1795 682 2082 753 ἁμαρτιῶν
2111 683 2293 736 λαϐεῖν
2331 683 2419 737 διὰ
2457 685 2554 738 τοῦ
2585 688 2850 756 ὀνόματος
2881 689 3069 756 αὑτοῦ,
3133 691 3316 747 πάντα
3355 679 3468 744 τὸν
3518 691 3842 745 πιστεύοντα
3886 694 3968 755 είς

723 771 904 825 αὐτόν.

1207 869 1776 924 COMMENTARIVS.

793 976 812 1010 ι
849 961 1117 1030 Accepto:
1173 973 1278 1015 est.
1319 980 1337 1014 ι
1409 962 1464 1015 Si
1514 971 1716 1027 tamen,
1766 963 2018 1017 abdicato
2051 963 2284 1032 pristino

717 1064 928 1115 errore,
960 1051 1025 1103 ad
1054 1064 1276 1105 sacrum
1307 1052 1578 1119 Baptisms
1617 1056 1933 1109 accesserit.
1973 1073 1991 1105 ι
2021 1053 2281 1118 Verbum,

719 1141 884 1206 quod.
923 1159 941 1191 ι
1005 1140 1132 1196 Hac
1167 1143 1462 1198 astantium
1490 1158 1656 1197 causa
1684 1145 1839 1206 dicit,
1877 1155 1935 1198 nt
1964 1147 2126 1199 etiam
2162 1148 2284 1202 illos

717 1230 1014 1286 attraheret
1048 1233 1115 1288 ad
1152 1234 1350 1288 ﬁdem:
1391 1243 1627 1288 attamen
1661 1233 1927 1290 lsraelitis
1969 1238 2059 1289 dat
2089 1237 2280 1306 pratic-

717 1324 944 1378 rentiam
973 1344 985 1378 :
1018 1336 1069 1380 et
1102 1341 1170 1381 ne
1199 1327 1251 1379 bi
1294 1342 1355 1381 se
1383 1330 1618 1396 rejectos
1656 1344 1778 1383 esse
1815 1339 2093 1399 putarent,
2131 1349 2149 1380 ‹
2179 1330 2279 1383 ilic

715 1425 816 1480 est,
846 1416 1046 1486 inquit,
1075 1421 1319 1474 omnium
1344 1421 1627 1476 Dominus.
1660 1441 1785 1474 ι--ι
1818 1422 2100 1486 Quomodo
2126 1423 2280 1477 unxit

713 1521 858 1558 eum.
890 1526 908 1558 ι
943 1507 1098 1572 Quod
1116 1507 1278 1565 Jesus
1302 1520 1503 1582 unctus
1530 1527 1560 1566 a
1581 1511 1693 1568 Deo
1719 1513 1790 1568 sit
1823 1512 2028 1582 Spiritu
2063 1524 2277 1574 sancto,

716 1598 941 1668 intelligi
995 1601 1154 1656 debet
1185 1641 1198 1664 ,
1265 1577 1565 1657 sccurb’lum
1603 1588 1997 1659 humanitatem
2027 1647 2040 1669 ,
2077 1622 2174 1660 seu
2228 1607 2280 1659 in

713 1701 980 1758 quantum
1017 1701 1098 1745 est
1149 1693 1332 1747 homo.
1391 1695 1662 1759 Quoniam
1721 1697 1869 1750 enim
1921 1715 1938 1748 ι
1979 1699 2284 1753 exinanirit

716 1784 1062 1851 semetipsum
1093 1784 1161 1849 ⁵³,
1203 1803 1222 1836 ι
1259 1797 1312 1840 et
1338 1787 1390 1840 in
1434 1789 1610 1842 nostri
1665 1788 2080 1845 similitudinem
2119 1806 2283 1844 carne

2964 873 3342 930 EPMIINEIA.

2461 964 2714 1036 [ιΔεκτὸς
2731 964 2931 1037 ἔστω]
2951 965 3260 1029 Τουτέστιν,
3283 966 3378 1019 ἐὰν
3398 965 3724 1036 προσδράμῃ
3743 965 3818 1034 τῷ
3831 964 3968 1034 θείῳ

2392 1054 2747 1125 βαπτίσματι,
2767 1056 3014 1118 ἀποστὰς
3029 1056 3127 1125 τῆς
3158 1056 3541 1126 προλαϐοὐσης
3567 1057 3794 1125 πλάνης.
3818 1075 3836 1107 ι
3861 1058 3969 1108 Τὸν

2389 1150 2564 1214 λόγον,
2605 1149 2686 1202 ὃν.
2716 1168 2735 1200 ι
2757 1147 2945 1202 Ταῦτα
2979 1149 3127 1215 λέγει
3157 1147 3245 1201 διὰ
3273 1150 3400 1212 τοὺς
3434 1149 3725 1216 παρόντας,
3753 1149 3838 1199 ῐνα
3872 1152 3969 1200 καὶ

2389 1241 2634 1302 ἐκείνους
2657 1241 3031 1308 ἐπισπάσηται
3057 1239 3194 1309 πρὸς
3219 1241 3402 1292 πίστιν
3426 1255 3440 1268 ⁶
3473 1229 3620 1308 ὅμως
3643 1239 3825 1291 δίδωσι
3853 1243 3968 1301 τοίς

2392 1335 2526 1395 υἱοῖς
2542 1334 2760 1404 Ἰσραὴλ
2789 1334 2850 1386 τὺ
2881 1333 3191 1402 ἐξαίρετον·
3225 1332 3325 1384 καὶ
3357 1331 3445 1384 ἵνα
3471 1332 3545 1399 μὴ
3574 1333 3872 1400 νομίσωσιν
3905 1333 3967 1382 ἐν

2389 1427 2537 1489 τάξει
2568 1425 2957 1494 ἀπειρημένων
2983 1419 3203 1489 εἷναιοο,
3229 1442 3248 1476 ι
3280 1416 3450 1485 Οὗτός
3478 1424 3614 1485 ἐστι,
3647 1424 3800 1490 φησι,
3831 1423 3965 1476 πάνυ

2387 1535 2500 1569 των
2535 1515 2756 1586 Κύριος.
2797 1534 2816 1566 ι
2845 1546 2912 1556 -
2951 1534 2969 1566 ι
3014 1514 3103 1578 Ὠς
3121 1516 3337 1584 ἔχρισεν
3381 1514 3563 1567 αὐτόν.
3603 1533 3626 1566 ι
3662 1515 3735 1567 Τὸ
3776 1513 3972 1582 κεκρί-

2393 1609 2516 1660 σθαι
2548 1606 2763 1678 Ἰησοῦν
2798 1605 3079 1674 Πνεῦματι
3110 1604 3249 1674 ἁγίῳ
3284 1605 3390 1658 ὑπὸ
3419 1603 3510 1657 τοῦ
3541 1604 3696 1666 Θεοῦ,
3739 1603 3883 1656 κατὰ
3909 1603 3974 1654 τὸ

2388 1697 2735 1769 ἀνθρώπινον
2776 1699 2858 1750 δεῖ
2887 1699 3048 1750 νοεῖν.
3096 1695 3314 1765 Ἐπειδὴ
3369 1695 3477 1764 γὰρ
3528 1695 3794 1745 ἐκένωσεν
3844 1694 3976 1744 ὲαυ-

2389 1791 2503 1849 τὸν,
2559 1788 2654 1840 καὶ
2706 1787 3108 1856 παραπλησίως
3183 1788 3314 1856 ἡμῖν
3405 1785 3664 1854 μετέσχεν
3735 1782 3971 1850 αἵματος

714 1882 766 1925 et
801 1877 1066 1941 sanguine
1119 1887 1411 1932 concretus
1445 1889 1550 1944 est,
1583 1893 1670 1940 ea,
1720 1894 1841 1948 quae
1885 1896 1980 1948 per
2029 1889 2280 1934 naturam

2393 1881 2482 1930 καὶ
2557 1877 2778 1946 σαρκὸς,
2847 1875 3021 1929 ταῦτα
3075 1875 3218 1944 ἅπερ
3273 1869 3389 1942 εἶχε
3454 1873 3597 1923 κατὰ
3670 1871 3833 1938 φύσιν
3895 1872 3976 1933 ὡς

719 1963 983 2027 habebat,
1020 1965 1185 2036 248
1249 1979 1304 2019 ιιι
1348 1969 1507 2032 Deus,
1540 1971 1784 2036 accipere
1817 1971 2015 2023 dicitur
2067 1980 2285 2039 propter

2393 1971 2542 2032 Θεὸς,
2570 1969 2868 2037 λαμϐάνειν
2893 1969 3111 2034 λέγεται
3132 1967 3220 2018 διὰ
3254 1964 3312 2017 τὸ
3348 1963 3708 2032 ἀνθρώπινον.
3741 1963 3975 2029 Δέχεται

720 2055 1132 2110 humanitatem.
1164 2059 1376 2126 Accipit
1403 2061 1546 2112 enim
1582 2076 1690 2114 non
1717 2063 2130 2130 sibi,quatcnus
2146 2062 2286 2116 Deus

2387 2060 2496 2127 γὰρ
2525 2059 2622 2126 οὐχ
2666 2059 2867 2125 ἐαυτῷ,
2895 2056 3031 2113 καθὸ
3059 2055 3190 2116 Θεὸς
3243 2054 3414 2120 Λόγος
3454 2054 3612 2104 ἐστίν
3671 2052 3807 2119 (ἴδια
3860 2052 3975 2120 γὰρ

720 2142 954 2198 Verbum
989 2155 1072 2200 est
1115 2148 1354 2217 (propria
1396 2151 1541 2204 enim
1585 2152 1730 2206 illius
1771 2163 1898 2206 sunt
1933 2155 2160 2220 omnia),
2191 2154 2283 2207 sed

2393 2147 2454 2219 ἦν
2485 2149 2699 2216 αὑτοῦ),
2731 2147 2849 2200 ἀλλ’
2898 2149 3032 2217 ἡμῖν
3071 2147 3146 2209 ὡς
3197 2147 3256 2198 ὲν
3329 2146 3554 2213 ἀπαρχῇ
3613 2144 3680 2197 δι’
3744 2142 3971 2196 ἑαυτοῦ.

720 2234 875 2287 nobis
911 2235 964 2287 in
995 2238 1314 2305 semetipso,
1341 2240 1506 2292 veluti
1539 2241 1591 2294 in
1633 2242 1962 2310 quibusdam
2000 2243 2279 2310 primitiis.

721 2343 737 2373 ι
778 2324 930 2378 Hunc
960 2325 1119 2381 Dens.
1165 2347 1182 2378 ι
1214 2327 1347 2382 Hinc
1374 2330 1590 2400 (nempe
1615 2347 1676 2385 ex
1716 2348 1779 2392 eo
1805 2335 1948 2400 quod
1979 2333 2276 2386 Inanduca-

718 2416 854 2468 verit
887 2425 938 2470 et
966 2416 1191 2483 biberit)
1222 2420 1425 2476 Christi
1459 2425 1798 2477 resurrectio
1827 2426 2278 2478 demonstratur:

719 2523 824 2564 non
857 2508 997 2560 enim
1033 2520 1320 2578 postquam
1356 2515 1676 2574 resurrexit,
1711 2515 1924 2583 signum
1954 2515 2170 2582 aliquod
2201 2515 2281 2568 l'e-

715 2602 821 2662 cit;
850 2599 965 2667 ipsa
988 2616 1221 2668 namque
1253 2605 1586 2658 resurrectio
1614 2619 1870 2673 magnum
1896 2606 2113 2674 signum
2143 2615 2279 2660 erat.

719 2690 1154 2747 llosurrcctionis
1220 2709 1346 2747 vero
1413 2695 1557 2748 haud
1615 2697 1961 2763 praestantius
2027 2699 2280 2766 signum,

713 2795 878 2845 quam
916 2783 1244 2837 manducare
1267 2796 1317 2838 et
1347 2784 1553 2839 bibere.
1593 2803 1612 2836 ι
1650 2786 1787 2842 lluic
1817 2801 2025 2840 omnes.
2063 2806 2080 2837 ι
2113 2787 2284 2852 Quot-

716 2879 871 2939 quot,
914 2873 1112 2942 inquit,
1146 2876 1425 2943 propbetze
1464 2878 1532 2930 de
1574 2886 1924 2944 peccatorum
1959 2878 2284 2932 remissione

2395 2259 2414 2290 ι
2455 2240 2658 2290 Τοῦτον
2684 2242 2713 2293 ὀ
2747 2239 2896 2301 Θεὸς.
2932 2257 2950 2289 ι
3022 2237 3303 2290 Ἐντεῦθεν
3384 2237 3660 2288 δείκνυται
3715 2234 3976 2303 βεϐαιοῦ-

2392 2331 2518 2383 σθαι
2547 2331 2590 2361 ⁹³
2622 2330 2722 2400 τὴν
2749 2331 3048 2383 ἀνάστασιν
3081 2345 3094 2358 ·
3126 2327 3245 2381 οὐδὲ
3277 2327 3386 2396 γὰρ
3415 2326 3650 2386 ἀναστὰς
3677 2325 3976 2391 ἐποίησέτι

2392 2423 2618 2490 σημεῖον
2647 2437 2662 2452 ·
2687 2421 2826 2489 αῦτη
2851 2422 2958 2492 γὰρ
2989 2423 3022 2491 ὴ
3061 2422 3355 2482 ἀνάστασις
3417 2420 3558 2488 μέγα
3620 2422 3841 2487 σημεῖον
3861 2412 3930 2486 ἦν
3956 2435 3973 2451 ο

2389 2511 2559 2564 ταῦτα
2581 2511 2706 2543 ⁹¹ο⁹⁶
2726 2512 2804 2574 δὲ,
2834 2512 2986 2563 οὐδὲν
3015 2513 3238 2579 σημεῖον
3259 2511 3334 2571 ὼς
3360 2509 3421 2561 τὸ
3454 2511 3648 2576 φαγεῖν
3676 2510 3768 2560 καὶ
3799 2510 3974 2560 πιεῖν.

2396 2621 2415 2654 ι
2455 2603 2643 2672 Τούτῳ
2677 2604 2896 2665 πάντες.
2940 2623 2957 2654 ι
2987 2603 3142 2655 Ὅσοι
3177 2604 3475 2670 προῆται,
3545 2601 3734 2668 φησὶ-ι,
3776 2599 3978 2666 mh-

2395 2713 2494 2748 σαν
2517 2697 2648 2765 περὶ
2708 2695 2996 2765 ἁμαρτιῶν
3031 2696 3300 2764 ἀφέσεως,
3349 2697 3408 2746 ἐν
3459 2695 3633 2762 τούτῳ
3671 2694 3748 2760 τῷ
3795 2692 3977 2760 Ἰησοῦ

2394 2783 2549 2838 εἷπον
2581 2786 2749 2848 αὑτὰς
2768 2787 3044 2854 ἀφεῖσθαι.
3088 2785 3244 2838 Οὕτω
3277 2787 3369 2838 καὶ
3403 2787 3631 2846 ’Πσαῖας
3695 2786 3754 2836 τὸ
3802 2783 3976 2836 αὑτοῦ

2397 2878 2690 2946 πρόσωπον
2719 2879 3016 2947 εἰσφέρων,
3046 2879 3225 2944 λέγει·
3268 2897 3285 2928 ι
3328 2877 3470 2943 Ἐγώ
3513 2879 3627 2945 εἰμι
3679 2877 3708 2927 6
3765 2876 3981 2938 ἐξαλεί-

718 2965 883 3020 Ιοευιί
914 2974 1064 3026 sunt,
1092 2966 1127 3017 ii
1163 2981 1353 3021 omnes
1402 2970 1780 3022 testimonium
1813 2970 2126 3037 perhibent,
2162 2984 2282 3023 eam

2395 2985 2512 3037 φων
2535 2969 2631 3030 τὰς
2652 2969 2931 3038 ἁμαρτίας
2984 2986 3077 3020 σου
3108 2971 3205 3022 καὶ
3237 2969 3335 3031 τὰς
3359 2969 3588 3036 ἀνομίας
3615 2984 3729 3022 σου.
3768 2985 3787 3018 ι

720 3071 814 3119 per
857 3057 1032 3110 solum
1073 3059 1220 3113 hunc
1259 3058 1445 3116 Jesum
1504 3063 1678 3132 accipi
1729 3078 1910 3132 posse.
1963 3063 2057 3118 Sic
2113 3063 2284 3117 Isaias
2323 3060 2446 3129 ejus
2477 3076 2769 3130 personam
2801 3077 3092 3118 assumens
3133 3063 3207 3114 ait
3227 3060 3272 3098 ⁸³
3342 3101 3354 3114 .

719 3152 808 3221 qui
844 3153 996 3209 deleo
1025 3164 1245 3224 peccata
1283 3165 1399 3220 tua,
1435 3167 1486 3213 et
1520 3160 1836 3228 iniquitates
1865 3169 2008 3214 tuas.
2042 3180 2059 3211 ι

1072 3251 1230 3308 Feria
1263 3254 1296 3308 5
1321 3256 1671 3310 hebdomade:
1703 3266 1932 3326 quartae.

1334 3343 1638 3402 TEXTUS.

791 3439 858 3504 Χ,
883 3440 1074 3494 ixi-68.
1101 3439 1293 3494 Adbuc
1313 3439 1570 3508 loquente
1595 3439 1760 3495 Petro
1788 3441 1954 3494 verba
1981 3443 2117 3507 bmc,
2149 3444 2291 3497 ceci-

719 3534 798 3588 dit
821 3532 1059 3601 Spiritus
1080 3543 1302 3585 sanctus
1328 3547 1492 3600 super
1515 3548 1704 3586 omnes
1723 3533 1814 3602 qui
1845 3533 2141 3588 audiebant
2167 3550 2292 3588 ver-

721 3629 870 3680 bum.
900 3625 962 3679 Et
985 3626 1387 3693 obstupuerunt
1407 3641 1472 3679 ex
1504 3626 1927 3682 circumcisione
1965 3629 2149 3681 Iideles
2183 3629 2277 3697 qui

726 3725 985 3775 venerant
1009 3732 1129 3769 cum
1161 3715 1342 3778 Petro,
1369 3718 1494 3784 quia
1521 3728 1574 3771 et
1606 3717 1657 3770 in
1679 3719 1931 3772 nationes
1963 3721 2137 3787 gratia
2157 3720 2284 3788 Spi-

723 3808 857 3863 ritus
879 3808 1050 3860 sancti
1080 3806 1251 3861 elIusa
1276 3815 1377 3863 est.
1411 3807 1713 3860 Audiebant
1744 3811 1887 3861 enim
1915 3811 2035 3864 illos
2061 3811 2288 3878 loquen-

725 3911 807 3950 tes
842 3897 1066 3966 linguis,
1105 3906 1159 3951 ct
1195 3898 1607 3966 magniﬁcantes
1640 3897 1832 3951 Dcum.
1869 3898 2025 3952 Tunc
2061 3914 2288 3968 respon-

720 3991 800 4044 dit
824 3988 1017 4043 Petrus
1058 4008 1070 4042 :
1111 3988 1367 4058 Nunquid
1402 4005 1597 4056 aquam
1622 3991 1744 4058 quis
1763 3992 2053 4060 prohibere
2089 4001 2287 4061 potest,

725 4094 913 4139 utnon
949 4083 1296 4151 baptizcntnr
1322 4084 1398 4147 bi,
1430 4086 1518 4153 qui
1554 4084 1816 4150 Spiritum
1846 4099 2095 4138 sanetum
2130 4101 2290 4139 acce-

725 4186 942 4243 perunt,
974 4177 1114 4229 sicut
1148 4187 1200 4230 et
1235 4177 1382 4229 nos?
1419 4187 1465 4229 et
1498 4178 1660 4244 jussit
1691 4193 1785 4230 eos
1818 4178 2080 4245 baptizari
2115 4179 2167 4231 in
2193 4194 2290 4231 no-

728 4265 870 4318 mitte
905 4265 1116 4318 Domini
1162 4264 1290 4319 Jcsu
1336 4266 1560 4320 CbriSIi.
1617 4267 1771 4319 Tunc
1801 4278 2127 4336 rogaverunt
2165 4283 2288 4321 eum

727 4366 783 4409 ut
827 4364 1072 4410 maneret
1097 4358 1235 4426 apud
1262 4371 1358 4410 eos
1385 4357 1594 4426 aliquot
1624 4357 1836 4411 diebus.

1311 4529 1541 4585 CAPUT
1571 4529 1708 4586 XVI.

733 4627 881 4679 Petri
922 4629 1200 4680 instructio
1250 4626 1313 4679 de
1368 4626 1623 4680 Christo:
1673 4627 1835 4695 deque
1876 4625 2014 4679 dono
2065 4625 2295 4694 Spiiitus

796 4719 967 4774 sancti
1006 4719 1070 4770 iis
1101 4718 1188 4785 qui
1234 4719 1570 4770 audiebant:
1623 4728 1667 4768 et
1723 4718 1985 4785 quomodo
2036 4718 2295 4786 baptizati

799 4821 944 4874 sunt,
969 4812 1060 4880 qui
1095 4820 1216 4862 tunc
1242 4826 1305 4864 ex
1329 4811 1609 4880 gentilibus
1636 4810 1991 4862 crediderunt.

1361 4902 1651 4957 TEXTUS.

797 4995 891 5060 XI,
925 4997 1076 5050 I-IO.
1098 4996 1405 5058 Audierunt
1436 5007 1616 5050 autem
1644 4998 1938 5064 apostoliet
1961 4997 2176 5060 fratres,
2204 4997 2297 5067 qni

729 5095 885 5139 erant
906 5086 958 5138 in
980 5083 1162 5139 Iudam
1184 5085 1443 5153 quoniam
1460 5093 1511 5138 et
1531 5097 1715 5155 gentes
1734 5097 2053 5156 receperunt
2074 5089 2297 5142 verbum

736 5176 848 5230 Dei.
873 5176 1008 5232 Cum
1042 5187 1222 5230 autem
1272 5176 1609 5230 ascendisset
1650 5175 1843 5231 Petrus
1875 5177 2296 5250 Jerosolymam,

735 5270 1112 5337 disceptabant
1139 5269 1401 5324 adversus
1424 5269 1599 5333 illum,
1626 5272 1896 5334 quierant
1920 5287 1983 5324 ex
2006 5272 2298 5325 circumci-

734 5361 906 5419 sione,
926 5361 1204 5415 dicentes:
1227 5359 1404 5424 Quare
1438 5360 1673 5414 introisti
1703 5360 1772 5412 ad
1794 5361 1939 5414 viros
1969 5364 2295 5430 praeputium

739 5450 1017 5517 babentcs,
1051 5462 1104 5506 et
1139 5451 1483 5505 manducasti
1517 5467 1638 5505 cum
1688 5453 1836 5506 illis?
1894 5455 2165 5521 Incipiens
2202 5469 2298 5508 au-

828 5607 871 5637 ⁵³
907 5606 1134 5678 I’bilipp.
1181 5625 1238 5674 ιι,
1271 5608 1325 5660 7.
1408 5611 1454 5641 “
1496 5607 1602 5662 Isa.
1662 5625 1814 5674 ηιμ,
1873 5609 1963 5662 ‘25.

3423 3079 3442 3111 ι
3475 3062 3586 3129 ligo
3653 3075 3775 3115 sum
3825 3059 3976 3129 ipse,

2816 3253 2894 3322 Τῇ
2927 3259 2968 3304 ε’
2999 3252 3100 3318 τῆς
3121 3251 3164 3304 δ’
3205 3250 3521 3318 ἑϐδομάδος.

2980 3343 3367 3396 ΚΕΙΜΕΝΟΝ.

2467 3436 2586 3487 Ἔτι
2615 3436 2672 3488 δὲ
2723 3435 3012 3495 λαλοῦντος
3049 3433 3144 3485 τοῦ
3171 3433 3378 3502 Πέτρου
3421 3432 3490 3485 τὰ
3521 3432 3740 3500 ῥήματα
3778 3427 3976 3488 ταῦτα.

2394 3525 2630 3576 ἐπέπεσε
2653 3525 2715 3575 τὸ
2746 3524 2970 3592 Πνεῦμα
2996 3525 3055 3574 τὸ
3102 3523 3256 3589 ἅγιον
3277 3523 3368 3574 ἐπὶ
3407 3522 3614 3581 πά-ιτας
3646 3522 3772 3580 τοὺς
3806 3519 3978 3570 ἀκοῦ-

2394 3633 2556 3676 οντας
2589 3616 2683 3669 τὸν
2713 3615 2886 3679 λόγον.
2922 3615 3030 3667 Καὶ
3089 3615 3387 3683 ἐξέστησαν
3431 3616 3480 3664 οἱ
3545 3614 3609 3663 ἐκ
3667 3609 3980 3678 περιτομῆς

2395 3708 2597 3769 πιστοὶ,
2619 3708 2734 3758 ὅσοι
2771 3705 3032 3774 συνῆλθον
3071 3704 3146 3774 τῷ
3191 3705 3405 3773 Πέτρῳ,
3468 3705 3551 3756 ὅτι
3605 3702 3696 3753 καὶ
3753 3701 3846 3751 ἐπὶ
3908 3700 3982 3751 τὰ

2394 3799 2523 3869 ἔθνη
2559 3801 2592 3868 ἡ
2647 3798 2828 3867 δωρεὰ
2892 3796 2987 3849 τοῦ
3054 3797 3213 3862 ἁγίου
3271 3795 3590 3863 Πνεῦματος
3655 3793 3977 3859 ἐκκέχυται.

2397 3892 2635 3943 Ἤκουον
2665 3891 2773 3959 γὰρ
2801 3888 2980 3942 αὐτῶν
3003 3888 3308 3942 λαλούντων
3337 3885 3633 3953 γλώσσαις,
3673 3883 3767 3936 καὶ
3797 3898 3942 3948 μεγα
3969 3912 3976 3916 -

2395 3981 2661 4034 λυνόντων
2682 3982 2774 4032 τὸν
2802 3981 2954 4033 Θεόν.
2987 3982 3116 4032 Τότε
3153 3977 3425 4047 ἀπεκρίθη
3463 3978 3492 4026 6
3531 3977 3770 4044 Πέτρος⁶
3795 3975 3887 4043 Μή
3924 3991 3979 4026 τι

2394 4073 2454 4126 τὸ
2476 4073 2621 4143 ὕδωρ
2649 4072 2892 4126 κωλῦσαι
2950 4072 3179 4124 δύναταί
3235 4087 3319 4133 τις
3350 4069 3446 4122 τοῦ
3487 4069 3561 4136 μὴ
3602 4067 3978 4136 βαπτισθῆναι

2393 4165 2637 4228 τούτους,
2668 4165 2861 4227 οἵτινες
2887 4165 2948 4216 τὸ
2979 4163 3199 4231 Πνεῦμα
3226 4163 3284 4214 τὸ
3314 4161 3469 4228 ἅγιον
3531 4159 3723 4211 ἔλαϐον
3785 4156 3978 4217 καθὼς

2399 4258 2494 4308 καὶ
2524 4259 2723 4325 ἡμεῖς
2760 4256 3063 4326 προσέταξέ
3088 4272 3146 4307 τε
3179 4255 3378 4315 αὐτοὺς
3409 4252 3776 4322 βαπτισθῆναι
3808 4252 3864 4301 ἐν
3897 4249 3981 4318 τῷ

2396 4350 2621 4416 ὀνόματι
2661 4348 2834 4416 Ἰησοῦ
2856 4347 3114 4417 Χριστοῦ.
3147 4347 3282 4399 Τότε
3315 4345 3609 4415 ἠρώτησαν
3652 4341 3817 4395 αὑτὸν
3849 4341 3980 4393 ὲπι-

2399 4442 2583 4508 μεῖναι
2637 4439 2851 4509 ἡμέρας
2882 4440 3056 4501 τινάς.

2970 4531 3220 4584 κΕψΑΛ.
3248 4527 3364 4595 ις’.

2395 4624 2620 4692 Πέτρου
2641 4623 2975 4691 κατήχησις
2990 4625 3076 4686 εις
3101 4625 3374 4689 Χριστὸν,
3389 4619 3496 4673 τοῦ
3517 4636 3580 4672 τε
3594 4618 3767 4686 ἁγίου
3787 4619 3980 4671 Uret}-

2462 4733 2652 4784 ματος
2682 4714 2779 4766 ἐπὶ
2837 4714 2980 4779 τοὺς
3035 4715 3368 4777 ἀκούοντας
3395 4709 3614 4777 δωρεά·
3663 4709 3762 4761 καί
3816 4709 3979 4774 ὅπως

2469 4808 2927 4873 ἐϐαπτίσθησαν
2959 4807 3091 4858 τότε
3143 4809 3194 4858 οι
3214 4805 3282 4864 ἐξ
3298 4803 3489 4858 ἐθνῶν
3510 4804 3977 4867 πιστεύσαντες.

2995 4902 3379 4956 ΚΕΙΜΕΝΟΝ.

2475 5000 2757 5052 ’Ἤκουσαν
2789 4998 2846 5050 δὲ
2879 4995 3238 5049 οίάπόστολοι
3266 4995 3360 5046 καὶ
3394 4995 3443 5046 οἱ
3470 4992 3693 5059 ἀδελςροὶ
3729 4995 3777 5043 οἱ
3819 4991 3978 5048 ὅντες

2401 5093 2543 5148 κατὰ
2570 5092 2666 5157 τὴν
2719 5089 3000 5152 Ἰουδαίαν,
3032 5089 3115 5139 ὅτι
3147 5087 3338 5139 καὶτὰ
3388 5085 3514 5153 ἔθνη
3578 5082 3832 5146 ἐδέξαντο
3880 5083 3978 5134 τὴν

2397 5184 2554 5251 λόγον
2574 5182 2667 5234 τοῦ
2697 5181 2858 5235 Θεοῦ.
2885 5181 2994 5232 Καὶ
3019 5181 3106 5232 ὅτε
3135 5179 3301 5249 ἀνέϐη
3357 5179 3565 5246 Πέτρος
3625 5177 3703 5237 είς
3721 5176 3984 5245 ’Ἱεροσό-

2398 5275 2565 5344 λυμα,
2627 5273 2957 5341 διεκρίνοντο
3036 5273 3084 5323 οί
3167 5271 3232 5323 ὲκ
3290 5270 3597 5337 περιτομῆς
3655 5266 3792 5335 πρὸς
3880 5266 3982 5316 αὖ-

2394 5367 2485 5419 τὸν
2543 5367 2809 5431 λέγοντες,
2867 5366 2948 5416 ὅτι
3017 5362 3277 5433 Εἰσῆλθες
3379 5361 3513 5431 πρός
3564 5359 3766 5427 ἄνδρας
3811 5360 3952 5426 ἁκρο

2406 5455 2632 5508 ευστίαν
2677 5455 2917 5526 ἔχοντας,
2958 5455 3051 5508 καὶ
3107 5455 3406 5522 συνέφαγες
3458 5454 3662 5515 αὐτοῖς.
3710 5449 3978 5521 ’Δρξάμε-

1921 5719 2121 5779 Varia:
2153 5718 2454 5783 lectiones
2499 5729 2554 5782 et
2606 5731 2790 5784 noto),

815 5819 859 5854 "
892 5821 1337 5907 ἀπερριμμένων.
1417 5823 1454 5852 ⁹¹
1485 5802 1823 5892 βεϐαιοῦται,
1903 5822 2022 5856 ’³³⁸
2061 5821 2283 5890 ταύτης.
