4164 6444
212 396 313 458 949

848 403 1387 466 EXl’OSiTIONlS
1422 408 1501 466 IN
1541 408 1729 469 ACTA
1767 408 2068 474 TEXTUS
2100 414 2367 481 ALTER.
2401 442 2471 453 ·-
2499 417 2658 481 CAP.
2690 419 2796 481 XI.

3349 414 3453 481 950

211 522 295 566 vc;
319 506 377 555 es
412 507 442 557 ὁ
475 507 701 578 Πέτρος.
734 508 1002 572 ἐξετίθετο
1026 514 1211 575 αὐτοῖς
1276 515 1448 582 λέγων
1494 518 1729 588 καθεξῆς
1751 536 1763 550 ⁸

1886 528 1992 575 tem
2049 523 2239 579 Petrus
2288 527 2595 595 exponebat
2638 526 2747 581 illis
2774 526 3047 592 ordinem,
3070 526 3303 582 dicens:
3340 524 3454 596 Ego

240 592 363 658 Εγὼ
396 596 547 665 ἤμην
569 597 628 648 ἐν
653 598 804 650 πόλει
849 597 1042 671 Ἰόππῃ
1072 606 1526 674 προσευχόμενος,
1557 610 1649 661 καὶ
1704 606 1782 660 εἷ-

208 684 295 735 δον
325 689 387 767 ἐν
417 688 673 741 ἐκστάσει
706 690 908 760 Ξραμα,
957 694 1282 748 καταϐαῖνον
1337 696 1528 757 σκεῦός
1588 716 1658 759 τι,
1711 701 1785 762 ὡς

211 773 407 844 ὀθόνην
438 778 707 848 μεγάλην,
760 781 1053 851 τέσσαρσιν
1086 786 1285 854 ἀρχαῖς
1338 786 1668 857 καθιεμένην
1722 791 1786 840 ἐκ

210 865 304 917 τοῦ
331 867 593 937 οὐρανοῦ,
624 871 715 923 καὶ
738 867 901 943 ἦλθεν
928 874 1088 946 ἄχρις
1113 876 1277 946 ἐμοῦ.
1321 877 1413 941 Εἰς
1439 878 1507 949 ἡν
1532 878 1786 943 ἀτενίσας

214 962 507 1013 κατενόουν
536 978 551 993 ’
587 966 680 1017 καὶ
723 961 866 1019 εἶδον
899 968 1077 1022 πάντα
1107 973 1171 1023 τὲ
1199 972 1502 1042 τετράποδα
1535 972 1630 1041 τῆς
1660 972 1784 1040 γῆς,

214 1052 306 1102 καὶ
343 1052 411 1105 τὰ
468 1052 658 1124 θηρία,
691 1058 783 1110 καὶ
808 1058 877 1111 τὰ
927 1060 1155 1131 ἑρπετὰ,
1222 1065 1317 1118 καὶ
1346 1060 1413 1118 τα
1440 1066 1663 1119 πετεινὰ
1690 1066 1785 1119 τοῦ

212 1143 448 1212 οὐρανοῦ
473 1162 487 1176 ·
514 1147 724 1216 ἡκουσά
752 1168 809 1202 τε
842 1154 1026 1223 φωνῆς
1040 1153 1304 1227 λεγούσης
1340 1175 1430 1227 μοι
1452 1174 1465 1188 °
1499 1157 1782 1221 Ἀναστὰς,

222 1234 423 1304 Πέτρε,
454 1236 637 1325 θῦσον,
677 1243 771 1293 καὶ
810 1243 973 1311 φάγε.
1009 1242 1177 1297 Εῐπον
1200 1247 1255 1299 δέ
1280 1263 1292 1276 ·
1327 1246 1630 1318 Μηδαμῶς,
1674 1248 1787 1301 Κύ-

212 1342 298 1395 ριε
330 1342 347 1358 ο
384 1329 492 1379 πᾶν
552 1332 731 1384 κοινὸν
786 1333 1177 1405 ἢάκάθαρτον,
1232 1340 1487 1395 οὐδέποτε
1540 1340 1787 1410 εἰσῆλθεν

210 1419 290 1480 εἰς
325 1419 389 1470 τὸ
419 1420 594 1488 στόμα
621 1439 746 1492 μου.
783 1426 1084 1500 Ἀπεκρίθη
1119 1428 1176 1481 δέ
1214 1446 1303 1499 μοι
1361 1431 1425 1482 ὲκ
1452 1428 1704 1501 δευτέρου
1724 1431 1786 1482 ἐκ

208 1509 303 1560 τοῦ
330 1511 564 1580 οὐραδοοῦ
592 1517 743 1586 φωνή
774 1533 789 1548 ·
828 1520 894 1570 ’Λ
912 1521 941 1571 ὁ
969 1519 1103 1583 Θεὸς
1132 1520 1449 1592 ἑκαθάρισε,
1470 1522 1534 1575 σὺ
1568 1520 1644 1591 μὴ
1668 1520 1785 1574 κοί-

209 1617 324 1654 νου.
361 1602 535 1654 Τοῦτο
562 1605 618 1658 δὲ
643 1606 857 1675 ιγένετο
875 1612 968 1664 ὲτιὶ
1000 1614 1139 1681 τρῖς,
1168 1614 1261 1666 καὶ
1281 1612 1442 1666 πάλιν
1472 1613 1783 1684 ἀνεσπάσθη

209 1691 428 1747 ἅπαντα
459 1698 538 1758 εἰς
563 1697 655 1750 τὸν
687 1699 936 1769 οὐρανὸν.

789 1859 1171 1918 EPMHNEIA.

284 2009 413 2064 Ὅτε
439 2013 792 2081 ἐπίστευσαν,
824 2018 907 2072 ὅτι
939 2020 1156 2083 πάντως
1176 2023 1238 2074 τὸ
1273 2022 1555 2095 βάπτισμα
1582 2026 1775 2093 ἄφεσις

209 2105 625 2176 ἁμαρτημάτων
663 2109 802 2174 εστὶ,
859 2111 982 2164 τότε
1047 2111 1283 2181 ἐπῆλθεν
1337 2115 1423 2168 ἐπ’
1473 2117 1667 2182 αὐτοὺς
1718 2122 1779 2172 τὸ

206 2194 431 2260 Πνεῦμα
452 2212 468 2226 -
500 2196 657 2250 τοῦτο
688 2199 903 2265 γίνεται
934 2202 1457 2273 προοικονομοῦντος
1478 2207 1778 2275 ἀπολογίαν

210 2286 455 2355 μεγάλην
490 2287 569 2356 τῷ
606 2289 798 2360 Πέτρῳ
822 2289 917 2343 τοῦ
943 2290 1099 2347 Θεοῦ.
1152 2295 1264 2347 Καὶ
1320 2296 1419 2365 οὐκ
1482 2296 1669 2359 ἁπλῶς
1718 2298 1782 2351 τδ

208 2376 435 2442 Πνεῦμα
461 2377 718 2445 ἐπῆλθεν,
750 2379 886 2433 ἀλλὰ
912 2383 1005 2435 καὶ
1046 2382 1319 2448 γλώσσαις
1344 2384 1596 2445 ἐλάλουν·
1639 2388 1778 2458 ὅπερ

204 2468 503 2538 ἐξέπληττε
528 2470 655 2531 τοὺς
676 2472 1046 2537 συνελθόντας.
1072 2476 1163 2527 Διὸ
1199 2476 1295 2530 καὶ
1331 2478 1361 2530 ὀ
1381 2476 1586 2546 Πέτρος
1608 2496 1778 2548 προσ-

204 2556 393 2623 έταξεν
440 2559 639 2623 αὐτοὺς
676 2562 879 2626 εὐθέως
928 2564 1293 2635 βαπτισθῆναι
1337 2568 1398 2619 ιν
1450 2568 1528 2637 τῷ
1551 2569 1775 2639 ὀνόματι

205 2652 297 2704 τοῦ
326 2653 556 2722 Κυρίου·
584 2658 680 2708 καὶ
706 2657 809 2709 οὐκ
844 2652 964 2710 εἶπε
986 2674 1000 2691 ο
1036 2658 1132 2722 Τίς
1165 2660 1198 2729 ἡ
1245 2659 1337 2713 τοῦ
1366 2659 1554 2723 ὓδατος
1593 2664 1773 2733 χρεία,

203 2742 296 2795 τοῦ
328 2745 490 2810 ἁγίου
509 2746 825 2814 Πνεύματος
860 2749 1213 2811 ἐπιπεσόντος
1243 2750 1464 2815 αὺτοῖς;
1499 2751 1778 2821 ’ῌδειγάρ

203 2836 283 2889 ὅτι
310 2834 432 2889 θεῖα
460 2837 693 2892 τελεῖται
716 2841 777 2891 ἐν
796 2840 945 2909 αὐτῷ
974 2839 1245 2909 σύμϐολα,
1261 2842 1432 2909 τάφος
1458 2842 1554 2896 καὶ
1575 2842 1779 2912 νέκρω-

206 2945 311 2989 σις,
350 2930 450 2982 καὶ
484 2930 788 2992 ἀνάστασις
818 2933 911 2983 καὶ
932 2931 1067 3001 ζωή.
1093 2933 1305 3001 Ὠσπερ
1326 2932 1434 3004 γὰρ
1464 2935 1598 3002 ἡμῖν
1627 2933 1780 2988 εὔκο-

207 3020 295 3072 λον
331 3020 703 3089 βαπτίσασθαι
732 3024 830 3075 καὶ
852 3023 1175 3090 ἀνανεῦσαι,
1206 3024 1381 3089 οὕτως
1434 3024 1659 3079 εὔκολον
1700 3027 1779 3098 τῷ

203 3112 320 3180 Θεῷ
352 3112 523 3177 θάψαι
568 3113 659 3165 τὸν
702 3114 933 3166 παλαιὸν
986 3114 1274 3185 ἄνθρωπον
1304 3156 1321 3181 ,
1363 3118 1459 3170 καὶ
1504 3117 1775 3187 ἁναζῆσαι

1886 627 2036 665 eram
2082 613 2137 667 in
2183 615 2405 670 civitate
2459 615 2632 686 Joppe
2677 631 2867 678 orans.
2902 624 2956 671 ct
2992 617 3101 671 vidi
3157 618 3211 670 in
3258 632 3456 671 exces-

1887 719 1948 757 su
2018 705 2215 758 mentis
2262 708 2563 772 visionem,
2630 707 2969 764 descendens
3037 723 3133 764 vas
3182 708 3454 779 quoddam

1888 798 2033 851 velut
2110 797 2337 851 linteum
2424 814 2726 870 magnum,
2800 810 3033 873 quatuor
3086 800 3260 855 initiis
3323 800 3457 855 sub-

1887 890 2024 945 mitti
2072 892 2140 946 de
2180 893 2318 947 caelo
2347 934 2363 958 ,
2404 901 2458 947 et
2499 894 2644 948 venit
2676 911 2849 965 usque
2910 894 2977 948 ad
3039 909 3146 949 me.
3202 894 3255 949 In
3290 892 3459 965 25.9

1886 981 2032 1047 quod
2080 980 2300 1037 intuens
2354 981 2809 1048 considerabam,
2844 992 2898 1038 et
2929 980 3041 1036 vidi
3076 980 3453 1051 quadrupedia

1888 1078 2045 1125 terra:
2070 1080 2121 1124 et
2150 1071 2351 1129 bestias
2383 1082 2437 1128 et
2469 1073 2684 1145 reptilia
2715 1083 2769 1128 et
2802 1073 3045 1128 volatilia
3075 1072 3224 1128 coeli.
3259 1071 3453 1126 Audivi

1887 1170 2070 1216 autem
2104 1171 2158 1217 et
2198 1178 2385 1218 vocem
2416 1166 2687 1221 dicentem
2723 1164 2857 1219 mihi
2886 1183 2901 1219 :
2957 1166 3150 1235 Surge,
3191 1163 3370 1228 Pelre,
3400 1171 3455 1216 et

1886 1255 2076 1310 occide
2114 1267 2167 1310 et
2192 1255 2483 1311 manduca.
2522 1256 2637 1313 Dixi
2671 1265 2853 1312 autem
2885 1275 2897 1309 :
2940 1257 3316 1327 Nequaquam,
3349 1254 3452 1309 Do-

1887 1347 2031 1402 mine
2065 1366 2078 1401 :
2142 1346 2271 1417 quia
2341 1362 2630 1404 commune
2675 1357 2769 1405 aut
2806 1349 3145 1405 immundum
3175 1362 3451 1418 nunquam

1888 1431 2132 1492 introivit
2194 1439 2249 1493 in
2296 1453 2360 1494 os
2405 1454 2608 1495 meum.
2664 1439 2969 1510 Respondit
3012 1447 3194 1496 autem
3228 1453 3329 1493 vox
3364 1453 3456 1493 se-

1886 1528 2066 1583 cundo
2096 1529 2162 1585 de
2196 1529 2373 1585 ctelo:
2431 1528 2566 1597 Quae
2599 1528 2741 1586 Deus
2774 1517 3076 1595 mundat-it,
3104 1542 3161 1584 ιιι
3196 1545 3263 1584 ne
3289 1544 3453 1585 com-

1886 1634 2051 1673 mune
2085 1620 2308 1675 dixeris.
2348 1620 2463 1676 lloe
2500 1630 2681 1675 autem
2719 1620 2926 1675 factum
2966 1628 3049 1674 est
3081 1634 3178 1690 per
3235 1629 3360 1685 ter;
3401 1628 3455 1675 et

1886 1719 2104 1780 recepta
2133 1721 2262 1765 sunt
2292 1711 2475 1766 omnia
2509 1726 2728 1766 rursum
2769 1713 2825 1766 in
2855 1712 3074 1767 crnlum.

2400 1866 2967 1925 COMMENTARIUS.

1950 2024 2186 2090 Quando
2222 2025 2601 2091 crediderunt,
2650 2026 2770 2082 dari
2796 2028 3024 2083 omnino
3050 2042 3146 2097 per
3180 2028 3452 2097 baptisma

1881 2115 2263 2171 remissionem
2326 2125 2700 2185 peccatorum,
2764 2125 2897 2172 tunc
2947 2120 3096 2172 venit
3140 2133 3306 2187 super
3344 2133 3453 2195 “eos

1883 2203 2121 2275 Spiritus
2144 2213 2372 2261 sanctus
2404 2223 2419 2260 :
2450 2206 2644 2277 sicque
2674 2207 2816 2262 Deus
2858 2223 3106 2278 magnam
3144 2207 3305 2263 Petro
3338 2202 3450 2262 ‘de-

1880 2296 2183 2353 fensionem
2216 2298 2450 2368 paravit.
2493 2297 2563 2352 At
2600 2312 2731 2373 vero
2760 2313 2867 2353 non
2896 2307 3178 2368 utcunque
3209 2297 3453 2367 Spiritus

1880 2392 2105 2441 sanctus
2143 2401 2311 2457 super
2343 2386 2466 2442 illos
2500 2386 2786 2442 descendit
2814 2404 2830 2452 ;
2865 2387 2961 2442 sed
3014 2388 3111 2450 ita,
3144 2391 3206 2441 ut
3244 2386 3322 2440 illi
3356 2400 3453 2440 va-

1880 2477 1976 2532 riis
2012 2477 2210 2547 linguis
2240 2477 2534 2532 confestim
2566 2478 2955 2547 loquerentur;
2994 2493 3114 2548 qua:
3147 2492 3235 2533 res
3268 2485 3455 2531 astan—

1880 2578 1966 2624 tes
2012 2570 2187 2623 multa
2245 2568 2614 2624 admiratione
2667 2569 2983 2639 complevit.
3040 2569 3197 2627 Unde
3247 2569 3452 2624 Petrus

1880 2659 2067 2726 jussit,
2121 2673 2219 2714 eos
2266 2658 2452 2714 statim
2486 2658 2755 2728 baptizari
2822 2659 2877 2714 in
2942 2660 3168 2715 nomine
3233 2658 3452 2713 Domini

1878 2749 2005 2805 Jesu
2057 2748 2287 2805 Christi.
2345 2749 2529 2820 Neque
2564 2764 2693 2804 vero
2743 2750 2879 2804 dixit
2935 2768 2949 2805 :
3001 2749 3144 2818 Quid
3184 2764 3320 2820 opus
3366 2758 3452 2804 est

1879 2854 2020 2910 aqua
2075 2842 2143 2898 iis
2175 2840 2271 2909 qui
2330 2839 2599 2910 Spiritum
2638 2851 2891 2897 sanetum
2933 2842 3048 2911 jam
3087 2840 3454 2912 receperunt?

1879 2930 2115 2987 Noverat
2174 2932 2357 2997 enim,
2418 2944 2516 3000 per
2590 2945 2747 2987 sacra
2816 2929 2908 2985 illa
2965 2930 3210 3003 symbols
3267 2930 3452 2999 pet-fici

1878 3023 2250 3092 sepulturam,
2314 3029 2567 3085 mortem,
2623 3021 3087 3078 resurrectionem
3148 3030 3203 3078 et
3258 3024 3451 3078 vitam.

1877 3113 2348 3179 Quemadmodum
2386 3113 2533 3167 enim
2586 3112 2747 3168 facile
2774 3114 2935 3169 nobis
2966 3122 3051 3168 est
3082 3115 3242 3183 aquis
3276 3115 3450 3179 ιιιιιτμί

202 3204 292 3255 τὸν
334 3204 477 3256 νέον.
517 3203 687 3257 Τοῦτο
715 3205 774 3257 δὲ
797 3206 983 3274 τρίτον
1014 3208 1246 3272 γίνεται,
1276 3207 1362 3259 ἵνα
1415 3208 1655 3276 γνῶμεν,
1689 3209 1770 3261 ὃτι

1879 3212 1931 3258 et
1958 3218 2236 3272 emergere
2261 3244 2275 3267 ,
2304 3203 2379 3259 ita
2440 3202 2599 3259 facile
2640 3212 2729 3258 est
2781 3202 2891 3259 Deo
2942 3213 3179 3260 veterem
3220 3204 3453 3274 sepelire

200 3295 428 3363 δυνὸμει
485 3296 717 3364 Πατρὸς,
752 3298 846 3350 καὶ
902 3295 1053 3361 Υιοῦ,
1110 3298 1207 3351 καὶ
1245 3297 1407 3364 ἁγίου
1453 3297 1770 3367 Πνεῦματος

200 3385 354 3437 τοῦτο
388 3386 617 3452 γίνεται.
647 3386 803 3447 Τινὲς
832 3385 893 3439 δέ
925 3402 1116 3455 φασιν,
1144 3387 1232 3440 ἵνα
1257 3385 1445 3457 δειχθῇ
1469 3388 1513 3455 ’ἠ
1538 3387 1770 3457 τριήμε-

203 3491 292 3542 ρος
346 3477 643 3539 ἀνάστασις
689 3476 784 3529 τοῦ
820 3476 1058 3546 Χριστοῦ
1113 3478 1273 3531 τοῦτο
1321 3477 1769 3547 κατεργαζομένη

201 3567 256 3617 ἑν
280 3569 435 3635 ἡμῖν.
475 3587 494 3619 ι
530 3568 855 3637 Ἀρξάμενος
882 3569 939 3620 δὲ
972 3569 1002 3620 ὁ
1051 3567 1278 3639 Πέτρος.
1312 3587 1329 3619 ι
1361 3569 1624 3633 ,Δείκνυσι
1679 3566 1769 3620 διὰ

202 3658 298 3724 τῆς
325 3659 620 3726 ἀπολογίας
664 3660 855 3712 ἑαυτὸν
897 3659 995 3728 μὲν
1026 3659 1269 3729 οὐδαμοῦ
1298 3659 1497 3724 αῐτιον,
1557 3675 1767 3712 πανταο

204 3748 301 3816 χοῦ
334 3750 391 3802 δὲ
430 3750 525 3803 τὸν
557 3751 714 3805 Θεὸν.
762 3751 853 3803 Ἐν
901 3750 1158 3805 ἐκστάσει
1206 3753 1337 3821 γὰρ,
1386 3752 1571 3822 φησὶν.
1612 3750 1774 3813 αὐτὸς

202 3845 428 3913 ἐποίησε
455 3860 469 3873 ·
512 3844 575 3897 τὺ
605 3843 798 3907 σκεῦος
852 3843 1016 3906 αὐτος
1048 3842 1249 3907 ἔδειξεν
1273 3860 1288 3874 ⁶
1314 3843 1426 3911 ιγὼ
1474 3844 1564 3896 καὶ
1595 3825 1773 3897 ἀντεῖ-

202 3952 320 3995 πον.
379 3935 477 3987 καὶ⁵
524 3934 701 3988 πάλιν
744 3934 905 3997 αὐτὸς
962 3931 1149 3999 εἶπεν,
1208 3935 1331 3989 οὐδὲ
1382 3933 1557 3998 οὕτως
1592 3936 1773 4006 ἡκου-

207 4044 272 4077 aa
292 4042 306 4056 ο
342 4028 404 4079 τὸ
433 4026 657 4096 Πνεῦμα
700 4026 988 4081 ἐκέλευσεν
1049 4027 1306 4080 ἀπελθεῖν
1326 4044 1341 4058 ·
1373 4031 1468 4079 καὶ
1498 4026 1770 4088 ἀπελθὼν.

202 4117 321 4169 οὐδὲ
374 4114 549 4180 οὕτως
576 4116 901 4188 ἐπέδραμον.
939 4113 1128 4183 Εἶπον,
1154 4117 1238 4170 ὅτι
1264 4119 1291 4170 6
1323 4116 1457 4179 Θεὸς
1511 4116 1725 4186 ἔπεμψε
1754 4132 1769 4147 ·

206 4210 297 4260 καὶ
322 4208 447 4261 οὐδὲ
478 4206 653 4272 οὕτως
707 4208 1001 4261 ἐϐάπτισα.
1067 4206 1225 4261 Ἀλλὰ
1282 4206 1443 4259 πάλιν
1467 4208 1497 4259 ὁ
1541 4205 1673 4267 Θεὸς
1716 4204 1776 4258 τὺ

207 4302 312 4351 πᾶν
345 4300 675 4368 είργὰσατω
703 4302 731 4353 ὁ
758 4300 889 4363 Θεὸς
916 4299 1113 4362 αὐτοὺς
1142 4298 1455 4361 ἐϐάπτισεν,
1493 4297 1592 4349 οὐκ
1639 4296 1772 4364 ἐγὼ.

210 4410 229 4439 ε
255 4391 375 4444 Ἔτι
408 4384 519 4458 γάρ
563 4407 663 4459 μου
692 4388 973 4452 λαλοῦντος
1008 4390 1213 4451 αὐτοῖς,
1241 4388 1509 4441 ἐπέπεσεν
1552 4388 1641 4440 ἐπ’
1672 4388 1773 4441 αὖ·

199 4482 327 4544 τοὺς
359 4482 421 4534 τὸ
475 4481 699 4553 Πνεῦμα
733 4482 795 4534 τὸ
846 4480 1000 4549 ἅγιον
1025 4497 1039 4512 °
1092 4480 1188 4534 καὶ
1219 4480 1436 4534 ἐλάλουν
1476 4478 1773 4548 γλώσσαις,

202 4577 291 4628 καὶ
318 4575 654 4643 ἐμεγάλυνεν
694 4574 786 4627 τὸν
814 4573 948 4627 Θεὸν
971 4573 1151 4636 καθὼς
1189 4574 1283 4626 καὶ
1308 4572 1490 4642 ἡμεῖς.
1522 4589 1541 4623 ι

1873 3297 2147 3353 hominem
2200 3306 2255 3351 et
2294 3311 2493 3352 novum
2539 3296 2833 3351 vivificare.
2870 3294 2986 3351 Hoc
3041 3305 3222 3351 autem
3252 3304 3335 3351 ter
3372 3299 3451 3359 tit,

1872 3396 1933 3442 ιιι
1957 3386 2158 3442 virtute
2191 3385 2395 3449 Patris,
2431 3384 2556 3440 Filii
2607 3394 2662 3441 et
2702 3385 2941 3456 Spiritus
2994 3387 3172 3444 sancti
3232 3386 3286 3441 id
3330 3387 3450 3441 fieri

1871 3494 2287 3550 cognoscamus.
2330 3478 2565 3545 Quidam
2602 3494 2730 3535 vero
2764 3479 2943 3544 aiunt,
2978 3478 3032 3532 id
3084 3480 3226 3541 fieri.
3272 3487 3331 3532 ut
3366 3481 3445 3533 si-

1872 3572 2160 3638 gnificetur
2191 3571 2522 3625 resurrectio
2551 3568 2779 3635 Christi,
2814 3585 2938 3641 quae
2993 3570 3156 3625 tertia
3204 3569 3295 3624 die
3316 3584 3453 3624 con-

1873 3661 2015 3730 tigit,
2053 3662 2158 3716 hoc
2186 3661 2404 3733 operari
2456 3661 2510 3715 in
2538 3662 2718 3716 nobis.
2759 3680 2778 3714 ι
2813 3660 3090 3732 Incipiens
3116 3669 3299 3716 autem
3342 3662 3450 3715 Pe-

1874 3759 2013 3807 trus.
2066 3769 2087 3804 ι
2146 3752 2216 3806 Se
2264 3749 2563 3807 defendens
2625 3765 2816 3807 contra
2878 3752 3005 3807 illos
3054 3767 3121 3807 ex
3159 3752 3450 3806 circumci-

1874 3842 2049 3904 sione,
2093 3839 2188 3909 qui
2220 3839 2598 3910 diseeptabant
2642 3841 2909 3897 adversus
2943 3840 3119 3900 illum.
3181 3841 3442 3905 ostendit,

1874 3932 1995 4002 ejus
2034 3932 2111 3987 rei
2144 3946 2253 3987 non
2280 3948 2361 3997 se,
2402 3935 2496 3989 sed
2530 3932 2698 3989 Deum
2728 3935 2995 4005 integram
3024 3949 3148 3989 esse
3176 3947 3399 3989 causam
3432 3950 3446 3987 :

1877 4022 2104 4092 perinde
2134 4038 2198 4079 ac
2230 4023 2275 4078 si
2304 4024 2548 4080 diceret:
2577 4025 2745 4079 Extra
2771 4040 2972 4081 sensus
3000 4026 3115 4096 ipse
3136 4040 3221 4081 me
3245 4024 3449 4094 rapuit;

1878 4118 1994 4186 ipse
2023 4117 2157 4173 mihi
2189 4135 2285 4174 vas
2314 4119 2559 4176 ostendit
2584 4137 2600 4186 ;
2630 4134 2732 4190 ego
2756 4133 2887 4174 vero
2910 4118 3075 4173 etiam
3098 4114 3408 4170 contradisi
3434 4132 3447 4168 :

1878 4209 1967 4263 ille
1997 4224 2190 4265 rursus
2216 4210 2451 4276 institit;
2493 4225 2593 4278 ego
2617 4224 2792 4279 neque
2822 4210 2911 4265 sic.
2936 4207 3185 4277 acquievi
3221 4224 3235 4260 :
3268 4205 3443 4275 Spiri-

1878 4311 1965 4353 tus
1986 4307 2212 4355 sanctus
2236 4300 2422 4370 jussit,
2465 4311 2522 4353 ut
2553 4301 2966 4370 proﬁciscerer;
2996 4297 3274 4369 profectus
3305 4312 3449 4356 sum,

1878 4389 1972 4445 sed
2003 4405 2112 4443 non
2146 4392 2387 4446 excurri.
2442 4389 2561 4444 Dixi
2596 4391 2764 4445 Deum
2813 4390 3155 4445 me.misisse
3188 4406 3204 4453 ;
3264 4401 3444 4455 neque

1882 4480 1963 4536 sic
1996 4488 2176 4535 tamen
2204 4482 2479 4551 baptizare
2504 4496 2795 4551 aggressus
2824 4497 2966 4535 sum.
3024 4481 3093 4534 At
3124 4478 3265 4533 Deus
3302 4477 3451 4545 ipsus

1882 4571 2201 4639 baptizavit,
2229 4587 2339 4628 non
2366 4588 2488 4641 ego.
2548 4593 2564 4624 ι
2601 4572 2811 4628 Etenim
2841 4586 2925 4626 me
2952 4572 3134 4625 adhuc
3174 4572 3451 4643 loquente,

202 4669 399 4724 cecidit
430 4668 669 4740 Spiritus
707 4676 931 4723 sanctus
961 4682 1129 4737 super
1153 4681 1271 4729 eos.
1319 4673 1373 4722 et
1439 4667 1801 4735 loquebantur
1843 4666 2005 4721 variis
2056 4665 2279 4737 linguis,
2336 4668 2617 4737 Deumque
2713 4667 3153 4739 magnitlcahant,
3206 4666 3343 4720 sicut
3399 4679 3454 4727 et

198 4774 324 4815 1³08.
363 4777 385 4812 ι

628 4917 707 4990 Τῇ
747 4924 802 4982 ς’
826 4918 923 4988 τῆς
942 4917 983 4973 δ’
1017 4918 1335 4990 ἃδδομάδος.

785 5050 1167 5104 KEIMENUN.

270 5191 383 5245 Καὶ
419 5188 528 5242 ίεοίι
558 5188 618 5253 ἐξ
645 5190 815 5259 αὐτῆς
860 5189 1006 5260 τρεῖς
1067 5188 1259 5259 ἄνδρες
1306 5189 1617 5260 ἐπέστησαν
1676 5189 1770 5242 ἐπὶ

198 5280 299 5349 τὴν
330 5281 509 5334 οἰκίαν
528 5281 585 5333 ἑν
608 5273 827 5353 ᾖήμην,
853 5279 1249 5350 ἀπεσταλμένοι
1270 5280 1379 5335 ἀπὸ
1428 5282 1766 5352 Καισαρείας

202 5372 337 5442 πρὸς
373 5370 465 5441 μέ.
498 5365 633 5424 Εἷπε
670 5370 725 5425 δέ
749 5388 839 5439 μοι
883 5371 945 5425 τὸ
972 5370 1198 5443 Πνεῦμα
1247 5372 1521 5426 συνελθεῖν
1565 5376 1767 5439 αὐτοῖς,

206 5460 278 5525 μὴ
306 5457 648 5526 διακρίναντι
672 5497 684 5509 .
715 5454 916 5513 Ἦλθον
946 5459 1003 5512 δὲ
1036 5461 1133 5512 σὺν
1171 5461 1295 5532 ἐμοὶ
1323 5461 1413 5515 καὶ
1450 5462 1500 5514 οἱ
1522 5462 1580 5528 ἓξ
1612 5463 1766 5515 ἀδελ-

202 5549 292 5615 φοὶ
312 5540 483 5612 οὗτοι,
510 5549 604 5603 καὶ
634 5549 956 5620 εἰσήλθομεν
998 5552 1078 5615 είς
1116 5552 1207 5607 τὸν
1235 5548 1382 5606 οἷκον
1430 5552 1524 5607 τοῦ
1555 5554 1766 5626 ἀνδρός.

216 5638 551 5706 Ἀπήγγειλε
599 5640 656 5693 δὲ
680 5642 811 5710 ἡμῖν
869 5642 987 5705 πῶς
1022 5635 1135 5696 εἶδε
1188 5645 1280 5696 τὸν
1327 5644 1558 5713 ἄγγελον
1583 5648 1640 5699 ὲν
1690 5647 1769 5715 τῷ

201 5728 333 5798 οἴκῳ
385 5731 553 5785 αὑτοῦ
600 5734 861 5787 σταθέντα
953 5738 1049 5790 καὶ
1114 5737 1335 5791 εἰπόντα
1393 5738 1574 5806 αὐτῷ’
1608 5740 1768 5792 Ἀπό-

204 5826 411 5877 στειλον
470 5825 551 5888 είς
601 5827 822 5897 Ἰόππην
878 5830 1097 5902 ἄνδρας,
1142 5831 1234 5883 καὶ
1284 5832 1636 5901 μετάπεμψαι
1681 5834 1769 5885 Σί-

2235 4913 2389 4969 Feria
2414 4913 2446 4968 6
2476 4913 2831 4968 hebdomadas
2861 4922 3091 4983 quartae.

2497 5048 2796 5104 TEXTUS.

1950 5188 2041 5253 Xl,
2069 5188 2252 5244 ll-l8.
2273 5189 2335 5244 Et
2357 5203 2483 5244 ecce
2512 5196 2625 5243 tres
2641 5186 2931 5244 confestim
2950 5187 3245 5243 astiterunt
3272 5187 3324 5242 in
3350 5188 3448 5241 do-

1876 5297 1982 5347 mo,
2002 5282 2176 5350 inqua
2194 5296 2367 5346 eram,
2386 5279 2542 5334 missi
2568 5295 2595 5331 a
2615 5279 2861 5335 Caesarea
2881 5279 2947 5333 ad
2968 5292 3073 5333 me.
3093 5276 3238 5331 Dixit
3260 5285 3443 5333 autem

1875 5373 2113 5443 Spiritus
2135 5374 2287 5439 mihi,
2304 5372 2467 5442 250
2488 5380 2545 5427 ut
2572 5373 2706 5427 irem
2723 5388 2845 5428 cum
2875 5372 2982 5427 illis
3007 5371 3143 5425 nihil
3164 5370 3442 5425 haesitans.

1874 5462 2151 5520 Venerunt
2170 5472 2350 5518 autem
2372 5479 2583 5518 mecum
2606 5472 2659 5518 et
2677 5479 2771 5519 sex
2794 5462 2989 5517 fratres
3008 5462 3125 5527 isti,
3140 5469 3194 5516 et
3213 5460 3444 5530 ingressi

1879 5572 2069 5612 sumus
2107 5558 2159 5610 in
2189 5555 2410 5610 domum
2445 5555 2565 5611 viri.
2604 5554 2856 5611 Narravit
2880 5563 3062 5610 autem
3095 5555 3276 5620 nobis,
3306 5569 3445 5624 quo-

1881 5648 2043 5703 modo
2079 5646 2305 5702 vidisset
2344 5646 2596 5717 angelum
2652 5648 2706 5700 in
2736 5647 2898 5701 domo
2953 5662 3075 5709 sua,
3121 5653 3358 5700 stantem
3389 5652 3443 5699 et

1880 5741 2148 5796 dicentem
2181 5740 2284 5793 sibi
2315 5758 2328 5793 :
2366 5738 2517 5793 Mitte
2548 5739 2603 5792 in
2632 5738 2864 5808 Joppen,
2899 5748 2953 5793 et
3000 5739 3209 5793 accersi
3263 5738 3444 5791 Simo-

1884 5848 2027 5895 nem,
2056 5832 2145 5899 qui
2188 5830 2603 5900 cognominatur
2634 5830 2860 5897 Pctrus;
2896 5831 2984 5899 qui
3035 5832 3291 5900 loquetur
3347 5827 3444 5883 tibi
