4164 6444
712 430 814 496 951

1589 429 2160 511 TllEOPllYl.ACTI
2198 428 2604 488 BUI.GAerE
2647 426 3004 487 ARCHIEP.

3859 414 3967 478 952

714 549 901 612 verba,
934 547 990 601 in
1021 546 1220 616 quibus
1253 546 1436 601 salvus
1467 547 1577 601 eris
1609 557 1687 609 tu,
1719 556 1772 600 et
1808 547 2061 599 universa
2088 545 2282 597 domus

2391 561 2545 612 μωνα
2577 546 2666 597 τὸν
2699 542 3128 611 ἐπᾶαλούμενον
3161 539 3387 607 Πέτρον,
3409 535 3466 598 ὃς
3494 534 3716 603 λαλήσει
3737 535 3959 602 ῥήματα

718 651 832 694 tua.
888 640 1025 695 Cum
1059 649 1238 693 autem
1278 639 1564 709 coepissem
1608 640 1778 706 loqui,
1813 637 2010 691 cecidit
2048 636 2285 704 Spiritus

717 739 945 786 sanctus
970 745 1133 799 super
1163 746 1277 794 eos,
1314 733 1456 784 sicut
1483 739 1536 783 et
1563 731 1614 782 in
1650 745 1748 783 nos
1785 731 1837 782 in
1875 731 2052 783 initio.
2089 729 2284 780 ltecor-

717 824 880 875 datus
918 837 1038 877 sum
1092 832 1270 876 autem
1317 824 1470 875 verbi
1527 823 1780 883 Domini.
1837 824 1979 875 sicut
2023 821 2281 874 diccbat:

717 915 960 969 Joannes
993 915 1210 985 quidem
1247 916 1546 986 baptizavit
1577 931 1737 983 aqua,
1774 929 1871 967 vos
1902 921 2081 966 autem
2111 913 2284 980 bapti-

717 1006 974 1061 zabimini
999 1008 1050 1061 in
1083 1007 1288 1074 Spiritu
1320 1017 1531 1063 saneto.
1553 1009 1607 1061 Si
1631 1023 1759 1076 ergo
1790 1007 2032 1060 eamdem
2057 1006 2283 1074 gratiam

717 1097 868 1152 dedit
908 1099 1017 1153 illis
1063 1098 1225 1161 Deus,
1261 1101 1403 1153 sicut
1432 1110 1483 1154 et
1521 1100 1700 1161 nobis,
1746 1097 1837 1167 qui
1867 1097 2202 1150 credidimus
2231 1097 2282 1148 in

716 1188 1004 1242 Dominum
1034 1186 1221 1245 Jesum
1255 1191 1534 1244 Christum
1575 1209 1584 1243 :
1653 1205 1752 1257 ego
1798 1190 1922 1258 quis
1976 1203 2146 1252 eram,
2190 1187 2281 1254 qui

718 1293 935 1348 possem
971 1283 1260 1348 prohibere
1320 1281 1524 1337 Deum?
1558 1281 1652 1335 llis
1687 1280 1888 1333 auditis
1924 1284 2284 1332 lacueruntct

716 1370 1165 1440 glorificaverunt
1193 1373 1382 1437 Deum,
1418 1373 1661 1426 dicentes
1695 1391 1706 1424 :
1762 1371 1902 1441 Ergo
1933 1378 1984 1424 et
2033 1371 2284 1440 gentibus

716 1460 1093 1528 penitentiam
1121 1462 1270 1516 dedit
1305 1462 1448 1517 Deus
1475 1462 1536 1515 ad
1553 1459 1751 1516 vitam.

1025 1665 1302 1718 Domiuiea
1331 1666 1689 1720 hebdomadas
1724 1666 1948 1736 quintat.

1332 1757 1633 1814 TEXTUS.

784 1845 872 1909 XI,
897 1848 1080 1903 19-50.
1101 1848 1164 1901 Et
1187 1850 1261 1903 illi
1278 1851 1492 1918 quidem
1509 1853 1600 1920 qui
1626 1852 1862 1920 dispersi
1894 1853 2109 1905 fuerant
2130 1867 2157 1903 a
2187 1854 2282 1905 tri-

713 1938 991 1995 bulatione
1008 1958 1126 2010 qua:
1146 1942 1284 1995 facta
1304 1942 1478 1997 fuerat
1496 1944 1598 1998 sub
1620 1944 1920 2014 Stephano,
1945 1947 2283 2013 perambula-

713 2042 908 2086 Vcrunt
931 2048 1099 2102 usque
1123 2033 1455 2096 thuicem,
1479 2044 1532 2086 et
1557 2037 1818 2105 Cyprum,
1838 2047 1889 2089 et
1913 2037 2282 2102 Antiochiam,

713 2122 1208 2193 neminiloquentes
1227 2127 1472 2187 verbum,
1496 2127 1596 2179 nisi
1620 2125 1983 2180 solisJudaL-is.
2010 2127 2176 2178 Erant
2193 2143 2286 2179 au-

712 2221 820 2264 tem
859 2214 1075 2281 quidam
1107 2232 1167 2268 ex
1212 2216 1292 2269 eis
1328 2216 1424 2269 viri
1455 2217 1634 2286 Cyprii
1659 2225 1711 2269 et
1732 2216 1998 2285 Cyrenaei,
2033 2218 2124 2284 qui
2157 2233 2281 2271 cum

715 2303 1029 2358 introissent
1066 2307 1430 2371 Antiochiam,
1461 2309 1821 2377 loquebantur
1848 2318 1900 2362 et
1939 2311 2004 2362 ad
2043 2309 2280 2370 Grmcos,

714 2399 1101 2452 annuntiautes
1129 2399 1419 2452 Dominum
1449 2398 1655 2454 Iesum.
1705 2401 1769 2453 Et
1803 2413 1919 2454 erat
1952 2418 2147 2456 manus
2181 2402 2283 2456 Do-

715 2488 846 2542 mini
893 2503 1017 2542 cum
1062 2491 1143 2543 eis
1191 2510 1202 2543 :
1265 2491 1582 2560 multusque
1629 2507 1894 2546 numerus
1941 2492 2281 2545 credentium

715 2595 1017 2635 conversus
1051 2591 1126 2635 est
1155 2581 1220 2634 ad
1250 2580 1559 2634 Domimun.
1596 2581 1852 2637 Pervenit
1886 2592 2066 2638 autem
2101 2599 2282 2637 sermo

716 2670 782 2722 ad
820 2683 980 2724 aures
1027 2669 1307 2732 Ecclesim,
1356 2687 1476 2740 quae
1514 2683 1633 2725 erat
1675 2670 2068 2742 Jerosolymis.
2117 2690 2284 2744 super

716 2759 870 2814 istis:
902 2767 955 2814 et
979 2760 1244 2814 miserunt
1275 2759 1576 2814 Barnaham
1613 2776 1789 2832 usque
1819 2763 1884 2815 ad
1914 2763 2279 2818 Antiochiam.

715 2849 819 2916 Qui
853 2867 976 2905 eum
1026 2853 1366 2921 pervenisset
1398 2865 1449 2906 et
1491 2853 1716 2908 vidisset
1764 2855 1997 2923 gratiam
2039 2855 2153 2921 Dei,
2189 2873 2280 2927 ga-

714 2944 867 2997 visus
897 2952 1009 3001 cst:
1031 2951 1086 2996 et
1121 2944 1445 2997 hortabatur
1466 2960 1658 2999 omnes
1691 2945 1744 2998 in
1780 2947 2064 3015 proposito
2097 2949 2281 3004 cordis

719 3051 1042 3102 permanere
1069 3037 1120 3090 in
1153 3037 1405 3090 Domino.
1459 3036 1594 3102 Quia
1619 3047 1738 3093 erat
1771 3040 1852 3092 vir
1879 3040 2056 3094 bonus
2087 3048 2140 3095 et
2164 3041 2280 3110 ple-

717 3141 821 3180 nus
870 3124 1078 3195 Spiritu
1125 3137 1318 3182 sancto
1356 3137 1409 3183 et
1451 3129 1575 3184 fide.
1615 3128 1680 3182 Et
1712 3131 1961 3200 apposita
1991 3143 2075 3187 est
2110 3135 2280 3187 multa

713 3218 873 3272 turba
909 3219 1153 3276 Domino.
1193 3219 1481 3277 Profectus
1515 3230 1598 3276 est
1624 3231 1803 3277 autem
1838 3224 2120 3278 Barnabas
2141 3223 2280 3278 Tar-

715 3325 858 3374 sum,
905 3319 964 3364 ut
998 3325 1263 3381 quaereret
1308 3313 1533 3366 Saulum
1563 3331 1575 3378 ;
1608 3329 1768 3382 quem
1797 3329 1920 3368 cum
1955 3315 2278 3379 invenisset,

715 3403 967 3471 perduxit
1004 3405 1374 3459 Antiochiam.
1413 3405 1476 3458 Et
1516 3421 1718 3459 annum
1753 3414 1927 3459 totum
1975 3408 2281 3461 conversati

714 3503 845 3548 sunt
885 3496 956 3549 ibi
998 3496 1048 3549 in
1087 3497 1326 3551 Ecclesia
1361 3507 1412 3552 et
1441 3498 1750 3552 docuerunt
1780 3500 1995 3552 turbam
2031 3501 2279 3564 multam,

714 3587 786 3640 ita
812 3594 869 3640 ut
890 3589 1409 3658 eognominareutur
1437 3590 1670 3658 primum
1695 3589 2000 3644 Antiochiae
2027 3591 2280 3660 discipuli

711 3674 1029 3730 Christiani.
1059 3675 1116 3729 ln
1157 3677 1240 3733 his
1291 3687 1473 3731 autem
1515 3678 1709 3734 diebus
1745 3681 2282 3749 superveneruntab

711 3765 1065 3836 .lnrosolymis
1117 3769 1394 3837 prophetae
1463 3769 1810 3823 Antiochiam
1867 3787 1880 3822 :
1952 3778 2006 3824 et
2052 3785 2281 3839 surgens

717 3873 857 3911 unus
883 3873 948 3911 ex
975 3858 1056 3913 eis
1089 3859 1308 3912 nomine
1345 3860 1588 3928 Agabus,
1614 3860 1960 3929 significabat
1987 3875 2082 3929 per
2106 3860 2274 3930 Spiri-

719 3959 828 3999 tum
868 3947 1062 4003 famem
1091 3964 1341 4018 magnam
1377 3949 1617 4002 futuram
1649 3951 1700 4003 in
1730 3950 1986 4005 universo
2015 3949 2147 4004 orbe
2177 3959 2284 4003 ter-

716 4053 924 4107 ra_rum,
960 4055 1079 4110 qua:
1109 4040 1249 4095 facta
1278 4050 1362 4096 est
1383 4043 1487 4096 sub
1506 4043 1754 4096 Claudio.
1780 4041 2042 4112 Discipuli
2077 4049 2280 4105 autem,

718 4139 877 4200 prout
904 4132 1028 4200 quis
1063 4131 1315 4195 habebat,
1362 4142 1763 4203 preposuerunt
1797 4135 1995 4203 singuli
2039 4135 2092 4187 in
2123 4134 2283 4187 mini-

718 4223 948 4276 sterium
994 4223 1213 4278 mittere
1262 4224 1635 4280 habitantibus
1665 4225 1718 4278 in
1762 4224 1948 4280 Iudaea
1980 4225 2279 4279 fratribus:

717 4312 873 4382 251
925 4315 1067 4384 quod
1103 4323 1158 4369 et
1218 4313 1486 4376 fecerunt.
1517 4317 1791 4373 mittentes
1816 4317 1883 4372 ad
1918 4318 2160 4372 seniores
2189 4332 2284 4386 per

721 4421 912 4462 manus
943 4406 1203 4463 Barnaba:
1235 4418 1288 4464 et
1323 4410 1493 4463 Sauli.

1218 4671 1779 4729 COMMENTARIUS.

791 4761 1045 4832 Fortasse
1081 4769 1367 4830 propterea
1403 4764 1548 4832 quod
1582 4763 1845 4818 llebraice
1886 4763 2033 4834 loqui
2067 4763 2283 4818 nescie-

719 4852 886 4915 bant,
934 4849 1241 4906 llellenistae
1282 4854 1642 4907 vocabantur.
1693 4852 2081 4923 Loquebantur
2127 4854 2290 4923 igitur

722 4943 1106 4997 annuntiantes
1155 4943 1264 4999 illis
1306 4943 1494 4998 Jesum
1543 4943 1855 5009 Christum,
1903 4957 1958 5000 et
1994 4944 2290 4998 credebant

722 5048 930 5097 omnes,
972 5034 1231 5101 quoniam
1261 5052 1281 5086 ι
1314 5046 1450 5099 erat,
1481 5035 1674 5104 inquit,
1705 5050 1902 5090 manus
1927 5035 2136 5089 Domini
2163 5052 2285 5091 cum

722 5127 821 5190 eis,
862 5145 881 5176 ι
916 5129 1016 5180 hoc
1045 5137 1146 5191 est,
1185 5128 1445 5183 miracula
1476 5131 1762 5199 patrabant
1789 5145 1802 5182 :
1834 5146 1954 5200 qua}
1980 5131 2286 5184 necessaria

726 5216 833 5270 illis
870 5225 1057 5276 erant,
1096 5224 1152 5268 ut
1183 5217 1488 5272 crederent.
1525 5236 1543 5268 ‹
1590 5218 1726 5282 Quia
1758 5227 1875 5271 erat
1903 5218 1988 5268 vir
2020 5217 2213 5270 bonus.
2264 5235 2280 5266 ο

726 5304 936 5357 Dictum
974 5305 1076 5359 hoc
1098 5305 1431 5359 contrarium
1463 5321 1568 5359 non
1601 5312 1686 5359 est
1724 5305 1800 5357 illi
1825 5304 1909 5357 ’δι
1943 5321 1959 5352 ι
1990 5302 2160 5354 Nemo
2183 5300 2285 5355 bo-

726 5413 851 5459 uus,
887 5396 988 5449 nisi
1021 5413 1162 5451 unus
1203 5396 1368 5450 Deus.
1412 5416 1430 5448 ι
1463 5396 1579 5450 Non
1615 5397 1757 5450 enim
1790 5395 1976 5449 eodem
2014 5392 2174 5446 modo
2206 5391 2289 5444 di-

726 5491 887 5554 citur,
917 5489 1056 5543 Deus
1086 5505 1228 5545 unus
1267 5490 1458 5554 bonus,
1496 5505 1579 5554 ac,
1619 5490 1792 5541 llomo
1849 5487 2024 5539 bonus
2077 5504 2087 5538 :
2149 5485 2288 5538 Deus

726 5597 869 5635 emm
901 5589 983 5635 est
1021 5596 1116 5650 per
1154 5580 1449 5636 essentiam
1488 5581 1697 5646 bonus;
1732 5587 1915 5648 utpote
1960 5578 2284 5647 principium

727 5679 781 5725 et
811 5669 930 5725 fons
961 5672 1203 5725 outuium
1236 5673 1499 5726 bonorum
1527 5691 1538 5727 ι
1575 5681 1626 5725 at-
1659 5673 1818 5726 homo
1846 5672 2064 5725 nonnisi
2101 5686 2163 5725 ex
2197 5686 2288 5723 su-

845 5849 890 5881 "
923 5848 1052 5903 Luc.
1085 5865 1233 5917 mu,
1276 5851 1356 5912 lfl.

2390 640 2524 707 πρὸς
2559 639 2638 701 σὲ,
2672 639 2727 689 ἐν
2762 632 2839 699 οἷς
2868 634 3088 704 σωθήσῃ
3115 632 3179 684 σὺ
3207 631 3299 683 καὶ
3345 630 3452 690 πᾶς
3489 630 3517 680 ὁ
3546 622 3689 686 οἶκός
3727 643 3843 677 σου.
3870 623 3962 675 Ἐν

2390 732 2444 782 δὲ
2469 729 2546 798 τῷ
2581 728 2853 798 ἄρξασθαί·
2886 744 2949 795 με
3004 725 3206 787 λαλεῖν,
3237 722 3472 776 ἐπέπεσε
3533 718 3592 770 τὸ
3622 717 3846 782 Πνεῦμα
3901 714 3963 765 τὸ

2389 825 2539 887 ἀγιον
2563 822 2648 871 ἐπ’
2675 821 2892 881 αὐτοὺς,
2919 817 3106 886 ὥσπερ
3139 816 3232 869 καὶ
3262 812 3346 880 ἐφ’
3379 813 3523 880 ἡμᾶς
3547 811 3603 859 ἐν
3622 809 3786 876 ἀρχῇ.
3823 804 3958 874 ’Ξμο

2388 913 2590 981 νήσοην
2623 912 2678 963 δὲ
2701 910 2791 963 τοῦ
2829 913 3066 978 ῥήματος
3093 905 3293 975 Κυρίου
3325 904 3399 964 ὠς
3431 902 3612 968 ἔλεγεν
3642 918 3655 931 ο
3705 896 3961 965 Ἰωάννης

2394 990 2492 1075 μὲν
2550 1005 2843 1056 ἐϐάπτισεν
2884 1002 3058 1062 ὕδατι,
3102 999 3258 1067 ὑμεῖς
3311 996 3367 1048 δὲ
3415 987 3848 1076 βαπτισθήσεσθε
3899 991 3962 1039 ἐν

2390 1095 2662 1163 Πνεύματι
2707 1093 2864 1162 ἁγίῳ.
2893 1092 2954 1142 Εἰ
2989 1084 3081 1141 οὖν
3107 1087 3203 1158 τὴν
3242 1087 3364 1152 ῖσην
3393 1085 3599 1153 δωρεὰν
3621 1082 3818 1134 ἔδωκεν
3858 1081 3958 1130 αὖε

2387 1192 2498 1250 τοῖς
2531 1190 2557 1239 ὁ
2586 1187 2717 1248 Θεὸς
2766 1185 2954 1252 ὥσπερ
3010 1181 3102 1233 καὶ¹
3157 1181 3311 1249 ἡμῖν,
3345 1176 3698 1228 πιστεύσασιν
3724 1173 3817 1224 ἐπὶ
3868 1172 3962 1223 τὶν

2387 1278 2589 1345 Κύριον
2647 1273 2857 1340 Ἰησοῦν
2910 1269 3165 1338 Χριστὸν,
3225 1267 3335 1333 ἐγὼ
3389 1265 3470 1326 τίς
3525 1265 3674 1334 ἥμην
3735 1262 3961 1324 “vna;

2387 1366 2624 1418 κωλύσαι
2656 1363 2746 1416 τὸν
2775 1362 2907 1414 Θεόν
2934 1379 2947 1426 ;
2986 1358 3345 1419 Ἀκούσαντες
3369 1355 3424 1409 δὲ
3456 1355 3622 1408 ταῦτα
3651 1353 3958 1422 ἡσύχασαν,

2387 1460 2477 1509 καὶ
2531 1454 2789 1518 ἐδόξασαν
2833 1454 2924 1504 τὸν
2961 1451 3091 1503 Θεὶν
3136 1450 3422 1515 λέγοντεςο
3458 1448 3663 1512 ’Ἄραγε
3703 1445 3794 1497 καλ.
3850 1445 3961 1505 τοῖς

2386 1549 2592 1601 ἔθνεσιν
2621 1548 2788 1600 ἔδωκε
2812 1546 2907 1614 τὴν
2938 1544 3231 1614 μετάνοιαν
3254 1543 3282 1592 ό
3305 1541 3436 1602 Θεὸς
3460 1542 3538 1602 εἰς
3569 1539 3738 1607 ζωήν.

2730 1641 2810 1707 Τῇ
2835 1640 3084 1708 κυριακῇ
3111 1637 3206 1705 τῆς
3224 1642 3262 1687 ε’
3287 1634 3596 1701 ἑϐδομάδος.

3020 1713 3407 1779 KElMENON.

2457 1825 2518 1874 Οἱ
2580 1822 2680 1890 μὲν
2723 1816 2816 1874 οὖν
2856 1817 3247 1885 διασπαρέντες
3277 1815 3384 1866 ἀπὸ
3439 1817 3535 1882 τῆς
3595 1811 3827 1880 Θλίιξεως
3860 1811 3962 1876 τῆς

2321 1913 2360 1968 Β
2391 1917 2690 1986 γενομένης
2716 1915 2808 1967 ἐπὶ
2850 1913 3131 1981 Στεφάνῳ,
3167 1908 3381 1977 διῆλθον
3411 1908 3514 1968 ἕως
3549 1905 3820 1969 Φοινίκης,
3865 1904 3961 1954 καὶ

2387 2012 2636 2080 Κύπρου,
2663 2007 2756 2060 καὶ
2800 2003 3153 2073 Ἀντιοχείας,
3195 1999 3383 2070 μηδενὶ
3418 1998 3700 2057 λαλοῦντες
3738 1997 3831 2048 τὸν
3867 1995 3959 2046 λό-

2385 2122 2500 2173 γον,
2538 2105 2586 2154 εἰ
2627 2101 2699 2171 μὴ
2730 2101 2891 2168 μόνον
2919 2095 3212 2156 Ἰουδαίοις.
3233 2090 3410 2144 Ἦσαν
3440 2092 3496 2143 δέ
3519 2108 3662 2153 τινες
3689 2090 3745 2154 ἐξ
3774 2090 3959 2141 αὐτῶν

2385 2196 2575 2265 ἄνδρες
2645 2195 2884 2261 Κύπριοι
2951 2191 3046 2243 καὶ
3123 2187 3459 2258 Κυρηναῖοι·
3521 2182 3718 2244 οἵτινες
3785 2179 3961 2230 εἰσελ-

2386 2289 2568 2349 θόντες
2623 2287 2701 2346 εἰς
2747 2281 3080 2350 ’Δντιόχειαν
3109 2278 3328 2332 ἐλάλουν
3386 2274 3523 2345 πρὸς
3579 2273 3704 2333 τοὺς
3771 2271 3932 2338 Ἕλλη

2385 2381 2588 2440 νιστὰς,
2644 2374 3120 2443 εὐαγγελιζόμενοι
3163 2369 3256 2422 τὸν
3321 2367 3526 2436 Κύριον
3578 2363 3808 2432 Ἰησοῦν.
3847 2363 3960 2414 Καὶ

2382 2467 2448 2541 ἦν
2501 2471 2622 2540 χεὶρ
2680 2467 2883 2536 Κυρίου
2947 2465 3075 2534 μετ’
3125 2460 3344 2516 αὐτῶν
3402 2457 3568 2518 πολύς
3615 2473 3674 2506 τε
3725 2455 3963 2524 ἀριθμὸς

2384 2563 2701 2623 πιστεύσας,
2750 2557 3086 2626 ἐπέστρεψεν
3113 2557 3205 2608 ἐπὶ
3235 2554 3326 2606 τὸν
3356 2552 3591 2616 Κύριον·
3631 2547 3873 2618 ἡκούοθη
3905 2547 3964 2600 δὲ

2383 2657 2410 2708 ό
2432 2656 2586 2722 λόγος
2620 2655 2696 2715 είς
2723 2653 2789 2704 τά
2820 2646 2933 2704 ὦτα
2967 2652 3063 2720 τῆς
3122 2646 3448 2713 Ἐκκλησίας
3478 2645 3576 2711 τῆς
3607 2644 3664 2693 ὲν
3726 2641 3963 2708 Ἰεροσοο

2382 2749 2575 2817 λύροις
2612 2747 2738 2814 περὶ⁵
2775 2744 2956 2797 αὐτῶν
2981 2759 2994 2774 ·
3027 2740 3118 2794 καὶ
3143 2736 3469 2792 ἀπέστειλαν
3502 2733 3789 2805 Βαρνάϐαν
3819 2732 3964 2784 διελ-

2385 2841 2498 2894 θεῖν
2520 2840 2624 2900 ἕως
2655 2835 3004 2906 Ἀντιοχείας.
3054 2834 3152 2894 ’ος
3194 2827 3654 2899 παραγενόμενος,
3691 2826 3784 2877 καὶ
3835 2824 3965 2875 ἰδὼν

2385 2934 2484 3004 τὴν
2518 2931 2681 3002 χάριν
2709 2928 2805 2981 τοῦ
2856 2925 3016 2991 Θεοῦ,
3059 2923 3228 2993 ἐχάρη
3261 2938 3276 2952 ο
3302 2919 3602 2990 παρεκάλει
3633 2934 3691 2968 τε
3751 2917 3965 2976 πάντας

2383 3028 2449 3095 τῇ
2489 3020 2746 3093 προθέσει
2795 3017 2888 3084 τῆς
2941 3015 3169 3084 καρδίας
3217 3011 3543 3081 προσμένειν
3600 3007 3677 3076 τῷ
3725 3005 3960 3074 Κυρίῳ·

2385 3117 2466 3169 ὅτι
2498 3110 2566 3184 ἦν
2624 3111 2762 3179 ἀνὴρ
2813 3108 3017 3174 ἀγαθὸς
3043 3105 3136 3158 καὶ
3191 3104 3402 3171 πλήρης
3445 3101 3754 3168 Ιινεύματος
3800 3098 3965 3162 ἁγίου

2386 3207 2480 3260 καὶ
2511 3205 2763 3262 πίστεως.
2789 3200 2899 3253 Καὶ
2930 3195 3230 3267 προσετέθη
3259 3193 3415 3262 ὄχλος
3438 3190 3618 3251 ἱκανὸς
3651 3188 3727 3257 τῷ
3748 3187 3963 3254 Κυρίῳ.

2311 3261 2352 3320 C
2402 3297 2624 3367 Ἐξῆλθε
2647 3295 2702 3346 δὲ
2727 3261 2810 3354 gs.
2838 3261 3052 3361 Ταρσὸν
3084 3289 3112 3340 ὁ
3141 3261 3427 3356 Βοίρνάδας
3455 3281 3792 3352 ἀναζητῆσαι
3822 3278 3968 3330 Σαῦ-

2391 3391 2481 3443 λον
2506 3405 2520 3420 ο
2554 3389 2648 3441 καὶ
2679 3383 2850 3454 εὑρὼν
2873 3381 3060 3442 αὑτὸν,
3079 3381 3285 3449 ἢγαγεν
3309 3376 3468 3429 αὐτὸν
3504 3375 3582 3436 είς
3602 3373 3963 3441 Ἀντιόχειαν.

2392 3481 2649 3548 Ἐγένετο
2685 3478 2740 3530 δὲ
2778 3476 2975 3535 αὐτοὺς
3001 3472 3247 3525 ἐνιαυτὸν
3276 3471 3397 3522 ὅλον
3432 3466 3760 3537 συναχθῆναι
3809 3467 3866 3516 ὲν
3895 3466 3964 3532 τῇ

2401 3569 2720 3639 Ἐκκλησία,
2744 3568 2840 3619 καὶ
2868 3565 3074 3630 διδάξαι
3105 3562 3264 3630 δχλον
3297 3559 3504 3622 ἱκανὸν,
3540 3557 3881 3629 χρηματίσαι
3905 3573 3964 3606 τε

2390 3663 2607 3733 πρῶτον
2642 3661 2698 3712 ὲν
2743 3655 3047 3726 ’Δντιοχείςι
3081 3656 3208 3716 τοὺς
3272 3651 3518 3723 μαθητὰς
3576 3648 3964 3719 Χριστιανούς.

2403 3754 2492 3805 Ἐν
2521 3750 2745 3810 ταύταις
2783 3747 2840 3798 δὶ
2885 3748 3005 3806 ταῖς
3057 3745 3295 3813 ἡμέραις
3337 3740 3607 3810 κατῆλθον
3648 3738 3754 3791 ἀπὸ
3800 3737 3966 3808 Ἰερο-

2394 3845 2645 3914 σολύμων
2676 3843 2756 3902 είς
2796 3838 3133 3906 ²Αντιόχειαν
3169 3835 3464 3904 προςςῆται.
3505 3830 3766 3890 ’Λναστὰς
3793 3829 3849 3879 δὲ
3885 3825 3970 3900 εξς

2391 3939 2451 4001 ἐξ
2487 3936 2666 3990 αὐτῶν
2697 3935 2919 4002 ὀνόματι
2949 3929 3214 3998 Ἄγαϐος,
3251 3928 3493 3995 ὲσήμανε
3525 3924 3613 3976 διὰ
3648 3923 3740 3974 τοῦ
3791 3921 3969 3973 Πνεύ-

2395 4044 2585 4099 ματος,
2621 4024 2781 4093 λιμὸν
2808 4022 2978 4091 μέγαν
3034 4018 3252 4088 μέλλειν
3295 4014 3513 4067 ἔσεσθαι
3570 4013 3666 4078 ἐφ’
3697 4011 3827 4080 ὅλην
3865 4010 3971 4078 τὴν

2390 4118 2715 4186 οἰκουμένην
2738 4131 2753 4146 ·
2785 4116 2932 4173 ὅστις
2954 4112 3046 4162 καὶ
3072 4109 3292 4176 ἐγένετο
3326 4105 3417 4159 ἐπὶ
3437 4103 3706 4158 Κλαυδίου
3754 4103 3969 4154 Καίσα-

2395 4233 2502 4286 ρος.
2537 4213 2656 4266 Τῶν
2684 4213 2738 4264 δὲ
2773 4207 3031 4280 μαθητῶν
3068 4205 3252 4268 καθὼς
3279 4202 3572 4274 ηὕπορεῖτό
3629 4218 3711 4261 τις
3752 4198 3967 4269 ὥρισαν

2390 4310 2622 4369 ἕκαστος
2652 4303 2834 4357 αὐτῶν
2869 4303 2948 4361 εἰς
2979 4299 3258 4352 διακονίαν
3289 4295 3504 4364 πέμψαι
3539 4296 3649 4355 τοῖς
3679 4293 3969 4345 κατοικού-

2394 4412 2480 4448 σιν
2513 4396 2570 4446 ἐν
2600 4396 2667 4463 τῇ
2702 4390 2943 4460 Ἰουδαίᾳ
2974 4389 3255 4455 ἀδελφοῖς·
3294 4385 3323 4438 ὃ
3371 4385 3464 4438 καὶ
3501 4383 3781 4453 ἐποίησαν,
3829 4383 3972 4434 ἀπυ-

2394 4487 2700 4547 στείλαντες
2731 4482 2866 4553 πρὸς
2896 4482 3026 4543 τοὺς
3072 4476 3478 4549 πρεσϐυτέρους
3497 4474 3587 4529 διὰ
3611 4474 3790 4545 χειρὸς
3821 4475 3972 4542 Βιρ-

2312 4601 2366 4661 D
2393 4578 2530 4636 νάὸα
2562 4579 2654 4631 καὶ
2682 4574 2908 4628 Σαύλου.

3005 4657 3382 4713 EPMHNEIA.

2466 4761 2626 4821 Ἴσως
2653 4757 2742 4810 διὰ
2765 4755 2825 4808 τὸ
2853 4753 2928 4820 μὴ
2959 4751 3156 4805 εἰδέναι
3185 4748 3462 4821 Ἐϐραϊστὶ
3492 4747 3690 4812 λαλεῖν,
3723 4747 3973 4816 Έλληνι-

2392 4849 2521 4912 στάς
2544 4847 2790 4901 ἐκάλουν.
2809 4844 3064 4897 Ἐλάλουν
3091 4841 3270 4893 τοίνυν
3295 4839 3389 4892 καὶ
3415 4839 3551 4908 πρῷς
3579 4839 3773 4899 αὐτοὺς
3802 4838 3974 4905 εὐαγ-

2391 4939 2728 5011 γελιζόμενοι
2751 4938 2843 4989 τὸν
2871 4934 3075 5003 Κύριον
3107 4930 3335 5001 Ἰησοῦν,
3363 4930 3455 4983 καὶ
3483 4929 3763 4981 ἐπίστευον
3789 4929 3971 4982 ᾶπαν-

2391 5051 2504 5096 τες,
2554 5029 2766 5097 ἐπειδὴ,
2802 5026 2957 5095 φησὶ,
2998 5042 3016 5075 ι
3053 5025 3176 5093 χεὶρ
3208 5021 3415 5090 Κυρίου
3447 5016 3514 5089 ἦν
3547 5020 3667 5090 μετ’
3701 5019 3906 5082 αὐτῶν,
3948 5040 3967 5070 ι

2394 5123 2639 5178 τουτέστι
2686 5120 2887 5188 σημεῖα
2930 5116 3242 5186 ἐργάζοντο.
3284 5115 3384 5166 Διά
3428 5113 3584 5165 τοῦτο
3627 5113 3735 5181 γὰρ
3778 5113 3813 5176 ἡ
3855 5113 3970 5164 τῶν

2397 5216 2636 5285 σημείων
2658 5213 2870 5280 ἀνάγκη
2912 5211 3154 5277 γέγονεν,
3176 5207 3262 5258 ἶνα
3289 5204 3672 5259 πιστεύσωσιν.
3699 5222 3717 5253 ι
3745 5204 3871 5254 Ὀτι
3902 5199 3974 5272 ἦν

2394 5309 2538 5378 ἀνήρ
2556 5305 2779 5372 ἀγαθός.
2797 5323 2814 5354 ι
2836 5302 2950 5354 Οὐκ
2973 5299 3277 5353 ἀντίκειται
3295 5297 3451 5350 τοῦτο
3475 5295 3604 5363 τῷ.ι
3629 5295 3814 5355 Οὐδεὶς
3830 5296 3970 5360 ἀγα-

2401 5397 2512 5465 θός,
2547 5397 2594 5446 εί
2625 5393 2700 5462 μὴ
2738 5393 2893 5461 μόνος
2921 5393 2948 5442 ὁ
2979 5389 3131 5451 Θεός.
3175 5408 3192 5440 ι
3218 5389 3291 5440 Οὐ
3311 5388 3418 5456 γὰρ
3444 5385 3636 5437 ταύτόν
3667 5386 3803 5446 ἐστι,
3834 5383 3971 5435 Θεὸν

2402 5487 2560 5556 μόνον
2607 5484 2807 5550 ἀγαθὸν
2855 5480 3023 5546 εἶναι,
3080 5481 3173 5533 καὶ
3219 5480 3385 5548 ἄνδρα
3409 5477 3608 5543 ἀγαθὸν
3677 5476 3966 5543 ὑπᾶρχειν.

2412 5577 2470 5630 '0
2506 5577 2603 5646 μὲν
2634 5576 2739 5644 γὰρ
2778 5575 2898 5627 κατ’
2918 5573 3108 5626 οὐσίαν
3139 5570 3340 5638 ἀγαθὸς
3375 5570 3606 5636 ὑπάρχει
3629 5585 3642 5598 ο
3679 5568 3824 5634 ἀρχὴ
3859 5568 3968 5634 γὰρ

2398 5671 2489 5721 καί
2533 5666 2680 5736 πηγὴ
2714 5665 2820 5718 τῶν
2856 5663 3073 5734 ἀγαθῶν
3103 5678 3114 5691 ·
3164 5663 3192 5713 ό
3231 5662 3287 5715 δὲ
3329 5661 3464 5732 ἀνὴρ
3505 5660 3564 5712 οὗ
3608 5658 3726 5709 κατ’
3751 5659 3965 5718 οὐσίαι,
