4164 6444
699 395 804 454 95'.)

1624 405 1927 465 TIIEUPII
1943 407 2201 466 YIACTI
2260 409 2565 468 BUI.GAR
2581 410 2672 467 ΗΕ
2712 411 2908 469 ARCH
2925 411 3068 470 IEP.

3845 409 3951 470 960

699 505 842 572 quod
877 507 1174 563 secundum
1207 510 1444 579 Marcum
1471 514 1692 576 dicitur,
1717 520 2072 588 conscripsit,
2108 537 2276 588 nepos

2386 520 2729 586 Εύαγγέλιον,
2755 523 2783 570 ό
2812 520 3030 589 ἀνεψιῆς
3059 521 3310 588 Βαρνάϐα
3337 533 3349 546 ’
3376 521 3501 586 περὶ
3528 513 3590 572 οὗ
3624 519 3712 571 καὶ
3745 520 3954 580 Παῦλος

700 598 982 662 lia-ruralia,
1010 603 1076 654 de
1109 617 1218 669 quo
1239 607 1400 657 etiam
1433 607 1630 661 l'anlus
1648 609 1839 663 scribit
1871 609 2158 664 Timotheo
2185 614 2228 643 ⁶¹
2256 628 2268 662 :

705 705 724 735 ι
768 686 1008 740 Marcum
1065 704 1306 755 assume,
1356 703 1409 747 et
1459 696 1638 748 adduc
1691 706 1871 750 tecum
1922 717 1934 750 :
1997 712 2081 754 est
2125 703 2271 754 enim

702 778 834 830 mihi
897 779 1042 832 utilis
1095 780 1147 832 in
1195 784 1582 839 ministerium.
1631 806 1650 838 ›
1685 818 1753 826 --
1805 809 1822 838 ι
1864 792 2102 859 Angelus
2147 795 2272 863 ejus

702 879 804 920 est.
843 885 862 918 ι
897 869 972 920 Es
1006 870 1107 923 hoc
1150 872 1268 924 loco
1316 875 1666 932 manifestum
1712 880 1791 942 tit,
1831 896 2276 952 unumquemque

705 969 952 1013 nostrum
979 965 1231 1032 angelum
1264 967 1485 1022 habere.

1260 1056 1490 1114 CAPUT
1529 1061 1714 1118 XVIII.

689 1125 862 1218 .255
907 1149 980 1203 De
1013 1152 1288 1206 custodum
1325 1159 1632 1223 punitione,
1679 1177 1742 1213 ac
1778 1163 1966 1216 deinde
2014 1167 2080 1218 de
2131 1167 2278 1233 impii

962 1241 1190 1298 Herodis
1221 1249 1407 1300 acerbo
1439 1252 1729 1321 miseroque
1767 1256 2006 1310 interitu.

1337 1429 1636 1488 TEXTUS.

771 1514 890 1580 XII,
921 1515 1104 1571 18οὲ4.
1131 1518 1292 1574 Facta
1318 1533 1496 1576 autem
1517 1527 1625 1592 die,
1643 1537 1759 1583 erat
1774 1547 1881 1584 non
1903 1548 2065 1598 parva
2087 1537 2244 1590 turba
2265 1565 2277 1576 ο

706 1605 781 1658 tio
805 1605 949 1660 inter
967 1609 1187 1673 milites,
1209 1614 1470 1680 quidnam
1498 1615 1696 1670 factum
1716 1631 1862 1675 esset
1877 1623 1943 1675 de
1966 1623 2143 1678 Petro.
2172 1626 2275 1682 Ile-

704 1697 867 1751 rodes
889 1707 1070 1754 autem
1101 1717 1223 1756 cum
1251 1707 1570 1774 requisisset
1593 1725 1806 1777 cum,ct
1824 1729 1933 1767 non
1953 1716 2276 1787 invenisset,

704 1791 1061 1858 inquisitione
1107 1794 1246 1849 facta
1282 1797 1349 1851 de
1390 1803 1736 1866 custodibus,
1770 1806 1933 1872 jussit
1977 1825 2073 1862 eos
2104 1811 2226 1864 duci
2259 1831 2272 1864 :

2376 611 2576 678 γράφει
2616 609 2863 676 Τιμοθέῳ
2893 627 2906 639 ·
2955 631 2971 658 ι
3006 611 3229 677 Μάρκον
3272 608 3558 661 ἀναλαϐὼν
3600 610 3772 675 ἄγαγε
3813 610 3953 676 μετα

2378 700 2640 751 σεαυτοῦ.
2679 700 2833 750 Ἐστι
2869 700 2976 769 γάρ
3013 717 3101 766 μοι
3142 699 3439 768 εὔχρηστος
3469 701 3548 760 εἰς
3581 699 3883 750 διακονίαν.
3929 717 3947 747 ι

2375 810 2470 840 -ι
2522 793 2580 843 ’0
2623 790 2855 858 ἄγγελος
2894 792 3060 843 αὑτοῦ
3107 795 3274 843 ἐστιν.
3317 810 3336 841 ι
3411 791 3507 843 Ἕκ
3555 790 3744 842 τεύτου
3797 789 3956 856 δῆλον

2375 884 2456 936 ὅτι
2497 883 2727 944 ἕκαστος
2753 883 2913 952 ήμῶν
2943 881 3176 949 ἄγγελον
3215 882 3350 950 ἔχει.

2958 1063 3210 1116 ΚΕΦΛΑ.
3252 1059 3386 1115 NII'.

2381 1156 2516 1224 Περὶ
2546 1155 2650 1223 τῆς
2675 1153 2794 1207 τῶν
2826 1154 3114 1222 φυλάκων
3140 1151 3470 1217 κολάσεως,
3506 1150 3605 1204 καί
3635 1150 3958 1220 μετέπειτα

2449 1247 2584 1314 περὶ
2620 1246 2730 1312 τῆς
2761 1245 2869 1300 τοῦ
2900 1245 3159 1309 ἀσεϐοῦς
3212 1243 3468 1312 Ἡρώδου
3500 1241 3713 1311 πικρᾶς
3751 1259 3817 1296 τε
3853 1243 3956 1296 καί

2450 1342 2726 1406 ὀλεθρίου
2769 1337 3189 1405 καταστροφῆς
3201 1377 3212 1388 .

2965 1429 3357 1482 ΚΕΙΜΕΝΟΝ.

2450 1523 2751 1592 Γενομένης
2777 1521 2832 1573 δὲ
2872 1519 3086 1590 ἡμέρας
3135 1515 3204 1589 ἦν
3246 1519 3482 1589 τάραχος
3531 1519 3632 1585 οὐκ
3677 1518 3862 1586 ὀλίγος
3897 1520 3959 1570 ἐν

2379 1617 2488 1677 τοῖς
2526 1612 2908 1682 στρατιώταις,
2951 1612 3004 1664 τί
3030 1612 3138 1681 ἄρα
3172 1613 3200 1663 ὀ
3241 1611 3449 1682 Πέτρος
3480 1611 3718 1679 ἐγένετο.
3776 1611 3959 1676 Ἦρὼα

2379 1706 2476 1773 δης
2504 1705 2558 1756 δὲ
2591 1705 2925 1773 ἐπιζητήσας
2962 1702 3146 1767 αύτόν,
3184 1704 3276 1754 καὶ
3309 1704 3383 1772 μή
3426 1703 3620 1791 εὑρὼν,
3653 1701 3962 1770 ἀνακρίνας

2379 1799 2505 1858 τοὺς
2534 1796 2800 1862 φύλακας,
2835 1795 3119 1846 ἐκέλευσεν
3161 1793 3477 1864 ἀπαχθῆναι
3508 1809 3521 1824 ⁸
3553 1794 3649 1846 καὶ
3681 1793 3962 1846 κατελθὼν

703 1873 1153 1949 descendensque
1194 1897 1220 1933 a
1251 1881 1435 1938 Jndma
1485 1888 1535 1940 in
1573 1890 1898 1956 Caesaream,
1937 1896 2006 1949 ibi
2039 1913 2278 1952 commo-

2386 1884 2490 1935 ἀπὸ
2530 1885 2628 1950 τῆς
2688 1883 2948 1944 ἰουδαίας
2981 1883 3058 1944 είς
3104 1881 3202 1952 τὴν
3250 1884 3610 1948 Καισάρειαν,
3662 1882 3959 1951 διέτριϐεν.

705 1973 857 2019 ratus
884 1977 990 2022 est.
1019 1968 1146 2022 Erat
1197 1984 1376 2025 autem
1417 1975 1590 2029 iratus
1622 1977 1802 2048 Tyriis
1833 1991 1886 2034 et
1919 1983 2184 2040 Sidoniis.
2212 1989 2280 2042 At

706 2056 782 2108 illi
815 2060 1101 2113 unanimes
1137 2075 1404 2118 venerunt
1431 2069 1496 2121 ad
1530 2087 1676 2135 eum,
1704 2083 1759 2126 et
1789 2092 2052 2143 persuaso
2074 2081 2281 2145 Blasto,

704 2145 795 2211 qui
821 2159 936 2198 erat
972 2162 1137 2217 Snper
1165 2152 1476 2208 cubiculum
1507 2162 1668 2227 regis.
1689 2166 2038 2230 postulabant
2071 2186 2280 2238 pacem,

703 2244 770 2280 eo
802 2234 948 2297 quod
980 2235 1260 2291 alerentur
1301 2245 1550 2309 regiones
1580 2263 1769 2302 eorum
1809 2254 1877 2306 ab
1913 2255 2025 2310 illo.
2061 2259 2282 2315 Statuto

706 2332 886 2375 autem
934 2325 1043 2389 die,
1077 2329 1319 2385 Herodes
1362 2337 1592 2391 vestitus
1635 2353 1784 2396 veste
1816 2347 1984 2416 regia,
2014 2352 2155 2404 sedit
2185 2368 2281 2420 pro

708 2415 987 2480 tribunali,
1020 2427 1073 2471 et
1119 2424 1553 2480 concionahatur
1589 2431 1654 2483 ad
1680 2450 1798 2488 eos.
1834 2436 2073 2506 Populus
2100 2453 2278 2496 autem

708 2507 1048 2562 acclamahat
1086 2530 1098 2563 :
1131 2513 1221 2567 Dei
1260 2532 1417 2570 voces
1444 2527 1634 2575 etnon
1687 2526 1944 2582 hominis.
1978 2532 2278 2587 Confestim

708 2605 888 2650 autem
919 2605 1194 2667 percussit
1222 2621 1344 2658 eum
1374 2611 1596 2673 angelus
1627 2614 1856 2679 Domini,
1901 2636 1966 2672 eo
1991 2624 2136 2690 quod
2173 2639 2279 2677 non

705 2684 949 2742 dedisset
981 2690 1241 2745 honorem
1273 2696 1418 2754 Deo:
1452 2711 1501 2752 et
1531 2716 1889 2771 consumptus
1922 2724 1948 2760 a
1985 2713 2278 2778 vermibus,

707 2779 994 2843 expiravit.
1018 2779 1255 2839 Verbum
1290 2797 1468 2842 autem
1496 2790 1711 2847 Domini
1746 2801 2029 2856 crescebat
2058 2812 2111 2856 et
2137 2806 2279 2858 mul-

707 2867 1073 2935 tiplieabatur.

1219 3057 1783 3123 COMMENTARIUS.

779 3141 1075 3213 Postquam
1108 3151 1336 3218 angelus
1370 3153 1590 3208 Petrum
1627 3175 1689 3212 ex
1712 3176 1933 3217 carcere
1959 3172 2013 3218 et
2044 3166 2280 3224 vinculis

2380 1972 2489 2026 Ἠν
2544 1976 2598 2027 δὲ
2635 1977 2664 2027 ό
2709 1972 2956 2042 Ἡρώδης
2993 1971 3328 2042 θυμομαχῶν
3374 1972 3616 2041 Τυρίοις,
3659 1975 3752 2025 καὶ
3791 1973 3963 2024 Σιδω-

2381 2070 2535 2128 νίοις.
2595 2065 2969 2135 Ὀμοθυμαδὺν
3022 2065 3079 2117 δὲ
3123 2065 3376 2132 παρῆσαν
3435 2066 3570 2132 πρὸς
3629 2065 3813 2127 αὑτὸν,
3866 2065 3964 2117 καὶ

2379 2158 2669 2218 πείσαντες
2702 2157 2942 2208 Βλάστον
2979 2155 3071 2208 τὸν
3109 2156 3200 2208 ἐπὶ
3245 2153 3337 2207 τοῦ
3369 2155 3627 2218 κοιτῶνος
3669 2156 3768 2208 τοῦ
3807 2155 3964 2225 βασι.-

2381 2249 2539 2310 λέως,
2573 2246 2802 2318 ᾐτοῦντο
2835 2248 3063 2317 είρήνην
3110 2247 3197 2302 διὰ
3224 2247 3285 2300 τὸ
3313 2248 3613 2316 τρέφεσθαι
3645 2248 3829 2300 αὐτῶν
3861 2249 3966 2316 τὴν

2379 2340 2564 2411 χώραν
2592 2338 2702 2391 ἀπὸ
2721 2339 2818 2408 τῆς
2851 2337 3162 2407 βασιλικῆς.
3197 2339 3382 2408 Τακτῇ
3414 2337 3472 2389 δὲ
3505 2339 3689 2409 ήμέρᾳ
3711 2342 3740 2392 ό
3783 2339 3967 2407 Ἦρῶ-

2378 2431 2476 2499 δης
2529 2429 2893 2499 ἐνδυσάμενος
2952 2427 3159 2497 ἐσθῆτα
3218 2427 3532 2498 βασιλικήν,
3581 2429 3676 2482 καὶ
3727 2430 3966 2490 καθίσεις

2380 2522 2477 2574 ἐπὶ
2531 2520 2626 2572 τοῦ
2676 2521 2942 2590 βήματος,
2981 2519 3316 2590 ἐδημηγόρει
3367 2520 3504 2590 πρὸς
3547 2519 3767 2582 αύτούς.
3808 2518 3870 2573 Ὀ
3908 2521 3969 2573 δὲ

2379 2613 2553 2679 δῆμος
2611 2611 2883 2679 ἐπεφώνει
2917 2627 2932 2642 ο
2985 2610 3123 2662 Θεοῦ
3165 2610 3338 2679 φωνὴ,
3372 2613 3468 2662 καὶ
3498 2611 3598 2663 οὐκ
3645 2611 3964 2680 ἀνθρώπου.

2384 2703 2730 2773 Παραχρῆμα
2755 2702 2812 2754 δὲ
2846 2702 3007 2754 αὑτὸν
3031 2701 3300 2765 ἐπάταξεν
3328 2701 3558 2769 ἄγγελος
3587 2705 3812 2772 Κυρίου,
3847 2703 3969 2755 ἀνθ’

2379 2792 2454 2847 ὦν
2491 2795 2592 2847 οὐκ
2629 2794 2798 2846 ἔδωκε
2838 2793 2997 2858 δόξαν
3024 2793 3102 2863 τῷ
3136 2791 3255 2862 Θεῷ
3280 2809 3293 2822 ⁶
3340 2794 3435 2845 καὶ
3473 2793 3762 2861 γενόμενος
3817 2809 3966 2846 σκω-

2381 2885 2728 2955 ληκόϐρωτος
2771 2884 3049 2953 ἐξέψυξεν.
3103 2884 3160 2937 ’0
3189 2883 3246 2937 δὲ
3272 2884 3428 2951 λόγος
3462 2884 3556 2937 τοῦ
3588 2885 3724 2936 Θεοῦ
3760 2883 3969 2952 ηὔξανε

2383 2978 2478 3030 καὶ
2515 2976 2868 3046 ἐπληθύνετο.

2972 3067 3358 3122 ΕΡΜΗΝΕΙΔ.

2454 3158 2559 3208 Τὸν
2619 3157 2827 3228 Πέτρον
2861 3156 2957 3209 τοῦ
3010 3157 3386 3228 δεσμωτηρίου
3431 3158 3668 3212 καὶτῶν
3713 3158 3972 3212 ἁλύσεων

710 3235 978 3300 liberavit,
1009 3254 1134 3293 cum
1167 3242 1411 3299 Herodes
1451 3263 1574 3301 cum
1609 3255 1938 3320 quaesiisset,
1963 3266 2017 3310 et
2050 3275 2156 3312 non
2190 3261 2277 3314 in-

2386 3245 2786 3309 ὰπαλλὰξαντος
2823 3245 2917 3298 τοῦ
2953 3246 3206 3314 ἀγγέλου,
3252 3245 3495 3316 ζητήσας
3546 3247 3710 3300 αὐτὸν
3739 3250 3766 3298 ὁ
3789 3247 3974 3317 ⁸11ρὼ-

708 3331 970 3394 venisset,
1015 3334 1238 3398 milites,
1271 3338 1364 3404 qui
1404 3338 1550 3394 illiilli
1582 3346 1981 3400 custodiebant.
2016 3349 2134 3415 ejus
2166 3351 2285 3405 loco

712 3420 1004 3476 interfecit.
1045 3426 1206 3479 Anno
1263 3445 1391 3483 vero
1437 3434 1598 3484 tertio
1652 3439 1826 3501 regni,
1860 3439 2092 3510 Agrippa
2141 3445 2286 3498 venit

711 3510 1042 3587 Caesaream,
1075 3532 1196 3585 qua:
1223 3521 1373 3586 prius
1408 3521 1602 3577 Turris
1635 3524 1912 3583 Stratonis
1949 3532 2242 3586 vocabatur
2271 3553 2282 3587 :

714 3586 900 3671 ibique
930 3611 1269 3675 spectacula,
1311 3613 1476 3666 veluti
1505 3616 1538 3667 l‘c
1560 3619 1859 3673 stivitatem
1885 3625 2198 3690 quamdam,
2231 3586 2284 3678 in

711 3692 942 3750 Caesaris
980 3699 1241 3756 honorem
1279 3705 1595 3760 celebravit.
1636 3708 1730 3763 Die
1778 3722 1959 3764 autem
1995 3723 2284 3782 spectacu-

714 3788 889 3838 lorum
921 3793 1182 3856 secnnda,
1215 3805 1366 3849 veste
1405 3797 1632 3852 indutus
1663 3809 1773 3854 tota
1797 3819 1860 3854 ex
1897 3813 2146 3873 argento.
2183 3808 2286 3858 mi-

714 3877 873 3930 rabili
905 3889 1115 3934 textura
1157 3883 1319 3948 facta,
1364 3889 1509 3940 venit
1547 3889 1790 3943 diluculo
1837 3893 1902 3946 ad
1959 3896 2234 3948 theatrum
2271 3916 2283 3950 :

714 3970 803 4023 ubi
839 3974 1028 4039 primis
1053 3977 1187 4032 solis
1209 3980 1438 4034 orientis
1464 3984 1634 4038 radiis
1660 4001 1978 4053 percussum
2000 4001 2285 4058 argentum

715 4060 915 4114 mirum
950 4065 1003 4118 in
1053 4068 1271 4121 modum
1323 4073 1663 4140 splendebat,
1704 4085 1762 4130 nt
1806 4079 2135 4133 intuentium
2171 4098 2276 4135 non

715 4151 888 4204 solum
929 4157 1123 4210 oculos
1159 4165 1571 4231 perstringeret,
1609 4168 1701 4222 sed
1735 4171 1896 4222 etiam
1947 4174 2146 4227 animis
2177 4182 2287 4227 ter-

716 4256 896 4293 rorem
932 4244 1221 4303 incuteret.
1273 4252 1578 4308 Confestim
1635 4275 1766 4312 vero
1812 4262 2144 4327 adulatores,
2195 4267 2286 4334 qui

714 4334 1142 4392 circumstabant
1185 4350 1238 4395 et
1272 4345 1430 4397 deum
1480 4363 1604 4400 cum
1646 4353 1989 4418 appellabant
2040 4366 2096 4408 et
2159 4372 2288 4425 pro-

721 4424 912 4490 pitium
966 4443 1086 4482 esse
1147 4435 1464 4496 exorabant,
1515 4447 1589 4503 et,
1643 4438 1792 4493 Lici-t
1849 4444 2151 4514 hucusque,
2209 4451 2287 4500 in-

2386 3339 2504 3408 δης,
2539 3338 2636 3391 καὶ
2658 3339 2760 3406 οὐχ
2785 3337 2983 3409 εὑρὼν,
3017 3339 3142 3399 τοὺς
3173 3337 3474 3408 τηροῦντας
3511 3339 3673 3392 αὑτὸν
3697 3341 3973 3409 στρατιώο

2387 3447 2484 3490 τας
2520 3428 2844 3480 ἀπέκτεινεν
2876 3427 2990 3479 ἀντ’
3022 3427 3256 3481 ἐκείνου.
3294 3428 3490 3498 τρίτον
3518 3427 3639 3490 ἔτος
3683 3429 3975 3499 Ἀγρίππᾳ.

2391 3519 2728 3588 βασιλεύοντι
2749 3501 2934 3588 ’παρῆν
2959 3519 3016 3570 ἐν
3037 3516 3374 3586 Καισαρείᾳ,
3401 3519 3470 3586 τῇ
3497 3517 3759 3586 πρότερον
3788 3518 3969 3584 Στρά-

2389 3630 2558 3674 τωνος
2607 3613 2821 3682 Πύργος
2885 3609 3216 3680 καλουμένῃ.
3279 3609 3560 3662 Συνετέλει
3619 3609 3677 3662 δὲ
3730 3609 3972 3662 ἐνταῦθα

2390 3701 2627 3771 θεωρίας
2660 3703 2737 3761 εἰς
2778 3699 3056 3768 Καίσαρος
3109 3698 3294 3768 τιμὴν,
3337 3698 3532 3767 ἑορτήν
3587 3714 3710 3750 τινα
3759 3698 3974 3766 ταύτην

2389 3786 2778 3858 ἐπιστάμενος.
2823 3789 3064 3856 Δευτέρα
3107 3787 3164 3839 δέ
3193 3786 3299 3839 τῶν
3331 3785 3576 3856 θεωριῶν
3604 3787 3806 3856 ήμέρᾳ,
3846 3804 3975 3839 στο-

2389 3883 2487 3948 λὴν
2543 3882 2717 3945 ἐνδὺς,
2776 3880 2836 3943 ἐξ
2894 3881 3140 3950 ἀργύρου
3192 3879 3574 3947 πεποιημένην
3628 3882 3831 3937 πᾶσαν.
3892 3880 3970 3936 ὼε

2390 3975 2693 4039 θαυμάσιον
2718 3972 2858 4038 ὑφὴν
2881 3965 3044 4035 εἶναι,
3077 3969 3355 4040 παρῆλθεν
3382 3971 3458 4032 εἰς
3489 3969 3723 4039 θέατρον
3751 3969 3972 4039 ἡμέρας

2389 4062 2723 4132 ἀρχομένης.
2762 4060 2932 4113 Ἔνθα
2963 4063 3083 4123 ταῖς
3119 4061 3366 4130 πρώταις
3391 4060 3504 4112 τῶν
3539 4061 3778 4127 ἡλιακῶν
3814 4061 3975 4110 ἀκτί-

2399 4176 2509 4210 νων
2537 4156 2818 4212 ἐπιὸολαῖς
2854 4155 2883 4205 ὁ
2911 4155 3152 4224 ἄργυρος
3181 4154 3604 4220 καταυγασθεὶς,
3648 4154 3974 4220 θαυμασίως

2393 4249 2711 4305 ἀπέστιλϐε.
2743 4247 3056 4318 μαρμαῖρὸν
3087 4263 3138 4298 τι
3165 4245 3349 4315 φέρων
3382 4249 3491 4308 τοῖς
3534 4249 3614 4307 εἰς
3653 4247 3812 4296 αὑτὸν
3849 4247 3974 4298 ἁτε-

2389 4341 2572 4393 νίσασι
2612 4340 2706 4392 καὶ
2748 4337 3041 4406 φρικῶδες.
3095 4335 3266 4397 Εὐθὺς
3297 4337 3351 4389 δὲ
3404 4338 3453 4388 oi
3506 4337 3756 4398 κόλακες,
3809 4337 3975 4399 ἄλλος

2390 4434 2612 4487 ἄλλοθεν
2644 4431 2824 4499 φωνὰς
2849 4429 3189 4493 ἐεόων,Θεὸν
3229 4428 3750 4498 προσαγορεύοντες,
3801 4431 3942 4496 εύμε
3968 4462 3975 4467 -

715 4516 999 4583 quiebant,
1057 4530 1108 4572 te.
1162 4533 1416 4593 tanquam
1465 4530 1739 4585 hominem
1793 4538 2193 4603 pertimuimus,
2231 4541 2281 4593 in

2393 4529 2496 4588 νῶς
2514 4523 2690 4578 ἐἶναι
2717 4521 3043 4595 [ἀξιοῦντες.
3068 4519 3186 4591 xui]
3217 4521 3580 4587 ἐπιλέγοντες
3607 4523 3668 4574 Εἰ
3691 4524 3780 4572 καὶ
3807 4523 3974 4590 “gl-0"

721 4617 998 4671 rosterum
1043 4615 1187 4666 velut
1242 4617 1478 4673 humana
1521 4624 1855 4689 superiorem
1901 4638 2093 4679 natura
2121 4647 2282 4682 vene-

716 4699 978 4754 rnhimur.
1009 4703 1114 4758 Rex
1144 4707 1244 4760 ista
1269 4711 1518 4777 audiens,
1552 4730 1725 4781 neque
1755 4717 1900 4777 illos,
1928 4727 1984 4769 ul.
2019 4736 2117 4787 par
2142 4732 2280 4783 erat,

716 4793 1086 4858 reprehendit,
1119 4812 1295 4865 neque
1325 4801 1544 4869 impiam
1577 4805 1942 4860 adulationem
1979 4810 2076 4862 abs
2105 4827 2164 4863 se
2197 4828 2285 4865 rc-

713 4878 864 4945 jecit.
895 4881 960 4933 At
993 4901 1120 4936 vero
1160 4890 1324 4953 paulo
1379 4904 1521 4959 post,
1574 4910 1697 4947 cum
1750 4900 2106 4965 suspexisset,
2155 4903 2290 4953 vidit

718 4968 989 5026 bubonem
1035 4980 1200 5045 capiti
1253 4997 1352 5032 suo
1393 4983 1788 5049 imminentem,
1840 5005 1902 5040 ac
1959 4991 2075 5041 funi
2123 4994 2282 5044 alieni

717 5059 1064 5118 insidentem.
1124 5067 1259 5122 Enni
1311 5074 1494 5126 statim
1548 5080 1772 5144 agnovit
1819 5083 2038 5134 nonnisi
2081 5084 2286 5152 impen-

716 5150 959 5204 dentium
996 5157 1258 5212 malorum
1298 5164 1546 5218 nuntium
1570 5182 1691 5221 esse
1725 5187 1737 5220 :
1769 5185 1833 5222 ac
1860 5175 2144 5238 repentino
2202 5175 2281 5227 di-

2393 4620 2486 4672 νῦν
2503 4620 2575 4679 ὡς
2600 4617 2886 4685 ἄνθρωπον
2904 4611 3270 4681 ἐφοϐήθημεν,
3292 4611 3426 4664 ἀλλὰ
3439 4613 3756 4664 τούντεῦθεν
3784 4613 3972 4682 κρείτ-

2389 4709 2515 4761 τονά.
2546 4725 2602 4760 σε
2627 4707 2727 4774 τῆς
2761 4704 2976 4772 φύσεως
2993 4701 3382 4771 ὁμολογοῦμεν.
3405 4703 3520 4755 Ούκ
3552 4705 3822 4770 ἐπέπληξε
3852 4705 3975 4758 τού-

2391 4818 2516 4861 τους
2549 4801 2576 4850 ὁ
2601 4796 2878 4867 βασιλεὺς,
2906 4793 3025 4846 οὐδὲ
3059 4792 3156 4862 τὴν
3175 4795 3463 4847 κολακείαν
3481 4796 3784 4848 ασεὸοῦσαν
3827 4799 3971 4847 ἁπε-

2392 4891 2622 4962 τρίψατο
2640 4890 2678 4942 ⁸.
2719 4886 3026 4952 ’Δνακύψας
3052 4884 3182 4952 γοῦν
3213 4886 3326 4954 μετ’
3362 4886 3564 4952 ὀλίγον,
3597 4887 3688 4938 τὸν
3723 4886 3974 4955 βουῶῐωα

2393 4984 2488 5047 τῆς
2553 4975 2746 5032 ἑαυτοῦ
2802 4975 3065 5044 κεφαλῆς,
3135 4975 3638 5045 ύπερκαθεζόμενον
3702 4975 3824 5028 ἰδὼν
3879 4979 3978 5028 ἐπὶ

2400 5072 2634 5142 σχοινίου
2706 5069 2891 5129 τινὸς,
2950 5067 3180 5132 ἄγγελον
3246 5065 3436 5118 τοῦτον
3499 5067 3659 5129 εὐθὺς
3744 5065 3976 5137 ἐν[ε]νόο

2392 5181 2492 5231 ησε
2536 5162 2705 5213 κακὸν
2743 5161 2761 5192 ⁷
2811 5155 2971 5223 εἶναι,
3040 5162 3133 5210 καὶ
3178 5156 3373 5209 οὓποτε
3407 5157 3516 5209 τῶν
3558 5158 3777 5225 ἀγαθῶν
3822 5161 3976 5225 γινόο

721 5255 891 5308 roque
942 5244 1212 5301 viscerum
1274 5255 1591 5320 ventrisque
1641 5259 1829 5311 dolore
1873 5272 2186 5328 correptum
2241 5281 2281 5316 st

2399 5276 2558 5327 μενον
2598 5257 2638 5308 ⁸.
2683 5254 3008 5324 Διακὰρδιον
3041 5251 3132 5304 οὖν
3179 5251 3338 5322 ἔσχεν
3387 5252 3581 5323 ὀδύνην
3607 5269 3621 5283 ’
3664 5253 3866 5322 ἅθρους
3928 5256 3974 5307 δ’

721 5336 914 5404 sensit.
960 5337 1122 5408 256
1171 5340 1349 5405 Quare
1383 5346 1834 5416 circumspiciens
1882 5353 2125 5405 amios:
2160 5353 2296 5422 Ego,

725 5425 924 5493 inquit,
950 5431 1044 5492 qui
1090 5432 1244 5486 vobis
1296 5434 1433 5488 deus
1479 5453 1620 5500 sum,
1654 5439 1767 5506 jam
1798 5440 1962 5492 vitam
1991 5444 2296 5512 relinquere

817 5544 858 5576 "
890 5543 933 5598 II
960 5547 1101 5599 Tim.
1137 5563 1208 5613 iv,
1239 5551 1324 5604 II.

2395 5348 2547 5417 αὐτῷ
2591 5347 2688 5415 τῆς
2739 5345 2948 5406 κοιλίας
3012 5343 3408 5413 προσήθροισεν
3439 5345 3470 5410 ,⁸
3523 5345 3766 5413 ἄλγημα,
3829 5347 3973 5414 μετᾶ

2397 5440 2755 5510 σφοδρότητος
2777 5435 3086 5506 ἀρράμενος
3109 5434 3150 5463 ¹⁰
3177 5449 3189 5460 '
3217 5423 3544 5504 ἀναθέωρῶν
3566 5431 3659 5488 οὖν
3683 5436 3818 5506 πρὸς
3844 5438 3972 5500 τοὺς

1911 5642 2112 5704 Varias
2133 5645 2438 5706 lectiones
2483 5649 2542 5702 et
2585 5648 2774 5702 notae.

805 5735 826 5766 ⁸
849 5736 952 5786 Τοῦ
985 5737 1366 5810 Χρυσοστόμου
1385 5742 1446 5791 ἐκ
1468 5738 1560 5791 τοῦ
1580 5739 2022 5810 κατᾲνΜατθαῖον
2059 5743 2156 5810 τῆς
2214 5741 2255 5794 Θ¹
2297 5740 2531 5810 ὁμιλίας.
2564 5740 2583 5770 ⁵
2634 5737 2854 5808 εὐμενῆ-

738 5820 924 5872 μενον.
1000 5806 1456 5877 ⁸προτήθρησεν.
1537 5808 1906 5879 ιθαι-ξάμενον

2935 5740 2955 5770 ⁶
2982 5739 3348 5809 ἀπετρέψατο.
3427 5743 3447 5774 '
3481 5742 3686 5796 κακῶν.
3765 5745 3786 5776 ⁸
3821 5745 3974 5811 γενό-
