  <div class='ocr_page' id='page_1' title='image "/cluster/home/n/w/nwhite01/storage/ocr_20150623/125/nnc1.0046979794/487.png"; bbox 0 0 4164 6444; ppageno 0'>
   <div class='ocr_carea' id='block_1_1' title="bbox 684 383 788 450">
    <p class='ocr_par' dir='ltr' id='par_1_1' title="bbox 684 383 788 450">
     <span class='ocr_line' id='line_1_1' title="bbox 684 383 788 450; baseline -0.019 0"><span class='ocrx_word' id='word_1_1' title='bbox 684 383 788 450; x_wconf 80' lang='grc'><strong>967</strong></span> 
     </span>
    </p>
   </div>
   <div class='ocr_carea' id='block_1_2' title="bbox 1186 477 1755 539">
    <p class='ocr_par' dir='ltr' id='par_1_2' title="bbox 1186 477 1755 539">
     <span class='ocr_line' id='line_1_2' title="bbox 1186 477 1755 539; baseline -0.012 0"><span class='ocrx_word' id='word_1_2' title='bbox 1186 477 1755 539; x_wconf 70' lang='lat' dir='ltr'><strong>COMMENTARIUS.</strong></span> 
     </span>
    </p>
   </div>
   <div class='ocr_carea' id='block_1_3' title="bbox 758 565 2254 633">
    <p class='ocr_par' dir='ltr' id='par_1_3' title="bbox 758 565 2254 633">
     <span class='ocr_line' id='line_1_3' title="bbox 758 565 2254 633; baseline -0.011 -1"><span class='ocrx_word' id='word_1_3' title='bbox 758 579 881 633; x_wconf 76' lang='lat' dir='ltr'><strong>l&#39;la-c</strong></span> <span class='ocrx_word' id='word_1_4' title='bbox 917 579 1080 632; x_wconf 86' lang='lat' dir='ltr'><strong>verba</strong></span> <span class='ocrx_word' id='word_1_5' title='bbox 1115 573 1478 628; x_wconf 75' lang='lat' dir='ltr'><strong>incarnatioiii</strong></span> <span class='ocrx_word' id='word_1_6' title='bbox 1505 570 1708 624; x_wconf 82' lang='lat' dir='ltr'><strong>Christi</strong></span> <span class='ocrx_word' id='word_1_7' title='bbox 1738 565 2098 628; x_wconf 81' lang='lat' dir='ltr'><strong>conveniunt,</strong></span> <span class='ocrx_word' id='word_1_8' title='bbox 2135 577 2254 633; x_wconf 70' lang='lat' dir='ltr'><strong>qua:</strong></span> 
     </span>
    </p>
   </div>
   <div class='ocr_carea' id='block_1_4' title="bbox 689 657 2257 739">
    <p class='ocr_par' dir='ltr' id='par_1_4' title="bbox 689 657 2257 739">
     <span class='ocr_line' id='line_1_4' title="bbox 689 657 2257 739; baseline -0.011 -14"><span class='ocrx_word' id='word_1_9' title='bbox 689 671 987 739; x_wconf 98' lang='lat' dir='ltr'><strong>temporale</strong></span> <span class='ocrx_word' id='word_1_10' title='bbox 1068 669 1229 720; x_wconf 86' lang='lat' dir='ltr'><strong>liabet</strong></span> <span class='ocrx_word' id='word_1_11' title='bbox 1302 666 1694 717; x_wconf 87' lang='lat' dir='ltr'><strong>incrementum</strong></span> <span class='ocrx_word' id='word_1_12' title='bbox 1750 678 1764 714; x_wconf 88' lang='lat'><strong>:</strong></span> <span class='ocrx_word' id='word_1_13' title='bbox 1817 674 1937 711; x_wconf 91' lang='lat' dir='ltr'><strong>nam</strong></span> <span class='ocrx_word' id='word_1_14' title='bbox 1995 657 2150 709; x_wconf 82' lang='lat' dir='ltr'><strong>hodie</strong></span> <span class='ocrx_word' id='word_1_15' title='bbox 2202 664 2257 708; x_wconf 90' lang='lat' dir='ltr'><strong>et</strong></span> 
     </span>
    </p>
   </div>
   <div class='ocr_carea' id='block_1_5' title="bbox 689 747 2256 818">
    <p class='ocr_par' dir='ltr' id='par_1_5' title="bbox 689 747 2256 818">
     <span class='ocr_line' id='line_1_5' title="bbox 689 747 2256 818; baseline -0.011 -2"><span class='ocrx_word' id='word_1_16' title='bbox 689 781 808 816; x_wconf 75' lang='lat' dir='ltr'><strong>cras</strong></span> <span class='ocrx_word' id='word_1_17' title='bbox 833 763 1040 815; x_wconf 88' lang='lat' dir='ltr'><strong>dierum</strong></span> <span class='ocrx_word' id='word_1_18' title='bbox 1070 758 1499 818; x_wconf 72' lang='lat' dir='ltr'><strong>successionem,</strong></span> <span class='ocrx_word' id='word_1_19' title='bbox 1537 769 1598 808; x_wconf 91' lang='lat' dir='ltr'><strong>ac</strong></span> <span class='ocrx_word' id='word_1_20' title='bbox 1633 749 2067 805; x_wconf 70' lang='lat' dir='ltr'><strong>vicissitudinem</strong></span> <span class='ocrx_word' id='word_1_21' title='bbox 2093 747 2256 817; x_wconf 75' lang='lat'><strong>260</strong></span> 
     </span>
    </p>
   </div>
   <div class='ocr_carea' id='block_1_6' title="bbox 689 839 2258 911">
    <p class='ocr_par' dir='ltr' id='par_1_6' title="bbox 689 839 2258 911">
     <span class='ocr_line' id='line_1_6' title="bbox 689 839 2258 911; baseline -0.009 -7"><span class='ocrx_word' id='word_1_22' title='bbox 689 853 1083 905; x_wconf 87' lang='lat' dir='ltr'><strong>demonstrant.</strong></span> <span class='ocrx_word' id='word_1_23' title='bbox 1116 847 1220 911; x_wconf 88' lang='lat' dir='ltr'><strong>At,</strong></span> <span class='ocrx_word' id='word_1_24' title='bbox 1256 857 1313 900; x_wconf 92' lang='lat' dir='ltr'><strong>ut</strong></span> <span class='ocrx_word' id='word_1_25' title='bbox 1362 847 1618 909; x_wconf 75' lang='lat' dir='ltr'><strong>Verbum,</strong></span> <span class='ocrx_word' id='word_1_26' title='bbox 1657 843 1724 895; x_wconf 88' lang='lat' dir='ltr'><strong>ab</strong></span> <span class='ocrx_word' id='word_1_27' title='bbox 1763 850 1969 895; x_wconf 66' lang='lat' dir='ltr'><strong>aeterno</strong></span> <span class='ocrx_word' id='word_1_28' title='bbox 2014 854 2043 891; x_wconf 74' lang='grc' dir='ltr'><strong>τι</strong></span> <span class='ocrx_word' id='word_1_29' title='bbox 2099 839 2258 891; x_wconf 81' lang='lat' dir='ltr'><strong>Patre</strong></span> 
     </span>
    </p>
   </div>
   <div class='ocr_carea' id='block_1_7' title="bbox 692 942 950 1011">
    <p class='ocr_par' dir='ltr' id='par_1_7' title="bbox 692 942 950 1011">
     <span class='ocr_line' id='line_1_7' title="bbox 692 942 950 1011; baseline 0.012 -20"><span class='ocrx_word' id='word_1_30' title='bbox 692 942 950 1011; x_wconf 73' lang='lat' dir='ltr'><strong>gignitur.</strong></span> 
     </span>
    </p>
   </div>
   <div class='ocr_carea' id='block_1_8' title="bbox 1321 1024 1616 1080">
    <p class='ocr_par' dir='ltr' id='par_1_8' title="bbox 1321 1024 1616 1080">
     <span class='ocr_line' id='line_1_8' title="bbox 1321 1024 1616 1080; baseline -0.007 0"><span class='ocrx_word' id='word_1_31' title='bbox 1321 1024 1616 1080; x_wconf 63' lang='lat' dir='ltr'><strong>TEKTUS.</strong></span> 
     </span>
    </p>
   </div>
   <div class='ocr_carea' id='block_1_9' title="bbox 759 1115 2259 1184">
    <p class='ocr_par' dir='ltr' id='par_1_9' title="bbox 759 1115 2259 1184">
     <span class='ocr_line' id='line_1_9' title="bbox 759 1115 2259 1184; baseline -0.005 -10"><span class='ocrx_word' id='word_1_32' title='bbox 759 1122 898 1184; x_wconf 69' lang='lat' dir='ltr'>XIII,</span> <span class='ocrx_word' id='word_1_33' title='bbox 922 1121 1114 1176; x_wconf 71' lang='lat'><strong>155-59.</strong></span> <span class='ocrx_word' id='word_1_34' title='bbox 1139 1120 1255 1175; x_wconf 88' lang='lat' dir='ltr'><strong>Non</strong></span> <span class='ocrx_word' id='word_1_35' title='bbox 1281 1119 1436 1171; x_wconf 88' lang='lat' dir='ltr'><strong>dabis</strong></span> <span class='ocrx_word' id='word_1_36' title='bbox 1468 1117 1725 1170; x_wconf 90' lang='lat' dir='ltr'><strong>Sanctum</strong></span> <span class='ocrx_word' id='word_1_37' title='bbox 1755 1125 1905 1169; x_wconf 92' lang='lat' dir='ltr'><strong>tuum</strong></span> <span class='ocrx_word' id='word_1_38' title='bbox 1929 1115 2113 1170; x_wconf 84' lang='lat' dir='ltr'><strong>videre</strong></span> <span class='ocrx_word' id='word_1_39' title='bbox 2135 1129 2259 1169; x_wconf 88' lang='lat' dir='ltr'><strong>cor-</strong></span> 
     </span>
    </p>
   </div>
   <div class='ocr_carea' id='block_1_10' title="bbox 692 1206 2259 1280">
    <p class='ocr_par' dir='ltr' id='par_1_10' title="bbox 692 1206 2259 1280">
     <span class='ocr_line' id='line_1_10' title="bbox 692 1206 2259 1280; baseline -0.004 -16"><span class='ocrx_word' id='word_1_40' title='bbox 692 1213 1020 1280; x_wconf 86' lang='lat' dir='ltr'><strong>ruptionem,</strong></span> <span class='ocrx_word' id='word_1_41' title='bbox 1053 1210 1212 1263; x_wconf 82' lang='lat' dir='ltr'><strong>David</strong></span> <span class='ocrx_word' id='word_1_42' title='bbox 1242 1211 1386 1261; x_wconf 88' lang='lat' dir='ltr'><strong>enim</strong></span> <span class='ocrx_word' id='word_1_43' title='bbox 1413 1207 1466 1260; x_wconf 90' lang='lat' dir='ltr'><strong>in</strong></span> <span class='ocrx_word' id='word_1_44' title='bbox 1505 1223 1598 1260; x_wconf 87' lang='lat' dir='ltr'><strong>sua</strong></span> <span class='ocrx_word' id='word_1_45' title='bbox 1634 1209 1982 1276; x_wconf 62' lang='lat' dir='ltr'><strong>generatione</strong></span> <span class='ocrx_word' id='word_1_46' title='bbox 2005 1222 2131 1260; x_wconf 92' lang='lat' dir='ltr'><strong>cum</strong></span> <span class='ocrx_word' id='word_1_47' title='bbox 2160 1206 2259 1258; x_wconf 88' lang='lat' dir='ltr'><strong>ad-</strong></span> 
     </span>
    </p>
   </div>
   <div class='ocr_carea' id='block_1_11' title="bbox 693 1298 2257 1366">
    <p class='ocr_par' dir='ltr' id='par_1_11' title="bbox 693 1298 2257 1366">
     <span class='ocr_line' id='line_1_11' title="bbox 693 1298 2257 1366; baseline -0.004 -14"><span class='ocrx_word' id='word_1_48' title='bbox 693 1303 1056 1356; x_wconf 87' lang='lat' dir='ltr'><strong>ministrasset</strong></span> <span class='ocrx_word' id='word_1_49' title='bbox 1077 1300 1338 1353; x_wconf 77' lang='lat' dir='ltr'><strong>voluntati</strong></span> <span class='ocrx_word' id='word_1_50' title='bbox 1361 1300 1474 1362; x_wconf 90' lang='lat' dir='ltr'><strong>Dei,</strong></span> <span class='ocrx_word' id='word_1_51' title='bbox 1497 1298 1775 1361; x_wconf 82' lang='lat' dir='ltr'><strong>dormivit,</strong></span> <span class='ocrx_word' id='word_1_52' title='bbox 1799 1305 1852 1349; x_wconf 90' lang='lat' dir='ltr'><strong>et</strong></span> <span class='ocrx_word' id='word_1_53' title='bbox 1872 1298 2154 1366; x_wconf 89' lang='lat' dir='ltr'><strong>appositus</strong></span> <span class='ocrx_word' id='word_1_54' title='bbox 2173 1306 2257 1349; x_wconf 90' lang='lat' dir='ltr'><strong>est</strong></span> 
     </span>
    </p>
   </div>
   <div class='ocr_carea' id='block_1_12' title="bbox 693 1386 2262 1461">
    <p class='ocr_par' dir='ltr' id='par_1_12' title="bbox 693 1386 2262 1461">
     <span class='ocr_line' id='line_1_12' title="bbox 693 1386 2262 1461; baseline -0.003 -15"><span class='ocrx_word' id='word_1_55' title='bbox 693 1396 756 1446; x_wconf 86' lang='lat' dir='ltr'><strong>ad</strong></span> <span class='ocrx_word' id='word_1_56' title='bbox 775 1404 953 1461; x_wconf 83' lang='lat' dir='ltr'><strong>patres</strong></span> <span class='ocrx_word' id='word_1_57' title='bbox 968 1408 1118 1455; x_wconf 90' lang='lat' dir='ltr'><strong>suos,</strong></span> <span class='ocrx_word' id='word_1_58' title='bbox 1133 1403 1184 1444; x_wconf 84' lang='lat' dir='ltr'><strong>et</strong></span> <span class='ocrx_word' id='word_1_59' title='bbox 1201 1392 1330 1444; x_wconf 81' lang='lat' dir='ltr'><strong>vidit</strong></span> <span class='ocrx_word' id='word_1_60' title='bbox 1345 1390 1770 1456; x_wconf 72' lang='lat' dir='ltr'><strong>corruptionem.</strong></span> <span class='ocrx_word' id='word_1_61' title='bbox 1789 1389 1958 1453; x_wconf 87' lang='lat' dir='ltr'><strong>Quem</strong></span> <span class='ocrx_word' id='word_1_62' title='bbox 1975 1402 2103 1440; x_wconf 84' lang='lat' dir='ltr'><strong>vero</strong></span> <span class='ocrx_word' id='word_1_63' title='bbox 2119 1386 2262 1442; x_wconf 91' lang='lat' dir='ltr'><strong>Deus</strong></span> 
     </span>
    </p>
   </div>
   <div class='ocr_carea' id='block_1_13' title="bbox 693 1476 2256 1549">
    <p class='ocr_par' dir='ltr' id='par_1_13' title="bbox 693 1476 2256 1549">
     <span class='ocr_line' id='line_1_13' title="bbox 693 1476 2256 1549; baseline -0.006 -10"><span class='ocrx_word' id='word_1_64' title='bbox 693 1486 976 1539; x_wconf 81' lang='lat' dir='ltr'><strong>suscitavit</strong></span> <span class='ocrx_word' id='word_1_65' title='bbox 997 1501 1024 1536; x_wconf 90' lang='lat' dir='ltr'><strong>a</strong></span> <span class='ocrx_word' id='word_1_66' title='bbox 1041 1486 1293 1544; x_wconf 88' lang='lat' dir='ltr'><strong>mortuis.</strong></span> <span class='ocrx_word' id='word_1_67' title='bbox 1315 1499 1418 1536; x_wconf 92' lang='lat' dir='ltr'><strong>non</strong></span> <span class='ocrx_word' id='word_1_68' title='bbox 1443 1483 1572 1536; x_wconf 84' lang='lat' dir='ltr'><strong>vidit</strong></span> <span class='ocrx_word' id='word_1_69' title='bbox 1591 1483 2019 1549; x_wconf 81' lang='lat' dir='ltr'><strong>corruptionem.</strong></span> <span class='ocrx_word' id='word_1_70' title='bbox 2061 1476 2256 1530; x_wconf 85' lang='lat' dir='ltr'><strong>Notum</strong></span> 
     </span>
    </p>
   </div>
   <div class='ocr_carea' id='block_1_14' title="bbox 695 1567 2255 1646">
    <p class='ocr_par' dir='ltr' id='par_1_14' title="bbox 695 1567 2255 1646">
     <span class='ocr_line' id='line_1_14' title="bbox 695 1567 2255 1646; baseline -0.003 -20"><span class='ocrx_word' id='word_1_71' title='bbox 695 1577 859 1646; x_wconf 80' lang='lat' dir='ltr'><strong>igitur</strong></span> <span class='ocrx_word' id='word_1_72' title='bbox 894 1576 965 1629; x_wconf 89' lang='lat' dir='ltr'><strong>sit</strong></span> <span class='ocrx_word' id='word_1_73' title='bbox 999 1577 1176 1634; x_wconf 87' lang='lat' dir='ltr'><strong>vobis.</strong></span> <span class='ocrx_word' id='word_1_74' title='bbox 1208 1575 1308 1626; x_wconf 83' lang='lat' dir='ltr'><strong>viri</strong></span> <span class='ocrx_word' id='word_1_75' title='bbox 1367 1572 1584 1637; x_wconf 79' lang='lat' dir='ltr'><strong>fratres,</strong></span> <span class='ocrx_word' id='word_1_76' title='bbox 1620 1571 1747 1639; x_wconf 82' lang='lat' dir='ltr'><strong>quia</strong></span> <span class='ocrx_word' id='word_1_77' title='bbox 1785 1586 1880 1639; x_wconf 89' lang='lat' dir='ltr'><strong>per</strong></span> <span class='ocrx_word' id='word_1_78' title='bbox 1925 1571 2073 1622; x_wconf 83' lang='lat' dir='ltr'><strong>hunc</strong></span> <span class='ocrx_word' id='word_1_79' title='bbox 2103 1567 2255 1622; x_wconf 87' lang='lat' dir='ltr'><strong>vobis</strong></span> 
     </span>
    </p>
   </div>
   <div class='ocr_carea' id='block_1_15' title="bbox 695 1660 2259 1734">
    <p class='ocr_par' dir='ltr' id='par_1_15' title="bbox 695 1660 2259 1734">
     <span class='ocr_line' id='line_1_15' title="bbox 695 1660 2259 1734; baseline -0.004 -15"><span class='ocrx_word' id='word_1_80' title='bbox 695 1668 946 1721; x_wconf 87' lang='lat' dir='ltr'><strong>remissio</strong></span> <span class='ocrx_word' id='word_1_81' title='bbox 999 1674 1346 1734; x_wconf 87' lang='lat' dir='ltr'><strong>peccatorum</strong></span> <span class='ocrx_word' id='word_1_82' title='bbox 1385 1665 1762 1726; x_wconf 87' lang='lat' dir='ltr'><strong>annuntiatur,</strong></span> <span class='ocrx_word' id='word_1_83' title='bbox 1809 1670 1860 1714; x_wconf 90' lang='lat' dir='ltr'><strong>et</strong></span> <span class='ocrx_word' id='word_1_84' title='bbox 1902 1661 1970 1713; x_wconf 87' lang='lat' dir='ltr'><strong>ab</strong></span> <span class='ocrx_word' id='word_1_85' title='bbox 2001 1660 2259 1713; x_wconf 87' lang='lat' dir='ltr'><strong>omnibus</strong></span> 
     </span>
    </p>
   </div>
   <div class='ocr_carea' id='block_1_16' title="bbox 695 1750 2254 1825">
    <p class='ocr_par' dir='ltr' id='par_1_16' title="bbox 695 1750 2254 1825">
     <span class='ocr_line' id='line_1_16' title="bbox 695 1750 2254 1825; baseline -0.004 -17"><span class='ocrx_word' id='word_1_86' title='bbox 695 1757 894 1824; x_wconf 78' lang='lat' dir='ltr'><strong>quibus</strong></span> <span class='ocrx_word' id='word_1_87' title='bbox 930 1773 1036 1810; x_wconf 92' lang='lat' dir='ltr'><strong>non</strong></span> <span class='ocrx_word' id='word_1_88' title='bbox 1063 1757 1316 1825; x_wconf 87' lang='lat' dir='ltr'><strong>potuistis</strong></span> <span class='ocrx_word' id='word_1_89' title='bbox 1351 1757 1405 1808; x_wconf 87' lang='lat' dir='ltr'><strong>in</strong></span> <span class='ocrx_word' id='word_1_90' title='bbox 1447 1756 1564 1822; x_wconf 69' lang='lat' dir='ltr'><strong>lege</strong></span> <span class='ocrx_word' id='word_1_91' title='bbox 1619 1753 1786 1822; x_wconf 82' lang='lat' dir='ltr'><strong>Moysi</strong></span> <span class='ocrx_word' id='word_1_92' title='bbox 1847 1751 2158 1822; x_wconf 77' lang='lat' dir='ltr'><strong>iustiﬁcari,</strong></span> <span class='ocrx_word' id='word_1_93' title='bbox 2201 1750 2254 1803; x_wconf 94' lang='lat' dir='ltr'><strong>in</strong></span> 
     </span>
    </p>
   </div>
   <div class='ocr_carea' id='block_1_17' title="bbox 698 1843 1764 1915">
    <p class='ocr_par' dir='ltr' id='par_1_17' title="bbox 698 1843 1764 1915">
     <span class='ocr_line' id='line_1_17' title="bbox 698 1843 1764 1915; baseline -0.003 -17"><span class='ocrx_word' id='word_1_94' title='bbox 698 1847 796 1899; x_wconf 82' lang='lat' dir='ltr'><strong>lioe</strong></span> <span class='ocrx_word' id='word_1_95' title='bbox 833 1846 1033 1910; x_wconf 89' lang='lat' dir='ltr'><strong>omnis,</strong></span> <span class='ocrx_word' id='word_1_96' title='bbox 1063 1846 1154 1915; x_wconf 91' lang='lat' dir='ltr'><strong>qui</strong></span> <span class='ocrx_word' id='word_1_97' title='bbox 1189 1846 1381 1911; x_wconf 88' lang='lat' dir='ltr'><strong>credit,</strong></span> <span class='ocrx_word' id='word_1_98' title='bbox 1409 1843 1764 1914; x_wconf 83' lang='lat' dir='ltr'><strong>justiﬁcatur.</strong></span> 
     </span>
    </p>
   </div>
   <div class='ocr_carea' id='block_1_18' title="bbox 1159 2019 1734 2078">
    <p class='ocr_par' dir='ltr' id='par_1_18' title="bbox 1159 2019 1734 2078">
     <span class='ocr_line' id='line_1_18' title="bbox 1159 2019 1734 2078; baseline -0.012 0"><span class='ocrx_word' id='word_1_99' title='bbox 1159 2023 1246 2078; x_wconf 68' lang='grc' dir='ltr'><strong>(ΖΟ</strong></span> <span class='ocrx_word' id='word_1_100' title='bbox 1258 2019 1734 2075; x_wconf 77' lang='lat' dir='ltr'><strong>MMENTAIIIUS.</strong></span> 
     </span>
    </p>
   </div>
   <div class='ocr_carea' id='block_1_19' title="bbox 767 2108 2263 2183">
    <p class='ocr_par' dir='ltr' id='par_1_19' title="bbox 767 2108 2263 2183">
     <span class='ocr_line' id='line_1_19' title="bbox 767 2108 2263 2183; baseline -0.006 -12"><span class='ocrx_word' id='word_1_101' title='bbox 767 2117 1179 2178; x_wconf 81' lang='lat' dir='ltr'><strong>Adnotandnm,</strong></span> <span class='ocrx_word' id='word_1_102' title='bbox 1211 2131 1411 2183; x_wconf 90' lang='lat' dir='ltr'><strong>corpus</strong></span> <span class='ocrx_word' id='word_1_103' title='bbox 1450 2112 1665 2167; x_wconf 89' lang='lat' dir='ltr'><strong>Domini</strong></span> <span class='ocrx_word' id='word_1_104' title='bbox 1705 2110 1820 2176; x_wconf 88' lang='lat' dir='ltr'><strong>Dei,</strong></span> <span class='ocrx_word' id='word_1_105' title='bbox 1851 2120 1906 2164; x_wconf 87' lang='lat' dir='ltr'><strong>et</strong></span> <span class='ocrx_word' id='word_1_106' title='bbox 1960 2108 2263 2163; x_wconf 84' lang='lat' dir='ltr'><strong>Salvatoris</strong></span> 
     </span>
    </p>
   </div>
   <div class='ocr_carea' id='block_1_20' title="bbox 699 2199 2262 2274">
    <p class='ocr_par' dir='ltr' id='par_1_20' title="bbox 699 2199 2262 2274">
     <span class='ocr_line' id='line_1_20' title="bbox 699 2199 2262 2274; baseline -0.008 -12"><span class='ocrx_word' id='word_1_107' title='bbox 699 2209 872 2262; x_wconf 91' lang='lat' dir='ltr'><strong>nostri</strong></span> <span class='ocrx_word' id='word_1_108' title='bbox 898 2206 1024 2260; x_wconf 72' lang='lat' dir='ltr'><strong>Iesu</strong></span> <span class='ocrx_word' id='word_1_109' title='bbox 1057 2205 1252 2260; x_wconf 84' lang='lat' dir='ltr'><strong>Christi</strong></span> <span class='ocrx_word' id='word_1_110' title='bbox 1279 2215 1398 2274; x_wconf 86' lang='lat' dir='ltr'><strong>post</strong></span> <span class='ocrx_word' id='word_1_111' title='bbox 1424 2204 1900 2267; x_wconf 88' lang='lat' dir='ltr'><strong>resurrectionem,</strong></span> <span class='ocrx_word' id='word_1_112' title='bbox 1927 2199 2262 2269; x_wconf 87' lang='lat' dir='ltr'><strong>passibilcm,</strong></span> 
     </span>
    </p>
   </div>
   <div class='ocr_carea' id='block_1_21' title="bbox 703 2291 2264 2365">
    <p class='ocr_par' dir='ltr' id='par_1_21' title="bbox 703 2291 2264 2365">
     <span class='ocr_line' id='line_1_21' title="bbox 703 2291 2264 2365; baseline -0.006 -13"><span class='ocrx_word' id='word_1_113' title='bbox 703 2315 799 2352; x_wconf 85' lang='lat' dir='ltr'><strong>seu</strong></span> <span class='ocrx_word' id='word_1_114' title='bbox 862 2297 1104 2365; x_wconf 89' lang='lat' dir='ltr'><strong>passioni</strong></span> <span class='ocrx_word' id='word_1_115' title='bbox 1170 2296 1467 2349; x_wconf 75' lang='lat' dir='ltr'><strong>obnoxium</strong></span> <span class='ocrx_word' id='word_1_116' title='bbox 1523 2291 1816 2346; x_wconf 89' lang='lat' dir='ltr'><strong>dicendum</strong></span> <span class='ocrx_word' id='word_1_117' title='bbox 1887 2305 1998 2343; x_wconf 92' lang='lat' dir='ltr'><strong>non</strong></span> <span class='ocrx_word' id='word_1_118' title='bbox 2062 2303 2186 2343; x_wconf 88' lang='lat' dir='ltr'><strong>esse</strong></span> <span class='ocrx_word' id='word_1_119' title='bbox 2247 2304 2264 2342; x_wconf 87' lang='lat'><strong>:</strong></span> 
     </span>
    </p>
   </div>
   <div class='ocr_carea' id='block_1_22' title="bbox 696 2379 2265 2456">
    <p class='ocr_par' dir='ltr' id='par_1_22' title="bbox 696 2379 2265 2456">
     <span class='ocr_line' id='line_1_22' title="bbox 696 2379 2265 2456; baseline -0.006 -16"><span class='ocrx_word' id='word_1_120' title='bbox 696 2388 1157 2456; x_wconf 80' lang='lat' dir='ltr'><strong>quemadmodum</strong></span> <span class='ocrx_word' id='word_1_121' title='bbox 1199 2394 1323 2438; x_wconf 88' lang='lat' dir='ltr'><strong>ante</strong></span> <span class='ocrx_word' id='word_1_122' title='bbox 1352 2384 1817 2438; x_wconf 81' lang='lat' dir='ltr'><strong>resurrectionem</strong></span> <span class='ocrx_word' id='word_1_123' title='bbox 1851 2395 1960 2433; x_wconf 93' lang='lat' dir='ltr'><strong>non</strong></span> <span class='ocrx_word' id='word_1_124' title='bbox 1997 2387 2113 2434; x_wconf 88' lang='lat' dir='ltr'><strong>erat</strong></span> <span class='ocrx_word' id='word_1_125' title='bbox 2163 2379 2265 2431; x_wconf 87' lang='lat' dir='ltr'><strong>im-</strong></span> 
     </span>
    </p>
   </div>
   <div class='ocr_carea' id='block_1_23' title="bbox 699 2467 2265 2550">
    <p class='ocr_par' dir='ltr' id='par_1_23' title="bbox 699 2467 2265 2550">
     <span class='ocr_line' id='line_1_23' title="bbox 699 2467 2265 2550; baseline -0.006 -19"><span class='ocrx_word' id='word_1_126' title='bbox 699 2478 977 2550; x_wconf 70' lang='lat' dir='ltr'><strong>passibile,</strong></span> <span class='ocrx_word' id='word_1_127' title='bbox 1027 2493 1122 2532; x_wconf 83' lang='lat' dir='ltr'><strong>seu</strong></span> <span class='ocrx_word' id='word_1_128' title='bbox 1182 2475 1598 2544; x_wconf 87' lang='lat' dir='ltr'><strong>iucorruptibile</strong></span> <span class='ocrx_word' id='word_1_129' title='bbox 1650 2482 1701 2526; x_wconf 92' lang='lat' dir='ltr'><strong>et</strong></span> <span class='ocrx_word' id='word_1_130' title='bbox 1756 2469 2078 2524; x_wconf 86' lang='lat' dir='ltr'><strong>immortale.</strong></span> <span class='ocrx_word' id='word_1_131' title='bbox 2131 2467 2265 2522; x_wconf 77' lang='lat' dir='ltr'><strong>Nam</strong></span> 
     </span>
    </p>
   </div>
   <div class='ocr_carea' id='block_1_24' title="bbox 701 2559 2263 2633">
    <p class='ocr_par' dir='ltr' id='par_1_24' title="bbox 701 2559 2263 2633">
     <span class='ocr_line' id='line_1_24' title="bbox 701 2559 2263 2633; baseline -0.006 -13"><span class='ocrx_word' id='word_1_132' title='bbox 701 2565 924 2621; x_wconf 89' lang='lat' dir='ltr'><strong>aliunde</strong></span> <span class='ocrx_word' id='word_1_133' title='bbox 961 2567 1029 2618; x_wconf 89' lang='lat' dir='ltr'><strong>ab</strong></span> <span class='ocrx_word' id='word_1_134' title='bbox 1068 2568 1184 2633; x_wconf 85' lang='lat' dir='ltr'><strong>ipsa</strong></span> <span class='ocrx_word' id='word_1_135' title='bbox 1246 2563 1624 2618; x_wconf 74' lang='lat' dir='ltr'><strong>incarnatione</strong></span> <span class='ocrx_word' id='word_1_136' title='bbox 1690 2559 2263 2629; x_wconf 90' lang='lat' dir='ltr'><strong>incorruptibilitatem</strong></span> 
     </span>
    </p>
   </div>
   <div class='ocr_carea' id='block_1_25' title="bbox 700 2652 2268 2727">
    <p class='ocr_par' dir='ltr' id='par_1_25' title="bbox 700 2652 2268 2727">
     <span class='ocr_line' id='line_1_25' title="bbox 700 2652 2268 2727; baseline -0.003 -19"><span class='ocrx_word' id='word_1_137' title='bbox 700 2659 1017 2727; x_wconf 86' lang='lat' dir='ltr'><strong>quamdam,</strong></span> <span class='ocrx_word' id='word_1_138' title='bbox 1045 2672 1236 2725; x_wconf 81' lang='lat' dir='ltr'><strong>nempe</strong></span> <span class='ocrx_word' id='word_1_139' title='bbox 1261 2655 1650 2724; x_wconf 63' lang='lat' dir='ltr'><strong>impeceantim,</strong></span> <span class='ocrx_word' id='word_1_140' title='bbox 1677 2669 1801 2709; x_wconf 88' lang='lat' dir='ltr'><strong>eum</strong></span> <span class='ocrx_word' id='word_1_141' title='bbox 1839 2652 2122 2717; x_wconf 80' lang='lat' dir='ltr'><strong>habuisse,</strong></span> <span class='ocrx_word' id='word_1_142' title='bbox 2153 2666 2268 2705; x_wconf 88' lang='lat' dir='ltr'><strong>ma-</strong></span> 
     </span>
    </p>
   </div>
   <div class='ocr_carea' id='block_1_26' title="bbox 704 2748 1293 2818">
    <p class='ocr_par' dir='ltr' id='par_1_26' title="bbox 704 2748 1293 2818">
     <span class='ocr_line' id='line_1_26' title="bbox 704 2748 1293 2818; baseline -0.005 -16"><span class='ocrx_word' id='word_1_143' title='bbox 704 2748 966 2803; x_wconf 79' lang='lat' dir='ltr'><strong>nifestum</strong></span> <span class='ocrx_word' id='word_1_144' title='bbox 1000 2750 1160 2818; x_wconf 91' lang='lat' dir='ltr'><strong>plane</strong></span> <span class='ocrx_word' id='word_1_145' title='bbox 1190 2757 1293 2801; x_wconf 87' lang='lat' dir='ltr'><strong>est.</strong></span> 
     </span>
    </p>
   </div>
   <div class='ocr_carea' id='block_1_27' title="bbox 1343 2835 1644 2891">
    <p class='ocr_par' dir='ltr' id='par_1_27' title="bbox 1343 2835 1644 2891">
     <span class='ocr_line' id='line_1_27' title="bbox 1343 2835 1644 2891; baseline 0 -1"><span class='ocrx_word' id='word_1_146' title='bbox 1343 2835 1644 2891; x_wconf 76' lang='lat' dir='ltr'><strong>TEXTUS.</strong></span> 
     </span>
    </p>
   </div>
   <div class='ocr_carea' id='block_1_28' title="bbox 771 2925 2267 2996">
    <p class='ocr_par' dir='ltr' id='par_1_28' title="bbox 771 2925 2267 2996">
     <span class='ocr_line' id='line_1_28' title="bbox 771 2925 2267 2996; baseline -0.003 -14"><span class='ocrx_word' id='word_1_147' title='bbox 771 2929 913 2993; x_wconf 74' lang='lat' dir='ltr'>XIII,</span> <span class='ocrx_word' id='word_1_148' title='bbox 932 2929 1118 2982; x_wconf 61' lang='lat'><strong>40-67.</strong></span> <span class='ocrx_word' id='word_1_149' title='bbox 1143 2929 1348 2992; x_wconf 82' lang='lat' dir='ltr'><strong>Videte,</strong></span> <span class='ocrx_word' id='word_1_150' title='bbox 1375 2935 1804 2996; x_wconf 85' lang='lat' dir='ltr'><strong>contemptores,</strong></span> <span class='ocrx_word' id='word_1_151' title='bbox 1822 2932 1874 2978; x_wconf 88' lang='lat' dir='ltr'><strong>et</strong></span> <span class='ocrx_word' id='word_1_152' title='bbox 1897 2925 2267 2990; x_wconf 86' lang='lat' dir='ltr'><strong>admiramini,</strong></span> 
     </span>
    </p>
   </div>
   <div class='ocr_carea' id='block_1_29' title="bbox 698 3005 2270 3088">
    <p class='ocr_par' dir='ltr' id='par_1_29' title="bbox 698 3005 2270 3088">
     <span class='ocr_line' id='line_1_29' title="bbox 698 3005 2270 3088; baseline -0.004 -15"><span class='ocrx_word' id='word_1_153' title='bbox 698 3028 754 3074; x_wconf 88' lang='lat' dir='ltr'><strong>et</strong></span> <span class='ocrx_word' id='word_1_154' title='bbox 786 3019 1158 3088; x_wconf 75' lang='lat' dir='ltr'><strong>dispordimini</strong></span> <span class='ocrx_word' id='word_1_155' title='bbox 1199 3036 1212 3072; x_wconf 89' lang='lat'><strong>:</strong></span> <span class='ocrx_word' id='word_1_156' title='bbox 1244 3018 1370 3086; x_wconf 82' lang='lat' dir='ltr'><strong>quia</strong></span> <span class='ocrx_word' id='word_1_157' title='bbox 1409 3005 1547 3085; x_wconf 69' lang='lat' dir='ltr'><strong>opus</strong></span> <span class='ocrx_word' id='word_1_158' title='bbox 1576 3031 1770 3084; x_wconf 89' lang='lat' dir='ltr'><strong>operor</strong></span> <span class='ocrx_word' id='word_1_159' title='bbox 1819 3029 1921 3084; x_wconf 84' lang='lat' dir='ltr'><strong>ego</strong></span> <span class='ocrx_word' id='word_1_160' title='bbox 1973 3016 2026 3066; x_wconf 92' lang='lat' dir='ltr'><strong>in</strong></span> <span class='ocrx_word' id='word_1_161' title='bbox 2075 3014 2270 3067; x_wconf 88' lang='lat' dir='ltr'><strong>diebus</strong></span> 
     </span>
    </p>
   </div>
   <div class='ocr_carea' id='block_1_30' title="bbox 1591 361 3007 432">
    <p class='ocr_par' dir='ltr' id='par_1_30' title="bbox 1591 361 3007 432">
     <span class='ocr_line' id='line_1_30' title="bbox 1591 361 3007 432; baseline -0.007 0"><span class='ocrx_word' id='word_1_162' title='bbox 1591 364 2163 432; x_wconf 80' lang='lat' dir='ltr'><strong>THEOPHYLACTI</strong></span> <span class='ocrx_word' id='word_1_163' title='bbox 2206 361 2614 423; x_wconf 75' lang='lat' dir='ltr'><strong>BULGARI/‘E</strong></span> <span class='ocrx_word' id='word_1_164' title='bbox 2655 363 3007 423; x_wconf 76' lang='lat' dir='ltr'><strong>ARCHIEP.</strong></span> 
     </span>
    </p>
   </div>
   <div class='ocr_carea' id='block_1_31' title="bbox 3823 361 3931 424">
    <p class='ocr_par' dir='ltr' id='par_1_31' title="bbox 3823 361 3931 424">
     <span class='ocr_line' id='line_1_31' title="bbox 3823 361 3931 424; baseline 0 0"><span class='ocrx_word' id='word_1_165' title='bbox 3823 361 3931 424; x_wconf 82' lang='lat'><strong>968</strong></span> 
     </span>
    </p>
   </div>
   <div class='ocr_carea' id='block_1_32' title="bbox 2951 470 3331 525">
    <p class='ocr_par' dir='ltr' id='par_1_32' title="bbox 2951 470 3331 525">
     <span class='ocr_line' id='line_1_32' title="bbox 2951 470 3331 525; baseline -0.003 -2"><span class='ocrx_word' id='word_1_166' title='bbox 2951 470 3303 525; x_wconf 73' lang='grc' dir='ltr'><strong>ΕΡΜΠΝΕΙΑ</strong></span> <span class='ocrx_word' id='word_1_167' title='bbox 3318 510 3331 522; x_wconf 92' lang='grc'><strong>.</strong></span> 
     </span>
    </p>
   </div>
   <div class='ocr_carea' id='block_1_33' title="bbox 2428 559 3931 632">
    <p class='ocr_par' dir='ltr' id='par_1_33' title="bbox 2428 559 3931 632">
     <span class='ocr_line' id='line_1_33' title="bbox 2428 559 3931 632; baseline -0.003 -16"><span class='ocrx_word' id='word_1_168' title='bbox 2428 563 2610 616; x_wconf 83' lang='grc' dir='ltr'><strong>Ταῦτα</strong></span> <span class='ocrx_word' id='word_1_169' title='bbox 2654 567 2720 632; x_wconf 77' lang='grc' dir='ltr'><strong>τῆ</strong></span> <span class='ocrx_word' id='word_1_170' title='bbox 2770 563 3122 631; x_wconf 83' lang='grc' dir='ltr'><strong>ἀνθρωπήσει</strong></span> <span class='ocrx_word' id='word_1_171' title='bbox 3145 564 3188 594; x_wconf 73' lang='grc'><strong>⁸⁸</strong></span> <span class='ocrx_word' id='word_1_172' title='bbox 3226 560 3321 615; x_wconf 89' lang='grc' dir='ltr'><strong>τοῦ</strong></span> <span class='ocrx_word' id='word_1_173' title='bbox 3353 559 3591 632; x_wconf 80' lang='grc' dir='ltr'><strong>Χριστοῦ</strong></span> <span class='ocrx_word' id='word_1_174' title='bbox 3622 560 3825 630; x_wconf 80' lang='grc' dir='ltr'><strong>πρέπει</strong></span> <span class='ocrx_word' id='word_1_175' title='bbox 3858 561 3931 612; x_wconf 73' lang='grc' dir='ltr'><strong>τά</strong></span> 
     </span>
    </p>
   </div>
   <div class='ocr_carea' id='block_1_34' title="bbox 2359 636 3934 725">
    <p class='ocr_par' dir='ltr' id='par_1_34' title="bbox 2359 636 3934 725">
     <span class='ocr_line' id='line_1_34' title="bbox 2359 636 3934 725; baseline -0.003 -16"><span class='ocrx_word' id='word_1_176' title='bbox 2359 636 2600 725; x_wconf 68' lang='grc' dir='ltr'><strong>ῥήματα,</strong></span> <span class='ocrx_word' id='word_1_177' title='bbox 2653 658 2773 725; x_wconf 83' lang='grc' dir='ltr'><strong>ῆτις</strong></span> <span class='ocrx_word' id='word_1_178' title='bbox 2834 654 3092 724; x_wconf 76' lang='grc' dir='ltr'><strong>χρονικὴν</strong></span> <span class='ocrx_word' id='word_1_179' title='bbox 3144 653 3257 723; x_wconf 74' lang='grc' dir='ltr'><strong>ἔχει</strong></span> <span class='ocrx_word' id='word_1_180' title='bbox 3305 654 3403 724; x_wconf 76' lang='grc' dir='ltr'><strong>τὴν</strong></span> <span class='ocrx_word' id='word_1_181' title='bbox 3436 653 3806 722; x_wconf 79' lang='grc' dir='ltr'><strong>ἐπιφοίτησιν.</strong></span> <span class='ocrx_word' id='word_1_182' title='bbox 3856 653 3934 705; x_wconf 80' lang='grc' dir='ltr'><strong>Τὸ</strong></span> 
     </span>
    </p>
   </div>
   <div class='ocr_carea' id='block_1_35' title="bbox 2357 746 3936 818">
    <p class='ocr_par' dir='ltr' id='par_1_35' title="bbox 2357 746 3936 818">
     <span class='ocr_line' id='line_1_35' title="bbox 2357 746 3936 818; baseline -0.003 -18"><span class='ocrx_word' id='word_1_183' title='bbox 2357 747 2487 818; x_wconf 70' lang='grc' dir='ltr'><strong>γὰρ,</strong></span> <span class='ocrx_word' id='word_1_184' title='bbox 2504 748 2791 814; x_wconf 67' lang='grc' dir='ltr'><strong>σήμερον,</strong></span> <span class='ocrx_word' id='word_1_185' title='bbox 2813 748 2925 802; x_wconf 80' lang='grc' dir='ltr'><strong>καὶ.</strong></span> <span class='ocrx_word' id='word_1_186' title='bbox 2949 746 3182 813; x_wconf 75' lang='grc' dir='ltr'><strong>αὔριον,</strong></span> <span class='ocrx_word' id='word_1_187' title='bbox 3203 746 3431 815; x_wconf 70' lang='grc' dir='ltr'><strong>ἡμερῶν</strong></span> <span class='ocrx_word' id='word_1_188' title='bbox 3449 747 3565 799; x_wconf 86' lang='grc' dir='ltr'><strong>ἐστι</strong></span> <span class='ocrx_word' id='word_1_189' title='bbox 3594 756 3936 815; x_wconf 84' lang='grc' dir='ltr'><strong>παραστατι-</strong></span> 
     </span>
    </p>
   </div>
   <div class='ocr_carea' id='block_1_36' title="bbox 2358 831 3932 906">
    <p class='ocr_par' dir='ltr' id='par_1_36' title="bbox 2358 831 3932 906">
     <span class='ocr_line' id='line_1_36' title="bbox 2358 831 3932 906; baseline -0.001 -19"><span class='ocrx_word' id='word_1_190' title='bbox 2358 837 2478 887; x_wconf 84' lang='grc' dir='ltr'><strong>κόν·</strong></span> <span class='ocrx_word' id='word_1_191' title='bbox 2515 831 2670 898; x_wconf 75' lang='grc' dir='ltr'><strong>οὗτος</strong></span> <span class='ocrx_word' id='word_1_192' title='bbox 2701 837 2779 901; x_wconf 84' lang='grc' dir='ltr'><strong>δὲ,</strong></span> <span class='ocrx_word' id='word_1_193' title='bbox 2817 836 2954 889; x_wconf 82' lang='grc' dir='ltr'><strong>καθὸ</strong></span> <span class='ocrx_word' id='word_1_194' title='bbox 2997 838 3190 904; x_wconf 89' lang='grc' dir='ltr'><strong>Λόγος,</strong></span> <span class='ocrx_word' id='word_1_195' title='bbox 3228 837 3477 906; x_wconf 88' lang='grc' dir='ltr'><strong>ἀχρόνως</strong></span> <span class='ocrx_word' id='word_1_196' title='bbox 3510 837 3664 904; x_wconf 84' lang='grc' dir='ltr'><strong>παρά</strong></span> <span class='ocrx_word' id='word_1_197' title='bbox 3689 832 3783 888; x_wconf 87' lang='grc' dir='ltr'><strong>τοῦ</strong></span> <span class='ocrx_word' id='word_1_198' title='bbox 3814 833 3932 886; x_wconf 83' lang='grc' dir='ltr'><strong>Πα-</strong></span> 
     </span>
    </p>
   </div>
   <div class='ocr_carea' id='block_1_37' title="bbox 2358 930 2778 1000">
    <p class='ocr_par' dir='ltr' id='par_1_37' title="bbox 2358 930 2778 1000">
     <span class='ocr_line' id='line_1_37' title="bbox 2358 930 2778 1000; baseline 0.005 -19"><span class='ocrx_word' id='word_1_199' title='bbox 2358 931 2484 1000; x_wconf 72' lang='grc' dir='ltr'><strong>τρὸς</strong></span> <span class='ocrx_word' id='word_1_200' title='bbox 2513 930 2778 984; x_wconf 86' lang='grc' dir='ltr'><strong>τίκτεται.</strong></span> 
     </span>
    </p>
   </div>
   <div class='ocr_carea' id='block_1_38' title="bbox 2949 1018 3340 1072">
    <p class='ocr_par' dir='ltr' id='par_1_38' title="bbox 2949 1018 3340 1072">
     <span class='ocr_line' id='line_1_38' title="bbox 2949 1018 3340 1072; baseline 0 0"><span class='ocrx_word' id='word_1_201' title='bbox 2949 1018 3340 1072; x_wconf 81' lang='lat' dir='ltr'><strong>KEIMENON.</strong></span> 
     </span>
    </p>
   </div>
   <div class='ocr_carea' id='block_1_39' title="bbox 2429 1105 3936 1178">
    <p class='ocr_par' dir='ltr' id='par_1_39' title="bbox 2429 1105 3936 1178">
     <span class='ocr_line' id='line_1_39' title="bbox 2429 1105 3936 1178; baseline -0.006 -13"><span class='ocrx_word' id='word_1_202' title='bbox 2429 1113 2504 1165; x_wconf 85' lang='grc' dir='ltr'><strong>Οὐ</strong></span> <span class='ocrx_word' id='word_1_203' title='bbox 2539 1112 2733 1174; x_wconf 80' lang='grc' dir='ltr'><strong>δώσεις</strong></span> <span class='ocrx_word' id='word_1_204' title='bbox 2777 1112 2868 1164; x_wconf 82' lang='grc' dir='ltr'><strong>τὸν</strong></span> <span class='ocrx_word' id='word_1_205' title='bbox 2915 1113 3064 1164; x_wconf 85' lang='grc' dir='ltr'><strong>ὅσιόν</strong></span> <span class='ocrx_word' id='word_1_206' title='bbox 3098 1127 3193 1162; x_wconf 90' lang='grc' dir='ltr'><strong>σου</strong></span> <span class='ocrx_word' id='word_1_207' title='bbox 3233 1110 3364 1162; x_wconf 84' lang='grc' dir='ltr'><strong>ίδεῐν</strong></span> <span class='ocrx_word' id='word_1_208' title='bbox 3410 1107 3730 1178; x_wconf 82' lang='grc' dir='ltr'><strong>διαφθοράν,</strong></span> <span class='ocrx_word' id='word_1_209' title='bbox 3767 1105 3936 1158; x_wconf 70' lang='grc' dir='ltr'><strong>Δασὶδ</strong></span> 
     </span>
    </p>
   </div>
   <div class='ocr_carea' id='block_1_40' title="bbox 2363 1197 3935 1276">
    <p class='ocr_par' dir='ltr' id='par_1_40' title="bbox 2363 1197 3935 1276">
     <span class='ocr_line' id='line_1_40' title="bbox 2363 1197 3935 1276; baseline -0.004 -19"><span class='ocrx_word' id='word_1_210' title='bbox 2363 1205 2462 1275; x_wconf 86' lang='grc' dir='ltr'><strong>μὲν</strong></span> <span class='ocrx_word' id='word_1_211' title='bbox 2498 1204 2605 1276; x_wconf 83' lang='grc' dir='ltr'><strong>γὰρ</strong></span> <span class='ocrx_word' id='word_1_212' title='bbox 2639 1205 2741 1276; x_wconf 67' lang='grc' dir='ltr'><strong>ἰδία</strong></span> <span class='ocrx_word' id='word_1_213' title='bbox 2768 1206 2933 1274; x_wconf 74' lang='grc' dir='ltr'><strong>γενεᾷ</strong></span> <span class='ocrx_word' id='word_1_214' title='bbox 2965 1205 3314 1274; x_wconf 75' lang='grc' dir='ltr'><strong>ὑπηρετήσας</strong></span> <span class='ocrx_word' id='word_1_215' title='bbox 3347 1205 3415 1271; x_wconf 78' lang='grc' dir='ltr'><strong>τῇ</strong></span> <span class='ocrx_word' id='word_1_216' title='bbox 3443 1201 3537 1254; x_wconf 87' lang='grc' dir='ltr'><strong>τοῦ</strong></span> <span class='ocrx_word' id='word_1_217' title='bbox 3571 1199 3706 1252; x_wconf 91' lang='grc' dir='ltr'><strong>Θεοῦ</strong></span> <span class='ocrx_word' id='word_1_218' title='bbox 3742 1197 3935 1267; x_wconf 74' lang='grc' dir='ltr'><strong>βουλῇ.</strong></span> 
     </span>
    </p>
   </div>
   <div class='ocr_carea' id='block_1_41' title="bbox 2359 1290 3934 1366">
    <p class='ocr_par' dir='ltr' id='par_1_41' title="bbox 2359 1290 3934 1366">
     <span class='ocr_line' id='line_1_41' title="bbox 2359 1290 3934 1366; baseline -0.006 -16"><span class='ocrx_word' id='word_1_219' title='bbox 2359 1299 2650 1366; x_wconf 81' lang='grc' dir='ltr'><strong>ἐκοιμήθη,</strong></span> <span class='ocrx_word' id='word_1_220' title='bbox 2686 1299 2780 1350; x_wconf 79' lang='grc' dir='ltr'><strong>καὶ</strong></span> <span class='ocrx_word' id='word_1_221' title='bbox 2812 1297 3115 1365; x_wconf 74' lang='grc' dir='ltr'><strong>προσετέθη</strong></span> <span class='ocrx_word' id='word_1_222' title='bbox 3142 1297 3276 1366; x_wconf 83' lang='grc' dir='ltr'><strong>πρὸς</strong></span> <span class='ocrx_word' id='word_1_223' title='bbox 3305 1297 3433 1358; x_wconf 79' lang='grc' dir='ltr'><strong>τοὺς</strong></span> <span class='ocrx_word' id='word_1_224' title='bbox 3469 1295 3719 1363; x_wconf 81' lang='grc' dir='ltr'><strong>Πατέρας</strong></span> <span class='ocrx_word' id='word_1_225' title='bbox 3744 1290 3934 1350; x_wconf 81' lang='grc' dir='ltr'><strong>αὑτοῦ,</strong></span> 
     </span>
    </p>
   </div>
   <div class='ocr_carea' id='block_1_42' title="bbox 2363 1377 3936 1459">
    <p class='ocr_par' dir='ltr' id='par_1_42' title="bbox 2363 1377 3936 1459">
     <span class='ocr_line' id='line_1_42' title="bbox 2363 1377 3936 1459; baseline -0.005 -19"><span class='ocrx_word' id='word_1_226' title='bbox 2363 1389 2456 1440; x_wconf 74' lang='grc' dir='ltr'><strong>καὶ</strong></span> <span class='ocrx_word' id='word_1_227' title='bbox 2489 1386 2594 1441; x_wconf 75' lang='grc' dir='ltr'><strong>εἶδε</strong></span> <span class='ocrx_word' id='word_1_228' title='bbox 2636 1389 2959 1459; x_wconf 80' lang='grc' dir='ltr'><strong>διαφθοράν.</strong></span> <span class='ocrx_word' id='word_1_229' title='bbox 2995 1391 3092 1442; x_wconf 84' lang='grc' dir='ltr'><strong>’ον</strong></span> <span class='ocrx_word' id='word_1_230' title='bbox 3121 1389 3177 1442; x_wconf 78' lang='grc' dir='ltr'><strong>δὲ</strong></span> <span class='ocrx_word' id='word_1_231' title='bbox 3212 1389 3240 1441; x_wconf 84' lang='grc'>6</span> <span class='ocrx_word' id='word_1_232' title='bbox 3263 1387 3395 1449; x_wconf 75' lang='grc' dir='ltr'><strong>Θεὸς</strong></span> <span class='ocrx_word' id='word_1_233' title='bbox 3419 1387 3660 1457; x_wconf 80' lang='grc' dir='ltr'><strong>ῆγειρεν,</strong></span> <span class='ocrx_word' id='word_1_234' title='bbox 3695 1383 3796 1436; x_wconf 80' lang='grc' dir='ltr'><strong>οὐκ</strong></span> <span class='ocrx_word' id='word_1_235' title='bbox 3825 1377 3936 1433; x_wconf 79' lang='grc' dir='ltr'><strong>εἶδε</strong></span> 
     </span>
    </p>
   </div>
   <div class='ocr_carea' id='block_1_43' title="bbox 2359 1475 3932 1551">
    <p class='ocr_par' dir='ltr' id='par_1_43' title="bbox 2359 1475 3932 1551">
     <span class='ocr_line' id='line_1_43' title="bbox 2359 1475 3932 1551; baseline -0.005 -17"><span class='ocrx_word' id='word_1_236' title='bbox 2359 1481 2678 1551; x_wconf 71' lang='grc' dir='ltr'><strong>διαφθοράν.</strong></span> <span class='ocrx_word' id='word_1_237' title='bbox 2711 1483 2956 1533; x_wconf 78' lang='grc' dir='ltr'><strong>Γνωστὸν</strong></span> <span class='ocrx_word' id='word_1_238' title='bbox 2985 1477 3078 1534; x_wconf 82' lang='grc' dir='ltr'><strong>οῦν</strong></span> <span class='ocrx_word' id='word_1_239' title='bbox 3105 1479 3247 1533; x_wconf 78' lang='grc' dir='ltr'><strong>ἔστω</strong></span> <span class='ocrx_word' id='word_1_240' title='bbox 3282 1481 3432 1547; x_wconf 77' lang='grc' dir='ltr'><strong>ὑμῖν,</strong></span> <span class='ocrx_word' id='word_1_241' title='bbox 3467 1479 3661 1547; x_wconf 86' lang='grc' dir='ltr'><strong>ἀνδρες</strong></span> <span class='ocrx_word' id='word_1_242' title='bbox 3688 1475 3932 1543; x_wconf 70' lang='grc' dir='ltr'><strong>ἀδελφοὶ,</strong></span> 
     </span>
    </p>
   </div>
   <div class='ocr_carea' id='block_1_44' title="bbox 2362 1566 3936 1642">
    <p class='ocr_par' dir='ltr' id='par_1_44' title="bbox 2362 1566 3936 1642">
     <span class='ocr_line' id='line_1_44' title="bbox 2362 1566 3936 1642; baseline -0.006 -17"><span class='ocrx_word' id='word_1_243' title='bbox 2362 1573 2442 1625; x_wconf 75' lang='grc' dir='ltr'><strong>ὅτι</strong></span> <span class='ocrx_word' id='word_1_244' title='bbox 2485 1574 2571 1626; x_wconf 75' lang='grc' dir='ltr'><strong>διὰ</strong></span> <span class='ocrx_word' id='word_1_245' title='bbox 2599 1574 2789 1626; x_wconf 88' lang='grc' dir='ltr'><strong>τούτου</strong></span> <span class='ocrx_word' id='word_1_246' title='bbox 2828 1574 2957 1642; x_wconf 85' lang='grc' dir='ltr'><strong>ύμῖν</strong></span> <span class='ocrx_word' id='word_1_247' title='bbox 2986 1573 3178 1641; x_wconf 74' lang='grc' dir='ltr'><strong>ἄφεσις</strong></span> <span class='ocrx_word' id='word_1_248' title='bbox 3226 1571 3512 1640; x_wconf 79' lang='grc' dir='ltr'><strong>ἁμαρτιῶν</strong></span> <span class='ocrx_word' id='word_1_249' title='bbox 3562 1566 3936 1635; x_wconf 75' lang='grc' dir='ltr'><strong>καταγγέλλε-</strong></span> 
     </span>
    </p>
   </div>
   <div class='ocr_carea' id='block_1_45' title="bbox 2363 1659 3938 1733">
    <p class='ocr_par' dir='ltr' id='par_1_45' title="bbox 2363 1659 3938 1733">
     <span class='ocr_line' id='line_1_45' title="bbox 2363 1659 3938 1733; baseline -0.006 -15"><span class='ocrx_word' id='word_1_250' title='bbox 2363 1683 2452 1718; x_wconf 90' lang='grc' dir='ltr'><strong>ται</strong></span> <span class='ocrx_word' id='word_1_251' title='bbox 2475 1682 2488 1694; x_wconf 90' lang='grc'>·</span> <span class='ocrx_word' id='word_1_252' title='bbox 2523 1667 2617 1719; x_wconf 72' lang='grc' dir='ltr'><strong>καὶ</strong></span> <span class='ocrx_word' id='word_1_253' title='bbox 2645 1669 2753 1719; x_wconf 84' lang='grc' dir='ltr'><strong>ἀπὸ</strong></span> <span class='ocrx_word' id='word_1_254' title='bbox 2785 1670 3000 1720; x_wconf 87' lang='grc' dir='ltr'><strong>πάντων</strong></span> <span class='ocrx_word' id='word_1_255' title='bbox 3027 1660 3101 1719; x_wconf 84' lang='grc' dir='ltr'><strong>ὧν</strong></span> <span class='ocrx_word' id='word_1_256' title='bbox 3126 1665 3230 1719; x_wconf 73' lang='grc' dir='ltr'><strong>ὀὐκ</strong></span> <span class='ocrx_word' id='word_1_257' title='bbox 3259 1663 3560 1733; x_wconf 72' lang='grc' dir='ltr'><strong>ἠδυνήθητε</strong></span> <span class='ocrx_word' id='word_1_258' title='bbox 3591 1662 3650 1713; x_wconf 89' lang='grc' dir='ltr'><strong>ἐν</strong></span> <span class='ocrx_word' id='word_1_259' title='bbox 3680 1659 3754 1729; x_wconf 78' lang='grc' dir='ltr'><strong>τῷ</strong></span> <span class='ocrx_word' id='word_1_260' title='bbox 3786 1662 3938 1728; x_wconf 81' lang='grc' dir='ltr'><strong>νόμῳ</strong></span> 
     </span>
    </p>
   </div>
   <div class='ocr_carea' id='block_1_46' title="bbox 2365 1748 3938 1827">
    <p class='ocr_par' dir='ltr' id='par_1_46' title="bbox 2365 1748 3938 1827">
     <span class='ocr_line' id='line_1_46' title="bbox 2365 1748 3938 1827; baseline -0.003 -19"><span class='ocrx_word' id='word_1_261' title='bbox 2365 1748 2645 1819; x_wconf 75' lang='grc' dir='ltr'><strong>Μωῡσέως</strong></span> <span class='ocrx_word' id='word_1_262' title='bbox 2691 1759 3071 1827; x_wconf 81' lang='grc' dir='ltr'><strong>δικαιωθῆναι,</strong></span> <span class='ocrx_word' id='word_1_263' title='bbox 3116 1759 3174 1811; x_wconf 80' lang='grc' dir='ltr'><strong>ἐν</strong></span> <span class='ocrx_word' id='word_1_264' title='bbox 3222 1757 3396 1824; x_wconf 80' lang='grc' dir='ltr'><strong>τούτῳ</strong></span> <span class='ocrx_word' id='word_1_265' title='bbox 3436 1757 3542 1818; x_wconf 75' lang='grc' dir='ltr'><strong>πᾶς</strong></span> <span class='ocrx_word' id='word_1_266' title='bbox 3586 1757 3614 1808; x_wconf 89' lang='grc' dir='ltr'><strong>ό</strong></span> <span class='ocrx_word' id='word_1_267' title='bbox 3663 1751 3938 1806; x_wconf 74' lang='grc' dir='ltr'><strong>πιστεύων</strong></span> 
     </span>
    </p>
   </div>
   <div class='ocr_carea' id='block_1_47' title="bbox 2363 1841 3939 1916">
    <p class='ocr_par' dir='ltr' id='par_1_47' title="bbox 2363 1841 3939 1916">
     <span class='ocr_line' id='line_1_47' title="bbox 2363 1841 3939 1916; baseline -0.004 -18"><span class='ocrx_word' id='word_1_268' title='bbox 2363 1847 2685 1900; x_wconf 69' lang='grc' dir='ltr'><strong>δικαιοῦται.</strong></span> <span class='ocrx_word' id='word_1_269' title='bbox 2737 1847 2972 1900; x_wconf 77' lang='grc' dir='ltr'><strong>Βλέπετε</strong></span> <span class='ocrx_word' id='word_1_270' title='bbox 3020 1843 3136 1910; x_wconf 81' lang='grc' dir='ltr'><strong>οὖν,</strong></span> <span class='ocrx_word' id='word_1_271' title='bbox 3195 1849 3272 1916; x_wconf 81' lang='grc' dir='ltr'><strong>μὴ</strong></span> <span class='ocrx_word' id='word_1_272' title='bbox 3329 1844 3532 1914; x_wconf 79' lang='grc' dir='ltr'><strong>ἐπέλθῃ</strong></span> <span class='ocrx_word' id='word_1_273' title='bbox 3576 1843 3661 1912; x_wconf 77' lang='grc' dir='ltr'><strong>ἐφ’</strong></span> <span class='ocrx_word' id='word_1_274' title='bbox 3700 1843 3843 1911; x_wconf 77' lang='grc' dir='ltr'><strong>ὑμᾶς</strong></span> <span class='ocrx_word' id='word_1_275' title='bbox 3875 1841 3939 1892; x_wconf 81' lang='grc' dir='ltr'><strong>τὸ</strong></span> 
     </span>
    </p>
   </div>
   <div class='ocr_carea' id='block_1_48' title="bbox 2364 1938 3260 2008">
    <p class='ocr_par' dir='ltr' id='par_1_48' title="bbox 2364 1938 3260 2008">
     <span class='ocr_line' id='line_1_48' title="bbox 2364 1938 3260 2008; baseline 0.001 -18"><span class='ocrx_word' id='word_1_276' title='bbox 2364 1938 2652 2008; x_wconf 73' lang='grc' dir='ltr'><strong>εἰρημένον</strong></span> <span class='ocrx_word' id='word_1_277' title='bbox 2687 1939 2744 1992; x_wconf 83' lang='grc' dir='ltr'><strong>ἐν</strong></span> <span class='ocrx_word' id='word_1_278' title='bbox 2781 1940 2893 2002; x_wconf 83' lang='grc' dir='ltr'><strong>τοῖς</strong></span> <span class='ocrx_word' id='word_1_279' title='bbox 2926 1940 3260 2008; x_wconf 76' lang='grc' dir='ltr'><strong>προφήταις.</strong></span> 
     </span>
    </p>
   </div>
   <div class='ocr_carea' id='block_1_49' title="bbox 2967 2029 3346 2082">
    <p class='ocr_par' dir='ltr' id='par_1_49' title="bbox 2967 2029 3346 2082">
     <span class='ocr_line' id='line_1_49' title="bbox 2967 2029 3346 2082; baseline -0.003 -1"><span class='ocrx_word' id='word_1_280' title='bbox 2967 2029 3346 2082; x_wconf 81' lang='lat' dir='ltr'><strong>EPMHNEIA.</strong></span> 
     </span>
    </p>
   </div>
   <div class='ocr_carea' id='block_1_50' title="bbox 2435 2113 3942 2192">
    <p class='ocr_par' dir='ltr' id='par_1_50' title="bbox 2435 2113 3942 2192">
     <span class='ocr_line' id='line_1_50' title="bbox 2435 2113 3942 2192; baseline -0.007 -18"><span class='ocrx_word' id='word_1_281' title='bbox 2435 2121 2779 2192; x_wconf 79' lang='grc' dir='ltr'><strong>Σημειωτέον</strong></span> <span class='ocrx_word' id='word_1_282' title='bbox 2810 2121 3014 2182; x_wconf 83' lang='grc' dir='ltr'><strong>τοίνυν,</strong></span> <span class='ocrx_word' id='word_1_283' title='bbox 3055 2121 3140 2173; x_wconf 85' lang='grc' dir='ltr'><strong>δτι</strong></span> <span class='ocrx_word' id='word_1_284' title='bbox 3177 2121 3236 2172; x_wconf 85' lang='grc' dir='ltr'><strong>ού</strong></span> <span class='ocrx_word' id='word_1_285' title='bbox 3286 2121 3367 2172; x_wconf 85' lang='grc' dir='ltr'><strong>δεῖ</strong></span> <span class='ocrx_word' id='word_1_286' title='bbox 3395 2120 3458 2171; x_wconf 71' lang='grc' dir='ltr'><strong>τὸ</strong></span> <span class='ocrx_word' id='word_1_287' title='bbox 3497 2117 3656 2186; x_wconf 83' lang='grc' dir='ltr'><strong>σῶμα</strong></span> <span class='ocrx_word' id='word_1_288' title='bbox 3695 2113 3788 2168; x_wconf 86' lang='grc' dir='ltr'><strong>τοῦ</strong></span> <span class='ocrx_word' id='word_1_289' title='bbox 3825 2115 3942 2166; x_wconf 81' lang='grc' dir='ltr'><strong>Κυ-</strong></span> 
     </span>
    </p>
   </div>
   <div class='ocr_carea' id='block_1_51' title="bbox 2368 2204 3937 2284">
    <p class='ocr_par' dir='ltr' id='par_1_51' title="bbox 2368 2204 3937 2284">
     <span class='ocr_line' id='line_1_51' title="bbox 2368 2204 3937 2284; baseline -0.005 -21"><span class='ocrx_word' id='word_1_290' title='bbox 2368 2214 2507 2284; x_wconf 82' lang='grc' dir='ltr'><strong>ρίου,</strong></span> <span class='ocrx_word' id='word_1_291' title='bbox 2543 2215 2636 2264; x_wconf 75' lang='grc' dir='ltr'><strong>καὶ</strong></span> <span class='ocrx_word' id='word_1_292' title='bbox 2658 2211 2814 2278; x_wconf 82' lang='grc' dir='ltr'><strong>Θεοῦ,</strong></span> <span class='ocrx_word' id='word_1_293' title='bbox 2857 2213 2952 2264; x_wconf 74' lang='grc' dir='ltr'><strong>καὶ</strong></span> <span class='ocrx_word' id='word_1_294' title='bbox 2987 2212 3241 2280; x_wconf 80' lang='grc' dir='ltr'><strong>Σωτῆρος</strong></span> <span class='ocrx_word' id='word_1_295' title='bbox 3281 2211 3439 2281; x_wconf 82' lang='grc' dir='ltr'><strong>ήμῶν</strong></span> <span class='ocrx_word' id='word_1_296' title='bbox 3465 2207 3642 2278; x_wconf 87' lang='grc' dir='ltr'><strong>Ἰησοῦ</strong></span> <span class='ocrx_word' id='word_1_297' title='bbox 3674 2204 3937 2276; x_wconf 75' lang='grc' dir='ltr'><strong>Χριστοῦ,</strong></span> 
     </span>
    </p>
   </div>
   <div class='ocr_carea' id='block_1_52' title="bbox 2371 2294 3938 2375">
    <p class='ocr_par' dir='ltr' id='par_1_52' title="bbox 2371 2294 3938 2375">
     <span class='ocr_line' id='line_1_52' title="bbox 2371 2294 3938 2375; baseline -0.008 -17"><span class='ocrx_word' id='word_1_298' title='bbox 2371 2306 2509 2375; x_wconf 87' lang='grc' dir='ltr'>μετὰ</span> <span class='ocrx_word' id='word_1_299' title='bbox 2531 2305 2630 2374; x_wconf 82' lang='grc' dir='ltr'><strong>τὴν</strong></span> <span class='ocrx_word' id='word_1_300' title='bbox 2660 2305 2958 2357; x_wconf 79' lang='grc' dir='ltr'><strong>ἀνάστασιν</strong></span> <span class='ocrx_word' id='word_1_301' title='bbox 2989 2305 3231 2372; x_wconf 82' lang='grc' dir='ltr'><strong>παθητὸν</strong></span> <span class='ocrx_word' id='word_1_302' title='bbox 3259 2302 3565 2371; x_wconf 82' lang='grc' dir='ltr'><strong>ὁμολογεῖν,</strong></span> <span class='ocrx_word' id='word_1_303' title='bbox 3595 2299 3715 2368; x_wconf 83' lang='grc' dir='ltr'><strong>ῆτοι</strong></span> <span class='ocrx_word' id='word_1_304' title='bbox 3748 2294 3938 2350; x_wconf 81' lang='grc' dir='ltr'><strong>παθῶν</strong></span> 
     </span>
    </p>
   </div>
   <div class='ocr_carea' id='block_1_53' title="bbox 2366 2389 3939 2465">
    <p class='ocr_par' dir='ltr' id='par_1_53' title="bbox 2366 2389 3939 2465">
     <span class='ocr_line' id='line_1_53' title="bbox 2366 2389 3939 2465; baseline -0.007 -19"><span class='ocrx_word' id='word_1_305' title='bbox 2366 2395 2614 2448; x_wconf 85' lang='grc' dir='ltr'><strong>δεκτικόν</strong></span> <span class='ocrx_word' id='word_1_306' title='bbox 2637 2412 2650 2426; x_wconf 90' lang='grc'>·</span> <span class='ocrx_word' id='word_1_307' title='bbox 2695 2395 2818 2448; x_wconf 73' lang='grc' dir='ltr'><strong>οὐδὲ</strong></span> <span class='ocrx_word' id='word_1_308' title='bbox 2858 2395 2965 2465; x_wconf 80' lang='grc' dir='ltr'><strong>πρὸ</strong></span> <span class='ocrx_word' id='word_1_309' title='bbox 2998 2396 3096 2462; x_wconf 89' lang='grc' dir='ltr'><strong>τῆς</strong></span> <span class='ocrx_word' id='word_1_310' title='bbox 3131 2393 3478 2453; x_wconf 80' lang='grc' dir='ltr'><strong>ἀναστάσεως</strong></span> <span class='ocrx_word' id='word_1_311' title='bbox 3509 2389 3740 2451; x_wconf 76' lang='grc' dir='ltr'><strong>ἀπαθὲς,</strong></span> <span class='ocrx_word' id='word_1_312' title='bbox 3776 2401 3939 2438; x_wconf 79' lang='grc' dir='ltr'><strong>τουτ-</strong></span> 
     </span>
    </p>
   </div>
   <div class='ocr_carea' id='block_1_54' title="bbox 2368 2473 3945 2554">
    <p class='ocr_par' dir='ltr' id='par_1_54' title="bbox 2368 2473 3945 2554">
     <span class='ocr_line' id='line_1_54' title="bbox 2368 2473 3945 2554; baseline -0.007 -17"><span class='ocrx_word' id='word_1_313' title='bbox 2368 2485 2517 2540; x_wconf 77' lang='grc' dir='ltr'><strong>έστιν</strong></span> <span class='ocrx_word' id='word_1_314' title='bbox 2544 2485 2824 2554; x_wconf 78' lang='grc' dir='ltr'><strong>ἄφθαρτον</strong></span> <span class='ocrx_word' id='word_1_315' title='bbox 2851 2486 2946 2538; x_wconf 82' lang='grc' dir='ltr'><strong>καὶ</strong></span> <span class='ocrx_word' id='word_1_316' title='bbox 2977 2485 3265 2538; x_wconf 89' lang='grc' dir='ltr'><strong>ἀθάνατον.</strong></span> <span class='ocrx_word' id='word_1_317' title='bbox 3297 2483 3409 2554; x_wconf 80' lang='grc' dir='ltr'><strong>Τὴν</strong></span> <span class='ocrx_word' id='word_1_318' title='bbox 3439 2481 3616 2547; x_wconf 88' lang='grc' dir='ltr'><strong>σάρκα</strong></span> <span class='ocrx_word' id='word_1_319' title='bbox 3635 2480 3677 2509; x_wconf 88' lang='grc'><strong>¹⁹</strong></span> <span class='ocrx_word' id='word_1_320' title='bbox 3711 2477 3854 2530; x_wconf 75' lang='grc' dir='ltr'><strong>κατά</strong></span> <span class='ocrx_word' id='word_1_321' title='bbox 3880 2473 3945 2526; x_wconf 75' lang='grc' dir='ltr'><strong>τὸ</strong></span> 
     </span>
    </p>
   </div>
   <div class='ocr_carea' id='block_1_55' title="bbox 2368 2565 3947 2647">
    <p class='ocr_par' dir='ltr' id='par_1_55' title="bbox 2368 2565 3947 2647">
     <span class='ocr_line' id='line_1_55' title="bbox 2368 2565 3947 2647; baseline -0.007 -18"><span class='ocrx_word' id='word_1_322' title='bbox 2368 2576 2757 2646; x_wconf 65' lang='grc' dir='ltr'><strong>ἀναμάρτητον</strong></span> <span class='ocrx_word' id='word_1_323' title='bbox 2784 2575 3114 2647; x_wconf 77' lang='grc' dir='ltr'><strong>ἀφθαρσίαν,</strong></span> <span class='ocrx_word' id='word_1_324' title='bbox 3155 2574 3439 2646; x_wconf 84' lang='grc' dir='ltr'><strong>πρόδηλον,</strong></span> <span class='ocrx_word' id='word_1_325' title='bbox 3470 2571 3546 2635; x_wconf 83' lang='grc' dir='ltr'><strong>ὡς</strong></span> <span class='ocrx_word' id='word_1_326' title='bbox 3573 2566 3720 2640; x_wconf 73' lang='grc' dir='ltr'><strong>εἶχεν</strong></span> <span class='ocrx_word' id='word_1_327' title='bbox 3755 2567 3817 2632; x_wconf 76' lang='grc' dir='ltr'><strong>ἐξ</strong></span> <span class='ocrx_word' id='word_1_328' title='bbox 3845 2565 3947 2619; x_wconf 80' lang='grc' dir='ltr'><strong>αὑ·-</strong></span> 
     </span>
    </p>
   </div>
   <div class='ocr_carea' id='block_1_56' title="bbox 2368 2666 3321 2740">
    <p class='ocr_par' dir='ltr' id='par_1_56' title="bbox 2368 2666 3321 2740">
     <span class='ocr_line' id='line_1_56' title="bbox 2368 2666 3321 2740; baseline -0.001 -20"><span class='ocrx_word' id='word_1_329' title='bbox 2368 2667 2462 2721; x_wconf 90' lang='grc' dir='ltr'><strong>τοῦ</strong></span> <span class='ocrx_word' id='word_1_330' title='bbox 2491 2667 2586 2721; x_wconf 90' lang='grc' dir='ltr'><strong>τοῦ</strong></span> <span class='ocrx_word' id='word_1_331' title='bbox 2615 2666 2806 2740; x_wconf 79' lang='grc' dir='ltr'><strong>καιροῦ</strong></span> <span class='ocrx_word' id='word_1_332' title='bbox 2839 2671 2937 2738; x_wconf 84' lang='grc' dir='ltr'><strong>τῆς</strong></span> <span class='ocrx_word' id='word_1_333' title='bbox 2971 2667 3321 2738; x_wconf 81' lang='grc' dir='ltr'><strong>σαρκώσεως.</strong></span> 
     </span>
    </p>
   </div>
   <div class='ocr_carea' id='block_1_57' title="bbox 2957 2841 3346 2898">
    <p class='ocr_par' dir='ltr' id='par_1_57' title="bbox 2957 2841 3346 2898">
     <span class='ocr_line' id='line_1_57' title="bbox 2957 2841 3346 2898; baseline -0.01 0"><span class='ocrx_word' id='word_1_334' title='bbox 2957 2841 3346 2898; x_wconf 76' lang='lat' dir='ltr'><strong>KEIMENDN.</strong></span> 
     </span>
    </p>
   </div>
   <div class='ocr_carea' id='block_1_58' title="bbox 2445 2927 3947 3006">
    <p class='ocr_par' dir='ltr' id='par_1_58' title="bbox 2445 2927 3947 3006">
     <span class='ocr_line' id='line_1_58' title="bbox 2445 2927 3947 3006; baseline -0.007 -17"><span class='ocrx_word' id='word_1_335' title='bbox 2445 2935 2637 3000; x_wconf 75' lang='grc' dir='ltr'><strong>Ἴδετε,</strong></span> <span class='ocrx_word' id='word_1_336' title='bbox 2662 2937 2710 2988; x_wconf 75' lang='lat' dir='ltr'><strong>nl</strong></span> <span class='ocrx_word' id='word_1_337' title='bbox 2739 2936 3170 3006; x_wconf 67' lang='grc' dir='ltr'><strong>καταφρονηταὶ,</strong></span> <span class='ocrx_word' id='word_1_338' title='bbox 3193 2935 3288 2986; x_wconf 77' lang='grc' dir='ltr'><strong>καὶ</strong></span> <span class='ocrx_word' id='word_1_339' title='bbox 3311 2930 3658 3000; x_wconf 69' lang='grc' dir='ltr'><strong>ἐπιϐλέψατε,</strong></span> <span class='ocrx_word' id='word_1_340' title='bbox 3689 2927 3786 2981; x_wconf 77' lang='grc' dir='ltr'><strong>καὶ</strong></span> <span class='ocrx_word' id='word_1_341' title='bbox 3811 2927 3947 2980; x_wconf 85' lang='grc' dir='ltr'><strong>θαυ-</strong></span> 
     </span>
    </p>
   </div>
   <div class='ocr_carea' id='block_1_59' title="bbox 2377 3019 3948 3095">
    <p class='ocr_par' dir='ltr' id='par_1_59' title="bbox 2377 3019 3948 3095">
     <span class='ocr_line' id='line_1_59' title="bbox 2377 3019 3948 3095; baseline -0.006 -15"><span class='ocrx_word' id='word_1_342' title='bbox 2377 3029 2609 3095; x_wconf 80' lang='grc' dir='ltr'><strong>μάσατε,</strong></span> <span class='ocrx_word' id='word_1_343' title='bbox 2642 3029 2735 3080; x_wconf 74' lang='grc' dir='ltr'><strong>καὶ</strong></span> <span class='ocrx_word' id='word_1_344' title='bbox 2763 3026 3120 3094; x_wconf 83' lang='grc' dir='ltr'><strong>ἀφανίσθητε,</strong></span> <span class='ocrx_word' id='word_1_345' title='bbox 3165 3027 3247 3077; x_wconf 88' lang='grc' dir='ltr'><strong>ὅτι</strong></span> <span class='ocrx_word' id='word_1_346' title='bbox 3277 3023 3388 3090; x_wconf 84' lang='grc' dir='ltr'><strong>ἐγὼ</strong></span> <span class='ocrx_word' id='word_1_347' title='bbox 3435 3023 3595 3092; x_wconf 75' lang='grc' dir='ltr'><strong>ἔργον</strong></span> <span class='ocrx_word' id='word_1_348' title='bbox 3636 3019 3948 3090; x_wconf 72' lang='grc' dir='ltr'><strong>ἐργάζομαι</strong></span> 
     </span>
    </p>
   </div>
   <div class='ocr_carea' id='block_1_60' title="bbox 705 3103 2266 3191">
    <p class='ocr_par' dir='ltr' id='par_1_60' title="bbox 705 3103 2266 3178">
     <span class='ocr_line' id='line_1_60' title="bbox 705 3103 2266 3178; baseline -0.006 -16"><span class='ocrx_word' id='word_1_349' title='bbox 705 3110 917 3170; x_wconf 73' lang='lat' dir='ltr'><strong>vestris,</strong></span> <span class='ocrx_word' id='word_1_350' title='bbox 942 3123 1078 3178; x_wconf 83' lang='lat' dir='ltr'><strong>Opus</strong></span> <span class='ocrx_word' id='word_1_351' title='bbox 1102 3107 1248 3176; x_wconf 88' lang='lat' dir='ltr'><strong>quod</strong></span> <span class='ocrx_word' id='word_1_352' title='bbox 1281 3123 1388 3159; x_wconf 88' lang='lat' dir='ltr'><strong>non</strong></span> <span class='ocrx_word' id='word_1_353' title='bbox 1427 3105 1672 3166; x_wconf 78' lang='lat' dir='ltr'><strong>creditis,</strong></span> <span class='ocrx_word' id='word_1_354' title='bbox 1711 3105 1756 3157; x_wconf 91' lang='lat' dir='ltr'><strong>si</strong></span> <span class='ocrx_word' id='word_1_355' title='bbox 1782 3108 1905 3172; x_wconf 86' lang='lat' dir='ltr'><strong>quis</strong></span> <span class='ocrx_word' id='word_1_356' title='bbox 1933 3103 2266 3156; x_wconf 88' lang='lat' dir='ltr'><strong>enarraverit</strong></span> 
     </span>
    </p>
   </div>
   <div class='ocr_carea' id='block_1_61' title="bbox 2372 3103 3947 3191">
    <p class='ocr_par' dir='ltr' id='par_1_61' title="bbox 2373 3111 3947 3189">
     <span class='ocr_line' id='line_1_61' title="bbox 2373 3111 3947 3189; baseline -0.007 -17"><span class='ocrx_word' id='word_1_357' title='bbox 2373 3123 2432 3172; x_wconf 92' lang='grc' dir='ltr'><strong>ἐν</strong></span> <span class='ocrx_word' id='word_1_358' title='bbox 2458 3123 2578 3182; x_wconf 85' lang='grc' dir='ltr'><strong>ταῖς</strong></span> <span class='ocrx_word' id='word_1_359' title='bbox 2609 3120 2841 3189; x_wconf 78' lang='grc' dir='ltr'><strong>ἡμέραις</strong></span> <span class='ocrx_word' id='word_1_360' title='bbox 2884 3117 3062 3184; x_wconf 81' lang='grc' dir='ltr'><strong>ὑμῶν,</strong></span> <span class='ocrx_word' id='word_1_361' title='bbox 3111 3115 3271 3184; x_wconf 84' lang='grc' dir='ltr'><strong>ἔργον</strong></span> <span class='ocrx_word' id='word_1_362' title='bbox 3305 3115 3333 3166; x_wconf 82' lang='grc' dir='ltr'><strong>ὃ</strong></span> <span class='ocrx_word' id='word_1_363' title='bbox 3366 3115 3426 3166; x_wconf 81' lang='grc' dir='ltr'><strong>ού</strong></span> <span class='ocrx_word' id='word_1_364' title='bbox 3477 3113 3554 3182; x_wconf 81' lang='grc' dir='ltr'><strong>μὴ</strong></span> <span class='ocrx_word' id='word_1_365' title='bbox 3588 3111 3947 3178; x_wconf 78' lang='grc' dir='ltr'><strong>πιστεύσητε,</strong></span> 
     </span>
    </p>
   </div>
   <div class='ocr_carea' id='block_1_62' title="bbox 701 3193 2266 3264">
    <p class='ocr_par' dir='ltr' id='par_1_62' title="bbox 701 3193 2266 3264">
     <span class='ocr_line' id='line_1_62' title="bbox 701 3193 2266 3264; baseline -0.006 -11"><span class='ocrx_word' id='word_1_366' title='bbox 701 3200 879 3255; x_wconf 78' lang='lat' dir='ltr'><strong>vobis.</strong></span> <span class='ocrx_word' id='word_1_367' title='bbox 899 3198 1237 3253; x_wconf 71' lang='lat' dir='ltr'><strong>Exeuntibus</strong></span> <span class='ocrx_word' id='word_1_368' title='bbox 1262 3207 1441 3252; x_wconf 88' lang='lat' dir='ltr'><strong>autem</strong></span> <span class='ocrx_word' id='word_1_369' title='bbox 1480 3197 1607 3257; x_wconf 88' lang='lat' dir='ltr'><strong>illis,</strong></span> <span class='ocrx_word' id='word_1_370' title='bbox 1641 3196 1996 3264; x_wconf 88' lang='lat' dir='ltr'><strong>rogabant,ut</strong></span> <span class='ocrx_word' id='word_1_371' title='bbox 2016 3193 2266 3262; x_wconf 75' lang='lat' dir='ltr'><strong>sequenti</strong></span> 
     </span>
    </p>
   </div>
   <div class='ocr_carea' id='block_1_63' title="bbox 708 3287 2269 3361">
    <p class='ocr_par' dir='ltr' id='par_1_63' title="bbox 708 3287 2269 3361">
     <span class='ocr_line' id='line_1_63' title="bbox 708 3287 2269 3361; baseline -0.004 -16"><span class='ocrx_word' id='word_1_372' title='bbox 708 3293 950 3346; x_wconf 85' lang='lat' dir='ltr'><strong>Sabbato</strong></span> <span class='ocrx_word' id='word_1_373' title='bbox 1003 3293 1353 3361; x_wconf 86' lang='lat' dir='ltr'><strong>loquerentur</strong></span> <span class='ocrx_word' id='word_1_374' title='bbox 1385 3290 1490 3344; x_wconf 85' lang='lat' dir='ltr'><strong>sibi</strong></span> <span class='ocrx_word' id='word_1_375' title='bbox 1527 3293 1690 3342; x_wconf 80' lang='lat' dir='ltr'><strong>verba</strong></span> <span class='ocrx_word' id='word_1_376' title='bbox 1740 3288 1878 3340; x_wconf 73' lang='lat' dir='ltr'><strong>lucc.</strong></span> <span class='ocrx_word' id='word_1_377' title='bbox 1908 3287 2151 3354; x_wconf 88' lang='lat' dir='ltr'><strong>Cumque</strong></span> <span class='ocrx_word' id='word_1_378' title='bbox 2183 3287 2269 3338; x_wconf 89' lang='lat' dir='ltr'><strong>di-</strong></span> 
     </span>
    </p>
   </div>
   <div class='ocr_carea' id='block_1_64' title="bbox 705 3375 2270 3451">
    <p class='ocr_par' dir='ltr' id='par_1_64' title="bbox 705 3375 2270 3451">
     <span class='ocr_line' id='line_1_64' title="bbox 705 3375 2270 3451; baseline -0.006 -15"><span class='ocrx_word' id='word_1_379' title='bbox 705 3384 872 3436; x_wconf 84' lang='lat' dir='ltr'><strong>missa</strong></span> <span class='ocrx_word' id='word_1_380' title='bbox 904 3392 1048 3437; x_wconf 90' lang='lat' dir='ltr'><strong>esset</strong></span> <span class='ocrx_word' id='word_1_381' title='bbox 1079 3386 1385 3451; x_wconf 81' lang='lat' dir='ltr'><strong>Synagoga,</strong></span> <span class='ocrx_word' id='word_1_382' title='bbox 1417 3381 1588 3434; x_wconf 89' lang='lat' dir='ltr'><strong>secuti</strong></span> <span class='ocrx_word' id='word_1_383' title='bbox 1617 3386 1744 3432; x_wconf 89' lang='lat' dir='ltr'><strong>sunt</strong></span> <span class='ocrx_word' id='word_1_384' title='bbox 1776 3378 1929 3431; x_wconf 81' lang='lat' dir='ltr'><strong>multi</strong></span> <span class='ocrx_word' id='word_1_385' title='bbox 1959 3375 2270 3430; x_wconf 71' lang='lat' dir='ltr'><strong>Judaeorum</strong></span> 
     </span>
    </p>
   </div>
   <div class='ocr_carea' id='block_1_65' title="bbox 703 3459 2267 3538">
    <p class='ocr_par' dir='ltr' id='par_1_65' title="bbox 703 3459 2267 3538">
     <span class='ocr_line' id='line_1_65' title="bbox 703 3459 2267 3538; baseline -0.007 -9"><span class='ocrx_word' id='word_1_386' title='bbox 703 3485 759 3530; x_wconf 90' lang='lat' dir='ltr'><strong>et</strong></span> <span class='ocrx_word' id='word_1_387' title='bbox 788 3475 1084 3529; x_wconf 84' lang='lat' dir='ltr'><strong>colentium</strong></span> <span class='ocrx_word' id='word_1_388' title='bbox 1113 3459 1472 3538; x_wconf 61' lang='lat' dir='ltr'><strong>advenarum,</strong></span> <span class='ocrx_word' id='word_1_389' title='bbox 1527 3467 1754 3521; x_wconf 86' lang='lat' dir='ltr'><strong>Paulum</strong></span> <span class='ocrx_word' id='word_1_390' title='bbox 1813 3477 1867 3520; x_wconf 91' lang='lat' dir='ltr'><strong>et</strong></span> <span class='ocrx_word' id='word_1_391' title='bbox 1918 3467 2267 3520; x_wconf 85' lang='lat' dir='ltr'><strong>Barnabam:</strong></span> 
     </span>
    </p>
   </div>
   <div class='ocr_carea' id='block_1_66' title="bbox 703 3561 2270 3634">
    <p class='ocr_par' dir='ltr' id='par_1_66' title="bbox 703 3561 2270 3634">
     <span class='ocr_line' id='line_1_66' title="bbox 703 3561 2270 3634; baseline -0.003 -19"><span class='ocrx_word' id='word_1_392' title='bbox 703 3566 798 3634; x_wconf 89' lang='lat' dir='ltr'><strong>qui</strong></span> <span class='ocrx_word' id='word_1_393' title='bbox 832 3566 1117 3632; x_wconf 90' lang='lat' dir='ltr'><strong>loquentes</strong></span> <span class='ocrx_word' id='word_1_394' title='bbox 1174 3563 1478 3616; x_wconf 85' lang='lat' dir='ltr'><strong>suadebant</strong></span> <span class='ocrx_word' id='word_1_395' title='bbox 1523 3562 1604 3613; x_wconf 89' lang='lat' dir='ltr'><strong>eis</strong></span> <span class='ocrx_word' id='word_1_396' title='bbox 1665 3567 1723 3612; x_wconf 94' lang='lat' dir='ltr'><strong>ut</strong></span> <span class='ocrx_word' id='word_1_397' title='bbox 1782 3565 2169 3626; x_wconf 88' lang='lat' dir='ltr'><strong>permanerent</strong></span> <span class='ocrx_word' id='word_1_398' title='bbox 2219 3561 2270 3610; x_wconf 93' lang='lat' dir='ltr'><strong>in</strong></span> 
     </span>
    </p>
   </div>
   <div class='ocr_carea' id='block_1_67' title="bbox 705 3651 2272 3725">
    <p class='ocr_par' dir='ltr' id='par_1_67' title="bbox 705 3651 2272 3725">
     <span class='ocr_line' id='line_1_67' title="bbox 705 3651 2272 3725; baseline -0.004 -19"><span class='ocrx_word' id='word_1_399' title='bbox 705 3657 877 3725; x_wconf 76' lang='lat' dir='ltr'><strong>gratia</strong></span> <span class='ocrx_word' id='word_1_400' title='bbox 908 3654 1019 3709; x_wconf 88' lang='lat' dir='ltr'><strong>Dei.</strong></span> <span class='ocrx_word' id='word_1_401' title='bbox 1052 3655 1310 3723; x_wconf 77' lang='lat' dir='ltr'><strong>Sequenti</strong></span> <span class='ocrx_word' id='word_1_402' title='bbox 1352 3667 1480 3706; x_wconf 81' lang='lat' dir='ltr'><strong>vero</strong></span> <span class='ocrx_word' id='word_1_403' title='bbox 1513 3651 1774 3714; x_wconf 85' lang='lat' dir='ltr'><strong>Sabbato,</strong></span> <span class='ocrx_word' id='word_1_404' title='bbox 1829 3666 1966 3720; x_wconf 91' lang='lat' dir='ltr'><strong>pene</strong></span> <span class='ocrx_word' id='word_1_405' title='bbox 2018 3651 2272 3702; x_wconf 89' lang='lat' dir='ltr'><strong>universa</strong></span> 
     </span>
    </p>
   </div>
   <div class='ocr_carea' id='block_1_68' title="bbox 707 3739 2275 3796">
    <p class='ocr_par' dir='ltr' id='par_1_68' title="bbox 707 3739 2275 3796">
     <span class='ocr_line' id='line_1_68' title="bbox 707 3739 2275 3796; baseline -0.003 -1"><span class='ocrx_word' id='word_1_406' title='bbox 707 3743 904 3796; x_wconf 78' lang='lat' dir='ltr'><strong>civitas</strong></span> <span class='ocrx_word' id='word_1_407' title='bbox 937 3744 1195 3795; x_wconf 88' lang='lat' dir='ltr'><strong>convenit</strong></span> <span class='ocrx_word' id='word_1_408' title='bbox 1222 3745 1412 3794; x_wconf 88' lang='lat' dir='ltr'><strong>audire</strong></span> <span class='ocrx_word' id='word_1_409' title='bbox 1461 3741 1684 3794; x_wconf 79' lang='lat' dir='ltr'><strong>verbum</strong></span> <span class='ocrx_word' id='word_1_410' title='bbox 1735 3741 1848 3794; x_wconf 89' lang='lat' dir='ltr'><strong>Dei.</strong></span> <span class='ocrx_word' id='word_1_411' title='bbox 1889 3739 2144 3792; x_wconf 83' lang='lat' dir='ltr'><strong>Videntes</strong></span> <span class='ocrx_word' id='word_1_412' title='bbox 2177 3755 2275 3791; x_wconf 89' lang='lat' dir='ltr'><strong>au-</strong></span> 
     </span>
    </p>
   </div>
   <div class='ocr_carea' id='block_1_69' title="bbox 710 3826 2274 3897">
    <p class='ocr_par' dir='ltr' id='par_1_69' title="bbox 710 3826 2274 3897">
     <span class='ocr_line' id='line_1_69' title="bbox 710 3826 2274 3897; baseline 0 -16"><span class='ocrx_word' id='word_1_413' title='bbox 710 3837 817 3881; x_wconf 91' lang='lat' dir='ltr'><strong>tem</strong></span> <span class='ocrx_word' id='word_1_414' title='bbox 853 3831 1042 3895; x_wconf 74' lang='lat' dir='ltr'><strong>turbas</strong></span> <span class='ocrx_word' id='word_1_415' title='bbox 1073 3826 1269 3891; x_wconf 68' lang='lat' dir='ltr'><strong>Judwi,</strong></span> <span class='ocrx_word' id='word_1_416' title='bbox 1309 3829 1506 3897; x_wconf 76' lang='lat' dir='ltr'><strong>reple1i</strong></span> <span class='ocrx_word' id='word_1_417' title='bbox 1538 3837 1669 3881; x_wconf 89' lang='lat' dir='ltr'><strong>sunt</strong></span> <span class='ocrx_word' id='word_1_418' title='bbox 1721 3828 1860 3893; x_wconf 83' lang='lat' dir='ltr'><strong>zelo,</strong></span> <span class='ocrx_word' id='word_1_419' title='bbox 1895 3836 1950 3880; x_wconf 87' lang='lat' dir='ltr'><strong>et</strong></span> <span class='ocrx_word' id='word_1_420' title='bbox 1991 3827 2274 3881; x_wconf 80' lang='lat' dir='ltr'><strong>contradi-</strong></span> 
     </span>
    </p>
   </div>
   <div class='ocr_carea' id='block_1_70' title="bbox 706 3918 2272 3988">
    <p class='ocr_par' dir='ltr' id='par_1_70' title="bbox 706 3918 2272 3988">
     <span class='ocr_line' id='line_1_70' title="bbox 706 3918 2272 3988; baseline -0.002 -14"><span class='ocrx_word' id='word_1_421' title='bbox 706 3921 900 3974; x_wconf 83' lang='lat' dir='ltr'><strong>cebant</strong></span> <span class='ocrx_word' id='word_1_422' title='bbox 935 3920 1016 3973; x_wconf 77' lang='lat' dir='ltr'><strong>liis</strong></span> <span class='ocrx_word' id='word_1_423' title='bbox 1045 3922 1096 3972; x_wconf 91' lang='lat' dir='ltr'><strong>iu</strong></span> <span class='ocrx_word' id='word_1_424' title='bbox 1127 3936 1245 3988; x_wconf 71' lang='lat' dir='ltr'><strong>quae</strong></span> <span class='ocrx_word' id='word_1_425' title='bbox 1280 3936 1308 3971; x_wconf 92' lang='lat' dir='ltr'><strong>a</strong></span> <span class='ocrx_word' id='word_1_426' title='bbox 1331 3920 1864 3983; x_wconf 79' lang='lat' dir='ltr'><strong>Paulodicebantur,</strong></span> <span class='ocrx_word' id='word_1_427' title='bbox 1887 3918 2272 3987; x_wconf 76' lang='lat' dir='ltr'><strong>bIaSpIieman-</strong></span> 
     </span>
    </p>
   </div>
   <div class='ocr_carea' id='block_1_71' title="bbox 709 4009 2270 4065">
    <p class='ocr_par' dir='ltr' id='par_1_71' title="bbox 709 4009 2270 4065">
     <span class='ocr_line' id='line_1_71' title="bbox 709 4009 2270 4065; baseline 0 -2"><span class='ocrx_word' id='word_1_428' title='bbox 709 4019 812 4065; x_wconf 93' lang='lat' dir='ltr'><strong>tcs.</strong></span> <span class='ocrx_word' id='word_1_429' title='bbox 847 4010 998 4064; x_wconf 90' lang='lat' dir='ltr'><strong>Tunc</strong></span> <span class='ocrx_word' id='word_1_430' title='bbox 1026 4019 1344 4064; x_wconf 86' lang='lat' dir='ltr'><strong>coastanter</strong></span> <span class='ocrx_word' id='word_1_431' title='bbox 1370 4009 1573 4064; x_wconf 89' lang='lat' dir='ltr'><strong>Paulus</strong></span> <span class='ocrx_word' id='word_1_432' title='bbox 1597 4019 1650 4064; x_wconf 88' lang='lat' dir='ltr'><strong>et</strong></span> <span class='ocrx_word' id='word_1_433' title='bbox 1679 4009 1954 4063; x_wconf 87' lang='lat' dir='ltr'><strong>Barnabas</strong></span> <span class='ocrx_word' id='word_1_434' title='bbox 1977 4010 2270 4064; x_wconf 75' lang='lat' dir='ltr'><strong>dixerunt:</strong></span> 
     </span>
    </p>
   </div>
   <div class='ocr_carea' id='block_1_72' title="bbox 709 4100 2274 4172">
    <p class='ocr_par' dir='ltr' id='par_1_72' title="bbox 709 4100 2274 4172">
     <span class='ocr_line' id='line_1_72' title="bbox 709 4100 2274 4172; baseline -0.003 -13"><span class='ocrx_word' id='word_1_435' title='bbox 709 4102 879 4159; x_wconf 74' lang='lat' dir='ltr'><strong>Vobis</strong></span> <span class='ocrx_word' id='word_1_436' title='bbox 905 4103 1192 4172; x_wconf 88' lang='lat' dir='ltr'><strong>oportebat</strong></span> <span class='ocrx_word' id='word_1_437' title='bbox 1233 4105 1466 4170; x_wconf 89' lang='lat' dir='ltr'><strong>primum</strong></span> <span class='ocrx_word' id='word_1_438' title='bbox 1529 4102 1676 4170; x_wconf 85' lang='lat' dir='ltr'><strong>loqui</strong></span> <span class='ocrx_word' id='word_1_439' title='bbox 1731 4101 1958 4155; x_wconf 88' lang='lat' dir='ltr'><strong>verbum</strong></span> <span class='ocrx_word' id='word_1_440' title='bbox 2001 4100 2097 4155; x_wconf 89' lang='lat' dir='ltr'><strong>Dei</strong></span> <span class='ocrx_word' id='word_1_441' title='bbox 2130 4119 2143 4154; x_wconf 90' lang='lat'><strong>:</strong></span> <span class='ocrx_word' id='word_1_442' title='bbox 2179 4101 2274 4156; x_wconf 88' lang='lat' dir='ltr'><strong>sed</strong></span> 
     </span>
    </p>
   </div>
   <div class='ocr_carea' id='block_1_73' title="bbox 710 4192 2275 4263">
    <p class='ocr_par' dir='ltr' id='par_1_73' title="bbox 710 4192 2275 4263">
     <span class='ocr_line' id='line_1_73' title="bbox 710 4192 2275 4263; baseline 0.002 -18"><span class='ocrx_word' id='word_1_443' title='bbox 710 4194 971 4263; x_wconf 89' lang='lat' dir='ltr'><strong>quoniam</strong></span> <span class='ocrx_word' id='word_1_444' title='bbox 1027 4194 1292 4262; x_wconf 83' lang='lat' dir='ltr'><strong>repellitis</strong></span> <span class='ocrx_word' id='word_1_445' title='bbox 1329 4192 1484 4258; x_wconf 89' lang='lat' dir='ltr'><strong>illud,</strong></span> <span class='ocrx_word' id='word_1_446' title='bbox 1516 4201 1570 4246; x_wconf 91' lang='lat' dir='ltr'><strong>et</strong></span> <span class='ocrx_word' id='word_1_447' title='bbox 1599 4192 1853 4260; x_wconf 89' lang='lat' dir='ltr'><strong>indignos</strong></span> <span class='ocrx_word' id='word_1_448' title='bbox 1888 4206 1988 4246; x_wconf 85' lang='lat' dir='ltr'><strong>vos</strong></span> <span class='ocrx_word' id='word_1_449' title='bbox 2012 4192 2275 4261; x_wconf 87' lang='lat' dir='ltr'><strong>judicatis</strong></span> 
     </span>
    </p>
   </div>
   <div class='ocr_carea' id='block_1_74' title="bbox 711 4282 2274 4353">
    <p class='ocr_par' dir='ltr' id='par_1_74' title="bbox 711 4282 2274 4353">
     <span class='ocr_line' id='line_1_74' title="bbox 711 4282 2274 4353; baseline -0.002 -15"><span class='ocrx_word' id='word_1_450' title='bbox 711 4298 928 4339; x_wconf 68' lang='lat' dir='ltr'><strong>asternte</strong></span> <span class='ocrx_word' id='word_1_451' title='bbox 950 4285 1095 4346; x_wconf 70' lang='lat' dir='ltr'><strong>vitae,</strong></span> <span class='ocrx_word' id='word_1_452' title='bbox 1116 4299 1243 4338; x_wconf 78' lang='lat' dir='ltr'><strong>ecce</strong></span> <span class='ocrx_word' id='word_1_453' title='bbox 1274 4284 1648 4338; x_wconf 84' lang='lat' dir='ltr'><strong>convertimur</strong></span> <span class='ocrx_word' id='word_1_454' title='bbox 1673 4285 1739 4336; x_wconf 84' lang='lat' dir='ltr'><strong>ad</strong></span> <span class='ocrx_word' id='word_1_455' title='bbox 1771 4292 1983 4353; x_wconf 88' lang='lat' dir='ltr'><strong>gentes.</strong></span> <span class='ocrx_word' id='word_1_456' title='bbox 2010 4282 2100 4336; x_wconf 91' lang='lat' dir='ltr'><strong>Sic</strong></span> <span class='ocrx_word' id='word_1_457' title='bbox 2126 4284 2274 4338; x_wconf 89' lang='lat' dir='ltr'><strong>enim</strong></span> 
     </span>
    </p>
   </div>
   <div class='ocr_carea' id='block_1_75' title="bbox 710 4357 1826 4445">
    <p class='ocr_par' dir='ltr' id='par_1_75' title="bbox 710 4357 1826 4445">
     <span class='ocr_line' id='line_1_75' title="bbox 710 4357 1826 4445; baseline -0.001 -16"><span class='ocrx_word' id='word_1_458' title='bbox 710 4377 966 4445; x_wconf 72' lang='lat' dir='ltr'><strong>praecepit</strong></span> <span class='ocrx_word' id='word_1_459' title='bbox 992 4375 1147 4428; x_wconf 91' lang='lat' dir='ltr'><strong>nobis</strong></span> <span class='ocrx_word' id='word_1_460' title='bbox 1186 4376 1471 4428; x_wconf 86' lang='lat' dir='ltr'><strong>Dominus.</strong></span> <span class='ocrx_word' id='word_1_461' title='bbox 1818 4357 1826 4365; x_wconf 60' lang='grc'><em>’</em></span> 
     </span>
    </p>
   </div>
   <div class='ocr_carea' id='block_1_76' title="bbox 2372 3199 3950 3276">
    <p class='ocr_par' dir='ltr' id='par_1_76' title="bbox 2372 3199 3950 3276">
     <span class='ocr_line' id='line_1_76' title="bbox 2372 3199 3950 3276; baseline -0.006 -16"><span class='ocrx_word' id='word_1_462' title='bbox 2372 3210 2466 3261; x_wconf 78' lang='grc' dir='ltr'><strong>ἐάν</strong></span> <span class='ocrx_word' id='word_1_463' title='bbox 2511 3226 2598 3270; x_wconf 87' lang='grc' dir='ltr'><strong>τις</strong></span> <span class='ocrx_word' id='word_1_464' title='bbox 2630 3207 3023 3276; x_wconf 77' lang='grc' dir='ltr'><strong>ἐκδιηγήσηται</strong></span> <span class='ocrx_word' id='word_1_465' title='bbox 3069 3206 3216 3275; x_wconf 83' lang='grc' dir='ltr'><strong>ὑμῖν.</strong></span> <span class='ocrx_word' id='word_1_466' title='bbox 3256 3204 3534 3268; x_wconf 77' lang='grc' dir='ltr'><strong>Ἐξιόντων</strong></span> <span class='ocrx_word' id='word_1_467' title='bbox 3579 3201 3635 3253; x_wconf 76' lang='grc' dir='ltr'><strong>δὲ</strong></span> <span class='ocrx_word' id='word_1_468' title='bbox 3667 3199 3847 3253; x_wconf 78' lang='grc' dir='ltr'><strong>αὐτῶν</strong></span> <span class='ocrx_word' id='word_1_469' title='bbox 3881 3200 3950 3250; x_wconf 82' lang='grc' dir='ltr'><strong>ἐκ</strong></span> 
     </span>
    </p>
   </div>
   <div class='ocr_carea' id='block_1_77' title="bbox 2371 3291 3946 3368">
    <p class='ocr_par' dir='ltr' id='par_1_77' title="bbox 2371 3291 3946 3368">
     <span class='ocr_line' id='line_1_77' title="bbox 2371 3291 3946 3368; baseline -0.008 -16"><span class='ocrx_word' id='word_1_470' title='bbox 2371 3301 2470 3368; x_wconf 86' lang='grc' dir='ltr'><strong>τῆς</strong></span> <span class='ocrx_word' id='word_1_471' title='bbox 2505 3300 2823 3367; x_wconf 80' lang='grc' dir='ltr'><strong>συναγωγῆς</strong></span> <span class='ocrx_word' id='word_1_472' title='bbox 2851 3299 2960 3349; x_wconf 86' lang='grc' dir='ltr'><strong>τῶν</strong></span> <span class='ocrx_word' id='word_1_473' title='bbox 3007 3296 3302 3358; x_wconf 82' lang='grc' dir='ltr'><strong>Ἰουδαίων,</strong></span> <span class='ocrx_word' id='word_1_474' title='bbox 3333 3294 3678 3364; x_wconf 79' lang='grc' dir='ltr'><strong>παρεκάλουν</strong></span> <span class='ocrx_word' id='word_1_475' title='bbox 3711 3291 3777 3343; x_wconf 76' lang='grc' dir='ltr'><strong>τὰ</strong></span> <span class='ocrx_word' id='word_1_476' title='bbox 3813 3291 3946 3358; x_wconf 80' lang='grc' dir='ltr'><strong>ἔθνη</strong></span> 
     </span>
    </p>
   </div>
   <div class='ocr_carea' id='block_1_78' title="bbox 2373 3383 3944 3459">
    <p class='ocr_par' dir='ltr' id='par_1_78' title="bbox 2373 3383 3944 3459">
     <span class='ocr_line' id='line_1_78' title="bbox 2373 3383 3944 3459; baseline -0.007 -16"><span class='ocrx_word' id='word_1_477' title='bbox 2373 3395 2451 3452; x_wconf 67' lang='grc' dir='ltr'><strong>είς</strong></span> <span class='ocrx_word' id='word_1_478' title='bbox 2480 3393 2538 3443; x_wconf 77' lang='grc' dir='ltr'><strong>τὸ</strong></span> <span class='ocrx_word' id='word_1_479' title='bbox 2571 3390 2773 3459; x_wconf 68' lang='grc' dir='ltr'><strong>μεταξὺ</strong></span> <span class='ocrx_word' id='word_1_480' title='bbox 2803 3388 3077 3442; x_wconf 75' lang='grc' dir='ltr'><strong>Σάϐϐατόν</strong></span> <span class='ocrx_word' id='word_1_481' title='bbox 3097 3387 3394 3456; x_wconf 79' lang='grc' dir='ltr'><strong>λαληθῆναι</strong></span> <span class='ocrx_word' id='word_1_482' title='bbox 3427 3385 3609 3445; x_wconf 74' lang='grc' dir='ltr'><strong>αὐτοῖς</strong></span> <span class='ocrx_word' id='word_1_483' title='bbox 3625 3383 3692 3435; x_wconf 70' lang='grc' dir='ltr'><strong>τά</strong></span> <span class='ocrx_word' id='word_1_484' title='bbox 3717 3383 3944 3451; x_wconf 79' lang='grc' dir='ltr'><strong>ῥήματα</strong></span> 
     </span>
    </p>
   </div>
   <div class='ocr_carea' id='block_1_79' title="bbox 2372 3473 3950 3549">
    <p class='ocr_par' dir='ltr' id='par_1_79' title="bbox 2372 3473 3950 3549">
     <span class='ocr_line' id='line_1_79' title="bbox 2372 3473 3950 3549; baseline -0.007 -17"><span class='ocrx_word' id='word_1_485' title='bbox 2372 3480 2567 3534; x_wconf 84' lang='grc' dir='ltr'><strong>ταῦτα.</strong></span> <span class='ocrx_word' id='word_1_486' title='bbox 2618 3481 2888 3549; x_wconf 85' lang='grc' dir='ltr'><strong>Δυθείσης</strong></span> <span class='ocrx_word' id='word_1_487' title='bbox 2938 3479 2995 3531; x_wconf 68' lang='grc' dir='ltr'><strong>δὲ</strong></span> <span class='ocrx_word' id='word_1_488' title='bbox 3041 3479 3140 3548; x_wconf 85' lang='grc' dir='ltr'><strong>τῆς</strong></span> <span class='ocrx_word' id='word_1_489' title='bbox 3183 3479 3528 3545; x_wconf 84' lang='grc' dir='ltr'><strong>συναγωγῆς,</strong></span> <span class='ocrx_word' id='word_1_490' title='bbox 3568 3473 3950 3543; x_wconf 68' lang='grc' dir='ltr'><strong>ἠκολούθησαν</strong></span> 
     </span>
    </p>
   </div>
   <div class='ocr_carea' id='block_1_80' title="bbox 2376 3564 3950 3636">
    <p class='ocr_par' dir='ltr' id='par_1_80' title="bbox 2376 3564 3950 3636">
     <span class='ocr_line' id='line_1_80' title="bbox 2376 3564 3950 3636; baseline -0.005 -12"><span class='ocrx_word' id='word_1_491' title='bbox 2376 3573 2564 3625; x_wconf 75' lang='grc' dir='ltr'><strong>πολλοὶ</strong></span> <span class='ocrx_word' id='word_1_492' title='bbox 2601 3572 2709 3624; x_wconf 81' lang='grc' dir='ltr'><strong>τῶν</strong></span> <span class='ocrx_word' id='word_1_493' title='bbox 2753 3571 3044 3632; x_wconf 80' lang='grc' dir='ltr'><strong>Ἰουδαίων,</strong></span> <span class='ocrx_word' id='word_1_494' title='bbox 3074 3571 3167 3622; x_wconf 71' lang='grc' dir='ltr'><strong>καὶ</strong></span> <span class='ocrx_word' id='word_1_495' title='bbox 3199 3569 3307 3621; x_wconf 84' lang='grc' dir='ltr'><strong>τῶν</strong></span> <span class='ocrx_word' id='word_1_496' title='bbox 3333 3567 3642 3636; x_wconf 76' lang='grc' dir='ltr'><strong>σεϐομένων</strong></span> <span class='ocrx_word' id='word_1_497' title='bbox 3667 3564 3950 3635; x_wconf 74' lang='grc' dir='ltr'><strong>προσηλύο</strong></span> 
     </span>
    </p>
   </div>
   <div class='ocr_carea' id='block_1_81' title="bbox 2373 3653 3952 3726">
    <p class='ocr_par' dir='ltr' id='par_1_81' title="bbox 2373 3653 3952 3726">
     <span class='ocr_line' id='line_1_81' title="bbox 2373 3653 3952 3726; baseline -0.003 -17"><span class='ocrx_word' id='word_1_498' title='bbox 2373 3674 2504 3722; x_wconf 86' lang='grc' dir='ltr'><strong>των,</strong></span> <span class='ocrx_word' id='word_1_499' title='bbox 2543 3658 2619 3726; x_wconf 80' lang='grc' dir='ltr'><strong>τῷ</strong></span> <span class='ocrx_word' id='word_1_500' title='bbox 2654 3657 2850 3726; x_wconf 83' lang='grc' dir='ltr'><strong>Παύλῳ</strong></span> <span class='ocrx_word' id='word_1_501' title='bbox 2883 3657 2974 3709; x_wconf 73' lang='grc' dir='ltr'><strong>καὶ</strong></span> <span class='ocrx_word' id='word_1_502' title='bbox 3013 3656 3088 3725; x_wconf 81' lang='grc' dir='ltr'><strong>τῷ</strong></span> <span class='ocrx_word' id='word_1_503' title='bbox 3134 3657 3421 3725; x_wconf 72' lang='grc' dir='ltr'><strong>Βαρνάϐα·</strong></span> <span class='ocrx_word' id='word_1_504' title='bbox 3462 3654 3660 3717; x_wconf 77' lang='grc' dir='ltr'><strong>οἵτινες</strong></span> <span class='ocrx_word' id='word_1_505' title='bbox 3703 3653 3952 3720; x_wconf 72' lang='grc' dir='ltr'><strong>προσλαο</strong></span> 
     </span>
    </p>
   </div>
   <div class='ocr_carea' id='block_1_82' title="bbox 2374 3743 3951 3817">
    <p class='ocr_par' dir='ltr' id='par_1_82' title="bbox 2374 3743 3951 3817">
     <span class='ocr_line' id='line_1_82' title="bbox 2374 3743 3951 3817; baseline -0.004 -17"><span class='ocrx_word' id='word_1_506' title='bbox 2374 3748 2588 3810; x_wconf 79' lang='grc' dir='ltr'><strong>λοῦντες</strong></span> <span class='ocrx_word' id='word_1_507' title='bbox 2612 3750 2817 3810; x_wconf 85' lang='grc' dir='ltr'><strong>αὐτοῖς,</strong></span> <span class='ocrx_word' id='word_1_508' title='bbox 2844 3747 3060 3800; x_wconf 77' lang='grc' dir='ltr'><strong>ἔπειθον</strong></span> <span class='ocrx_word' id='word_1_509' title='bbox 3081 3749 3276 3807; x_wconf 81' lang='grc' dir='ltr'><strong>αὐτοὺς</strong></span> <span class='ocrx_word' id='word_1_510' title='bbox 3301 3747 3632 3817; x_wconf 83' lang='grc' dir='ltr'><strong>προσμένειν</strong></span> <span class='ocrx_word' id='word_1_511' title='bbox 3661 3747 3728 3814; x_wconf 74' lang='grc' dir='ltr'><strong>τῇ</strong></span> <span class='ocrx_word' id='word_1_512' title='bbox 3762 3743 3951 3813; x_wconf 78' lang='grc' dir='ltr'><strong>χάριτι</strong></span> 
     </span>
    </p>
   </div>
   <div class='ocr_carea' id='block_1_83' title="bbox 2375 3836 3948 3908">
    <p class='ocr_par' dir='ltr' id='par_1_83' title="bbox 2375 3836 3948 3908">
     <span class='ocr_line' id='line_1_83' title="bbox 2375 3836 3948 3908; baseline -0.003 -20"><span class='ocrx_word' id='word_1_513' title='bbox 2375 3839 2469 3890; x_wconf 89' lang='grc' dir='ltr'><strong>τοῦ</strong></span> <span class='ocrx_word' id='word_1_514' title='bbox 2506 3838 2661 3893; x_wconf 81' lang='grc' dir='ltr'><strong>Θεοῦ.</strong></span> <span class='ocrx_word' id='word_1_515' title='bbox 2700 3839 2790 3907; x_wconf 77' lang='grc' dir='ltr'><strong>Τῷ</strong></span> <span class='ocrx_word' id='word_1_516' title='bbox 2818 3839 2873 3891; x_wconf 84' lang='grc' dir='ltr'><strong>δὲ</strong></span> <span class='ocrx_word' id='word_1_517' title='bbox 2903 3839 3180 3908; x_wconf 77' lang='grc' dir='ltr'><strong>ἐρχομένῳ</strong></span> <span class='ocrx_word' id='word_1_518' title='bbox 3215 3839 3476 3907; x_wconf 78' lang='grc' dir='ltr'><strong>Σαϐϐάτῳ</strong></span> <span class='ocrx_word' id='word_1_519' title='bbox 3508 3836 3698 3905; x_wconf 80' lang='grc' dir='ltr'><strong>σχεδὸν</strong></span> <span class='ocrx_word' id='word_1_520' title='bbox 3728 3837 3879 3886; x_wconf 73' lang='grc' dir='ltr'><strong>πᾶσα</strong></span> <span class='ocrx_word' id='word_1_521' title='bbox 3914 3837 3948 3902; x_wconf 77' lang='grc' dir='ltr'>ἡ</span> 
     </span>
    </p>
   </div>
   <div class='ocr_carea' id='block_1_84' title="bbox 2378 3925 3951 3999">
    <p class='ocr_par' dir='ltr' id='par_1_84' title="bbox 2378 3925 3951 3999">
     <span class='ocr_line' id='line_1_84' title="bbox 2378 3925 3951 3999; baseline -0.006 -17"><span class='ocrx_word' id='word_1_522' title='bbox 2378 3930 2532 3992; x_wconf 84' lang='grc' dir='ltr'><strong>πόλις</strong></span> <span class='ocrx_word' id='word_1_523' title='bbox 2562 3929 2800 3999; x_wconf 79' lang='grc' dir='ltr'><strong>συνήχθη</strong></span> <span class='ocrx_word' id='word_1_524' title='bbox 2832 3927 3064 3981; x_wconf 83' lang='grc' dir='ltr'><strong>ἀκοῦσαι</strong></span> <span class='ocrx_word' id='word_1_525' title='bbox 3096 3930 3186 3980; x_wconf 81' lang='grc' dir='ltr'><strong>τὸν</strong></span> <span class='ocrx_word' id='word_1_526' title='bbox 3219 3930 3375 3996; x_wconf 85' lang='grc' dir='ltr'><strong>λόγον</strong></span> <span class='ocrx_word' id='word_1_527' title='bbox 3401 3927 3494 3980; x_wconf 89' lang='grc' dir='ltr'><strong>τοῦ</strong></span> <span class='ocrx_word' id='word_1_528' title='bbox 3522 3926 3678 3979; x_wconf 89' lang='grc' dir='ltr'><strong>Θεοῦ.</strong></span> <span class='ocrx_word' id='word_1_529' title='bbox 3722 3925 3951 3986; x_wconf 83' lang='grc' dir='ltr'><strong>Ἰδόντες</strong></span> 
     </span>
    </p>
   </div>
   <div class='ocr_carea' id='block_1_85' title="bbox 2375 4016 3953 4088">
    <p class='ocr_par' dir='ltr' id='par_1_85' title="bbox 2375 4016 3953 4088">
     <span class='ocr_line' id='line_1_85' title="bbox 2375 4016 3953 4088; baseline -0.003 -17"><span class='ocrx_word' id='word_1_530' title='bbox 2375 4019 2433 4071; x_wconf 82' lang='grc' dir='ltr'><strong>δέ</strong></span> <span class='ocrx_word' id='word_1_531' title='bbox 2463 4020 2511 4070; x_wconf 84' lang='grc' dir='ltr'><strong>οί</strong></span> <span class='ocrx_word' id='word_1_532' title='bbox 2558 4018 2800 4071; x_wconf 85' lang='grc' dir='ltr'><strong>Ἰουδαῖοι</strong></span> <span class='ocrx_word' id='word_1_533' title='bbox 2841 4019 2968 4082; x_wconf 72' lang='grc' dir='ltr'><strong>τοὺς</strong></span> <span class='ocrx_word' id='word_1_534' title='bbox 3010 4019 3224 4088; x_wconf 74' lang='grc' dir='ltr'><strong>ὄχλους,</strong></span> <span class='ocrx_word' id='word_1_535' title='bbox 3258 4019 3612 4088; x_wconf 77' lang='grc' dir='ltr'><strong>ἐπλήσθησαν</strong></span> <span class='ocrx_word' id='word_1_536' title='bbox 3638 4017 3822 4084; x_wconf 75' lang='grc' dir='ltr'><strong>ζήλου,</strong></span> <span class='ocrx_word' id='word_1_537' title='bbox 3852 4016 3953 4068; x_wconf 76' lang='grc' dir='ltr'><strong>καὶ</strong></span> 
     </span>
    </p>
   </div>
   <div class='ocr_carea' id='block_1_86' title="bbox 2376 4105 3958 4176">
    <p class='ocr_par' dir='ltr' id='par_1_86' title="bbox 2376 4105 3958 4176">
     <span class='ocr_line' id='line_1_86' title="bbox 2376 4105 3958 4176; baseline -0.003 -16"><span class='ocrx_word' id='word_1_538' title='bbox 2376 4108 2667 4174; x_wconf 85' lang='grc' dir='ltr'><strong>ἀντέλεγον</strong></span> <span class='ocrx_word' id='word_1_539' title='bbox 2699 4111 2812 4168; x_wconf 86' lang='grc' dir='ltr'><strong>τοῖς</strong></span> <span class='ocrx_word' id='word_1_540' title='bbox 2848 4108 2953 4160; x_wconf 78' lang='grc' dir='ltr'><strong>ὑπὸ</strong></span> <span class='ocrx_word' id='word_1_541' title='bbox 2985 4109 3079 4162; x_wconf 93' lang='grc' dir='ltr'><strong>τοῦ</strong></span> <span class='ocrx_word' id='word_1_542' title='bbox 3116 4108 3328 4160; x_wconf 78' lang='grc' dir='ltr'><strong>Παύλου</strong></span> <span class='ocrx_word' id='word_1_543' title='bbox 3361 4107 3697 4176; x_wconf 87' lang='grc' dir='ltr'><strong>λεγομένοις,</strong></span> <span class='ocrx_word' id='word_1_544' title='bbox 3746 4105 3958 4157; x_wconf 80' lang='grc' dir='ltr'><strong>ἀντιλέ-</strong></span> 
     </span>
    </p>
   </div>
   <div class='ocr_carea' id='block_1_87' title="bbox 2376 4196 3954 4268">
    <p class='ocr_par' dir='ltr' id='par_1_87' title="bbox 2376 4196 3954 4268">
     <span class='ocr_line' id='line_1_87' title="bbox 2376 4196 3954 4268; baseline -0.001 -20"><span class='ocrx_word' id='word_1_545' title='bbox 2376 4215 2565 4265; x_wconf 84' lang='grc' dir='ltr'><strong>γοντες</strong></span> <span class='ocrx_word' id='word_1_546' title='bbox 2613 4198 2708 4250; x_wconf 78' lang='grc' dir='ltr'><strong>καὶ</strong></span> <span class='ocrx_word' id='word_1_547' title='bbox 2760 4197 3228 4268; x_wconf 79' lang='grc' dir='ltr'><strong>βλασφημοῦντες.</strong></span> <span class='ocrx_word' id='word_1_548' title='bbox 3275 4197 3790 4268; x_wconf 74' lang='grc' dir='ltr'><strong>Παρρησιασάμενοι</strong></span> <span class='ocrx_word' id='word_1_549' title='bbox 3821 4196 3878 4247; x_wconf 86' lang='grc' dir='ltr'><strong>δὲ</strong></span> <span class='ocrx_word' id='word_1_550' title='bbox 3924 4198 3954 4246; x_wconf 87' lang='grc' dir='ltr'><strong>ό</strong></span> 
     </span>
    </p>
   </div>
   <div class='ocr_carea' id='block_1_88' title="bbox 2379 4286 3948 4360">
    <p class='ocr_par' dir='ltr' id='par_1_88' title="bbox 2379 4286 3948 4360">
     <span class='ocr_line' id='line_1_88' title="bbox 2379 4286 3948 4360; baseline -0.001 -19"><span class='ocrx_word' id='word_1_551' title='bbox 2379 4291 2590 4352; x_wconf 86' lang='grc' dir='ltr'><strong>Παῦλος</strong></span> <span class='ocrx_word' id='word_1_552' title='bbox 2623 4291 2715 4342; x_wconf 74' lang='grc' dir='ltr'><strong>καὶ</strong></span> <span class='ocrx_word' id='word_1_553' title='bbox 2745 4293 2774 4342; x_wconf 78' lang='grc' dir='ltr'><strong>ό</strong></span> <span class='ocrx_word' id='word_1_554' title='bbox 2804 4290 3088 4360; x_wconf 79' lang='grc' dir='ltr'><strong>Βαρνάὸας</strong></span> <span class='ocrx_word' id='word_1_555' title='bbox 3120 4289 3274 4342; x_wconf 74' lang='grc' dir='ltr'><strong>εἷπον</strong></span> <span class='ocrx_word' id='word_1_556' title='bbox 3295 4305 3312 4322; x_wconf 77' lang='grc'><strong>⁸</strong></span> <span class='ocrx_word' id='word_1_557' title='bbox 3357 4291 3515 4360; x_wconf 79' lang='grc' dir='ltr'><strong>Ὑμῖν</strong></span> <span class='ocrx_word' id='word_1_558' title='bbox 3544 4286 3611 4360; x_wconf 78' lang='grc' dir='ltr'><strong>ῆν</strong></span> <span class='ocrx_word' id='word_1_559' title='bbox 3650 4291 3948 4356; x_wconf 82' lang='grc' dir='ltr'><strong>ἀναγκαῖον</strong></span> 
     </span>
    </p>
   </div>
   <div class='ocr_carea' id='block_1_89' title="bbox 2379 4379 3956 4451">
    <p class='ocr_par' dir='ltr' id='par_1_89' title="bbox 2379 4379 3956 4451">
     <span class='ocr_line' id='line_1_89' title="bbox 2379 4379 3956 4451; baseline -0.006 -17"><span class='ocrx_word' id='word_1_560' title='bbox 2379 4380 2593 4448; x_wconf 83' lang='grc' dir='ltr'><strong>πρῶτον</strong></span> <span class='ocrx_word' id='word_1_561' title='bbox 2625 4381 2920 4451; x_wconf 78' lang='grc' dir='ltr'><strong>λαληθῆναι</strong></span> <span class='ocrx_word' id='word_1_562' title='bbox 2943 4382 3010 4435; x_wconf 75' lang='grc' dir='ltr'><strong>τά</strong></span> <span class='ocrx_word' id='word_1_563' title='bbox 3035 4381 3129 4434; x_wconf 89' lang='grc' dir='ltr'><strong>τοῦ</strong></span> <span class='ocrx_word' id='word_1_564' title='bbox 3158 4381 3292 4435; x_wconf 88' lang='grc' dir='ltr'><strong>Θεοῦ</strong></span> <span class='ocrx_word' id='word_1_565' title='bbox 3317 4397 3331 4412; x_wconf 90' lang='grc'><strong>·</strong></span> <span class='ocrx_word' id='word_1_566' title='bbox 3380 4381 3574 4450; x_wconf 83' lang='grc' dir='ltr'><strong>ἐπειδὴ</strong></span> <span class='ocrx_word' id='word_1_567' title='bbox 3616 4379 3672 4432; x_wconf 79' lang='grc' dir='ltr'><strong>δέ</strong></span> <span class='ocrx_word' id='word_1_568' title='bbox 3707 4379 3956 4431; x_wconf 75' lang='grc' dir='ltr'><strong>ἀπωθεῖ-</strong></span> 
     </span>
    </p>
   </div>
   <div class='ocr_carea' id='block_1_90' title="bbox 713 4464 3957 4545">
    <p class='ocr_par' dir='ltr' id='par_1_90' title="bbox 713 4464 3957 4545">
     <span class='ocr_line' id='line_1_90' title="bbox 713 4464 3957 4545; baseline 0.002 -27"><span class='ocrx_word' id='word_1_569' title='bbox 713 4467 805 4518; x_wconf 87' lang='grc' dir='ltr'><strong>σθε</strong></span> <span class='ocrx_word' id='word_1_570' title='bbox 839 4466 1019 4530; x_wconf 81' lang='grc' dir='ltr'><strong>αὑτὸν,</strong></span> <span class='ocrx_word' id='word_1_571' title='bbox 1045 4467 1138 4519; x_wconf 74' lang='grc' dir='ltr'><strong>καὶ</strong></span> <span class='ocrx_word' id='word_1_572' title='bbox 1166 4467 1265 4518; x_wconf 77' lang='grc' dir='ltr'><strong>οὐκ</strong></span> <span class='ocrx_word' id='word_1_573' title='bbox 1297 4466 1477 4531; x_wconf 79' lang='grc' dir='ltr'><strong>ἀξίους</strong></span> <span class='ocrx_word' id='word_1_574' title='bbox 1520 4464 1729 4534; x_wconf 85' lang='grc' dir='ltr'><strong>κρίνετε</strong></span> <span class='ocrx_word' id='word_1_575' title='bbox 1759 4465 1983 4529; x_wconf 74' lang='grc' dir='ltr'><strong>ἑαυτοὺς</strong></span> <span class='ocrx_word' id='word_1_576' title='bbox 2009 4466 2109 4535; x_wconf 88' lang='grc' dir='ltr'><strong>τῆς</strong></span> <span class='ocrx_word' id='word_1_577' title='bbox 2139 4469 2360 4523; x_wconf 75' lang='grc' dir='ltr'><strong>αἰωνίου</strong></span> <span class='ocrx_word' id='word_1_578' title='bbox 2393 4473 2559 4543; x_wconf 79' lang='grc' dir='ltr'><strong>ζωῆς,</strong></span> <span class='ocrx_word' id='word_1_579' title='bbox 2594 4474 2703 4526; x_wconf 74' lang='grc' dir='ltr'><strong>ίδοὺ</strong></span> <span class='ocrx_word' id='word_1_580' title='bbox 2773 4473 3118 4545; x_wconf 80' lang='grc' dir='ltr'><strong>στρεφόμεθα</strong></span> <span class='ocrx_word' id='word_1_581' title='bbox 3180 4477 3260 4537; x_wconf 83' lang='grc' dir='ltr'><strong>είς</strong></span> <span class='ocrx_word' id='word_1_582' title='bbox 3295 4473 3362 4527; x_wconf 85' lang='grc' dir='ltr'><strong>τά</strong></span> <span class='ocrx_word' id='word_1_583' title='bbox 3413 4473 3562 4542; x_wconf 86' lang='grc' dir='ltr'><strong>ἐθνη.</strong></span> <span class='ocrx_word' id='word_1_584' title='bbox 3632 4467 3789 4525; x_wconf 75' lang='grc' dir='ltr'><strong>Οὕτω</strong></span> <span class='ocrx_word' id='word_1_585' title='bbox 3841 4473 3957 4541; x_wconf 74' lang='grc' dir='ltr'><strong>γὰρ</strong></span> 
     </span>
    </p>
   </div>
   <div class='ocr_carea' id='block_1_91' title="bbox 715 4560 1491 4631">
    <p class='ocr_par' dir='ltr' id='par_1_91' title="bbox 715 4560 1491 4631">
     <span class='ocr_line' id='line_1_91' title="bbox 715 4560 1491 4631; baseline 0.001 -19"><span class='ocrx_word' id='word_1_586' title='bbox 715 4560 1022 4613; x_wconf 74' lang='grc' dir='ltr'><strong>ἐντέταλται</strong></span> <span class='ocrx_word' id='word_1_587' title='bbox 1054 4563 1188 4631; x_wconf 79' lang='grc' dir='ltr'><strong>ἡμῖν</strong></span> <span class='ocrx_word' id='word_1_588' title='bbox 1218 4563 1246 4612; x_wconf 83' lang='grc' dir='ltr'><strong>ό</strong></span> <span class='ocrx_word' id='word_1_589' title='bbox 1273 4561 1491 4630; x_wconf 76' lang='grc' dir='ltr'><strong>Κύριος.</strong></span> 
     </span>
    </p>
   </div>
   <div class='ocr_carea' id='block_1_92' title="bbox 1210 4651 1778 4707">
    <p class='ocr_par' dir='ltr' id='par_1_92' title="bbox 1210 4651 1778 4707">
     <span class='ocr_line' id='line_1_92' title="bbox 1210 4651 1778 4707; baseline -0.005 0"><span class='ocrx_word' id='word_1_590' title='bbox 1210 4651 1778 4707; x_wconf 80' lang='lat' dir='ltr'><strong>COMMENTARIUS.</strong></span> 
     </span>
    </p>
   </div>
   <div class='ocr_carea' id='block_1_93' title="bbox 786 4745 2284 4816">
    <p class='ocr_par' dir='ltr' id='par_1_93' title="bbox 786 4745 2284 4816">
     <span class='ocr_line' id='line_1_93' title="bbox 786 4745 2284 4816; baseline 0.002 -15"><span class='ocrx_word' id='word_1_591' title='bbox 786 4745 924 4802; x_wconf 89' lang='lat' dir='ltr'><strong>Cum</strong></span> <span class='ocrx_word' id='word_1_592' title='bbox 963 4746 1225 4816; x_wconf 85' lang='lat' dir='ltr'><strong>propheta</strong></span> <span class='ocrx_word' id='word_1_593' title='bbox 1274 4745 1531 4801; x_wconf 86' lang='lat' dir='ltr'><strong>llabaeuc</strong></span> <span class='ocrx_word' id='word_1_594' title='bbox 1581 4747 1944 4802; x_wconf 76' lang='lat' dir='ltr'><strong>exclamasset</strong></span> <span class='ocrx_word' id='word_1_595' title='bbox 1984 4758 2038 4803; x_wconf 88' lang='lat' dir='ltr'><strong>et</strong></span> <span class='ocrx_word' id='word_1_596' title='bbox 2094 4761 2284 4804; x_wconf 89' lang='lat' dir='ltr'><strong>contra</strong></span> 
     </span>
    </p>
   </div>
   <div class='ocr_carea' id='block_1_94' title="bbox 2969 4655 3348 4711">
    <p class='ocr_par' dir='ltr' id='par_1_94' title="bbox 2969 4655 3348 4711">
     <span class='ocr_line' id='line_1_94' title="bbox 2969 4655 3348 4711; baseline 0.003 -1"><span class='ocrx_word' id='word_1_597' title='bbox 2969 4655 3348 4711; x_wconf 81' lang='lat' dir='ltr'><strong>EPMHNEIA.</strong></span> 
     </span>
    </p>
   </div>
   <div class='ocr_carea' id='block_1_95' title="bbox 2454 4748 3956 4820">
    <p class='ocr_par' dir='ltr' id='par_1_95' title="bbox 2454 4748 3956 4820">
     <span class='ocr_line' id='line_1_95' title="bbox 2454 4748 3956 4820; baseline 0.001 -20"><span class='ocrx_word' id='word_1_598' title='bbox 2454 4748 2949 4818; x_wconf 82' lang='grc' dir='ltr'><strong>Κατακεκραγότος</strong></span> <span class='ocrx_word' id='word_1_599' title='bbox 3025 4748 3121 4800; x_wconf 90' lang='grc' dir='ltr'><strong>τοῦ</strong></span> <span class='ocrx_word' id='word_1_600' title='bbox 3187 4750 3465 4820; x_wconf 75' lang='grc' dir='ltr'><strong>προφήτου</strong></span> <span class='ocrx_word' id='word_1_601' title='bbox 3534 4748 3810 4818; x_wconf 72' lang='grc' dir='ltr'><strong>’Ᾱὸακοῦμ</strong></span> <span class='ocrx_word' id='word_1_602' title='bbox 3852 4748 3956 4818; x_wconf 85' lang='grc' dir='ltr'><strong>τῆς</strong></span> 
     </span>
    </p>
   </div>
   <div class='ocr_carea' id='block_1_96' title="bbox 716 4837 2266 4912">
    <p class='ocr_par' dir='ltr' id='par_1_96' title="bbox 716 4837 2266 4912">
     <span class='ocr_line' id='line_1_96' title="bbox 716 4837 2266 4912; baseline 0.003 -20"><span class='ocrx_word' id='word_1_603' title='bbox 716 4839 982 4908; x_wconf 82' lang='lat' dir='ltr'><strong>judicium</strong></span> <span class='ocrx_word' id='word_1_604' title='bbox 1011 4837 1296 4907; x_wconf 70' lang='lat' dir='ltr'><strong>iniustum,</strong></span> <span class='ocrx_word' id='word_1_605' title='bbox 1339 4838 1488 4893; x_wconf 88' lang='lat' dir='ltr'><strong>etde</strong></span> <span class='ocrx_word' id='word_1_606' title='bbox 1533 4839 1696 4908; x_wconf 71' lang='grc'><strong>26],</strong></span> <span class='ocrx_word' id='word_1_607' title='bbox 1727 4855 1942 4893; x_wconf 84' lang='lat' dir='ltr'><strong>summa</strong></span> <span class='ocrx_word' id='word_1_608' title='bbox 2005 4840 2099 4896; x_wconf 90' lang='lat' dir='ltr'><strong>Dei</strong></span> <span class='ocrx_word' id='word_1_609' title='bbox 2155 4859 2266 4912; x_wconf 90' lang='lat' dir='ltr'><strong>erg:</strong></span> 
     </span>
    </p>
   </div>
   <div class='ocr_carea' id='block_1_97' title="bbox 2372 4837 3954 4912">
    <p class='ocr_par' dir='ltr' id='par_1_97' title="bbox 2384 4840 3954 4910">
     <span class='ocr_line' id='line_1_97' title="bbox 2384 4840 3954 4910; baseline -0.001 -18"><span class='ocrx_word' id='word_1_610' title='bbox 2384 4840 2570 4892; x_wconf 83' lang='grc' dir='ltr'><strong>ἀδίκου</strong></span> <span class='ocrx_word' id='word_1_611' title='bbox 2601 4841 2854 4910; x_wconf 84' lang='grc' dir='ltr'><strong>κρίσεως,</strong></span> <span class='ocrx_word' id='word_1_612' title='bbox 2884 4841 2978 4894; x_wconf 72' lang='grc' dir='ltr'><strong>καὶ</strong></span> <span class='ocrx_word' id='word_1_613' title='bbox 2999 4841 3098 4910; x_wconf 88' lang='grc' dir='ltr'><strong>τῆς</strong></span> <span class='ocrx_word' id='word_1_614' title='bbox 3123 4841 3264 4909; x_wconf 79' lang='grc' dir='ltr'><strong>ἀγαν</strong></span> <span class='ocrx_word' id='word_1_615' title='bbox 3288 4842 3638 4907; x_wconf 79' lang='grc' dir='ltr'><strong>ἀνεξικακίας</strong></span> <span class='ocrx_word' id='word_1_616' title='bbox 3667 4840 3759 4894; x_wconf 82' lang='grc' dir='ltr'><strong>τοῦ</strong></span> <span class='ocrx_word' id='word_1_617' title='bbox 3789 4840 3954 4903; x_wconf 78' lang='grc' dir='ltr'><strong>Θεοῦ,</strong></span> 
     </span>
    </p>
   </div>
   <div class='ocr_carea' id='block_1_98' title="bbox 721 4930 2266 5000">
    <p class='ocr_par' dir='ltr' id='par_1_98' title="bbox 721 4930 2266 5000">
     <span class='ocr_line' id='line_1_98' title="bbox 721 4930 2266 5000; baseline 0.001 -15"><span class='ocrx_word' id='word_1_618' title='bbox 721 4931 895 4985; x_wconf 86' lang='lat' dir='ltr'><strong>malos</strong></span> <span class='ocrx_word' id='word_1_619' title='bbox 952 4930 1389 4999; x_wconf 76' lang='lat' dir='ltr'><strong>longanimitate,</strong></span> <span class='ocrx_word' id='word_1_620' title='bbox 1441 4941 1602 5000; x_wconf 87' lang='lat' dir='ltr'><strong>atque</strong></span> <span class='ocrx_word' id='word_1_621' title='bbox 1656 4932 1887 4987; x_wconf 78' lang='lat' dir='ltr'><strong>dixisset</strong></span> <span class='ocrx_word' id='word_1_622' title='bbox 1920 4935 1966 4965; x_wconf 85' lang='lat'><strong>“</strong></span> <span class='ocrx_word' id='word_1_623' title='bbox 1999 4954 2013 4988; x_wconf 84' lang='lat'><strong>:</strong></span> <span class='ocrx_word' id='word_1_624' title='bbox 2053 4953 2070 4985; x_wconf 86' lang='grc' dir='ltr'><strong>ι</strong></span> <span class='ocrx_word' id='word_1_625' title='bbox 2110 4935 2266 5000; x_wconf 80' lang='lat' dir='ltr'><strong>Qnan</strong></span> 
     </span>
    </p>
   </div>
   <div class='ocr_carea' id='block_1_99' title="bbox 2372 4930 3959 5000">
    <p class='ocr_par' dir='ltr' id='par_1_99' title="bbox 2384 4930 3959 5000">
     <span class='ocr_line' id='line_1_99' title="bbox 2384 4930 3959 5000; baseline -0.002 -16"><span class='ocrx_word' id='word_1_626' title='bbox 2384 4930 2480 4984; x_wconf 75' lang='grc' dir='ltr'><strong>καὶ</strong></span> <span class='ocrx_word' id='word_1_627' title='bbox 2520 4931 2767 4997; x_wconf 88' lang='grc' dir='ltr'><strong>λέγοντος</strong></span> <span class='ocrx_word' id='word_1_628' title='bbox 2788 4947 2801 4960; x_wconf 85' lang='lat'><strong><em>°</em></strong></span> <span class='ocrx_word' id='word_1_629' title='bbox 2837 4949 2856 4982; x_wconf 88' lang='grc' dir='ltr'><strong>ι</strong></span> <span class='ocrx_word' id='word_1_630' title='bbox 2889 4931 3006 4984; x_wconf 84' lang='grc' dir='ltr'><strong>Ἵνα</strong></span> <span class='ocrx_word' id='word_1_631' title='bbox 3036 4931 3088 4982; x_wconf 86' lang='grc' dir='ltr'><strong>τί</strong></span> <span class='ocrx_word' id='word_1_632' title='bbox 3123 4949 3213 5000; x_wconf 92' lang='grc' dir='ltr'><strong>μοι</strong></span> <span class='ocrx_word' id='word_1_633' title='bbox 3247 4931 3451 4997; x_wconf 75' lang='grc' dir='ltr'><strong>ἔδειξας</strong></span> <span class='ocrx_word' id='word_1_634' title='bbox 3483 4932 3684 4992; x_wconf 89' lang='grc' dir='ltr'><strong>κόπους</strong></span> <span class='ocrx_word' id='word_1_635' title='bbox 3731 4932 3824 4982; x_wconf 83' lang='grc' dir='ltr'><strong>καὶ</strong></span> <span class='ocrx_word' id='word_1_636' title='bbox 3857 4931 3959 4981; x_wconf 81' lang='grc' dir='ltr'><strong>πό-</strong></span> 
     </span>
    </p>
   </div>
   <div class='ocr_carea' id='block_1_100' title="bbox 721 5019 2290 5086">
    <p class='ocr_par' dir='ltr' id='par_1_100' title="bbox 721 5019 2290 5086">
     <span class='ocr_line' id='line_1_100' title="bbox 721 5019 2290 5086; baseline 0.001 -14"><span class='ocrx_word' id='word_1_637' title='bbox 721 5019 960 5074; x_wconf 89' lang='lat' dir='ltr'><strong>ostendit</strong></span> <span class='ocrx_word' id='word_1_638' title='bbox 991 5019 1122 5072; x_wconf 85' lang='lat' dir='ltr'><strong>mihi</strong></span> <span class='ocrx_word' id='word_1_639' title='bbox 1175 5019 1545 5086; x_wconf 83' lang='lat' dir='ltr'><strong>iniquitatem,</strong></span> <span class='ocrx_word' id='word_1_640' title='bbox 1583 5026 1636 5072; x_wconf 91' lang='lat' dir='ltr'><strong>et</strong></span> <span class='ocrx_word' id='word_1_641' title='bbox 1673 5019 1940 5082; x_wconf 88' lang='lat' dir='ltr'><strong>laborem,</strong></span> <span class='ocrx_word' id='word_1_642' title='bbox 1970 5019 2151 5074; x_wconf 90' lang='lat' dir='ltr'><strong>videre</strong></span> <span class='ocrx_word' id='word_1_643' title='bbox 2189 5023 2290 5075; x_wconf 87' lang='lat' dir='ltr'><strong>mi-</strong></span> 
     </span>
    </p>
   </div>
   <div class='ocr_carea' id='block_1_101' title="bbox 727 5110 2286 5179">
    <p class='ocr_par' dir='ltr' id='par_1_101' title="bbox 727 5110 2286 5179">
     <span class='ocr_line' id='line_1_101' title="bbox 727 5110 2286 5179; baseline 0 -15"><span class='ocrx_word' id='word_1_644' title='bbox 727 5111 925 5164; x_wconf 71' lang='lat' dir='ltr'><strong>seriam</strong></span> <span class='ocrx_word' id='word_1_645' title='bbox 956 5118 1008 5164; x_wconf 91' lang='lat' dir='ltr'><strong>et</strong></span> <span class='ocrx_word' id='word_1_646' title='bbox 1046 5111 1376 5179; x_wconf 87' lang='lat' dir='ltr'><strong>impietatem</strong></span> <span class='ocrx_word' id='word_1_647' title='bbox 1404 5110 1427 5162; x_wconf 79' lang='lat'><strong>?</strong></span> <span class='ocrx_word' id='word_1_648' title='bbox 1455 5110 1658 5164; x_wconf 87' lang='lat' dir='ltr'><strong>Contra</strong></span> <span class='ocrx_word' id='word_1_649' title='bbox 1715 5125 1800 5163; x_wconf 87' lang='lat' dir='ltr'><strong>me</strong></span> <span class='ocrx_word' id='word_1_650' title='bbox 1832 5110 2035 5163; x_wconf 81' lang='lat' dir='ltr'><strong>factum</strong></span> <span class='ocrx_word' id='word_1_651' title='bbox 2077 5120 2162 5165; x_wconf 90' lang='lat' dir='ltr'><strong>est</strong></span> <span class='ocrx_word' id='word_1_652' title='bbox 2196 5113 2286 5179; x_wconf 85' lang='lat' dir='ltr'><strong>ju-</strong></span> 
     </span>
    </p>
   </div>
   <div class='ocr_carea' id='block_1_102' title="bbox 730 5202 930 5254">
    <p class='ocr_par' dir='ltr' id='par_1_102' title="bbox 730 5202 930 5254">
     <span class='ocr_line' id='line_1_102' title="bbox 730 5202 930 5254; baseline 0 0"><span class='ocrx_word' id='word_1_653' title='bbox 730 5202 930 5254; x_wconf 85' lang='lat' dir='ltr'><strong>dicium</strong></span> 
     </span>
    </p>
   </div>
   <div class='ocr_carea' id='block_1_103' title="bbox 838 5583 1353 5651">
    <p class='ocr_par' dir='ltr' id='par_1_103' title="bbox 838 5583 1353 5651">
     <span class='ocr_line' id='line_1_103' title="bbox 838 5583 1353 5651; baseline 0.008 -16"><span class='ocrx_word' id='word_1_654' title='bbox 838 5587 881 5615; x_wconf 86' lang='lat'>“</span> <span class='ocrx_word' id='word_1_655' title='bbox 918 5583 1119 5638; x_wconf 85' lang='lat' dir='ltr'><strong>Ilabac.</strong></span> <span class='ocrx_word' id='word_1_656' title='bbox 1155 5587 1267 5651; x_wconf 75' lang='lat'><strong>1,3,</strong></span> <span class='ocrx_word' id='word_1_657' title='bbox 1302 5587 1353 5639; x_wconf 82' lang='grc' dir='ltr'><strong>ι.</strong></span> 
     </span>
    </p>
   </div>
   <div class='ocr_carea' id='block_1_104' title="bbox 2387 5022 3958 5092">
    <p class='ocr_par' dir='ltr' id='par_1_104' title="bbox 2387 5022 3958 5092">
     <span class='ocr_line' id='line_1_104' title="bbox 2387 5022 3958 5092; baseline -0.001 -19"><span class='ocrx_word' id='word_1_658' title='bbox 2387 5039 2510 5084; x_wconf 90' lang='grc' dir='ltr'><strong>νους</strong></span> <span class='ocrx_word' id='word_1_659' title='bbox 2532 5039 2548 5088; x_wconf 89' lang='lat'><strong>;</strong></span> <span class='ocrx_word' id='word_1_660' title='bbox 2573 5023 2696 5074; x_wconf 87' lang='grc' dir='ltr'><strong>Ὀτι</strong></span> <span class='ocrx_word' id='word_1_661' title='bbox 2719 5022 2777 5087; x_wconf 78' lang='grc' dir='ltr'><strong>ἐξ</strong></span> <span class='ocrx_word' id='word_1_662' title='bbox 2806 5023 3052 5084; x_wconf 82' lang='grc' dir='ltr'><strong>ἐναντίας</strong></span> <span class='ocrx_word' id='word_1_663' title='bbox 3079 5024 3297 5090; x_wconf 82' lang='grc' dir='ltr'><strong>γέγονεν</strong></span> <span class='ocrx_word' id='word_1_664' title='bbox 3317 5025 3349 5092; x_wconf 80' lang='grc' dir='ltr'>ἡ</span> <span class='ocrx_word' id='word_1_665' title='bbox 3371 5023 3570 5092; x_wconf 82' lang='grc' dir='ltr'><strong>κρίσις,</strong></span> <span class='ocrx_word' id='word_1_666' title='bbox 3597 5023 3692 5075; x_wconf 77' lang='grc' dir='ltr'><strong>καὶ</strong></span> <span class='ocrx_word' id='word_1_667' title='bbox 3719 5023 3745 5073; x_wconf 88' lang='grc' dir='ltr'><strong>ό</strong></span> <span class='ocrx_word' id='word_1_668' title='bbox 3763 5022 3958 5090; x_wconf 74' lang='grc' dir='ltr'><strong>κριτὴς</strong></span> 
     </span>
    </p>
   </div>
   <div class='ocr_carea' id='block_1_105' title="bbox 2391 5111 3958 5184">
    <p class='ocr_par' dir='ltr' id='par_1_105' title="bbox 2391 5111 3958 5184">
     <span class='ocr_line' id='line_1_105' title="bbox 2391 5111 3958 5184; baseline -0.001 -20"><span class='ocrx_word' id='word_1_669' title='bbox 2391 5112 2678 5181; x_wconf 75' lang='grc' dir='ltr'><strong>λαμϐάνει,</strong></span> <span class='ocrx_word' id='word_1_670' title='bbox 2713 5114 2807 5165; x_wconf 79' lang='grc' dir='ltr'><strong>καὶ</strong></span> <span class='ocrx_word' id='word_1_671' title='bbox 2836 5113 3037 5184; x_wconf 78' lang='grc' dir='ltr'><strong>ἀσεόὴς</strong></span> <span class='ocrx_word' id='word_1_672' title='bbox 3073 5114 3534 5167; x_wconf 84' lang='grc' dir='ltr'><strong>καταδυναστεύει</strong></span> <span class='ocrx_word' id='word_1_673' title='bbox 3587 5113 3676 5165; x_wconf 80' lang='grc' dir='ltr'><strong>τὸν</strong></span> <span class='ocrx_word' id='word_1_674' title='bbox 3723 5111 3958 5173; x_wconf 83' lang='grc' dir='ltr'><strong>δίκαιον,</strong></span> 
     </span>
    </p>
   </div>
   <div class='ocr_carea' id='block_1_106' title="bbox 995 5201 2266 5276">
    <p class='ocr_par' dir='ltr' id='par_1_106' title="bbox 995 5201 2262 5270">
     <span class='ocr_line' id='line_1_106' title="bbox 995 5201 2262 5270; baseline 0.002 -16"><span class='ocrx_word' id='word_1_675' title='bbox 995 5219 1008 5254; x_wconf 90' lang='lat'><strong>:</strong></span> <span class='ocrx_word' id='word_1_676' title='bbox 1061 5214 1116 5254; x_wconf 88' lang='lat' dir='ltr'><strong>et</strong></span> <span class='ocrx_word' id='word_1_677' title='bbox 1165 5201 1332 5269; x_wconf 78' lang='lat' dir='ltr'><strong>judex</strong></span> <span class='ocrx_word' id='word_1_678' title='bbox 1394 5201 1613 5270; x_wconf 88' lang='lat' dir='ltr'><strong>accipit,</strong></span> <span class='ocrx_word' id='word_1_679' title='bbox 1664 5209 1717 5253; x_wconf 86' lang='lat' dir='ltr'><strong>et</strong></span> <span class='ocrx_word' id='word_1_680' title='bbox 1773 5201 1973 5268; x_wconf 86' lang='lat' dir='ltr'><strong>impius</strong></span> <span class='ocrx_word' id='word_1_681' title='bbox 2033 5205 2262 5270; x_wconf 68' lang='lat' dir='ltr'><strong>prmvale</strong></span> 
     </span>
    </p>
   </div>
   <div class='ocr_carea' id='block_1_107' title="bbox 2372 5201 3963 5276">
    <p class='ocr_par' dir='ltr' id='par_1_107' title="bbox 2396 5201 3963 5276">
     <span class='ocr_line' id='line_1_107' title="bbox 2396 5201 3963 5276; baseline 0 -22"><span class='ocrx_word' id='word_1_682' title='bbox 2396 5201 2490 5254; x_wconf 77' lang='grc' dir='ltr'><strong>καὶ</strong></span> <span class='ocrx_word' id='word_1_683' title='bbox 2519 5204 2581 5253; x_wconf 86' lang='grc' dir='ltr'><strong>ού</strong></span> <span class='ocrx_word' id='word_1_684' title='bbox 2613 5201 2921 5270; x_wconf 80' lang='grc' dir='ltr'><strong>διεξάγεται</strong></span> <span class='ocrx_word' id='word_1_685' title='bbox 2945 5206 3022 5264; x_wconf 87' lang='grc' dir='ltr'><strong>είς</strong></span> <span class='ocrx_word' id='word_1_686' title='bbox 3051 5204 3201 5268; x_wconf 85' lang='grc' dir='ltr'><strong>τέλος</strong></span> <span class='ocrx_word' id='word_1_687' title='bbox 3243 5209 3447 5276; x_wconf 72' lang='grc' dir='ltr'><strong>κρῖμασ</strong></span> <span class='ocrx_word' id='word_1_688' title='bbox 3487 5223 3508 5256; x_wconf 75' lang='grc' dir='ltr'><strong>ι</strong></span> <span class='ocrx_word' id='word_1_689' title='bbox 3545 5205 3902 5274; x_wconf 83' lang='grc' dir='ltr'><strong>ἀποκρίνεται</strong></span> <span class='ocrx_word' id='word_1_690' title='bbox 3935 5206 3963 5254; x_wconf 80' lang='grc' dir='ltr'><strong>ὁ</strong></span> 
     </span>
    </p>
   </div>
   <div class='ocr_carea' id='block_1_108' title="bbox 730 5289 2286 5359">
    <p class='ocr_par' dir='ltr' id='par_1_108' title="bbox 730 5289 2286 5359">
     <span class='ocr_line' id='line_1_108' title="bbox 730 5289 2286 5359; baseline 0.001 -17"><span class='ocrx_word' id='word_1_691' title='bbox 730 5290 994 5343; x_wconf 81' lang='lat' dir='ltr'><strong>adversus</strong></span> <span class='ocrx_word' id='word_1_692' title='bbox 1036 5291 1243 5359; x_wconf 77' lang='lat' dir='ltr'><strong>justum</strong></span> <span class='ocrx_word' id='word_1_693' title='bbox 1296 5308 1310 5343; x_wconf 90' lang='lat'><strong>:</strong></span> <span class='ocrx_word' id='word_1_694' title='bbox 1345 5300 1398 5344; x_wconf 91' lang='lat' dir='ltr'><strong>et</strong></span> <span class='ocrx_word' id='word_1_695' title='bbox 1445 5306 1554 5344; x_wconf 89' lang='lat' dir='ltr'><strong>non</strong></span> <span class='ocrx_word' id='word_1_696' title='bbox 1582 5290 1830 5344; x_wconf 86' lang='lat' dir='ltr'><strong>educitur</strong></span> <span class='ocrx_word' id='word_1_697' title='bbox 1865 5292 1919 5342; x_wconf 91' lang='lat' dir='ltr'><strong>in</strong></span> <span class='ocrx_word' id='word_1_698' title='bbox 1954 5289 2112 5344; x_wconf 77' lang='lat' dir='ltr'><strong>linem</strong></span> <span class='ocrx_word' id='word_1_699' title='bbox 2142 5291 2286 5359; x_wconf 88' lang='lat' dir='ltr'><strong>judi-</strong></span> 
     </span>
    </p>
   </div>
   <div class='ocr_carea' id='block_1_109' title="bbox 731 5381 2286 5451">
    <p class='ocr_par' dir='ltr' id='par_1_109' title="bbox 731 5381 2286 5451">
     <span class='ocr_line' id='line_1_109' title="bbox 731 5381 2286 5451; baseline 0.002 -17"><span class='ocrx_word' id='word_1_700' title='bbox 731 5383 910 5445; x_wconf 86' lang='lat' dir='ltr'><strong>cium;</strong></span> <span class='ocrx_word' id='word_1_701' title='bbox 951 5401 968 5432; x_wconf 71' lang='grc' dir='ltr'><strong>ι</strong></span> <span class='ocrx_word' id='word_1_702' title='bbox 1002 5383 1296 5451; x_wconf 88' lang='lat' dir='ltr'><strong>respondet</strong></span> <span class='ocrx_word' id='word_1_703' title='bbox 1345 5381 1484 5437; x_wconf 80' lang='lat' dir='ltr'><strong>Deus</strong></span> <span class='ocrx_word' id='word_1_704' title='bbox 1508 5382 1902 5451; x_wconf 67' lang='lat' dir='ltr'><strong>praenuntiatus,</strong></span> <span class='ocrx_word' id='word_1_705' title='bbox 1934 5398 2053 5449; x_wconf 68' lang='lat' dir='ltr'><strong>quae</strong></span> <span class='ocrx_word' id='word_1_706' title='bbox 2077 5385 2286 5437; x_wconf 82' lang='lat' dir='ltr'><strong>obven-</strong></span> 
     </span>
    </p>
   </div>
   <div class='ocr_carea' id='block_1_110' title="bbox 730 5473 2284 5543">
    <p class='ocr_par' dir='ltr' id='par_1_110' title="bbox 730 5473 2284 5543">
     <span class='ocr_line' id='line_1_110' title="bbox 730 5473 2284 5543; baseline 0.003 -20"><span class='ocrx_word' id='word_1_707' title='bbox 730 5480 863 5524; x_wconf 70' lang='lat' dir='ltr'><strong>tura:</strong></span> <span class='ocrx_word' id='word_1_708' title='bbox 889 5483 1041 5525; x_wconf 89' lang='lat' dir='ltr'><strong>erant</strong></span> <span class='ocrx_word' id='word_1_709' title='bbox 1075 5474 1272 5539; x_wconf 83' lang='lat' dir='ltr'><strong>injuste</strong></span> <span class='ocrx_word' id='word_1_710' title='bbox 1292 5474 1578 5543; x_wconf 80' lang='lat' dir='ltr'><strong>agentibus</strong></span> <span class='ocrx_word' id='word_1_711' title='bbox 1596 5473 1956 5528; x_wconf 86' lang='lat' dir='ltr'><strong>calamitates.</strong></span> <span class='ocrx_word' id='word_1_712' title='bbox 1988 5473 2284 5543; x_wconf 84' lang='lat' dir='ltr'><strong>thuidem</strong></span> 
     </span>
    </p>
   </div>
   <div class='ocr_carea' id='block_1_111' title="bbox 2393 5291 3966 5362">
    <p class='ocr_par' dir='ltr' id='par_1_111' title="bbox 2393 5291 3966 5362">
     <span class='ocr_line' id='line_1_111' title="bbox 2393 5291 3966 5362; baseline -0.002 -19"><span class='ocrx_word' id='word_1_713' title='bbox 2393 5292 2548 5356; x_wconf 81' lang='grc' dir='ltr'><strong>Θεὸς,</strong></span> <span class='ocrx_word' id='word_1_714' title='bbox 2572 5294 2689 5354; x_wconf 60' lang='grc' dir='ltr'><strong>,τοῖς</strong></span> <span class='ocrx_word' id='word_1_715' title='bbox 2726 5291 2972 5344; x_wconf 74' lang='grc' dir='ltr'><strong>ἀδικοῦσι</strong></span> <span class='ocrx_word' id='word_1_716' title='bbox 3020 5295 3114 5356; x_wconf 79' lang='grc' dir='ltr'><strong>τάς</strong></span> <span class='ocrx_word' id='word_1_717' title='bbox 3141 5295 3424 5362; x_wconf 65' lang='grc' dir='ltr'><strong>,ἐσομένας</strong></span> <span class='ocrx_word' id='word_1_718' title='bbox 3471 5292 3754 5361; x_wconf 72' lang='grc' dir='ltr'><strong>συμφοράς</strong></span> <span class='ocrx_word' id='word_1_719' title='bbox 3800 5307 3966 5358; x_wconf 71' lang='grc' dir='ltr'><strong>προαο</strong></span> 
     </span>
    </p>
   </div>
   <div class='ocr_carea' id='block_1_112' title="bbox 2397 5381 3967 5453">
    <p class='ocr_par' dir='ltr' id='par_1_112' title="bbox 2397 5381 3967 5453">
     <span class='ocr_line' id='line_1_112' title="bbox 2397 5381 3967 5453; baseline -0.002 -18"><span class='ocrx_word' id='word_1_720' title='bbox 2397 5383 2747 5450; x_wconf 87' lang='grc' dir='ltr'><strong>παγγέλλων’</strong></span> <span class='ocrx_word' id='word_1_721' title='bbox 2790 5384 3066 5453; x_wconf 82' lang='grc' dir='ltr'><strong>θαυμάσια</strong></span> <span class='ocrx_word' id='word_1_722' title='bbox 3120 5385 3175 5437; x_wconf 84' lang='grc' dir='ltr'><strong>δὲ</strong></span> <span class='ocrx_word' id='word_1_723' title='bbox 3223 5385 3388 5452; x_wconf 87' lang='grc' dir='ltr'><strong>λέγει,</strong></span> <span class='ocrx_word' id='word_1_724' title='bbox 3425 5385 3492 5437; x_wconf 76' lang='grc' dir='ltr'><strong>τὰ</strong></span> <span class='ocrx_word' id='word_1_725' title='bbox 3533 5385 3712 5444; x_wconf 73' lang='grc' dir='ltr'><strong>αὐτοῖς</strong></span> <span class='ocrx_word' id='word_1_726' title='bbox 3749 5381 3967 5450; x_wconf 66' lang='grc' dir='ltr'><strong>συμδήε</strong></span> 
     </span>
    </p>
   </div>
   <div class='ocr_carea' id='block_1_113' title="bbox 2399 5471 3968 5546">
    <p class='ocr_par' dir='ltr' id='par_1_113' title="bbox 2399 5471 3968 5546">
     <span class='ocr_line' id='line_1_113' title="bbox 2399 5471 3968 5546; baseline -0.003 -21"><span class='ocrx_word' id='word_1_727' title='bbox 2399 5474 2584 5527; x_wconf 80' lang='grc' dir='ltr'><strong>σεσθαι</strong></span> <span class='ocrx_word' id='word_1_728' title='bbox 2611 5473 2890 5543; x_wconf 81' lang='grc' dir='ltr'><strong>μέλλοντα.</strong></span> <span class='ocrx_word' id='word_1_729' title='bbox 2921 5475 3108 5529; x_wconf 84' lang='grc' dir='ltr'><strong>Ταῦτα</strong></span> <span class='ocrx_word' id='word_1_730' title='bbox 3135 5476 3211 5540; x_wconf 86' lang='grc' dir='ltr'><strong>δέ,</strong></span> <span class='ocrx_word' id='word_1_731' title='bbox 3246 5477 3400 5546; x_wconf 70' lang='grc' dir='ltr'><strong>φησὶ,</strong></span> <span class='ocrx_word' id='word_1_732' title='bbox 3424 5473 3658 5527; x_wconf 76' lang='grc' dir='ltr'><strong>τοσαῦτα</strong></span> <span class='ocrx_word' id='word_1_733' title='bbox 3691 5473 3783 5523; x_wconf 65' lang='grc' dir='ltr'><strong>καὶ</strong></span> <span class='ocrx_word' id='word_1_734' title='bbox 3815 5471 3968 5539; x_wconf 75' lang='grc' dir='ltr'><strong>τηλιο</strong></span> 
     </span>
    </p>
   </div>
   <div class='ocr_carea' id='block_1_114' title="bbox 1917 5654 2792 5721">
    <p class='ocr_par' dir='ltr' id='par_1_114' title="bbox 1917 5654 2792 5721">
     <span class='ocr_line' id='line_1_114' title="bbox 1917 5654 2792 5721; baseline 0.007 -7"><span class='ocrx_word' id='word_1_735' title='bbox 1917 5654 2118 5715; x_wconf 68' lang='grc' dir='ltr'><strong>νοτία)</strong></span> <span class='ocrx_word' id='word_1_736' title='bbox 2151 5655 2454 5717; x_wconf 85' lang='lat' dir='ltr'><strong>lectiones</strong></span> <span class='ocrx_word' id='word_1_737' title='bbox 2502 5663 2560 5716; x_wconf 86' lang='lat' dir='ltr'><strong>ct</strong></span> <span class='ocrx_word' id='word_1_738' title='bbox 2606 5665 2792 5721; x_wconf 63' lang='lat' dir='ltr'><strong>notos.</strong></span> 
     </span>
    </p>
   </div>
   <div class='ocr_carea' id='block_1_115' title="bbox 811 5751 1606 5824">
    <p class='ocr_par' dir='ltr' id='par_1_115' title="bbox 811 5751 1606 5824">
     <span class='ocr_line' id='line_1_115' title="bbox 811 5751 1606 5824; baseline 0.005 -20"><span class='ocrx_word' id='word_1_739' title='bbox 811 5753 852 5784; x_wconf 77' lang='grc'><strong>’⁸</strong></span> <span class='ocrx_word' id='word_1_740' title='bbox 887 5751 1318 5824; x_wconf 70' lang='grc' dir='ltr'><strong>ἐνανθρωπήσει.</strong></span> <span class='ocrx_word' id='word_1_741' title='bbox 1398 5755 1438 5786; x_wconf 80' lang='grc'><strong>¹⁹</strong></span> <span class='ocrx_word' id='word_1_742' title='bbox 1480 5754 1606 5823; x_wconf 79' lang='grc' dir='ltr'><strong>γάρ.</strong></span> 
     </span>
    </p>
   </div>
  </div>
