4164 6444
760 406 857 466 9η

1718 400 1791 457 'l'l
1805 401 1819 455 l
1831 397 2023 455 EUl’ll
2038 398 2072 454 Υ
2083 398 2289 454 [ΛΟΜ

2435 398 2735 455 LUAHUE
2770 401 3122 458 :iliClllEl’.
3891 407 3999 470 9ἷῖ

760 517 912 572 stris.
953 534 969 564 ι
1015 513 1105 570 Isti
1140 522 1319 568 autem
1358 527 1467 566 non
1501 511 1677 566 solum
1704 524 1799 563 cos
1838 524 1943 562 non
1974 513 2319 575 receperunt,

2427 509 2522 558 οὐκ
2552 507 2821 573 ἐδέξαντο,
2866 510 2999 563 ἀλλά
3038 512 3130 563 καὶ
3163 513 3453 581 ἀπήλασαν
3492 515 3692 576 αὐτοὺς
3740 517 3850 567 ἀπὸ
3890 534 4000 572 των

760 608 852 661 sed
876 606 1036 661 etiam
1078 605 1356 676 cjecerunt
1400 604 1468 658 de
1520 603 1719 656 finibus
1764 600 1919 663 suis;
1984 598 2129 666 quod
2170 597 2323 664 pejus

760 708 861 754 est.
890 698 1008 753 Non
1041 701 1149 752 vult
1183 698 1366 766 itaque
1399 696 1687 756 Dominus,
1738 701 1795 745 ut
1832 689 2087 760 discipuli
2124 689 2208 743 sui
2243 688 2324 741 vel

763 792 1036 860 pulverem
1072 791 1124 842 in
1157 789 1386 856 pedibus
1427 786 1543 840 suis
1585 785 1824 838 habeam
1881 798 1944 836 ex
1981 790 2126 835 terra
2152 780 2321 833 homi-

763 897 890 936 num
925 881 1241 949 impiorum,
1269 888 1326 933 ut
1352 879 1433 932 sic
1466 876 1821 929 ostenderent
1882 890 1941 928 se
1978 873 2117 927 nihil
2141 872 2211 926 ab
2244 873 2326 926 in-

762 973 1011 1025 tidelibus
1040 980 1350 1041 reportasse
1388 966 1764 1023 emolumenti.
1799 963 1894 1017 Est
1931 973 2110 1018 autem
2141 964 2324 1033 pulvis

756 1056 1063 1132 symbolum
1119 1062 1341 1126 laboris,
1400 1075 1559 1130 quem
1624 1061 1839 1113 illorum
1887 1071 2054 1113 causa
2119 1056 2326 1127 pertule

759 1164 904 1208 I'lllll.

1385 1260 1688 1317 TEXTUS.

826 1356 961 1418 XIV,
995 1356 1049 1418 5,
1081 1356 1134 1410 6.
1166 1354 1300 1411 Cum
1326 1363 1504 1408 autem
1550 1354 1725 1407 factus
1774 1360 1919 1406 esset
1945 1352 2180 1421 impetus
2200 1365 2328 1420 gen-

753 1447 926 1501 tilium
957 1457 1011 1501 et
1053 1447 1364 1501 Judaeorum
1399 1462 1521 1501 cum
1549 1445 1889 1515 principibus
1918 1444 2053 1507 suis,
2090 1450 2149 1497 ut
2191 1456 2326 1497 con—

753 1539 987 1594 tumeliis
1035 1538 1307 1593 allicerent
1335 1547 1388 1593 et
1420 1537 1726 1607 lapidarcnt
1755 1551 1874 1600 eos,
1939 1533 2325 1605 intelligentes,

1070 1630 1227 1684 Feria
1260 1632 1294 1685 4
1348 1629 1705 1684 hebdomadas
1760 1628 1987 1698 quintae.

829 1722 1212 1792 Confugerunt
1256 1722 1538 1807 (apostoli)
1586 1723 1651 1776 ad
1703 1722 1954 1776 civitates
2012 1719 2324 1790 Lycaoniae,

2425 600 2589 669 ὁρίων
2624 601 2824 666 αὐτῶν,
2855 603 2989 672 ὅπερ
3019 604 3135 655 ἐστὶ
3178 605 3379 673 χεῖρον.
3415 605 3549 656 οὐδὲ
3580 605 3686 673 γὰρ
3722 611 4000 675 κονιορτ“ιν

2427 691 2569 742 θέλει
2595 689 2740 763 ἔχειν
2770 694 2798 744 ὁ
2838 692 3043 762 Κύριος
3068 696 3195 756 τοὺς
3237 693 3480 763 μαθητὰς
3515 695 3607 746 ἐπὶ
3648 694 3754 749 τῶν
3820 698 4002 749 ποδῶν

2426 784 2489 834 ἐκ
2528 783 2626 851 τῆς
2655 784 2764 837 τῶν
2790 786 3023 838 ἀνοσίων
3069 785 3375 856 ἀνθρώπων
3418 786 3544 856 γῆς,
3575 786 3885 849 δεικνύντες
3914 790 4004 841 διὰ

2426 872 2640 939 τούτου,
2670 874 2752 926 ὃτι
2784 875 2933 939 οὐδὲν
2963 875 3289 944 ἐκομίσαντο
3310 875 3417 929 ἀπὸ
3448 877 3557 929 τῶν
3587 878 3850 931 ἀπειθῶν.
3884 881 4005 930 Δεῖ-

2426 983 2541 1035 γμα
2575 967 2630 1018 δὲ
2659 970 2804 1020 ἐστιν
2832 970 2861 1019 ό
2889 968 3163 1037 κονιορτὸς
3190 970 3285 1021 τοῦ
3316 969 3486 1022 κόπου
3513 969 3571 1021 ὃν
3600 969 3906 1041 ὑπέμειναν
3934 972 4003 1025 δι’

2427 1056 2644 1120 αὐτούς.

3020 1258 3409 1315 ΚΕΙΜΕΝΟΝ.

2513 1344 2600 1408 Ὠς
2629 1347 2686 1399 δέ
2730 1348 2947 1414 ἐγένετο
2980 1352 3124 1420 ὁρμὴ
3171 1349 3279 1404 τῶν
3317 1350 3488 1404 ἐθνῶν
3518 1367 3577 1403 τε
3610 1350 3705 1403 καὶ
3727 1350 4007 1403 Ἰουδαίον

2427 1438 2525 1490 σὺν
2560 1440 2676 1502 τοῖς
2709 1440 2967 1509 ἄρχουσιν
3005 1442 3186 1495 αὐτῶν
3236 1441 3459 1513 ὑϐρίσαι
3516 1443 3610 1496 καὶ
3656 1441 4005 1512 λιθοϐολῆσαι

2428 1531 2648 1596 αὐτοὺς,
2683 1531 3005 1599 συνιδόντες,

2792 1624 2871 1694 Τῇ
2900 1624 2941 1677 δ’
2982 1625 3079 1694 τῆς
3110 1626 3659 1697 Μεσοπεντηκοστῆς.

2505 1717 2828 1785 Κατέφυγον
2859 1717 2909 1769 οῖ
2937 1718 3225 1773 ἀπόστολοι
3251 1720 3536 1791 Βαρνάϐας
3555 1722 3649 1775 καὶ
3676 1720 3885 1783 Παῦλος
3924 1723 4006 1783 εἰς

754 1817 999 1886 Lystram
1031 1825 1086 1869 et
1118 1806 1352 1879 Derben,
1373 1822 1425 1868 et
1458 1814 1770 1867 universam
1804 1814 1858 1867 in
1887 1813 2324 1882 circuituregio-

2428 1806 2526 1868 τὰς
2561 1808 2742 1870 πόλεις
2775 1811 2874 1879 τῆς
2919 1810 3247 1876 Λυκαονίας,
3300 1814 3573 1883 Λύστραν,
3627 1817 3722 1867 καὶ
3768 1814 4004 1883 Δέρϐην,

754 1924 897 1973 nem,
927 1916 979 1961 et
1012 1907 1081 1961 ibi
1107 1907 1542 1977 evangelizantes
1569 1914 1753 1961 erant.

1248 2018 1819 2074 COMMENTARIUS.

818 2112 1205 2166 Adnotandum
1234 2112 1338 2166 hoc
1369 2113 1505 2177 loco,
1554 2127 1661 2166 non
1697 2118 1953 2180 oportere
1995 2125 2096 2164 nos
2140 2111 2192 2164 in
2226 2127 2317 2181 pc-

752 2204 925 2258 vicula
955 2204 1267 2271 conjicere,
1330 2202 1424 2255 sed
1483 2203 1682 2270 potius,
1732 2202 1777 2256 si
1817 2215 1955 2270 opus
2014 2199 2201 2264 fuerit,
2255 2202 2323 2254 ad

752 2305 966 2365 tempus
1002 2296 1186 2364 fugere
1222 2312 1236 2359 ;
1267 2295 1710 2364 quandoquidem
1738 2301 1792 2346 et
1818 2293 1992 2347 nostri
2046 2293 2318 2363 coryphazi

752 2390 822 2439 ita
858 2387 1109 2441 fecerunt
1143 2427 1155 2448 ,
1194 2388 1395 2456 quippe
1416 2387 1508 2455 qui
1564 2387 1817 2439 volebant
1847 2385 2318 2454 praedicationem,

750 2478 993 2544 quandiu
1026 2490 1267 2543 congrue
1302 2474 1419 2529 ﬁeri
1444 2483 1674 2544 poterat,
1709 2476 2024 2536 extendere,
2053 2484 2107 2528 et
2137 2489 2322 2543 perse-

753 2566 1064 2619 cutionibus
1094 2566 1278 2635 potius
1309 2566 1523 2635 augeri.

1236 2678 1396 2747 233
1436 2675 1659 2730 CAPUT
1696 2674 1833 2728 χχι.

748 2770 826 2825 De
852 2769 1040 2825 claudo
1071 2786 1103 2823 a
1136 2772 1413 2823 nativitate
1437 2767 1643 2836 Lystris
1668 2778 1858 2820 sanato
1909 2768 1973 2818 ab
2010 2767 2265 2835 apostolis
2302 2783 2323 2822 :

822 2863 1160 2928 quamobrem
1194 2862 1267 2913 dii
1302 2862 1341 2913 ii
1367 2876 1478 2914 esse
1510 2870 1556 2912 et
1597 2861 1907 2927 apparuisse
1933 2860 2031 2911 risi
2058 2867 2178 2911 sunt
2212 2859 2313 2912 loci

816 2953 962 3006 illius
999 2952 1406 3006 habitatoribus.

1377 3062 1679 3117 TEXTL'S.

818 3155 955 3219 XIV,
987 3156 1143 3209 7-17.
1170 3154 1234 3207 Et
1274 3154 1492 3222 quidam
1530 3154 1612 3206 \ir
1642 3154 1856 3223 Lystris
1887 3154 2137 3207 infirmus
2168 3150 2318 3221 pedi-
2350 3187 2394 3246 ο

749 3252 849 3301 bus
877 3248 1125 3310 sedebat,
1148 3242 1375 3301 claudus
1397 3261 1462 3299 ex
1491 3253 1645 3299 ntero
1671 3246 1860 3299 matris
1894 3261 2026 3309 suae,
2055 3244 2147 3313 qui
2183 3260 2324 3297 nun-

750 3353 913 3407 quam
945 3338 1340 3391 atnlmlaverat.
1372 3336 1472 3390 Hie
1490 3336 1697 3390 audivit
1730 3335 1958 3389 Paulum
1992 3337 2321 3406 loquentem.

751 3428 854 3493 Qui
886 3430 1119 3483 intuitus
1149 3438 1365 3494 eum,et
1390 3428 1604 3492 videns,
1641 3429 1766 3496 quia
1803 3426 1961 3481 [idem
1995 3428 2237 3491 haberet,
2267 3436 2326 3481 ut

746 3520 943 3582 salvus,
965 3519 1139 3581 fieret,
1168 3518 1306 3573 dixit
1336 3533 1527 3587 magna
1563 3533 1692 3572 voce
1729 3534 1742 3569 :
1776 3517 1946 3587 Surge
1978 3533 2140 3586 super
2158 3519 2324 3587 pedes

748 3620 876 3663 tuos
911 3617 1113 3663 rectus.
1143 3608 1208 3661 Et
1230 3608 1537 3663 exsilivitet
1560 3607 1894 3661 ambulabat.
1920 3606 2117 3661 Turbze
2142 3615 2323 3662 autem

746 3718 870 3755 cum
903 3702 1167 3756 vidissent
1203 3700 1348 3770 quod
1382 3699 1592 3754 fecerat
1623 3699 1845 3763 Paulus,
1884 3700 2200 3754 levaverunt
2222 3715 2320 3753 vo-

747 3809 866 3847 cem
898 3808 1075 3857 suam,
1140 3790 1444 3861 Lycaoniee
1473 3791 1718 3845 dicentes
1748 3808 1761 3843 :
1798 3790 1883 3843 Dii
1935 3790 2143 3844 similes
2195 3788 2321 3842 facti

750 3883 1061 3937 hominibus
1100 3882 1500 3937 descenderunt
1529 3882 1596 3934 ad
1627 3896 1747 3934 nos.
1796 3882 1862 3933 Et
1897 3880 2165 3933 vocabant
2194 3878 2324 3934 Bar»

750 3974 946 4027 nabam
981 3970 1193 4037 Jovem,
1228 3972 1453 4027 Paulum
1477 3985 1605 4025 vero
1638 3970 1994 4037 Mercurium,
2062 3971 2321 4041 quoniam

751 4066 866 4132 ipse
908 4073 1025 4117 erat
1063 4064 1173 4117 dux
1208 4065 1378 4118 verbi.
1436 4062 1708 4117 Sacerdos
1756 4077 1974 4131 quoque
2022 4061 2197 4122 lovis,
2228 4063 2321 4131 qui

749 4161 869 4205 crat
899 4164 1025 4206 ante
1055 4153 1358 4216 civitatem,
1392 4159 1581 4205 tauros
1615 4162 1667 4203 ct
1700 4166 1934 4204 COI'OII'JS
1962 4161 2088 4204 ante
2124 4150 2325 4218 januas

750 4242 1006 4306 afl'erens,
1067 4256 1191 4295 cum
1257 4240 1471 4309 populis
1519 4240 1735 4293 volebat
1783 4241 2118 4293 sacrificare.
2168 4239 2323 4304 Quod

750 4331 840 4384 ubi
884 4332 1176 4385 audierunt
1230 4330 1485 4399 apostoli,
1543 4328 1818 4383 Barnabas
1848 4338 1901 4382 et
1936 4329 2155 4393 Paulus,
2193 4320 2325 4383 con-

748 4422 939 4475 scissis
970 4420 1174 4473 tunicis
1206 4420 1321 4473 suis
1353 4419 1679 4473 exsilierunt
1702 4421 1755 4471 in
1785 4420 1997 4477 turbas.
2021 4421 2325 4473 clamantes

2431 1895 2522 1948 καὶ
2552 1896 2651 1965 τὴν
2690 1896 2994 1969 περίχωρον
3015 1915 3029 1928 ⁸
3071 1900 3235 1954 κάκεῖ
3258 1898 3401 1972 ἦσαν
3434 1902 3934 1972 εὐαγγελιζόμενοι.

3028 2011 3406 2065 ΕΡΜΗΝΕΙΛ.

2496 2101 2859 2170 Σημειωτέον,
2907 2103 2988 2156 ὅτι
3038 2104 3099 2156 οὐ
3149 2104 3232 2156 δεῖ
3287 2105 3634 2175 ἐπερῤίπτειν
3687 2108 3834 2177 ἡμᾶς
3890 2110 4007 2169 τοῖς

2427 2192 2727 2256 κινδύνοις,
2765 2194 2879 2248 ἀλλ’
2928 2195 2977 2246 ei
3007 2196 3142 2261 δέοι,
3190 2198 3283 2249 καὶ
3317 2198 3539 2266 φεύγειν
3588 2199 3726 2269 πρὸς
3773 2200 4004 2269 καιρόν·

2425 2285 2518 2336 καὶ
2547 2283 2656 2338 τῶν
2688 2286 3003 2355 κορυφαίων
3033 2288 3195 2341 τοῦτο
3238 2292 3556 2353 ποιούντων,
3588 2291 3779 2359 ὥσπερ
3813 2293 3989 2360 enim»

2426 2377 2512 2440 δες
2566 2380 2806 2433 ἐκτεῖναι
2862 2380 3180 2450 βουλόμενοι
3220 2383 3280 2434 τὸ
3315 2385 3597 2453 κήρυγμα,
3634 2384 3727 2437 καὶ
3775 2383 3864 2437 διὰ
3895 2385 4006 2437 τῶν

2427 2468 2683 2538 διωγμῶν
2710 2471 2913 2540 μᾶλλον
2947 2472 3298 2537 αὐξάνεσθαι.

3016 2676 3262 2728 ΚΕΦΛΛ.
3305 2675 3433 2729 ΚΝ.

2427 2762 2564 2828 Περὶ
2602 2760 2706 2814 τοῦ
2748 2762 2814 2815 ἐν
2842 2768 3137 2833 Λύστροις
3156 2764 3225 2817 ἐκ
3261 2764 3508 2834 γενετῆς
3552 2767 3753 2834 χωλοῦ
3785 2754 4003 2821 ῑαθέν-

2498 2869 2601 2918 τος
2630 2852 2727 2906 διὰ
2756 2853 2874 2908 τῶν
2905 2855 3287 2919 ἀποστόλων,
3316 2853 3522 2924 διόπερ
3567 2854 3725 2911 εἶναι
3779 2875 3843 2912 τε
3880 2861 4007 2913 θεοὶ

2500 2945 2597 2998 καὶ
2629 2946 2902 3014 παρεῖναι
2927 2947 3149 3012 ἔδοξαν
3183 2950 3306 3015 τοῖς
3334 2951 3659 3019 ἐγχωρίοις.

3018 3061 3402 3115 KEIMENON.

2498 3153 2608 3205 Καί
2668 3170 2748 3215 τις
2807 3154 2945 3224 ἀνὴρ
2985 3155 3041 3206 ἐν
3068 3154 3333 3224 Λύστροις
3385 3155 3645 3218 ἀδύνατος
3676 3158 3789 3219 τοῖς
3819 3158 4006 3221 ποσὶν,

2429 3242 2685 3312 ἐκάθητο,
2724 3243 2894 3312 χωλὸς
2919 3246 2984 3297 ἐκ
3012 3245 3220 3307 κοιλίας
3277 3246 3485 3313 μητρὸς
3514 3246 3679 3299 αὑτοῦ
3713 3247 4007 3317 ὑπάρχων,

2425 3332 2482 3395 ὃς
2503 3332 2760 3386 οὐδέποτε
2784 3337 3276 3405 περιεπεπατήκει.
3296 3329 3466 3397 Οὗτος
3501 3336 3699 3407 ἤκουσε
3728 3337 3823 3389 τοῦ
3853 3339 4009 3391 Παύ-

2424 3424 2517 3475 λου
2585 3424 2892 3487 λαλοῦντος.
2946 3428 3040 3488 ⁸ος
3088 3427 3338 3490 ἀτενίσας
3390 3429 3559 3498 αὐτῷ,
3606 3430 3696 3482 καὶ
3750 3428 3875 3483 ἰδὼν
3923 3432 4011 3483 ὅτι

2428 3516 2613 3568 πίστιν
2670 3517 2783 3586 ἔχει
2840 3518 2935 3571 τοῦ
2991 3518 3253 3587 σωθῆναι,
3288 3515 3408 3572 εἶπε
3471 3521 3679 3590 μεγάλῃ
3703 3524 3769 3591 τῇ
3807 3524 4008 3592 φωνῇ’

2427 3607 2514 3658 Σοὶ
2546 3607 2689 3675 λέγω
2712 3607 2793 3678 Ῑέν
2822 3608 2901 3678 τῷ
2933 3610 3159 3678 ὀνόματι
3189 3609 3283 3663 τοῦ
3319 3612 3524 3681 Κυρίου
3567 3611 3765 3683 Ἰησοῦ]
3794 3653 3809 3676 ,
3869 3614 4002 3666 ἀνέ-

2429 3699 2585 3768 στηθι
2653 3701 2744 3753 ἐπὶ
2796 3701 2923 3763 τοὺς
2978 3701 3145 3765 πόδας
3193 3718 3285 3755 σου
3342 3703 3519 3771 ὀρθός.
3551 3704 3660 3757 Καὶ
3685 3704 3880 3774 ἥλλετο
3907 3706 4012 3759 καὶ

2428 3790 2768 3856 περιεπάτει.
2803 3792 2865 3841 Οἱ
2894 3788 2949 3842 δέ
2977 3790 3123 3859 δχλοι
3154 3790 3353 3858 ἰδόντες
3374 3791 3400 3841 ὅ
3423 3792 3679 3859 ἐποίησεν
3708 3792 3738 3843 ό
3768 3789 4007 3854 Παῦλος,

2427 3880 2639 3948 ἐπῆραν
2667 3880 2765 3947 τὴν
2820 3879 3005 3950 φωνὴν
3042 3880 3221 3932 αὐτῶν
3258 3880 3585 3933 Λυκαονιστὶ
3614 3880 3899 3948 λέγοντες·
3937 3885 4005 3935 0t

2426 3972 2541 4024 θεοὶ
2566 3971 2926 4040 ὁμοιωθέντες
2956 3971 3261 4041 ἀνθρώποις
3297 3971 3610 4041 κατέϐησαν
3641 3973 3780 4042 πρὸς
3810 3973 3968 4041 ἡμᾶς
3992 3992 4009 4006 ·

2427 4062 2656 4116 ἐκάλουν
2684 4079 2743 4113 τε
2776 4064 2863 4114 τὸν
2898 4063 2996 4132 μὲν
3047 4063 3338 4132 Βαρνάϐαν
3388 4064 3507 4126 Δία,
3556 4063 3646 4114 τὸν
3690 4063 3747 4115 δὲ
3790 4063 4012 4117 Παῦλον

2438 4153 2668 4222 Ἐρμῆνο
2698 4154 2884 4223 ἐπειδὴ
2909 4154 3070 4215 αὐτὸς
3097 4150 3166 4221 ἦν
3186 4156 3213 4206 ό
3247 4154 3549 4223 ἡγούμενος
3586 4153 3682 4206 τοῦ
3717 4154 3902 4221 λόγου.
3950 4157 4012 4209 '(t

2427 4242 2483 4293 δὲ
2514 4243 2692 4311 ἱερεὺς
2750 4241 2842 4293 τοῦ
2877 4243 3019 4306 Διὸς,
3064 4241 3160 4293 τοῦ
3191 4243 3345 4305 ὄντος
3379 4242 3486 4312 πρὸ
3518 4242 3616 4311 τῆς
3657 4243 3866 4306 πόλεως
3901 4248 4012 4297 αῦς

2425 4334 2553 4398 τῶν,
2585 4334 2820 4403 ταύρους
2850 4335 2943 4384 καὶ
2974 4334 3262 4402 στέμματα
3288 4335 3379 4385 ἐπὶ
3399 4334 3526 4396 τοὺς
3563 4333 3818 4397 πυλῶνας
3852 4337 4007 4405 ἐνέγο

2428 4443 2548 4487 κας,
2586 4425 2681 4477 σὺν
2730 4428 2839 4487 τοῖς
2890 4424 3067 4494 δχλοις
3127 4425 3286 4494 ἡθελε
3333 4424 3504 4478 θύειν.
3552 4424 3916 4490 Ἀκούσαντες
3948 4429 4010 4480 δε

746 4520 800 4564 et
829 4510 1075 4563 dicentes
1100 4526 1113 4563 :
1149 4506 1285 4570 Viri,
1312 4507 1441 4576 quid
1477 4508 1587 4559 ba3c
1609 4505 1826 4559 facitis?
1850 4505 1914 4558 Et
1938 4522 2035 4559 nos
2060 4510 2318 4561 mortales

2427 4520 2474 4570 οἱ
2497 4518 2784 4570 ἀπόστολοι
2842 4517 3130 4587 Βαρνάϐας
3171 4518 3263 4569 καὶ
3324 4516 3560 4579 Παῦλος,
3597 4516 4010 4587 διαρρήξαντες

751 4616 965 4664 sumus,
998 4600 1207 4654 similes
1232 4600 1385 4653 vobis
1416 4599 1686 4661 homines,
1733 4600 2122 4651 annuntiantes
2166 4598 2319 4651 vobis

751 4692 819 4744 ab
850 4692 932 4744 nis
965 4690 1125 4743 vanis
1155 4691 1399 4743 converti
1453 4689 1518 4742 ad
1572 4687 1741 4742 Deum
1800 4690 2005 4754 vivum,
2050 4690 2141 4758 qui
2194 4689 2322 4743 fecit

752 4782 947 4833 cmlunt
978 4789 1031 4835 et
1062 4788 1258 4833 terram
1290 4786 1343 4833 et
1369 4794 1516 4832 mare
1543 4789 1590 4831 et
1623 4780 1804 4832 omnia
1831 4796 1953 4847 qum
1976 4780 2029 4831 in
2057 4779 2136 4833 eis
2156 4790 2279 4833 sunt
2304 4797 2315 4832 :

750 4877 842 4946 qui
874 4877 927 4929 in
952 4875 1242 4945 praeteritis
1271 4873 1715 4945 generationibus
1733 4874 1952 4927 demisit
1975 4888 2165 4928 omnes
2188 4890 2321 4943 gen-

756 4978 835 5020 tes
864 4964 1069 5034 ingredi
1105 4968 1221 5018 vias
1248 4980 1399 5019 suas.
1434 4964 1500 5017 Et
1531 4964 1751 5032 quidem
1785 4977 1893 5015 non
1926 4964 2046 5015 sine
2077 4964 2324 5017 testimo-

755 5057 845 5110 nio
901 5060 1253 5125 semetipsum
1311 5054 1555 5123 reliquit.
1612 5052 1960 5108 benefaciens
2026 5054 2089 5107 de
2155 5056 2317 5119 cwlo,

753 5149 889 5203 dans
910 5148 1119 5217 pluvias
1147 5159 1198 5199 et
1227 5160 1468 5215 tempora
1506 5145 1808 5206 fructifera,
1854 5145 2083 5213 implens
2113 5146 2236 5199 cibo
2266 5155 2321 5200 et

757 5240 944 5292 laetitia
970 5238 1136 5292 corda
1166 5249 1379 5290 nostra.
1416 5235 1481 5289 Et
1514 5236 1626 5288 haec
1662 5234 1929 5298 dicentes,
1968 5234 2050 5288 vix
2091 5236 2320 5289 sedave-

756 5338 882 5385 runt
908 5332 1113 5393 turbas,
1146 5345 1214 5383 ne
1250 5329 1351 5383 sibi
1378 5328 1745 5381 immolarent.

2425 4603 2492 4656 τὰ
2527 4604 2722 4672 ἱμάτια
2769 4602 2972 4664 αὐτῶν,
3009 4602 3377 4672 εἰσεπήδησαν
3412 4604 3490 4664 εἰς
3533 4602 3626 4654 τὸν
3665 4604 3827 4672 ὄχλον
3866 4606 4009 4674 κράο

2425 4696 2608 4755 ζοντες
2631 4695 2725 4745 καὶ
2752 4694 3020 4761 λέγοντες·
3054 4694 3303 4762 Ἄνδρες,
3333 4694 3386 4745 τί
3424 4693 3593 4745 ταῦτα
3622 4696 3823 4746 ποιεῖτε
3847 4712 3863 4759 ;
3891 4697 4008 4748 Kal.

2427 4786 2586 4855 ἡμεῖς
2604 4784 2955 4852 ὁμοιοπαθεῖς
2986 4785 3111 4852 ὑμῖν
3132 4784 3299 4853 ἐσμεν
3321 4784 3615 4853 ἄνθρωποι,
3647 4785 4009 4852 εὐαγγελιςό⁴

2428 4893 2580 4945 μενοι
2610 4875 2753 4945 ὑμᾶς
2806 4877 2915 4929 ἀπὸ
2939 4878 3145 4928 τούτων
3188 4874 3299 4927 τῶν
3365 4874 3610 4943 ματαίων
3645 4877 4010 4945 ἐπιστρέφειν

2424 4966 2518 5018 ἐπὶ
2553 4967 2645 5019 τὸν
2678 4966 2812 5019 Θεὸν
2838 4967 2929 5019 τὸν
2985 4966 3182 5031 ζῶντα,
3224 4965 3282 5027 ὃς
3323 4964 3545 5035 ἐποίησε
3596 4966 3689 5017 τδν
3740 4967 4007 5035 οὐρα-ιον,

2428 5060 2523 5111 καὶ
2587 5058 2686 5126 τὴν
2752 5057 2878 5125 γῆν,
2913 5058 3005 5110 καί
3067 5056 3160 5127 τὴν
3189 5056 3486 5118 θάλασσαν,
3519 5058 3615 5108 καὶ
3643 5056 3823 5108 πάντα
3845 5058 3916 5109 τὰ
3950 5062 4011 5111 ἐν

2430 5148 2729 5211 αὺτοῖς-ὃς
2782 5151 2840 5200 ἐν
2910 5149 3030 5210 ταῖς
3096 5148 3527 5217 παρῳχημέναις
3587 5149 3800 5212 γενεαῖς
3848 5149 4009 5199 εἴασε

2431 5241 2607 5293 πάντα
2635 5244 2700 5291 τὰ
2737 5239 2861 5306 ἔθνη
2893 5238 3221 5309 πορεύεσθαι
3257 5240 3375 5296 ταῖς
3404 5237 3544 5297 ὁδοῖς
3600 5237 3803 5288 αὐτῶν.
3864 5238 4009 5289 Καί-

2430 5348 2578 5396 τοιγε
2634 5332 2733 5381 οὐκ
2782 5332 3099 5399 ἀμάρτυρον
3129 5330 3319 5381 ἑαυτὸν
3347 5328 3580 5397 ἀφῆκεν,
3625 5328 4006 5395 ἀγαθοποιῶν,

752 5423 1041 5493 οὐρανόθεν
1082 5424 1209 5491 ἡμῖν
1237 5420 1411 5483 διδοὺς
1436 5421 1622 5481 ὑετοὺς
1654 5423 1747 5473 καὶ
1775 5437 2001 5490 καιρους
2027 5421 2435 5492 καρποφόρους,
2460 5424 2749 5492 ἐμπιπλῶν
2784 5422 2989 5492 τροφῆς
3057 5425 3149 5474 καί
3207 5422 3547 5491 εὐφροσύνης
3603 5420 3701 5484 τὰς
3766 5423 4007 5490 καρδίας

753 5512 923 5578 ἡμῖν).
967 5510 1077 5562 Καὶ
1103 5508 1273 5561 ταῦτα
1311 5508 1582 5573 λέγοντες,
1614 5508 1765 5577 μόλις
1797 5510 2146 5561 κατέπαυσαν
2179 5510 2305 5573 τοὺς
2344 5511 2536 5583 ὄχλους
2570 5512 2662 5565 τοῦ
2697 5514 2773 5583 μὴ
2801 5512 2949 5564 θύειν
2975 5513 3176 5573 αὐτοῖς.

1233 5601 1801 5658 COMMENTARIUS.

830 5721 846 5749 ι
893 5699 1198 5753 (ionscissis
1249 5698 1450 5750 tunicis
1478 5698 1613 5751 suis.
1646 5714 1665 5746 ι
1698 5695 1814 5751 Mos
1834 5704 1951 5749 erat
1976 5695 2200 5757 ludatis.
2237 5708 2315 5761 ut,

755 5806 877 5845 cum
905 5788 1267 5859 blaspltemias
1291 5787 1346 5841 in
1376 5786 1541 5839 Deum
1582 5786 1820 5855 prolatas
1846 5786 2118 5851 audirent,
2146 5796 2324 5843 vestes

3024 5608 3396 5660 EPMHNEIA.

2517 5696 2674 5758 Ἔθος
2744 5698 2893 5748 ἐστὶν
2969 5697 3243 5758 Ἰουδαίοις
3316 5698 3409 5749 ἐπὶ

2432 5787 2766 5858 δνσφημίαις
2872 5804 2998 5857 περι
3006 5790 3037 5858 ρ
3044 5789 3306 5858 ρηγνὺναι
3402 5789 3469 5841 τὰ

3488 5699 3603 5759 ταῖς
3661 5697 3806 5749 κατὰ
3859 5696 4003 5750 Θεοῦ

3570 5790 3779 5858 ἱμάτια.
3892 5794 4006 5845 Καὶ
