4164 6444
230 365 330 433 973

898 374 1435 433 EXI‘USI'I‘IONIS
1467 373 1547 433 ΙΝ
1583 377 1773 435 ACTA
1803 374 2101 435 TEX'I‘US
2141 379 2481 438 ALTER.“-
2512 384 2667 443 CAP.
2708 386 2857 446 XIV.

3352 391 3474 454 ’97ί

230 484 381 544 γνοὺς
398 483 515 512 ‘°-"
543 484 569 533 ὀ
590 484 843 551 Καϊάφας
859 486 981 536 Υἰῦν
1003 484 1298 537 ὲαυτλντοῦ
1321 484 1455 537 Θεοῦ
1472 482 1693 554 λέγοντα
1715 486 1768 537 τί

1910 486 2352 542 conscindercnt.
2384 488 2563 554 Quare
2602 496 2765 547 etiam
2797 498 3058 567 Caipbas,
3092 507 3149 552 ut
3211 501 3475 557 intellexit

226 572 483 639 Χριστὸν,
524 594 541 623 ι
573 576 903 645 περιέρρηξε
925 576 1023 644 τὴν
1050 576 1271 645 ἐσθῆτα,
1305 596 1322 628 ι
1343 577 1717 647 διακεκραγώς
1741 595 1799 628 τε

225 664 317 713 καὶ
345 684 361 712 ι
390 664 585 729 λέγων,
605 667 684 717 ὅτι
714 667 1150 736 Ἐδυσφήμησε.›
1175 669 1348 722 Τοῦτο
1377 670 1801 740 πεπράχασικαὶ

222 754 268 801 οἰ
298 752 578 805 θεσπέσιοι
610 755 850 825 μαθηταί⁵
876 757 1159 825 Βαρνάϐας
1185 761 1279 810 καὶ
1311 759 1521 823 Παῦλος
1544 759 1796 823 ἐνταῦθα,

223 840 333 891 θεοὶ
364 844 738 910 νομισθέντες,
773 847 881 898 ἀπὸ
909 848 1203 909 διαθέσεως
1248 849 1427 919 ψυχῆς
1455 850 1797 921 ἀποστρεφό-

224 950 373 998 μενει
413 935 478 983 τὰ
516 936 803 1004 γενόμενα,
863 941 958 991 καὶ
1002 940 1232 1002 πένθους
1258 941 1539 1005 ποιοῦντες
1571 945 1793 1012 σημεῖα.

223 1024 425 1083 Πένθος
452 1026 560 1093 γὰρ
588 1023 655 1097 ἦν
694 1030 884 1094 ὅντως,
918 1032 1030 1097 εἴγε
1058 1032 1283 1101 ἔμελλον
1312 1032 1423 1085 θεοὶ
1450 1034 1794 1103 νομίζεσθαι,

221 1117 311 1166 καὶ
380 1117 829 1189 εὶδωλολατρείαν
890 1125 1148 1191 εἰσάγειν,
1180 1128 1244 1194 ἢν
1276 1122 1441 1195 ἦλθον
1492 1127 1795 1181 καταλῦσαι

217 1208 308 1256 καὶ
334 1206 412 1265 εἰς
444 1208 594 1272 τέλος
636 1213 914 1280 ἀφανίσαι.

218 1291 519 1351 Λιυάζὲτὰι
541 1303 781 1369 Παῦλος
793 1305 943 1381 μετᾲ
965 1309 1009 1381 ’ξ
1031 1304 1149 1381 τῷν
1164 1309 1603 1377 ἀστυγειτόνων
1618 1309 1793 1381 [Ἰου-

893 1377 1098 1449 δαίων]
1109 1418 1122 1430 .

808 1468 1199 1522 ΚΕΙΜΕΝΟΝ.

294 1556 564 1625 Ἐπῆλθον
605 1559 663 1611 δὲ
718 1560 827 1612 ἀπὸ
885 1562 1211 1630 Ἀντιοχείας
1263 1564 1355 1613 καὶ
1401 1562 1621 1615 Ἰκονίου
1660 1565 1789 1616 Ἰου-

210 1646 370 1713 δαῖοι,
411 1652 508 1701 καὶ
566 1652 857 1715 πείσαντες
909 1655 1035 1713 τοὺς
1085 1653 1298 1721 ὄχλους,
1332 1654 1427 1707 καὶ
1468 1652 1787 1719 λιθάσαντες

209 1740 300 1790 τὸν
330 1722 566 1807 Παῦλον,
591 1743 785 1812 ἔσυρον
815 1744 921 1809 ἔξω
947 1745 1047 1814 τῆς
1075 1745 1306 1806 πόλεως,
1334 1746 1659 1813 νομίσαντες
1684 1747 1785 1799 a6-

1907 575 2185 631 Cbristum
2216 594 2274 633 se
2300 579 2497 634 Filium
2519 583 2608 637 Dei
2634 585 2888 654 dicere“,
2920 606 2938 639 ι
2961 590 3123 643 scidit
3151 593 3469 647 vestimenta

1906 683 2030 732 sua,
2077 671 2391 728 exclamans
2438 683 2493 728 et
2541 674 2767 731 dicens:
2801 679 3224 748 Blaspbcmavit.
3270 702 3289 735 ›
3328 682 3471 738 Idem

1905 757 2151 814 fecerunt
2175 761 2276 817 hoc
2294 765 2413 819 loco
2440 767 2607 819 etiam
2635 772 2807 823 sancti
2832 770 3106 841 discipuli,
3130 774 3403 839 Barnabas
3424 788 3475 828 rt

1904 847 2126 918 Paulus,
2158 869 2279 907 cum
2320 857 2395 909 dii
2434 859 2902 927 existimarentur,
2951 846 3064 920 toto
3103 868 3268 923 corde
3320 884 3473 923 aver-

1903 954 2087 1000 santes
2138 961 2259 1014 qua:
2310 948 2512 1003 ﬂebant
2562 961 2615 1005 et
2656 954 2879 1033 ‘doloris
2931 960 3084 1026 signa
3118 959 3364 1015 edentes.
3410 961 3476 1014 Et

1901 1038 2120 1103 quidem
2153 1040 2442 1110 lugendum
2464 1051 2604 1107 erat,
2622 1044 2664 1098 si
2688 1045 2763 1098 dii
2796 1063 2981 1101 revera
3006 1051 3178 1118 putati
3205 1050 3430 1105 fuissent
3458 1070 3469 1103 :

1902 1127 1981 1181 sic
2024 1131 2169 1183 enim
2213 1132 2581 1188 idololatriam
2609 1151 2771 1205 quam
2819 1141 3121 1197 dissolvere
3170 1151 3222 1197 et
3258 1145 3473 1213 penitus

1899 1221 2226 1275 exscindere
2258 1234 2538 1291 venerant,
2577 1227 2680 1296 ipsi
2715 1228 3063 1285 induxissent
3081 1242 3135 1286 et
3168 1236 3468 1289 auxissent.

1968 1311 2133 1382 264
2163 1311 2460 1382 Lapidatur
2483 1317 2684 1372 Paulus
2719 1336 2751 1372 a
2789 1317 2997 1374 luditis
3022 1322 3135 1375 urbi
3171 1323 3372 1376 vicinis.

2546 1476 2849 1536 TEXTUS.

1964 1562 2103 1629 XIV,
2137 1566 2319 1622 18-26.
2343 1569 2789 1638 Supervenerunt
2820 1584 3000 1630 autem
3029 1577 3251 1647 quidam
3269 1580 3474 1635 abAn—

1895 1656 2095 1711 tiocbia
2118 1668 2169 1714 et
2191 1659 2371 1715 Iconio
2388 1660 2557 1717 Judaei
2580 1682 2593 1728 ;
2621 1668 2974 1735 etfpersuasis
2995 1670 3193 1738 turbis,
3229 1672 3473 1741 lapidab-

1891 1755 2082 1818 tesque
2101 1749 2347 1815 Paulum,
2365 1761 2652 1811 traxerunt
2666 1769 2818 1811 extra
2835 1758 3134 1826 civitatem,
3149 1766 3470 1818 existiman-

208 1831 300 1881 τὸν
336 1832 613 1889 τεθνάναι.
653 1836 1065 1890 κυκλωσάντων
1094 1837 1153 1889 δὲ
1181 1838 1344 1889 αὑτὸν
1367 1838 1475 1888 τῶν
1500 1838 1777 1907 μαθητῶν,

1891 1850 1972 1894 tes
1996 1857 2119 1895 eum
2152 1852 2424 1898 mortuum
2462 1861 2606 1900 esse.
2631 1847 3115 1906 Circumdantibus
3143 1860 3322 1905 autem
3342 1868 3467 1908 eum

208 1924 452 1985 ἀναστὰς
514 1928 769 1997 εἰσῆλθεν
801 1931 882 1992 είς
933 1932 1033 1998 τὴν
1071 1930 1245 1992 πόλιν,
1278 1931 1371 1983 καὶ
1399 1934 1465 2000 τῇ
1499 1930 1783 2000 ἐπαύριον,

823 2021 1203 2075 ΕΡΜΗΝΕΙΔ.

290 2108 558 2162 Ἐνταῦθα
589 2112 992 2181 πληροῦταιτδ,
1035 2132 1054 2165 ι
1081 2114 1266 2183 Ἀρκεί
1293 2130 1375 2165 σοι
1406 2115 1438 2182 ἡ
1472 2114 1633 2184 χάρις
1655 2132 1781 2185 μου.

220 2196 278 2248 ἸΙ
319 2199 431 2266 γὰρ
452 2199 683 2269 δύναμίς
717 2219 820 2271 μου
847 2204 906 2255 ἑν
938 2204 1196 2274 ἀσθενείᾳ.
1219 2202 1523 2256 τελειοῦται
1547 2244 1561 2268 ,
1588 2224 1606 2255 ι
1648 2206 1784 2275 πρὸς

210 2288 372 2341 αὐτὸν
403 2292 557 2361 παρὰ
576 2292 711 2347 Θεοῦ
739 2297 1053 2366 είρημένον.

665 2385 743 2454 Τῇ
768 2392 808 2438 ε’
827 2388 927 2455 τῆς
951 2395 992 2440 ε’
1012 2389 1326 2460 ἑϐδομάδος.

798 2477 1185 2534 ΚΕΙΜΕΝΟΝ.

284 2559 541 2629 Ἐξῆλθεν
574 2567 600 2616 ὁ
628 2566 837 2629 Παῦλος
866 2571 963 2622 σὶιν
999 2572 1074 2641 τῷ
1097 2573 1354 2643 Βαρνάϐᾳ
1387 2577 1466 2637 εἰς
1526 2577 1763 2650 Δέρϐην.

210 2648 713 2723 Εὖαγγελισὰμενοί
744 2675 802 2710 τε
835 2665 935 2729 τὴν
987 2663 1141 2715 πόλιν
1194 2666 1433 2738 ἐκείνην,
1471 2673 1565 2722 καὶ
1603 2648 1784 2742 μαθη-

206 2737 499 2803 τεύσαντες
554 2746 791 2813 ἱκανοὺς,
851 2749 1197 2820 ὑπέστρεψαν
1254 2758 1335 2820 είς
1382 2761 1783 2834 Λύστρανριαὶ

219 2828 460 2894 Ἰκόνιον,
489 2836 583 2885 καὶ
620 2837 972 2907 Ἀντιόχειαν,
1003 2843 1448 2913 ἐπιστηρίζοντες
1470 2828 1568 2913 τάξ
1600 2853 1780 2923 ψυχας

203 2920 308 2970 τῶν
344 2923 627 2990 μαθητῶν,
663 2928 756 2979 καὶ
802 2932 1252 2999 παρακαλοῦντες
1306 2939 1570 3007 ἐμμένειν
1588 2920 1654 3013 τῇ
1691 2947 1780 2998 πί-

208 3028 342 3077 στει,
378 3018 473 3066 καὶ
500 3016 582 3069 ὅτι
610 3018 701 3071 διὰ
725 3022 936 3075 πολλῶν
960 3023 1191 3093 θλίψεων
1214 3026 1296 3079 δεῖ
1337 3032 1488 3099 ἡμᾶς
1518 3034 1780 3086 εἰσελθεῖν

203 3104 280 3164 εἰς
322 3108 421 3172 τὴν
488 3106 765 3175 βασιλείαν
819 3113 913 3166 τοῦ
961 3114 1116 3169 Θεοῦ.
1187 3119 1685 3191 Χειροτονήσαντες
1720 3128 1775 3181 δὲ

202 3191 385 3257 αὐτοῖς
421 3200 831 3270 πρεσϐυτέρους
883 3206 1003 3258 κατ’
1041 3208 1387 3278 Ἐκκλησίαν,
1419 3216 1509 3266 καὶ
1539 3233 1774 3284 προσευ-

202 3288 426 3355 ξάμενοι
448 3293 586 3358 μετὰ
608 3297 888 3361 νηστειῶν,
919 3300 1221 3367 παρέθεντο
1249 3304 1447 3368 αὐτοὺς
1466 3307 1543 3376 τῷ
1566 3310 1772 3379 Κυρίῳ,

203 3380 277 3439 εἰς
305 3377 367 3431 ὃν
397 3383 878 3439 πεπιστεύκεισαν.
914 3388 1022 3440 Καὶ
1053 3390 1353 3456 διελθόντες
1377 3396 1475 3464 τὴν
1508 3400 1774 3463 Πισιδίαν,

202 3460 364 3533 ἦλθον
391 3470 470 3530 εἰς
504 3473 831 3540 Παμφυλίαν
859 3494 871 3505 ⁸
906 3479 998 3530 καὶ
1016 3481 1346 3551 λαλήσαντες
1384 3460 1443 3537 ὲν
1469 3488 1655 3559 Πέργῃ
1686 3460 1775 3544 τὸν

203 3556 381 3619 λόγον,
438 3562 752 3631 κατέϐησαν
811 3568 888 3629 εἰς
934 3568 1245 3625 Ἀττάλειαν
1299 3592 1315 3606 ο
1370 3579 1623 3632 κάκεῖθεν
1665 3584 1773 3634 ἀπ-

204 3648 473 3700 έπλευσαν
505 3654 584 3711 εἰς
624 3655 973 3727 Ἀντιόχειαν,
1005 3662 1127 3714 ὅθεν
1159 3660 1299 3734 ἦσαν
1350 3670 1775 3741 παραδεδομένοι

198 3742 259 3805 τῇ
289 3740 478 3809 χάριτι
536 3746 631 3797 τοῦ
693 3748 850 3814 Θεοῦ,
907 3754 989 3815 εἰς
1045 3754 1106 3806 τὸ
1173 3740 1771 3832 ἐργονὸὲπλήρῶσαν.

202 3832 641 3904 Παραγενόμενοι
666 3839 744 3902 δὲ,
800 3844 894 3896 καὶ
943 3849 1348 3915 συναγαγόντες
1394 3856 1497 3921 τὴν
1538 3855 1775 3926 Ἐκκλη-

200 3924 342 3987 σίαν,
416 3929 748 3994 ἀνήγγειλαν
796 3934 895 3985 ὅσα
927 3936 1185 4005 ἐποίησεν
1210 3938 1403 4003 αὐτοῖς
1430 3944 1457 3994 ό
1491 3944 1642 4008 Θεὸς,
1679 3952 1772 4001 καὶ

196 4014 276 4065 ὅτι
303 4017 479 4084 ἡνοιξε
506 4020 617 4081 τοῖς
654 4021 829 4088 ἔθνεσι
857 4023 1027 4093 θύραν
1055 4027 1309 4091 πίστεως.

764 4112 1172 4178 _EPMllNElA.

267 4200 365 4252 Δια
438 4202 484 4252 τί
535 4202 592 4253 ἐν
646 4204 859 4275 Κύπρῳ
908 4207 1029 4260 οὐδὲ
1074 4213 1133 4262 ἐν
1176 4211 1465 4286 Σαμαρείᾳ
1502 4218 1771 4289 ἐποίησαν

199 4292 608 4361 πρεσϐυτέρους
653 4299 702 4348 oi
755 4299 1068 4363 ἀπίστολοι,
1134 4304 1249 4355 ἀλλ’
1315 4308 1585 4375 ἐνταῦθας
1646 4312 1769 4365 Ὀτι

202 4385 408 4436 ἐκεῖναι
431 4385 530 4453 μὲν
550 4389 719 4453 ἐγγὺς
738 4384 877 4458 ἦσαν
900 4392 998 4462 τῆς
1014 4393 1324 4468 Ίερουσαλὴ
1333 4417 1371 4468 μ
1386 4403 1604 4470 καὶτῶν
1632 4404 1769 4458 ἀπο-

1890 1933 2201 2002 discipulis,
2238 1950 2473 2006 surgens
2492 1936 2715 1992 intravit
2734 1938 3031 2004 civitatem,
3051 1952 3104 1995 et
3121 1950 3335 2011 postera
3356 1943 3468 2005 die,

2374 2025 2961 2085 COMMENTARIUS.

1963 2111 2224 2183 lmpletur
2250 2113 2341 2168 hic
2384 2114 2516 2169 illud
2568 2133 2598 2170 a
2643 2118 2877 2173 Domino
2928 2118 3097 2175 Paulo
3119 2121 3325 2175 dictum
3368 2125 3414 2155 “
3449 2139 3465 2178 :

1895 2225 1911 2255 ι
1952 2204 2156 2259 Suliicit
2189 2206 2283 2261 tibi
2319 2209 2495 2277 gratia
2551 2223 2670 2263 mea
2709 2227 2723 2263 :
2760 2224 2883 2263 nam
2919 2210 3095 2268 virtus
3144 2214 3463 2268 inlirmitate

1890 2296 2203 2368 perﬁcitur.
2239 2316 2259 2349 ι

2239 2386 2397 2443 Feria
2427 2389 2459 2443 5
2486 2389 2842 2447 hebdomadas
2866 2394 3092 2463 quintae.

2524 2480 2825 2539 TEXTUS.

1960 2573 2247 2629 Proiectus
2281 2583 2365 2629 est
2403 2574 2652 2646 (Paulus)
2683 2591 2808 2630 cum
2834 2575 3085 2632 Barnaha
3130 2578 3186 2633 in
3223 2576 3457 2636 Derben.

1887 2664 2136 2735 Cumque
2163 2666 2634 2737 evangeliznssent
2680 2667 2889 2723 civitati
2930 2670 3032 2738 illi,
3053 2678 3107 2724 et
3139 2671 3459 2729 docuissent

1888 2759 2113 2823 tnnltos,
2140 2757 2349 2814 reversi
2393 2767 2522 2812 sunt
2553 2757 2801 2831 Lystram
2829 2768 2881 2813 et
2910 2760 3149 2814 lconimn
3191 2773 3244 2817 et
3263 2764 3457 2819 Antio-

1884 2848 2086 2910 chiam,
2122 2847 2509 2902 contirmantes
2540 2848 2751 2901 animas
2794 2848 3211 2918 discipulorum,
3253 2854 3455 2908 exhor-

1891 2948 2181 3008 tantesque
2229 2946 2287 2991 ut
2311 2947 2697 3008 permanerent
2717 2938 2768 2992 in
2796 2938 2898 2994 [ide
2930 2957 2943 2993 :
2976 2948 3030 2994 et
3059 2943 3316 3010 quoniam
3363 2960 3459 3014 per

1886 3032 2085 3084 multas
2113 3028 2492 3084 tribulationes
2531 3036 2751 3098 oportet
2784 3045 2884 3085 nos
2910 3031 3111 3086 intrare
3144 3033 3197 3086 in
3227 3046 3455 3103 regnum

1886 3117 2004 3173 Dei.
2036 3119 2101 3171 Et
2132 3131 2258 3171 cum
2287 3116 2706 3171 constituissent
2738 3116 2848 3170 illis
2873 3132 2969 3186 per
3002 3117 3248 3186 singulas
3276 3122 3457 3176 cccleo

1884 3210 1996 3266 sias
2046 3209 2418 3278 presbyteros,
2451 3218 2505 3261 et
2558 3217 2814 3262 orassent
2841 3223 2966 3262 cum
2997 3209 3452 3279 jejunationibus,

1882 3300 2407 3354 commendaverunt
2431 3312 2525 3352 eos
2560 3298 2787 3351 Domino
2812 3299 3052 3368 ingquem
3080 3302 3454 3358 crediderunt.

1883 3393 2364 3461 Transeuntesque
2429 3390 2711 3454 Pisidiam,
2778 3398 3050 3444 venerunt
3091 3392 3143 3445 in
3190 3391 3458 3465 Pampbyo

1882 3484 2007 3534 liam
2043 3495 2057 3531 :
2089 3489 2144 3535 et
2176 3481 2462 3549 loquentes
2504 3480 2728 3532 verbum
2762 3478 2978 3532 Domini
3019 3480 3075 3533 in
3106 3480 3298 3550 Perge,
3356 3484 3454 3537 de-

1883 3572 2217 3626 scenderunt
2248 3572 2301 3623 in
2334 3570 2595 3622 Attaiiam
2630 3587 2644 3623 :
2678 3580 2733 3623 et
2756 3569 2882 3623 inde
2924 3571 3314 3641 navigaverunt
3346 3577 3456 3627 An-

1881 3661 2171 3722 tiochiam,
2217 3661 2363 3714 unde
2394 3671 2555 3713 crant
2596 3658 2783 3712 traditi
2838 3660 3023 3728 gratia:
3069 3661 3184 3727 Dei,
3218 3664 3271 3716 in
3316 3678 3455 3734 epos

1879 3753 2026 3821 quod
2066 3753 2500 3820 compleverunt.
2531 3750 2667 3805 Cum
2718 3760 2901 3804 autem
2932 3753 3209 3809 venissent
3239 3764 3293 3809 et
3320 3772 3449 3811 con-

1878 3838 2201 3915 gregassent
2251 3842 2573 3906 Ecclesiam,
2620 3842 2925 3897 retulerunt
2972 3853 3172 3910 quanta
3235 3846 3450 3902 ίεοὶεειοι

1880 3935 2022 3991 Deus
2051 3950 2174 3991 cum
2216 3936 2347 4001 illis,
2386 3944 2442 3989 et
2471 3935 2600 4003 quia
2632 3935 2941 4004 aperuisset
2964 3937 3223 4004 gentibus
3239 3940 3443 3994 ostium

1879 4026 2028 4082 ﬁdei.

2368 4121 2941 4179 COMMENTARIUS.

1946 4212 2130 4278 Quare
2163 4213 2400 4282 apostoli
2440 4229 2619 4282 neque
2651 4214 2702 4267 in
2733 4212 2936 4283 Cypro,
2970 4230 3146 4284 neque
3173 4216 3229 4270 in
3258 4216 3450 4271 Sama-

1874 4306 1954 4359 ria
1985 4306 2390 4360 constituerunt
2422 4307 2796 4375 presbyteros,
2829 4308 3286 4376 quemadmodum
3349 4311 3451 4364 hoc

1876 4396 1929 4450 in
1954 4393 2401 4460 locoiQnOniam
2441 4396 2547 4450 illa:
2573 4396 2792 4464 quidem
2822 4399 3076 4465 regiones
3127 4399 3269 4453 haud
3306 4402 3448 4453 mul-

200 4474 407 4527 στόλων
430 4495 443 4506 ·
479 4480 572 4529 καὶ
594 4482 652 4531 ἐν
682 4482 817 4550 αὐτῇ
849 4483 904 4535 δὲ
934 4487 998 4555 τῇ
1019 4486 1321 4559 Ἀντιοχείᾳ
1346 4492 1375 4543 ὁ
1404 4492 1563 4560 λόγος
1595 4496 1766 4565 ἐκγρά-

1884 4495 1993 4541 tum
2024 4486 2301 4541 distabant
2330 4485 2398 4538 ab
2425 4483 2727 4539 Jerusalem
2756 4495 2809 4540 et
2834 4489 2901 4541 ab
2921 4489 3185 4557 apostolis
3212 4507 3227 4543 :
3253 4492 3446 4544 Antio-

195 4578 299 4614 τει.
360 4564 629 4619 Ἐνταῦθα
652 4568 708 4620 δὲ
738 4572 939 4642 πολλῆς
983 4575 1198 4629 ἐδέοντο
1252 4583 1631 4651 παραμυθίας,
1662 4564 1767 4654 μά-

196 4651 357 4703 λιστα
391 4654 438 4703 οἱ
474 4654 534 4716 ἐξ
584 4655 755 4709 ἐθνῶν
804 4660 1115 4728 ὀφείλοντες
1166 4667 1339 4721 πολλὰ
1391 4651 1767 4732 διδάσκεσθαι.

193 4744 540 4812 Σημειωτέον
567 4746 644 4809 δὲ,
679 4750 763 4801 ὅτι
823 4753 872 4803 oi
916 4755 1047 4823 περὶ
1091 4756 1303 4811 Παῦλον
1352 4763 1445 4813 καὶ
1480 4764 1769 4835 Βαρνάϐαν

191 4837 510 4888 ἐπισκόπων
548 4834 695 4908 εἶχον
725 4841 901 4904 ἀξίαν,
932 4843 990 4907 ἐξ
1021 4838 1096 4898 ὧν
1155 4850 1527 4919 ἐχειροτόνουν
1572 4859 1636 4909 οὐ
1671 4861 1769 4927 μό-

191 4940 278 4976 νον
310 4926 613 4992 διακόνους,
650 4932 786 4984 ἀλλὰ
810 4935 903 4985 καὶ
940 4938 1364 5011 πρεσϐυτέρους,
1398 4948 1491 4999 καὶ
1510 4950 1591 5001 ὃτι
1621 4926 1758 5019 μετά

191 5015 457 5083 νηστειῶν
512 5019 605 5069 καὶ
654 5021 829 5088 εὐχῶν
869 5025 1087 5078 ἐποίουν
1114 5030 1165 5080 οἱ
1190 5033 1432 5103 μαθηταὶ
1459 5038 1555 5101 τὰς
1584 5015 1762 5110 χειρο-

190 5106 397 5166 τονίας.
461 5108 774 5178 Σημείωσαι
799 5116 855 5166 δὲ
891 5119 989 5170 καὶ
1038 5120 1217 5187 τοῦτο,
1270 5127 1351 5179 ὅτι
1411 5132 1490 5193 είς
1521 5106 1763 5202 Μίλητον

189 5198 680 5270 ἐχειροτονήθησαν
728 5208 778 5257 oi
844 5210 973 5278 περὶ
1040 5211 1325 5283 Βαρνάϐαν
1375 5224 1468 5274 καὶ
1528 5198 1759 5283 Παῦλον.

194 5291 359 5341 Ἀλλο
383 5290 441 5343 δὲ
468 5294 801 5365 ἀντίγραφον
864 5298 1044 5371 εὗρον,
1079 5306 1203 5376 ἔχον
1229 5310 1350 5365 ἀντὶ
1381 5315 1647 5386 Μιλήτου,
1680 5323 1759 5383 εἰς

202 5382 556 5451 Ἀντιόχειαν,
588 5387 616 5439 ὂ
651 5392 742 5443 καὶ
767 5394 1186 5468 πειθανώτερον.

263 5580 309 5610 ⁸³
336 5578 527 5632 Matth.
557 5596 702 5648 xxvn,
746 5584 835 5640 65.
914 5588 958 5621 ⁶⁹
1000 5589 1039 5643 ΙΙ
1073 5592 1178 5649 Cor
1232 5612 1331 5664 xu,
1367 5598 1419 5651 9.

1872 4581 2009 4636 cbize
2038 4587 2219 4632 autem
2263 4579 2493 4631 verbmn
2537 4576 2633 4633 Dei
2665 4578 2807 4633 altas
2852 4579 2964 4648 jam
2999 4580 3213 4636 radices
3238 4593 3447 4651 egerat.

1870 4676 1969 4733 Hic
1996 4691 2125 4730 vero
2154 4674 2327 4727 multo
2365 4690 2505 4743 opus
2564 4674 2839 4727 habebant
2874 4675 3100 4737 solatio,
3141 4678 3444 4744 prasertim

1869 4769 1963 4838 qui
1993 4776 2151 4821 erant
2172 4780 2235 4820 ex
2280 4766 2556 4835 gentibus,
2602 4776 2791 4833 utpote
2819 4768 2911 4834 qui
2937 4765 3108 4819 nntlta
3136 4768 3315 4821 adhuc
3346 4770 3444 4821 ad-

1871 4860 2084 4913 discere
2143 4856 2433 4911 debebant.
2487 4856 2873 4908 Adnotandum
2937 4870 3064 4909 vero
3107 4856 3331 4910 Paulum
3391 4870 3444 4911 et

1870 4948 2175 5003 Barnabam
2202 4946 2367 5016 365
2399 4946 2764 5014 episcopalem
2800 4946 3116 5016 dignitatem
3160 4947 3440 5012 habuisse,

1865 5037 2332 5108 (quandoquidem
2358 5043 2413 5089 et
2443 5036 2706 5089 diaconos
2738 5046 2793 5091 et
2825 5036 3172 5106 presbyteros
3216 5038 3407 5091 ordinn

1865 5131 2017 5195 bant)
2045 5145 2111 5183 ac
2130 5129 2333 5182 Christi
2365 5129 2667 5198 discipulos
2719 5143 2844 5181 cum
2874 5127 3103 5194 jejuniis
3145 5136 3201 5181 et
3230 5131 3437 5183 oratio-

1866 5218 2031 5272 nibus
2055 5218 2431 5270 ordinationes
2464 5215 2682 5270 fecisse.
2709 5212 2953 5269 Observa
3006 5217 3170 5269 etiam
3210 5213 3437 5268 Paulum

1868 5320 1922 5361 et
1956 5307 2261 5359 Barnabam
2291 5306 2345 5358 in
2383 5305 2517 5358 urbe
2568 5302 2749 5358 Mileto
2779 5303 3061 5356 ordinatos
3113 5301 3301 5358 fuisse.
3332 5303 3437 5357 Sed

1871 5414 1971 5468 ego
1999 5398 2274 5466 exemplar
2303 5395 2573 5464 quoddam
2623 5396 2826 5457 inveni,
2883 5394 2937 5445 in
2971 5408 3081 5462 quo
3110 5408 3209 5461 pro
3256 5391 3437 5447 Mileto

1871 5491 2174 5544 habebatur
2200 5489 2504 5543 Antiochiae
2532 5508 2545 5543 :
2574 5487 2718 5557 quod
2748 5486 2912 5541 etiam
2947 5495 3029 5539 est
3060 5484 3432 5539 verisimilius.

1384 5688 1583 5751 Variae
1618 5685 1919 5750 lectiones
1960 5693 2021 5748 et
2060 5695 2252 5748 notia.

263 5770 384 5803 ⁸⁹·²¹
420 5769 571 5840 γοῦν.
648 5774 691 5806 ³³
722 5776 896 5846 παρα.
