4164 6444
732 433 836 491 975)
1685 415 2263 482 THEOPHYLACTI
2297 408 2632 472 BULGARI
2645 409 2709 468 ΑΞ
2742 409 3096 469 ARCHIEP.
3878 407 3992 472 9’16

1295 539 1522 595 CAPUT
1564 537 1722 593 XXII.
2334 531 2381 588 Α

2334 531 2381 588 Α
3010 522 3258 575 ΚΕΦΑΛ.
3295 521 3419 572 κη’.

731 637 880 700 Quod
909 636 1163 687 sententia
1187 642 1232 684 et
1262 635 1468 684 decreto
1488 631 1847 696 apostolorum
1873 640 2076 680 necesse
2099 638 2201 676 non
2234 622 2301 674 sit

2410 616 2540 669 Ὀτι
2568 617 2639 668 οὐ
2691 613 2785 667 δεῖ
2823 614 3195 682 περιτέμνειν
3227 614 3367 676 τοὺς
3417 611 3485 674 ἐξ
3518 609 3710 664 ἐθνῶν
3738 611 3990 663 πιστεύ-

797 725 1170 778 rircumcidcre
1200 724 1416 794 gentiles
1463 725 1534 778 ad
1580 722 1735 792 ﬁdem
1767 719 2090 775 accedentes.

2480 725 2710 774 σαν-τας
2735 710 2981 778 δόγματι
2999 710 3100 762 καὶ
3131 706 3325 775 κρίσει
3361 704 3478 758 τῶν
3508 705 3889 758 ἀποστόλων.

1438 815 1740 872 TEXTUS.
3008 797 3396 854 ΚΕΙΜΕΝΟΝ.

800 890 1059 954 Χιν,27;
1119 888 1237 952 XV,
1287 889 1395 944 i4.
1430 889 1620 942 Morati
1671 896 1801 942 sunt
1855 895 2037 940 autem
2089 890 2308 951 tempus

2482 891 2764 962 Διέτριϐον
2805 890 2862 942 δὲ
2915 892 3032 944 ἐκεῖ
3093 889 3284 960 χρόνον
3343 889 3446 941 οὐκ
3485 887 3668 955 ὀλίγον
3725 887 3827 940 σὺν
3877 888 3998 949 τοῖς

731 1000 838 1037 non
892 984 1164 1036 modicum
1201 997 1324 1037 cum
1363 980 1667 1048 discipulis.
1712 977 1775 1032 Et
1808 979 2028 1048 quidam
2079 975 2311 1028 descen—

2416 984 2708 1053 μαθηταῖς.
2748 982 2858 1034 Καί
2883 999 3029 1045 τινες
3059 980 3415 1042 κατελθόντες
3447 979 3555 1034 ἀπὸ
3584 981 3680 1048 τῆς
3699 979 3992 1041 Ἰουδαίας,

728 1081 919 1130 dentes
949 1076 1013 1130 de
1057 1074 1245 1130 Judzea
1282 1073 1554 1127 docebant
1593 1072 1789 1126 fratres
1823 1090 1835 1124 :
1894 1071 2020 1139 quia
2053 1065 2166 1121 Nisi
2205 1067 2313 1119 cir-

2417 1073 2706 1128 ὲδίδασκον
2728 1075 2855 1136 τοὺς
2881 1073 3170 1142 ἀδελφοὺς,
3202 1075 3284 1127 ὅτι
3331 1072 3458 1126 Ἐὰν
3488 1073 3563 1142 μὴ
3593 1070 4000 1145 περιτέμνησθε

732 1169 1121 1224 cumcidamini
1152 1167 1454 1222 secundum
1495 1181 1698 1219 morem
1731 1163 1924 1234 Moysi,
1948 1177 2058 1215 non
2085 1159 2313 1229 potestis

2415 1165 2494 1234 τῷ
2530 1165 2641 1218 ἔθει
2689 1167 2991 1230 Μωῡσέως,
3027 1167 3090 1218 οὐ
3133 1165 3365 1219 δύνασθε
3399 1165 3663 1234 σωθῆναι.
3689 1164 4004 1232 Γενομένης

733 1263 956 1316 salvari.
995 1260 1156 1314 Facta
1191 1275 1322 1331 ergo
1365 1259 1632 1313 seditione
1661 1271 1768 1310 non
1807 1255 2030 1310 tninima
2065 1253 2234 1309 Paulo
2263 1259 2316 1306 et

2417 1257 2510 1312 οὖν
2544 1258 2788 1322 στάσεως
2817 1259 2913 1312 καὶ
2951 1261 3307 1330 συζητήσεως
3335 1260 3435 1312 οὐκ
3471 1257 3659 1326 ὀλίγης
3692 1257 3771 1327 τῷ
3803 1255 4006 1322 Παύλῳ

736 1351 1001 1405 Barnabas
1041 1350 1309 1405 adversus
1348 1350 1489 1413 illos,
1517 1354 1851 1411 statuerunt,
1876 1356 1933 1399 ut
1957 1344 2317 1399 ascenderent

2421 1349 2621 1420 καὶτῷ
2649 1351 2910 1421 Βαρνάϐᾳ
2972 1351 3113 1422 πρὸς
3169 1351 3394 1414 αὐτοὺς,
3427 1349 3628 1416 ἔταξαν
3680 1348 4006 1403 ἀναϐαίνειν

735 1443 940 1497 Paulus
970 1451 1025 1497 et
1047 1441 1348 1503 Barnabas,
1383 1451 1437 1495 et
1463 1441 1683 1510 quidam
1721 1439 1811 1492 alii
1835 1453 1899 1492 ex
1930 1439 2058 1502 illis,
2098 1436 2164 1490 ad
2187 1451 2319 1505 apo-

2423 1440 2657 1508 Παῦλον,
2710 1443 2805 1494 καὶ
2848 1442 3158 1512 Βαρνάϐαν,
3191 1444 3284 1496 καί
3322 1458 3472 1505 τινας
3499 1441 3687 1502 ἀλλους
3711 1439 3770 1503 ἐξ
3794 1437 4007 1497 αὐτῶν,

741 1533 914 1589 stolos
959 1541 1012 1586 et
1045 1534 1398 1602 presbyteros
1428 1532 1481 1585 in
1512 1529 1815 1586 Jerusalem
1847 1545 2014 1600 super
2044 1530 2148 1583 bac
2171 1542 2318 1598 qua:-

2422 1533 2560 1601 πρὸς
2595 1534 2721 1596 τοὺς
2753 1533 3090 1596 ἀποστόλους
3131 1534 3230 1586 καὶ
3261 1533 3672 1603 πρεσϐυτέρους
3703 1533 3782 1593 είς
3804 1530 4010 1600 Ἰερου-

736 1626 936 1680 stione.
979 1624 1062 1678 llli
1098 1638 1229 1695 ergo
1255 1624 1473 1676 deducti
1519 1623 1587 1677 ab
1621 1621 1886 1683 Ecclesia,
1917 1618 2323 1690 pertransibant

2427 1622 2630 1691 σαλὴμ,
2664 1623 2794 1692 περὶ
2818 1622 2913 1675 τοῦ
2932 1622 3246 1692 ζητήματος
3273 1622 3486 1675 τούτου.
3517 1623 3579 1674 Οί
3607 1621 3708 1690 μὲν
3739 1618 3834 1672 οὖν
3865 1635 4010 1688 προ-

738 1717 1060 1771 Plicenicem
1107 1725 1161 1767 et
1188 1714 1515 1778 Samariam,
1555 1723 1849 1768 narrantes
1903 1713 2320 1766 conversionem

2427 1713 2770 1782 πεμφθέντες
2825 1715 2930 1767 ὑπὸ
2997 1715 3098 1781 τῆς
3138 1716 3492 1783 Ἑκκλησίας,
3556 1713 3848 1784 διήρχοντο
3907 1709 4013 1779 τὴν

739 1807 1013 1877 gentium,
1057 1814 1113 1860 et
1152 1803 1425 1860 faciebant
1467 1804 1724 1874 gaudium
1765 1818 2022 1872 magnum
2067 1803 2324 1856 Omnibus
2359 1857 2383 1877 τ

2371 1804 2681 1877 Γ’Φοινίκην
2740 1805 2835 1858 καὶ
2891 1805 3231 1875 Σαμάρειαν,
3287 1803 3707 1873 ἐκδιηγούμενοι
3754 1803 3854 1870 τὴν
3884 1804 4015 1854 ἑπι-

739 1897 1026 1952 l'ratribus.
1062 1897 1199 1950 Cum
1228 1907 1409 1950 autem
1440 1895 1718 1950 venissent
1757 1893 2177 1963 Jerosolymam,
2226 1906 2321 1946 su-
2358 1857 2383 1910 Ε

2364 1857 2398 1910 Β
2429 1857 2672 1964 στροφην
2723 1857 2831 1948 τῶν
2888 1857 3092 1948 ἐθνῶν.ο
3137 1857 3233 1949 παῖ
3284 1857 3506 1949 ἑποίόύν
3548 1857 3726 1964 γαράν
3755 1857 4008 1964 μεγάλην

740 1987 910 2056 scepti
961 1994 1092 2040 sunt
1138 1985 1206 2039 ab
1236 1984 1482 2040 Ecclesia
1529 1993 1584 2039 et
1628 1985 1697 2038 ab
1735 1984 2002 2052 apostolis
2051 1989 2106 2035 et
2137 1981 2322 2035 senio-

2429 1987 2566 2039 πᾶσι
2594 1990 2706 2050 τοῖς
2737 1988 3008 2056 ἀδελφοῖς.
3036 1988 3482 2059 Παραγενόμενοι
3515 1987 3571 2040 δὲ
3610 1989 3690 2050 είς
3737 1987 4015 2057 Ἰερουσα-

741 2078 914 2140 ribus,
946 2076 1334 2130 annuntiantes
1360 2085 1565 2144 quanta
1600 2074 1744 2129 Deus
1785 2073 2006 2128 fecisset
2035 2087 2158 2125 cum
2190 2071 2321 2128 illis.

2430 2077 2566 2147 λὴμ,
2623 2080 3004 2149 ἀπεδείχθησαν
3059 2081 3166 2132 ὑπὸ
3217 2081 3317 2149 τῆς
3358 2080 3690 2150 Ἐκιιλησίας
3753 2080 3846 2132 καὶ
3900 2077 4014 2130 τῶν

741 2169 1057 2223 ἀποστόλων
1112 2171 1208 2221 καὶ
1253 2168 1360 2220 τῶν
1414 2166 1822 2236 πρεσϐυτέρων,
1889 2165 2220 2234 ἀνήγγειλάν
2252 2181 2311 2216 τε
2350 2165 2449 2221 ὅσα
2479 2171 2735 2241 εποίησεν
2759 2174 2788 2225 ό
2823 2173 2956 2236 Θεὸς
2985 2173 3104 2242 μετ’
3135 2173 3341 2236 αὐτῶν,
3369 2175 3464 2227 καὶ
3529 2174 3613 2227 ὅτι
3680 2173 3860 2242 ἤνοιξε
3885 2173 4011 2231 τοῖς

743 2262 923 2315 ἔθνεσι
950 2259 1120 2331 θύραν
1156 2258 1414 2320 πίστεως.

1237 2351 1807 2408 COMMENTARIUS.
3037 2350 3418 2405 EPMHNEIA.

814 2448 1102 2516 Quomodo
1157 2445 1363 2502 Paulus
1389 2447 1443 2500 in
1477 2445 1722 2516 Epistula
1771 2444 1838 2498 ad
1863 2443 2081 2498 Galatas
2109 2445 2182 2499 ait
2229 2446 2274 2479 '°
2313 2464 2322 2494 :

2501 2444 2626 2504 Πῶς
2652 2445 2707 2496 ὲν
2743 2445 2810 2513 τῇ
2846 2442 2983 2513 πρὸς
3031 2443 3282 2503 Γαλάτας
3333 2442 3650 2512 Ἐπιστολῇ,
3695 2461 3713 2492 ι
3743 2441 3880 2495 Οὺδδ
3921 2442 4021 2496 ἀν-

751 2563 769 2596 s
806 2543 993 2612 Neque
1029 2540 1153 2594 veni
1198 2541 1264 2592 ad
1320 2548 1698 2595 antecessores
1741 2552 1892 2591 meos
1927 2539 2208 2607 apostolos
2243 2556 2253 2588 :
2299 2557 2316 2588 ι

2426 2535 2609 2604 ἦλθον,
2659 2534 2845 2604 φησὶν,
2874 2536 2954 2595 είς
2987 2533 3337 2604 Ἱεροσόλυμα
3378 2534 3515 2604 πρὸς
3543 2537 3670 2597 τοὺς
3722 2534 3831 2604 πρὸ
3873 2535 4015 2605 ipa-3

744 2649 921 2703 neque
949 2631 1156 2686 contuli
1195 2629 1553 2698 Evangelium
1587 2628 1731 2697 quod
1780 2628 2020 2698 praedico
2056 2629 2112 2682 in
2146 2630 2323 2698 genti-

2426 2629 2824 2692 ἀποστόλους,ι
2880 2628 3004 2681 οὐδὲ
3052 2627 3329 2699 ἀνεθέμην
3359 2628 3420 2680 τὸ
3458 2627 3813 2694 Εὑαγγέλιον,
3853 2629 3880 2681 ὃ
3914 2646 4021 2697 κη·

747 2727 882 2789 bus;
920 2723 1010 2776 hic
1037 2729 1220 2775 autem
1256 2720 1485 2784 dicitur,
1526 2739 1544 2771 ι
1586 2719 1930 2784 Statuerunt,
1965 2727 2023 2773 ut
2059 2721 2324 2775 ascende—

2434 2724 2620 2796 ρύσσω
2647 2725 2707 2775 ὲν
2733 2725 2844 2784 τοῖς
2874 2723 3107 2775 ἔθνεσιν·
3141 2721 3377 2776 ἐνταῦθα
3397 2722 3454 2774 δέ
3475 2738 3662 2791 φησιν,
3686 2721 3766 2773 ὅτι
3801 2739 3821 2771 ι
3849 2723 4018 2774 Ἐτα-

748 2823 870 2870 rent
892 2814 1090 2868 Paulus
1116 2822 1170 2866 et
1193 2811 1473 2865 Barnabas
1503 2811 1570 2865 ad
1598 2813 1877 2879 apostolos
1897 2820 1952 2865 et
1975 2813 2328 2881 presbyteros

2433 2818 2532 2882 ξαν
2564 2816 2774 2870 Παῦλον
2812 2817 2907 2870 καὶ
2938 2814 3230 2886 Βαρνάϐαν
3255 2814 3524 2883 ἀναϐῆναι
3561 2815 3639 2876 είς
3665 2814 4024 2884 Ἱεροσόλυμα

751 2909 803 2961 in
830 2903 1170 2958 Jerusalem?
1205 2920 1222 2952 ι
1275 2901 1692 2971 Respondemus
1725 2903 1921 2972 primo,
1961 2901 2186 2956 Paulum
2220 2917 2329 2957 non

2434 2910 2570 2978 πρὸς
2633 2910 2759 2970 τοὺς
2811 2908 3146 2970 ἀποστόλους
3201 2907 3296 2960 καὶ
3339 2907 3790 2978 πρεσϐυτέρους;
3841 2925 3860 2957 s
3907 2909 4021 2959 Καί

750 2996 1080 3060 ascendisse,
1114 2994 1326 3050 si-ilicet
1382 3009 1412 3049 a
1457 2995 1780 3064 semetipso,
1825 2996 1918 3049 sed
1956 2995 2026 3049 ab
2049 2995 2171 3049 aliis
2200 2995 2331 3048 mis-

2432 3017 2634 3068 φαμεν,
2688 3001 2771 3053 ὅτι
2834 3000 3049 3068 πρῶτον
3106 3001 3204 3068 μὲν
3229 3000 3326 3052 οὐκ
3385 2999 3548 3063 αὐτὸς
3597 2998 4015 3068 ἀνῆλθεν,ἀλλ’

750 3107 870 3147 sum
927 3090 1118 3144 fuisse.
1156 3087 1429 3151 Secundo.
1470 3103 1579 3142 non
1612 3088 1739 3141 illuc
1765 3087 2096 3155 porrexisse,
2127 3097 2185 3142 ut
2215 3087 2333 3157 ipse

2438 3089 2721 3158 ἀπεστάλη
2748 3089 2879 3159 παρ’
2902 3089 3126 3157 ἑτέρων·
3157 3087 3412 3157 δεύτερον
3442 3085 3520 3151 δὲ,
3562 3087 3642 3138 ὅτι
3676 3086 3737 3138 ού
3773 3086 4022 3154 μαθησό-

755 3189 1143 3246 instrueretur,
1177 3181 1272 3235 sed
1325 3188 1384 3234 ut
1431 3181 1571 3234 alios
1619 3183 1971 3250 persuaderet
2004 3199 2015 3234 :
2045 3182 2156 3249 jam
2189 3181 2334 3236 enim

2452 3199 2618 3252 μενος
2674 3179 3015 3252 παρεγένετο
3047 3183 3097 3246 ,1
3128 3180 3245 3232 ἀλλ’
3298 3180 3520 3249 ἑτέρους
3564 3177 3790 3232 πείσων.
3851 3179 4029 3237 Αὐτὸς

751 3275 822 3328 ab
847 3273 1004 3326 initio
1038 3272 1092 3325 in
1127 3286 1189 3325 ea
1222 3270 1400 3325 fuerat
1428 3272 1721 3337 sententia,
1756 3287 1918 3341 quam
1965 3281 2151 3341 postea
2209 3287 2338 3342 apo-

2451 3276 2681 3345 μὲνγὰρ
2712 3273 2772 3338 ἐξ
2813 3273 2986 3342 αὐτῆς
3051 3271 3151 3341 τῆς
3207 3271 3409 3341 ἀρχῆς,
3453 3270 3657 3340 ταύτης
3711 3269 3893 3340 εἴχετο
3927 3270 4030 3338 τῆς

752 3365 881 3422 stoli
916 3363 1272 3427 definierunt,
1328 3379 1522 3433 nempe
1557 3363 2033 3418 oircumcidendos
2077 3380 2185 3418 non
2215 3379 2336 3420 esse
2364 3378 2396 3438 ε

2387 3378 2408 3438 Ξ
2446 3366 2692 3437 γνώμης.
2728 3367 2795 3436 ἢν
2821 3365 2913 3418 καὶ
2935 3366 2982 3418 οἱ
3017 3364 3306 3419 ἀπόστολοι
3337 3365 3474 3434 μετά
3505 3363 3679 3417 ταῦτα
3708 3363 4031 3434 ἔκυρὼσαν-

752 3458 983 3529 gentiles
1014 3456 1339 3510 accedentes
1373 3456 1438 3509 ad
1500 3455 1680 3509 ﬁdem.
1726 3453 1996 3520 Quoniam
2031 3471 2160 3511 vero
2197 3455 2342 3509 Pau-

2442 3475 2524 3522 το,
2551 3456 2626 3529 μὴ
2657 3457 2769 3509 δεῖν
2819 3455 3266 3526 περιτέμνεσθαι.
3325 3455 3544 3525 Ἐπειδὴ
3583 3454 3641 3506 δὲ
3688 3455 3787 3506 οὐκ
3853 3453 4033 3505 ἐδόκει

755 3553 839 3604 lus
869 3564 978 3603 non
1009 3548 1189 3602 adhuc
1206 3547 1342 3601 satis
1370 3547 1568 3615 dignus
1595 3547 1697 3601 fide
1721 3547 1878 3601 novis
1897 3547 2154 3602 fidelibus
2186 3547 2338 3603 vide-

2442 3550 2582 3611 τέως
2613 3549 2795 3610 αὐτοῖς
2832 3547 3143 3613 ἀξιόπιστος
3158 3541 3377 3617 [sint],
3407 3544 3542 3599 ἀλλὰ
3568 3547 3680 3608 τοῖς
3711 3548 3767 3595 ἐν
3802 3546 4035 3611 Ἰεροσοο

756 3646 934 3703 batur,
960 3640 1057 3694 sed
1080 3639 1224 3708 apud
1247 3653 1342 3692 eos
1364 3639 1634 3708 praacipua
1652 3639 2166 3694 eratexsistcntium
2182 3637 2340 3694 Jero-

2444 3640 2638 3710 λύμοις
2666 3639 2982 3710 προσεῖχον,
3015 3636 3273 3707 ἀνῆλθεν,
3301 3638 3402 3689 οὐκ
3431 3637 3593 3699 αὑτός
3618 3653 3669 3688 τι
3691 3636 4036 3705 είσόμενος²⁸

755 3731 981 3798 solymis
1029 3729 1378 3793 auctoritas;
1423 3738 1712 3798 prOpterea
1743 3729 1872 3783 illuc
1917 3729 2195 3798 profectus
2233 3739 2340 3797 est,

2445 3732 2649 3795 πλεῖον,
2705 3729 2841 3783 ἀλλά
2874 3729 3078 3782 πείσων
3109 3729 3237 3792 τοὺς
3280 3714 3680 3796 ἀντιλέγοντας,
3711 3728 3792 3780 ὅτι
3843 3725 3944 3781 καὶ
3977 3727 4036 3777 ὲν

757 3837 865 3876 non
901 3830 961 3876 ut
1006 3821 1122 3891 ipse
1171 3819 1639 3890 persuaderetur,
1678 3821 1774 3876 sed
1807 3828 1865 3875 ut
1906 3824 2344 3881 contradicentes

1829 3828 1865 3875 it
1906 3824 2344 3881 contradicentes
2459 3823 2852 3895 Ἰεροσολύμοις
2875 3821 3088 3886 τούτοις
3125 3820 3473 3890 ψηφίζονται.

759 3928 1054 3985 persuasos
1088 3912 1340 3968 redderet
1373 3926 1441 3967 ex
1471 3926 1557 3977 eo,
1590 3912 1737 3982 quod
1777 3913 2025 3982 ejusdem
2061 3915 2345 3971 sententia:

757 4013 942 4062 essent
971 4005 1134 4060 etiam
1167 4004 1260 4075 qui
1293 4003 1656 4076 Jerosolymis
1681 4009 2054 4060 morabantur.

1006 4095 1171 4168 266
1210 4096 1368 4151 Feria
1400 4097 1432 4150 6
1475 4095 1829 4152 hebdomadas
1872 4097 2098 4167 quintae.

2731 4093 2810 4163 Τῇ
2845 4094 3172 4162 παρασκευῇ
3215 4088 3315 4158 τῆς
3346 4097 3386 4142 ε’
3429 4090 3744 4159 ἑϐδομάδος.

1396 4183 1698 4241 TEXTUS.
3047 4180 3434 4236 KEIMENON.

832 4277 949 4342 XV.
975 4279 1132 4334 5-12.
1166 4277 1542 4333 Surrexerunt
1588 4287 1771 4332 autem
1802 4278 2027 4347 quidam
2055 4281 2123 4333 de
2153 4279 2350 4335 haeresi

2540 4273 2934 4342 Ἐξανέστησαν
2955 4273 3012 4325 δέ
3037 4289 3178 4334 τινες
3207 4270 3317 4324 τῶν
3361 4271 3470 4324 ἀπὸ
3494 4271 3592 4340 τῆς
3621 4271 3896 4342 αἱρέσεως
3926 4272 4041 4325 τῶν

763 4370 1186 4434 Pharisaeorum,
1217 4370 1310 4438 qui
1328 4368 1701 4432 crediderunt,
1725 4368 1994 4433 dicentes,
2018 4370 2146 4438 quia
2175 4368 2349 4438 Opor-

2453 4368 2765 4438 Φαρισαίων
2813 4365 3259 4428 πεπιστευκότες,
3316 4363 3585 4432 λέγοντες,
3616 4364 3698 4416 ὅτι
3745 4367 3838 4417 Δεῖ
3876 4381 4042 4436 περι-

763 4473 842 4517 tet
872 4461 1193 4517 circumcidi
1224 4475 1342 4526 eos,
1380 4461 1676 4533 precipere
1692 4475 1914 4530 quoque
1938 4473 2157 4515 servare
2180 4463 2350 4529 legem

2455 4463 2675 4530 τέμνειν
2726 4459 2944 4524 αὐτοὺς,
2988 4457 3392 4527 παραγγέλλειν
3418 4474 3480 4509 τε
3518 4460 3707 4528 τηρεῖν
3746 4457 3842 4509 τὸν
3875 4460 4044 4528 νόμον

767 4558 961 4629 Moysi.
993 4559 1488 4627 Conveneruntque
1529 4557 1760 4627 apostoli
1792 4564 1848 4612 et
1885 4557 2134 4612 seniores
2166 4556 2352 4612 videre

2455 4550 2753 4611 Μωῡσέως.
2792 4548 3148 4618 Συνήχθησαν
3174 4547 3231 4601 δὲ
3258 4548 3310 4600 ot
3331 4547 3620 4600 ἀπόστολοι
3648 4548 3744 4600 καὶ
3783 4550 3832 4600 οἱ
3905 4567 4041 4616 πρε-

768 4658 835 4707 de
863 4653 1024 4707 verbo
1053 4653 1176 4707 hoc.
1210 4651 1346 4706 Cum
1374 4658 1556 4706 autem
1589 4665 1785 4721 magna
1814 4650 2148 4719 conquisitio
2177 4649 2351 4715 ﬁeret,

2458 4641 2710 4711 σϐύτεροι
2738 4638 2868 4692 ἰδεῖν
2895 4638 3028 4708 περὶ
3056 4635 3151 4690 τοῦ
3186 4636 3345 4700 λόγου
3375 4635 3588 4689 τούτου.
3621 4634 3828 4704 Πολλῆς
3860 4636 3918 4688 δὲ
3960 4655 4044 4688 cu-

765 4757 999 4810 surgens
1033 4742 1226 4798 Petrus
1256 4742 1395 4797 dixit
1416 4742 1486 4798 ad
1519 4757 1614 4800 eos
1643 4757 1657 4796 :
1689 4741 1804 4797 Viri
1833 4743 2046 4806 fratres,
2074 4756 2171 4796 vos
2199 4741 2352 4796 scitis
2384 4725 2409 4781 Ῑ

2399 4725 2740 4802 Βζητήσεως
2801 4730 3126 4798 γενομένης,
3173 4727 3417 4789 ἀναστάς
3473 4728 3676 4797 Πέτρος
3723 4722 3846 4779 εἷπε
3904 4732 4043 4798 πρὸς

769 4835 1031 4902 quoniam
1074 4833 1142 4887 ab
1173 4834 1415 4904 antiquis
1453 4835 1646 4890 diebus
1691 4833 1838 4890 Deus
1868 4836 1924 4889 in
1967 4835 2126 4890 nobis
2169 4831 2351 4902 elegit,

2452 4824 2669 4886 αὐτούς·
2705 4821 2930 4890 Ἀνδρες
2977 4819 3224 4887 ἀδελφοὶ,
3257 4819 3414 4888 ὑμεῖς
3443 4819 3768 4882 ἐπίστασθε,
3822 4821 3908 4873 ὅτι
3945 4825 4040 4890 ἀφ’

772 4938 866 4992 per
912 4937 974 4976 os
1028 4938 1208 4976 meum
1245 4923 1435 4978 audire
1481 4934 1673 4996 gentes
1705 4925 1934 4980 verbum
1967 4923 2270 4993 Evangelii,
2302 4932 2356 4976 et

2452 4915 2676 4986 ἡμερῶν
2733 4914 2977 4982 ἀρχαίων
3011 4913 3040 4963 ὁ
3071 4910 3204 4971 Θεὸς
3233 4912 3290 4961 ἰν
3315 4912 3450 4979 ἡμῖν
3504 4911 3786 4976 ἐξελέξατο
3810 4911 3900 4963 διὰ
3945 4913 4040 4963 τοῦ

771 5013 1019 5068 credere.
1071 5011 1138 5066 Et
1192 5015 1285 5083 qui
1341 5016 1493 5069 novit
1544 5017 1710 5071 corda
1773 5015 1940 5080 Deus,
1984 5014 2356 5071 testimonium

2461 5006 2731 5076 στόματός
2766 5021 2871 5074 μου
2916 5001 3152 5056 ἀκοῦσαι
3190 5001 3258 5055 τά
3282 5001 3414 5071 ἔθνη
3442 5002 3534 5055 τὸν
3557 5002 3716 5070 λόγον
3740 5001 3834 5054 τοῦ
3859 5003 4043 5072 Εὐαγ-

779 5104 1070 5172 perbibuit,
1101 5106 1238 5158 dans
1263 5106 1374 5162 illis
1408 5106 1674 5178 Spiritum
1705 5116 1976 5172 sanctum,
2006 5107 2149 5162 sicut
2172 5115 2224 5160 et
2255 5120 2358 5160 no-

2460 5099 2664 5169 γελίου,
2713 5098 2808 5150 καὶ
2853 5095 3164 5148 πιστεῦσαι.
3232 5095 3343 5147 Καὶ
3375 5093 3872 5165 ὸκαρδιογνώστης
3909 5099 4044 5159 Θεὸς

779 5196 879 5258 bis,
899 5206 954 5248 et
979 5196 1113 5248 nihil
1133 5197 1391 5252 discrevit
1407 5202 1546 5255 inter
1576 5215 1675 5255 nos
1692 5211 1746 5255 et
1760 5201 1902 5265 illos,
1934 5199 2038 5254 ﬁde
2057 5199 2352 5268 puriﬁcans

2461 5191 2849 5262 ἐμαρτύρησεν
2878 5188 3085 5251 αὐτοῖς,
3113 5187 3238 5250 δοὺς
3257 5187 3442 5249 αὺτοῖς
3464 5187 3526 5240 τὸ
3541 5185 3767 5255 Πνεῦμα
3797 5188 3860 5239 τὸ
3887 5188 4044 5254 ἅγιον

775 5287 941 5338 corda
967 5301 1178 5340 eorum.
1209 5286 1366 5343 Nunc
1399 5305 1526 5359 ergo
1556 5293 1685 5360 quid
1710 5291 1935 5346 tentatis
1960 5288 2149 5355 Deum,
2176 5289 2355 5357 impo—

2464 5284 2644 5346 καθὼς
2668 5284 2762 5336 καὶ
2786 5283 2940 5352 ἡμῖν.
2967 5278 3073 5333 Καὶ
3103 5279 3258 5334 οὐδὲν
3291 5279 3527 5351 διέκρινε
3556 5279 3760 5348 μεταξὺ
3797 5279 3962 5349 ἡμῶν
3988 5299 4043 5333 τι

778 5392 907 5430 uere
923 5377 1114 5446 jugum
1131 5395 1294 5449 super
1315 5383 1553 5437 cervices
1577 5383 1994 5452 di5cipulorum,
2010 5379 2155 5450 quod
2179 5393 2355 5448 neque

2465 5377 2558 5430 καὶ
2584 5375 2786 5439 αὐτῶν,
2816 5377 2881 5444 τῇ
2909 5373 3094 5427 πίστει
3124 5372 3431 5444 καθαρίσας
3461 5375 3559 5438 τάς
3583 5373 3813 5443 καρδίας
3837 5375 4042 5429 αὐτῶν.

778 5476 961 5535 patres
1010 5471 1208 5539 nostri,
1257 5488 1438 5545 neque
1489 5491 1588 5530 nos
1619 5485 1837 5545 portare
1877 5473 2207 5545 potuimus?
2249 5471 2352 5524 Sed

2465 5470 2579 5522 Νῦν
2609 5467 2701 5521 οὖν
2729 5470 2780 5519 τί
2815 5467 3101 5538 πειράζετε
3143 5467 3236 5521 τὸν
3261 5467 3418 5533 Θεὸν,
3451 5465 3722 5521 ἐπιθεῖναι
3746 5466 3916 5536 ζυγὸν
3951 5471 4042 5522 ἐπὶ

849 5653 894 5682 ⁷⁰
935 5653 1111 5706 Colat.
1138 5669 1174 5717 Ι,
1207 5653 1294 5706 17.

1980 5743 2182 5803 Variae
2229 5739 2530 5801 lectiones
2571 5747 2630 5799 et
2679 5747 2872 5802 uota).

857 5845 900 5875 ³³
937 5847 1277 5914 πεισόμενος.
