4164 6444
177 401 277 462 971
849 401 1309 464 EXPOSITION
1317 402 1389 464 IS
1418 404 1497 464 IN
1534 403 1722 463 ACTA
1755 404 2056 466 TEXTUS
2082 405 2349 466 ALTER.
2378 428 2443 440 -
2478 406 2637 467 CAP.
2672 406 2796 468 XV.
3363 406 3469 469 978

181 520 269 567 τὸν
327 514 608 584 τράχηλον
658 513 770 569 τῶν
829 515 1112 585 μαθητῶν,
1166 516 1227 568 ὃν
1263 515 1391 568 οὗτε
1429 516 1478 568 οἰ
1534 517 1772 585 πατέρες

1899 534 1974 572 »ει-
2013 521 2245 588 gratiam
2279 518 2496 573 Domini
2536 519 2665 575 Jesu
2696 518 2904 577 Christi
2932 519 3214 576 credimus
3244 519 3467 585 salvari.

178 605 356 675 ήμῶν,
408 608 537 660 ,οὕτε
573 609 741 677 ἡμεῖς
792 607 1099 677 ἰσχύσαμεν
1136 608 1451 677 βαστάσαις
1489 608 1651 661 Ἀ).λά
1681 608 1771 661 διὰ

1899 612 2346 681 μιθιιιιιιιιιιοιίιιῐη
2369 620 2425 668 et
2450 612 2547 667 illi.
2584 611 2783 667 Tacult
2800 622 2984 668 autem
3012 613 3195 668 omnis
3215 612 3467 668 multitu-

179 700 278 768 τῆς
312 699 539 769 χάριτος
587 698 683 752 τοῦ
712 700 922 769 Κυρίου
958 699 1136 769 Ἰησοῦ
1164 699 1406 770 Χριστοῦ
1441 700 1775 769 πιστεύομεν

1899 708 1993 763 lo:
2028 717 2081 762 et
2129 707 2429 761 audiebant
2464 706 2771 762 Barnabam
2820 714 2870 760 et
2908 706 3136 762 Paulum
3181 715 3468 761 narrantes

181 792 448 861 σωθῆναι,
482 789 602 845 καθ’
632 791 691 845 δν
717 793 920 863 τρόπον
953 795 1220 847 κάκεῖνοι.
1267 794 1524 863 Ἐσίγησε
1549 795 1605 847 δὲ
1628 794 1774 848 ἆπαν

178 888 237 937 τὸ
268 887 504 955 πλῆθος,
539 886 631 939 καὶ
656 886 855 957 ἢκουον
884 885 1135 956 Βαρνάϐα
1180 887 1275 940 καλ⁸
1306 886 1519 942 Παύλου
1544 887 1746 956 ὲξηγου
1765 920 1777 928 -

184 980 366 1048 μένων
402 983 506 1033 ὅσα
566 982 825 1053 ἐποίησεν
857 984 885 1035 ό
924 981 1058 1044 Θεὸς
1096 985 1301 1052 σημεῖα
1354 982 1450 1036 καὶ
1474 982 1683 1053 τέρατα
1717 984 1776 1034 ὲν

181 1076 296 1136 τοῖς
350 1074 535 1127 ἔθνεσι
565 1074 633 1128 δι’
664 1074 865 1129 αὐτῶν.

800 1168 1182 1223 ΕΡΜΙΙΝΕΙΛ.

254 1262 372 1330 Οὐχ
398 1262 451 1314 οἰ
482 1262 591 1314 ἀπὸ
616 1260 791 1314 ὲθνῶν
830 1260 1038 1327 πιστοὶ,
1104 1259 1223 1313 ἀλλ’
1247 1262 1301 1313 οἰ
1322 1260 1431 1314 ἀπὸ
1484 1260 1774 1324 Ἰουδαίων,

182 1357 439 1426 ἀπῄτουν
468 1356 597 1418 τοὺς
643 1356 875 1417 πιστοὺς
918 1353 1379 1422 περιτέμνεσθαι,
1408 1356 1505 1408 καὶ
1545 1356 1611 1408 τὰ
1643 1355 1778 1409 ἄλλα

181 1452 249 1501 τὲι
270 1448 371 1501 τοῦ
396 1448 566 1517 νόμου
588 1445 832 1517 σαρκικὰ
855 1447 1031 1499 ποιεῖν
1051 1461 1063 1474 ·
1094 1444 1210 1509 οὒς,
1242 1446 1318 1510 ὡς
1347 1446 1485 1500 ἰδίαν
1506 1447 1778 1518 καύχησιν

185 1540 449 1601 θέλοντας
488 1536 844 1608 περιτέμνειν
868 1536 994 1598 τοὺς
1042 1538 1290 1599 πιστοὺς,
1320 1536 1421 1589 οὐκ
1450 1536 1780 1600 ἀπεδέξαντο

186 1635 234 1684 οἰ
270 1631 544 1699 μαθηταὶ,
599 1630 682 1683 ἔτι
728 1630 826 1683 καὶ
858 1630 1014 1683 αὐτοὶ
1059 1630 1124 1681 ὲκ
1148 1630 1460 1697 περιτομῆς
1490 1628 1643 1692 ὄντες
1671 1645 1685 1660 ·
1718 1630 1780 1683 ού

186 1724 296 1793 γὰρ
322 1723 385 1775 τὸ
414 1721 624 1774 ἑαυτῶν
671 1722 924 1791 ἐζήτουν,
991 1719 1130 1772 ἀλλὰ
1182 1720 1243 1772 τὸ
1299 1719 1628 1788 κοινωφελὲς
1684 1720 1780 1774 τοῦ

190 1817 402 1884 κόσμου
444 1816 544 1869 καὶ
596 1818 888 1884 σωτήριον.
932 1832 950 1865 ι
984 1813 1215 1882 Ἄνδρες
1267 1813 1506 1881 ἀδελφοί.
1536 1832 1555 1864 ι
1618 1813 1783 1876 ’ἰσως

193 1907 460 1977 παρῆσαν
488 1908 540 1958 οἰ
573 1904 975 1972 ἐγκαλέσαντες
1038 1900 1190 1971 αύτῷ
1220 1902 1391 1955 πάλαι
1444 1902 1535 1954 ἐπὶ
1570 1903 1783 1971 Κορνη-

193 1999 331 2062 λίου,
356 1998 455 2051 καὶ
477 1996 818 2058 εἰσελθόντες
851 1995 987 2066 πρὸς
1049 1995 1270 2060 αὐτοὺς,
1309 1996 1549 2065 παράγει
1584 1995 1781 2058 αὐτοὺς

199 2095 508 2165 μάρτυρας.
556 2091 622 2144 Τί
652 2092 708 2145 δέ
767 2093 885 2143 ἐστι
925 2090 1011 2151 τὸ,
1088 2108 1107 2141 ι
1150 2091 1207 2142 ὲν
1238 2090 1367 2158 ὑμῖν
1418 2088 1779 2154 asangm”

195 2188 352 2240 Τοῦτ’
394 2186 566 2249 ἐστιν,
627 2186 685 2238 έν
725 2185 1085 2254 Παλαιστίνῃ,
1150 2183 1206 2252 ἢ,
1257 2182 1546 2252 παρόντων
1604 2180 1783 2248 ὑμῶν.

202 2298 220 2331 ι
244 2278 356 2332 Καὶ
385 2278 446 2329 οὐ
470 2277 711 2346 διέκρινε
743 2274 971 2344 μεταξὺ,
1004 2273 1163 2343 φησί,
1189 2271 1351 2343 ήμῶν
1370 2288 1429 2324 τε
1463 2272 1558 2324 καὶ
1584 2270 1786 2337 αὐτῶν,

197 2373 318 2433 δοὺς
382 2370 568 2431 αὐτοῖς
597 2368 660 2420 τὸ
686 2366 912 2434 Πνεῦμα
934 2365 996 2418 τὸ
1022 2366 1180 2432 ἆγιον
1244 2362 1427 2427 καθὼς
1484 2364 1579 2418 καὶ
1631 2364 1787 2434 ήμῖν,

196 2466 263 2534 τῇ
308 2463 497 2515 πίστει
548 2459 852 2530 καθαρίσας
880 2460 979 2522 τὰς
1038 2457 1269 2529 καρδίας
1308 2456 1522 2510 αὐτῶν·
1561 2475 1581 2509 ›
1628 2474 1788 2509 τουτ⁶

200 2558 316 2607 ἐστι
372 2551 717 2623 καθαρισμὸν
798 2551 1034 2621 ποιήσας
1096 2550 1203 2601 τῶν
1253 2548 1363 2601 ἀπὸ
1404 2549 1502 2618 τῆς
1567 2548 1792 2619 καρδίας

202 2646 385 2698 αὐτῶν
424 2645 678 2712 ἐξιόντων
733 2642 1040 2714 ἁμαρτιῶν.
1073 2636 1244 2705 Οὗτος
1303 2642 1359 2695 δὲ
1382 2643 1411 2694 ὁ
1445 2640 1793 2710 καθαρισμδς

203 2736 350 2790 lam
371 2739 435 2806 τῇ
473 2737 767 2805 περιτομῇ,
799 2734 893 2787 καὶ
908 2734 1027 2787 ἀντὶ
1052 2734 1148 2803 τῆς
1178 2734 1234 2786 ὲν
1262 2732 1430 2802 σαρκὶ
1492 2734 1796 2802 περιτομῆς

204 2830 466 2897 δίδοταιή
518 2829 577 2881 ὲν
626 2826 905 2897 Πνεύματι
949 2823 1246 2897 περιτομὴ,
1304 2822 1685 2894 καθαρίζουσα
1726 2826 1794 2895 τῇ

207 2922 392 2973 πίστει
417 2922 487 2989 τῇ
526 2921 605 2982 εἰς
630 2918 867 2989 Χριστδν
904 2917 972 2971 τὰ
1028 2915 1269 2986 κρυπτά.
1302 2917 1425 2968 ’Ὁτι
1458 2915 1515 2968 δὲ
1545 2915 1606 2968 οὐ
1652 2931 1798 2969 κοιν-

204 3012 432 3082 ωφελὴς
460 3014 494 3081 ή
520 3013 578 3063 έν
604 3012 767 3081 σαρκὶ
795 3009 1094 3080 περιτομὴ,
1113 3006 1366 3061 ἐντεῦθεν
1392 3008 1690 3070 δείκνυται,
1716 3009 1798 3062 ὅτι

210 3099 359 3168 μόνῳ
398 3098 477 3167 τῷ
510 3099 699 3169 ᾶρρενι
757 3098 937 3166 ἐδόθη.
975 3098 1063 3149 Ἐν
1100 3097 1157 3150 δὲ
1201 3096 1424 3166 Χριστῷ
1485 3096 1663 3167 Ἰησοῦ
1723 3100 1792 3168 τῇ

1880 808 2087 867 quanta
2124 798 2267 852 Deus
2299 797 2520 853 fecisset
2560 798 2715 869 signa
2749 807 2803 853 et
2826 798 3070 867 prodigia
3103 799 3156 854 in
3211 796 3469 869 gentibus

1883 904 1979 958 per
2011 903 2127 943 eos.

2401 1152 2965 1213 COMMENTARIUS.

1953 1248 2070 1303 Non
2122 1249 2215 1314 qui
2266 1266 2332 1304 ex
2385 1249 2684 1320 gentilibus
2737 1247 3105 1309 crediderant,
3150 1247 3242 1300 sed
3286 1246 3377 1315 qui
3408 1262 3475 1300 et

1881 1341 2106 1407 ludatis,
2161 1342 2415 1397 volebant
2470 1342 2658 1398 ﬁdeles
2698 1339 3041 1404 circumcidi,
3093 1350 3148 1395 et
3186 1339 3290 1393 alia
3342 1338 3476 1408 legis

1884 1437 2129 1491 carnalia
2173 1436 2471 1492 observare
2503 1453 2518 1503 ;
2553 1435 2776 1505 quibus,
2818 1441 3007 1504 utpote
3058 1431 3332 1503 prepriam
3363 1431 3480 1501 glo-

1884 1528 2022 1580 riam
2048 1526 2101 1580 in
2130 1526 2368 1581 ﬁdelium
2397 1525 2823 1580 circumcisione
2846 1523 3236 1593 quaerentibus,
3262 1520 3478 1576 assensi

1886 1632 1998 1670 non
2047 1624 2178 1670 sunt
2211 1617 2416 1671 Christi
2468 1614 2751 1685 discipuli,
2782 1628 3097 1684 quanquam
3139 1613 3174 1665 ii
3208 1614 3372 1668 etiam
3411 1626 3479 1667 ex

1889 1708 2315 1764 circumcisione
2346 1716 2538 1764 essent
2570 1725 2583 1763 :
2620 1710 2748 1777 quia
2778 1722 2887 1761 non
2918 1706 3149 1777 gloriam
3173 1719 3353 1768 suam,
3384 1704 3480 1759 sed

1886 1815 2235 1856 communem
2261 1801 2553 1856 utilitatem
2584 1808 2641 1856 et
2671 1800 2903 1855 salutem
2941 1800 3101 1854 unice
3136 1797 3477 1867 quarebant.

1893 1912 1912 1945 ι
1951 1891 2061 1948 Viri
2097 1892 2317 1947 fratres.
2361 1911 2379 1944 ι
2424 1891 2593 1949 Forte
2643 1892 2873 1948 aderant
2922 1892 2981 1955 ii,
3016 1893 3109 1963 qui
3153 1891 3372 1946 Petrum
3409 1892 3482 1945 ob

1890 1987 2096 2041 factum
2124 1986 2364 2043 Cornelii
2396 1984 2887 2055 reprehenderant,
2927 2000 3132 2055 eosque
3157 1993 3329 2040 testes
3359 2000 3484 2054 pro—

1888 2080 2060 2135 ducit.
2094 2077 2235 2145 Quid
2276 2090 2459 2134 autem
2504 2088 2588 2135 est
2625 2079 2758 2133 illud
2796 2096 2811 2135 :
2857 2096 2877 2130 ι
2924 2078 2978 2133 in
3010 2079 3166 2131 nobis
3197 2074 3413 2147 elegit?
3460 2093 3478 2127 ι

1890 2173 2094 2241 Nempe
2119 2176 2172 2226 in
2197 2172 2507 2236 Paltestina,
2541 2172 2646 2237 vel,
2673 2172 3039 2242 prmseutibus
3072 2170 3247 2224 vobis.
3289 2188 3307 2220 ι
3336 2167 3483 2223 Nihil

1892 2265 2175 2328 discrevit,
2205 2263 2406 2335 inquit,
2436 2265 2578 2318 inter
2604 2278 2705 2317 nos
2736 2270 2792 2318 et
2830 2262 2973 2329 illos,
3003 2262 3140 2316 dans
3182 2260 3291 2316 illis
3311 2260 3486 2329 Spiri-

1897 2368 2011 2412 tum
2044 2366 2325 2417 sanetum.
2354 2358 2501 2412 sicut
2539 2365 2593 2412 et
2628 2356 2810 2422 nobis,
2851 2355 2957 2410 ﬁde
2986 2355 3287 2427 puriﬁcans
3313 2349 3487 2407 corda

1892 2464 2114 2517 eorum;
2146 2468 2165 2501 ι
2197 2450 2299 2505 hoe
2319 2458 2423 2515 est,
2439 2448 2818 2519 purgationem
2846 2447 3113 2502 faciens"
3135 2453 3485 2516 peccatorum

1895 2557 2017 2612 qua:
2046 2557 2110 2597 ex
2130 2542 2291 2596 corde
2311 2552 2534 2595 exeunt.
2597 2539 2722 2593 llaec
2767 2548 2949 2594 autem
2982 2539 3233 2609 purgatio
3260 2548 3493 2606 respou-

1898 2635 1992 2690 det
2041 2634 2454 2688 cirrumcisioni
2494 2651 2508 2690 :
2562 2642 2619 2687 et
2676 2648 2777 2703 pro
2819 2632 3245 2687 circumcisione
3284 2630 3491 2688 carnali

1897 2728 2063 2783 datur
2085 2724 2435 2781 circumcisio
2460 2725 2786 2795 spiritualis,
2813 2739 2935 2794 quae
2977 2722 3083 2778 ﬁde
3126 2725 3180 2778 in
3209 2723 3491 2780 Christum

1898 2819 2155 2889 puriﬁcat
2204 2818 2523 2873 abscondita
2571 2817 2779 2873 cordis.
2828 2815 2984 2883 Quod
3017 2831 3151 2871 vero
3182 2817 3493 2874 communis

1900 2911 2157 2966 utilitatis
2185 2925 2295 2965 non
2328 2921 2469 2967 esset
2489 2910 2844 2966 circumcisio
2874 2909 3083 2979 carnis,
3110 2909 3307 2966 exinde
3334 2925 3494 2964 mon-

1902 3012 2131 3069 stratur,
2166 3004 2311 3073 quod
2337 3004 2440 3059 soli
2475 3018 2657 3058 mares
2685 3003 2811 3058 olim
2841 3001 3409 3077 circumciderentur:
3440 3010 3498 3060 ει

1901 3096 1959 3150 ἱιι
1990 3094 2211 3151 Christo
2244 3094 2374 3151 Jesu
2407 3110 2644 3164 veraque
2676 3094 2780 3149 ﬁde
2800 3096 2847 3127 "
2880 3112 2898 3145 ι
2923 3093 3042 3148 Non
3073 3101 3156 3150 est
3188 3096 3494 3160 masculus,

208 3189 439 3261 ἀληθινῇ
466 3190 670 3253 πίστει,
716 3208 735 3241 ι
761 3191 877 3243 Ούκ
906 3188 985 3242 ἔνι
1022 3190 1194 3260 ἄρρεν
1234 3190 1329 3243 καὶ
1379 3190 1536 3257 θῆλυ,
1587 3189 1688 3242 οὐκ
1719 3190 1792 3244 ἔνι

1907 3202 2082 3257 neque
2108 3186 2327 3252 femina,
2354 3202 2462 3242 non
2494 3202 2709 3254 servus,
2729 3203 2906 3257 neque
2936 3186 3093 3251 liber,
3123 3201 3230 3241 non
3250 3184 3495 3251 Graecus,

208 3281 786 3352 δοῦλοςήϋεύθερος,
863 3281 964 3334 οὐκ
1014 3280 1093 3333 ἔνι
1152 3278 1356 3350 Ἕλλην
1419 3280 1453 3350 ἢ
1498 3279 1797 3351 βάρϐαρος,

209 3373 352 3427 ἀλλὰ
410 3376 613 3437 πάντες
648 3373 709 3427 ιν
742 3376 933 3442 ἐσμεν.
957 3391 976 3425 ι
1006 3404 1074 3415 -
1130 3393 1148 3423 ι
1182 3373 1296 3425 Νῦν
1325 3371 1417 3425 οὖν
1438 3372 1525 3437 τίς
1564 3391 1583 3424 ι
1630 3373 1800 3427 Τουτ-

214 3467 354 3531 ἐστι,
386 3465 455 3519 Τί
486 3466 768 3518 ἀπιστεῖτε
802 3464 881 3533 τῷ
937 3464 1079 3536 Θεῷ,
1114 3463 1191 3526 ὡς
1227 3465 1326 3518 οὐκ
1352 3465 1614 3533 ἰσχύοντι,
1644 3467 1800 3534 φησὶ,

215 3558 395 3611 σῶσαι
430 3560 499 3627 τῇ
546 3558 731 3610 πίστει
784 3558 911 3619 τοὺς
964 3556 1439 3627 προσερχομένους
1474 3556 1657 3624 αύτῷ;
1704 3557 1806 3625 Ση-

214 3649 484 3721 μειωτὲον
514 3649 591 3708 δὲ,
623 3650 704 3702 ὅτι
740 3649 810 3700 τὰ
839 3645 1265 3711 δυσκατόρθωτα
1323 3647 1676 3714 ἐπιτάγματα
1705 3648 1806 3716 τῆς

218 3743 427 3814 σαρκὸς
454 3744 517 3795 οὐ
540 3742 624 3796 δεῖ
649 3743 880 3814 ἑπικλᾷν
903 3757 1072 3806 τισιν,
1105 3735 1215 3793 οἷον
1247 3740 1426 3811 ἄκραν
1460 3740 1741 3810 νηστείαν,
1774 3741 1805 3807 ἢ

215 3836 556 3905 γυμνάτητα,
598 3835 630 3902 ἢ
688 3835 920 3903 σιωπὴν,
954 3834 1003 3885 εἰ
1037 3834 1110 3903 μή
1133 3832 1187 3885 τί
1219 3833 1282 3901 γέ
1315 3850 1399 3895 τις
1428 3832 1609 3902 ἑαυτῷ
1634 3832 1807 3886 ταῦτα

218 3928 475 3998 ἐπιτάξῃ.
509 3927 570 3979 Ei
597 3928 705 3994 γὰρ
756 3926 849 3979 καὶ
900 3925 1157 3995 δυσχερῆ,
1209 3924 1345 3978 ἀλλὰ
1388 3923 1495 3995 μὴν
1517 3925 1577 3977 ού
1608 3941 1809 3995 κατορ-

218 4017 477 4086 θώματα,
512 4016 610 4070 καὶ
665 4017 925 4085 γινόμενα
954 4016 1059 4069 ὑπὸ
1084 4014 1294 4067 πολλῶν
1329 4014 1497 4068 καὶού
1522 4015 1807 4084 γινόμενα.

226 4128 245 4160 ι
282 4108 448 4162 Ἀλλὰ
469 4109 556 4161 διὰ
592 4109 690 4178 τῆς
715 4108 937 4179 χάριτος
961 4107 1054 4161 τοῦ
1082 4106 1291 4177 Κυρίου
1336 4105 1512 4176 Ἰησοῦ
1562 4106 1813 4162 πιστεύο-

226 4215 325 4268 μεν
395 4197 704 4265 σωθῆναι.»
780 4198 992 4267 Ὥσπερ
1051 4197 1163 4267 γὰρ
1221 4197 1392 4250 πάλαι
1450 4198 1607 4266 μὲνό
1650 4199 1814 4267 νόμος

220 4292 349 4350 τοὺς
373 4289 836 4356 διαφυλάττοντας
859 4290 929 4340 τὰ
961 4291 1019 4341 ὲν
1050 4288 1201 4358 αὐτῷ
1263 4291 1533 4359 εἰρημένα
1588 4289 1813 4354 ἔσωζεν,

222 4379 370 4433 οὕτω
392 4379 488 4432 νῦν
522 4382 555 4451 ή
589 4380 771 4449 χάρις,
810 4381 904 4434 καὶ
923 4380 1051 4450 δίχα
1079 4384 1178 4449 τῆς
1210 4380 1307 4433 τοῦ
1356 4381 1523 4451 νόμου
1559 4398 1814 4453 παραφυ-

224 4474 420 4544 λακῆς,
448 4472 533 4526 διὰ
564 4472 801 4535 πίστεως
833 4472 1018 4537 σώζει.

821 4565 1211 4620 ΚΕΊΜΕΝΟΝ.

298 4656 456 4710 Μετὰ
491 4656 548 4710 δὲ
580 4659 643 4711 τὸ
686 4658 910 4727 σιγῆσαι
978 4659 1204 4721 αὺτοὺς.
1237 4658 1514 4728 ἀπεκρίθη
1560 4657 1816 4721 Ἰάκωϐος

1844 4547 1892 4605 D

1902 3296 2082 3348 neque
2112 3279 2379 3336 barbarus
2429 3297 2443 3344 ;
2484 3280 2645 3351 267
2678 3279 2771 3335 sed
2804 3294 2995 3335 omnes
3030 3294 3199 3334 unum
3238 3292 3486 3333 sumus.»

1914 3392 1934 3425 ι
1960 3371 2116 3428 Nunc
2138 3388 2270 3443 ergo
2287 3360 2445 3444 quid,
2475 3393 2494 3426 ι
2522 3382 2631 3428 etc.
2662 3371 2776 3427 lloc
2809 3382 2922 3438 est,
2948 3373 3078 3443 quid
3116 3371 3334 3427 adversi
3361 3371 3499 3429 estis

1910 3464 2041 3531 Deo,
2112 3464 2273 3535 quasi
2336 3468 2445 3518 nan
2505 3464 2705 3532 possit,
2754 3464 2954 3534 inquit.
2991 3464 3111 3519 sola
3151 3464 3254 3517 ﬁde
3284 3463 3497 3520 salvare

1910 3556 2232 3611 accedentes
2256 3556 2324 3610 ad
2353 3570 2411 3611 se
2435 3555 2855 3610 ?Adnotandum
2889 3569 3039 3617 vero,
3066 3564 3356 3625 praecepta,
3375 3569 3497 3625 quae

1910 3646 2063 3701 carni
2106 3645 2347 3702 difﬁcilia
2387 3656 2541 3712 sunt,
2574 3656 2634 3701 ut
2674 3648 2913 3717 rigidum
2946 3649 3240 3718 jejunium,
3279 3646 3498 3701 nudita-

1914 3747 2043 3800 tem.
2103 3739 2405 3804 silentium,
2445 3754 2555 3794 non
2601 3755 2724 3795 esse
2763 3740 3093 3810 quibusdam
3143 3739 3496 3810 imponenda,

1914 3833 2019 3886 nisi
2054 3832 2279 3902 ipsisiiii
2302 3848 2364 3887 ea
2392 3833 2771 3903 praescribunt.
2798 3833 2870 3887 Ea
2901 3834 3070 3900 enim,
3108 3834 3210 3889 etsi
3235 3833 3495 3897 difficilia,

1914 3941 2024 3980 non
2083 3934 2210 3980 sunt
2247 3933 2430 3981 tamen
2462 3942 2527 3981 ex
2578 3941 2638 3981 se
2669 3927 2894 3982 omnino
2932 3926 3190 3997 praeclara
3233 3925 3497 3990 facinora,

1913 4027 1967 4071 et
1996 4032 2025 4071 a
2059 4018 2247 4073 multis
2280 4018 2434 4084 ﬁunt,
2473 4030 2528 4073 et
2563 4034 2670 4073 nou
2709 4018 2869 4074 ﬁunt.
2934 4036 2953 4071 ι
3012 4018 3116 4073 Sed
3150 4033 3244 4087 per
3267 4019 3497 4088 gratiam

1919 4106 2133 4162 Domini
2165 4107 2295 4163 Jesu
2330 4110 2536 4163 Christi
2577 4110 2856 4164 credimus
2889 4109 3109 4163 salvari.
3160 4126 3178 4159 ι
3222 4106 3501 4174 Quemad-

1919 4200 2140 4253 modum
2170 4201 2315 4255 enim
2352 4201 2482 4257 olim
2521 4203 2608 4256 lex
2639 4218 2756 4266 eos,
2787 4201 2880 4271 qui
2918 4210 3185 4272 praecepta
3231 4201 3353 4271 ejus
3388 4216 3479 4257 ser

1921 4293 2157 4361 valiant,
2213 4294 2398 4350 salvos
2450 4296 2730 4359 faciebat;
2788 4297 2868 4351 sic
2914 4310 3061 4350 nunc
3110 4296 3284 4366 gratia
3335 4296 3501 4351 etiam

1921 4382 2126 4453 absque
2193 4386 2443 4455 legalium
2512 4394 2915 4458 praeceptorum
2972 4387 3324 4443 observantia
3408 4401 3506 4458 per

1923 4472 2079 4529 ﬁdem
2113 4478 2344 4533 salutem
2378 4480 2590 4535 tribuit.

2590 4568 2889 4625 TEXTUS.

1991 4655 2110 4723 XV,
2160 4660 2344 4715 15-15.
2399 4661 2464 4714 Et
2512 4675 2804 4733 postquam
2865 4673 3181 4728 tacuerunt,
3226 4663 3506 4734 respondit

226 4750 406 4814 λέγων
427 4766 441 4781 ·
476 4750 704 4820 ΙἌνδρες
771 4749 1011 4819 ἀδελφοὶ,
1044 4750 1345 4811 ,ἀκούσατέ
1421 4768 1523 4819 μου
1544 4766 1560 4784 ο
1593 4749 1792 4820 Συμεὼη

1917 4750 2180 4817 Iacobus,
2220 4756 2411 4811 dicens
2446 4773 2459 4809 ε
2494 4756 2611 4810 Viri
2667 4756 2887 4821 fratres,
2936 4757 3121 4810 audite
3172 4770 3280 4811 me.
3316 4753 3505 4809 Simon

228 4841 541 4911 ἐξηγήσατο
570 4841 754 4906 καθὼς
808 4842 1028 4913 πρῶτον
1052 4843 1082 4896 ὁ
1106 4841 1238 4907 Θεὸς
1262 4842 1609 4911 ἐπεσκέψατο
1634 4842 1791 4896 λαὸεἴ

1921 4850 2185 4911 narravit,
2216 4850 2676 4917 quemadmodum
2712 4852 2949 4919 primum
2980 4849 3124 4904 Deus
3140 4849 3382 4904 visitavit
3412 4864 3512 4903 su--
3548 4916 3553 4921 _

228 4932 289 4995 ἐξ
314 4930 487 4984 έθνῶν
508 4931 637 4984 λαὸν
672 4931 748 5000 τῷ
767 4931 995 4999 ὀνόματι
1018 4931 1205 4985 αὑτοῦ.
1245 4932 1357 4989 Καὶ
1383 4932 1562 5003 τούτῳ
1590 4949 1790 5001 συμφω

1924 4952 2073 4993 mere
2117 4955 2181 4992 ex
2220 4940 2474 5009 gentibus
2513 4943 2775 5009 populum
2839 4940 3044 4993 nomini
3110 4955 3233 4992 suo.
3277 4937 3342 4992 Et
3381 4938 3509 4993 huic

229 5023 418 5077 νοῦσιν
444 5026 492 5077 οἱ
517 5024 666 5092 λόγοι
694 5023 802 5078 τῶν
858 5024 1177 5095 προφητῶν,
1210 5023 1395 5087 καθὼς
1453 5025 1765 5093 γέγραπται

1923 5034 2262 5087 concordant
2286 5035 2449 5089 verba
2477 5036 2889 5103 prophrtarutn,
2909 5036 3053 5087 sicut
3092 5034 3355 5101 scriptqu
3380 5041 3461 5086 est
3491 5046 3508 5087 :

411 5122 419 5129 ’
848 5118 1232 5173 EPMHNEIA.
2425 5127 2875 5182 COMMENTAR'.
2890 5126 2993 5182 US.

303 5205 479 5273 Οὗτος
536 5213 565 5264 ὁ
629 5212 897 5283 μακάριος
945 5211 1228 5275 Ἰάκωϐος,
1287 5213 1317 5264 ὁ
1372 5212 1480 5264 τῶν
1523 5210 1790 5281 Ἱεροσολύ

1999 5218 2195 5275 Beatus
2227 5222 2329 5275 iste
2363 5218 2625 5286 Jacobus,
2650 5218 3117 5291 Jerosolymorum
3151 5218 3445 5287 episcOpus
3478 5231 3509 5270 a

236 5321 359 5372 μων
414 5304 524 5357 ὑπὸ
584 5305 796 5373 Κυρίου
856 5304 1270 5377 προχειρισθεὶς
1318 5304 1643 5368 ἐπίσκοπος,
1708 5304 1792 5355 υἱδ

1930 5311 2163 5366 Domino
2217 5312 2572 5379 constitutus,
2621 5312 2764 5368 ﬁlius
2812 5322 2928 5365 erat
2955 5310 3158 5381 Joseph
3204 5293 3341 5364 fabri
3376 5308 3509 5379 (21),

245 5394 449 5465 Ἰωσὴφ
474 5392 542 5465 ἦν
567 5396 659 5450 τοῦ
684 5397 957 5463 τέκτονος,
1006 5396 1233 5466 ἀδελφὸς
1257 5396 1315 5449 δὲ
1345 5397 1485 5450 κατὰ
1517 5396 1698 5467 σάρκα
1728 5412 1787 5448 το

1930 5402 2099 5456 frater
2126 5411 2305 5458 autem
2335 5404 2449 5478 (22)
2482 5404 2781 5460 secundum
2811 5418 3034 5457 carnem
3076 5401 3290 5456 Domini
3335 5399 3509 5455 nostri

329 5558 376 5591 "
404 5557 572 5616 Hebr.
611 5576 648 5627 ι,
682 5560 736 5616 3.
841 5560 883 5592 "
923 5557 1099 5615 Galat.
1130 5573 1211 5623 ιιι,
1238 5557 1332 5614 l8.

1443 5668 1646 5730 Variae
1684 5666 1985 5731 lectiones
2024 5678 2087 5733 et
2131 5679 2320 5735 noue.

310 5781 427 5851 (21)
457 5779 587 5851 Seu,
612 5778 797 5850 sponsi
822 5778 879 5832 Β.
908 5777 1089 5851 Mari-.1:
1135 5774 1403 5851 Virginis.

313 5781 395 5851 (21
457 5781 587 5845 Seu,
612 5781 797 5850 sponsi
822 5781 879 5832 Β.
908 5781 1089 5833 Mari-.1:
1137 5781 1403 5847 Virginis.

313 5781 431 5921 (‘22;
476 5850 533 5906 ld
564 5858 671 5917 est,
720 5848 1171 5920 consanguineus
1202 5846 1355 5919 juxta
1400 5845 1839 5903 communiorem
1877 5842 2229 5899 sententiam.
