4164 6444
760 400 865 459 ΕΠΩ

1711 395 2284 458 THEOPHYLACTI
2319 394 2724 455 BULGARHS
2759 392 3111 452 ARCHIEP.

3890 389 3999 452 980

752 509 882 567 Jcsn
917 510 1146 566 Christi.
1172 510 1462 580 Sapienter
1491 521 1667 566 autem
1700 528 1762 568 ex
1817 514 1975 567 novis
2027 511 2320 565 veteribus-

2439 509 2645 576 Κυρίου
2697 508 2853 577 ἡμῶν
2888 506 3060 573 Ἰησοῦ
3112 504 3370 572 Χριστοῦ.
3429 502 3671 565 Συνετῶς
3708 502 3763 555 δὲ
3797 503 3905 554 ἀπό
3942 520 4006 553 τε

755 617 863 671 que
923 602 1201 671 prophetis
1255 616 1368 656 rem
1403 606 1736 672 propositam
1769 603 2057 657 confirmat
2096 621 2107 655 :
2147 616 2321 670 neque

755 695 900 747 enim
944 702 1149 762 poterat
1182 693 1327 762 quod
1374 695 1663 757 sentiebat,
1708 694 1850 748 facto
1884 695 2066 764 aliquo
2093 693 2323 748 demon-

758 795 954 846 stiare,
987 784 1445 851 quemadmodum
1478 785 1671 839 Petrus
1700 796 1754 840 et
1797 786 1994 841 Paulus
2023 786 2135 854 jam
2184 784 2325 838 fece-

759 884 898 927 rant.
928 873 1094 929 Recte
1134 886 1312 930 autem
1352 878 1672 946 dispositum
1700 878 1820 942 fuit,
1845 887 1903 932 ut
1932 894 2025 947 per
2057 877 2175 931 illos
2211 876 2325 933 haec

761 968 971 1030 fierent,
1004 969 1096 1035 qui
1143 967 1500 1039 Jerosolymis
1530 970 1672 1024 haud
1711 970 1804 1022 ditt
1834 970 2096 1023 moraturi
2123 978 2281 1023 erant
2309 988 2321 1022 :

757 1077 823 1114 ne
860 1060 950 1129 qui
994 1061 1129 1115 istos
1155 1061 1398 1127 doceret,
1435 1062 1606 1131 culpa:
1637 1064 1797 1116 alieni
1840 1062 2112 1117 videretur
2158 1061 2325 1116 obno-

757 1149 902 1217 xius,
936 1164 999 1204 ac
1026 1166 1092 1204 ne
1119 1153 1386 1205 sententia
1414 1152 1800 1205 dividerentur.

1410 1241 1709 1297 TEXTUS.

825 1331 942 1395 XV,
977 1331 1155 1386 16-54.
1184 1332 1309 1388 Post
1341 1335 1455 1388 hinc
1486 1345 1750 1397 revertar,
1791 1347 1845 1389 et
1875 1338 2213 1390 remtlifieabo
2241 1346 2326 1388 ta-

758 1425 1112 1479 bernaculum
1146 1425 1334 1489 David,
1365 1427 1507 1495 quod
1539 1427 1761 1486 decidit.
1790 1438 1843 1481 et
1876 1429 2056 1483 diruta
2087 1431 2207 1497 ejus
2234 1446 2321 1483 re—

756 1513 1052 1579 aulifieabo,
1081 1525 1129 1569 et
1150 1516 1351 1585 erignm
1375 1517 1532 1570 illud:
1562 1527 1615 1570 ut
1639 1518 1923 1586 requirant
1951 1520 2133 1572 cmteri
2156 1520 2327 1572 homi-

757 1600 884 1658 num
920 1604 1300 1669 Doininum,et
1318 1622 1505 1661 omnes
1528 1618 1736 1675 gentes,
1770 1624 1933 1677 super
1948 1625 2088 1678 quas
2111 1613 2328 1663 invoca-

758 1705 871 1746 tum
901 1705 1195 1750 estnomen
1232 1713 1429 1759 meum,
1467 1698 1599 1751 dicit
1630 1697 1886 1752 Dominus
1910 1740 1924 1762 ,
1956 1700 2162 1752 faciens
2192 1701 2324 1752 hate.

756 1785 952 1839 Notum
972 1803 1000 1839 a
1022 1788 1221 1841 smeulo
1244 1799 1325 1841 est
1340 1788 1564 1839 Domino
1582 1803 1718 1855 opus
1741 1803 1920 1842 suum.
1946 1789 2167 1857 PrOpter
2186 1790 2324 1855 quod

2432 601 2585 661 νέων,
2644 600 2755 652 ἀπό
2782 617 2842 651 τε
2874 599 2983 650 τῶν
3027 597 3277 649 παλαιῶν
3339 596 3645 664 βεϐαιοῦται
3704 594 4008 664 προφητῶν

2428 695 2520 746 τὸν
2545 692 2723 757 λόγον.
2759 692 2833 743 Ού
2866 690 2976 759 γὰρ
3009 686 3122 757 εἷχέ
3150 704 3202 739 τι
3232 690 3461 756 πρᾶγμα
3514 686 3705 750 δεῖξαι,
3744 685 4006 752 καθάπερ

2432 786 2636 855 Πέτρος
2674 785 2739 852 δὴ
2773 785 2866 835 καὶ
2925 781 3158 844 Παῦλος.
3222 778 3415 840 Καλῶς
3447 780 3502 830 δὲ
3533 780 3904 845 οἰκονομεῖται
3935 776 4005 829 δι’

2430 878 2656 929 ἐκείνων
2679 873 2853 927 ταῦτα
2865 873 3143 941 γενέσθαι,
3163 871 3272 925 τῶν
3295 871 3354 923 ού
3395 870 3697 938 μελλόντων
3728 868 4007 939 χρονίζειν

2429 972 2538 1031 τοῖς
2583 966 2972 1039 Ἰεροσολύμοις
3002 977 3021 995 ⁸
3060 964 3219 1017 τοῦτο
3241 964 3318 1029 δὲ,
3349 961 3535 1035 [ὥστε]
3559 964 3647 1014 τὸν
3675 963 3999 1015 διδάσκοντα

2429 1060 2625 1121 αὐτοὺς
2660 1057 2734 1128 μὴ
2763 1053 2900 1110 εἶναι
2956 1055 3274 1119 ὑπεύθυνον,
3333 1055 3466 1126 μηδὲ
3532 1054 3639 1124 μὴν
3666 1053 3997 1124 ἀπεσχίσθαι

2428 1151 2527 1219 τῆς
2560 1150 2805 1221 γνώμης-

3015 1240 3401 1296 KEIMENON.

2500 1337 2658 1391 Μετά
2711 1338 2887 1392 ταῦτα
2935 1334 3259 1405 ἀναστρέψω
3317 1335 3413 1387 καὶ
3456 1331 3865 1400 ἀνοικοδομήσω
3902 1330 4003 1399 τὴν

2432 1432 2634 1502 σκηνὴν
2691 1430 2855 1483 Aa.th
2886 1429 2983 1499 τὴν
3019 1433 3394 1492 πεπτωκυῖαν,
3450 1428 3545 1480 καὶ
3575 1427 3643 1478 τὰ
3680 1442 4004 1492 κατεσκαμ-

2435 1525 2574 1591 μένα
2634 1522 2804 1591 αὐτῆς
2854 1520 3285 1588 ἀνοικοδομήσω,
3332 1520 3431 1572 καὶ
3458 1518 3751 1588 ἀνορθώσω
3781 1516 3956 1584 αὑτήν
3982 1532 3997 1544 ·

2430 1616 2576 1675 ὅπως
2608 1614 2675 1667 ἂν
2712 1612 3088 1682 ἐκζητήσωσιν
3117 1613 3166 1663 oi
3207 1611 3526 1663 κατάλοιποι
3556 1609 3663 1662 τῶν
3692 1607 4003 1677 ἀνθρώπων

2431 1704 2521 1755 τὸν
2557 1702 2782 1770 Κύριον,
2811 1702 2905 1754 καὶ
2948 1703 3123 1755 πάντα
3154 1699 3222 1752 τά
3253 1698 3380 1768 ἔθνη
3407 1699 3491 1765 ἐφ’
3515 1699 3609 1761 οὓς
3638 1698 4001 1765 ἐπικέκληται

2431 1792 2491 1845 τό
2512 1792 2682 1861 ὄνομά
2718 1809 2819 1861 μου
2865 1792 2953 1843 ἐπ’
3002 1792 3219 1853 αὐτοὺς,
3278 1791 3424 1857 λέγει
3486 1790 3710 1860 Κύριος.
3759 1793 3787 1841 ὁ
3826 1789 4000 1840 ποιῶν

755 1896 858 1947 ego
896 1881 1104 1949 judico,
1158 1898 1265 1934 non
1316 1880 1602 1948 inquietari
1638 1895 1755 1942 eos,
1818 1883 1908 1948 qui
1959 1896 2024 1934 ex
2075 1882 2320 1951 gentibus

2431 1883 2603 1937 ταῦτα
2628 1885 2828 1935 πάντα.
2855 1883 3075 1934 Γνωστά
3109 1885 3203 1934 ὁπ’
3228 1884 3420 1944 αἰῶνός
3450 1885 3563 1934 ἐστι
3587 1881 3662 1951 τῷ
3679 1880 3799 1949 Θεῷ
3820 1881 4002 1932 πάντα

755 1980 1153 2024 convertuntur
1182 1969 1247 2022 ad
1287 1969 1476 2033 Deum,
1504 1971 1596 2024 sed
1630 1970 1869 2025 scribere
1896 1971 1962 2024 ad
1986 1994 1997 2021 ι
2018 1985 2082 2025 os
2110 1983 2165 2026 ut
2198 1973 2323 2027 abs-

756 2064 969 2114 tineant
1026 2077 1084 2116 se
1121 2076 1150 2114 a
1194 2062 1758 2117 contaminationibus
1788 2062 2230 2129 simulacrorum,
2270 2072 2324 2117 et

754 2153 1137 2217 fornicatione,
1190 2163 1246 2208 et
1290 2154 1593 2217 suffocatis,
1656 2162 1710 2208 et
1766 2155 2049 2222 sanguine.
2112 2154 2324 2224 Moyses

751 2244 900 2295 enim
927 2258 956 2295 a
986 2245 1323 2310 temporibus
1354 2246 1593 2311 antiquis
1620 2244 1785 2297 habet
1814 2244 1981 2313 268
2012 2245 2064 2296 in
2095 2246 2323 2312 singulis

754 2336 1068 2389 civitatibus
1098 2337 1187 2403 qui
1219 2350 1341 2389 eum
1375 2336 1666 2404 praedicent
1694 2337 1747 2388 in
1779 2337 2088 2404 synagogis,
2118 2334 2205 2388 tibi
2231 2350 2324 2402 per

758 2441 919 2479 omne
954 2425 1250 2480 Sabbatnm
1304 2427 1521 2496 legitur.
1560 2426 1714 2481 Tunc
1757 2426 1957 2496 placuit
1987 2428 2245 2495 apostolis
2274 2439 2324 2482 et

756 2517 1067 2573 senioribus
1104 2533 1226 2569 eum
1268 2521 1413 2572 omni
1452 2516 1691 2570 Ecclesia
1723 2518 1922 2586 eligere
1954 2519 2098 2571 viros
2132 2533 2194 2570 ex
2222 2519 2321 2579 eis,

754 2620 803 2661 et
837 2608 1051 2660 mittere
1080 2607 1424 2660 Antiochiam
1460 2622 1580 2658 enm
1616 2604 1810 2670 Paulo,
1842 2615 1897 2660 et
1932 2606 2196 2665 Barnaba,
2226 2605 2323 2659 Ju-

752 2699 877 2750 dam
912 2698 1004 2767 qui
1033 2697 1522 2767 cognominabatur
1544 2696 1837 2761 Barsabas,
1863 2706 1917 2751 et
1950 2698 2140 2759 Silam,
2177 2699 2323 2750 viros

756 2790 963 2857 primos
994 2790 1045 2840 in
1091 2788 1370 2851 fratribus,
1402 2788 1704 2842 scribentes
1735 2803 1828 2857 per
1856 2802 2049 2841 manus
2080 2804 2267 2841 eorum
2307 2802 2320 2837 :

755 2882 1002 2950 :tpostoli
1024 2892 1078 2937 et
1109 2884 1348 2936 seniores
1373 2882 1591 2945 fratres,
1616 2882 1698 2935 his
1733 2881 1823 2949 qui
1847 2893 1974 2935 sunt
1996 2880 2315 2943 Antioebite,

752 2983 804 3026 et
830 2973 1018 3045 Syriae,
1051 2984 1103 3028 et
1132 2973 1352 3037 Ciliciae,
1388 2971 1650 3026 fratribus
1681 2987 1743 3024 ex
1764 2972 2033 3042 gentibus,
2071 2971 2322 3025 salutem.

754 3065 1023 3129 Quoniam
1058 3063 1386 3126 audivimus,
1415 3064 1543 3132 quia
1582 3062 1801 3132 quidem
1836 3077 1901 3115 ex
1936 3060 2091 3115 nobis
2119 3076 2325 3115 exeun-

752 3167 835 3211 tes
870 3157 1226 3211 turbaverunt
1263 3171 1357 3208 vos
1399 3155 1596 3217 verbis,
1647 3161 1949 3207 ever-tentet
1986 3154 2197 3207 animas
2236 3169 2325 3206 re-

2428 1977 2495 2028 τά
2518 1975 2653 2042 ἔργα
2679 1973 2865 2027 αὑτοῦ.
2901 1973 2989 2025 Διό
3011 1972 3122 2039 ἐγὼ
3145 1974 3335 2043 κρίνω,
3376 1975 3452 2042 μὴ
3482 1973 3837 2043 παρενοχλεῖν
3882 1973 3997 2030 τοῖς

2426 2065 2533 2117 ἀπὸ
2582 2064 2689 2115 τῶν
2732 2063 2903 2115 ἐθνῶν
2952 2063 3373 2131 ἐπιστρέφουσιν
3415 2065 3509 2115 ἐπὶ
3561 2064 3654 2114 τὸν
3688 2063 3842 2125 Θεὸν,
3874 2060 3998 2114 ἀλλ’

2424 2155 2725 2207 ἐπιστεῖλαι
2764 2156 2944 2215 αὐτοῖς
2979 2154 3074 2205 τοῦ
3128 2154 3429 2223 ἀπέχεσθαι
3481 2154 3682 2215 αὐτοῦς
3744 2152 3854 2206 ἀπὸ
3886 2152 3999 2203 τῶν

2425 2248 2815 2317 ἀλισγημάτων
2875 2251 2986 2301 τῶν
3040 2248 3295 2311 εἰδώλων,
3339 2250 3556 2316 καὶτῆς
3585 2248 3866 2317 πορνείας,
3902 2246 4001 2299 καὶ

2425 2338 2520 2390 τοῦ
2555 2338 2804 2402 πνικτοῦ,
2826 2340 2922 2391 καὶ
2956 2340 3051 2393 τοῦ
3080 2342 3335 2407 αἵματος.
3392 2339 3635 2407 Μωῦσῆς
3672 2338 3783 2408 γάρ
3808 2341 3875 2389 ἐκ
3902 2355 3999 2404 γε-

2424 2429 2531 2480 νῆν
2554 2429 2816 2498 ἀρχαίων,
2850 2430 2992 2481 κατά
3034 2430 3188 2482 πόλιν
3230 2428 3357 2490 τοῦς
3414 2428 3789 2498 κηρύσσοντας
3834 2426 4002 2479 αὑτὸν

2425 2518 2535 2586 ἔχει
2558 2520 2615 2568 ἐν
2640 2521 2759 2579 ταῖς
2783 2519 3149 2585 συναγωγαῖς⁵
3180 2518 3319 2571 κατά
3347 2520 3454 2570 πᾶν
3489 2517 3768 2570 Σάϐϐατόν
3797 2520 3997 2579 ἀναγι-

2427 2609 2791 2676 νωσκόμενος.
2840 2608 2971 2660 Τότε
3027 2608 3171 2672 ἔδοξε
3206 2611 3319 2669 τοῖς
3384 2607 3702 2667 ἀποστόλοις
3751 2606 3851 2658 καὶ
3885 2609 4000 2666 τοῖς

2427 2697 2818 2765 πρεσίυτέροις
2846 2700 2955 2752 ,σὺν
2978 2698 3073 2768 ὅλῃ
3102 2700 3168 2768 τῇ
3203 2696 3502 2767 Ἐκκλησία
3525 2735 3540 2757 ,
3600 2695 4000 2764 ἐκλεξαμένους

2427 2788 2622 2856 ἄνδρας
2654 2790 2712 2853 ἐξ
2770 2789 2953 2841 αὐτῶν
3007 2788 3221 2857 πέμψαι
3270 2790 3347 2851 εἰς
3393 2788 3728 2858 ’Δντιόχειαν
3772 2790 3872 2840 σὺν
3920 2787 4001 2854 τῷ

2428 2879 2624 2947 Παύλῳ
2654 2878 2745 2930 καὶ
2774 2878 2852 2948 τῷ
2885 2881 3164 2950 Βαρνάᾶι,
3209 2881 3409 2933 Ἰούδαν
3442 2880 3533 2932 τὸν
3562 2879 3996 2947 ἐπικαλούμενον

2427 2968 2741 3035 Βαρσαϐἀν,
2792 2970 2886 3021 καὶ
2938 2969 3120 3028 Σίλαν,
3181 2970 3380 3039 ἄνδρας
3415 2970 3750 3039 ἡγουμένους
3789 2972 3849 3021 ἐν
3879 2973 3993 3032 τοῖς

2425 3059 2694 3128 ἀδελφοῖς,
2728 3059 3037 3129 γράψαντες
3068 3062 3154 3113 διὰ
3176 3061 3354 3131 χειρός
3386 3061 3564 3115 αὐτῶν
3585 3063 3732 3115 τάδε·
3771 3062 3837 3114 Οἱ
3858 3064 3998 3115 άπόο

2431 3153 2625 3214 στόλοι,
2647 3154 2740 3204 καὶ
2771 3154 2820 3205 οἱ
2859 3152 3241 3223 πρεσϐύτεροι,
3274 3154 3366 3206 καὶ
3388 3156 3438 3206 οἱ
3460 3154 3697 3221 ἀδελφοὶ,
3726 3156 3841 3217 τοῖς
3858 3156 3999 3207 κατά

753 3259 918 3312 stras,
949 3249 1149 3316 quibus
1180 3261 1286 3300 non
1315 3246 1693 3300 mandavimus
1720 3265 1731 3298 :
1777 3245 1981 3314 placuit
2012 3246 2169 3298 nobis
2209 3245 2320 3299 col-

2424 3245 2523 3312 τὴν
2564 3245 2915 3313 Ἀντιόχειαν,
2952 3246 3045 3298 καὶ
3065 3246 3280 3314 Συρίαν,
3316 3248 3409 3298 καὶ
3444 3246 3719 3309 Κιλικίαν,
3747 3248 3999 3314 ἀδελφοῖς

752 3341 908 3394 lectis
932 3340 986 3392 in
1017 3353 1181 3393 unum
1207 3338 1407 3406 eligere
1433 3340 1596 3399 viros,
1621 3347 1673 3392 et
1708 3337 1923 3390 mittere
1956 3335 2021 3389 ad
2058 3351 2173 3396 vos.
2196 3350 2318 3390 Cum

751 3429 1091 3483 clsarissimis
1148 3428 1351 3481 nostris
1381 3414 1622 3482 Dat-nabat
1656 3437 1708 3481 et
1766 3427 1954 3490 Paulo,
2008 3426 2320 3480 hominibus

751 3518 845 3587 qui
900 3517 1239 3571 tradiderunt
1284 3517 1498 3570 animas
1534 3530 1664 3570 suas
1701 3512 1799 3584 pro
1850 3516 2068 3569 nomine
2110 3515 2317 3570 Domini

753 3609 926 3663 nostri
956 3607 1083 3661 Jesu
1122 3607 1348 3661 Christi.
1389 3607 1632 3661 Misimus
1662 3622 1792 3677 ergo
1818 3605 2015 3662 Iudam
2046 3617 2098 3661 et
2127 3606 2317 3671 Silam,

751 3700 844 3769 qui
874 3708 925 3752 et
958 3699 1059 3767 ipsi
1092 3700 1243 3751 vobis
1276 3699 1451 3751 verbis
1501 3698 1738 3752 referant
1764 3698 1975 3753 eadem.
2005 3696 2194 3751 Visum
2237 3708 2320 3752 est

753 3793 899 3846 enim
927 3792 1156 3861 Spiritui
1191 3800 1380 3845 sancto
1411 3800 1462 3843 et
1491 3790 1669 3852 nobis,
1704 3791 1836 3842 nihil
1874 3791 2011 3844 ultra
2040 3789 2319 3858 imponere

750 3885 907 3938 vobis
941 3884 1144 3945 oneris,
1177 3899 1337 3950 quam
1367 3882 1478 3934 haec
1508 3881 1813 3934 necessaria
1849 3898 1864 3937 :
1898 3888 1955 3933 ut
1984 3880 2314 3933 abstineatis

750 3992 849 4031 vos
899 3974 968 4027 ab
1020 3974 1314 4027 immolatis
1359 3972 1795 4033 simulacromtn,
1852 3979 1905 4023 et
1942 3972 2227 4039 sanguine,
2265 3978 2318 4022 et

749 4066 1033 4128 suffocato,
1081 4074 1135 4118 et
1192 4063 1572 4126 fornicatione,
1624 4077 1652 4115 a
1700 4062 1900 4130 quibus
1939 4062 2316 4115 custodientes

750 4175 848 4213 vos
895 4159 1033 4211 bene
1073 4156 1263 4225 agetis.
1296 4154 1500 4209 Valete.
1543 4155 1620 4207 llli
1666 4168 1797 4222 ergo
1825 4153 2058 4213 dimissi.
2090 4152 2317 4206 descen-

749 4252 947 4303 derunt
1007 4248 1348 4301 Antiochiam
1453 4256 1508 4299 et
1591 4254 1918 4314 congregata
1971 4241 2316 4296 multitudine

750 4341 1093 4397 tradiderunt
1120 4339 1425 4406 epistolam.
1456 4335 1769 4399 Quamcum
1811 4335 2086 4402 Iegissrnt,
2145 4333 2314 4403 gavisi

751 4441 880 4486 sunt
913 4446 1078 4498 super
1117 4428 1512 4482 consolatione.
1557 4424 1728 4479 Judas
1762 4435 1939 4478 autem
1972 4434 2023 4477 et
2055 4423 2192 4476 Silas
2214 4464 2227 4487 ,
2261 4432 2315 4476 et

2422 3337 2531 3397 τοῖς
2554 3335 2612 3398 ἐξ
2634 3336 2801 3387 ἐθνῶν
2856 3337 3086 3406 χαίρειν.
3133 3337 3349 3406 Ἐπειδὴ
3376 3338 3692 3406 ἠκούσαμεν
3723 3340 3806 3392 ὅτι
3852 3340 3999 3402 τινὲς

2421 3425 2482 3489 ἐξ
2516 3425 2670 3495 ἡμῶν
2731 3427 3042 3489 ἐξελθόντες
3088 3429 3359 3497 ἐτάραξαν
3402 3430 3547 3498 ὑμᾶς
3594 3430 3772 3496 λόγοις
3799 3469 3812 3488 .
3867 3431 3999 3483 ἀνα-

2423 3519 2779 3581 σκευάζοντες
2809 3519 2906 3581 τάς
2936 3520 3113 3589 ψυχάς
3147 3520 3319 3588 ὑμῶν,
3373 3521 3618 3588 λέγοντες
3668 3524 3997 3589 περιτέμνεο

2425 3609 2548 3662 σθαι
2590 3610 2684 3661 καὶ
2733 3612 2920 3680 τηρεῖν
2978 3610 3069 3663 τὸν
3122 3612 3307 3680 νόμον,
3343 3610 3423 3674 οἷς
3446 3614 3506 3665 οὐ
3536 3613 3954 3682 διεστειλάμεθα
3979 3631 3994 3645 ο

2421 3698 2595 3761 ἔδοξεν
2632 3697 2765 3766 ἡμῖν
2831 3699 3145 3769 γενομένοις
3188 3700 3549 3770 ὁμοθυμαδὸν,
3596 3702 3999 3769 ἐκλεξαμένοις

2419 3788 2617 3857 ἄνδρας
2670 3789 2809 3854 πρὸς
2829 3791 2862 3855 ἡ
2870 3792 2978 3857 μᾶς
3006 3790 3239 3859 πέμψαι,
3264 3792 3362 3844 σῦν
3378 3794 3484 3854 τοῖς
3502 3793 3807 3861 ἀγαπητοῖς
3837 3794 3870 3859 ἦ
3877 3794 3999 3860 μῶν

2422 3880 2677 3950 Βαρνάὸᾳ
2712 3880 2807 3932 καὶ
2850 3880 3067 3951 Παύλῳ,
3102 3882 3415 3952 ἀνθρώποις
3452 3884 3866 3953 παραδεδωκόσι
3892 3885 3997 3945 τάς

2418 3971 2595 4040 ψυχάς
2655 3973 2835 4025 αὐτῶν
2868 3973 3011 4042 ὑπὲρ
3036 3972 3131 4026 τοῦ
3178 3974 3440 4041 ὀνόματος
3466 3973 3559 4026 τοῦ
3593 3975 3801 4041 Κυρίου
3835 3975 4000 4042 ἡμῶν

2433 4062 2605 4129 Ἰησοῦ
2652 4062 2914 4130 Χριστοῦ.
2984 4064 3434 4129 Ἀπεστάλκαμεν
3478 4058 3573 4116 οὖν
3638 4064 3840 4115 Ἰούδαν
3901 4068 3999 4115 καὶ

2419 4153 2597 4215 Σίλαν,
2631 4153 2723 4205 καὶ
2738 4154 2931 4217 αὐτοὺς
2962 4154 3049 4207 διὰ
3070 4154 3229 4221 λόγου
3252 4153 3695 4221 ἀπαγγέλλοντας
3722 4156 3789 4205 τὰ
3820 4156 3993 4207 αὐτά.

2422 4244 2607 4308 Ἔδοξε
2666 4246 2773 4314 γὰρ
2798 4244 2876 4314 τῷ
2906 4245 3049 4316 άγίῳ
3112 4245 3392 4313 Πνεύματι
3455 4246 3549 4297 καὶ
3606 4246 3759 4313 ἡμῖν,
3824 4247 4000 4313 μηδὲν

2418 4334 2578 4385 πλέον
2636 4333 2975 4386 ἐπιτίθεσθαι
3029 4334 3154 4401 ὑμῖν
3205 4333 3393 4402 βάρος,
3447 4332 3585 4403 πλὴν
3626 4333 3833 4385 τούτων
3883 4334 4001 4386 τῶν

2417 4423 2748 4489 ἐπάναγκες,
2797 4423 3096 4492 ἀπέχεσθαι
3128 4424 3517 4489 εἰδωλοθύτων,
3577 4424 3671 4476 καὶ
3724 4426 3985 4493 αἵματος,

749 4525 850 4587 ipsi
880 4536 1002 4575 eum
1038 4529 1220 4575 essent
1263 4518 1553 4586 prophetae,
1586 4517 1751 4569 verbo
1781 4515 2012 4584 plnrinto
2044 4514 2309 4567 consolati

2423 4514 2510 4567 καὶ
2539 4512 2786 4576 πνικτοῦ,
2812 4514 2905 4565 καὶ
2928 4514 3183 4583 πορνείας
3208 4530 3221 4544 °
3250 4513 3309 4578 ἐξ
3334 4507 3408 4566 ὧν
3432 4513 3827 4583 διατηροῦντες
3864 4517 3997 4567 ἐαυ-

745 4623 874 4668 stunt
918 4612 1112 4665 fratres
1175 4617 1227 4660 et
1274 4607 1761 4661 confirmaverunt.
1814 4603 1981 4657 Facto
2022 4616 2200 4659 autem
2237 4604 2310 4657 ibi

744 4705 1026 4766 aliquanto
1054 4710 1315 4767 tempore,
1342 4697 1554 4749 dimissi
1584 4704 1709 4747 sunt
1749 4710 1872 4748 cum
1908 4709 2039 4761 pace
2073 4709 2100 4745 a
2132 4693 2315 4746 fratri-

745 4794 849 4850 bus
924 4794 987 4842 ad
1031 4806 1124 4843 eos
1173 4789 1263 4856 qui
1315 4787 1575 4841 miserant
1610 4786 1747 4839 illos.
1801 4783 1986 4837 Visum
2018 4792 2195 4838 autem
2232 4794 2315 4838 est

747 4888 871 4941 Sila:
905 4886 974 4939 ibi
1007 4898 1307 4937 remanere.

758 4981 954 5040 Ἰούδας
985 4978 1039 5029 δὲ
1077 4977 1169 5030 καὶ
1220 4974 1397 5038 Σίλας,
1445 4973 1537 5025 καὶ
1600 4971 1753 5024 αὐτοὶ
1804 4969 2074 5038 προφῆται
2119 4968 2290 5031 ὄντες,

2419 4606 2549 4668 τοὺς
2583 4600 2641 4658 εῦ
2675 4605 2930 4675 πράξετε.
2967 4603 3273 4677 Ἔρρωσθε.
3310 4606 3373 4657 Oi
3406 4605 3506 4672 μὲν
3536 4602 3651 4669 οῦν,
3687 4606 3997 4659 ἀπολυθέν-

2421 4712 2510 4757 τες
2533 4694 2642 4747 ἀπὸ
2661 4694 2761 4761 τῆς
2808 4693 3155 4764 Ἐκκλησίας,
3188 4694 3456 4762 κατῆλθον
3486 4697 3567 4757 εἰς
3614 4696 3951 4765 Ἀντιόχειαν
3983 4714 3997 4727 ·

2423 4787 2518 4837 καὶ
2553 4788 2947 4852 συναγαγόντες
2988 4785 3048 4837 τὸ
3076 4785 3298 4855 πλῆθος,
3327 4786 3607 4838 ἐπέδωκαν
3646 4786 3744 4856 τὴν
3776 4789 4001 4838 ἐπιστο-

2426 4877 2548 4945 λήν.
2587 4876 2939 4943 Ἀναγνόντες
2964 4877 3021 4929 δὲ
3073 4878 3350 4946 ἐχάρησαν
3403 4879 3497 4929 ἐπὶ
3531 4881 3597 4946 τῇ
3624 4877 3996 4945 παρακλήσει.

2366 4968 2454 5021 διὰ
2513 4967 2668 5036 λόγου
2720 4967 2914 5020 πολλοῦ
2975 4970 3355 5037 παρεκάλεσαν
3425 4969 3550 5030 τοῦς
3588 4968 3853 5034 ἀδελφοὺς
3903 4988 4000 5022 και

745 5072 1123 5140 ἐπεστήριξαν.
1178 5068 1503 5137 Ποιήσαντες
1552 5064 1608 5116 δὲ
1655 5065 1842 5133 χρόνον
1866 5103 1879 5124 ,
1911 5060 2255 5129 ἀπελύθησαν
2295 5060 2411 5129 μετ’
2444 5062 2663 5131 εἰρηνης
2689 5061 2797 5113 ἀπὸ
2822 5060 2926 5112 τῶν
2968 5059 3210 5128 ἀδελφῶν
3242 5061 3377 5127 πρὸς
3404 5060 3529 5121 τοῦς
3565 5058 3997 5123 ἀποστείλαντας

745 5164 962 5227 αὐτούς.
995 5162 1173 5227 Ἔδοξε
1206 5161 1263 5215 δὲ
1291 5160 1368 5229 τῷ
1388 5158 1515 5229 Σίλᾳ
1542 5160 1815 5225 ἐπιμεῖναι
1841 5155 2026 5209 αὑτοῦ.

1244 5254 1739 5310 COMMENTAHII'
1754 5255 1791 5309 S
1813 5293 1825 5307 .

821 5378 838 5407 ι
866 5352 1220 5411 Retetlifteabo
1249 5351 1676 5411 tabernaculum,
1706 5371 1721 5401 ι
1760 5350 1864 5402 boc
1894 5360 1997 5413 est,
2026 5362 2320 5403 ctittt'etsos

746 5466 808 5502 ex
844 5447 1093 5515 gentibus
1116 5444 1181 5498 ad
1214 5446 1514 5506 Christum,
1542 5452 1593 5498 et
1627 5452 1845 5497 voratos
1875 5443 2092 5496 nomine
2123 5441 2313 5509 ipsius.

745 5539 846 5596 Alii
872 5550 1044 5590 autem
1067 5543 1258 5605 putant
1282 5535 1395 5587 haec
1412 5534 1476 5588 de
1492 5534 1612 5602 ejus
1633 5535 2035 5587 resurrectione
2070 5549 2132 5587 ex
2170 5546 2315 5584 mor-

746 5631 859 5682 tuis
877 5628 1018 5679 dieta
1046 5642 1184 5679 esse.
1205 5624 1339 5677 Cum
1381 5624 1523 5677 enim
1558 5624 1697 5678 Deus
1720 5623 1877 5679 Pater
1899 5623 2308 5677 tabernaculum

750 5719 867 5773 Filii
902 5719 953 5769 in
982 5715 1558 5783 mortemprolapsum,
1594 5716 1643 5767 id
1678 5725 1761 5769 est
1812 5730 2028 5769 carnem
2066 5730 2129 5766 ex
2166 5723 2307 5767 terra

747 5824 946 5873 ortam,
1002 5807 1360 5869 resuscitatit,
1399 5816 1508 5859 tum
1560 5815 1670 5860 tota
1726 5807 1959 5861 humana
2007 5816 2198 5861 natura
2241 5805 2303 5858 ad

3022 5246 3406 5299 EPMHNEIA.

2488 5336 2885 5398 Τουτέστιτοὺς
2907 5337 2965 5401 ἐξ
2991 5334 3159 5388 ἐθνῶν
3178 5334 3609 5406 ἐπιστρέψαντας
3628 5336 3705 5396 εἰς
3728 5334 3989 5403 Χριστὸν,

2417 5434 2511 5487 καὶ
2558 5431 2859 5500 κληθέντας
2892 5428 2968 5497 τῷ
3012 5429 3237 5496 ὀνόματι
3281 5426 3375 5480 τοῦ
3420 5425 3679 5496 Χριστοῦ.
3711 5428 3898 5479 Ἄλλοι
3932 5428 3989 5481 δὲ

2417 5528 2493 5588 εἰς
2525 5525 2623 5591 τὴν
2658 5524 2721 5574 ἐκ
2738 5520 2948 5589 νεκρῶν
2980 5520 3279 5573 ἀνάστασιν
3308 5518 3471 5571 αὐτοῦ
3529 5517 3702 5572 ταῦτα
3732 5519 3992 5588 εἰρῆσθαί

2417 5631 2571 5682 φασι.
2647 5612 2757 5681 Τὴν
2814 5610 2923 5680 γάρ
2985 5612 3064 5673 είς
3096 5610 3187 5662 τὶν
3226 5609 3456 5662 θάνατον
3494 5607 3659 5661 αὐτοῦ
3707 5608 3989 5662 πεσοῦσαν

2420 5707 2642 5775 σκηνὴν,
2674 5705 2922 5755 τουτέστι
2955 5702 3017 5755 τὸ
3045 5702 3150 5754 ἀπὸ
3182 5702 3284 5769 γῆς
3328 5702 3570 5764 σαρκῗον,
3602 5701 3987 5767 ἀνεγείραντός

2414 5799 2501 5850 τοῦ
2534 5796 2666 5848 θεοῦ
2700 5797 2791 5851 καὶ
2841 5795 3072 5865 Πατρὶς.
3130 5794 3244 5851 τότε
3281 5795 3389 5846 πᾶν
3415 5793 3475 5845 τό
3518 5792 3864 5864 ἀνθρώπινον
3900 5793 3984 5851 εἰς
