4164 6444
849 435 1384 499 EXPOSITIONIS
1428 439 1507 500 1N
1540 438 1730 501 ACTA
1752 438 2054 501 TEX'I‘US
2084 432 2354 505 ALTER.
2408 466 2472 477 —
2505 441 2665 504 CAP.
2709 441 2829 504 XV.

3369 441 3476 508 982

208 547 267 594 τὸ
300 544 528 613 ἀρχαῖον
586 546 850 617 ἀνίστησι
903 548 1111 620 σχῆμα,
1166 551 1282 605 καὶ.
1319 551 1499 606 πάντα
1530 552 1689 622 ἡμῶν
1719 550 1788 604 τὰ

1910 550 2178 606 ιιῑειίιιιιηι
2209 551 2438 624 formam
2470 552 2657 617 rediit,
2692 560 2746 607 et
2775 551 2959 607 omnia
2997 560 3182 606 nostra
3210 550 3390 606 diruta
3423 556 3477 606 in

210 637 630 705 γοτερριμμένα
654 637 792 707 πρὸς
819 638 946 692 νέαν
972 640 1095 709 ὄψιν
1116 643 1427 712 ἐνήνεκται·
1449 643 1755 715 συνηγέρθη
1770 671 1791 685 ο

213 743 312 792 μεν
352 727 460 797 γάρ
485 727 563 796 τῷ
591 726 832 800 Χριστῷ.
873 733 1199 802 Κατέσκαψε
1235 735 1334 803 μὲν
1371 736 1480 807 γὰρ
1501 739 1530 788 6
1562 737 1792 797 θάνατος

207 820 308 878 τὰς
336 819 602 872 ἁπάντων
639 824 844 892 σκηνάς
873 839 887 853 ⁸
932 826 1357 898 ἀνῳκοδόμησεν
1382 829 1440 881 δὲ
1471 830 1500 881 ὁ
1532 828 1669 892 Θεὸς
1697 827 1792 882 καὶ

211 909 402 979 Πατὴρ
435 913 494 964 ἐν
517 912 758 984 Χριστῷ.
789 915 903 968 οὐκ
923 911 992 984 ἦν
1021 917 1077 969 δὲ
1114 918 1320 988 ἑτέρως
1357 919 1659 990 ἀναστῆναι
1692 923 1792 992 τὴν

210 999 498 1071 φύσιντὴν
530 1004 834 1072 ἡμετέραν,
867 1005 942 1077 μὴ
976 1007 1070 1059 τοῦ
1096 1007 1198 1077 τὴν
1245 1009 1422 1080 ἀρχὴν
1453 1011 1794 1065 διαπλάσαν-

208 1107 301 1153 τος
336 1092 512 1162 αὐτὴν
540 1097 699 1164 χεῖρα
726 1095 1038 1170 ὀρέξαντος,
1075 1098 1170 1152 καὶ
1195 1100 1640 1166 διατυπώσαντος
1665 1103 1797 1158 dven-

211 1181 305 1233 Θεν
359 1186 427 1254 τῇ
473 1184 540 1237 δι’
602 1185 795 1251 ὓδατος
869 1189 1232 1261 άναγεννήσει
1291 1194 1386 1245 καὶ
1451 1195 1792 1264 Πνεύρατος.

223 1274 570 1331 Ἐπεπτὼκει
601 1279 710 1348 γάρ
736 1279 906 1343 δντως
935 1282 1136 1352 πτῶμα
1157 1284 1377 1338 ἀνίατον
1410 1288 1504 1340 καὶ
1533 1288 1630 1356 τῆς
1659 1305 1796 1357 κρα-

213 1367 370 1428 ταιᾶς
403 1369 623 1436 ἐκείνης
647 1371 826 1440 χειρδς
851 1372 1131 1441 δεόμενον.
1166 1376 1277 1430 Καὶ
1307 1379 1466 1430 τοῦτο
1525 1383 1659 1448 ἡμίν
1696 1383 1796 1434 οὐκ

213 1461 293 1520 εἰς
323 1460 523 1530 χρόνον
565 1461 801 1532 ὑπάρξει
833 1467 1053 1536 μικρδν,
1087 1467 1206 1521 ἀλλ’
1228 1471 1306 1533 είς
1335 1469 1549 1541 ἡμέρας
1579 1472 1795 1539 αἰῶνος,

214 1554 424 1621 φησίν·
467 1555 849 1626 ἀναπόϐλητον
899 1560 1009 1629 γὰρ
1063 1563 1197 1631 ἡμῖν
1235 1563 1296 1614 τὸ
1328 1566 1429 1632 τῆς
1486 1564 1798 1632 ἀφθαρσίας

215 1646 443 1711 ἀγαθόν.
478 1649 542 1700 Οί
577 1648 674 1717 μὲν
704 1648 814 1718 γάρ
849 1650 1092 1704 Ἰουδαῖοι
1118 1655 1196 1716 είς
1240 1655 1340 1724 τὴν
1397 1655 1795 1725 αἰχμαλωσίαν,

215 1735 510 1806 οἰκοδομὴν
529 1737 624 1791 τοῦ
649 1739 709 1790 ὲν
753 1739 1157 1811 Ἰεροσολύμοις
1186 1743 1338 1809 ναοῦ,
1362 1745 1523 1798 τοῦτο
1548 1747 1798 1816 εἰρῆσθαι

1898 655 2090 694 novatn
2146 640 2339 696 faciem
2394 640 2645 696 restituta
2674 652 2821 695 sunt.
2887 661 2906 693 ι
2945 639 3302 698 Sttrreximus
3334 642 3480 697 enim

1893 750 2017 789 cum
2049 721 2272 789 Christo
2299 736 2366 790 ⁷³.
2395 755 2413 787 ι
2449 735 2582 789 Nam
2612 750 2760 789 mors
2787 734 3004 803 quidem
3031 735 3277 788 omnium
3299 736 3482 790 taber-

1897 827 2091 882 nacula
2152 827 2411 896 disiecit;
2450 840 2506 882 at
2549 843 2610 880 ea
2643 827 2996 882 remditicavit
3042 826 3185 882 Deus
3235 827 3396 881 Pater
3427 827 3480 881 in

1895 916 2138 972 Christo.
2171 917 2359 986 Neque
2403 930 2583 972 autem
2622 919 2726 973 alia
2773 920 2988 972 ratione
3020 920 3350 974 surrexisset
3381 935 3487 972 un-

1897 1023 2060 1075 quam
2098 1018 2294 1063 natura
2329 1016 2540 1072 nostra,
2574 1009 2676 1064 nisi
2710 1011 2755 1064 is
2780 1012 2871 1079 qui
2908 1010 3148 1064 abinitio
3174 1026 3290 1065 eam
3319 1010 3486 1081 269

1900 1100 2180 1167 formavit,
2225 1117 2446 1156 manum
2486 1102 2536 1156 ei
2574 1102 2932 1171 perrexisset,
2961 1111 3016 1156 et
3041 1102 3278 1170 desuper
3307 1103 3484 1156 refor-

1901 1201 2100 1247 masset
2125 1194 2540 1264 regeneratione
2560 1207 2656 1262 per
2689 1208 2886 1263 aquam
2915 1204 2968 1246 et
3002 1192 3288 1262 Spiritum.
3327 1190 3486 1245 Ceci-

1901 1283 2056 1337 derat
2087 1286 2232 1339 enim
2269 1299 2400 1340 casn
2435 1300 2564 1339 vere
2596 1284 2938 1354 irreparabili
2963 1324 2976 1348 ,
3006 1293 3062 1339 et
3106 1286 3486 1354 omnipotente

1903 1375 1993 1430 illa
2048 1392 2211 1431 manu
2260 1392 2399 1447 opus
2434 1377 2686 1432 habebat.
2723 1376 2838 1432 Hoc
2871 1385 3076 1439 autem,
3124 1375 3321 1444 inquit,
3376 1391 3485 1429 non

1903 1466 1967 1520 ad
1989 1467 2150 1522 breve
2171 1475 2387 1537 tempus
2405 1469 2646 1533 durabit,
2664 1467 2788 1522 sedc
2811 1469 2864 1522 in
2895 1468 3015 1522 dies
3037 1467 3358 1521 aeternitatis
3381 1467 3448 1519 “.
3464 1485 3482 1517 ι

1905 1559 2231 1628 l‘et'petuutu
2265 1560 2410 1613 enim
2453 1561 2555 1614 erit
2601 1560 2760 1613 nobis
2791 1558 3228 1614 immortalitatis
3258 1559 3484 1612 donum.

1903 1651 1971 1702 Αι
1990 1666 2118 1703 vero
2145 1648 2318 1704 ιιιιὰκὶ
2358 1650 2718 1720 respicientes
2743 1654 2810 1703 ad
2851 1648 3251 1717 captivitatem,
3280 1649 3396 1701 Ita-c
3421 1649 3489 1703 de

1901 1739 2342 1813 Jerosolytnitani
2397 1743 2581 1813 templi
2630 1743 3058 1797 remdilicatione
3089 1742 3236 1797 dicta
3280 1741 3492 1796 intelle-

217 1827 516 1896 νενοήκασι
538 1843 551 1857 ο
609 1829 768 1883 τοῦτο
795 1831 850 1883 δὲ
880 1833 980 1885 ούκ
1035 1833 1182 1886 ἐστιν
1234 1835 1434 1906 ἀληθές
1464 1852 1478 1868 ⁶
1507 1837 1603 1890 καὶ
1661 1839 1798 1906 μετὰ

1910 1845 2100 1888 serunt
2134 1851 2149 1898 ;
2189 1834 2333 1903 quod
2367 1848 2499 1888 sane
2521 1849 2708 1887 verum
2748 1848 2858 1887 non
2899 1844 2982 1888 est
3012 1851 3026 1886 :
3071 1847 3195 1886 nam
3224 1841 3279 1886 et
3301 1838 3489 1901 postea

219 1918 379 1972 τοῦτο
409 1920 520 1990 γάρ
560 1922 820 1986 πολλάκις
846 1926 1252 1995 κατέστρεπται
1271 1945 1286 1959 ·
1318 1930 1352 1998 η
1384 1929 1441 1982 δὲ
1473 1931 1799 2001 προφητεία,

1910 1927 2110 1996 pluries
2138 1901 2458 1982 subversum
2488 1935 2567 1981 est
2599 1942 2613 1991 ;
2647 1935 2696 1980 at
2726 1925 3014 1996 prophetia
3058 1933 3318 1980 mteruam
3354 1923 3490 1978 acdi-

219 2012 450 2063 αἰωνίαν
470 2013 571 2082 τὴν
592 2015 944 2085 οίκοδόμησιν
983 2021 1403 2088 ἐπαγγέλλεται.
1443 2023 1577 2075 Οὐδὲ
1605 2025 1686 2085 είς
1711 2025 1802 2076 τον

223 2101 531 2170 Ζοροϐάϐελ
575 2106 736 2159 τοῦτο
779 2110 1030 2177 εἰρῆσθαι
1062 2112 1244 2170 καλῶς
1270 2115 1584 2184 νενοήκασι.
1609 2118 1704 2168 καὶ
1739 2118 1802 2169 ὲκ

223 2190 384 2243 Δαθῗιδ
417 2191 478 2244 τὸ
505 2193 662 2259 γένος
715 2199 1010 2264 κατάγοντι
1031 2200 1099 2254 ’⁸.
1129 2203 1249 2255 Ούκ
1306 2202 1455 2257 ἔστιν
1481 2204 1602 2258 οὐδὲ
1647 2206 1803 2259 τοῦτο

223 2281 442 2349 ἀληθές.
467 2284 524 2337 '0
547 2286 653 2355 γὰρ
675 2288 979 2358 Ζοροϐάϐελ
1007 2291 1190 2360 ὀλίγον
1209 2295 1578 2365 ήγεμονεύσαι
1598 2298 1646 2330 ³³
1673 2299 1803 2369 196-

223 2390 332 2435 νον,
367 2375 464 2428 τοῦ
497 2377 729 2432 θανάτου
783 2381 878 2433 τὸν
903 2383 1030 2451 ὅρον
1057 2384 1274 2450 ἐδέξατο
1300 2402 1313 2417 ⁸
1347 2391 1379 2458 ἠ
1409 2392 1716 2460 προφητεία
1747 2392 1804 2445 δὲ

216 2469 458 2522 αὲωνίων
491 2471 715 2538 ἀγαθῶν
775 2476 1105 2543 ἐπαγγελίαν
1153 2479 1289 2549 εχει,
1323 2482 1418 2534 καὶ
1455 2482 1566 2535 τῶν
1618 2484 1795 2537 ἐθνῶν

226 2559 487 2614 ἁπάντων
507 2563 608 2632 τὴν
632 2567 711 2626 εἰς
749 2565 882 2618 Θεὸν
910 2569 1231 2636 ἐπίγνωσιν.
1277 2572 1554 2642 Πρόδηλον
1601 2574 1802 2634 τοίνυν.

228 2650 308 2701 ὅτι
356 2652 437 2713 είς
486 2653 578 2705 τὸν
610 2655 817 2723 Κύριον
865 2659 1023 2728 ἡμῶν
1070 2661 1278 2730 Ἰησοῦν
1308 2664 1545 2733 Χριστὸν
1574 2663 1806 2737 [ταύτην

229 2743 481 2810 εὲρῆσοαι
515 2745 825 2817 νοήσομεν].
868 2751 932 2802 '0
958 2751 1066 2818 γὰρ
1105 2752 1312 2823 Κύριος
1333 2754 1510 2823 ἡμῶν,
1549 2759 1613 2808 έκ
1643 2756 1807 2808 Δαϐὶδ

231 2830 487 2896 κατάγων
519 2836 660 2885 κατὰ
710 2834 890 2903 σάρκα
921 2838 978 2889 τὸ
1001 2838 1177 2904 γένος,
1219 2840 1320 2909 τὴν
1354 2842 1488 2912 προς
1514 2842 1604 2896 τὸν
1645 2843 1810 2895 Δαϐὶδ

227 2925 608 2993 γεγενημένην
631 2927 966 2995 ἐπαγγελίαν
993 2930 1335 3001 ἐπλήρωσεν.

822 3055 1208 3113 ΕΡΜΗΝΕῘΑ.

436 3183 538 3248 ΕΙ(
569 3182 684 3249 τὴν
715 3183 1052 3254 ἐπιστολὴν
1087 3187 1207 3241 τῶν
1233 3189 1613 3246 ἀποστόλων.

305 3291 456 3344 Ἔδει
498 3293 574 3361 μὴ
613 3293 711 3364 τὴν
770 3296 1064 3367 ἐπιστολὴν
1104 3302 1360 3370 παρεῖναι
1408 3302 1591 3372 μόνον,
1615 3303 1704 3358 ἵνα
1736 3305 1810 3376 μὴ
1836 3247 1880 3304 C

229 3382 454 3450 λέγωσι,
506 3383 972 3456 Συνηρπάγησαν,
1014 3388 1144 3444 ἄλλο
1169 3391 1285 3444 ἀντ’
1323 3392 1485 3446 ἄλλου
1542 3395 1812 3462 εἰπόντες,

232 3473 348 3526 ἀλλ’
380 3474 522 3528 ὥστε
555 3477 650 3528 καὶ
680 3477 1123 3551 ἀξιοπιστότερον
1165 3484 1419 3551 γενέσθαι
1465 3487 1525 3539 τὸ
1557 3490 1814 3558 πρᾶγμα,

234 3567 516 3636 πέμπωσι
557 3570 682 3633 τοὺς
716 3571 848 3642 παρ’
881 3573 1064 3636 αὐτοῖς
1083 3576 1149 3639 ³⁸,
1203 3577 1288 3630 τνα
1340 3578 1642 3632 ἀνύποπτοι
1679 3575 1815 3635 ὦσιν

229 3660 281 3711 οί
303 3662 431 3726 περὶ
459 3661 552 3714 τὸν
587 3662 800 3716 Παῦλον
841 3667 932 3718 καὶ
978 3667 1288 3737 Βαρνάϐαν.
1321 3671 1440 3724 Ἵνα
1480 3672 1538 3724 δὲ
1581 3671 1656 3742 μὴ
1688 3673 1813 3744 δόξῃ

229 3749 488 3819 διαϐολῆς
518 3747 660 3806 εῖναι
694 3753 910 3808 Παύλου
950 3756 1044 3810 καὶ
1093 3758 1349 3829 Βαρνάϐα
1373 3761 1433 3814 τδ
1463 3762 1543 3825 είς
1573 3762 1815 3827 ἐκείνους

234 3841 635 3910 ἀποσταλῆναι,
669 3846 1084 3916 ἑγκωμιάζει¹⁷
1131 3852 1347 3916 αύτούς.
1393 3871 1412 3904 ι
1456 3853 1812 3926 Ἀνθρώποις,

233 3933 369 4001 φησὶ
388 3931 458 3999 ⁸⁸,
484 3935 903 4006 παραδεδωκόσι
952 3940 1054 4004 τὰς
1103 3943 1282 4012 ψυχάς
1341 3946 1520 3997 αὑτῶν
1551 3947 1694 4016 ὑπὲρ
1715 3947 1810 4000 τοῦ

232 4021 501 4090 ὀνόματος
559 4024 654 4077 τοῦ
702 4027 909 4098 Κυρίου
947 4030 1104 4098 ἡμῶν
1160 4033 1339 4103 Ἰησοῦ
1386 4037 1651 4105 Χριστοῦ.
1692 4059 1709 4091 ι
1744 4069 1814 4080 —

241 4130 257 4162 ι
289 4111 498 4179 Ἔδοξε,
534 4116 669 4184 φησὶ
685 4117 729 4148 ⁵⁸
744 4121 784 4181 ’,
833 4119 910 4190 τῷ
959 4122 1103 4193 ἁγίῳ
1137 4123 1421 4195 Πνεύματς
1470 4131 1562 4182 καί¹
1602 4132 1753 4201 ἡμῖν.
1790 4153 1808 4185 ι

235 4203 485 4290 Οὐδαμρῦ
525 4206 633 4276 γὰρ
691 4209 822 4279 περὶ
857 4212 1063 4266 τούτων
1109 4215 1406 4288 διηλέγχθη
1423 4221 1469 4253 ¹⁹
1501 4222 1531 4273 ὁ
1556 4223 1810 4290 Χριστὸς.

234 4293 350 4383 ἀλλ’
385 4287 535 4348 οὗτοι
571 4296 681 4351 ἀπὸ
729 4300 822 4352 τοῦ
854 4302 1020 4370 νόμου
1048 4303 1222 4358 ταῦτα
1271 4287 1544 4375 λέγουσιν.
1573 4287 1688 4366 Ἵνα
1739 4316 1812 4383 μὴ

233 4381 327 4437 οὖν
364 4386 492 4460 δόξῃ
519 4389 863 4460 ἀνθρώπινον
914 4390 1076 4456 εἶναι.
1125 4416 1144 4449 ι
1169 4399 1246 4468 τῷ
1273 4400 1414 4468 ἁγίῳ
1445 4381 1749 4473 Πνεύματι,

233 4481 369 4548 φησί
390 4481 467 4513 ⁸⁸⁸
503 4483 600 4536 καὶ
643 4485 731 4537 ἴνα
791 4486 1134 4557 causam,
1170 4493 1252 4546 ὅτι
1283 4496 1377 4547 καὶ
1433 4497 1591 4550 αὐτοὶ
1618 4499 1812 4552 ἀποδέ-

1907 2019 2212 2072 licationem
2246 2018 2537 2086 promittit.
2569 2017 2756 2087 Neque
2795 2017 2862 2071 de
2916 2015 3256 2072 Zorobabele
3289 2016 3382 2085 qui
3424 2031 3489 2070 ex

1907 2108 2107 2162 Davide
2156 2124 2327 2179 genus
2364 2109 2633 2168 trahebat,
2658 2107 2866 2160 dictum
2911 2106 3014 2161 hoc
3051 2117 3198 2162 recte
3225 2107 3493 2174 interpre-

1906 2201 2000 2255 tati
2033 2212 2202 2256 sunt:
2233 2201 2507 2271 siquidem
2534 2199 2865 2265 Zorobabel,
2909 2209 3198 2270 postquam
3217 2199 3284 2254 ad
3325 2200 3492 2254 breve

1908 2302 2120 2363 tempus
2179 2293 2486 2362 imperavit,
2545 2293 2738 2346 mortis
2787 2293 3080 2346 terminum
3143 2293 3368 2361 recepit.
3423 2293 3492 2344 At

1907 2387 2194 2457 prophetia
2225 2394 2429 2440 aeterna
2462 2387 2604 2440 bona
2639 2383 2951 2455 pollicetur,
2985 2394 3038 2438 et
3074 2399 3269 2439 omnes
3302 2390 3492 2452 gentes

1907 2475 1975 2529 ad
2005 2476 2094 2529 Ι)θί
2116 2477 2484 2546 cognitionem
2504 2484 2763 2530 venturas
2783 2475 3096 2528 annuntiat.
3127 2475 3490 2544 Perspicuum

1906 2572 1990 2617 est
2015 2564 2203 2635 igitur,
2223 2565 2292 2620 de
2318 2566 2550 2619 Domino
2579 2573 2769 2620 nostro
2786 2565 2914 2619 Jesu
2939 2563 3160 2618 Christo
3183 2564 3489 2635 intelligen-

1906 2655 2032 2709 dam
2089 2670 2208 2709 eam
2250 2671 2391 2711 esse.
2428 2655 2693 2710 Dominus
2749 2656 2893 2711 enim
2958 2663 3146 2710 noster
3183 2671 3248 2710 ex
3292 2654 3493 2710 Daride

1908 2749 2118 2803 ducens
2163 2764 2338 2817 genus
2399 2750 2702 2804 secundum
2738 2763 2982 2814 carnem,
3038 2748 3239 2804 factam
3304 2747 3493 2804 Davidi

1909 2841 2326 2910 promissionem
2356 2839 2599 2914 implevit

2428 3053 2996 3112 COMMENTARIUS.

2279 3185 2340 3237 In
2398 3184 2678 3253 epistolam
2737 3183 3122 3252 apostolorum.

1987 3295 2308 3364 Congruum
2337 3301 2458 3348 erat
2491 3302 2553 3347 ut
2587 3292 2824 3362 epistola
2859 3292 2974 3346 sola
3005 3307 3113 3345 non
3163 3289 3477 3345 mitteretur

1919 3405 1987 3444 ne
2016 3387 2363 3458 subreptitia,
2426 3401 2520 3441 seu
2583 3401 2646 3440 ex
2683 3398 2792 3439 non
2827 3383 2972 3439 veris
3008 3381 3371 3438 relationibus
3391 3396 3487 3436 ex;

1919 3490 2060 3537 torta
2112 3482 2408 3535 diceretur.
2450 3478 2521 3534 Ut
2582 3493 2714 3534 vero
2751 3479 3016 3547 majorem
3050 3476 3210 3532 ﬁdem
3276 3475 3496 3548 negotio

1918 3575 2296 3638 conciliarent,
2367 3573 2591 3626 mittunt
2646 3571 2863 3639 aliquos
2919 3586 2984 3625 ex
3017 3570 3158 3633 suis,
3184 3584 3253 3624 ne
3295 3568 3498 3623 Paulus

1917 3675 1969 3718 et
2001 3664 2289 3718 Barnabas
2322 3664 2376 3717 in
2410 3662 2786 3732 suspicionem
2820 3660 3099 3716 venirent.
3135 3662 3210 3715 Ac
3241 3676 3312 3715 ne
3343 3661 3496 3730 parvi

1919 3772 2016 3811 eos
2048 3755 2287 3826 pendere
2317 3754 2660 3820 viderentur,
2693 3753 2842 3823 quod
2878 3754 2946 3809 iis
2983 3753 3153 3807 veluti
3202 3752 3500 3806 tabellariis

1920 3857 2228 3912 uterentur,
2266 3849 2414 3917 ipsos
2442 3846 2687 3909 laudant,
2720 3845 3116 3910 «Hominibus,
3153 3845 3492 3914 inquientes,

1917 3943 2014 4011 qui
2077 3940 2429 3995 tradiderunt
2467 3940 2681 3993 animas
2718 3953 2850 3994 suas
2892 3954 2991 4007 pro
3031 3939 3250 3992 nomine
3284 3935 3496 3992 Domini

1917 4035 2090 4090 nostri
2113 4034 2240 4089 Iesu
2273 4032 2499 4089 Christi.
2543 4047 2562 4084 ι
2590 4030 2851 4085 Scribant
2878 4044 3009 4084 vero
3069 4048 3082 4082 :
3120 4047 3141 4083 ι
3177 4027 3369 4084 Visum
3407 4037 3495 4083 est

1919 4126 2151 4197 Spiritui
2198 4135 2390 4182 sancto
2417 4134 2472 4179 et
2521 4124 2706 4179 nobis.
2742 4142 2762 4175 ι
2800 4121 3008 4176 Nullibi
3060 4121 3207 4176 enim
3268 4121 3336 4176 de
3410 4120 3498 4175 his

1918 4219 2264 4273 disseruerat
2313 4216 2607 4279 Christus;
2637 4215 2732 4270 sed
2763 4214 2998 4283 apostoli
3028 4229 3092 4268 ex
3130 4213 3248 4282 lege
3278 4213 3497 4265 decreta

1917 4311 2022 4365 ista
2051 4314 2531 4378 exprompserunt.
2575 4305 2653 4360 Ne
2718 4305 2887 4374 igitur
2927 4303 3206 4358 hominum
3245 4303 3495 4356 doctrina

1917 4415 1982 4457 ea
2012 4401 2315 4463 videretur,
2340 4398 2535 4453 dicunt
2559 4414 2604 4452 ει
2631 4395 2821 4450 Visum
2835 4406 2920 4450 est
2952 4392 3181 4464 Spiritui
3207 4401 3436 4448 saneto:
3472 4410 3491 4442 ι

1917 4509 1982 4548 ac
2009 4502 2068 4546 ut
2105 4493 2461 4547 ostenderent
2532 4506 2592 4546 se
2622 4505 2864 4559 quoque,
2901 4502 3218 4557 quanquam
3258 4486 3496 4540 circnm-

235 4587 448 4638 χονται,
485 4576 582 4626 καὶ
636 4576 696 4628 έν
725 4582 1000 4650 περιτομῇ
1053 4581 1225 4649 ὄντες,
1277 4586 1527 4657 ἐπήγαγε
1549 4588 1589 4620 ⁸¹
1621 4607 1634 4622 ·
1674 4609 1694 4641 ι
1720 4593 1807 4644 καὶ

1922 4584 2022 4640 cisi
2064 4591 2272 4647 essent,
2306 4597 2426 4637 eam
2469 4583 2736 4651 recipere,
2777 4581 3028 4634 addunt:
3071 4597 3090 4629 ι
3126 4585 3183 4630 et
3253 4577 3431 4631 nobis.
3475 4595 3493 4627 ι

234 4663 390 4733 ἡμῖν.
420 4683 440 4716 ι
488 4665 781 4721 Ἦδύναντο
830 4670 929 4738 μὲν
979 4673 1087 4742 γάρ
1134 4677 1229 4729 καὶ
1262 4679 1431 4747 χωρὶς
1473 4683 1819 4752 γραμμάτων

233 4757 407 4810 ταῦτα
458 4757 718 4828 δηλῶσαι,
773 4761 908 4817 ἀλλὰ
949 4765 1038 4819 διά
1069 4767 1132 4820 τὸ
1181 4769 1510 4836 ἀνύποπτον,
1543 4775 1636 4827 καὶ
1679 4773 1818 4828 ὥστε

235 4853 399 4917 νόμον
450 4851 728 4922 ἔγγραφον
782 4855 1095 4928 βουλόμενοι
1125 4859 1298 4914 ταῦτα
1343 4865 1615 4930 γενέσθαι.
1678 4868 1816 4938 γρά-

234 4959 396 5008 φουσι
470 4945 571 5011 τὴν
625 4947 939 5017 ἐπιστολήν.
998 4952 1194 5024 Παύλῳ
1221 4955 1266 4986 ⁸³
1327 4955 1468 5010 ὥστε
1528 4960 1817 5031 πεισθῆναι

232 5035 310 5104 τῷ
351 5035 525 5104 νόμῳ,
567 5037 813 5108 τέσσαρα
838 5041 1012 5096 ταῦτα
1038 5043 1518 5117 ἀπαγορεύσαντες
1546 5058 1720 5105 ποιεῖν
1750 5054 1819 5107 τά

235 5126 386 5193 ῑθνη,
411 5127 482 5179 τὰ
509 5126 671 5182 λοιπὰ
697 5129 884 5194 αὐτοῖς
908 5134 1317 5206 συνεχώρησαν.
1356 5141 1422 5194 Τί
1450 5142 1507 5196 δέ
1541 5144 1658 5196 ἐστι
1682 5145 1817 5198 ταῦ-

233 5233 340 5282 τα;
404 5234 425 5269 ι
464 5218 815 5289 Ἀπέχεσθαι,
873 5225 1062 5293 φησιν,
1116 5228 1507 5298 είδωλοούτων,
1560 5235 1813 5303 αἵματος,

237 5307 487 5375 πνικτοῦ,
511 5311 606 5363 καὶ
639 5313 914 5381 πορνείας.
941 5334 961 5368 ι

319 5582 599 5638 "Coloss.
646 5603 728 5647 ιιι,
769 5588 814 5640 l.
895 5589 940 5620 τι
976 5590 1012 5644 ΙΙ
1037 5591 1181 5647 l‘etr.
1217 5610 1297 5660 ιιι,
1328 5595 1410 5649 18.

1921 4677 1990 4732 Ει
2016 4677 2236 4746 quidem
2267 4683 2525 4743 poterant
2557 4674 2635 4728 illi
2687 4673 2850 4727 etiam
2883 4673 3088 4741 absque
3151 4670 3348 4724 litteris
3387 4669 3499 4723 haec

1922 4779 2053 4825 nota
2088 4770 2270 4824 iacere
2305 4786 2318 4820 :
2356 4767 2603 4822 scribere
2638 4776 2821 4819 tamen
2890 4767 3231 4825 maluerunt,
3265 4771 3324 4816 ut
3379 4776 3498 4814 om-

1921 4877 2041 4918 nem
2074 4863 2265 4932 procul
2304 4861 2659 4915 admoverent
2694 4857 3098 4925 suspicionem,
3147 4862 3201 4906 et
3233 4865 3291 4906 ut
3344 4853 3377 4904 ii
3412 4868 3500 4904 ve-

1920 4954 2019 5010 lttti
2073 4954 2243 5024 legem
2297 4952 2570 5019 scriptam
2634 4950 2926 5004 haberent.
2986 4946 3064 5000 Ac
3115 4954 3379 5014 pra:terea
3442 4943 3496 4996 in

1921 5045 2176 5100 Mosaicae
2208 5043 2348 5112 legis
2377 5039 2733 5108 obsequium,
2799 5037 2902 5090 ista
2936 5047 3173 5104 quatuor
3209 5033 3499 5101 prohibent

1920 5138 2259 5208 gentilibus,
2315 5141 2510 5188 caetera
2587 5131 2723 5200 ipsis
2803 5127 3070 5183 relaxant.
3163 5125 3301 5179 Sunt
3355 5138 3486 5177 vero

1921 5232 2014 5284 illa
2049 5246 2063 5284 :
2103 5247 2119 5279 ι
2167 5226 2460 5283 Abstinere
2489 5225 2557 5277 ah
2585 5222 2928 5292 idolothytis,
2971 5244 2988 5273 ι
3029 5236 3124 5275 seu
3160 5221 3229 5272 ab
3257 5221 3322 5272 iis
3377 5232 3500 5283 quae

1922 5322 2087 5378 idolis
2114 5319 2390 5374 immolata
2425 5323 2602 5382 erant,
2643 5334 2661 5367 ι
2700 5331 2727 5368 a
2752 5315 3036 5386 sanguine.
3067 5329 3095 5367 a
3150 5310 3417 5367 sulTocato
3445 5317 3498 5364 ct

1927 5431 1956 5468 a
1996 5411 2376 5469 fornicatione.
2428 5427 2445 5460 ι

1397 5708 1924 5772 Varitelectioues
1970 5716 2031 5769 et
2080 5713 2269 5769 netze.

307 5794 354 5825 ’δ
388 5794 476 5847 Ῑσ.
511 5800 837 5866 κατάγοντα.

1487 5810 1531 5840 ⁸⁸
1561 5809 1760 5864 αὐτῶν.

239 5864 282 5894 ³⁸
324 5867 480 5931 φασί.
564 5869 602 5900 ³¹
639 5864 923 5936 ἐπάγουσι.

943 5806 985 5841 ’⁵
1014 5805 1406 5873 ἡγεμονεύσας.

1005 5874 1050 5905 "
1078 5875 1267 5930 Πάλιν.

1871 5811 1914 5843 ’⁷
1940 5807 2369 5878 ἐγκωμιάζουσι.
2452 5807 2496 5837 ⁸⁸
2525 5805 2677 5874 φασί.

2779 5806 2841 5837 ’⁸⁸
2877 5805 3026 5874 φασί.
3159 5807 3202 5837 "
3226 5802 3495 5872 διεὶέχῑη.
