4164 6444
706 397 806 462 9Βῖ

1619 399 2195 463 THEOPIIYLACTI
2228 396 2641 462 BULGARI/E
2675 394 3034 458 ARCHlEP.

3868 386 3984 453 988

707 520 886 563 autem
932 511 1368 578 pertransissent
1397 510 1651 583 Mysiam,
1675 512 2080 568 descenderunt
2119 511 2288 567 Troa-

2404 509 2498 579 τὴν
2518 506 2775 561 Βιθυνίαν
2796 505 3134 576 πορευθῆναι
3160 518 3172 532 ·
3210 500 3307 556 καὶ
3338 499 3439 554 οὐκ
3473 499 3660 554 εἴασεν
3692 497 3892 563 αὐτοὺς
3926 501 3992 553 τὸ

707 601 859 658 dem.
916 601 978 655 Et
1015 603 1155 657 visio
1181 619 1278 673 per
1306 613 1523 659 noctem
1557 604 1728 657 l’aulo
1757 612 1980 659 ostensa
2035 612 2119 659 cst
2152 622 2164 658 :
2192 603 2289 658 Vir

708 691 933 746 Macedo
980 696 1200 760 quidem
1229 705 1348 750 erat
1403 705 1560 753 stans
1616 708 1669 751 ct
1717 698 2020 766 deprecans
2060 715 2182 754 eum
2236 710 2292 754 et

709 783 898 836 dicens
941 783 1289 839 :Transiens
1343 787 1397 840 in
1436 786 1843 850 Macedoniam,
1911 787 2108 858 adjuva
2164 804 2286 843 nos.

714 873 781 927 lit
811 885 993 932 autem
1046 879 1226 932 visum
1258 880 1412 942 vidit,
1439 881 1623 933 statim
1657 882 2014 951 quaasirimus
2071 880 2293 951 prolici-

709 969 786 1019 sci
823 969 874 1020 in
909 969 1308 1034 Macedoniam,
1341 974 1477 1027 certi
1509 974 1637 1029 facti
1671 975 1820 1045 quod
1873 982 2128 1030 vocasset
2189 989 2291 1030 nos

712 1053 856 1110 Dens
890 1060 1272 1127 evangelizare
1303 1061 1406 1114 eis.
1447 1063 1785 1132 Navigantes
1837 1071 2018 1119 autem
2051 1081 2080 1118 a
2117 1064 2292 1119 Troa-

710 1147 798 1210 de,
829 1160 981 1203 recto
1011 1165 1177 1204 cursu
1209 1153 1464 1207 venimus
1498 1153 1961 1220 Samothraciam,
1988 1164 2042 1210 ct
2065 1170 2294 1224 sequen-

710 1243 746 1292 ti
786 1241 876 1293 die
909 1241 1225 1311 Neapolim;
1256 1251 1310 1297 et
1339 1246 1462 1298 inde
1491 1246 1790 1314 Philippos,
1841 1264 1962 1316 quze
1992 1258 2072 1302 est
2103 1249 2292 1318 prima!

710 1333 884 1400 partis
906 1332 1247 1389 Macedonia:
1299 1339 1518 1403 civitas,
1548 1340 1787 1393 colonia.
1838 1339 2074 1394 Eramus
2107 1349 2290 1394 autem

711 1426 765 1476 in
819 1424 918 1479 hac
947 1428 1082 1481 urbe
1106 1428 1300 1483 diebus
1331 1433 1562 1500 aliquot,
1589 1433 1958 1488 conferentes.
1987 1433 2082 1488 Die
2112 1445 2292 1491 autem

715 1514 1086 1572 Sabbatorum
1142 1522 1354 1587 egressi
1434 1537 1629 1577 sumus
1684 1523 1833 1578 foras
1884 1533 2099 1593 portam
2139 1525 2292 1594 juxta

711 1609 936 1674 llutnen,
957 1612 1044 1664 ubi
1066 1612 1354 1666 videbatur
1377 1616 1554 1669 oratio
1571 1628 1718 1678 esse,
1743 1626 1796 1670 et
1819 1617 2074 1671 sedentes
2104 1619 2294 1684 loque-

717 1699 916 1754 bamur
953 1703 1285 1760 mulieribus
1342 1723 1463 1776 qua:
1523 1719 1913 1764 convenerant.
1952 1710 2016 1763 Et
2047 1710 2293 1777 quzedam

716 1794 915 1847 mulier
946 1798 1168 1851 nomine
1205 1796 1398 1869 Lydia,
1442 1801 1772 1869 purpuraria
1803 1804 2043 1855 civitatis
2070 1801 2293 1871 Thyati-

2393 599 2642 666 Πνεῦμα.
2671 598 3045 668 Παρελθόντες
3086 595 3141 647 δὲ
3174 594 3274 664 τὴν
3299 593 3542 653 Μυσίαν,
3567 590 3882 660 κατέϐησαν
3909 591 3992 652 είς

2393 691 2647 762 Τρῳάδα.
2688 692 2796 744 Καὶ
2826 691 3010 760 ὅραμα
3039 689 3128 742 διὰ
3156 689 3255 755 τῆς
3294 685 3493 747 νυκτὸς
3520 682 3681 753 ὤφθη
3715 683 3794 752 τῷ
3837 682 3991 736 Παύ-

2393 782 2470 852 λῳ
2495 799 2508 813 ⁸
2553 782 2718 853 Ἀνὴρ
2765 782 3036 836 Μακεδών
3075 798 3158 842 τις
3185 775 3253 850 ἦν
3287 780 3482 841 ἐστὼς,
3518 775 3858 847 παρακαλῶν
3887 775 3992 828 αὐ-

2392 875 2486 929 τὸν
2539 876 2637 930 καὶ
2681 877 2894 943 λέγων·
2927 874 3132 936 Διαϐὰς
3181 875 3260 935 εἰς
3328 867 3674 925 Μακεδονίαν
3717 867 3995 937 βοήθησον

2395 969 2551 1037 ἡμῖν.
2592 967 2680 1030 Ὦς
2734 967 2790 1021 δὲ
2827 967 2888 1020 τὸ
2921 967 3105 1037 ὅραμα
3150 961 3314 1026 εἶδεν,
3363 961 3568 1023 εὐθέως
3631 957 3993 1027 ἐζητήσαμεν

2395 1059 2635 1126 ἐξελθεῖν
2685 1063 2767 1124 είς
2809 1064 2910 1130 τὴν
2959 1059 3329 1116 Μακεδονίαν.
3390 1051 3852 1122 συμϐιϐάζοντες,
3907 1052 3993 1102 ὅτι

2397 1153 2805 1223 προσκέκληται
2835 1153 2986 1222 ἡμᾶς
3009 1155 3036 1205 ὁ
3063 1151 3220 1231 Θεὸς,
3270 1145 3738 1217 εὐαγγελίσασθαι
3776 1146 3990 1206 αὐτοῖς.

2409 1244 2764 1313 Ἀναχθέντες
2805 1244 2860 1298 δέ
2901 1245 3010 1298 ἀπὸ
3047 1245 3147 1312 τῆς
3187 1241 3442 1312 Τρῳάδος
3496 1239 3996 1308 εὐθυδρομήσαμεν

2397 1338 2477 1400 εἰς
2511 1338 2911 1409 Σαμοθρᾴκην,
2939 1341 3008 1408 τῇ
3049 1354 3109 1390 τε
3141 1335 3375 1405 ἐπιούσῃ
3418 1336 3499 1398 εἰς
3561 1330 3867 1385 Νεάπολιν·
3893 1331 3996 1382 κα-

2398 1431 2578 1484 κεῖθεν
2614 1432 2696 1494 εἰς
2733 1431 3062 1492 Φιλίππους,
3094 1430 3217 1498 ἣτις
3251 1428 3373 1480 ἐστὶ
3404 1422 3599 1495 πρώτη
3627 1423 3726 1491 τῆς
3774 1420 3996 1492 μερίδος

2400 1524 2498 1594 τῆς
2526 1523 2891 1586 Μακεδονίας,
2948 1523 3102 1585 πόλις
3146 1521 3400 1575 κολωνία.
3444 1519 3632 1588 Ἦμεν
3666 1518 3721 1570 δὲ
3750 1521 3808 1568 ἐν
3849 1517 3993 1584 αὑτῇ

2397 1618 2463 1684 τῇ
2517 1616 2666 1667 πόλει
2718 1616 3091 1685 διατρίϐοντες
3137 1614 3356 1684 ἡμέρας
3404 1611 3581 1672 τινάς.
3607 1609 3688 1678 Τῇ
3717 1608 3772 1661 δὲ
3803 1608 3997 1676 ἡμέρα

2398 1709 2508 1760 τῶν
2551 1709 2854 1761 Σιϐϐἀτων
2881 1708 3183 1778 ἐξήλθομεν
3223 1705 3330 1772 ἔξω
3356 1707 3456 1775 τῆς
3487 1703 3694 1764 πόλεως
3722 1702 3877 1769 παρὰ
3896 1717 3998 1751 πο·

2403 1807 2600 1869 ταμὸν.
2647 1797 2708 1855 οὗ
2756 1802 3042 1870 ἐνομίζετο
3086 1799 3371 1870 προσευχὴ
3402 1791 3580 1850 εἶναι·
3615 1796 3709 1849 καὶ
3739 1795 3995 1847 καθίσαν-

721 1899 1004 1947 renorum,
1056 1887 1245 1940 colens
1285 1889 1471 1951 lteum,
1527 1891 1776 1944 audivit:
1835 1892 1993 1959 Cujus
2036 1891 2297 1947 Dominus

2404 1911 2492 1957 τες
2544 1894 2845 1964 ἐλαλοῦμεν
2881 1897 3003 1954 ταῖς
3031 1892 3419 1953 συνελθούσαις
3463 1887 3706 1957 γυναιξί.
3753 1887 3865 1939 Καί
3905 1902 3994 1946 τις

712 1979 925 2043 aperuit
951 1994 1046 2032 cor
1078 1981 1367 2036 intendere
1395 1984 1482 2037 his
1515 2000 1636 2051 qum
1665 1984 1991 2040 dicebantur
2024 2001 2052 2039 a
2106 1985 2295 2043 Paulo.

710 2068 846 2122 Cum
873 2079 1052 2123 autem
1083 2073 1358 2143 baptizata
1399 2084 1547 2128 esset
1582 2087 1638 2129 et
1673 2076 1871 2130 domus
1926 2079 2068 2146 ejus,
2103 2078 2300 2146 depre-

713 2171 832 2214 cata
865 2173 949 2216 est
975 2164 1200 2221 dicens:
1243 2167 1294 2220 Si
1343 2169 1634 2236 judicastis
1664 2184 1748 2222 mc
1815 2169 2027 2222 ﬁdelem
2068 2170 2300 2224 Domino

715 2269 859 2318 esse,
886 2255 1108 2312 lllll'OllC
1133 2259 1185 2312 in
1211 2259 1432 2313 domum
1463 2276 1636 2314 meam
1665 2271 1718 2315 et
1745 2271 1984 2316 manete.
2025 2261 2089 2316 Et
2120 2267 2300 2334 coegit

713 2357 834 2396 IIOS.

1113 2603 1275 2672 273
1308 2603 1880 2663 COMMENTARIUS.

785 2690 1049 2758 Dogmata
1087 2707 1246 2747 \‘ocat
1298 2704 1499 2750 statuta
1546 2700 1635 2752 illa
1672 2703 1984 2756 abstinendi
2021 2705 2092 2758 ab
2131 2707 2301 2763 idolo-

713 2783 884 2852 tbytis
916 2825 930 2848 ,
963 2799 990 2837 a
1025 2786 1410 2853 fornicatione,
1440 2806 1468 2844 a
1491 2791 1756 2846 sull‘oeato
1786 2803 1841 2847 et
1864 2811 1892 2848 a
1924 2797 2211 2867 sanguine.
2243 2799 2299 2854 ln

713 2873 845 2927 Asia
878 2881 930 2927 et
981 2874 1230 2944 Bithynia
1286 2894 1393 2932 non
1443 2883 1691 2950 permisit
1744 2885 1983 2952 Spiritus
2037 2898 2290 2955 sanctus,

715 2972 773 3014 ut
815 2968 1048 3034 apostoli
1083 2965 1433 3038 Evangelium
1479 2974 1858 3040 praedicarent,
1894 2976 2128 3034 fortasse
2154 2981 2299 3049 quod

720 3058 1085 3125 praevideret,
1159 3059 1786 3120 Pneumalomachorum
1838 3069 2091 3125 haeresim
2159 3075 2304 3128 inter

712 3155 904 3215 gentes
931 3149 1049 3204 illas
1070 3150 1496 3208 dominaturam.
1521 3154 1930 3215 Observandum
1970 3179 2120 3229 vero,
2154 3165 2298 3234 quod

713 3241 768 3290 in
806 3241 1032 3295 mnibus
1064 3243 1187 3297 istis
1221 3245 1387 3299 simul
1427 3262 1552 3299 cum
1590 3249 1758 3306 Paulo
1803 3265 1946 3309 esset
1977 3255 2156 3311 Lucas
2189 3276 2204 3319 ;
2244 3270 2301 3313 ut

712 3341 859 3398 patet
891 3346 953 3385 ex
987 3349 1052 3387 eo
1081 3337 1223 3404 quod
1256 3353 1379 3392 sese
1407 3325 1466 3392 in.
1492 3345 1808 3398 narratione
1835 3362 1932 3401 sua
1972 3350 2301 3418 complecta-

714 3431 823 3484 tnr,
884 3423 1074 3478 dicens
1110 3444 1120 3478 :
1183 3445 1201 3477 ι
1234 3426 1623 3498 Quaesivimus,
1661 3442 1768 3488 etc.
1795 3473 1811 3496 ,
1871 3438 1961 3490 ubi
2014 3427 2304 3494 videbatur

711 3514 909 3566 oratio.
941 3534 958 3565 ι
1009 3515 1126 3570 Non
1170 3523 1346 3573 solum
1392 3523 1480 3576 ubi
1515 3540 1792 3596 synagoga
1833 3538 1971 3594 erat,
2009 3531 2104 3584 sed
2135 3536 2298 3586 etiam

714 3602 852 3659 foris
875 3608 1102 3661 orabant
1141 3627 1153 3663 :
1185 3614 1492 3675 namloeum
1527 3617 1763 3686 aliquem
1796 3622 2030 3674 orationi
2057 3625 2303 3679 destina-

714 3699 847 3750 bant
876 3697 1070 3766 Judaei,
1089 3713 1273 3772 utpote
1294 3708 1624 3763 crassiores.
1652 3710 1743 3764 Ve!
1761 3726 1846 3777 eo,
1881 3716 2026 3781 quod
2051 3717 2197 3770 nulla
2227 3720 2297 3773 ibi

713 3799 880 3850 esset.
899 3797 1445 3862 propteerudamrum
1463 3803 1815 3869 paucitatem,
1840 3821 2138 3878 synagoga;
2159 3814 2300 3866 clam

715 3896 882 3950 prope
902 3881 1125 3938 ﬂuvium
1147 3893 1645 3960 congregabantur,
1667 3897 1760 3964 qui
1783 3897 1966 3965 pietati
1987 3903 2300 3958 studebant.

1305 4002 1532 4058 CAPUT
1566 4006 1753 4062 XXIV.

1249 4093 1527 4152 Dominica
1593 4111 1763 4156 sexta.

721 4179 797 4233 De
840 4191 1142 4238 terrwmotu
1171 4197 1218 4239 et
1251 4190 1400 4257 signa
1435 4209 1551 4256 qum
1587 4194 1784 4248 ibidem
1823 4200 2150 4268 Contigerant
2199 4220 2216 4255 :
2251 4216 2300 4258 et

786 4273 1047 4338 quomodo
1089 4287 1260 4330 custos
1293 4288 1546 4347 carceris,
1579 4303 1698 4337 cum
1746 4291 2080 4358 credidisset,
2119 4300 2300 4348 cadent

787 4377 937 4416 nocte
969 4366 1272 4434 baptizatus
1290 4385 1367 4424 est
1402 4391 1516 4426 cum
1544 4387 1654 4430 tota
1676 4379 1888 4446 [animo
1917 4401 2037 4436 sua.

1355 4465 1654 4524 TEXTUS.

785 4554 924 4619 XVI,
970 4555 1152 4610 16-35.
1184 4557 1406 4610 Factum
1431 4570 1738 4626 estautcm,
1760 4569 2019 4622 euntibus
2047 4571 2202 4628 nobis
2237 4577 2299 4626 ad

713 4648 1281 4712 oratioucm.puellam
1302 4653 1594 4717 quamdam
1621 4655 1906 4712 habentem
1927 4663 2180 4729 spiritum
2204 4663 2307 4735 Py-

715 4739 932 4789 thonem
953 4738 1174 4796 obviare
1194 4746 1500 4810 nobis,qu:e
1520 4755 1786 4811 quaestum
1805 4762 2058 4818 magnum
2075 4764 2232 4822 praest
2247 4774 2303 4804 :--

716 4831 803 4882 bat
837 4831 1075 4884 dominis
1101 4835 1218 4887 suis
1246 4834 1565 4890 divinando.
1608 4837 1732 4890 llaec
1759 4839 2056 4895 subsecuta
2073 4845 2300 4897 Paulum

715 4931 767 4970 et
806 4936 930 4986 nos,
961 4924 1224 4977 clamabat
1253 4926 1475 4981 dicens:
1507 4929 1597 4980 Isti
1638 4929 1892 4984 homines
1921 4933 2063 4986 servi
2088 4935 2176 4987 Dei
2203 4953 2299 4986 es-

714 5011 844 5063 celsi
885 5022 1033 5074 sunt,
1073 5015 1164 5080 qui
1209 5020 1538 5070 annuntiant
1573 5019 1728 5072 vobis
1763 5021 1902 5074 viam
1941 5024 2154 5078 salutis.
2187 5026 2301 5077 Hoc

714 5112 894 5154 auum
928 5104 1163 5158 faciebat
1190 5108 1378 5161 multis
1403 5107 1619 5162 diebus.
1656 5109 1856 5166 Dolens
1888 5121 2072 5167 autem
2097 5115 2302 5169 Paulus

714 5202 769 5246 et
793 5209 1112 5260 conversus,
1136 5199 1354 5268 spiritui
1386 5201 1525 5255 dixit
1562 5218 1576 5257 :
1611 5202 1872 5273 Pracipio
1901 5205 2000 5258 tibi
2037 5207 2089 5259 in
2126 5210 2304 5260 nomi-

716 5301 784 5338 ne
815 5283 946 5340 Jesu
988 5287 1190 5342 Christi
1220 5291 1371 5345 exire
1412 5293 1479 5346 ab
1525 5308 1611 5355 ea.
1659 5294 1721 5347 Et
1749 5297 1880 5348 exiit
1915 5299 2102 5350 eadem
2144 5300 2300 5352 hora.

720 5373 984 5432 Videntes
1016 5389 1198 5435 autem
1230 5381 1436 5437 domini
1466 5385 1608 5452 eius.
1641 5388 1768 5455 quia
1806 5389 1975 5442 exivit
2003 5405 2130 5459 spes
2154 5406 2302 5459 quae-

716 5477 834 5521 stns
852 5483 1042 5523 eorum
1071 5511 1084 5533 ,
1113 5474 1586 5538 apprehendentes
1614 5477 1843 5532 Paulum
1886 5489 1940 5532 et
1977 5478 2144 5532 Silam
2178 5496 2302 5549 per-

717 5558 992 5614 duxerunt
1043 5563 1095 5617 in
1128 5563 1304 5619 forum
1337 5567 1402 5621 ad
1453 5569 1748 5639 principes,
1797 5579 1852 5625 et
1886 5570 2178 5628 odorantes
2208 5590 2303 5628 eos

719 5650 1153 5718 magistratibus,
1205 5655 1509 5713 dixerunt:
1563 5660 1625 5713 Ili
1682 5661 1932 5718 homines
1971 5666 2302 5719 conturbant

720 5739 1000 5795 civitatem
1031 5757 1316 5814 nostram,
1351 5763 1474 5802 cum
1510 5754 1618 5805 sint
1648 5751 1844 5806 Judaei.
1882 5753 1944 5806 Et
1972 5756 2298 5808 annuntiat”

719 5845 926 5889 morem
952 5852 1110 5906 quem
1141 5857 1245 5895 non
1277 5843 1399 5898 licet
1434 5843 1594 5901 nobis
1613 5848 1891 5918 suscipere
1922 5865 2096 5916 neque
2124 5850 2302 5903 tat-ere

2403 1985 2562 2054 γυνὴ,
2598 1985 2824 2055 ὀνόματι
2879 1985 3070 2046 Λυδία,
3099 1980 3563 2054 πορφυρόπωλις,
3593 1980 3807 2039 πόλεως
3844 1978 3996 2029 Θυα-

2401 2080 2623 2148 τείρων,
2679 2078 2948 2148 σεϐομένη
2999 2079 3092 2130 τὸν
3138 2077 3275 2130 Θεὸν
3327 2068 3702 2145 ἥκουσενοῆς
3733 2070 3999 2140 ὀΚύριος

2399 2170 2634 2238 διήνοιξε
2674 2170 2772 2240 τὴν
2827 2171 3060 2241 καρδίαν
3115 2169 3412 2239 προσέχειν
3463 2169 3578 2228 τοῖς
3639 2164 4000 2232 λαλουμένοις

2403 2263 2506 2314 ὑπὸ
2547 2263 2641 2313 τοῦ
2675 2261 2912 2316 Παύλου.
2951 2262 3040 2324 Ὠς
3082 2261 3135 2314 δὲ
3169 2259 3498 2329 ἐϐαπτίσθη,
3547 2257 3697 2310 καλό
3724 2253 3876 2317 οἶκος
3903 2257 4002 2308 αὖ·

2399 2357 2520 2422 τῆς.
2572 2355 2922 2425 παρεκάλεσε
2969 2357 3202 2423 λέγουσα
3228 2372 3240 2385 ·
3273 2355 3335 2406 Ei
3364 2351 3662 2422 κεκρίκατέ
3698 2368 3766 2419 με
3797 2349 4002 2419 πιστὴν

2400 2448 2478 2516 τῷ
2516 2449 2707 2519 Κυρίῳ
2739 2444 2902 2508 εἶναι,
2936 2448 3274 2509 εἰσελθόντες
3327 2447 3406 2508 είς
3439 2444 3530 2496 τὸν
3557 2439 3707 2496 οἶκόν
3747 2458 3850 2511 μου
3885 2442 4003 2508 μείο

2403 2557 2528 2592 νατε
2556 2555 2567 2567 ⁸
2603 2541 2697 2591 καὶ
2736 2541 3111 2611 παρεϐιάσατο
3154 2539 3322 2608 ἡμᾶς.

3005 2629 3387 2683 ΕΡΜΠΝΕΙΛ.

2477 2725 2736 2793 Δόγματα
2763 2724 3000 2790 κέκληκε
3033 2722 3130 2792 τὴν
3166 2723 3381 2791 ἀποχὴν
3436 2718 3548 2772 τῶν
3597 2716 3996 2778 εἰδωλοθύτων,

2413 2817 2677 2887 πορνείας
2727 2835 2787 2868 τε
2838 2817 2933 2868 καὶ
2995 2816 3250 2884 αἵματος,
3317 2813 3412 2866 καὶ
3468 2809 3718 2863 πνικτοῦ.
3789 2808 3881 2860 Ἐν
3935 2810 4002 2874 τῇ

2419 2906 2578 2977 Ἀσίᾳ
2612 2907 2707 2959 καὶ
2738 2906 2966 2976 Βιθυνία
2994 2905 3194 2958 κωλύει
3216 2905 3276 2957 τὸ
3307 2902 3534 2971 Πνεῦμα
3581 2902 3815 2970 λαλῆσαι
3873 2902 4004 2961 τοὺς

2405 3000 2745 3062 ἀποστόλους
2776 3000 2867 3051 τὸν
2894 2998 3074 3065 λόγον,
3123 2997 3501 3068 προγινῶσκον
3532 2993 3632 3062 τὴν
3660 2993 3770 3045 τῶν
3825 2995 4002 3044 Πνευ-

2409 3093 2746 3162 ματομάχων
2773 3093 2988 3160 αἵρεσιν
3027 3091 3305 3160 κυριεύειν
3340 3088 3449 3141 τῶν
3486 3087 3674 3140 ἐθνῶν.
3748 3085 4006 3153 Σημειω-

2410 3183 2553 3244 τέον,
2589 3182 2669 3234 ὅτι
2696 3183 2795 3233 σῦν
2822 3181 2901 3252 τῷ
2930 3181 3128 3250 Παύλῳ
3159 3176 3225 3251 ἦν
3253 3184 3312 3236 ἐν
3341 3182 3466 3241 ταῖς
3518 3176 3709 3229 πόλεσι
3761 3175 3999 3251 ταύταις

2411 3275 2504 3326 καὶ
2532 3277 2560 3327 ὁ
2599 3276 2834 3337 Λουκᾶς,
2865 3275 2941 3337 ὡς
2983 3273 3041 3338 ἐξ
3071 3268 3146 3326 ὧν
3177 3274 3268 3326 καὶ
3323 3273 3385 3323 τὸ
3441 3271 3735 3338 πρόσωπον
3797 3265 4000 3319 ἐαυτοῦ

2406 3366 2967 3436 συμπαραλαμϐάνει,
3036 3365 3250 3433 λέγων’
3331 3362 3848 3430 «Ἐζητήσαμεν.›
3921 3360 4000 3410 οὐ

2406 3460 2566 3526 μόνον
2629 3459 2754 3510 ἔνθα
2808 3460 3119 3529 συναγωγὴὲ
3149 3455 3236 3528 ἦν,
3281 3457 3418 3510 ἀλλὰ
3462 3457 3558 3508 καὶ
3598 3454 3703 3521 ἔξω
3731 3453 3999 3523 ηῦχοντο,

2405 3550 2598 3620 ὥσπερ
2627 3552 2793 3604 τόπον
2820 3553 2942 3606 τινὰ
2973 3552 3355 3622 ἀφορίζοντες.
3392 3552 3489 3605 an
3544 3545 4002 3617 σωματικώτεροι

2402 3643 2554 3707 ὄντες
2582 3645 2632 3695 oi
2681 3643 2921 3697 Ἰουδαῖοι
2957 3644 3038 3714 ’ἦ
3093 3645 3316 3714 μᾶλλον,
3363 3643 3438 3714 μὴ
3489 3645 3655 3711 οῦσης
3706 3641 3824 3691 ἐκεῖ
3867 3656 4000 3690 συν-

2408 3737 2656 3804 αγωγῆς,
2688 3737 2776 3789 διὰ
2801 3738 2862 3788 τὸ
2887 3738 3133 3798 σπάνιον,
3166 3736 3318 3806 παρὰ
3350 3737 3440 3788 τὸν
3473 3733 3719 3801 ποταμὸν
3762 3732 3869 3796 ἔξω
3900 3731 4004 3799 τῆς

2405 3829 2614 3892 πόλεως
2640 3829 2814 3900 λάθρα
2843 3832 3142 3899 συνήγοντο
3162 3830 3211 3882 oi
3231 3829 3393 3899 δῆθεν
3417 3827 3708 3889 θεοσεϐεῖς.

2979 4019 3020 4070 Κ
3037 4018 3234 4070 ΕΦΑΛ.
3297 4018 3425 4070 KA'.

3024 4106 3279 4174 κυριακῇ
3311 4110 3387 4168 ς’.

2406 4193 2544 4262 Περὶ
2562 4193 2667 4247 τοῦ
2688 4193 3031 4262 συμϐάντος
3050 4195 3248 4247 ἐκεῖσε
3267 4193 3528 4262 σεισμοῦ
3552 4193 3649 4246 καί
3671 4193 4004 4260 θαύματος,

2474 4291 2571 4344 καί
2596 4289 3119 4352 ὅπως-πιστεύσας
3146 4293 3178 4342 ὁ
3204 4287 3628 4357 είρκτοφύλαξ,
3653 4290 3723 4342 ἐν·
3741 4291 3901 4358 αὑτῇ
3929 4293 4004 4361 τῇ

2476 4380 2652 4433 νυκτί
2679 4381 3015 4444 ἐϐαπτίσθη
3044 4379 3390 4444 πανέστιος.

3009 4467 3397 4522 ΚΕΙΜΕΝΟΝ.

2493 4558 2764 4625 Ἐγένετο,
2794 4558 3182 4627 πορευομένων
3214 4561 3372 4627 ἡμῶν
3395 4561 3476 4623 είς
3509 4561 3608 4630 τὴν
3657 4564 4004 4634 προσευχὴν,

2410 4652 2702 4718 παιδίσκην
2728 4652 2850 4703 τινὰ
2885 4650 3010 4720 ἔχου
3024 4668 3120 4703 σαν
3156 4651 3372 4720 πνεῦμα
3399 4653 3655 4716 Πύθωνος
3678 4657 4006 4724 ἀπαντῆσαι

2409 4746 2561 4811 ἡμῖν,
2590 4745 2714 4812 ἥτις
2758 4744 3028 4814 ἐργασίαν
3081 4744 3285 4813 πολλὴν
3343 4747 3569 4813 παρεῖχε
3619 4748 3734 4808 τοῖς
3786 4749 4006 4818 κυρίοις

2407 4834 2578 4902 αὐτῆς
2664 4834 3066 4903 μαντευομένη.
3093 4840 3117 4880 ’ἴ
3150 4834 3296 4902 Δῦτη
3347 4836 3882 4904 κατακολουθήσασα
3925 4840 4006 4907 τῷ

2409 4925 2606 4995 Παύλῳ
2636 4928 2729 4978 καὶ
2758 4929 2910 4994 ἡμῖν,
2955 4925 3156 4995 ἐκραζε
3189 4927 3460 4994 λέγουσα’
3502 4921 3665 4980 Οὗτοι
3699 4931 3748 4980 οί
3780 4929 4005 4999 ἀνθρωο

2409 5034 2498 5070 ποι
2525 5019 2700 5070 δοῦλοι
2725 5019 2819 5070 τοῦ
2839 5020 2975 5070 Θεοῦ
2993 5019 3087 5070 τοῦ
3117 5019 3344 5087 ὑψίστου
3372 5021 3533 5082 εἰσὶν,
3558 5019 3758 5081 οἵτινες
3785 5037 3999 5087 καταγ-

2407 5113 2691 5178 γέλλουσιν
2723 5112 2855 5180 ἡμῖν
2883 5112 3002 5164 ὁδὸν
3037 5113 3320 5180 σωτηρίας
3343 5127 3355 5139 ·
3385 5111 3548 5164 τοῦτο
3577 5112 3634 5163 δέ
3670 5112 3845 5164 ἐποίει
3906 5113 4005 5164 ἐπὶ

2407 5205 2606 5266 πολλὰς
2632 5204 2868 5274 ἡμέρας.
2923 5203 3279 5272 Διαπονηθεὶς
3306 5203 3363 5255 δὲ
3423 5205 3452 5254 6
3479 5203 3709 5266 Παῦλος,
3740 5205 3837 5258 καὶ
3856 5207 4000 5259 ..ἐπι-

2408 5297 2670 5366 στρέψας,
2698 5296 2775 5366 τῷ
2802 5297 3075 5367 πνεύματι
3099 5291 3222 5348 εἷπε
3248 5313 3260 5325 ”
3295 5295 3684 5366 Παραγγέλλω
3714 5312 3797 5350 σοι
3828 5301 3887 5349 ἐν
3922 5296 4004 5366 τῷ

2404 5391 2630 5458 ὀνόματι
2665 5389 2842 5459 Ἰησοῦ
2893 5387 3130 5459 Χριστοῦ
3191 5388 3431 5452 ἐξελθεῖν
3481 5389 3577 5440 ἀπ’
3630 5389 3821 5458 αὐτῆς.
3887 5390 4001 5442 Καὶ

2407 5482 2628 5551 ἐξῆλθεν
2655 5483 2794 5552 αὐτῇ
2823 5484 2889 5552 τῇ
2919 5481 3060 5552 ὥρᾳ.
3099 5481 3325 5544 Ἰδόντες
3366 5482 3425 5534 δὲ
3470 5482 3517 5532 oi
3566 5479 3746 5552 κύριοι
3802 5481 3998 5548 αὐτῆς,

2407 5575 2486 5626 ὃτι
2510 5573 2731 5643 ἐξῆλθεν
2765 5575 2800 5642 ἠ
2827 5573 2982 5635 ἐλπὶς
3011 5571 3111 5641 τῆς
3157 5572 3423 5640 ἐργασίας
3480 5571 3681 5635 αὐτῶν,
3739 5571 4001 5624 ἐπιλαϐό-

2413 5682 2563 5734 μενοι
2598 5666 2688 5717 τὸν
2724 5664 2937 5717 Παῦλον
2964 5662 3059 5715 καὶ
3098 5663 3189 5714 τὸν
3234 5663 3416 5725 Σίλαν,
3446 5661 3704 5714 εἵλκυσαν
3761 5664 3843 5720 είς
3897 5659 3998 5728 τὴν

2411 5757 2617 5825 αγορὰν
2663 5757 2754 5808 ἐπὶ
2811 5757 2937 5817 τοὺς
3012 5755 3323 5824 ἄρχοντας·
3386 5754 3482 5805 καὶ
3545 5753 3998 5820 προσαγαγόντες

2418 5849 2608 5911 αὐτοὺς
2652 5853 2755 5911 τοῖς
2788 5849 3133 5917 στρατηγοῖς,
3179 5843 3330 5898 εἷπον
3364 5862 3376 5874 ·
3425 5840 3654 5898 (λῦτοιοί
3715 5843 3997 5913 ἄνθρωποι
