4164 6444
198 415 302 480 989

849 419 1381 482 EXI‘OSJTIONIS
1416 424 1496 481 ΙΝ
1540 423 1724 480 ACTA
1759 423 2060 483 TEXTUS
2086 425 2359 486 ALTER.
2398 451 2465 461 -
2494 427 2650 487 CAP.
2681 428 2834 489 XVI.

3352 428 3454 490 990

192 528 629 596 ἐκταράσσουσιν
657 528 812 598 ἡμῶν
844 532 943 601 τὴν
972 533 1149 593 πόλιν,
1178 535 1422 588 Ἰουδαῖοι
1484 534 1757 603 ὑπάρχον-

1870 536 1988 590 cum
2040 539 2213 595 simus
2262 539 2517 594 Romani.
2568 539 2625 593 Et
2670 541 2915 594 cucurrit
2975 540 3127 609 plebs
3186 540 3451 594 adversus

190 637 279 682 τες
327 622 425 673 καὶ
442 622 899 689 καταγγέλλοντες
927 623 1044 693 ἔθη,
1062 624 1215 678 ἃόὺκ
1243 626 1417 690 ἕξεσιν
1435 627 1565 693 ἡμῖν
1579 642 1758 692 παρα-

188 712 615 780 δέχεσθαι,ὀὺδὲ
647 718 838 778 ποιεῖν,
881 716 1176 786 Ῥωμαίοις
1206 714 1344 772 οὖσι.
1388 719 1500 771 Καὶ
1540 719 1768 769 συνεπέ-

190 822 286 875 στη
309 808 340 856 ὁ
356 808 513 876 ὄχλος
545 808 665 860 κατ’
684 809 884 876 αὐτῶν,
902 811 995 863 καὶ
1008 813 1056 863 οί
1077 810 1374 881 στρατηγοὶ
1391 826 1457 861 πε
1465 813 1556 879 ριῤ
1564 809 1761 879 ῥήξαν-

184 914 274 959 te;
308 898 496 951 αὐτῶν
525 899 593 951 τά
627 900 842 968 ίμάτια,
871 902 1122 955 ἐκέλευον
1152 902 1445 972 ῥαϐδίζειν.
1471 902 1677 964 Πολλὰς
1705 918 1764 953 τε

186 990 473 1052 ἐπιθέντες
496 991 679 1055 αὐτοῖς
707 993 942 1061 πληγὰς,
957 993 1143 1045 ἔϐαλον
1163 995 1242 1056 εἰς
1260 995 1524 1063 φυλακὴν,
1545 1011 1767 1064 παραγ·-

185 1098 243 1143 γε
255 1081 470 1143 ίλαντες
487 1083 562 1150 τῷ
575 1084 967 1153 δεσμοφύλακι,
980 1087 1235 1154 ἀσφαλῶς
1245 1089 1427 1156 τηρεῖν
1440 1085 1654 1147 αὐτούς.
1668 1086 1767 1147 Ὃς

186 1174 567 1240 παραγγελίαν
592 1176 846 1245 τοιαύτην
862 1176 1118 1247 εἰληφὼς,
1145 1177 1333 1230 ἔϐαλεν
1363 1178 1557 1240 αὐτοὺς
1574 1178 1653 1235 είς
1667 1176 1764 1245 τὴν

185 1264 465 1328 ἱσωτέραν
496 1265 763 1335 φυλακὴν,
782 1269 876 1321 καὶ
900 1272 1024 1331 τοὺς
1048 1268 1214 1329 πόδας
1229 1268 1409 1320 αὐτῶν
1428 1268 1763 1337 ἠσφαλίσατο

184 1356 261 1417 εἰς
280 1355 342 1406 τὸ
361 1355 541 1420 ξύλον.
566 1358 719 1411 Κατὰ
734 1359 789 1411 δὲ
806 1360 865 1411 τὸ
882 1359 1250 1428 μεσονύκτιον.
1271 1359 1477 1422 Παῦλος
1492 1363 1583 1412 καὶ
1601 1360 1760 1420 Σίλας

185 1449 634 1515 προσευχόμενοι,
652 1450 852 1519 ῦμνουν
871 1452 961 1502 τὸν
975 1452 1130 1504 Θεόν·
1146 1453 1496 1522 ἐπηκροῶντο
1510 1451 1565 1504 δὲ
1581 1451 1759 1503 αὐτῶν

181 1540 229 1588 οἱ
250 1539 485 1605 δέσμιοι.
507 1542 695 1609 Ἀφνω
717 1541 774 1594 δὲ
798 1544 1018 1612 σεισμὸς
1037 1546 1251 1610 ἐγένετο
1272 1544 1461 1613 μέγας,
1498 1544 1636 1595 ὥστε
1659 1559 1758 1594 σα-

182 1630 347 1694 λευθῆ
360 1650 444 1683 ναι
457 1632 523 1683 τά
540 1632 764 1700 θεμέλια
783 1633 878 1685 τοῦ
890 1635 1285 1705 δεσμωτηρίου.
1305 1633 1687 1704 Ἥνεῲχθησαν
1703 1633 1759 1686 δὲ

182 1720 525 1788 πιραχρῆμα
547 1723 602 1773 αί
621 1722 779 1790 θύραι
800 1726 992 1788 πᾶσαι,
1021 1727 1115 1776 καὶ
1136 1725 1352 1776 πάντων
1382 1725 1448 1776 τὰ
1469 1724 1640 1792 δεσμὰ
1663 1724 1759 1775 ἀν-

182 1807 300 1875 έθη.
342 1808 613 1874 Ἐξυπνος
638 1811 693 1863 δὲ
717 1814 1010 1882 γενόμενος
1034 1817 1061 1867 ὁ
1094 1814 1461 1882 δεσμοψύλαξ,
1498 1815 1593 1866 καὶ
1634 1813 1757 1865 ίδὼν

186 1899 546 1966 ἀνεῳγμένας
588 1902 688 1965 τὰς
747 1903 916 1973 θύρας
950 1905 1047 1973 τῆς
1084 1904 1351 1973 φυλακῆς,
1412 1904 1762 1973 σπασάμενος

186 1991 484 2059 μάχαιραν,
508 1992 701 2060 ἢθελεν
737 1994 930 2047 ἑαυτὸν
988 1997 1256 2065 ἀναιρεῖν,
1312 1996 1551 2062 νομίζων
1600 1996 1766 2047 ἐκπε-

182 2081 448 2144 φευγέναι
487 2083 611 2144 τοὺς
639 2082 919 2152 δεσμίους.
951 2085 1230 2153 Ἐῳῶνησε
1276 2087 1331 2137 δὲ
1362 2089 1513 2154 φωνῇ
1554 2085 1765 2157 μεγάλῃ

181 2170 699 2240 ὀΠαῦλος,λέγων·
756 2177 938 2245 Μηδὲν
1002 2178 1215 2247 πράξῃς
1278 2177 1490 2244 σεαυτῷ
1547 2179 1715 2230 κακόν
1750 2193 1764 2208 ’

184 2261 462 2326 Ἅπαντες
494 2266 600 2332 γάρ
648 2270 814 2335 ἐσμεν
844 2268 1052 2322 ὲνθάδε.
1084 2270 1319 2336 Αἰτήσας
1349 2268 1403 2320 δὲ
1448 2268 1602 2334 φῶτα
1648 2268 1764 2319 είσ-

179 2353 448 2420 επὴδησε,
495 2356 587 2407 καὶ
640 2355 901 2425 ἔντρομος
964 2358 1272 2425 γενόμενος,
1321 2356 1628 2425 προσέπεσε
1688 2355 1766 2424 τῷ

185 2444 389 2514 Παύλῳ
418 2447 514 2498 καὶ
546 2447 626 2515 τῷ
657 2447 786 2516 Σίλα
808 2468 821 2479 ·
860 2451 952 2500 καὶ
1010 2447 1344 2519 προαγαγὼν
1399 2447 1597 2509 αὐτοὺς
1632 2445 1756 2510 ἔξω,

184 2538 285 2608 ἔφη
320 2555 333 2567 ’
366 2537 565 2605 Κύριοί
596 2556 721 2607 μου,
754 2540 806 2592 τί
850 2557 915 2609 με
940 2542 1023 2593 δεῖ
1050 2543 1219 2593 ποιεῖν
1272 2541 1359 2592 ἵνα
1393 2538 1549 2591 σωθῶ
1580 2554 1593 2601 ;
1625 2539 1685 2589 Oi
1708 2538 1763 2590 δὲ

182 2628 375 2682 εἷπονο
418 2612 715 2684 Πίστευσον
736 2635 826 2684 ἐπὶ
867 2635 959 2684 τον
988 2633 1189 2702 Κύριον
1236 2630 1448 2699 Ἰησοῦν
1505 2630 1761 2699 Χριστὸν,

186 2724 277 2774 καὶ
304 2725 529 2795 σωθήσῃ
562 2719 627 2801 cii
648 2727 741 2778 καὶ
768 2728 795 2778 ὁ
829 2722 974 2786 οἶκός
997 2742 1109 2779 σου.
1148 2725 1257 2777 Καὶ
1288 2723 1562 2792 ἐλάλησαν
1607 2720 1755 2789 αὐτῷ

183 2818 271 2866 τὶν
308 2816 469 2881 λόγον
498 2816 593 2868 τοῦ
620 2817 823 2884 Κυρίου
851 2818 945 2868 καὶ
976 2818 1110 2868 πᾶσι
1135 2818 1247 2877 τοῖς
1274 2819 1340 2867 ἐν
1376 2816 1440 2883 τῇ
1467 2806 1615 2882 οίκίᾳ
1659 2813 1758 2864 αι’»-

182 2906 299 2962 τοῦ.
331 2908 438 2959 Καὶ
472 2906 916 2976 συμπαραλαόὼν
944 2908 1140 2969 αὐτοὺς
1186 2908 1245 2959 ἐν
1294 2904 1480 2976 ἐκείνῃ
1520 2905 1587 2971 τῇ
1636 2901 1757 2972 ὥρᾳ

185 2998 398 3059 νυκτὸς,
426 2999 649 3051 ἔλουσεν
676 3000 783 3051 ἀπὸ
821 2999 930 3050 τῶν
975 2999 1199 3066 πληγῶν
1231 3015 1243 3029 ’
1306 2998 1399 3049 καὶ
1454 2993 1759 3061 ἐϐαπτίσθη

1879 642 1996 694 eos,
2031 636 2081 683 et
2116 632 2914 701 magistratus.scissistunicis
2938 633 3451 700 eorum,jusseruut

1880 734 1976 773 eos
2006 721 2173 790 virgis
2213 723 2365 776 caedi.
2421 721 2486 773 Et
2516 738 2640 775 cum
2678 726 2877 778 multas
2916 725 3102 793 plagas
3140 725 3222 778 eis
3275 725 3447 793 impo-

1880 809 2142 873 suissent,
2184 812 2454 865 miserunt
2492 827 2584 867 eos
2631 812 2684 866 in
2736 826 3031 874 carcerem,
3077 813 3451 882 praecipientes

1878 901 2118 964 custodi,
2149 909 2208 955 ut
2234 902 2527 971 diligenter
2553 904 2856 957 custodiret
2896 920 3010 959 eos.
3048 904 3150 970 Qui
3181 920 3301 958 cum
3343 906 3450 957 tale

1878 1003 2207 1063 prec-cptum
2244 996 2566 1064 accepisset,
2591 996 2739 1051 misit
2769 998 2949 1063 eosin
2985 998 3297 1051 interiorem
3329 1013 3452 1050 car-

1878 1100 2080 1151 cerem,
2113 1097 2166 1139 et
2189 1086 2352 1155 pedes
2373 1103 2559 1140 eorum
2596 1089 2818 1141 strinxit
2843 1088 3013 1158 ligno.
3052 1087 3223 1142 Media
3264 1098 3447 1143 autem

1876 1188 2038 1233 nocte
2081 1178 2285 1231 Paulus
2312 1186 2367 1231 et
2399 1178 2544 1232 Silas
2576 1190 2802 1235 orantes
2849 1181 3143 1236 laudabant
3175 1179 3367 1244 Deum,
3396 1189 3449 1233 et

1878 1270 2173 1324 audiebant
2205 1284 2299 1323 eos
2348 1268 2441 1339 qui
2488 1269 2543 1322 in
2578 1270 2825 1323 custodia
2869 1279 3045 1326 erant.
3097 1269 3292 1325 Subito
3323 1285 3451 1323 vero

1874 1359 2040 1433 274
2072 1369 2415 1415 terminotus
2446 1360 2623 1415 factus
2643 1370 2729 1416 est
2758 1378 2987 1430 magnus
3019 1404 3033 1427 ,
3083 1364 3156 1416 ita
3183 1374 3243 1417 ut
3273 1378 3452 1417 move—

1875 1462 2065 1508 rentur
2096 1454 2450 1508 fundamenta
2486 1456 2745 1527 careeris.
2792 1453 2859 1507 Et.
2894 1456 3079 1509 statim
3107 1465 3289 1525 aperta
3323 1468 3450 1510 sum

1873 1543 2054 1596 omnia
2098 1543 2261 1605 ostia,
2290 1551 2345 1597 et
2403 1544 2782 1598 universorum
2828 1545 3040 1599 vincula
3083 1546 3263 1599 soluta
3298 1556 3447 1601 sunt.

1871 1634 2302 1704 Expergefaetus
2358 1644 2538 1689 autem
2588 1647 2776 1691 custos
2828 1640 3068 1692 carceris
3110 1677 3125 1701 ,
3160 1648 3213 1692 et
3257 1640 3449 1693 videns

1867 1726 2069 1792 ianuas
2107 1733 2325 1793 apertas
2358 1727 2635 1787 careeris,
2688 1727 2975 1795 evaginato
3010 1728 3188 1795 gladio
3237 1728 3447 1781 volebat

1872 1831 1931 1870 se
1963 1816 2291 1879 interficere,
2344 1817 2626 1870 :estimans
2674 1815 2877 1886 fugisse
2926 1818 3156 1871 vinctos.
3185 1817 3448 1871 Clamavit

1871 1919 2049 1961 autem
2083 1908 2285 1960 Paulus
2323 1922 2457 1961 voce
2494 1924 2707 1977 magna,
2740 1910 2931 1963 (licens
2965 1926 2977 1960 :
3019 1908 3160 1962 Nihil
3193 1909 3288 1962 tibi
3322 1909 3445 1963 mali

1872 1999 2064 2053 feceris
2088 2016 2103 2064 ;
2130 2000 2367 2053 universi
2390 2003 2533 2053 enim
2562 2001 2647 2053 hic
2672 2016 2883 2056 sumus.
2906 2001 3189 2071 l‘ctitoque
3221 2004 3445 2067 lumine,

1872 2088 2239 2157 introgressus
2266 2099 2347 2143 est
2378 2107 2393 2151 ;
2452 2100 2509 2142 et
2555 2091 2907 2144 tremefactus
2952 2094 3183 2159 procidit
3210 2094 3357 2146 Pauli
3392 2100 3446 2149 et

1875 2181 2002 2234 Silae
2037 2184 2101 2233 ad
2138 2182 2323 2250 pedes,
2360 2190 2412 2234 et
2443 2183 2749 2248 produeens
2778 2199 2873 2238 eos
2911 2182 3077 2244 foras.
3113 2186 3187 2237 ait
3219 2200 3233 2239 :
3262 2184 3445 2237 Domi-

1872 2273 1951 2335 ni,
1983 2271 2111 2339 quid
2145 2287 2232 2325 me
2257 2280 2472 2339 oportet
2508 2272 2687 2326 facere
2710 2313 2725 2337 ,
2762 2281 2820 2326 ut
2852 2274 3036 2329 salvus
3064 2273 3184 2326 fiam
3212 2274 3234 2328 ἲ
3264 2275 3329 2327 At
3366 2274 3443 2327 illi

1865 2364 2157 2417 dixerunt:
2192 2362 2364 2416 Crede
2395 2364 2446 2415 in
2481 2365 2762 2417 Dominum
2795 2363 3001 2429 Jesnm,
3034 2376 3089 2420 ct
3127 2366 3310 2420 salvus
3333 2366 3445 2420 eris

1867 2461 1921 2504 tu
1961 2460 2015 2505 et
2056 2451 2253 2505 dooms
2288 2459 2405 2504 tua.
2448 2450 2508 2503 Et
2541 2452 2708 2505 locuti
2742 2463 2871 2505 sunt
2901 2453 2949 2506 ei
2977 2455 3197 2506 verbum
3232 2453 3440 2506 Domini

1865 2554 1989 2592 cum
2029 2539 2286 2593 omnibus
2325 2541 2417 2608 qui
2460 2549 2618 2594 erant
2658 2540 2711 2593 in
2765 2541 2927 2593 domo
2959 2542 3101 2609 ejus.
3152 2540 3212 2593 Et
3246 2542 3444 2596 tollens

1862 2645 1956 2685 eos
2010 2631 2063 2683 in
2102 2631 2191 2683 illa
2236 2631 2371 2682 hora
2424 2631 2622 2693 noetis,
2669 2630 2801 2683 lavit
2851 2638 3036 2699 plagas
3082 2647 3270 2685 eorum
3313 2648 3330 2696 ;
3376 2642 3431 2686 et

1870 2719 2177 2786 baptizatus
2203 2728 2287 2772 est
2314 2719 2451 2783 ipse,
2485 2726 2538 2770 et
2578 2720 2756 2773 omnis
2792 2719 2985 2773 domus
3007 2718 3126 2787 ejus
3158 2720 3441 2773 continuo.

1867 2809 2115 2878 Cumque
2150 2810 2494 2877 perduxisset
2524 2824 2618 2863 eos
2647 2811 2700 2863 in
2736 2810 2954 2863 domum
2986 2826 3162 2872 suam,
3194 2811 3443 2879 apposuit

1868 2904 1949 2955 eis
1998 2916 2265 2967 mensam,
2319 2908 2373 2956 et
2420 2902 2633 2955 laetatus
2663 2907 2749 2956 est
2793 2915 2917 2955 cum
2956 2902 3103 2955 onmi
3148 2901 3309 2955 domo
3344 2914 3442 2956 sua

1867 2994 2094 3046 credens
2127 2992 2259 3048 Deo.

183 3091 340 3151 αὐτὸς
394 3092 489 3142 καὶ
514 3092 563 3142 οἱ
598 3091 715 3158 μετ’
748 3089 914 3144 αὒτοῦ
939 3092 1138 3152 πάντες
1195 3088 1561 3157 παραχρῆμα.
1605 3084 1925 3151 Ἀναγαγὼν
1950 3100 2008 3135 τε
2034 3084 2231 3147 αὐτοὺς
2261 3085 2341 3147 είς
2372 3084 2463 3138 τὸν
2526 3079 2677 3140 οἶκον
2723 3083 2910 3147 αὑτοῦ,
2975 3083 3254 3154 παρέθηκε
3314 3080 3445 3153 τρά-

186 3182 370 3244 πεζαν,
410 3181 504 3232 καὶ
569 3179 936 3249 ἠγαλλιάσατο
984 3181 1205 3231 πανοικὶ
1259 3177 1638 3240 πεπιστευκὼς
1681 3177 1760 3244 τῷ
1795 3174 1938 3245 Θεῷ.

760 3269 1143 3321 ΕΡΜΗΝΕΙᾹ.

253 3364 494 3429 Λέγεται
523 3362 557 3429 ἡ
582 3360 753 3416 Πυθία
786 3360 945 3428 αὕτη.
977 3362 1113 3427 γυνῂ
1158 3376 1239 3421 τις
1271 3359 1406 3412 οὖσα
1438 3358 1757 3412 ιπικαθίσαι

186 3455 262 3521 τῷ
282 3453 501 3523 τρίποδι
529 3451 626 3503 τοῦ
698 3450 1053 3513 Ἀπόλλωνος,
1121 3449 1404 3520 διαιροῦσα
1446 3450 1513 3501 τὰ
1554 3449 1756 3518 σκέλη·

185 3544 282 3598 εἷθ’
317 3544 461 3597 οὕτω
508 3542 727 3611 πνεῦμα
766 3542 1003 3610 πονηρὸν
1065 3542 1444 3609 ἀναδιδόμενον
1489 3541 1756 3605 κάτωθεν,

184 3640 279 3691 καὶ
309 3638 400 3688 διὰ
426 3636 535 3687 τῶν
568 3635 903 3702 γεννητικῶν
922 3634 1093 3701 αὐτῆς
1123 3634 1493 3702 διαδιδόμενον
1526 3636 1757 3702 μορίων,

188 3726 434 3797 πληροῦν
484 3719 583 3795 τὴν
644 3728 876 3790 γυναῖκα
927 3724 1027 3792 τῆς
1070 3725 1290 3793 μανίας,
1311 3725 1404 3777 καὶ
1456 3723 1661 3793 ταύτης
1691 3722 1757 3795 [ί.

184 3813 421 3887 ταύτην]
455 3816 553 3876 τὰς
587 3814 778 3883 τρίχας
802 3813 1053 3874 λύουσαν,
1086 3813 1271 3865 λοιπὸν
1314 3812 1674 3883 βακχεύεσθαῖ
1702 3828 1762 3864 τε

183 3911 275 3961 aui
292 3909 467 3976 ἀτρὺν
496 3910 560 3959 ὲκ
579 3904 673 3957 τοῦ
705 3907 971 3973 στόματος
1010 3906 1229 3971 ἀφιέναι
1259 3945 1273 3969 ,
1331 3892 1424 3957 παὶ
1480 3904 1654 3966 οὕτως
1705 3904 1762 3954 ἐν

186 4001 445 4069 παροινὶᾳ
470 3997 787 4064 γινομένην,
823 3997 890 4048 τὰ
920 3999 1018 4064 τῆς
1046 3996 1245 4064 μανίας
1301 3996 1632 4065 φθέγγεσθαι
1668 3997 1764 4065 ῥή-

188 4108 359 4155 ματα.
389 4090 453 4140 Τί
483 4090 685 4156 δήποτε
713 4089 806 4141 καὶ
862 4090 891 4139 ὁ
945 4088 1154 4157 δαίμων
1210 4088 1526 4155 ἐφθέγγετο,
1573 4086 1711 4159 [καὶ]
1738 4088 1764 4139 ὁ

189 4182 396 4241 Παῦλος
425 4178 743 4243 multum;
816 4179 1097 4232 Ἐϐούλετο
1146 4180 1328 4231 λοιπὸν
1362 4180 1404 4211 ⁸⁷
1456 4180 1765 4244 ἀξιόπιστον

187 4275 378 4327 ἑαυτὸν
410 4271 456 4304 ³⁸
476 4274 673 4325 ποιεῖν.
707 4272 767 4322 Εἰ
796 4271 904 4340 γάρ
939 4274 1257 4341 προσήκατο
1296 4269 1460 4322 αὐτοῦ
1492 4270 1589 4337 τὴν
1624 4286 1765 4338 μαρ-

186 4363 399 4425 τυρίαν,
423 4366 450 4414 ο
469 4361 700 4422 Παῦλος.
728 4361 951 4422 πολλοὺς
967 4362 1033 4414 ἂν
1056 4364 1151 4413 καὶ
1175 4361 1281 4413 τῶν
1309 4360 1514 4412 πιστῶν
1548 4361 1764 4429 ἡπάτη-

188 4473 298 4508 σεν.
332 4454 428 4507 an
455 4454 560 4505 ὑπὸ
590 4452 797 4504 ἐκείνου
825 4451 1058 4520 δεχθείς.
1090 4451 1187 4503 Διά
1220 4450 1377 4503 τοῦτο
1398 4450 1690 4519 ἀνέχεσθαι
1722 4452 1764 4482 ³⁸

189 4546 307 4598 καθ’
361 4542 560 4596 ἑαυτοῦ
624 4542 819 4606 εἰπεῖν,
847 4541 934 4593 ἴνα
970 4541 1142 4611 στήσῃ
1163 4541 1231 4592 τά
1272 4541 1412 4609 ὑπὲρ
1443 4540 1631 4598 αὑτοῦ,
1673 4538 1765 4591 καὶ

2359 3264 2935 3321 COMMENTARIUS.

1941 3360 2233 3415 Dicebatur
2268 3358 2465 3411 mulier
2496 3358 2700 3427 Pythia
2737 3374 2822 3421 ea,
2877 3375 2997 3427 quas
3038 3373 3200 3429 supra
3240 3358 3444 3428 Apolli-

1868 3458 1955 3510 nis
1990 3450 2258 3521 tripodem
2288 3448 2479 3503 sedere
2500 3448 2658 3501 solita
2682 3457 2800 3502 erat
2828 3448 3139 3503 divaricatis
3168 3449 3440 3504 cruribus.

1860 3548 1981 3613 Quo
2004 3547 2058 3599 in
2095 3550 2239 3597 statu
2272 3541 2483 3595 dmmon
2511 3541 2577 3593 ab
2609 3541 2716 3594 imo
2735 3556 2854 3594 sese
2891 3542 3197 3604 insinuans,
3237 3555 3300 3593 ac
3323 3545 3443 3607 ejus

1862 3634 2099 3688 verenda
2138 3629 2463 3699 pervadens,
2510 3627 2694 3680 furore
2743 3622 2915 3694 ipsam
2956 3627 3215 3695 replebat.
3257 3625 3445 3691 Quare

1864 3723 2072 3794 sparsis
2112 3721 2359 3795 crinibus
2402 3718 2789 3779 bacchabatur,
2839 3727 2893 3771 et
2940 3733 3189 3786 spumam
3225 3732 3289 3769 ex
3345 3731 3444 3769 ore

1863 3815 2143 3871 emittebat
2168 3828 2182 3877 ;
2214 3813 2400 3879 sicque
2422 3809 2715 3863 furibunda
2735 3808 2962 3863 insanire
2982 3809 3143 3860 verba
3164 3806 3444 3859 t‘umlebat.

1863 3907 1924 3960 At
1952 3921 2124 3973 quare
2159 3914 2211 3957 et
2236 3903 2446 3955 damon
2471 3900 2523 3953 id
2552 3900 2784 3961 dicebat,
2812 3909 2865 3952 et
2894 3898 3093 3952 Paulus
3124 3913 3190 3951 ne
3216 3898 3441 3960 diceret,

1865 3991 2193 4065 prohibuit?
2232 3990 2373 4056 Quia
2420 3989 2629 4043 volebat
2656 3989 2757 4041 sibi
2792 3989 2947 4042 fidem
2982 3998 3029 4041 et
3064 3988 3439 4040 auctoritatem

1869 4083 2188 4138 conciliare.
2230 4080 2286 4133 Si
2334 4080 2477 4133 enim
2518 4079 2889 4133 testimonium
2927 4077 3099 4145 ipsius
3138 4076 3444 4129 admisisset

1867 4173 2091 4235 Paulus,
2119 4172 2303 4224 tideles
2323 4172 2544 4231 multos,
2570 4166 2714 4222 velut
2736 4169 2802 4221 ab
2825 4168 2915 4219 illo
2932 4168 3212 4236 probatus,
3250 4164 3445 4219 fortas-

1868 4279 1927 4315 se
1961 4261 2286 4326 deeepisset.
2321 4256 2493 4323 Quam
2531 4259 2601 4311 ob
2634 4272 2855 4309 causam
2894 4255 3217 4315 nou.renuit
3247 4261 3441 4307 contra

1868 4367 1927 4408 se
1978 4352 2185 4410 dicere.
2240 4360 2298 4403 ut
2340 4364 2461 4416 quae
2498 4362 2595 4415 pro
2640 4362 2699 4401 se
2743 4347 2994 4409 dixisset,
3049 4345 3441 4398 continuaret:

1870 4443 2074 4497 scilicet
2133 4441 2281 4493 novit
2336 4440 2447 4503 ille,
2496 4446 2556 4491 ut
2600 4437 2847 4490 homines
2900 4436 3111 4505 perdat,
3171 4436 3333 4487 etiam
3386 4451 3445 4485 se

1873 4533 2105 4601 tempori
2132 4530 2569 4584 accommodare.
2616 4527 2817 4581 Paulus
2864 4528 3041 4594 primo
3072 4524 3291 4593 quidem
3328 4524 3447 4592 ejus

188 4636 352 4696 αὖτδς
385 4591 1279 4701 συγκαταὸἐισειικέχρητάιύπρὺς
1334 4591 1433 4700 την
1472 4630 1763 4683 ἀπώλειαν.

1878 4621 2247 4677 testimonium
2283 4634 2392 4671 non
2434 4616 2689 4679 admisit,
2738 4615 2832 4668 sed
2868 4612 3219 4680 contempsit.
3254 4611 3444 4663 nolens

189 4728 386 4793 Τδμὲν
422 4721 515 4778 οὖν
563 4724 778 4790 πρῶτον
858 4724 917 4775 οὐ
970 4724 1287 4793 προσήκατο
1346 4722 1579 4786 Παῦλος,
1640 4721 1774 4774 ἀλλά

189 4818 586 4880 ὁ.ἐπτυσεν,οὑ
638 4814 960 4885 βουλόμενος
1017 4814 1207 4875 ἁπλῶς
1267 4816 1612 4885 ὲπιῤῥὶπτειν
1664 4818 1774 4875 τοῖς

193 4910 464 4977 σημείοις.
501 4908 590 4968 Ὠς
618 4907 674 4958 δὲ
715 4906 945 4974 ἐπέμενε
980 4904 1138 4956 τοῦτο
1166 4903 1360 4964 ποιῶν,
1396 4905 1492 4955 καὶ
1519 4902 1580 4954 τὸ
1612 4902 1772 4971 ἔργον

189 4999 427 5062 ἐδείκνυ,
449 4998 566 5048 τότε
592 4996 875 5049 ἐκέλευσεν
901 4994 1049 5062 αὐτῷ
1074 4992 1326 5057 ἐξελθεῖν.
1371 5011 1388 5042 ι
1418 4991 1772 5058 Διαπονηθεὶς

193 5090 325 5156 γὰρ,
352 5088 519 5154 φησὶν
547 5088 575 5137 ὁ
612 5084 875 5150 Παῦλο;,›
891 5084 1138 5138 τουτέστι
1161 5082 1399 5151 κινηθεὶς
1418 5080 1766 5150 καὶ-δηχθεὶς,

195 5178 288 5229 καὶ
317 5176 499 5243 ἀληθῆ
526 5175 791 5242 λέγουσαν
844 5168 1227 5243 ἐπιστομίσας
1250 5174 1441 5241 αὐτὴν,
1486 5171 1768 5224 ἐκέλευσεν

194 5265 436 5330 ἐξελθεῖν
461 5265 517 5329 ἐξ
532 5264 701 5331 αὐτῆς
719 5264 779 5315 τὸ
806 5264 1107 5332 δαιμόνιον,
1137 5263 1403 5315 διδάσκων
1425 5264 1593 5332 ἡμᾶς,
1631 5260 1764 5330 μηδὲ

190 5361 258 5426 τῇ
323 5355 559 5426 ἀληθείᾳ
606 5358 925 5425 συνηγορεῖν
968 5356 1469 5424 προσποιουμένους
1518 5351 1768 5421 δέχεσθαι

192 5450 479 5518 δαίμονας,
532 5447 670 5501 ἀλλά
699 5449 875 5500 πᾶσαν
906 5447 1090 5510 αὐτοῖς
1140 5443 1507 5514 ἀποτειχίζειν
1560 5443 1764 5510 πλάνης

191 5542 331 5604 ὁδὸν,
365 5539 461 5593 καὶ
512 5540 901 5610 περιφράττειν
924 5537 1062 5607 πρὸς
1095 5539 1162 5590 τὰ
1197 5537 1329 5607 παρ’
1376 5535 1559 5588 αὐτῶν
1590 5534 1768 5586 πάντα

1873 4714 2055 4768 statim
2112 4712 2282 4780 signis
2335 4723 2553 4761 nianum
2608 4706 2918 4759 admovere.
2966 4704 3035 4757 At
3072 4718 3195 4756 cum
3234 4702 3443 4754 daemon

1872 4802 2160 4858 clamando
2193 4807 2605 4869 perseveraret,
2642 4808 2694 4850 et
2719 4796 2829 4863 jam
2869 4794 3129 4847 molestiae
3160 4792 3236 4845 illi
3276 4801 3444 4855 esset,

1872 4905 2004 4948 tmic
2038 4891 2319 4961 imperavit
2346 4889 2473 4956 ipsi,
2502 4897 2559 4940 ut
2586 4887 2779 4940 exiret.
2811 4901 2829 4935 ι
2861 4883 3059 4937 Dolens
3091 4893 3267 4936 autem
3301 4879 3442 4933 Pau-

1872 4986 1980 5048 lus,
2018 5001 2035 5033 ι
2077 4980 2275 5050 inquit,
2323 4980 2424 5032 hoc.
2457 4986 2561 5041 est,
2600 4974 2759 5029 taedio
2797 4982 2847 5026 et
2900 4971 3146 5031 molestia
3194 4968 3442 5029 allectus,

1868 5073 2123 5144 quamvis
2152 5086 2276 5125 vera
2312 5070 2516 5123 diceret
2540 5107 2552 5129 ,
2587 5080 2650 5119 os
2684 5064 2761 5118 illi
2801 5061 3074 5117 obstruxit
3103 5098 3117 5121 ,
3173 5059 3445 5127 iussitque

1871 5177 1929 5220 ut
1957 5183 2018 5218 ex
2053 5165 2140 5215 illa
2184 5162 2380 5215 exiret.
2419 5159 2538 5223 Quo
2574 5171 2673 5211 nos
2722 5155 2930 5219 docuit,
2972 5167 3040 5207 ne
3082 5149 3444 5212 dzemonibus,

1870 5258 1951 5310 vel
1982 5252 2142 5322 275
2177 5266 2300 5305 cum
2344 5248 2559 5304 veritati
2610 5243 2944 5316 patrocinari
2991 5242 3244 5296 videntur
3274 5278 3287 5300 ,
3337 5240 3446 5292 ullo

1868 5348 2029 5400 modo
2078 5344 2386 5406 credamus,
2457 5341 2549 5395 sed
2602 5337 2871 5393 obturatis
2903 5334 2969 5388 ad
3003 5333 3185 5387 omnia
3220 5346 3339 5399 quae
3376 5331 3445 5383 ab

1875 5438 2012 5508 ipsis
2046 5437 2372 5504 procedunt,
2402 5434 2649 5493 auribus,
2671 5443 2887 5483 omnem
2920 5426 3025 5479 illis
3058 5422 3281 5477 fallendi
3301 5422 3442 5474 viam

1875 5527 2294 5599 prmcludamus.
2345 5544 2363 5575 ι
2395 5524 2764 5580 Terrreutotus
2817 5518 2994 5572 factus
3024 5525 3129 5570 est.
3161 5532 3181 5565 ι
3230 5511 3308 5566 Ex
3336 5524 3447 5581 quo

1387 5710 1584 5772 Variae
1616 5708 1922 5773 lectiones
1970 5714 2031 5768 et
2074 5712 2263 5770 nolle.

264 5823 306 5853 ⁸⁷
348 5820 481 5890 γὰρ.
550 5819 595 5852 ⁸⁸
624 5817 805 5872 αὐτόν.
884 5818 930 5852 π
956 5817 1227 5885 ἀνέχεται.
