4164 6444
722 338 823 402 991

1645 336 2228 399 THEOPHYLACTI
2256 337 2670 401 BULGARI/E
2709 340 3066 402 ARCHIEP.

3909 337 4039 402 992

725 466 914 517 custos
942 451 1179 509 carceris
1232 470 1251 504 ι
1313 454 1730 523 expergefactus
1750 463 1877 509 est:
1920 472 1938 505 ι
1994 453 2147 510 Ostia
2176 470 2306 510 vero

2435 453 2509 523 ’ὴν
2537 456 2729 527 ἀκοήν.
2772 455 2831 507 '0
2858 452 3083 524 σεισμὸς
3116 453 3368 520 γέγονεν,
3400 452 3545 507 ὥστε
3589 452 4041 521 άφυπνισθῆναι

727 558 914 616 aperta
943 554 1091 609 sunt,
1120 555 1177 597 ut
1207 544 1351 614 quod
1380 546 1704 615 contigerat,
1724 544 2039 607 miraretur,
2066 556 2121 600 et
2142 546 2314 599 ﬁdelis

722 640 1022 695 evaderet:
1085 626 1194 693 non
1246 640 1390 691 enim
1446 640 1553 693 ista
1586 640 1652 691 ad
1703 638 2125 693 ostentationem
2169 638 2313 693 facta

731 740 875 794 sunt,
891 731 985 785 sed
1001 730 1066 783 ad
1083 730 1202 799 ejus
1218 730 1470 782 salutem.
1491 730 1562 783 Ea
1585 739 1761 784 tamen
1787 747 1894 785 non
1922 731 2198 797 viderunt,
2217 734 2311 801 qui

729 823 865 877 inibi
934 832 1093 878 erant
1145 823 1318 877 vincti
1377 842 1391 879 :
1461 824 1708 891 alioquin
1770 822 2041 894 fugissent
2099 839 2312 880 omnes.

733 932 752 965 ι
796 914 1258 985 Exspergel‘actus
1305 926 1486 971 autem
1524 926 1713 971 custos
1746 918 2004 971 carceris.
2048 937 2065 967 ι
2106 915 2204 972 llic
2230 926 2314 974 est

658 1066 661 1070 _
731 1005 1038 1075 Stcplianas
1104 1009 1218 1072 ille,
1276 1010 1433 1079 cujus
1486 1010 1735 1065 meminit
1790 1009 1992 1066 Paulus
2034 1011 2087 1064 in
2140 1012 2311 1080 prima

731 1093 968 1166 Epistula
996 1098 1062 1152 ad
1102 1099 1437 1155 Corinthios.

896 1190 1052 1255 Quod
1081 1192 1309 1259 apostoli
1344 1194 1518 1263 rogati
1548 1208 1613 1247 ρας
1645 1210 1853 1247 carcere
1886 1196 2130 1250 exierint.

1384 1378 1682 1433 TEXTUS.

800 1467 943 1533 XVI,
979 1470 1164 1525 55-40.
1221 1470 1281 1525 Et
1305 1488 1441 1525 tcum
1489 1472 1607 1527 dies
1638 1472 1814 1526 factus
1846 1483 2012 1539 esset,
2049 1474 2314 1530 miserunt

733 1561 1082 1627 magistratus
1100 1564 1635 1631 lictores,‘dicentes:
1658 1564 1877 1618 Dimitte
1894 1566 2143 1621 homines
2171 1567 2311 1621 illos.

732 1650 1009 1707 Nllltllm'il
1041 1666 1220 1710 autem
1259 1667 1450 1713 custos
1489 1658 1729 1713 carceris
1766 1658 1927 1713 verba
1968 1659 2083 1713 hate
2122 1659 2313 1725 Paulo,

733 1741 860 1807 quia
904 1740 1171 1797 Miserum
1207 1746 1585 1816 magistratus,
1628 1755 1685 1800 ut
1734 1748 2085 1801 dimittamini
2121 1767 2135 1804 :
2166 1767 2314 1806 nuuc

735 1832 902 1902 igitur
929 1846 1213 1900 exeuntes,
1240 1840 1311 1892 ite
1342 1839 1396 1892 in
1432 1854 1584 1907 pace.
1606 1838 1809 1893 Paulus
1828 1849 2006 1894 autem
2033 1842 2173 1896 dixit
2196 1843 2275 1897 eis
2302 1860 2317 1896 :

732 1923 918 1979 Ca‘sos
950 1942 1052 1981 nos
1087 1927 1323 1995 publice,
1360 1929 1731 1995 indemnatos,
1762 1932 2013 1988 homines
2038 1932 2319 1990 Romanos

734 2016 1004 2072 miserunt
1024 2018 1075 2072 in
1096 2035 1395 2088 carcerem,
1426 2031 1479 2077 et
1520 2039 1667 2077 nunc
1688 2026 1899 2079 occulte
1920 2040 2019 2081 nos
2051 2027 2276 2096 rjicinnt
2300 2036 2325 2091 ι

736 2106 852 2163 Non
885 2111 979 2177 ita,
1040 2113 1134 2167 sed
1168 2115 1410 2179 veniant,
1470 2124 1524 2169 et
1557 2116 1659 2184 ipsi
1689 2132 1788 2171 nos
1810 2117 2053 2185 ejiciant.
2089 2118 2322 2173 Nuntia-

738 2214 935 2259 verunt
990 2215 1172 2260 autem
1228 2209 1644 2275 magistratibus
1698 2210 1920 2264 lictores
1960 2211 2126 2266 verba
2181 2213 2317 2267 hate.

736 2294 1190 2366 Timuernutque,
1228 2300 1416 2354 audito
1464 2300 1611 2368 quod
1668 2302 1902 2355 Romani
1967 2312 2181 2357 essent.
2257 2303 2324 2359 Et

740 2386 1021 2442 venientes
1044 2388 1318 2457 deprecati
1340 2401 1465 2444 sunt
1486 2407 1598 2453 eos,
1624 2399 1680 2447 et
1704 2392 2000 2447 educentes
2035 2397 2321 2463 rogabant,

740 2489 801 2532 ut
839 2481 1226 2548 egrederentur
1262 2483 1330 2536 de
1362 2484 1517 2537 urbe.
1569 2484 1847 2540 Exeuntes
1874 2493 2059 2539 autem
2094 2486 2161 2540 de
2199 2503 2325 2540 car-

739 2581 885 2628 cere.
919 2569 1254 2626 introierunt
1276 2575 1340 2627 ad
1375 2573 1602 2644 Lydiam
1626 2586 1680 2629 ct
1710 2578 1846 2633 visis
1878 2576 2162 2644 fratribus,
2193 2595 2325 2633 con-

740 2658 898 2714 solati
929 2670 1060 2717 sunt
1086 2676 1206 2730 eos,
1228 2672 1284 2718 ct
1314 2666 1545 2735 profecti
1572 2677 1721 2723 sunt.

1273 2913 1856 2974 COMMENTARIUS.

815 3001 1009 3058 Dicens
1045 3004 1289 3062 Paulus:
1326 3026 1345 3059 ι
1382 3008 1565 3064 Caesos
1592 3024 1696 3066 nos
1727 3012 1963 3081 publice,
2006 3032 2025 3067 ι
2063 3026 2191 3082 etc.,
2225 3016 2328 3071 du-

2421 544 2515 597 τδν
2538 546 2951 616 δεσμοφύλακα.
3013 548 3079 599 Δί
3125 546 3290 616 θύραι
3332 546 3390 600 δὲ
3439 545 3819 617 ἠνεῴχθησαν,
3872 545 4036 597 ὥστε

2422 640 2708 709 θαυμάσαι
2737 640 2797 692 τὸ
2820 638 3041 707 γεγονὸς
3078 638 3175 690 καὶ
3226 637 3539 692 πιστεῦσαι.
3598 637 3674 691 Οὐ
3713 638 3825 710 γᾲρ
3880 637 4040 705 πρὸς

2422 732 2687 799 ἐπίδειξιν
2723 733 2897 786 ταῦτα
2926 733 3165 799 ἐγένετο,
3193 731 3332 783 ἀλλὰ
3362 733 3496 801 πρὸς
3528 732 3805 802 σωτηρίαν
3820 729 4037 783 αὑτοῦ.

2422 823 2608 877 Ταῦτα
2639 825 2693 877 δὲ
2724 827 2775 877 οί
2810 825 3088 895 δεσμῶται
3118 824 3216 895 οὐχ
3239 824 3428 895 ἐώρων
3457 840 3469 853 ·
3496 820 3531 895 ἦ
3560 824 3666 896 γὰρ
3720 824 3786 877 ἂν
3809 823 4038 891 ἔφυγον

2422 916 2684 981 ἅπαντες.
2713 910 2879 978 Οὗτός
2912 919 3060 971 ἐστιν
3104 918 3133 970 ὁ
3187 919 3492 986 Στεφανάς,
3558 912 3621 972 οὗ
3680 915 4035 988 μνημονεύει

2424 1006 2635 1070 Παῦλος
2658 1009 2715 1060 ἐν
2744 1010 2810 1076 τῇ
2841 1007 2978 1076 πρὶς
3006 1006 3329 1079 Κορινθίους
3363 1006 3561 1077 πρώτῃ
3589 1007 3911 1076 Ἐπιστολῇ.

2426 1193 2542 1242 Ὅτι
2578 1190 3074 1255 παρακληθέντες
3106 1188 3373 1256 ἐξῆλθον
3397 1193 3532 1245 τότε
3555 1191 3747 1246 suae
3780 1191 4029 1258 δεσμω-

2834 1284 3038 1349 τηρίου
3071 1285 3123 1334 ol
3153 1282 3509 1335 ἀπόστολοι.

2988 1374 3374 1427 KEIMENON.

2509 1454 2751 1535 Ἡμέρας
2782 1466 2836 1519 δὲ
2860 1466 3185 1536 γενομένης,
3220 1463 3552 1517 ἀπέστειλαν
3601 1462 3652 1516 οί
3708 1464 4025 1532 στρατηγοὶ

2422 1560 2548 1629 τοὺς
2578 1559 2929 1628 ραὀδούχους,
2962 1559 3210 1625 λέγοντες
3236 1573 3249 1587 ·
3296 1556 3593 1610 Ἀπόλυσον
3620 1557 3748 1620 τοὺς
3795 1556 4024 1626 ἀνθρώ-

2424 1670 2557 1713 πους
2590 1653 2858 1713 ἐκείνους.
2938 1650 3267 1721 Ἀπήγγειλε
3312 1650 3371 1701 δὲ
3421 1650 3450 1702 ό
3502 1648 3852 1719 δεσμοφύλαξ
3886 1650 4024 1710 τοὺς

2423 1742 2613 1808 λόγους
2650 1744 2875 1805 τούτους
2918 1744 3049 1812 πρὸς
3077 1742 3167 1793 τὸν
3194 1740 3425 1802 Παῦλον,
3449 1741 3532 1794 ὅτι
3583 1739 3941 1794 Ἀπέστειλαν
3971 1743 4020 1791 οἱ

2426 1834 2751 1903 στρατηγοὶ,
2787 1834 2874 1885 ἴνα
2908 1831 3218 1901 ἀπολυθῆτε
3245 1848 3259 1861 ·
3299 1831 3392 1884 νῦν
3422 1831 3515 1885 οὖν
3549 1830 3857 1897 ἐξελθόντες
3914 1847 4023 1883 πο-

2426 1928 2647 2000 ρεύεσθε
2678 1931 2736 1982 ἐν
2772 1930 2984 2001 είρήνῃ.
3029 1928 3085 1981 Ὀ
3116 1928 3173 1981 δὲ
3204 1926 3414 1990 Παῦλος
3438 1926 3542 1995 ἔφη
3572 1926 3709 1996 πρὸς
3770 1924 3976 1986 αὐτούς
3999 1938 4019 1957 ⁸

2422 2024 2711 2091 Δείραντες
2758 2024 2905 2091 ἡμᾶς
2933 2021 3173 2090 δημοσίᾳ
3223 2020 3628 2088 ἀκατακρίτους
3656 2019 4015 2086 ἀνθρώπους,

2435 2114 2743 2185 Ῥωμαίους
2770 2113 3139 2183 ὑπάρχοντας,
3167 2112 3361 2165 ἔϐαλον
3384 2113 3462 2173 είς
3492 2110 3759 2181 φυλακὴν,
3789 2111 3885 2161 καὶ
3922 2110 4019 2161 νῦν

2424 2205 2602 2277 λάθρα
2634 2207 2783 2275 ἡμᾶς
2824 2204 3182 2258 ἐκίάλλουσιν
3215 2221 3231 2267 ;
3291 2204 3365 2256 Οὐ
3421 2204 3553 2273 γὰρ,
3610 2202 3725 2256 ἀλλ’
3766 2202 4022 2263 ἐλθόντες

2423 2297 2577 2352 αὐτοὶ
2594 2298 2742 2367 ἡμᾶς
2763 2297 3205 2364 ἐξαγαγέτωσαν.
3246 2295 3616 2365 ’Λπήγγειλαν
3638 2294 3695 2346 δὲ
3712 2296 3823 2356 τοῖς
3852 2310 4021 2359 στρα-

2424 2392 2616 2462 τηγοῖς
2636 2391 2686 2443 ol
2723 2387 3017 2460 ῥαϐδοῦχοι
3047 2387 3114 2441 τὰ
3144 2389 3365 2456 ῥήματα
3395 2386 3593 2451 ταῦτα,
3618 2386 3711 2438 καὶ
3738 2385 4021 2454 ἐφοϐήθη-

2428 2498 2529 2535 σαν
2577 2480 2937 2544 ἀκούσαντες,
2976 2480 3063 2530 ὅτι
3102 2476 3361 2545 Ῥωμαῖοί
3422 2479 3551 2530 εἱσι.
3616 2476 3726 2531 Καὶ
3767 2475 4022 2538 ἐλθόντες

2426 2569 2815 2640 παρεκάλεσαν
2841 2569 3063 2631 αὐτοὺς,
3102 2568 3198 2620 καὶ
3237 2566 3607 2634 ἐξαγαγόντες
3638 2564 3891 2634 ἠρώτων
3926 2565 4013 2629 ἐξο

2425 2666 2600 2719 ελθεῖν
2629 2666 2724 2733 τῆς
2757 2664 2981 2725 πόλεως.
3015 2663 3359 2725 Ἐξελθόντες
3395 2662 3453 2714 δὲ
3479 2662 3588 2716 ἀπὸ
3610 2660 3710 2729 τῆς
3746 2661 4021 2728 φυλακῆς,

2427 2756 2673 2826 εἰσῆλθον
2706 2756 2843 2825 πρὸς
2874 2754 2975 2823 τὴν
3017 2754 3218 2807 Λυδίαν
3253 2768 3267 2781 ·
3294 2755 3390 2807 καὶ
3418 2752 3619 2814 ἰδόντες
3685 2754 3814 2815 τοὺς
3861 2752 4020 2805 ἀδελ-

2430 2849 2565 2915 φοὺς
2593 2843 2979 2917 παρεκάλεσαν
3003 2844 3224 2905 αὐτοὺς,
3256 2844 3352 2895 καὶ
3376 2841 3618 2910 ἐξῆλθον.

3051 2932 3436 2988 ΕΡΜΗΝΕΙΑ.

2501 3026 2995 3080 Δείκνυσιδιπλοῦν
3040 3026 3102 3077 τὸ
3152 3025 3428 3095 ἔγκλημα,
3463 3024 3673 3077 εἰπών’
3743 3042 3762 3075 ι
3799 3023 4029 3093 Δείραν-

746 3095 868 3164 plex
913 3096 964 3149 in
998 3112 1057 3151 se
1087 3106 1139 3152 et
1172 3097 1479 3153 Barnabam
1511 3100 1775 3156 delictum
1812 3108 2165 3161 connnissum
2204 3124 2328 3163 esse

2437 3138 2527 3181 τες
2565 3121 2713 3190 ἡμᾶς
2740 3119 3004 3189 δημοσία,
3047 3136 3064 3168 ι
3103 3117 3199 3170 καὶ
3227 3116 3295 3169 τὰ
3355 3115 3505 3185 ἑξῆς,
3534 3116 3617 3169 ὅτι
3655 3134 3674 3167 ι
3718 3116 3829 3168 Καὶ
3885 3116 4022 3167 Ῥω-

747 3187 1009 3250 ostendit,
1079 3203 1271 3256 nempe
1333 3191 1482 3260 quod
1538 3200 1590 3246 et
1628 3194 1932 3250 «homines
1985 3197 2238 3264 Romani,
2283 3209 2331 3256 et

2446 3187 2658 3280 μαίους,
2698 3187 2800 3263 καί
2826 3187 3251 3277 ἀκατακρίτους.
3288 3226 3307 3258 ι
3355 3206 3705 3275 ’Δνθρώπινα
3736 3206 3846 3274 γὰρ
3893 3223 4026 3258 κατ-

750 3275 1049 3330 imlemnati
1089 3297 1108 3331 ι
1148 3280 1271 3333 εδειιί
1297 3289 1503 3337 essent.
1534 3281 1748 3340 Pluries
1788 3288 1934 3341 enim
1981 3288 2070 3343 ille
2100 3290 2338 3344 humana

753 3369 997 3433 prastexit
1058 3371 1129 3422 ob
1181 3373 1471 3440 quamdam
1519 3378 1921 3442 oeconomiam,
1972 3394 2041 3433 ne
2085 3381 2342 3436 videlicet

754 3467 1009 3525 tanquam
1030 3461 1155 3528 jure
1177 3462 1493 3530 damnatus,
1519 3474 1572 3521 et
1605 3476 1861 3538 tanquam
1893 3470 2112 3539 iniquus
2141 3474 2339 3541 perire,

755 3553 838 3605 vel
881 3555 981 3607 hoc
1019 3556 1088 3608 ab
1132 3556 1348 3610 illorum
1395 3563 1571 3630 gratia
1620 3563 1857 3631 pendere
1914 3564 2211 3620 videretur.
2274 3567 2342 3622 Et

755 3645 883 3711 quia
913 3646 1141 3712 sciebat,
1178 3649 1337 3702 subdi
1370 3661 1625 3719 Oportere
1652 3654 1994 3723 principibus
2021 3666 2075 3711 et
2096 3667 2342 3727 potesta-

755 3734 925 3799 tibus,
982 3737 1189 3793 iilcirco
1213 3755 1273 3795 se
1299 3744 1536 3811 appellat
1575 3744 1882 3800 Romanum
1917 3766 1932 3814 ;
1983 3765 2107 3803 nam
2143 3750 2255 3805 fere
2289 3752 2341 3805 in

757 3841 975 3880 onmem
1014 3839 1235 3895 terram,
1276 3843 1331 3887 et
1364 3835 1415 3886 in
1459 3837 1634 3905 ipsam
1674 3854 1896 3908 quoque
1927 3840 2193 3905 Juda'am,
2229 3844 2342 3897 Ro-

761 3932 1047 3971 mauomm
1087 3922 1388 3989 imperator
1420 3936 1548 3980 tunc
1594 3930 1858 3997 temporis
1892 3931 2062 4002 276
2090 3933 2344 3986 domina-

760 4008 960 4065 batur:
986 4011 1108 4065 etei
1135 4012 1303 4067 Judaei
1334 4032 1553 4086 quoque
1573 4019 1777 4073 tributa
1807 4023 2133 4089 pendebant.
2163 4024 2347 4089 Qu‘tre

760 4097 964 4156 Paulus
1001 4102 1374 4162 Ronianorum
1412 4110 1777 4180 principatum
1804 4121 1858 4166 et
1896 4114 2333 4171 dominationem

2442 3302 2706 3364 εσκεύαζε
2743 3300 2831 3355 διά
2859 3317 2984 3353 τινα
3016 3299 3329 3368 οἰκονομίαν
3362 3296 3646 3362 πολλάκις,
3672 3298 3758 3349 ἵνα
3783 3297 3860 3366 μὴ
3898 3297 4025 3367 δόξῃ

2442 3394 2517 3454 ὡς
2547 3391 2835 3453 κατάδικος
2859 3390 3196 3443 ἀπολύεσθαι
3254 3390 3348 3441 καὶ
3387 3388 3462 3451 ὡς
3510 3386 3872 3457 ἡμαρτηκὼς,
3933 3390 4026 3440 καὶ

2444 3483 2530 3534 ἵνα
2556 3482 2630 3553 μὴ
2654 3482 2751 3549 τῆς
2777 3484 2994 3551 χάριτος
3023 3477 3250 3554 αὑτῶνῇ
3273 3478 3333 3532 τδ
3350 3480 3606 3551 πρᾶγμα.
3631 3478 3741 3533 Kal
3767 3479 3923 3539 εἰδὼς
3946 3480 4024 3531 ὅτι

2445 3574 2527 3627 δεῖ
2558 3576 2755 3643 ἀρχαῖς
2784 3576 2880 3628 καὶ
2909 3571 3182 3637 ἐξουσίαις
3206 3570 3633 3637 ὑποτάσσεσθαι,
3677 3572 3862 3624 ἐκάλει
3898 3573 4026 3624 ἐαυ-

2444 3665 2535 3716 τ“,ν
2602 3663 2873 3731 Ῥωμαῖον
2924 3662 3134 3732 (σχεδὸν
3179 3660 3287 3732 γὰρ
3358 3662 3539 3728 πάσης
3605 3661 3705 3729 τῆς
3762 3661 3891 3729 γῆς,
3938 3660 4026 3711 καὶ

2445 3753 2619 3822 αὐτῆς
2644 3753 2744 3822 τῆς
2771 3752 3055 3817 Ἰουδαίας,
3073 3752 3103 3803 ὀ
3158 3751 3450 3821 Ῥωμαίων
3482 3750 3738 3820 βασιλεὺς
3785 3751 4023 3820 ἐκράτει·

2445 3845 2643 3906 οἵτινες
2673 3843 2769 3896 καὶ
2819 3844 2986 3912 φόρον
3024 3842 3245 3896 ἐτέλουν
3270 3842 3555 3912 Καίσαρι),
3598 3843 3673 3913 μὴ
3702 3828 4029 3909 ἀποσειόμε-

2446 3953 2535 3998 νος
2577 3937 2675 4005 τὴν
2717 3935 2892 4005 ἀρχὴν
2960 3934 3057 3987 καὶ
3130 3933 3453 3987 δεσποτείαν
3509 3934 3609 4001 τὴν
3693 3932 4029 4002 Ῥωμαϊκὴν,

2446 4030 2637 4097 ὥσπερ
2665 4030 2715 4081 οί
2738 4028 2915 4080 λοιποὶ
2967 4026 3209 4079 Ἰουδαῖοι
3276 4025 3734 4098 φρεναπατῶντες
3778 4025 4032 4089 ἑαυτοὺς,

2447 4121 2540 4171 τὸν
2565 4119 2700 4170 Θεὸν
2724 4119 2822 4187 μὲν
2874 4117 3091 4170 ἑαυτῶν
3118 4117 3306 4185 ἔλεγον
3343 4117 3474 4169 ίδιον
3507 4115 3753 4184 βασιλέα,
3809 4116 3872 4167 οὗ
3929 4116 4035 4183 μὴν

763 4208 871 4244 non
929 4194 1231 4282 rejicieba‘t,
1286 4201 1427 4254 sicut
1480 4203 1671 4272 reliqui
1722 4203 1922 4270 Judaei,
1988 4208 2082 4276 qui
2133 4208 2331 4278 seipse:

2450 4213 2737 4282 ἄνθρωπον
2768 4228 2781 4239 ·
2802 4211 2987 4281 ἔργοις
3034 4211 3090 4263 δὲ
3118 4212 3305 4271 αὐτοῖς
3361 4209 3435 4271 ὡς
3468 4207 3751 4269 ὑποτελεῖς
3776 4206 4032 4279 [οἰκέται]

764 4284 1089 4341 scducentes
1137 4266 1418 4354 dicebant,
1472 4294 1641 4349 Deum
1686 4298 1866 4350 solum
1909 4313 2031 4352 esse
2067 4302 2331 4368 propriun

2453 4266 2655 4372 φόρους
2706 4266 3062 4355 ἐτέλουνοψτὸ
3108 4303 3205 4372 μὲν
3243 4266 3431 4371 ὄνομα-
3456 4266 3804 4369 ἀρνούμενοιί
3852 4266 4037 4369 ἔργοις

764 4375 1005 4442 ipsorum
1046 4394 1252 4447 regem,
1317 4384 1493 4453 reipsa
1530 4394 1712 4440 tamen
1758 4397 2019 4458 tanquam
2076 4392 2349 4446 tributarii

2452 4397 2510 4449 δὲ
2531 4395 2906 4464 ὑποκείμενοι.
2938 4393 3046 4456 Οὓς
3090 4394 3187 4447 καὶ
3244 4392 3552 4463 ἐπόρθησεν
3606 4392 4037 4455 Οὐεσπασιανὸς,

764 4466 904 4517 servi
928 4467 1131 4524 tributa
1157 4474 1460 4530 solvebant.
1485 4476 1636 4532 Unde
1658 4495 1972 4549 quanquam
2002 4483 2331 4538 subditorun

2454 4487 2531 4550 ὡς
2570 4486 2645 4556 μὴ
2678 4485 3175 4555 ὑποτασσομένους.

765 4571 965 4613 nomen
1013 4565 1383 4631 repudiarent,
1421 4584 1480 4623 re
1527 4580 1703 4627 tamen
1747 4575 1866 4642 ipsa
1916 4576 2122 4629 subditi
2157 4587 2334 4633 erant.
2375 4578 2512 4643 Quia
2549 4594 2679 4633 vero
2726 4578 3121 4647 subjectionem
3160 4583 3348 4648 postea
3401 4575 3802 4638 detrectarunt,
3829 4570 4034 4642 Vespa-

765 4653 959 4708 sianus
988 4670 1084 4712 eos
1120 4659 1342 4715 delevit.

1401 4752 1633 4811 CAPUT
1668 4755 1834 4815 XXV.

3034 4760 3287 4815 ΚΕΦΑΛ.
3326 4760 3455 4814 KE'.

771 4837 850 4893 De
907 4843 1159 4897 seditione
1246 4847 1635 4905 Thessalonica:
1716 4867 1881 4906 causa
1961 4857 2329 4919 pra'dirationi

2468 4854 2606 4924 Περὶ
2647 4852 2923 4917 στάσεως
2965 4852 3295 4922 γενομένης
3339 4854 3411 4904 ὲν
3450 4851 3867 4917 Θεσσαλονίκῃ
3935 4854 4039 4906 τοῦ

842 4932 987 5001 facta
1024 4952 1045 5000 ;
1089 4937 1253 5007 deque
1288 4939 1415 5010 fuga
1454 4942 1614 4996 Pauli
1648 4942 1885 4998 Bern-am
1922 4987 1938 5007 ,
1966 4958 2014 4999 et
2036 4947 2155 5001 inde
2196 4949 2357 5002 Athe-

1150 5123 1308 5177 Feria
1340 5122 1373 5175 2
1414 5125 1774 5181 hebdomada:
1810 5139 1998 5183 sextzr.

1419 5215 1717 5272 TEXTUS.

855 5303 1329 5370 XVll,i-15.Culn
1355 5320 1536 5363 autem
1569 5311 2040 5379 perambulasscnt
2064 5312 2142 5363 An
2166 5311 2364 5380 phipo.

2532 4947 2918 5014 κηρύγματος
2938 4946 3167 5009 ἕνεκεν,
3212 4945 3413 5013 φυγῆς
3446 4961 3509 4996 τε
3549 4946 3796 4997 Παύλου
3812 4947 3900 5008 εἰς
3935 4946 4035 4998 Βέ-

2527 5055 2728 5107 ροιαν,
2746 5038 3027 5092 κάκεῖθεν
3051 5040 3139 5102 είς
3154 5039 3437 5103 Ἀθήνας.

2908 5131 2987 5199 Τῆ
3011 5130 3054 5198 β’
3081 5130 3179 5196 τῆς
3217 5135 3271 5192 ς’
3299 5127 3615 5197 ἑϐδομάδος.

3026 5217 3410 5270 ΚΕΙΜΕΝΟΝ.

2546 5312 2928 5373 Διοδεύσαντες
2961 5311 3019 5362 δὲ
3044 5310 3142 5378 τὴν
3177 5311 3505 5379 Ἀμφίπολιν
3533 5310 3627 5361 καὶ
3641 5309 3740 5377 τὴν
3775 5309 4040 5362 Ἀπολλωο

786 5397 877 5450 lim
897 5407 951 5451 et
978 5399 1340 5465 Apolloniam,
1361 5413 1627 5456 venerunt
1642 5400 2111 5464 Thessalonicam,
2132 5402 2223 5455 ubi
2248 5416 2331 5455 era

2479 5407 2615 5468 νίαν,
2638 5400 2800 5474 ἦλθον
2816 5405 2896 5464 είς
2927 5402 3352 5470 Θεσσαλονίκην,
3384 5402 3519 5453 ὅπου
3544 5395 3611 5469 ἦν
3676 5401 3709 5468 ἠ
3756 5403 4040 5468 συναγωγὴ

785 5507 1052 5562 synagoga
1083 5493 1420 5548 Iudaeorum.
1448 5494 1756 5549 Secundum
1793 5496 2244 5550 consuetudinem
2264 5509 2361 5548 au-

790 5591 899 5637 tem
918 5585 1115 5639 Paulus
1150 5587 1393 5640 introivit
1411 5587 1479 5641 ad
1502 5602 1619 5653 eos,
1644 5598 1698 5640 et
1724 5602 1821 5655 per
1846 5586 2079 5641 Sabbata
2120 5587 2223 5639 tria
2252 5586 2365 5640 dis-

793 5676 1002 5730 serebat
1032 5681 1111 5733 cis
1156 5679 1223 5733 de
1265 5677 1588 5747 Scripturis,
1637 5679 1959 5747 adaperiens
1977 5687 2030 5732 et
2056 5678 2365 5738 insinuans.

794 5769 918 5839 quia
948 5768 1223 5823 Christum
1256 5772 1494 5839 oportuit
1520 5771 1627 5842 pati
1656 5780 1710 5827 et
1742 5786 2067 5841 resurgerea
2102 5771 2365 5826 mortuis:

2472 5495 2580 5547 τῶν
2617 5494 2905 5548 Ἰουδαίων.
2936 5494 3091 5545 Κατὰ
3114 5492 3170 5545 δὲ
3202 5492 3467 5554 τοείωθὲς
3483 5490 3559 5560 τῷ
3592 5489 3789 5557 Παύλῳ
3832 5492 4039 5557 εἰσῆλθε

2476 5588 2610 5656 πρὸς
2636 5586 2964 5645 αὐτοὺς,καὶ
2996 5586 3091 5636 ἐπὶ
3123 5584 3378 5637 Σάεόατα
3402 5585 3531 5655 τρία
3548 5584 3816 5650 διελέγετο
3846 5585 4039 5645 αὐτοῖο,

2477 5681 2585 5732 ἀπὸ
2601 5678 2709 5731 τῶν
2746 5676 2981 5745 Γραφῶν
3010 5676 3297 5742 διανοίγων
3349 5676 3443 5728 καὶ
3485 5674 3941 5743 παρατιθέμενος,
3966 5676 4041 5726 ὅτι

2482 5769 2701 5823 ἕδειτδν
2756 5768 2989 5837 Χριστὸν
3038 5767 3232 5819 παθεῖν
3294 5770 3387 5819 καὶ
3442 5767 3765 5835 ἀναστῆναι,
3826 5765 3913 5817 καὶ
3965 5767 4041 5815 ὅτι
