4164 6444
203 420 292 481 993
814 416 1351 478 EXPOSITIONIS
1390 416 1470 478 IN
1512 416 1701 477 ACTA
1740 415 2047 476 TEXTUS
2087 416 2358 476 ALTER.
2395 442 2459 451 -
2493 417 2649 479 CAP.
2689 416 2881 480 XVII.

3345 415 3451 480 994

206 522 355 586 Οὗτός
383 525 531 576 ἐστιν
558 524 587 576 ὀ
617 524 850 594 Χριστὸς
880 524 1112 594 Ἰησοῦς,
1149 524 1210 577 δν
1244 524 1356 594 εγὼ
1409 523 1769 595 καταγγέλλω

1876 536 1929 580 et
1961 524 2086 592 quia
2118 523 2216 579 llic
2250 534 2335 578 est
2368 524 2529 578 Jesus
2561 523 2832 589 Christus,
2865 539 3025 595 quem
3056 539 3156 593 ego
3190 530 3454 581 annuntio

207 619 335 686 ὑμῖν,
352 616 455 668 Καί
482 632 627 676 τινες
653 615 711 678 ἐξ
730 615 910 669 αὐτῶν
941 616 1302 685 ἐπείσθησαν,
1327 616 1424 670 καὶ
1451 616 1763 686 προσεκλη-

210 707 442 777 ρώθησαν
474 706 555 777 τῷ
587 708 788 777 Παύλῳ
812 708 906 761 καὶ
927 708 1005 779 τῷ
1028 708 1183 780 Σίλᾳ,
1219 709 1326 763 τῶν
1376 726 1436 762 τε
1459 709 1767 779 σεϐομένων

217 796 466 866 Ἑλλήνων
490 798 695 867 πλῆθος
725 800 887 865 πολὺ,
936 800 1215 869 γυναικῶν
1270 818 1331 854 τε
1388 801 1498 855 τῶν
1533 802 1769 873 πρῶτων

203 891 288 944 οὐκ
316 890 515 958 ὀλίγαι.
551 891 904 963 Ζηλώσαντες
928 892 983 945 δὲ
1006 894 1057 945 oi
1102 893 1347 947 ’1ουίαἷοι
1368 894 1419 947 oi
1442 894 1771 965 ἀπειθήσαν-

204 999 301 1047 τες,
330 984 424 1036 καὶ
441 982 879 1054 προσλαδόμενοι
906 983 1014 1037 τῶν
1060 984 1338 1055 ἀγοραίων
1369 984 1571 1056 ἄνδρας
1612 986 1769 1050 τινὰς

205 1078 475 1146 πονηροὺς,
510 1076 604 1130 καὶ
635 1077 1115 1147 ὀχλοποιήσαντες,
1134 1077 1429 1148 ἐθορύϐουν
1446 1080 1543 1149 τὴν
1574 1080 1732 1132 πόλιν
1752 1096 1767 1111 ο

206 1168 283 1219 καὶ
312 1169 630 1232 ἐπιστάντες
679 1171 747 1240 τῇ
773 1168 923 1239 οἰκία
972 1170 1241 1233 Ἰάσωνος,
1295 1171 1524 1240 ἐζήτουν
1572 1172 1770 1235 αὐτοὺς

205 1261 416 1328 ἀγαγεῖν
433 1263 515 1325 είς
538 1263 629 1315 τὸν
656 1262 848 1332 δῆμον.
880 1262 971 1334 Μὴ
1001 1263 1258 1333 εὑρόντες
1283 1265 1341 1316 δὲ
1384 1265 1601 1329 αὐτοὺς,
1648 1265 1772 1317 εσυ-

204 1368 282 1419 ρον
310 1353 399 1404 τὸν
433 1353 660 1407 Ἰάσωνα
687 1356 949 1417 καίτινας
984 1354 1251 1424 ἀδελφοὺς
1288 1358 1382 1409 ἐπὶ
1409 1358 1533 1419 τοὺς
1584 1355 1772 1411 πολιτ-

204 1447 375 1513 άρχας,
413 1445 672 1516 βοῶντες,
716 1449 799 1501 ὅτι
841 1448 904 1498 Οί
939 1447 1038 1518 τὴν
1077 1448 1407 1519 οἰκουμένην
1454 1448 1771 1502 ἀναστατώ-

206 1551 381 1597 σαντες
432 1531 579 1590 οὗτοι
608 1539 705 1591 καὶ
726 1536 914 1591 ἐνθάδε
940 1537 1218 1609 πάρεισιν,
1269 1539 1363 1603 οὓς
1417 1540 1771 1593 ὑποδέδεκται

204 1626 378 1679 Ἰάσων
411 1646 426 1659 ο
471 1629 568 1681 καὶ
604 1624 751 1683 οὗτοι
784 1631 987 1692 πάντες
1022 1631 1288 1684 ἀπέναντι
1319 1632 1427 1685 τῶν
1481 1632 1770 1702 δογμάτων

204 1718 463 1807 Καίσαρος
502 1720 830 1790 πράττουσι,
865 1722 1092 1791 βασιλέα
1116 1723 1302 1794 ἕτερον
1340 1725 1592 1792 λέγοντες
1632 1724 1768 1780 εἶναι

201 1806 413 1878 Ἰησοῦν.
439 1809 746 1881 Ἐτάραξαν
774 1812 832 1865 δὲ
856 1812 950 1865 τδν
966 1813 1125 1885 δχλον
1151 1815 1245 1867 καὶ
1266 1815 1403 1877 τοὺς
1422 1816 1767 1886 πολιτάρχας

1872 615 2044 671 vobis.
2071 613 2137 669 Et
2157 615 2380 685 quidam
2403 630 2467 668 ex
2486 615 2566 668 eis
2585 616 3021 679 crediderunt,et
3052 614 3295 684 adiuncti
3326 624 3457 671 suit

1869 710 2040 766 Paulo
2061 721 2115 765 et
2137 708 2282 776 Sila,
2306 720 2360 765 et
2389 710 2456 764 de
2476 710 2785 765 colentibus
2801 709 3005 765 Graecis
3026 709 3140 779 (25)
3160 710 3456 763 multitudo

1874 824 2066 879 magna
2120 816 2176 861 et
2216 806 2474 861 mulieres
2511 804 2726 858 nobiles
2783 820 2891 857 non
2934 819 3146 873 panem.
3203 802 3457 858 Zelantcs

1874 912 2056 956 autem
2098 897 2295 964 Judaei,
2332 908 2792 967 assumeutcsque
2822 897 2891 951 de
2928 898 3089 964 vulgo
3122 896 3267 951 viros
3300 912 3460 965 quos-

1874 994 2000 1048 dam
2017 992 2211 1056 malos,
2234 1000 2288 1045 et
2310 991 2469 1044 turba
2498 990 2660 1053 facta,
2693 988 3115 1043 concitaverunt
3136 989 3407 1042 civitatem
3438 1004 3454 1041 :

1872 1098 1928 1145 et
1958 1090 2281 1143 assistentes
2313 1084 2501 1138 domui
2527 1082 2751 1138 Iasonis
2782 1080 3101 1151 quaerebant
3134 1094 3229 1133 eos
3257 1079 3458 1149 produ-

1875 1197 2000 1239 cere
2054 1181 2107 1234 in
2164 1178 2447 1250 populum.
2502 1176 2568 1231 Et
2622 1189 2747 1230 cum
2792 1189 2901 1228 non
2947 1171 3291 1225 invenissem
3338 1186 3456 1235 eos,

1878 1276 2163 1331 trahebant
2195 1271 2451 1328 Iasonem
2486 1279 2543 1322 et
2574 1268 2837 1337 quosdam
2872 1264 3069 1319 fratres
3097 1263 3162 1319 ad
3190 1262 3461 1332 principes

1874 1369 2136 1431 civitatis,
2165 1366 2467 1421 clamantes
2497 1378 2512 1418 :
2545 1360 2800 1430 quoniam
2828 1356 2893 1409 Hi
2921 1356 3010 1424 qui
3039 1354 3229 1409 urbem
3269 1352 3459 1408 conci-

1874 1471 2011 1526 tant,
2050 1468 2104 1516 et
2150 1460 2258 1514 huc
2290 1463 2575 1514 venerunt,
2622 1465 2761 1522 quos
2807 1448 3049 1517 suscepit
3090 1446 3277 1508 Jason,
3320 1453 3373 1499 et
3404 1444 3458 1499 bi

1874 1570 2066 1612 omnes
2100 1561 2291 1608 contra
2315 1550 2535 1603 decreta
2564 1544 2800 1599 Caesaris
2825 1542 3053 1603 faciunt,
3086 1554 3269 1607 regem
3292 1537 3461 1591 alium

1877 1650 2124 1704 dicentes
2150 1659 2296 1707 esse,
2324 1641 2535 1696 Jesum.
2570 1637 3001 1693 Concitaverunt
3021 1642 3204 1687 autem
3249 1630 3463 1702 plebem

1876 1747 1931 1793 et
1990 1736 2267 1807 principes
2312 1730 2560 1785 civitatis
2603 1728 2893 1782 audientes
2938 1727 3074 1779 haec.
3121 1722 3185 1776 Et
3238 1728 3461 1788 accepta

1876 1828 2257 1887 satisfactione
2311 1840 2342 1880 a
2396 1822 2603 1879 Jasone
2647 1829 2702 1877 et
2752 1832 2783 1874 a
2843 1818 3081 1884 caeteris,
3131 1815 3464 1870 dimiserunt

201 1876 483 1966 ἀκούοντας
504 1876 702 1958 ταῦτα..
727 1905 838 1959 Καὶ
862 1876 1122 1969 λαϐόντες
1137 1906 1199 1959 τὸ
1235 1876 1419 1961 ἱκανόν
1468 1876 1642 1979 παρὰ,
1665 1876 1766 1963 τοῦ
1796 1876 1843 1935 Β
1871 1876 1990 1978 £3;

203 1992 434 2057 Ἰἁσωνος
465 1996 564 2048 καὶ
593 1997 701 2049 τῶν
749 1996 975 2062 λοιπῶν,
1008 1997 1289 2052 ἀπέλυσαν
1312 2000 1531 2063 αὐτούς.

264 2086 321 2138 Ol
351 2087 408 2140 δὲ
439 2087 663 2158 ἀδελφοὶ
708 2088 913 2152 εὐθέως
944 2088 1034 2142 διὰ
1081 2090 1273 2152 νυκτὸς
1319 2090 1634 2160 ἐξέπεμψαν
1678 2092 1771 2146 τόν

200 2191 249 2227 τε
270 2176 476 2230 Παῦλον
505 2180 601 2231 καὶ
626 2180 716 2232 τὸν
757 2180 919 2233 Σίλαν
948 2181 1029 2244 είς
1055 2180 1306 2251 Βέροιαν.
1345 2181 1557 2243 οίτινε;
1589 2199 1770 2253 παρα-

203 2269 484 2337 γενόμενοι,
511 2272 592 2333 είς
622 2270 719 2340 τὴν
746 2272 1071 2343 συναγωγὴν
1089 2271 1196 2326 τῶν
1220 2272 1491 2328 Ἰουδαίων
1515 2274 1767 2331 ἀπίεσαν.

203 2355 343 2414 Οὗτοι
384 2362 441 2416 δὲ
478 2359 625 2433 ἦσαν
671 2364 1027 2436 άγενέστεροι
1070 2364 1182 2418 τῶν
1245 2366 1307 2419 έν
1373 2366 1769 2439 Θεσσαλονίκῃ,

203 2452 382 2513 οἵτινες
418 2453 674 2519 ἐδέξαντο
697 2455 787 2508 τὸν
814 2454 974 2524 λόγον
1017 2454 1159 2527 μετὰ
1204 2455 1388 2525 πάσης
1432 2452 1769 2529 προθυμίας,

203 2541 255 2592 τὸ
284 2543 649 2629 καυχὴμέραν
671 2546 1059 2615 ἀνακρίνοντες
1104 2546 1205 2610 τὰς
1246 2546 1494 2618 Γραφὰς,
1557 2550 1607 2601 εί
1654 2548 1770 2619 ἔχοι

203 2634 355 2686 ταῦτα
376 2635 545 2690 οὕτω.
569 2637 761 2690 Πολλοὶ
788 2638 887 2706 μὲν
916 2637 1011 2691 οὖν
1040 2637 1100 2703 ἐξ
1122 2637 1303 2692 αὐτῶν
1326 2638 1656 2693 ἐπίστευσαν
1678 2644 1772 2695 καὶ

202 2726 297 2778 τῶν
334 2727 668 2800 Ἐλληνίδων
711 2730 989 2798 γυναικῶν
1013 2730 1122 2783 τῶν
1141 2722 1521 2802 εὐσχημόνων,
1553 2734 1645 2785 καὶ
1679 2735 1772 2784 άν-

204 2817 328 2886 δρῶν
343 2822 444 2873 οὐκ
469 2821 665 2890 ὀλίγοι.
722 2823 810 2886 Ὠς
828 2822 883 2875 δὲ
906 2821 1151 2891 ἔγνωσαν
1182 2825 1229 2876 oi
1251 2823 1360 2876 ἀπὸ
1389 2825 1489 2893 τῆς
1504 2824 1772 2878 θεσσαλο·

210 2912 352 2984 νίκης
392 2915 665 2979 Ἰουδαῖοι,
702 2916 905 2969 ὃτικαὶ
941 2918 998 2968 ὲν
1047 2917 1114 2985 τῇ
1168 2915 1369 2986 Βεροίᾳ
1423 2916 1772 2987 κατηγγέλλη

206 3005 296 3057 ὑπὸ
309 3005 400 3059 τοῦ
434 3006 657 3060 Παύλου
690 3009 720 3061 ὀ
749 3007 910 3076 λόγος
944 3004 1039 3061 τοῦ
1069 3006 1228 3073 Θεοῦ,
1259 3003 1427 3078 ἦλθον
1462 3009 1626 3062 κάκεῖ
1678 3027 1772 3064 σα-

204 3094 433 3160 λεύοντες
468 3098 598 3162 τοὺς
650 3097 863 3167 ὄχλους.
906 3098 1124 3161 Εὐθέως
1162 3097 1219 3151 δὲ
1268 3100 1391 3152 τότε
1423 3098 1514 3152 τὸν
1562 3099 1773 3153 Παῦλον

1945 2100 2167 2158 Fratres
2214 2113 2348 2155 vero
2393 2095 2685 2155 confestim
2736 2110 2836 2166 per
2880 2100 3102 2149 noctem
3130 2092 3463 2146 dimiserunt

1873 2192 2102 2248 Paulum
2129 2199 2183 2247 et
2210 2190 2381 2246 Silam
2410 2190 2462 2243 in
2489 2186 2763 2243 Beroeam.
2791 2183 2896 2251 Qui
2924 2199 3047 2239 cum
3079 2183 3388 2242 venissent,
3410 2180 3463 2234 in

1873 2298 2206 2357 synagogam
2245 2280 2562 2338 Judmorum
2600 2277 2957 2333 introierunt.
2999 2274 3064 2329 Hi
3095 2286 3277 2329 autem
3308 2280 3466 2327 erant

1875 2379 2177 2434 nobiliores
2195 2390 2387 2431 eorum
2406 2373 2498 2443 qui
2514 2380 2643 2426 sunt
2660 2367 3185 2437 Thessalonicae,th
3204 2381 3465 2436 suscepe-

1876 2480 2005 2527 runt
2027 2471 2252 2525 verbum
2268 2483 2394 2521 cum
2427 2466 2574 2519 omni
2595 2461 3136 2532 aviditate,quotidie
3151 2467 3466 2514 scrutantes

1875 2566 2210 2634 Scripturas,
2245 2562 2290 2617 si
2330 2561 2444 2614 hinc
2478 2559 2640 2629 2'77
2670 2559 2744 2612 ita
2782 2572 2843 2612 se
2878 2555 3169 2611 baberent.
3201 2551 3270 2606 Et
3309 2551 3465 2606 multi

1874 2655 2098 2725 quidem
2125 2651 2486 2707 crediderunt
2524 2664 2590 2704 ex
2628 2647 2729 2707 eis.
2762 2656 2816 2701 et
2846 2644 3138 2700 mulierum
3179 2641 3465 2714 gentilium

1876 2752 2256 2802 honestarum,
2300 2749 2355 2796 et
2386 2739 2489 2796 viri
2524 2754 2632 2794 non
2678 2737 2861 2808 pauci.
2885 2736 3021 2792 Cum
3047 2744 3230 2790 autem
3260 2749 3470 2804 cogno-

1875 2839 2089 2893 vissent
2121 2836 2174 2890 in
2200 2831 2599 2889 Thessalonica
2621 2828 2819 2891 Judai,
2844 2828 2973 2899 quia
3009 2835 3061 2881 ct
3096 2825 3301 2881 Bertnm
3327 2840 3469 2895 prie-

1875 2931 2119 2986 dicatum
2153 2940 2240 2983 est
2269 2941 2299 2980 a
2338 2924 2511 2981 Paulo
2541 2923 2772 2979 verbum
2810 2921 2926 2982 Dei,
2961 2926 3230 2975 venerunt
3254 2925 3308 2972 et
3337 2917 3468 2972 illuc

1875 3029 2283 3077 commoventes
2305 3026 2360 3073 et
2386 3016 2672 3071 turbantes
2704 3013 3129 3068 multitudinem.
3158 3008 3468 3077 Statimque

1878 3124 2009 3168 tunc
2062 3112 2290 3166 Paulum
2322 3108 2656 3163 dimiserunt
2703 3105 2922 3171 fratres,
2954 3113 3014 3160 ut
3057 3103 3160 3159 iret
3189 3115 3367 3172 usque
3397 3098 3468 3153 ad

206 3185 577 3250 ἐξαπέστειλαν
602 3190 653 3242 ol.
670 3189 892 3259 ἀδελφοὶ
908 3190 1239 3260 πορεύεσθαι
1269 3192 1344 3257 ὠς
1388 3193 1481 3245 ἐπὶ
1520 3192 1619 3263 τὴν
1678 3194 1772 3248 θά-

1879 3221 2029 3262 mare
2063 3221 2077 3259 :
2120 3204 2265 3258 Silas
2288 3211 2472 3257 autem
2500 3208 2554 3255 et
2579 3197 2902 3252 Timotheus
2930 3201 3316 3251 remanserunt
3368 3191 3467 3246 ibi.

206 3277 395 3334 λασσαν
429 3298 444 3312 ’
491 3283 790 3352 ἐπέμειναν
828 3300 887 3363 ξε
934 3284 963 3336 ὃ
1001 3300 1059 3337 τε
1091 3284 1250 3346 Σίλας
1286 3285 1382 3338 καὶ
1420 3287 1449 3338 ὁ
1507 3285 1772 3355 Τιμόθεος

1877 3299 1980 3367 Qui
2016 3307 2201 3352 autem
2235 3295 2584 3350 deducebant
2616 3289 2868 3353 Paulum,
2916 3288 3290 3357 perduxerunt
3335 3298 3464 3339 eum

208 3371 323 3425 ἐκεῖ.
356 3375 420 3426 Οί
435 3373 495 3428 δὲ
512 3373 885 3437 καθιστῶντες
905 3374 995 3427 τὸν
1014 3374 1227 3428 Παῦλον
1250 3375 1458 3446 ἤγαγον
1483 3376 1587 3440 ἕως
1611 3377 1773 3446 Ἀθηο

206 3462 432 3526 νῶν,καὶ
470 3465 735 3528 λαϐόντες
780 3465 1000 3535 ἐντολὴν
1048 3467 1187 3535 πρὶς
1223 3468 1315 3521 τὸν
1365 3468 1523 3521 Σίλαν
1557 3471 1652 3523 καὶ
1685 3471 1779 3523 Τι-

207 3555 404 3623 μόθεον,
457 3558 638 3623 ἴναώς
660 3562 891 3629 τάχιστα
951 3557 1147 3612 ιλθωσι
1209 3560 1346 3631 πρὸς
1396 3561 1582 3626 αὑτὸν,
1632 3562 1771 3627 ἐξίε-

208 3662 312 3703 σαν.

771 3741 1154 3796 EPMliNElA.

276 3831 493 3902 Ἐπειδὴ
524 3824 674 3887 οὗτοι
720 3834 857 3903 πρὸς
904 3834 971 3887 τὰ
1008 3836 1213 3904 σημεῖα
1244 3835 1485 3905 ενανήως
1530 3834 1574 3866 ⁸⁸
1602 3831 1771 3904 εἶχον,

209 3922 272 3985 ὡς
309 3926 549 3987 πλάνους
594 3927 691 3979 καὶ
740 3924 942 3996 γόητας
972 3924 1379 3989 διαϐάλλοντες,
1400 3919 1503 3979 ὦδε
1527 3926 1637 3979 ἀπὸ
1665 3928 1777 3979 τιῖιν

211 4012 243 4065 Γ
248 4016 445 4084 ραφῶν,
506 4016 721 4071 πείθειν
754 4017 796 4048 δ’
837 4017 940 4070 οὐκ
983 4011 1131 4087 εἶχον
1182 4018 1227 4049 ⁸⁸
1259 4016 1465 4088 ταύτην
1515 4017 1615 4087 τὴν
1647 4018 1777 4071 ὑπό-

210 4122 359 4161 νοιαν.
401 4109 745 4180 Σεὸομίνους
773 4108 1043 4179 Ἕλληνας
1101 4109 1226 4172 τοὺς
1269 4109 1329 4177 εξ
1371 4109 1641 4165 Ἰουδαίων
1678 4108 1776 4180 μὲν

207 4197 367 4265 δντας,
410 4202 723 4268 Ἑλληνιστὶ
778 4200 837 4254 δὲ
884 4201 1299 4272 φθεγγομένους
1358 4203 1557 4267 καλεῖ,
1590 4204 1678 4257 διὰ
1716 4203 1779 4257 τὸ

208 4293 477 4356 φυλάττειν
508 4292 604 4347 τὸν
628 4295 795 4360 νόμον
835 4308 850 4322 ⁸
891 4293 924 4364 ἢ
959 4296 1085 4356 τοὺς
1111 4292 1173 4359 ἐξ
1210 4293 1476 4365 Ἐλλήνων
1506 4294 1779 4366 προσηλύ-

210 4398 319 4447 τους
336 4385 623 4447 Ἰουδαίους
645 4384 692 4416 ⁵³
720 4384 1086 4455 ὑπάρχοντας.
1115 4384 1209 4450 Τὸ,
1240 4385 1638 4457 εὐγενέστεροι,
1660 4387 1778 4439 ἀντὶ

208 4473 307 4538 τοῦ,
335 4476 762 4545 ἐπιεικέστεροι,
792 4476 980 4547 φησίν.
1022 4476 1135 4545 Οὐχ
1179 4476 1253 4540 ὡς
1286 4476 1508 4530 ἄπιστοι
1545 4477 1601 4531 δὲ
1628 4494 1776 4532 ουτοι

1878 3404 2050 3459 usque
2082 3388 2346 3447 Athenas,
2376 3393 2431 3437 et
2464 3392 2691 3450 accepto
2714 3379 2974 3432 mandato
3004 3377 3073 3430 ab
3096 3390 3163 3430 eo
3195 3375 3262 3428 ad
3294 3371 3464 3428 Silam

1874 3492 1928 3537 et
1965 3480 2337 3540 Timotheum,
2361 3483 2422 3529 ut
2442 3487 2608 3545 quam
2628 3468 2884 3527 celeriter
2918 3467 3165 3523 venirent
3197 3465 3264 3521 ad
3287 3464 3466 3531 illum,

1878 3572 2109 3645 profecti
2144 3578 2296 3626 sunt.

2376 3712 2955 3775 COMMENTARIUS.

1958 3834 1977 3866 ι
2015 3810 2334 3868 Disserebat
2372 3807 2451 3862 eis
2478 3807 2545 3861 de
2575 3802 2899 3874 Scripturis.
2936 3819 2954 3851 ›
2988 3797 3261 3865 Quoniam
3291 3794 3468 3851 ειυόωί

1881 3906 2054 3976 signis
2086 3901 2543 3959 adversabantur,
2588 3896 2725 3950 adeo
2766 3902 2825 3948 ut
2869 3893 3149 3961 apostolos
3175 3888 3327 3943 velut
3359 3888 3471 3943 im-

1881 4005 2135 4069 postores
2175 4003 2229 4049 ct
2258 3990 2691 4063 prestigiatores
2732 3985 3224 4045 calumniarentur,
3266 3978 3470 4035 Paulus

1879 4090 1983 4144 hoc
2008 4088 2128 4141 loco
2191 4101 2255 4139 ex
2316 4080 2795 4151 Scripturis,qua:
2852 4073 3121 4146 ejusmodi
3163 4072 3468 4143 suspicioni

1878 4198 1985 4234 non
2005 4179 2371 4239 subsunt,eos
2384 4171 2715 4244 persuadere
2740 4168 3079 4238 aggreditur.
3105 4183 3123 4216 ι
3148 4163 3470 4219 Colcntibus

1880 4274 2113 4329 Graecis.
2153 4290 2170 4322 ι
2223 4267 2448 4322 Graecos
2481 4267 2569 4319 hic
2599 4270 2754 4317 vocat
2779 4274 2874 4314 eos
2906 4260 2999 4328 qui
3022 4274 3086 4311 ex
3109 4254 3313 4311 Jndmis
3342 4269 3469 4310 cum

1880 4372 2087 4423 essent.
2120 4362 2308 4417 Grmca
2339 4360 2523 4429 lingua
2561 4355 2879 4409 utebantur.
2935 4367 2955 4401 ι
2993 4349 3252 4405 Colentes
3283 4366 3304 4400 ι
3337 4362 3471 4403 vero

1883 4460 2037 4523 dicit,
2094 4456 2223 4528 quia
2250 4454 2423 4524 legem
2464 4446 2881 4517 observabant:
2942 4442 3027 4497 vel
3088 4439 3335 4506 Graecos,
3368 4439 3465 4509 qui

210 4533 468 4635 ἀνέκρινον
489 4567 592 4628 τὰς
614 4533 838 4635 Γραςρές
854 4533 983 4637 ὶίιδη
1006 4533 1283 4637 γὰξῆσαν
1305 4567 1772 4639 πεπιστευκότες),

1882 4552 2223 4608 Judaismum
2276 4542 2511 4615 amplexi
2564 4540 2805 4600 fuerant,
2862 4536 2946 4592 sic
3012 4533 3280 4605 appellat.
3367 4533 3471 4588 Pcr

210 4656 310 4710 ἀλλ’
339 4659 411 4723 ὥς
458 4661 689 4730 ἄμοιροι
722 4656 824 4729 τῆς
852 4659 965 4713 τῶν
996 4658 1246 4713 παλαιῶν
1277 4659 1577 4730 προφητῶν
1602 4676 1781 4731 παρα-

209 4749 406 4818 δόσεως,
430 4752 529 4807 καὶ
557 4753 648 4806 διὰ
693 4752 854 4806 τοῦτο
878 4753 1080 4823 μᾶλλον
1120 4753 1433 4824 πιστότεροι
1459 4753 1773 4824 γενόμενοι,

212 4843 519 4913 ἐρευνῶντες
585 4847 683 4910 τάς
715 4845 957 4917 Γραφάς,
999 4847 1093 4900 καὶ
1122 4844 1498 4915 εὑρίσκοντες,
1530 4846 1641 4908 τοῖς
1669 4845 1781 4899 τῶν

213 4936 485 5006 προφητῶν
535 4937 721 5003 λόγοις
773 4936 1067 5007 συνᾴδοντα
1119 4940 1189 4989 τὰ
1219 4936 1478 5006 περὶτῆς
1508 4935 1777 5007 ὲνσάρκου

212 5028 502 5100 οἰκονομίας
532 5029 865 5101 πράγματα.

758 5279 1009 5334 ΚΕΦΑΛ.
1069 5278 1218 5345 KG".

1882 4663 1899 4695 ι
1942 4641 2237 4696 nobiliores
2286 4654 2306 4687 ι
2367 4647 2496 4689 vero
2534 4630 2623 4685 hic
2683 4646 2702 4681 ι
2761 4625 3147 4698 prudentiores
3186 4641 3207 4676 ι
3262 4623 3469 4677 intelli-

1878 4735 1976 4806 git.
2036 4732 2130 4786 Isti
2192 4747 2211 4780 ι
2248 4726 2637 4783 scrutabantur
2699 4719 3038 4789 Seripturas,
3073 4733 3092 4767 ι
3136 4730 3247 4769 non
3309 4716 3467 4783 quasi

1879 4823 2171 4888 increduli,
2197 4821 2291 4878 sed
2326 4827 2386 4873 ut
2421 4824 2677 4888 expertes
2712 4810 3033 4868 traditionis
3067 4818 3312 4863 veterum
3343 4822 3469 4876 pro-

1878 4918 2165 4988 phetarum
2208 4920 2306 4968 :et
2337 4910 2548 4965 idcirco
2592 4904 2894 4964 scrutando
2922 4900 3241 4969 Scripturas
3274 4901 3328 4953 in
3366 4898 3469 4953 fide

1881 5009 2057 5079 magis
2108 5005 2490 5068 firmabantur,
2522 5000 2670 5071 quod
2740 5010 2909 5067 opera
2964 4991 3179 5047 Domini
3206 4990 3261 5045 in
3299 5004 3469 5045 carne

1886 5101 2125 5156 oraculis
2151 5098 2541 5169 prophetarum
2574 5094 2737 5165 plane
2761 5098 3130 5146 consentanea
3161 5099 3287 5140 esse
3316 5097 3470 5139 com-

1886 5191 2147 5262 perirent.

2447 5276 2675 5335 CAPUT
2698 5273 2894 5330 XXVI.

217 5370 336 5438 Περὶ
371 5371 478 5440 τῆς
508 5374 584 5427 ἐν
630 5370 910 5436 Ἀθήναις
950 5371 1271 5440 ἑπισωμίου
1322 5370 1579 5440 γραφῆς,
1610 5373 1772 5439 φιλο-

1884 5379 1963 5435 De
1992 5376 2355 5443 inscriptione,
2391 5390 2509 5443 qua:
2538 5380 2653 5426 erat
2674 5372 2891 5425 Athenis
2910 5386 3072 5439 supra
3112 5382 3299 5431 aram;
3325 5372 3373 5416 et
3406 5363 3470 5415 tie

278 5466 460 5534 σόφου
505 5482 572 5519 τε
631 5465 1010 5533 κηρύγματος
1035 5464 1133 5517 καὶ
1159 5465 1441 5530 εὐσεϐίας
1475 5462 1583 5517 τοῦ
1616 5463 1778 5517 Παύ-

277 5559 404 5611 λου.

2029 5469 2264 5539 sapiente
2296 5466 2670 5536 pradicalione
2692 5462 2853 5517 Pauli
2886 5464 3102 5534 ejusque
3116 5460 3328 5530 pietate.

1391 5646 1593 5707 Variae
1616 5642 1925 5705 lectiones
1967 5643 2031 5699 et
2070 5639 2260 5697 notae.

281 5777 622 5838 ιτ’ἐναντίως.
698 5774 741 5805 ⁸¹
774 5774 972 5827 πείθει.
1050 5771 1283 5841 "Eximi.
1358 5770 1405 5803 ⁸³
1454 5767 1745 5823 Ἰουδαίων.

281 5892 382 5963 (Ξῦ)
407 5894 563 5964 Vulg.
590 5894 781 5957 habet,
808 5889 1216 5962 gemitibusque.
