4164 6444
747 399 856 460 999
1647 382 2230 446 TIIEOI’HYLACTI
2262 378 2674 440 MILGARII‘E
2706 380 3059 440 ARCHIEP.
3902 376 4049 438 1000

746 518 805 561 ut
832 520 929 558 uec
956 500 1278 556 lentissima
1301 494 1622 551 linteamina
1674 496 1814 547 ferre
1845 506 2068 563 possent
2096 510 2109 557 ;
2155 494 2331 546 omui-
2364 496 2390 553 Ἀ

2405 491 2499 551 ,ὃν
2542 491 2697 543 αὐτοὶ
2734 490 3029 543 κατέλιπον
3094 490 3422 559 ἀγέραστον,
3452 491 3476 541 ό
3505 490 3593 541 τὶν
3636 490 3824 559 λοιμλν
3865 510 4049 546 κατασ

748 601 872 659 bus.
898 610 1038 665 quos
1080 592 1345 663 putabant
1378 590 1534 653 deos,
1568 589 1773 640 cultum
1806 588 2039 654 aliquem
2075 586 2339 654 prazstite-

2450 584 2692 653 πέμψας,
2723 584 2841 636 νέον
2889 583 3208 652 δειμάμενοι
3266 583 3451 652 βωμὸν
3489 588 3584 636 καὶ
3626 586 4047 654 ἐγγράψαντες,

750 699 898 753 runt,
936 685 1208 758 quininde
1244 683 1414 736 ullum
1456 693 1719 750 caperem
1753 678 2207 731 emolumentum.
2236 676 2342 729 lle-

2454 696 2470 727 ι
2509 678 2803 747 ’ἀγνώστῳ
2850 677 2992 746 Θεῷ,
3038 697 3055 727 ι
3092 679 3184 729 καὶ
3231 676 3521 740 θύσαντες,
3582 678 3786 741 εῦθέως
3834 678 4043 749 ἐθερα-

751 792 1008 856 putantes
1049 794 1202 842 vero,
1253 776 1398 845 quod
1442 774 1678 828 fortasse
1726 771 1864 825 deus
1910 780 2059 827 esset
2119 769 2337 839 aliquis,

2447 768 2986 838 rraﬁOqcav."l'oﬁtov
3027 767 3142 824 οῦν.
3200 786 3359 836 φησι,
3400 770 3634 838 Χριστὸν
3693 771 3909 837 Ἰησοῦν
3954 774 4050 823 τὸν

750 896 909 948 quem
947 877 1046 943 ipSI
1108 873 1497 924 inhonoratum
1550 866 1894 935 reliquerint,
1946 880 2011 919 ae
2055 871 2341 934 propterea

2447 864 2671 915 πάντων
2697 862 2833 914 Θεὸν
2862 862 2890 911 ὀ
2925 860 3154 922 Παῦλος,
3199 860 3257 912 ὃν
3294 862 3386 914 καὶ
3423 862 3819 930 καταγγέλλειν
3859 864 4050 923 αὐτοῖς

752 974 866 1038 ipse
900 974 1105 1037 pestem
1174 961 1494 1016 immisisset
1549 958 1724 1018 illam,
1784 973 1977 1010 novam
2006 955 2346 1008 mditicarnnt

2448 960 2710 1026 ἔφασκεν.
2753 958 2910 1009 Ἐστι
2965 956 3020 1008 δὲ
3073 957 3102 1023 ἡ
3168 956 3312 1006 πᾶσα
3368 955 3463 1006 τοῦ
3517 952 3706 1021 βωμοῦ
3758 956 4050 1025 ἐπιγραφὴ

748 1077 921 1124 aram,
959 1059 1047 1111 cui
1088 1075 1105 1108 ι
1138 1055 1325 1125 Ignoto
1358 1051 1467 1105 Deo
1512 1068 1530 1101 ι
1622 1050 2024 1117 inscripserunt
2057 1063 2069 1097 :
2108 1061 2346 1115 euntque

2446 1052 2694 1118 τοιαύτη·
2732 1067 2751 1100 ι
2786 1050 2940 1111 Θεοῖς
2972 1051 3182 1109 Ἀσίας,
3215 1047 3309 1099 καὶ
3345 1046 3638 1117 Εῦρὼπης,
3684 1048 3779 1099 καὶ
3808 1048 4049 1116 Λιϐύης,

750 1169 914 1222 super
948 1152 1092 1204 illam
1121 1145 1553 1205 sacriﬁcassent,
1584 1141 1874 1196 confestim
1906 1138 2072 1209 pestis
2102 1137 2344 1191 evanuit.

2460 1143 2556 1212 λεῷ
2602 1141 2873 1211 ἀγνώστῳ
2910 1142 3003 1193 καὶ
3040 1140 3195 1210 ξένῳ.
3241 1157 3363 1191 ι-ι
3427 1139 3495 1191 ὐ
3515 1139 3653 1201 Θεὸς
3687 1142 3715 1192 ὁ
3747 1140 3985 1209 ποιήσας
4026 1160 4104 1191 ο-

752 1246 907 1297 lluuc
942 1244 1105 1311 igitur
1154 1238 1360 1293 Paulus
1428 1238 1505 1289 ait
1548 1249 1670 1289 esse
1712 1231 2024 1296 Christum,
2098 1231 2343 1284 omnium

2450 1236 2571 1288 Ἵνα
2602 1236 2675 1305 μὴ
2716 1236 3015 1305 νομίσωσιν
3040 1235 3135 1286 ἕνα
3180 1232 3289 1286 τῶν
3318 1233 3532 1285 πολλῶν
3576 1228 3718 1285 εἶναι
3770 1232 3906 1284 θεὸν
3954 1233 4049 1284 τὸν

751 1337 942 1399 Deum,
978 1348 1142 1403 quem
1172 1348 1232 1387 se
1255 1328 1587 1383 annuntiare
1612 1324 1935 1378 atlirmabat.
1964 1323 2233 1377 Czeterum
2267 1322 2344 1373 in-

2450 1328 2544 1379 ὑπ’
2573 1327 2742 1379 αὐτοῦ
2778 1327 3214 1397 κηρυττόμενον,
3243 1325 3555 1393 διορθοῦται
3597 1327 3842 1392 ἐπάγων
3882 1345 3900 1375 ι
3945 1328 4049 1379 οῦκ

751 1438 899 1498 tegra
929 1428 1018 1480 illa
1062 1422 1351 1491 inscriptio
1391 1421 1467 1474 ita
1526 1433 1586 1473 se
1617 1418 1851 1471 habeth
1888 1432 1900 1467 :
1976 1432 1994 1465 ι
2039 1412 2151 1466 Diis
2183 1412 2349 1476 Asia‘,

2450 1422 2508 1472 ὲν
2541 1422 2952 1491 χειροποιήτοις
3002 1422 3173 1483 ναοῖς.
3216 1438 3236 1470 ι
3282 1420 3437 1471 Οἰκεῖ
3493 1420 3592 1488 μὲν
3628 1422 3735 1489 γὰρ
3780 1422 3837 1473 ἐν
3875 1423 4049 1483 ναοῖς,

751 1520 1000 1585 l-Zuropze.
1024 1527 1074 1569 et
1098 1514 1314 1583 Libyae,
1342 1512 1449 1564 lteo
1473 1514 1725 1580 ignotoet
1749 1505 2057 1575 peregrino.
2075 1521 2195 1553 ι-ι
2212 1501 2351 1555 Deus

2451 1513 2569 1567 ἀλλ’
2616 1513 2718 1567 οὐκ
2782 1513 2840 1565 ὲν
2879 1510 3167 1575 τοιούτοις,
3226 1512 3343 1566 ἀλλ’
3379 1514 3437 1564 ὲν
3495 1513 3816 1583 ἀνθρωπίνῃ
3869 1512 4046 1583 ψυχῇ.

751 1612 844 1680 qui
886 1609 1036 1663 fecit.
1081 1626 1098 1658 ι
1163 1605 1241 1659 Ne
1281 1612 1558 1674 putarent,
1591 1599 1757 1653 Deum
1825 1600 1894 1650 ab
1932 1598 2049 1665 ipso
2080 1596 2352 1665 pr:et|it-a-

2454 1604 2591 1657 Οὐδὲ
2626 1606 2737 1674 γὰρ
2770 1605 2828 1655 ἐν
2871 1604 2986 1675 ναῷ
3019 1603 3128 1657 τῶν
3181 1604 3578 1673 Ἱεροσολύμων
3604 1604 3824 1671 λέγεται
3854 1604 4049 1669 οἰκεῖν,

754 1716 866 1757 tum
899 1702 1133 1756 similem
1171 1713 1292 1752 esse
1328 1695 1521 1748 multis
1562 1692 1690 1755 illis,
1729 1705 1870 1761 quas
1901 1691 2038 1744 alias
2064 1689 2346 1752 colebant,

2455 1697 2571 1749 ἀλλ’
2624 1698 2908 1768 ἐνεργεῖνο
2945 1696 3068 1749 οῦδὲ
3109 1697 3215 1749 ὑπὸ
3278 1696 3482 1767 χειρῶν
3534 1696 3842 1766 ἀνθρώπων
3896 1697 4053 1766 παρὰ

750 1800 878 1859 diis,
927 1812 992 1851 ac
1046 1806 1105 1848 ιιι
1136 1807 1377 1847 errorem
1426 1792 1598 1844 istuut
1662 1789 2050 1849 submoveret,
2122 1785 2349 1838 subdit:

2457 1788 2731 1842 Ἰουδαίων
2780 1789 3149 1859 ἐθεραπεύθη,
3191 1789 3306 1841 ἀλλ’
3346 1789 3452 1842 ὑπὸ
3482 1788 3742 1852 διανοίας·
3780 1790 3905 1842 ἐπεὶ
3942 1793 4044 1841 κα·-

760 1913 778 1944 ι
800 1892 985 1945 Nonin
1010 1887 1336 1941 manufactis
1362 1884 1581 1952 templis
1610 1879 1946 1933 Itabitatwn
1981 1874 2227 1939 Scilicet,
2254 1878 2349 1929 ha-
2381 1882 2404 1935 [

2412 1885 2420 1932 ι
2451 1884 2607 1937 κεῖνά
2639 1901 2701 1949 γε
2747 1883 2849 1935 οὐκ
2884 1883 3065 1953 ἐζήτει
3115 1881 3311 1945 οὕτως,
3350 1881 3425 1944 ὼς
3463 1881 3880 1951 προσδεόμενος*
3920 1882 4056 1950 φησι

757 1984 891 2036 bitat
924 1980 1147 2049 quidem
1182 1979 1235 2030 in
1266 1974 1505 2044 templis,
1528 1972 1621 2027 sed
1655 1986 1763 2024 non
1795 1972 1849 2022 in
1893 1970 2131 2033 talibus;
2178 1968 2269 2023 sed
2297 1969 2349 2021 in

2460 1978 2590 2047 γάρ’
2636 1997 2653 2028 ι
2698 1976 2789 2046 Μὴ
2830 1977 3076 2045 φάγομαι
3127 1977 3265 2045 κρέα
3312 1976 3552 2046 ταύρων,
3602 1995 3619 2027 ι
3656 1976 3754 2028 καῖ⁵
3790 1976 3858 2027 τά
3898 1974 4051 2044 ἑξῆς.

757 2076 941 2125 anima
982 2071 1244 2121 humana.
1298 2065 1459 2121 Unde
1491 2079 1591 2116 uec
1626 2063 1679 2116 in
1728 2060 2117 2131 Jerosnlymita
2152 2060 2353 2128 templo

2460 2072 2669 2140 Χρῆσιν
2700 2070 2885 2132 αὐτοῖς
2912 2070 3146 2139 Ἀράτου
3180 2070 3398 2137 ἐπάγει,
3449 2069 3567 2132 ἑνός
3592 2085 3736 2131 τινος
3770 2067 3880 2119 τῶν
3918 2068 4053 2137 τηρ·

756 2160 1043 2213 dicebatur
1073 2158 1341 2218 habitare,
1376 2152 1471 2207 sed
1512 2171 1529 2202 ι
1569 2152 1806 2221 operari.
1852 2170 1869 2201 ι
1902 2150 2013 2205 Nec
2048 2170 2065 2201 ι
2096 2151 2351 2203 manibus

2466 2165 2649 2226 αὐτοῖς
2692 2163 2935 2232 ποιητῶν
2982 2164 3061 2226 εἰς
3115 2161 3471 2230 κατασκευὴν
3502 2160 3596 2213 τοῦ
3628 2160 3826 2214 ἑαυτοῦ
3853 2161 4040 2229 λόγου.

758 2250 1018 2304 humanis
1071 2250 1353 2302 colebatur
1393 2264 1411 2297 ι
1448 2262 1476 2299 a
1504 2244 1732 2309 Judteis,
1788 2245 1880 2299 sed
1938 2255 2120 2297 tuente
2155 2258 2167 2293 :
2199 2259 2350 2307 nam,

2472 2275 2489 2305 ι
2533 2254 2641 2307 Τοῦ
2672 2257 2782 2325 γὰρ
2815 2256 2907 2308 καὶ
2955 2255 3109 2323 γένος
3140 2255 3327 2323 ὲσμέν,
3363 2274 3381 2305 ι
3422 2255 3577 2321 φησί.
3610 2254 3718 2305 Καὶ
3753 2247 3913 2315 οὗτος
3956 2254 4056 2321 μὲν

756 2361 879 2414 qua:
906 2346 942 2397 ii
982 2342 1305 2406 ollerehaut,
1363 2340 1507 2394 Deus
1546 2354 1651 2393 non
1692 2338 1848 2407 quasi
1887 2356 1905 2388 ι
1951 2337 2207 2406 indigens
2244 2336 2348 2390 ali-

2457 2348 2585 2416 περὶ
2629 2347 2723 2399 τοῦ
2769 2348 3118 2419 Δημιουργοῦ
3152 2346 3284 2400 αὐτὸ
3319 2345 3652 2415 ἐκλαμϐάνει
3689 2346 3759 2415 (εἰ
3791 2347 4052 2414 καὶπερὶ

756 2455 866 2508 quo
900 2458 918 2490 ι
957 2436 1305 2507 requirebat;
1334 2434 1408 2487 ait
1439 2434 1584 2487 cnim
1622 2449 1636 2485 :
1672 2451 1689 2484 t
1723 2432 1977 2501 Nunquid
2014 2431 2358 2485 manducabo

2462 2437 2557 2491 τοῦ
2589 2438 2713 2501 Διὸς
2776 2438 2936 2490 τοῦτο
2989 2437 3245 2508 εἰρῆσθαί
3276 2438 3487 2505 φασιν),
3522 2436 3579 2489 οὗ
3618 2437 3707 2488 τὸν
3739 2437 3949 2489 ἐκεῖνον
3974 2436 4069 2487 λέ-

758 2547 951 2585 carnes
979 2528 1346 2593 taurorum",
1377 2535 1482 2580 etc.
1514 2544 1532 2576 ι
1574 2524 1845 2579 Deintlein
1882 2524 2351 2578 conﬁrmationem

2459 2547 2594 2597 γων,
2627 2530 2764 2583 ἀλλά
2814 2530 2875 2582 τὸ
2939 2529 3148 2596 κυρίως
3188 2530 3273 2581 ἐπ’
3328 2527 3480 2598 αὐτῷ
3541 2528 3808 2598 ἁρμόζειν
3860 2528 4062 2596 λέγων.

759 2623 1030 2678 sermonis
1056 2622 1139 2677 sui
1162 2621 1308 2674 istud
1336 2621 1510 2682 Arati,
1543 2619 1710 2672 unius
1764 2633 1829 2669 ex
1868 2617 2113 2686 ipsorum
2149 2616 2351 2685 poetis,

2464 2624 2625 2686 Γὲνος
2682 2622 2738 2676 δὲ
2783 2621 2920 2675 Θεοῦ
2954 2618 3099 2675 εἶναι
3157 2624 3307 2691 ἡμᾶς
3368 2638 3503 2692 φησι
3558 2620 3795 2683 Παῦλος,
3840 2621 3942 2691 οὐχ
3987 2622 4069 2684 ὡς

766 2715 1048 2785 egregium
1074 2714 1280 2768 dicttmt
1316 2712 1561 2782 profert:
1621 2730 1639 2762 ι
1694 2709 1874 2781 Ipsius
1900 2710 2045 2762 enim
2102 2717 2155 2762 et
2177 2725 2354 2779 genus

2462 2715 2664 2769 ἐκεῖνοί
2727 2732 2915 2784 φασιν,
2978 2713 3094 2768 ἀλλ’
3127 2715 3301 2785 ἑτέρῳ
3353 2714 3450 2783 νῷ⁸
3484 2713 3756 2781 τουτέστι,
3800 2715 4068 2777 οἰκείους,

759 2823 951 2863 sumus
986 2825 998 2861 :
1040 2827 1058 2859 ι
1090 2816 1143 2861 et
1168 2807 1295 2860 illud
1328 2805 1547 2875 quidem
1581 2803 1649 2859 de
1676 2822 1891 2861 summo
1925 2802 2133 2871 Opilice
2153 2803 2353 2873 accipit

1172 2807 1295 2860 illud
1328 2805 1547 2875 quidem
1581 2803 1649 2859 de
1676 2822 1891 2861 summo
1925 2802 2133 2871 Opilice
2153 2803 2353 2873 accipit
2462 2807 2816 2875 ὲγγυτάτους.

764 2903 999 2966 l‘aulus,
1036 2916 1351 2970 quanquam
1382 2900 1449 2954 de
1478 2898 1609 2954 Jove
1633 2899 1699 2953 ab
1736 2899 1902 2951 Arato
1928 2898 2342 2967 pronuntiatum
2377 2896 2563 2954 fuerit.
2598 2901 2864 2956 Videlicet
2914 2904 3118 2957 Aratus
3173 2916 3280 2955 non
3313 2902 3379 2956 de
3440 2903 3631 2957 eodem
3696 2902 3924 2956 omnino
3982 2900 4073 2955 lo-

763 3007 923 3049 cutus
955 3003 1058 3058 est,
1121 2994 1215 3048 sled
1269 3004 1447 3045 tamen
1483 2994 1533 3047 id
1584 2992 1831 3061 protulit,
1863 2992 2007 3061 quod
2043 2992 2090 3045 ei
2130 2990 2349 3060 proprie
2390 2997 2567 3062 aptari
2603 3003 2801 3063 potest.
2829 3014 2846 3045 ι
2886 2991 3074 3049 Genus
3105 3002 3289 3047 autem
3318 2993 3411 3048 Dei
3441 3014 3460 3046 ι
3515 3011 3616 3049 nos
3679 3009 3823 3058 esse,
3891 2992 4077 3061 inquit

762 3089 1083 3158 Apostolus,
1120 3102 1228 3141 non
1270 3101 1334 3140 eo
1366 3101 1553 3151 SeltSll,
1581 3102 1689 3156 quo
1714 3084 1889 3139 (ἓνωεί
1927 3093 2103 3155 poeta:
2137 3083 2350 3146 dicunt,
2390 3084 2486 3139 sed
2513 3087 2661 3151 alio;
2703 3102 2898 3156 nempe
2933 3085 3085 3156 quod
3145 3100 3248 3141 nos
3323 3085 3498 3141 simus
3550 3086 3601 3141 ei
3656 3086 3961 3141 laruiliares
4014 3094 4078 3142 et

765 3182 1019 3253 proximi.

836 3280 915 3329 ml
939 3274 1302 3329 Athenienses
1325 3274 1487 3327 verba
1514 3271 1723 3326 faciens
1754 3271 1954 3326 Paulus
1983 3292 1999 3324 ι
2029 3273 2305 3328 hominem
2335 3294 2353 3325 ι
2390 3280 2435 3338 c

2434 3326 2435 3335 ,
2542 3275 2587 3306 "
2606 3275 2923 3344 Ἀθηναίοις
2948 3274 3058 3343 γὰρ
3077 3274 3461 3343 διαλεγόμενος
3482 3276 3509 3326 ὁ
3536 3274 3765 3340 Παῦλος,
3792 3276 3948 3343 φησί,
3975 3276 4078 3328 ἇν-

766 3366 1147 3419 lautummodo
1176 3364 1455 3418 Christum
1477 3363 1735 3434 appellat,
1762 3364 1947 3417 dicens
1971 3364 2014 3394 ⁷³
2044 3378 2057 3416 :
2097 3383 2114 3415 ι
2152 3364 2207 3419 lu
2229 3367 2366 3432 viro,

2477 3364 2579 3434 δρα
2614 3366 2783 3418 αὐτὸν
2823 3367 3079 3419 ἐπικαλεί
3111 3366 3291 3436 μόνον,
3321 3367 3465 3419 οὕτω
3500 3367 3698 3434 λέγων·
3730 3387 3748 3418 ι
3780 3367 3872 3420 Ἐν
3914 3352 4080 3437 ἀνδρὶ.

778 3464 831 3515 in
863 3477 972 3529 quo
1000 3460 1215 3521 statuit,
1268 3459 1427 3512 Iidem
1481 3457 1732 3526 praebens
1762 3458 2040 3519 omnibus,
2093 3459 2368 3513 suscitans

2476 3450 2520 3524 ᾧ
2553 3457 2753 3527 ὥρισε,
2778 3458 2965 3510 πίστιν
2998 3458 3301 3529 παρασχὼν
3329 3460 3517 3521 πᾶσιν,
3557 3460 3871 3530 ἀναστήσας
3908 3462 4080 3512 αὐτὸν

767 3566 891 3605 eum
926 3564 955 3602 a
1006 3549 1245 3603 mortuis
1284 3565 1295 3600 :
1337 3566 1354 3598 ι
1392 3555 1444 3601 et
1472 3547 1606 3607 nihil
1640 3546 1706 3600 de
1747 3566 1763 3595 ι
1803 3544 1979 3599 forma
2014 3548 2103 3599 Dei
2140 3566 2157 3597 ι
2196 3547 2367 3611 addit,

2477 3552 2541 3603 ἐκ
2569 3554 2799 3620 νεκρῶν·
2847 3569 2865 3601 ι
2916 3550 3012 3602 καὶ
3060 3550 3213 3601 οὐδὲν
3247 3552 3377 3621 περὶ
3447 3551 3547 3620 τῆς
3593 3550 3689 3603 τοῦ
3741 3551 3880 3604 Θεοῦ
3924 3552 4082 3618 λέγει

771 3660 951 3711 neque
980 3642 1125 3712 quod
1164 3661 1181 3691 ι
1217 3641 1445 3703 aequalis
1484 3658 1501 3689 ι
1560 3649 1705 3693 esset
1735 3638 1833 3703 illi,
1893 3656 1910 3688 ι
1948 3648 2000 3690 et
2026 3639 2069 3669 ’ν
2109 3639 2369 3707 splendor

2482 3642 2719 3711 μορφῆς,
2766 3640 2891 3693 οὐδὲ
2931 3641 3015 3693 ὅτι
3090 3643 3204 3703 [σος
3253 3642 3426 3711 αὐτῷ,
3466 3642 3589 3695 οὐδὲ
3617 3644 3700 3696 ὅτι
3729 3643 4083 3711 ἀπαύγασμα

768 3737 954 3806 gloriae
1002 3734 1123 3803 ejus
1156 3746 1170 3784 :
1210 3751 1226 3782 ι
1266 3740 1320 3785 et
1370 3730 1591 3798 quidem
1622 3745 1902 3799 congrue;
1951 3728 2193 3782 nondum
2218 3730 2364 3782 enim

2476 3732 2573 3796 τῆς
2604 3732 2767 3801 δόξης
2798 3730 2990 3785 αὐτοῦ’
3035 3733 3287 3795 εἰκότως.
3344 3732 3514 3785 Οὒπω
3568 3734 3676 3804 γὰρ
3738 3736 3936 3804 καιρὸς
3967 3736 4083 3787 τῶν

768 3838 888 3882 erat
915 3838 1135 3894 tempus
1168 3834 1539 3893 opportunum
1589 3822 1772 3876 verbis
1804 3822 1960 3887 istis;
2021 3821 2116 3875 sed
2146 3821 2365 3875 interim

2478 3824 2742 3895 ῥημάτων
2795 3825 3003 3878 τούτων
3076 3820 3163 3895 ἦν.
3224 3825 3368 3878 Ἀλλ’
3414 3827 3700 3896 ἀγαπητὸν
3746 3823 3814 3896 ἦν
3877 3830 4084 3890 αὐτοὺς

772 3918 1017 3973 contenti
1045 3925 1207 3971 erant
1229 3915 1489 3984 apostoli,
1540 3914 1587 3968 si
1622 3914 1940 3967 crederetur
1969 3927 2130 3967 verus
2176 3913 2365 3976 homo,

2476 3918 2891 3988 παραδέξασθαι
2949 3918 3106 3981 τέως,
3160 3919 3242 3971 ὅτι
3296 3917 3593 3988 ἄνθρωπός
3656 3919 3797 3982 ἐστι,
3841 3918 3941 3971 καὶ
3999 3919 4084 3970 ὅτι

772 4022 826 4067 et
864 4010 1260 4072 resurt'exisse,
1300 4007 1652 4062 dissimulata
1700 4007 1970 4075 tantisper
2024 4006 2143 4076 ejus
2164 4004 2365 4059 divini-

2061 4006 2143 4076 ius
2164 4004 2365 4059 divitti-
2480 4012 2705 4081 ἀνέστη,
2742 4010 2911 4064 αὑτοῦ
2945 4011 3045 4083 τὴν
3082 4011 3315 4079 θεότητα
3349 4011 3705 4081 ὲξεκάλυψεν.

771 4110 906 4157 tate.

850 4215 867 4246 ι
905 4193 971 4249 Ει
997 4206 1238 4263 tempora
1291 4190 1537 4261 quidem.
1575 4207 1593 4240 ι
1647 4187 1767 4241 Non
1819 4188 1921 4241 hoc
1952 4188 2217 4257 ait,quod
2248 4188 2371 4241 nul-

2553 4214 2571 4242 ι
2600 4194 2739 4256 Τοὺς
2763 4196 2862 4263 μὲν
2890 4194 2983 4247 οὖν
3004 4195 3285 4265 χρόνους.»
3316 4194 3392 4247 Οὐ
3408 4192 3563 4247 τοῦτό
3586 4210 3774 4262 φησιν,
3802 4194 4086 4256 ὃτιοὺδεὶς

774 4289 861 4341 Ius
894 4288 1129 4341 istorum
1171 4286 1454 4355 puniatur,
1494 4280 1587 4336 sed
1615 4282 1743 4349 quia
1786 4293 1948 4332 nemo
2001 4278 2242 4341 illorum,
2272 4278 2368 4347 qui

2476 4284 2770 4350 κολάζεται
2810 4286 3042 4352 τούτων,
3060 4286 3173 4341 ἀλλ’
3198 4288 3279 4339 ὅτι
3298 4286 3474 4349 οὐδεὶς
3494 4286 3601 4338 τῶν
3622 4286 3892 4339 θελόντων
3917 4306 4085 4356 μετα-

781 4401 799 4433 ι
821 4380 1197 4450 pamitentiam
1212 4392 1372 4448 agere
1394 4394 1411 4428 ι
1439 4374 1692 4436 voluerit,
1715 4369 2027 4442 puniendus
2054 4370 2125 4423 sit
2150 4386 2163 4422 :
2194 4385 2371 4438 neque

2476 4380 2639 4430 νοεῖν.
2666 4378 2742 4430 Οὐ
2773 4378 3031 4447 περὶτῶν
3054 4377 3401 4431 ἀπελθόντων
3418 4379 3526 4446 γάρ
3550 4376 3708 4430 τοῦτό
3731 4395 3923 4445 φησιν,
3949 4380 4086 4432 ἀλλὰ

775 4472 843 4526 de
865 4472 975 4523 illis
1008 4468 1100 4539 qui
1124 4469 1236 4537 jam
1261 4468 1515 4521 obierant
1543 4462 1808 4534 loquitur,
1884 4462 1980 4514 sed
2007 4459 2074 4513 de
2107 4460 2216 4514 illis
2251 4461 2371 4530 qui-

2475 4470 2604 4539 περὶ
2621 4470 2827 4523 τούτων
2843 4463 2930 4545 οἷς.
2947 4469 3333 4541 παραγγέλλει.
3350 4470 3466 4523 υὺκ
3480 4472 3705 4523 ἀπαιτεῖ
3726 4472 3889 4537 λόγον
3914 4473 3943 4524 ύ
3948 4491 3991 4540 μ
4000 4476 4083 4535 οἷς,

778 4566 883 4621 bus
912 4573 1045 4617 tunc
1077 4561 1430 4631 praedicabat.
1461 4557 1581 4612 Non
1642 4557 1844 4625 exiget,
1898 4554 2101 4622 inquit,
2150 4567 2181 4606 a
2213 4553 2370 4607 vobis

2476 4562 2776 4631 φησὶ,περὶ
2799 4562 2911 4616 τῶν
2931 4563 3216 4633 προτέρων
3236 4562 3375 4615 ἑτῶν
3396 4564 3497 4631 τῆς
3518 4562 3739 4629 ἀγνοίας
3754 4562 3933 4631 ὑμῶν.
3972 4567 4087 4616 Οὶκ

776 4658 1055 4712 rationem
1090 4656 1158 4709 de
1177 4653 1468 4724 prtetcritis
1490 4650 1649 4721 281
1676 4648 1837 4702 annis
1861 4666 1878 4698 ι
1911 4645 2244 4715 ignorantiae
2282 4662 2376 4701 ve—
2412 4640 2420 4696 Ι

2440 4644 2455 4693 ³
2492 4650 2615 4707 εἶπε
2646 4656 2703 4708 δὲ
2735 4656 3015 4727 παρεῖδεν,
3070 4656 3105 4727 ἢ
3137 4694 3153 4720 ,
3203 4656 3389 4709 εἴασεν
3415 4698 3430 4719 ,
3462 4655 3619 4717 ἀλλὰ,
3657 4674 3676 4706 ι
3726 4656 3979 4725 περιεῖδε
4019 4660 4084 4688 "-

781 4763 928 4807 εει-αι.
959 4769 976 4801 ι
1006 4747 1125 4803 Non
1156 4749 1295 4801 dixit
1322 4758 1524 4810 autem,
1568 4741 1890 4807 contemnit,
1947 4739 2031 4793 vel
2087 4739 2376 4808 permittit,

2488 4748 2791 4813 τουτέστιν,
2823 4748 2923 4802 οὐκ
2950 4750 3173 4803 ἀπαιτεῖ
3205 4748 3451 4805 κόλασιν.
3482 4746 3674 4800 ὥσπεο
3698 4746 3887 4810 ἀξίους
3923 4748 4084 4800 ὂντας

781 4844 899 4903 sed.
929 4858 946 4891 ι
974 4838 1308 4902 dissimulat,
1344 4854 1361 4887 ι
1408 4837 1512 4889 hoc
1535 4843 1645 4901 est,
1676 4848 1784 4887 non
1816 4828 1990 4901 punit,
2023 4830 2377 4897 quantumvis

1139 4838 1308 4902 nulat,
1344 4854 1361 4887 ι
1408 4837 1512 4889 hoc
1535 4843 1645 4901 est,
1676 4848 1784 4887 non
1816 4828 1990 4901 punit,
2023 4830 2377 4897 quantumvis
2488 4843 2783 4903 κολάσεως,

787 4932 1070 5001 punitione
1102 4929 1319 5001 dignos.

1348 5019 1577 5076 CAPUT
1616 5018 1831 5076 XXVII.

3072 5019 3327 5073 ΚΕΦΑΔ.
3362 5019 3486 5071 KZ'.

788 5119 862 5171 De
886 5116 1077 5185 Aquila
1128 5125 1175 5169 et
1212 5114 1489 5176 Priscilla,
1554 5113 1717 5183 deque
1765 5111 2163 5167 Corinthiorum
2213 5114 2386 5168 incre-

2486 5114 2625 5183 IIspl.
2654 5115 2875 5168 Ἀκύλα
2915 5114 3015 5167 καὶ
3064 5112 3463 5180 Πρισκίλλης,
3507 5107 3617 5179 τῆς
3659 5127 3722 5163 τε
3751 5113 4086 5178 Κορινθίων

857 5210 1082 5263 dutitate
1108 5225 1171 5262 ac
1197 5209 1259 5261 de
1285 5207 1608 5275 bencptacito
1653 5206 1749 5260 Dei
1781 5207 2070 5262 secundum
2097 5209 2383 5275 prwecien-

2559 5206 2869 5271 ἀπειθείας
2926 5206 3028 5259 καὶ
3084 5204 3198 5273 τῆς
3227 5203 3377 5257 κατὰ
3416 5204 3854 5271 πρότνωσινὲν
3878 5205 4086 5267 αὐτοῖς

860 5306 991 5356 tt'am
1020 5318 1141 5371 erga
1168 5302 1316 5364 illos,
1367 5302 1505 5369 quod
1550 5302 1839 5353 revelatum
1879 5311 1955 5355 est
2002 5299 2199 5356 Paulo.
2247 5299 2387 5353 Item

2559 5298 2845 5362 εὐδοκίας
2866 5298 2971 5352 τοῦ
2988 5298 3137 5352 Θεοῦ
3154 5297 3702 5365 ἀποκαλυφθεισης
3718 5296 3801 5361 τῷ
3830 5300 4082 5363 Παύλῳ·

858 5398 921 5448 de
962 5393 1147 5461 Crispo
1201 5394 1642 5463 arclrisynagogo,
1673 5392 1787 5460 .qut'
1831 5391 2057 5446 credidit
2101 5408 2221 5445 cum
2265 5392 2389 5443 aliis

2563 5392 2632 5444 ὲν
2681 5384 2730 5457 ᾧ
2770 5391 2908 5459 περὶ
2944 5392 3219 5460 Κρίσπον
3249 5387 3785 5459 ἀρχισυναγιὲνῃου,
3839 5390 4086 5443 πιστεύ-

862 5576 925 5609 η·
950 5576 1072 5630 Act.
1102 5591 1198 5640 vn,
1234 5573 1323 5629 48.
1421 5575 1462 5604 ⁷⁷
1506 5575 1653 5631 Psal.
1686 5590 1831 5641 χιιι,
1866 5575 1957 5629 Ξό.
2036 5573 2083 5604 ’⁸
2118 5573 2319 5644 Ephes.
2354 5591 2396 5640 ι,
2418 5574 2506 5629 ὶθ.

1421 5575 1462 5604 ⁷⁷
1506 5575 1653 5631 Psal.
1686 5590 1831 5641 χιιι,
1866 5575 1957 5629 Ξό.
2036 5573 2083 5604 ’⁸
2118 5573 2319 5644 Ephes.
2354 5591 2396 5640 ι,
2418 5574 2509 5629 20.
2592 5574 2637 5605 "
2664 5573 2830 5629 Hebr.
2874 5588 2914 5639 ι,
2945 5574 2999 5629 5.

2011 5712 2211 5773 Variae
2243 5711 2553 5775 lectiones
2601 5720 2663 5773 et
2707 5718 2897 5774 notua.

869 5840 911 5873 ⁸⁸
945 5839 1112 5911 Marg.
1142 5838 1234 5892 τοῦ
1274 5838 1664 5911 Χρυσοστόμου
1692 5838 1756 5889 ἐκ
1789 5836 1881 5890 τοῦ
1916 5836 2058 5889 κατὰ
2088 5837 2365 5908 Ἰωάννην.
2444 5838 2491 5870 ⁸⁵
2527 5838 2800 5908 ὑπερεῖδε.
