  <div class='ocr_page' id='page_1' title='image "/cluster/home/n/w/nwhite01/storage/ocr_20150623/125/nnc1.0046979794/504.png"; bbox 0 0 4164 6444; ppageno 0'>
   <div class='ocr_carea' id='block_1_1' title="bbox 147 421 275 489">
    <p class='ocr_par' dir='ltr' id='par_1_1' title="bbox 147 421 275 489">
     <span class='ocr_line' id='line_1_1' title="bbox 147 421 275 489; baseline -0.023 0"><span class='ocrx_word' id='word_1_1' title='bbox 147 421 275 489; x_wconf 74' lang='grc'>1001</span> 
     </span>
    </p>
   </div>
   <div class='ocr_carea' id='block_1_2' title="bbox 720 408 2819 479">
    <p class='ocr_par' dir='ltr' id='par_1_2' title="bbox 720 408 2819 479">
     <span class='ocr_line' id='line_1_2' title="bbox 720 408 2819 479; baseline -0.006 0"><span class='ocrx_word' id='word_1_2' title='bbox 720 414 1260 479; x_wconf 76' lang='lat' dir='ltr'><strong><em>EXPOSITIONIS</em></strong></span> <span class='ocrx_word' id='word_1_3' title='bbox 1299 414 1378 476; x_wconf 80' lang='lat' dir='ltr'><strong>IN</strong></span> <span class='ocrx_word' id='word_1_4' title='bbox 1419 413 1606 475; x_wconf 77' lang='lat' dir='ltr'><strong><em>ACTA</em></strong></span> <span class='ocrx_word' id='word_1_5' title='bbox 1644 408 1945 474; x_wconf 84' lang='lat' dir='ltr'><strong><em>TEXTUS</em></strong></span> <span class='ocrx_word' id='word_1_6' title='bbox 1985 410 2251 471; x_wconf 80' lang='lat' dir='ltr'><strong><em>ALTER.</em></strong></span> <span class='ocrx_word' id='word_1_7' title='bbox 2288 432 2351 446; x_wconf 87' lang='grc'><strong><em>-</em></strong></span> <span class='ocrx_word' id='word_1_8' title='bbox 2394 409 2550 469; x_wconf 71' lang='lat' dir='ltr'><strong><em>CAP.</em></strong></span> <span class='ocrx_word' id='word_1_9' title='bbox 2598 408 2819 471; x_wconf 75' lang='lat' dir='ltr'><strong><em>XVIII.</em></strong></span> 
     </span>
    </p>
   </div>
   <div class='ocr_carea' id='block_1_3' title="bbox 3252 407 3383 474">
    <p class='ocr_par' dir='ltr' id='par_1_3' title="bbox 3252 407 3383 474">
     <span class='ocr_line' id='line_1_3' title="bbox 3252 407 3383 474; baseline 0 -2"><span class='ocrx_word' id='word_1_10' title='bbox 3252 407 3383 474; x_wconf 75' lang='grc'>1002</span> 
     </span>
    </p>
   </div>
   <div class='ocr_carea' id='block_1_4' title="bbox 209 524 1739 598">
    <p class='ocr_par' dir='ltr' id='par_1_4' title="bbox 209 526 1711 598">
     <span class='ocr_line' id='line_1_4' title="bbox 209 526 1711 598; baseline -0.003 -13"><span class='ocrx_word' id='word_1_11' title='bbox 209 547 441 597; x_wconf 76' lang='grc' dir='ltr'>σαντες</span> <span class='ocrx_word' id='word_1_12' title='bbox 491 532 615 585; x_wconf 81' lang='grc' dir='ltr'><strong><em>σὺν</em></strong></span> <span class='ocrx_word' id='word_1_13' title='bbox 652 529 876 598; x_wconf 70' lang='grc' dir='ltr'>ἑτέροις</span> <span class='ocrx_word' id='word_1_14' title='bbox 898 528 1041 594; x_wconf 71' lang='grc' dir='ltr'>τισί,</span> <span class='ocrx_word' id='word_1_15' title='bbox 1078 527 1173 583; x_wconf 76' lang='grc' dir='ltr'><strong><em>καί</em></strong></span> <span class='ocrx_word' id='word_1_16' title='bbox 1216 526 1661 593; x_wconf 78' lang='grc' dir='ltr'><strong><em>βαπτισθέντος</em></strong></span> <span class='ocrx_word' id='word_1_17' title='bbox 1696 566 1711 591; x_wconf 92' lang='grc'><strong><em>,</em></strong></span> 
     </span>
    </p>
   </div>
   <div class='ocr_carea' id='block_1_5' title="bbox 1840 524 3390 598">
    <p class='ocr_par' dir='ltr' id='par_1_5' title="bbox 1887 524 3390 596">
     <span class='ocr_line' id='line_1_5' title="bbox 1887 524 3390 596; baseline 0.001 -18"><span class='ocrx_word' id='word_1_18' title='bbox 1887 527 2222 596; x_wconf 71' lang='lat' dir='ltr'><strong><em>quibusdam,</em></strong></span> <span class='ocrx_word' id='word_1_19' title='bbox 2263 534 2311 578; x_wconf 77' lang='lat' dir='ltr'><strong><em>et</em></strong></span> <span class='ocrx_word' id='word_1_20' title='bbox 2344 524 2640 592; x_wconf 73' lang='lat' dir='ltr'><strong><em>baptizatus</em></strong></span> <span class='ocrx_word' id='word_1_21' title='bbox 2689 535 2814 582; x_wconf 78' lang='lat' dir='ltr'><strong><em>ert:</em></strong></span> <span class='ocrx_word' id='word_1_22' title='bbox 2854 540 2915 579; x_wconf 85' lang='lat' dir='ltr'><strong><em>ac</em></strong></span> <span class='ocrx_word' id='word_1_23' title='bbox 2955 524 3214 595; x_wconf 85' lang='lat' dir='ltr'><strong><em>quomodo</em></strong></span> <span class='ocrx_word' id='word_1_24' title='bbox 3253 525 3390 581; x_wconf 81' lang='lat' dir='ltr'><strong><em>sedi-</em></strong></span> 
     </span>
    </p>
   </div>
   <div class='ocr_carea' id='block_1_6' title="bbox 210 616 1720 686">
    <p class='ocr_par' dir='ltr' id='par_1_6' title="bbox 210 616 1720 686">
     <span class='ocr_line' id='line_1_6' title="bbox 210 616 1720 686; baseline -0.004 -13"><span class='ocrx_word' id='word_1_25' title='bbox 210 619 491 684; x_wconf 74' lang='grc' dir='ltr'>στάσεως</span> <span class='ocrx_word' id='word_1_26' title='bbox 545 618 895 686; x_wconf 71' lang='grc' dir='ltr'><strong><em>κινηθείσης</em></strong></span> <span class='ocrx_word' id='word_1_27' title='bbox 948 618 1019 670; x_wconf 73' lang='grc' dir='ltr'><strong><em>ἐν</em></strong></span> <span class='ocrx_word' id='word_1_28' title='bbox 1069 618 1356 683; x_wconf 77' lang='grc' dir='ltr'>Κορίνθῳ.</span> <span class='ocrx_word' id='word_1_29' title='bbox 1399 618 1431 669; x_wconf 88' lang='grc' dir='ltr'><em>ὀ</em></span> <span class='ocrx_word' id='word_1_30' title='bbox 1480 616 1720 679; x_wconf 64' lang='grc' dir='ltr'>Παῦλος</span> 
     </span>
    </p>
   </div>
   <div class='ocr_carea' id='block_1_7' title="bbox 212 706 1722 778">
    <p class='ocr_par' dir='ltr' id='par_1_7' title="bbox 212 706 1722 778">
     <span class='ocr_line' id='line_1_7' title="bbox 212 706 1722 778; baseline -0.003 -14"><span class='ocrx_word' id='word_1_31' title='bbox 212 709 648 778; x_wconf 75' lang='grc' dir='ltr'>ὑπεχώρησεν·</span> <span class='ocrx_word' id='word_1_32' title='bbox 694 708 887 763; x_wconf 71' lang='grc' dir='ltr'><strong><em>ὲλ9ὼν</em></strong></span> <span class='ocrx_word' id='word_1_33' title='bbox 936 708 1004 761; x_wconf 80' lang='grc' dir='ltr'>δὲ</span> <span class='ocrx_word' id='word_1_34' title='bbox 1057 710 1144 774; x_wconf 83' lang='grc' dir='ltr'>εις</span> <span class='ocrx_word' id='word_1_35' title='bbox 1178 709 1447 777; x_wconf 72' lang='grc' dir='ltr'>Ἔφεσον</span> <span class='ocrx_word' id='word_1_36' title='bbox 1476 706 1570 759; x_wconf 77' lang='grc' dir='ltr'><strong><em>καί</em></strong></span> <span class='ocrx_word' id='word_1_37' title='bbox 1599 706 1722 759; x_wconf 77' lang='grc' dir='ltr'>δια-</span> 
     </span>
    </p>
   </div>
   <div class='ocr_carea' id='block_1_8' title="bbox 207 800 766 870">
    <p class='ocr_par' dir='ltr' id='par_1_8' title="bbox 207 800 766 870">
     <span class='ocr_line' id='line_1_8' title="bbox 207 800 766 870; baseline 0.002 -15"><span class='ocrx_word' id='word_1_38' title='bbox 207 804 458 870; x_wconf 63' lang='grc' dir='ltr'>λεχθεὶς</span> <span class='ocrx_word' id='word_1_39' title='bbox 486 800 766 870; x_wconf 72' lang='grc' dir='ltr'>ἐξῆλθεν.</span> 
     </span>
    </p>
   </div>
   <div class='ocr_carea' id='block_1_9' title="bbox 746 892 1129 948">
    <p class='ocr_par' dir='ltr' id='par_1_9' title="bbox 746 892 1129 948">
     <span class='ocr_line' id='line_1_9' title="bbox 746 892 1129 948; baseline -0.01 0"><span class='ocrx_word' id='word_1_40' title='bbox 746 892 1129 948; x_wconf 76' lang='lat' dir='ltr'><strong><em>KEIMENON.</em></strong></span> 
     </span>
    </p>
   </div>
   <div class='ocr_carea' id='block_1_10' title="bbox 212 982 1725 1055">
    <p class='ocr_par' dir='ltr' id='par_1_10' title="bbox 212 982 1725 1055">
     <span class='ocr_line' id='line_1_10' title="bbox 212 982 1725 1055; baseline -0.005 -14"><span class='ocrx_word' id='word_1_41' title='bbox 212 986 377 1041; x_wconf 73' lang='grc' dir='ltr'>Μετά</span> <span class='ocrx_word' id='word_1_42' title='bbox 411 984 472 1038; x_wconf 62' lang='grc' dir='ltr'>δὲ</span> <span class='ocrx_word' id='word_1_43' title='bbox 493 985 667 1039; x_wconf 85' lang='grc' dir='ltr'>ταῦτα</span> <span class='ocrx_word' id='word_1_44' title='bbox 694 985 986 1055; x_wconf 76' lang='grc' dir='ltr'>χωρισθεὶς</span> <span class='ocrx_word' id='word_1_45' title='bbox 1015 985 1043 1036; x_wconf 99' lang='lat'><strong><em>6</em></strong></span> <span class='ocrx_word' id='word_1_46' title='bbox 1064 982 1277 1046; x_wconf 80' lang='grc' dir='ltr'><strong><em>Παῦλος</em></strong></span> <span class='ocrx_word' id='word_1_47' title='bbox 1309 984 1374 1037; x_wconf 81' lang='grc' dir='ltr'>ἐκ</span> <span class='ocrx_word' id='word_1_48' title='bbox 1411 984 1519 1037; x_wconf 83' lang='grc' dir='ltr'>τῶν</span> <span class='ocrx_word' id='word_1_49' title='bbox 1565 983 1725 1051; x_wconf 74' lang='grc' dir='ltr'>Ἀθη-</span> 
     </span>
    </p>
   </div>
   <div class='ocr_carea' id='block_1_11' title="bbox 1897 614 3393 687">
    <p class='ocr_par' dir='ltr' id='par_1_11' title="bbox 1897 614 3393 687">
     <span class='ocr_line' id='line_1_11' title="bbox 1897 614 3393 687; baseline 0.003 -20"><span class='ocrx_word' id='word_1_50' title='bbox 1897 617 2034 671; x_wconf 81' lang='lat' dir='ltr'><strong><em>tione</em></strong></span> <span class='ocrx_word' id='word_1_51' title='bbox 2067 627 2182 671; x_wconf 81' lang='lat' dir='ltr'><strong><em>orta</em></strong></span> <span class='ocrx_word' id='word_1_52' title='bbox 2225 615 2496 678; x_wconf 85' lang='lat' dir='ltr'><strong><em>Corinthi,</em></strong></span> <span class='ocrx_word' id='word_1_53' title='bbox 2531 614 2728 672; x_wconf 81' lang='lat' dir='ltr'><strong><em>Paulus</em></strong></span> <span class='ocrx_word' id='word_1_54' title='bbox 2761 617 3056 679; x_wconf 81' lang='lat' dir='ltr'><strong><em>secesserit,</em></strong></span> <span class='ocrx_word' id='word_1_55' title='bbox 3101 618 3393 687; x_wconf 84' lang='lat' dir='ltr'><strong><em>abieritque</em></strong></span> 
     </span>
    </p>
   </div>
   <div class='ocr_carea' id='block_1_12' title="bbox 1906 708 3395 779">
    <p class='ocr_par' dir='ltr' id='par_1_12' title="bbox 1906 708 3395 779">
     <span class='ocr_line' id='line_1_12' title="bbox 1906 708 3395 779; baseline -0.003 -16"><span class='ocrx_word' id='word_1_56' title='bbox 1906 710 2199 779; x_wconf 78' lang='lat' dir='ltr'><strong><em>Ephesum;</em></strong></span> <span class='ocrx_word' id='word_1_57' title='bbox 2246 710 2490 777; x_wconf 77' lang='lat' dir='ltr'><strong><em>indeque,</em></strong></span> <span class='ocrx_word' id='word_1_58' title='bbox 2534 719 2811 778; x_wconf 85' lang='lat' dir='ltr'><strong><em>postquam</em></strong></span> <span class='ocrx_word' id='word_1_59' title='bbox 2850 724 3141 763; x_wconf 71' lang='lat' dir='ltr'><strong><em>sermonem</em></strong></span> <span class='ocrx_word' id='word_1_60' title='bbox 3190 708 3395 771; x_wconf 83' lang='lat' dir='ltr'><strong><em>habuit,</em></strong></span> 
     </span>
    </p>
   </div>
   <div class='ocr_carea' id='block_1_13' title="bbox 1896 805 2103 858">
    <p class='ocr_par' dir='ltr' id='par_1_13' title="bbox 1896 805 2103 858">
     <span class='ocr_line' id='line_1_13' title="bbox 1896 805 2103 858; baseline -0.014 -1"><span class='ocrx_word' id='word_1_61' title='bbox 1896 805 2103 858; x_wconf 72' lang='lat' dir='ltr'><strong><em>exierit.</em></strong></span> 
     </span>
    </p>
   </div>
   <div class='ocr_carea' id='block_1_14' title="bbox 2462 892 2761 950">
    <p class='ocr_par' dir='ltr' id='par_1_14' title="bbox 2462 892 2761 950">
     <span class='ocr_line' id='line_1_14' title="bbox 2462 892 2761 950; baseline -0.013 0"><span class='ocrx_word' id='word_1_62' title='bbox 2462 892 2761 950; x_wconf 76' lang='lat' dir='ltr'><strong><em>TEXTUS.</em></strong></span> 
     </span>
    </p>
   </div>
   <div class='ocr_carea' id='block_1_15' title="bbox 1901 980 3402 1055">
    <p class='ocr_par' dir='ltr' id='par_1_15' title="bbox 1901 980 3402 1055">
     <span class='ocr_line' id='line_1_15' title="bbox 1901 980 3402 1055; baseline -0.005 -15"><span class='ocrx_word' id='word_1_63' title='bbox 1901 984 2089 1050; x_wconf 77' lang='lat' dir='ltr'><strong><em>XVIII,</em></strong></span> <span class='ocrx_word' id='word_1_64' title='bbox 2123 985 2270 1038; x_wconf 61' lang='lat' dir='ltr'><strong><em>l-Ql.</em></strong></span> <span class='ocrx_word' id='word_1_65' title='bbox 2294 984 2421 1040; x_wconf 90' lang='lat' dir='ltr'><strong><em>Post</em></strong></span> <span class='ocrx_word' id='word_1_66' title='bbox 2453 988 2563 1039; x_wconf 59' lang='lat' dir='ltr'><strong><em>ha‘c</em></strong></span> <span class='ocrx_word' id='word_1_67' title='bbox 2586 998 2837 1055; x_wconf 83' lang='lat' dir='ltr'><strong><em>egressus</em></strong></span> <span class='ocrx_word' id='word_1_68' title='bbox 2866 985 2934 1037; x_wconf 89' lang='lat' dir='ltr'><strong><em>ab</em></strong></span> <span class='ocrx_word' id='word_1_69' title='bbox 2970 982 3218 1046; x_wconf 77' lang='lat' dir='ltr'><strong><em>Athenis,</em></strong></span> <span class='ocrx_word' id='word_1_70' title='bbox 3256 980 3402 1034; x_wconf 75' lang='lat' dir='ltr'><strong><em>venit</em></strong></span> 
     </span>
    </p>
   </div>
   <div class='ocr_carea' id='block_1_16' title="bbox 141 1070 1739 1147">
    <p class='ocr_par' dir='ltr' id='par_1_16' title="bbox 141 1070 1727 1145">
     <span class='ocr_line' id='line_1_16' title="bbox 141 1070 1727 1145; baseline -0.001 -16"><span class='ocrx_word' id='word_1_71' title='bbox 141 1070 462 1145; x_wconf 74' lang='grc' dir='ltr'>νῶν,ἧλθεν</span> <span class='ocrx_word' id='word_1_72' title='bbox 493 1076 573 1138; x_wconf 84' lang='grc' dir='ltr'><strong><em>είς</em></strong></span> <span class='ocrx_word' id='word_1_73' title='bbox 624 1074 922 1145; x_wconf 75' lang='grc' dir='ltr'>Κόρινθονο</span> <span class='ocrx_word' id='word_1_74' title='bbox 969 1075 1064 1128; x_wconf 77' lang='grc' dir='ltr'>καὶ</span> <span class='ocrx_word' id='word_1_75' title='bbox 1096 1072 1272 1145; x_wconf 79' lang='grc' dir='ltr'>εὑρών</span> <span class='ocrx_word' id='word_1_76' title='bbox 1304 1091 1427 1128; x_wconf 85' lang='grc' dir='ltr'>τινα</span> <span class='ocrx_word' id='word_1_77' title='bbox 1480 1074 1727 1128; x_wconf 78' lang='grc' dir='ltr'><strong><em>Ἰουδαῖον</em></strong></span> 
     </span>
    </p>
   </div>
   <div class='ocr_carea' id='block_1_17' title="bbox 1840 1070 3402 1147">
    <p class='ocr_par' dir='ltr' id='par_1_17' title="bbox 1840 1074 3402 1147">
     <span class='ocr_line' id='line_1_17' title="bbox 1840 1074 3402 1147; baseline -0.003 -13"><span class='ocrx_word' id='word_1_78' title='bbox 1840 1078 2168 1134; x_wconf 69' lang='grc' dir='ltr'>Ξοῐίηιίιυιιι.</span> <span class='ocrx_word' id='word_1_79' title='bbox 2196 1077 2263 1133; x_wconf 84' lang='grc' dir='ltr'><strong><em>Ει</em></strong></span> <span class='ocrx_word' id='word_1_80' title='bbox 2295 1077 2575 1134; x_wconf 83' lang='lat' dir='ltr'><strong><em>inveniens</em></strong></span> <span class='ocrx_word' id='word_1_81' title='bbox 2605 1075 2892 1147; x_wconf 87' lang='lat' dir='ltr'><strong><em>quemdam</em></strong></span> <span class='ocrx_word' id='word_1_82' title='bbox 2916 1074 3162 1131; x_wconf 67' lang='lat' dir='ltr'><strong><em>Judaeum</em></strong></span> <span class='ocrx_word' id='word_1_83' title='bbox 3183 1076 3402 1129; x_wconf 68' lang='lat' dir='ltr'><strong><em>nomine</em></strong></span> 
     </span>
    </p>
   </div>
   <div class='ocr_carea' id='block_1_18' title="bbox 141 1164 1731 1237">
    <p class='ocr_par' dir='ltr' id='par_1_18' title="bbox 141 1164 1731 1237">
     <span class='ocr_line' id='line_1_18' title="bbox 141 1164 1731 1237; baseline -0.003 -17"><span class='ocrx_word' id='word_1_84' title='bbox 141 1168 377 1237; x_wconf 76' lang='grc' dir='ltr'>ὀνόματι</span> <span class='ocrx_word' id='word_1_85' title='bbox 413 1165 637 1232; x_wconf 74' lang='grc' dir='ltr'>Ἀκύλα,</span> <span class='ocrx_word' id='word_1_86' title='bbox 661 1166 922 1221; x_wconf 80' lang='grc' dir='ltr'>Ποντικὸν</span> <span class='ocrx_word' id='word_1_87' title='bbox 938 1166 1017 1236; x_wconf 86' lang='grc' dir='ltr'>τῷ</span> <span class='ocrx_word' id='word_1_88' title='bbox 1045 1167 1215 1235; x_wconf 78' lang='grc' dir='ltr'>γένει,</span> <span class='ocrx_word' id='word_1_89' title='bbox 1240 1164 1574 1235; x_wconf 75' lang='grc' dir='ltr'><strong><em>προσφάτως</em></strong></span> <span class='ocrx_word' id='word_1_90' title='bbox 1603 1164 1731 1235; x_wconf 55' lang='lat' dir='ltr'><strong><em>nn-</em></strong></span> 
     </span>
    </p>
   </div>
   <div class='ocr_carea' id='block_1_19' title="bbox 142 1255 1727 1328">
    <p class='ocr_par' dir='ltr' id='par_1_19' title="bbox 142 1255 1727 1328">
     <span class='ocr_line' id='line_1_19' title="bbox 142 1255 1727 1328; baseline 0 -19"><span class='ocrx_word' id='word_1_91' title='bbox 142 1260 352 1312; x_wconf 76' lang='grc' dir='ltr'>λυθότα</span> <span class='ocrx_word' id='word_1_92' title='bbox 379 1258 490 1311; x_wconf 78' lang='grc' dir='ltr'><strong><em>ἀπὸ</em></strong></span> <span class='ocrx_word' id='word_1_93' title='bbox 539 1259 638 1328; x_wconf 74' lang='grc' dir='ltr'>τῆς</span> <span class='ocrx_word' id='word_1_94' title='bbox 678 1258 928 1321; x_wconf 88' lang='grc' dir='ltr'>Ἰταλίας,</span> <span class='ocrx_word' id='word_1_95' title='bbox 968 1260 1065 1310; x_wconf 78' lang='grc' dir='ltr'>καὶ</span> <span class='ocrx_word' id='word_1_96' title='bbox 1123 1255 1456 1328; x_wconf 85' lang='grc' dir='ltr'>Πρισκίλλαν</span> <span class='ocrx_word' id='word_1_97' title='bbox 1492 1259 1727 1325; x_wconf 81' lang='grc' dir='ltr'>γυναῖκα</span> 
     </span>
    </p>
   </div>
   <div class='ocr_carea' id='block_1_20' title="bbox 145 1346 1725 1420">
    <p class='ocr_par' dir='ltr' id='par_1_20' title="bbox 145 1346 1725 1420">
     <span class='ocr_line' id='line_1_20' title="bbox 145 1346 1725 1420; baseline -0.001 -19"><span class='ocrx_word' id='word_1_98' title='bbox 145 1349 314 1402; x_wconf 78' lang='grc' dir='ltr'>αὑτοῦ</span> <span class='ocrx_word' id='word_1_99' title='bbox 343 1350 456 1419; x_wconf 73' lang='grc' dir='ltr'>(διὰ</span> <span class='ocrx_word' id='word_1_100' title='bbox 477 1351 538 1403; x_wconf 82' lang='grc' dir='ltr'><strong><em>τὺ</em></strong></span> <span class='ocrx_word' id='word_1_101' title='bbox 562 1349 907 1420; x_wconf 74' lang='grc' dir='ltr'><strong><em>διατετάχθαι</em></strong></span> <span class='ocrx_word' id='word_1_102' title='bbox 933 1347 1200 1403; x_wconf 80' lang='grc' dir='ltr'><strong><em>Κλαύδιον</em></strong></span> <span class='ocrx_word' id='word_1_103' title='bbox 1223 1346 1559 1418; x_wconf 81' lang='grc' dir='ltr'><strong><em>χωρισθῆναι</em></strong></span> <span class='ocrx_word' id='word_1_104' title='bbox 1587 1346 1725 1400; x_wconf 79' lang='grc' dir='ltr'>πάν·</span> 
     </span>
    </p>
   </div>
   <div class='ocr_carea' id='block_1_21' title="bbox 145 1441 1727 1511">
    <p class='ocr_par' dir='ltr' id='par_1_21' title="bbox 145 1441 1727 1511">
     <span class='ocr_line' id='line_1_21' title="bbox 145 1441 1727 1511; baseline -0.001 -17"><span class='ocrx_word' id='word_1_105' title='bbox 145 1460 244 1503; x_wconf 84' lang='grc' dir='ltr'><strong><em>τας</em></strong></span> <span class='ocrx_word' id='word_1_106' title='bbox 272 1444 411 1503; x_wconf 77' lang='grc' dir='ltr'>τοὺς</span> <span class='ocrx_word' id='word_1_107' title='bbox 452 1441 736 1504; x_wconf 78' lang='grc' dir='ltr'><strong><em>Ἰουδαίους</em></strong></span> <span class='ocrx_word' id='word_1_108' title='bbox 758 1443 827 1495; x_wconf 67' lang='grc' dir='ltr'>ἑκ</span> <span class='ocrx_word' id='word_1_109' title='bbox 861 1443 960 1511; x_wconf 78' lang='grc' dir='ltr'>τῆς</span> <span class='ocrx_word' id='word_1_110' title='bbox 994 1442 1257 1511; x_wconf 76' lang='grc' dir='ltr'>Ῥώμης),</span> <span class='ocrx_word' id='word_1_111' title='bbox 1288 1441 1593 1511; x_wconf 74' lang='grc' dir='ltr'><strong><em>προσῆλθεν</em></strong></span> <span class='ocrx_word' id='word_1_112' title='bbox 1627 1442 1727 1494; x_wconf 82' lang='grc' dir='ltr'><strong><em>αὐ-</em></strong></span> 
     </span>
    </p>
   </div>
   <div class='ocr_carea' id='block_1_22' title="bbox 146 1528 1726 1602">
    <p class='ocr_par' dir='ltr' id='par_1_22' title="bbox 146 1528 1726 1602">
     <span class='ocr_line' id='line_1_22' title="bbox 146 1528 1726 1602; baseline 0.001 -21"><span class='ocrx_word' id='word_1_113' title='bbox 146 1534 261 1596; x_wconf 79' lang='grc' dir='ltr'>τοῖς</span> <span class='ocrx_word' id='word_1_114' title='bbox 280 1546 295 1561; x_wconf 73' lang='grc'><strong>⁸</strong></span> <span class='ocrx_word' id='word_1_115' title='bbox 328 1532 429 1586; x_wconf 77' lang='grc' dir='ltr'>καὶ</span> <span class='ocrx_word' id='word_1_116' title='bbox 453 1531 621 1585; x_wconf 83' lang='grc' dir='ltr'>διὰτὸ</span> <span class='ocrx_word' id='word_1_117' title='bbox 640 1533 930 1602; x_wconf 78' lang='grc' dir='ltr'>ὁμότεχνον</span> <span class='ocrx_word' id='word_1_118' title='bbox 959 1528 1122 1594; x_wconf 71' lang='grc' dir='ltr'>εἶναι,</span> <span class='ocrx_word' id='word_1_119' title='bbox 1153 1531 1335 1602; x_wconf 75' lang='grc' dir='ltr'>ιμεινε</span> <span class='ocrx_word' id='word_1_120' title='bbox 1365 1529 1495 1600; x_wconf 80' lang='grc' dir='ltr'>παρ’</span> <span class='ocrx_word' id='word_1_121' title='bbox 1522 1530 1726 1593; x_wconf 74' lang='grc' dir='ltr'>αὐτοῖς,</span> 
     </span>
    </p>
   </div>
   <div class='ocr_carea' id='block_1_23' title="bbox 150 1617 1728 1694">
    <p class='ocr_par' dir='ltr' id='par_1_23' title="bbox 150 1617 1728 1694">
     <span class='ocr_line' id='line_1_23' title="bbox 150 1617 1728 1694; baseline -0.001 -21"><span class='ocrx_word' id='word_1_122' title='bbox 150 1625 245 1675; x_wconf 74' lang='grc' dir='ltr'>καὶ</span> <span class='ocrx_word' id='word_1_123' title='bbox 286 1621 615 1691; x_wconf 75' lang='grc' dir='ltr'>εἰργάζετοο</span> <span class='ocrx_word' id='word_1_124' title='bbox 648 1617 789 1694; x_wconf 75' lang='grc' dir='ltr'>ἦσαν</span> <span class='ocrx_word' id='word_1_125' title='bbox 838 1622 948 1691; x_wconf 66' lang='grc' dir='ltr'>γᾶρ</span> <span class='ocrx_word' id='word_1_126' title='bbox 999 1620 1313 1690; x_wconf 77' lang='grc' dir='ltr'>σκηνοποιοὶ</span> <span class='ocrx_word' id='word_1_127' title='bbox 1360 1620 1461 1690; x_wconf 74' lang='grc' dir='ltr'>τὴν</span> <span class='ocrx_word' id='word_1_128' title='bbox 1511 1619 1728 1689; x_wconf 83' lang='grc' dir='ltr'>τέχνην.</span> 
     </span>
    </p>
   </div>
   <div class='ocr_carea' id='block_1_24' title="bbox 152 1711 1726 1784">
    <p class='ocr_par' dir='ltr' id='par_1_24' title="bbox 152 1711 1726 1784">
     <span class='ocr_line' id='line_1_24' title="bbox 152 1711 1726 1784; baseline -0.002 -19"><span class='ocrx_word' id='word_1_129' title='bbox 152 1713 443 1781; x_wconf 75' lang='grc' dir='ltr'>Διελέγετο</span> <span class='ocrx_word' id='word_1_130' title='bbox 467 1713 524 1767; x_wconf 76' lang='grc' dir='ltr'>δὲ</span> <span class='ocrx_word' id='word_1_131' title='bbox 553 1714 611 1767; x_wconf 83' lang='grc' dir='ltr'>ὲν</span> <span class='ocrx_word' id='word_1_132' title='bbox 650 1717 715 1783; x_wconf 75' lang='grc' dir='ltr'>τῇ</span> <span class='ocrx_word' id='word_1_133' title='bbox 754 1714 1046 1784; x_wconf 75' lang='grc' dir='ltr'><strong><em>συναγωγῇ</em></strong></span> <span class='ocrx_word' id='word_1_134' title='bbox 1077 1712 1217 1767; x_wconf 85' lang='grc' dir='ltr'><strong><em>κατά</em></strong></span> <span class='ocrx_word' id='word_1_135' title='bbox 1277 1714 1384 1765; x_wconf 78' lang='grc' dir='ltr'>πᾶν</span> <span class='ocrx_word' id='word_1_136' title='bbox 1431 1711 1726 1776; x_wconf 76' lang='grc' dir='ltr'>Σάϐϐατον,</span> 
     </span>
    </p>
   </div>
   <div class='ocr_carea' id='block_1_25' title="bbox 155 1801 1731 1874">
    <p class='ocr_par' dir='ltr' id='par_1_25' title="bbox 155 1801 1731 1874">
     <span class='ocr_line' id='line_1_25' title="bbox 155 1801 1731 1874; baseline -0.003 -18"><span class='ocrx_word' id='word_1_137' title='bbox 155 1806 343 1858; x_wconf 76' lang='grc' dir='ltr'>ἔπειθέ</span> <span class='ocrx_word' id='word_1_138' title='bbox 364 1822 424 1859; x_wconf 80' lang='grc' dir='ltr'><strong><em>τε</em></strong></span> <span class='ocrx_word' id='word_1_139' title='bbox 464 1804 748 1868; x_wconf 76' lang='grc' dir='ltr'>Ἰουδαίους</span> <span class='ocrx_word' id='word_1_140' title='bbox 796 1806 894 1858; x_wconf 81' lang='grc' dir='ltr'>καὶ</span> <span class='ocrx_word' id='word_1_141' title='bbox 923 1804 1210 1874; x_wconf 83' lang='grc' dir='ltr'>Ἕλληνας.</span> <span class='ocrx_word' id='word_1_142' title='bbox 1252 1805 1345 1865; x_wconf 84' lang='grc' dir='ltr'>Ὠς</span> <span class='ocrx_word' id='word_1_143' title='bbox 1381 1802 1439 1856; x_wconf 76' lang='grc' dir='ltr'>δὲ</span> <span class='ocrx_word' id='word_1_144' title='bbox 1464 1801 1731 1871; x_wconf 74' lang='grc' dir='ltr'>κατῆλθον</span> 
     </span>
    </p>
   </div>
   <div class='ocr_carea' id='block_1_26' title="bbox 157 1865 1805 1965">
    <p class='ocr_par' dir='ltr' id='par_1_26' title="bbox 157 1865 1805 1965">
     <span class='ocr_line' id='line_1_26' title="bbox 157 1865 1805 1965; baseline -0.002 -17"><span class='ocrx_word' id='word_1_145' title='bbox 157 1898 263 1949; x_wconf 67' lang='grc' dir='ltr'>ἀπὸ</span> <span class='ocrx_word' id='word_1_146' title='bbox 286 1896 391 1965; x_wconf 83' lang='grc' dir='ltr'>τῆς</span> <span class='ocrx_word' id='word_1_147' title='bbox 434 1865 796 1961; x_wconf 70' lang='grc' dir='ltr'>Μακεδονίας,</span> <span class='ocrx_word' id='word_1_148' title='bbox 846 1896 875 1950; x_wconf 80' lang='grc' dir='ltr'><strong>δ</strong></span> <span class='ocrx_word' id='word_1_149' title='bbox 920 1913 979 1949; x_wconf 82' lang='grc' dir='ltr'><strong><em>τε</em></strong></span> <span class='ocrx_word' id='word_1_150' title='bbox 1025 1865 1187 1958; x_wconf 59' lang='lat' dir='ltr'><strong><em>stu,</em></strong></span> <span class='ocrx_word' id='word_1_151' title='bbox 1220 1894 1313 1947; x_wconf 69' lang='grc' dir='ltr'>καὶ</span> <span class='ocrx_word' id='word_1_152' title='bbox 1362 1894 1392 1947; x_wconf 80' lang='lat'><strong><em>6</em></strong></span> <span class='ocrx_word' id='word_1_153' title='bbox 1444 1865 1729 1962; x_wconf 80' lang='grc' dir='ltr'>Τιμόθεος.</span> <span class='ocrx_word' id='word_1_154' title='bbox 1765 1865 1805 1920; x_wconf 74' lang='grc'><strong><em>⁸</em></strong></span> 
     </span>
    </p>
   </div>
   <div class='ocr_carea' id='block_1_27' title="bbox 158 1984 1731 2057">
    <p class='ocr_par' dir='ltr' id='par_1_27' title="bbox 158 1984 1731 2057">
     <span class='ocr_line' id='line_1_27' title="bbox 158 1984 1731 2057; baseline -0.001 -17"><span class='ocrx_word' id='word_1_155' title='bbox 158 1988 442 2056; x_wconf 78' lang='grc' dir='ltr'>συνείχετο</span> <span class='ocrx_word' id='word_1_156' title='bbox 465 1986 542 2057; x_wconf 84' lang='grc' dir='ltr'>τῷ</span> <span class='ocrx_word' id='word_1_157' title='bbox 572 1987 854 2057; x_wconf 83' lang='grc' dir='ltr'>Πνεύματι</span> <span class='ocrx_word' id='word_1_158' title='bbox 876 1989 905 2040; x_wconf 89' lang='lat'><strong><em>6</em></strong></span> <span class='ocrx_word' id='word_1_159' title='bbox 937 1984 1172 2047; x_wconf 87' lang='grc' dir='ltr'>Παῦλος,</span> <span class='ocrx_word' id='word_1_160' title='bbox 1193 1984 1731 2055; x_wconf 74' lang='grc' dir='ltr'>διαμαρτυρούμενος</span> 
     </span>
    </p>
   </div>
   <div class='ocr_carea' id='block_1_28' title="bbox 158 2073 1734 2148">
    <p class='ocr_par' dir='ltr' id='par_1_28' title="bbox 158 2073 1734 2148">
     <span class='ocr_line' id='line_1_28' title="bbox 158 2073 1734 2148; baseline -0.003 -15"><span class='ocrx_word' id='word_1_161' title='bbox 158 2086 267 2143; x_wconf 76' lang='grc' dir='ltr'>τοις</span> <span class='ocrx_word' id='word_1_162' title='bbox 308 2077 589 2140; x_wconf 79' lang='grc' dir='ltr'>Ἰουδαίοις</span> <span class='ocrx_word' id='word_1_163' title='bbox 614 2073 756 2131; x_wconf 72' lang='grc' dir='ltr'>εἶναι</span> <span class='ocrx_word' id='word_1_164' title='bbox 795 2078 888 2131; x_wconf 79' lang='grc' dir='ltr'>τὸν</span> <span class='ocrx_word' id='word_1_165' title='bbox 916 2077 1153 2148; x_wconf 68' lang='grc' dir='ltr'>Χριστὸν</span> <span class='ocrx_word' id='word_1_166' title='bbox 1185 2074 1415 2145; x_wconf 84' lang='grc' dir='ltr'>Ἰησοῦν.</span> <span class='ocrx_word' id='word_1_167' title='bbox 1460 2074 1734 2129; x_wconf 81' lang='grc' dir='ltr'>’Δντιτασ-</span> 
     </span>
    </p>
   </div>
   <div class='ocr_carea' id='block_1_29' title="bbox 161 2165 1733 2241">
    <p class='ocr_par' dir='ltr' id='par_1_29' title="bbox 161 2165 1733 2241">
     <span class='ocr_line' id='line_1_29' title="bbox 161 2165 1733 2241; baseline -0.003 -17"><span class='ocrx_word' id='word_1_168' title='bbox 161 2171 409 2241; x_wconf 87' lang='grc' dir='ltr'>σομένων</span> <span class='ocrx_word' id='word_1_169' title='bbox 443 2170 500 2222; x_wconf 77' lang='grc' dir='ltr'>δὲ</span> <span class='ocrx_word' id='word_1_170' title='bbox 541 2168 720 2224; x_wconf 77' lang='grc' dir='ltr'>αὐτῶν</span> <span class='ocrx_word' id='word_1_171' title='bbox 746 2169 842 2223; x_wconf 73' lang='grc' dir='ltr'>καὶ</span> <span class='ocrx_word' id='word_1_172' title='bbox 888 2165 1373 2238; x_wconf 58' lang='grc' dir='ltr'>βλασςτημούντων,</span> <span class='ocrx_word' id='word_1_173' title='bbox 1428 2166 1733 2230; x_wconf 78' lang='grc' dir='ltr'>ἑκτειναξά-</span> 
     </span>
    </p>
   </div>
   <div class='ocr_carea' id='block_1_30' title="bbox 164 2250 1735 2331">
    <p class='ocr_par' dir='ltr' id='par_1_30' title="bbox 164 2250 1735 2331">
     <span class='ocr_line' id='line_1_30' title="bbox 164 2250 1735 2331; baseline -0.003 -17"><span class='ocrx_word' id='word_1_174' title='bbox 164 2279 322 2331; x_wconf 87' lang='grc' dir='ltr'>μενος</span> <span class='ocrx_word' id='word_1_175' title='bbox 353 2263 420 2314; x_wconf 85' lang='grc' dir='ltr'><strong><em>τά</em></strong></span> <span class='ocrx_word' id='word_1_176' title='bbox 446 2262 637 2331; x_wconf 80' lang='grc' dir='ltr'>ἱμάτια</span> <span class='ocrx_word' id='word_1_177' title='bbox 663 2260 851 2324; x_wconf 78' lang='grc' dir='ltr'>αὑτοῦ,</span> <span class='ocrx_word' id='word_1_178' title='bbox 876 2256 996 2312; x_wconf 75' lang='grc' dir='ltr'>εἶπε</span> <span class='ocrx_word' id='word_1_179' title='bbox 1021 2258 1158 2329; x_wconf 77' lang='grc' dir='ltr'>πρὸς</span> <span class='ocrx_word' id='word_1_180' title='bbox 1180 2256 1375 2320; x_wconf 84' lang='grc' dir='ltr'>αὐτούς</span> <span class='ocrx_word' id='word_1_181' title='bbox 1396 2273 1411 2288; x_wconf 85' lang='grc'><em>’</em></span> <span class='ocrx_word' id='word_1_182' title='bbox 1470 2256 1546 2309; x_wconf 78' lang='grc' dir='ltr'>Τὸ</span> <span class='ocrx_word' id='word_1_183' title='bbox 1596 2250 1735 2323; x_wconf 78' lang='grc' dir='ltr'>αἷμα</span> 
     </span>
    </p>
   </div>
   <div class='ocr_carea' id='block_1_31' title="bbox 163 2349 1735 2423">
    <p class='ocr_par' dir='ltr' id='par_1_31' title="bbox 163 2349 1735 2423">
     <span class='ocr_line' id='line_1_31' title="bbox 163 2349 1735 2423; baseline -0.003 -17"><span class='ocrx_word' id='word_1_184' title='bbox 163 2355 315 2423; x_wconf 81' lang='grc' dir='ltr'>ὑμῶν</span> <span class='ocrx_word' id='word_1_185' title='bbox 352 2353 449 2406; x_wconf 76' lang='grc' dir='ltr'><strong><em>ἐπὶ</em></strong></span> <span class='ocrx_word' id='word_1_186' title='bbox 474 2353 575 2423; x_wconf 80' lang='grc' dir='ltr'>τὴν</span> <span class='ocrx_word' id='word_1_187' title='bbox 601 2351 843 2422; x_wconf 73' lang='grc' dir='ltr'>κεφαλὴν</span> <span class='ocrx_word' id='word_1_188' title='bbox 902 2350 1088 2419; x_wconf 82' lang='grc' dir='ltr'>ὑμῶν·</span> <span class='ocrx_word' id='word_1_189' title='bbox 1147 2350 1387 2419; x_wconf 83' lang='grc' dir='ltr'>καθαρὸς</span> <span class='ocrx_word' id='word_1_190' title='bbox 1430 2349 1578 2418; x_wconf 68' lang='grc' dir='ltr'><strong><em>ἐγώ·</em></strong></span> <span class='ocrx_word' id='word_1_191' title='bbox 1627 2350 1735 2403; x_wconf 77' lang='grc' dir='ltr'><strong><em>ἀπὸ</em></strong></span> 
     </span>
    </p>
   </div>
   <div class='ocr_carea' id='block_1_32' title="bbox 158 2439 1732 2513">
    <p class='ocr_par' dir='ltr' id='par_1_32' title="bbox 158 2439 1732 2513">
     <span class='ocr_line' id='line_1_32' title="bbox 158 2439 1732 2513; baseline -0.004 -15"><span class='ocrx_word' id='word_1_192' title='bbox 158 2448 252 2498; x_wconf 82' lang='grc' dir='ltr'><strong><em>τοῦ</em></strong></span> <span class='ocrx_word' id='word_1_193' title='bbox 293 2445 392 2498; x_wconf 88' lang='grc' dir='ltr'><strong><em>νῦν</em></strong></span> <span class='ocrx_word' id='word_1_194' title='bbox 463 2447 543 2506; x_wconf 85' lang='grc' dir='ltr'><strong><em>είς</em></strong></span> <span class='ocrx_word' id='word_1_195' title='bbox 588 2444 657 2497; x_wconf 74' lang='grc' dir='ltr'>τὰ</span> <span class='ocrx_word' id='word_1_196' title='bbox 714 2442 840 2513; x_wconf 70' lang='grc' dir='ltr'>ἔθνη</span> <span class='ocrx_word' id='word_1_197' title='bbox 893 2441 1252 2512; x_wconf 68' lang='grc' dir='ltr'>πορεύσομαι.</span> <span class='ocrx_word' id='word_1_198' title='bbox 1322 2441 1433 2493; x_wconf 77' lang='grc' dir='ltr'><strong><em>Καὶ</em></strong></span> <span class='ocrx_word' id='word_1_199' title='bbox 1494 2439 1732 2509; x_wconf 71' lang='grc' dir='ltr'>μεταϐὰς</span> 
     </span>
    </p>
   </div>
   <div class='ocr_carea' id='block_1_33' title="bbox 162 2531 1731 2605">
    <p class='ocr_par' dir='ltr' id='par_1_33' title="bbox 162 2531 1731 2605">
     <span class='ocr_line' id='line_1_33' title="bbox 162 2531 1731 2605; baseline -0.005 -15"><span class='ocrx_word' id='word_1_200' title='bbox 162 2538 394 2602; x_wconf 78' lang='grc' dir='ltr'>ἐκεῖθεν,</span> <span class='ocrx_word' id='word_1_201' title='bbox 444 2534 696 2605; x_wconf 76' lang='grc' dir='ltr'>εἰσῆλθεν</span> <span class='ocrx_word' id='word_1_202' title='bbox 740 2535 821 2597; x_wconf 80' lang='grc' dir='ltr'><strong><em>είς</em></strong></span> <span class='ocrx_word' id='word_1_203' title='bbox 866 2533 1045 2586; x_wconf 85' lang='grc' dir='ltr'>οἰκίαν</span> <span class='ocrx_word' id='word_1_204' title='bbox 1098 2532 1245 2595; x_wconf 73' lang='grc' dir='ltr'>τινὸς</span> <span class='ocrx_word' id='word_1_205' title='bbox 1294 2531 1516 2600; x_wconf 83' lang='grc' dir='ltr'>ὀνόματι</span> <span class='ocrx_word' id='word_1_206' title='bbox 1572 2531 1731 2583; x_wconf 80' lang='grc' dir='ltr'>Τίτου</span> 
     </span>
    </p>
   </div>
   <div class='ocr_carea' id='block_1_34' title="bbox 178 2619 1733 2699">
    <p class='ocr_par' dir='ltr' id='par_1_34' title="bbox 178 2619 1733 2699">
     <span class='ocr_line' id='line_1_34' title="bbox 178 2619 1733 2699; baseline -0.004 -16"><span class='ocrx_word' id='word_1_207' title='bbox 178 2632 411 2683; x_wconf 71' lang='grc' dir='ltr'>Ἰούστου</span> <span class='ocrx_word' id='word_1_208' title='bbox 449 2628 742 2699; x_wconf 76' lang='grc' dir='ltr'>σεόομένου</span> <span class='ocrx_word' id='word_1_209' title='bbox 772 2628 864 2680; x_wconf 77' lang='grc' dir='ltr'>τὸν</span> <span class='ocrx_word' id='word_1_210' title='bbox 899 2625 1055 2691; x_wconf 75' lang='grc' dir='ltr'>Θεὸν,</span> <span class='ocrx_word' id='word_1_211' title='bbox 1084 2619 1146 2680; x_wconf 74' lang='grc' dir='ltr'><strong><em>οῦ</em></strong></span> <span class='ocrx_word' id='word_1_212' title='bbox 1178 2628 1210 2694; x_wconf 77' lang='grc' dir='ltr'><strong>ἡ</strong></span> <span class='ocrx_word' id='word_1_213' title='bbox 1233 2625 1380 2678; x_wconf 81' lang='grc' dir='ltr'>οίκία</span> <span class='ocrx_word' id='word_1_214' title='bbox 1402 2620 1471 2695; x_wconf 83' lang='grc' dir='ltr'>ἦν</span> <span class='ocrx_word' id='word_1_215' title='bbox 1504 2641 1733 2693; x_wconf 88' lang='grc' dir='ltr'>συνομο-</span> 
     </span>
    </p>
   </div>
   <div class='ocr_carea' id='block_1_35' title="bbox 168 2716 1734 2792">
    <p class='ocr_par' dir='ltr' id='par_1_35' title="bbox 168 2716 1734 2792">
     <span class='ocr_line' id='line_1_35' title="bbox 168 2716 1734 2792; baseline -0.005 -17"><span class='ocrx_word' id='word_1_216' title='bbox 168 2724 332 2792; x_wconf 69' lang='grc' dir='ltr'>ροῦσα</span> <span class='ocrx_word' id='word_1_217' title='bbox 368 2724 435 2792; x_wconf 79' lang='grc' dir='ltr'>τῇ</span> <span class='ocrx_word' id='word_1_218' title='bbox 486 2722 796 2789; x_wconf 80' lang='grc' dir='ltr'>συναγωγῇ.</span> <span class='ocrx_word' id='word_1_219' title='bbox 840 2719 1081 2789; x_wconf 77' lang='grc' dir='ltr'>Κρίσπος</span> <span class='ocrx_word' id='word_1_220' title='bbox 1128 2717 1185 2770; x_wconf 74' lang='grc' dir='ltr'>δὲ</span> <span class='ocrx_word' id='word_1_221' title='bbox 1215 2718 1244 2769; x_wconf 86' lang='lat'><strong><em>6</em></strong></span> <span class='ocrx_word' id='word_1_222' title='bbox 1286 2716 1734 2786; x_wconf 63' lang='grc' dir='ltr'>ἀρχισυνάγωγος</span> 
     </span>
    </p>
   </div>
   <div class='ocr_carea' id='block_1_36' title="bbox 165 2806 1736 2882">
    <p class='ocr_par' dir='ltr' id='par_1_36' title="bbox 165 2806 1736 2882">
     <span class='ocr_line' id='line_1_36' title="bbox 165 2806 1736 2882; baseline -0.004 -17"><span class='ocrx_word' id='word_1_223' title='bbox 165 2815 455 2866; x_wconf 78' lang='grc' dir='ltr'>ἐπίστευσε</span> <span class='ocrx_word' id='word_1_224' title='bbox 509 2812 588 2882; x_wconf 82' lang='grc' dir='ltr'><strong><em>τῷ</em></strong></span> <span class='ocrx_word' id='word_1_225' title='bbox 637 2812 825 2882; x_wconf 73' lang='grc' dir='ltr'>Κυρίῳ</span> <span class='ocrx_word' id='word_1_226' title='bbox 881 2810 980 2863; x_wconf 80' lang='grc' dir='ltr'>σὺν</span> <span class='ocrx_word' id='word_1_227' title='bbox 1016 2811 1124 2879; x_wconf 84' lang='grc' dir='ltr'><strong><em>ὅλῳ</em></strong></span> <span class='ocrx_word' id='word_1_228' title='bbox 1153 2807 1233 2877; x_wconf 81' lang='grc' dir='ltr'>τῷ</span> <span class='ocrx_word' id='word_1_229' title='bbox 1260 2808 1397 2876; x_wconf 80' lang='grc' dir='ltr'>οἴκῳ</span> <span class='ocrx_word' id='word_1_230' title='bbox 1421 2806 1610 2871; x_wconf 83' lang='grc' dir='ltr'>αὑτοῦ,</span> <span class='ocrx_word' id='word_1_231' title='bbox 1643 2808 1736 2859; x_wconf 72' lang='grc' dir='ltr'>καὶ</span> 
     </span>
    </p>
   </div>
   <div class='ocr_carea' id='block_1_37' title="bbox 166 2895 1736 2969">
    <p class='ocr_par' dir='ltr' id='par_1_37' title="bbox 166 2895 1736 2969">
     <span class='ocr_line' id='line_1_37' title="bbox 166 2895 1736 2969; baseline -0.004 -16"><span class='ocrx_word' id='word_1_232' title='bbox 166 2902 349 2955; x_wconf 71' lang='grc' dir='ltr'>πολλοὶ</span> <span class='ocrx_word' id='word_1_233' title='bbox 400 2901 506 2953; x_wconf 84' lang='grc' dir='ltr'>τῶν</span> <span class='ocrx_word' id='word_1_234' title='bbox 567 2898 871 2969; x_wconf 71' lang='grc' dir='ltr'>Κορινθίων</span> <span class='ocrx_word' id='word_1_235' title='bbox 931 2898 1264 2959; x_wconf 79' lang='grc' dir='ltr'>ἀκούσαντες</span> <span class='ocrx_word' id='word_1_236' title='bbox 1315 2895 1601 2949; x_wconf 71' lang='grc' dir='ltr'>ὶπίστευον</span> <span class='ocrx_word' id='word_1_237' title='bbox 1642 2897 1736 2947; x_wconf 79' lang='grc' dir='ltr'>καὶ</span> 
     </span>
    </p>
   </div>
   <div class='ocr_carea' id='block_1_38' title="bbox 166 2984 1737 3056">
    <p class='ocr_par' dir='ltr' id='par_1_38' title="bbox 166 2984 1737 3056">
     <span class='ocr_line' id='line_1_38' title="bbox 166 2984 1737 3056; baseline -0.004 -13"><span class='ocrx_word' id='word_1_238' title='bbox 166 2990 543 3054; x_wconf 67' lang='grc' dir='ltr'>ἐϐαπτίζοντο.</span> <span class='ocrx_word' id='word_1_239' title='bbox 570 2984 708 3041; x_wconf 83' lang='grc' dir='ltr'>Εῐπε</span> <span class='ocrx_word' id='word_1_240' title='bbox 734 2988 789 3041; x_wconf 79' lang='grc' dir='ltr'>δὲ</span> <span class='ocrx_word' id='word_1_241' title='bbox 822 2990 851 3041; x_wconf 90' lang='lat'><strong><em>6</em></strong></span> <span class='ocrx_word' id='word_1_242' title='bbox 872 2986 1073 3056; x_wconf 78' lang='grc' dir='ltr'>Κύριος</span> <span class='ocrx_word' id='word_1_243' title='bbox 1103 2988 1161 3039; x_wconf 75' lang='grc' dir='ltr'>ὲν</span> <span class='ocrx_word' id='word_1_244' title='bbox 1192 2987 1347 3039; x_wconf 74' lang='grc' dir='ltr'>νυκτὶ</span> <span class='ocrx_word' id='word_1_245' title='bbox 1373 2984 1440 3037; x_wconf 80' lang='grc' dir='ltr'><strong><em>δι’</em></strong></span> <span class='ocrx_word' id='word_1_246' title='bbox 1460 2985 1737 3054; x_wconf 74' lang='grc' dir='ltr'>ὁράματος</span> 
     </span>
    </p>
   </div>
   <div class='ocr_carea' id='block_1_39' title="bbox 166 3076 1736 3153">
    <p class='ocr_par' dir='ltr' id='par_1_39' title="bbox 166 3076 1736 3153">
     <span class='ocr_line' id='line_1_39' title="bbox 166 3076 1736 3153; baseline -0.006 -17"><span class='ocrx_word' id='word_1_247' title='bbox 166 3085 240 3153; x_wconf 78' lang='grc' dir='ltr'>τῷ</span> <span class='ocrx_word' id='word_1_248' title='bbox 277 3084 479 3151; x_wconf 75' lang='grc' dir='ltr'>Παύλῳ</span> <span class='ocrx_word' id='word_1_249' title='bbox 500 3099 513 3111; x_wconf 92' lang='grc'><strong>·</strong></span> <span class='ocrx_word' id='word_1_250' title='bbox 563 3081 655 3149; x_wconf 79' lang='grc' dir='ltr'><strong><em>Μὴ</em></strong></span> <span class='ocrx_word' id='word_1_251' title='bbox 686 3080 874 3149; x_wconf 73' lang='grc' dir='ltr'>φοόοῦ,</span> <span class='ocrx_word' id='word_1_252' title='bbox 906 3079 1043 3133; x_wconf 69' lang='grc' dir='ltr'>ἀλλὰ</span> <span class='ocrx_word' id='word_1_253' title='bbox 1096 3078 1269 3143; x_wconf 83' lang='grc' dir='ltr'>λάλει,</span> <span class='ocrx_word' id='word_1_254' title='bbox 1302 3081 1395 3130; x_wconf 71' lang='grc' dir='ltr'>καὶ</span> <span class='ocrx_word' id='word_1_255' title='bbox 1421 3078 1497 3148; x_wconf 78' lang='grc' dir='ltr'>μὴ</span> <span class='ocrx_word' id='word_1_256' title='bbox 1528 3076 1736 3146; x_wconf 85' lang='grc' dir='ltr'>σιωπή-</span> 
     </span>
    </p>
   </div>
   <div class='ocr_carea' id='block_1_40' title="bbox 1827 1164 3402 1239">
    <p class='ocr_par' dir='ltr' id='par_1_40' title="bbox 1827 1164 3402 1239">
     <span class='ocr_line' id='line_1_40' title="bbox 1827 1164 3402 1239; baseline -0.002 -16"><span class='ocrx_word' id='word_1_257' title='bbox 1827 1169 2100 1238; x_wconf 79' lang='lat' dir='ltr'><strong><em>Aquilam,</em></strong></span> <span class='ocrx_word' id='word_1_258' title='bbox 2129 1168 2415 1224; x_wconf 82' lang='lat' dir='ltr'><strong><em>Ponticum</em></strong></span> <span class='ocrx_word' id='word_1_259' title='bbox 2429 1182 2645 1239; x_wconf 85' lang='lat' dir='ltr'><strong><em>genere,</em></strong></span> <span class='ocrx_word' id='word_1_260' title='bbox 2673 1168 2765 1237; x_wconf 85' lang='lat' dir='ltr'><strong><em>qui</em></strong></span> <span class='ocrx_word' id='word_1_261' title='bbox 2781 1182 2953 1239; x_wconf 90' lang='lat' dir='ltr'><strong><em>nuper</em></strong></span> <span class='ocrx_word' id='word_1_262' title='bbox 2974 1168 3282 1223; x_wconf 80' lang='lat' dir='ltr'><strong><em>veneratab</em></strong></span> <span class='ocrx_word' id='word_1_263' title='bbox 3300 1164 3402 1220; x_wconf 64' lang='lat' dir='ltr'><strong><em>Ita-</em></strong></span> 
     </span>
    </p>
   </div>
   <div class='ocr_carea' id='block_1_41' title="bbox 1830 1258 3404 1329">
    <p class='ocr_par' dir='ltr' id='par_1_41' title="bbox 1830 1258 3404 1329">
     <span class='ocr_line' id='line_1_41' title="bbox 1830 1258 3404 1329; baseline -0.002 -15"><span class='ocrx_word' id='word_1_264' title='bbox 1830 1260 1922 1326; x_wconf 92' lang='lat' dir='ltr'><strong><em>lia,</em></strong></span> <span class='ocrx_word' id='word_1_265' title='bbox 1955 1268 2009 1315; x_wconf 91' lang='lat' dir='ltr'><strong><em>et</em></strong></span> <span class='ocrx_word' id='word_1_266' title='bbox 2034 1258 2339 1316; x_wconf 75' lang='lat' dir='ltr'><strong><em>Priscillam</em></strong></span> <span class='ocrx_word' id='word_1_267' title='bbox 2361 1273 2584 1315; x_wconf 80' lang='lat' dir='ltr'><strong><em>uxorem</em></strong></span> <span class='ocrx_word' id='word_1_268' title='bbox 2611 1258 2729 1328; x_wconf 85' lang='lat' dir='ltr'><strong><em>ejus</em></strong></span> <span class='ocrx_word' id='word_1_269' title='bbox 2771 1259 2858 1329; x_wconf 89' lang='lat' dir='ltr'><strong><em>(eo</em></strong></span> <span class='ocrx_word' id='word_1_270' title='bbox 2880 1259 3023 1327; x_wconf 89' lang='lat' dir='ltr'><strong><em>quod</em></strong></span> <span class='ocrx_word' id='word_1_271' title='bbox 3057 1259 3404 1328; x_wconf 66' lang='lat' dir='ltr'><strong><em>praecepi-set</em></strong></span> 
     </span>
    </p>
   </div>
   <div class='ocr_carea' id='block_1_42' title="bbox 1829 1348 3401 1421">
    <p class='ocr_par' dir='ltr' id='par_1_42' title="bbox 1829 1348 3401 1421">
     <span class='ocr_line' id='line_1_42' title="bbox 1829 1348 3401 1421; baseline -0.002 -13"><span class='ocrx_word' id='word_1_272' title='bbox 1829 1352 2093 1408; x_wconf 83' lang='lat' dir='ltr'><strong><em>Claudius</em></strong></span> <span class='ocrx_word' id='word_1_273' title='bbox 2125 1352 2411 1409; x_wconf 73' lang='lat' dir='ltr'><strong><em>discedere</em></strong></span> <span class='ocrx_word' id='word_1_274' title='bbox 2437 1365 2625 1407; x_wconf 90' lang='lat' dir='ltr'><strong><em>omnes</em></strong></span> <span class='ocrx_word' id='word_1_275' title='bbox 2654 1348 2875 1406; x_wconf 70' lang='lat' dir='ltr'><strong><em>Judmos</em></strong></span> <span class='ocrx_word' id='word_1_276' title='bbox 2904 1366 2935 1406; x_wconf 88' lang='lat' dir='ltr'><strong><em>a</em></strong></span> <span class='ocrx_word' id='word_1_277' title='bbox 2967 1348 3183 1421; x_wconf 76' lang='lat' dir='ltr'><strong><em>Roma),</em></strong></span> <span class='ocrx_word' id='word_1_278' title='bbox 3211 1365 3401 1406; x_wconf 83' lang='lat' dir='ltr'><strong><em>acces-</em></strong></span> 
     </span>
    </p>
   </div>
   <div class='ocr_carea' id='block_1_43' title="bbox 1829 1439 3403 1512">
    <p class='ocr_par' dir='ltr' id='par_1_43' title="bbox 1829 1439 3403 1512">
     <span class='ocr_line' id='line_1_43' title="bbox 1829 1439 3403 1512; baseline -0.003 -15"><span class='ocrx_word' id='word_1_279' title='bbox 1829 1442 1901 1497; x_wconf 88' lang='lat' dir='ltr'><strong><em>sit</em></strong></span> <span class='ocrx_word' id='word_1_280' title='bbox 1925 1442 1992 1496; x_wconf 80' lang='lat' dir='ltr'><strong><em>ad</em></strong></span> <span class='ocrx_word' id='word_1_281' title='bbox 2025 1456 2143 1497; x_wconf 90' lang='lat' dir='ltr'><strong><em>eos.</em></strong></span> <span class='ocrx_word' id='word_1_282' title='bbox 2204 1442 2267 1496; x_wconf 85' lang='lat' dir='ltr'><strong><em>Et</em></strong></span> <span class='ocrx_word' id='word_1_283' title='bbox 2315 1446 2443 1512; x_wconf 82' lang='lat' dir='ltr'><strong><em>quia</em></strong></span> <span class='ocrx_word' id='word_1_284' title='bbox 2490 1440 2734 1511; x_wconf 75' lang='lat' dir='ltr'><strong><em>ejusdem</em></strong></span> <span class='ocrx_word' id='word_1_285' title='bbox 2778 1449 2897 1494; x_wconf 87' lang='lat' dir='ltr'><strong><em>erat</em></strong></span> <span class='ocrx_word' id='word_1_286' title='bbox 2944 1440 3102 1504; x_wconf 87' lang='lat' dir='ltr'><strong><em>artis,</em></strong></span> <span class='ocrx_word' id='word_1_287' title='bbox 3150 1439 3403 1494; x_wconf 81' lang='lat' dir='ltr'><strong><em>manebat</em></strong></span> 
     </span>
    </p>
   </div>
   <div class='ocr_carea' id='block_1_44' title="bbox 1829 1531 3398 1605">
    <p class='ocr_par' dir='ltr' id='par_1_44' title="bbox 1829 1531 3398 1605">
     <span class='ocr_line' id='line_1_44' title="bbox 1829 1531 3398 1605; baseline -0.002 -17"><span class='ocrx_word' id='word_1_288' title='bbox 1829 1533 1972 1604; x_wconf 84' lang='lat' dir='ltr'><strong><em>apud</em></strong></span> <span class='ocrx_word' id='word_1_289' title='bbox 2008 1549 2105 1590; x_wconf 87' lang='lat' dir='ltr'><strong><em>eos</em></strong></span> <span class='ocrx_word' id='word_1_290' title='bbox 2141 1545 2195 1590; x_wconf 89' lang='lat' dir='ltr'><strong><em>et</em></strong></span> <span class='ocrx_word' id='word_1_291' title='bbox 2224 1534 2554 1605; x_wconf 82' lang='lat' dir='ltr'><strong><em>operabatur</em></strong></span> <span class='ocrx_word' id='word_1_292' title='bbox 2585 1534 2763 1603; x_wconf 88' lang='lat' dir='ltr'><strong><em>(erant</em></strong></span> <span class='ocrx_word' id='word_1_293' title='bbox 2815 1540 2997 1587; x_wconf 91' lang='lat' dir='ltr'><strong><em>autem</em></strong></span> <span class='ocrx_word' id='word_1_294' title='bbox 3054 1531 3398 1588; x_wconf 81' lang='lat' dir='ltr'><strong><em>scenol‘acto-</em></strong></span> 
     </span>
    </p>
   </div>
   <div class='ocr_carea' id='block_1_45' title="bbox 1831 1625 3401 1698">
    <p class='ocr_par' dir='ltr' id='par_1_45' title="bbox 1831 1625 3401 1698">
     <span class='ocr_line' id='line_1_45' title="bbox 1831 1625 3401 1698; baseline 0.001 -17"><span class='ocrx_word' id='word_1_295' title='bbox 1831 1627 1927 1681; x_wconf 74' lang='lat' dir='ltr'><strong><em>riae</em></strong></span> <span class='ocrx_word' id='word_1_296' title='bbox 1956 1625 2139 1698; x_wconf 83' lang='lat' dir='ltr'><strong><em>artis).</em></strong></span> <span class='ocrx_word' id='word_1_297' title='bbox 2190 1628 2255 1683; x_wconf 87' lang='lat' dir='ltr'><strong><em>Et</em></strong></span> <span class='ocrx_word' id='word_1_298' title='bbox 2302 1627 2617 1698; x_wconf 84' lang='lat' dir='ltr'><strong><em>disputabat</em></strong></span> <span class='ocrx_word' id='word_1_299' title='bbox 2662 1631 2716 1682; x_wconf 89' lang='lat' dir='ltr'><strong><em>in</em></strong></span> <span class='ocrx_word' id='word_1_300' title='bbox 2760 1641 3034 1698; x_wconf 81' lang='lat' dir='ltr'><strong><em>synagoga</em></strong></span> <span class='ocrx_word' id='word_1_301' title='bbox 3101 1642 3198 1697; x_wconf 90' lang='lat' dir='ltr'><strong><em>per</em></strong></span> <span class='ocrx_word' id='word_1_302' title='bbox 3239 1639 3401 1682; x_wconf 82' lang='lat' dir='ltr'><strong><em>omne</em></strong></span> 
     </span>
    </p>
   </div>
   <div class='ocr_carea' id='block_1_46' title="bbox 1833 1715 3400 1786">
    <p class='ocr_par' dir='ltr' id='par_1_46' title="bbox 1833 1715 3400 1786">
     <span class='ocr_line' id='line_1_46' title="bbox 1833 1715 3400 1786; baseline 0 -16"><span class='ocrx_word' id='word_1_303' title='bbox 1833 1715 2157 1783; x_wconf 90' lang='lat' dir='ltr'><strong><em>Sabbatum,</em></strong></span> <span class='ocrx_word' id='word_1_304' title='bbox 2194 1717 2547 1786; x_wconf 85' lang='lat' dir='ltr'><strong><em>interponens</em></strong></span> <span class='ocrx_word' id='word_1_305' title='bbox 2599 1732 2793 1773; x_wconf 82' lang='lat' dir='ltr'><strong><em>nomen</em></strong></span> <span class='ocrx_word' id='word_1_306' title='bbox 2827 1716 3039 1773; x_wconf 83' lang='lat' dir='ltr'><strong><em>Domini</em></strong></span> <span class='ocrx_word' id='word_1_307' title='bbox 3082 1716 3234 1781; x_wconf 83' lang='lat' dir='ltr'><strong><em>Jesn,</em></strong></span> <span class='ocrx_word' id='word_1_308' title='bbox 3272 1732 3400 1773; x_wconf 86' lang='lat' dir='ltr'><strong><em>sua-</em></strong></span> 
     </span>
    </p>
   </div>
   <div class='ocr_carea' id='block_1_47' title="bbox 1832 1807 3400 1878">
    <p class='ocr_par' dir='ltr' id='par_1_47' title="bbox 1832 1807 3400 1878">
     <span class='ocr_line' id='line_1_47' title="bbox 1832 1807 3400 1878; baseline 0.001 -16"><span class='ocrx_word' id='word_1_309' title='bbox 1832 1808 2104 1878; x_wconf 88' lang='lat' dir='ltr'><strong><em>debatque</em></strong></span> <span class='ocrx_word' id='word_1_310' title='bbox 2144 1807 2349 1864; x_wconf 79' lang='lat' dir='ltr'><strong><em>Judteis</em></strong></span> <span class='ocrx_word' id='word_1_311' title='bbox 2389 1817 2444 1864; x_wconf 91' lang='lat' dir='ltr'><strong><em>et</em></strong></span> <span class='ocrx_word' id='word_1_312' title='bbox 2488 1807 2717 1865; x_wconf 70' lang='lat' dir='ltr'><strong><em>Graecis.</em></strong></span> <span class='ocrx_word' id='word_1_313' title='bbox 2745 1809 2879 1864; x_wconf 87' lang='lat' dir='ltr'><strong><em>Cum</em></strong></span> <span class='ocrx_word' id='word_1_314' title='bbox 2912 1809 3193 1865; x_wconf 77' lang='lat' dir='ltr'><strong><em>venissent</em></strong></span> <span class='ocrx_word' id='word_1_315' title='bbox 3220 1817 3400 1866; x_wconf 87' lang='lat' dir='ltr'><strong><em>autem</em></strong></span> 
     </span>
    </p>
   </div>
   <div class='ocr_carea' id='block_1_48' title="bbox 1833 1898 3402 1965">
    <p class='ocr_par' dir='ltr' id='par_1_48' title="bbox 1833 1898 3402 1965">
     <span class='ocr_line' id='line_1_48' title="bbox 1833 1898 3402 1965; baseline -0.001 -9"><span class='ocrx_word' id='word_1_316' title='bbox 1833 1900 1899 1956; x_wconf 88' lang='lat' dir='ltr'><strong><em>de</em></strong></span> <span class='ocrx_word' id='word_1_317' title='bbox 1926 1898 2242 1957; x_wconf 77' lang='lat' dir='ltr'><strong><em>Macedonia</em></strong></span> <span class='ocrx_word' id='word_1_318' title='bbox 2288 1900 2432 1955; x_wconf 88' lang='lat' dir='ltr'><strong><em>Silas</em></strong></span> <span class='ocrx_word' id='word_1_319' title='bbox 2475 1910 2528 1956; x_wconf 88' lang='lat' dir='ltr'><strong><em>et</em></strong></span> <span class='ocrx_word' id='word_1_320' title='bbox 2580 1899 2918 1965; x_wconf 80' lang='lat' dir='ltr'><strong><em>Timetlieus,</em></strong></span> <span class='ocrx_word' id='word_1_321' title='bbox 2955 1898 3193 1956; x_wconf 82' lang='lat' dir='ltr'><strong><em>instabat</em></strong></span> <span class='ocrx_word' id='word_1_322' title='bbox 3237 1899 3402 1955; x_wconf 81' lang='lat' dir='ltr'><strong><em>verbo</em></strong></span> 
     </span>
    </p>
   </div>
   <div class='ocr_carea' id='block_1_49' title="bbox 1834 1989 3399 2060">
    <p class='ocr_par' dir='ltr' id='par_1_49' title="bbox 1834 1989 3399 2060">
     <span class='ocr_line' id='line_1_49' title="bbox 1834 1989 3399 2060; baseline -0.001 -13"><span class='ocrx_word' id='word_1_323' title='bbox 1834 1994 2057 2060; x_wconf 86' lang='lat' dir='ltr'><strong><em>Paulus,</em></strong></span> <span class='ocrx_word' id='word_1_324' title='bbox 2100 1993 2400 2048; x_wconf 81' lang='lat' dir='ltr'><strong><em>testiﬁcans</em></strong></span> <span class='ocrx_word' id='word_1_325' title='bbox 2443 1990 2648 2048; x_wconf 78' lang='lat' dir='ltr'><strong><em>Judaeis</em></strong></span> <span class='ocrx_word' id='word_1_326' title='bbox 2691 2007 2816 2048; x_wconf 88' lang='lat' dir='ltr'><strong><em>esse</em></strong></span> <span class='ocrx_word' id='word_1_327' title='bbox 2861 1991 3141 2048; x_wconf 89' lang='lat' dir='ltr'><strong><em>Christum</em></strong></span> <span class='ocrx_word' id='word_1_328' title='bbox 3191 1989 3399 2047; x_wconf 81' lang='lat' dir='ltr'><strong><em>Jesum.</em></strong></span> 
     </span>
    </p>
   </div>
   <div class='ocr_carea' id='block_1_50' title="bbox 1834 2074 3401 2153">
    <p class='ocr_par' dir='ltr' id='par_1_50' title="bbox 1834 2074 3401 2153">
     <span class='ocr_line' id='line_1_50' title="bbox 1834 2074 3401 2153; baseline -0.001 -13"><span class='ocrx_word' id='word_1_329' title='bbox 1834 2074 2345 2140; x_wconf 87' lang='lat' dir='ltr'><strong><em>Contradicentibus</em></strong></span> <span class='ocrx_word' id='word_1_330' title='bbox 2387 2094 2565 2140; x_wconf 84' lang='lat' dir='ltr'><strong><em>autem</em></strong></span> <span class='ocrx_word' id='word_1_331' title='bbox 2613 2083 2693 2139; x_wconf 86' lang='lat' dir='ltr'><strong><em>eis</em></strong></span> <span class='ocrx_word' id='word_1_332' title='bbox 2748 2091 2802 2138; x_wconf 91' lang='lat' dir='ltr'><strong><em>et</em></strong></span> <span class='ocrx_word' id='word_1_333' title='bbox 2871 2082 3401 2153; x_wconf 85' lang='lat' dir='ltr'><strong><em>biaspbemantibus,</em></strong></span> 
     </span>
    </p>
   </div>
   <div class='ocr_carea' id='block_1_51' title="bbox 1834 2173 3403 2247">
    <p class='ocr_par' dir='ltr' id='par_1_51' title="bbox 1834 2173 3403 2247">
     <span class='ocr_line' id='line_1_51' title="bbox 1834 2173 3403 2247; baseline 0 -16"><span class='ocrx_word' id='word_1_334' title='bbox 1834 2179 2117 2233; x_wconf 81' lang='lat' dir='ltr'><strong><em>excutiens</em></strong></span> <span class='ocrx_word' id='word_1_335' title='bbox 2166 2176 2494 2231; x_wconf 84' lang='lat' dir='ltr'><strong><em>vestimenta</em></strong></span> <span class='ocrx_word' id='word_1_336' title='bbox 2543 2190 2664 2239; x_wconf 80' lang='lat' dir='ltr'><strong><em>sun,</em></strong></span> <span class='ocrx_word' id='word_1_337' title='bbox 2697 2174 2835 2230; x_wconf 77' lang='lat' dir='ltr'><strong><em>dixit</em></strong></span> <span class='ocrx_word' id='word_1_338' title='bbox 2874 2174 2940 2229; x_wconf 89' lang='lat' dir='ltr'><strong><em>ad</em></strong></span> <span class='ocrx_word' id='word_1_339' title='bbox 2976 2189 3118 2230; x_wconf 84' lang='lat' dir='ltr'><strong><em>eos:</em></strong></span> <span class='ocrx_word' id='word_1_340' title='bbox 3167 2173 3403 2247; x_wconf 84' lang='lat' dir='ltr'><strong><em>Sanguis</em></strong></span> 
     </span>
    </p>
   </div>
   <div class='ocr_carea' id='block_1_52' title="bbox 1836 2263 3402 2338">
    <p class='ocr_par' dir='ltr' id='par_1_52' title="bbox 1836 2263 3402 2338">
     <span class='ocr_line' id='line_1_52' title="bbox 1836 2263 3402 2338; baseline 0 -17"><span class='ocrx_word' id='word_1_341' title='bbox 1836 2275 2020 2321; x_wconf 83' lang='lat' dir='ltr'><strong><em>vester</em></strong></span> <span class='ocrx_word' id='word_1_342' title='bbox 2052 2281 2218 2336; x_wconf 87' lang='lat' dir='ltr'><strong><em>super</em></strong></span> <span class='ocrx_word' id='word_1_343' title='bbox 2247 2276 2412 2338; x_wconf 83' lang='lat' dir='ltr'><strong><em>caput</em></strong></span> <span class='ocrx_word' id='word_1_344' title='bbox 2441 2272 2682 2322; x_wconf 82' lang='lat' dir='ltr'><strong><em>vestrum</em></strong></span> <span class='ocrx_word' id='word_1_345' title='bbox 2708 2280 2725 2318; x_wconf 90' lang='lat'><strong>:</strong></span> <span class='ocrx_word' id='word_1_346' title='bbox 2771 2263 3009 2320; x_wconf 85' lang='lat' dir='ltr'><strong><em>mundus</em></strong></span> <span class='ocrx_word' id='word_1_347' title='bbox 3041 2280 3163 2337; x_wconf 88' lang='lat' dir='ltr'><strong><em>ego,</em></strong></span> <span class='ocrx_word' id='word_1_348' title='bbox 3196 2280 3264 2322; x_wconf 78' lang='lat' dir='ltr'><strong><em>ex</em></strong></span> <span class='ocrx_word' id='word_1_349' title='bbox 3300 2266 3402 2321; x_wconf 91' lang='lat' dir='ltr'><strong><em>hoc</em></strong></span> 
     </span>
    </p>
   </div>
   <div class='ocr_carea' id='block_1_53' title="bbox 1836 2352 3405 2427">
    <p class='ocr_par' dir='ltr' id='par_1_53' title="bbox 1836 2352 3405 2427">
     <span class='ocr_line' id='line_1_53' title="bbox 1836 2352 3405 2427; baseline 0 -18"><span class='ocrx_word' id='word_1_350' title='bbox 1836 2354 1902 2409; x_wconf 83' lang='lat' dir='ltr'><strong><em>ad</em></strong></span> <span class='ocrx_word' id='word_1_351' title='bbox 1927 2364 2116 2425; x_wconf 82' lang='lat' dir='ltr'><strong><em>gentes</em></strong></span> <span class='ocrx_word' id='word_1_352' title='bbox 2150 2355 2365 2409; x_wconf 85' lang='lat' dir='ltr'><strong><em>vadam.</em></strong></span> <span class='ocrx_word' id='word_1_353' title='bbox 2398 2354 2461 2409; x_wconf 87' lang='lat' dir='ltr'><strong><em>Et</em></strong></span> <span class='ocrx_word' id='word_1_354' title='bbox 2492 2356 2733 2427; x_wconf 83' lang='lat' dir='ltr'><strong><em>migrans</em></strong></span> <span class='ocrx_word' id='word_1_355' title='bbox 2760 2352 2911 2421; x_wconf 85' lang='lat' dir='ltr'><strong><em>inde,</em></strong></span> <span class='ocrx_word' id='word_1_356' title='bbox 2944 2353 3167 2409; x_wconf 77' lang='lat' dir='ltr'><strong><em>intravit</em></strong></span> <span class='ocrx_word' id='word_1_357' title='bbox 3208 2353 3264 2409; x_wconf 90' lang='lat' dir='ltr'><strong><em>in</em></strong></span> <span class='ocrx_word' id='word_1_358' title='bbox 3305 2354 3405 2410; x_wconf 89' lang='lat' dir='ltr'><strong><em>do-</em></strong></span> 
     </span>
    </p>
   </div>
   <div class='ocr_carea' id='block_1_54' title="bbox 1838 2444 3402 2517">
    <p class='ocr_par' dir='ltr' id='par_1_54' title="bbox 1838 2444 3402 2517">
     <span class='ocr_line' id='line_1_54' title="bbox 1838 2444 3402 2517; baseline -0.003 -15"><span class='ocrx_word' id='word_1_359' title='bbox 1838 2464 1985 2502; x_wconf 87' lang='lat' dir='ltr'><strong><em>mum</em></strong></span> <span class='ocrx_word' id='word_1_360' title='bbox 2020 2447 2329 2517; x_wconf 83' lang='lat' dir='ltr'><strong><em>cujusdam,</em></strong></span> <span class='ocrx_word' id='word_1_361' title='bbox 2362 2447 2580 2503; x_wconf 84' lang='lat' dir='ltr'><strong><em>nomine</em></strong></span> <span class='ocrx_word' id='word_1_362' title='bbox 2603 2444 2714 2501; x_wconf 85' lang='lat' dir='ltr'><strong><em>Titi</em></strong></span> <span class='ocrx_word' id='word_1_363' title='bbox 2741 2445 2906 2511; x_wconf 86' lang='lat' dir='ltr'><strong><em>Justi,</em></strong></span> <span class='ocrx_word' id='word_1_364' title='bbox 2944 2444 3173 2502; x_wconf 88' lang='lat' dir='ltr'><strong><em>colentis</em></strong></span> <span class='ocrx_word' id='word_1_365' title='bbox 3211 2446 3402 2510; x_wconf 88' lang='lat' dir='ltr'><strong><em>Deum,</em></strong></span> 
     </span>
    </p>
   </div>
   <div class='ocr_carea' id='block_1_55' title="bbox 1835 2538 3395 2611">
    <p class='ocr_par' dir='ltr' id='par_1_55' title="bbox 1835 2538 3395 2611">
     <span class='ocr_line' id='line_1_55' title="bbox 1835 2538 3395 2611; baseline -0.002 -15"><span class='ocrx_word' id='word_1_366' title='bbox 1835 2541 1992 2610; x_wconf 85' lang='lat' dir='ltr'><strong><em>cujus</em></strong></span> <span class='ocrx_word' id='word_1_367' title='bbox 2037 2540 2234 2596; x_wconf 87' lang='lat' dir='ltr'><strong><em>domus</em></strong></span> <span class='ocrx_word' id='word_1_368' title='bbox 2279 2549 2398 2596; x_wconf 79' lang='lat' dir='ltr'><strong><em>erat</em></strong></span> <span class='ocrx_word' id='word_1_369' title='bbox 2451 2540 2740 2611; x_wconf 84' lang='lat' dir='ltr'><strong><em>conjuncta</em></strong></span> <span class='ocrx_word' id='word_1_370' title='bbox 2794 2554 3105 2611; x_wconf 61' lang='lat' dir='ltr'><strong><em>synagogas.</em></strong></span> <span class='ocrx_word' id='word_1_371' title='bbox 3165 2538 3395 2609; x_wconf 86' lang='lat' dir='ltr'><strong><em>Crispus</em></strong></span> 
     </span>
    </p>
   </div>
   <div class='ocr_carea' id='block_1_56' title="bbox 1838 2630 3404 2704">
    <p class='ocr_par' dir='ltr' id='par_1_56' title="bbox 1838 2630 3404 2704">
     <span class='ocr_line' id='line_1_56' title="bbox 1838 2630 3404 2704; baseline -0.001 -18"><span class='ocrx_word' id='word_1_372' title='bbox 1838 2641 2018 2688; x_wconf 88' lang='lat' dir='ltr'><strong><em>autem</em></strong></span> <span class='ocrx_word' id='word_1_373' title='bbox 2061 2632 2531 2704; x_wconf 84' lang='lat' dir='ltr'><strong><em>archisynagogus</em></strong></span> <span class='ocrx_word' id='word_1_374' title='bbox 2565 2630 2799 2686; x_wconf 88' lang='lat' dir='ltr'><strong><em>credidit</em></strong></span> <span class='ocrx_word' id='word_1_375' title='bbox 2837 2630 3066 2686; x_wconf 91' lang='lat' dir='ltr'><strong><em>Domino</em></strong></span> <span class='ocrx_word' id='word_1_376' title='bbox 3100 2647 3222 2686; x_wconf 90' lang='lat' dir='ltr'><strong><em>cum</em></strong></span> <span class='ocrx_word' id='word_1_377' title='bbox 3256 2630 3404 2687; x_wconf 90' lang='lat' dir='ltr'><strong><em>omni</em></strong></span> 
     </span>
    </p>
   </div>
   <div class='ocr_carea' id='block_1_57' title="bbox 1837 2720 3405 2780">
    <p class='ocr_par' dir='ltr' id='par_1_57' title="bbox 1837 2720 3405 2780">
     <span class='ocr_line' id='line_1_57' title="bbox 1837 2720 3405 2780; baseline -0.002 -3"><span class='ocrx_word' id='word_1_378' title='bbox 1837 2725 2001 2778; x_wconf 90' lang='lat' dir='ltr'><strong><em>domo</em></strong></span> <span class='ocrx_word' id='word_1_379' title='bbox 2041 2738 2140 2780; x_wconf 77' lang='lat' dir='ltr'><strong><em>sua</em></strong></span> <span class='ocrx_word' id='word_1_380' title='bbox 2176 2738 2189 2774; x_wconf 75' lang='grc' dir='ltr'><strong><em>ε</em></strong></span> <span class='ocrx_word' id='word_1_381' title='bbox 2220 2730 2275 2778; x_wconf 90' lang='lat' dir='ltr'><strong><em>et</em></strong></span> <span class='ocrx_word' id='word_1_382' title='bbox 2306 2722 2461 2777; x_wconf 90' lang='lat' dir='ltr'><strong><em>multi</em></strong></span> <span class='ocrx_word' id='word_1_383' title='bbox 2498 2720 2903 2777; x_wconf 86' lang='lat' dir='ltr'><strong><em>Corinthiorum</em></strong></span> <span class='ocrx_word' id='word_1_384' title='bbox 2956 2721 3243 2777; x_wconf 78' lang='lat' dir='ltr'><strong><em>audientes</em></strong></span> <span class='ocrx_word' id='word_1_385' title='bbox 3287 2736 3405 2775; x_wconf 90' lang='lat' dir='ltr'><strong><em>cre-</em></strong></span> 
     </span>
    </p>
   </div>
   <div class='ocr_carea' id='block_1_58' title="bbox 1838 2812 3405 2885">
    <p class='ocr_par' dir='ltr' id='par_1_58' title="bbox 1838 2812 3405 2885">
     <span class='ocr_line' id='line_1_58' title="bbox 1838 2812 3405 2885; baseline 0 -17"><span class='ocrx_word' id='word_1_386' title='bbox 1838 2815 2037 2870; x_wconf 89' lang='lat' dir='ltr'><strong><em>debant</em></strong></span> <span class='ocrx_word' id='word_1_387' title='bbox 2089 2824 2145 2870; x_wconf 71' lang='lat' dir='ltr'><strong><em>et</em></strong></span> <span class='ocrx_word' id='word_1_388' title='bbox 2199 2814 2636 2885; x_wconf 80' lang='lat' dir='ltr'><strong><em>baptizabantur.</em></strong></span> <span class='ocrx_word' id='word_1_389' title='bbox 2696 2812 2841 2867; x_wconf 77' lang='lat' dir='ltr'><strong><em>Dixit</em></strong></span> <span class='ocrx_word' id='word_1_390' title='bbox 2904 2823 3085 2869; x_wconf 83' lang='lat' dir='ltr'><strong><em>autem</em></strong></span> <span class='ocrx_word' id='word_1_391' title='bbox 3140 2812 3405 2868; x_wconf 82' lang='lat' dir='ltr'><strong><em>Dominus</em></strong></span> 
     </span>
    </p>
   </div>
   <div class='ocr_carea' id='block_1_59' title="bbox 1841 2902 3408 2974">
    <p class='ocr_par' dir='ltr' id='par_1_59' title="bbox 1841 2902 3408 2974">
     <span class='ocr_line' id='line_1_59' title="bbox 1841 2902 3408 2974; baseline -0.002 -14"><span class='ocrx_word' id='word_1_392' title='bbox 1841 2914 2001 2961; x_wconf 84' lang='lat' dir='ltr'><strong><em>nocte</em></strong></span> <span class='ocrx_word' id='word_1_393' title='bbox 2047 2920 2144 2974; x_wconf 87' lang='lat' dir='ltr'><strong><em>per</em></strong></span> <span class='ocrx_word' id='word_1_394' title='bbox 2191 2906 2457 2960; x_wconf 81' lang='lat' dir='ltr'><strong><em>visionem</em></strong></span> <span class='ocrx_word' id='word_1_395' title='bbox 2503 2903 2716 2959; x_wconf 87' lang='lat' dir='ltr'><strong><em>Paulo:</em></strong></span> <span class='ocrx_word' id='word_1_396' title='bbox 2769 2902 2889 2959; x_wconf 81' lang='lat' dir='ltr'><strong><em>Noli</em></strong></span> <span class='ocrx_word' id='word_1_397' title='bbox 2938 2905 3154 2968; x_wconf 85' lang='lat' dir='ltr'><strong><em>timere,</em></strong></span> <span class='ocrx_word' id='word_1_398' title='bbox 3189 2904 3287 2960; x_wconf 90' lang='lat' dir='ltr'><strong><em>sed</em></strong></span> <span class='ocrx_word' id='word_1_399' title='bbox 3330 2905 3408 2957; x_wconf 89' lang='lat' dir='ltr'><strong><em>lo-</em></strong></span> 
     </span>
    </p>
   </div>
   <div class='ocr_carea' id='block_1_60' title="bbox 1839 2993 3405 3066">
    <p class='ocr_par' dir='ltr' id='par_1_60' title="bbox 1839 2993 3405 3066">
     <span class='ocr_line' id='line_1_60' title="bbox 1839 2993 3405 3066; baseline 0.001 -18"><span class='ocrx_word' id='word_1_400' title='bbox 1839 3010 2028 3063; x_wconf 86' lang='lat' dir='ltr'><strong><em>quere,</em></strong></span> <span class='ocrx_word' id='word_1_401' title='bbox 2079 3005 2134 3049; x_wconf 89' lang='lat' dir='ltr'><strong><em>ct</em></strong></span> <span class='ocrx_word' id='word_1_402' title='bbox 2181 3010 2249 3050; x_wconf 89' lang='lat' dir='ltr'><strong><em>ne</em></strong></span> <span class='ocrx_word' id='word_1_403' title='bbox 2278 3005 2510 3051; x_wconf 84' lang='lat' dir='ltr'><strong><em>taceas:</em></strong></span> <span class='ocrx_word' id='word_1_404' title='bbox 2562 3003 2786 3065; x_wconf 85' lang='lat' dir='ltr'><strong><em>propter</em></strong></span> <span class='ocrx_word' id='word_1_405' title='bbox 2814 2993 2960 3064; x_wconf 88' lang='lat' dir='ltr'><strong><em>quod</em></strong></span> <span class='ocrx_word' id='word_1_406' title='bbox 3011 3010 3111 3066; x_wconf 87' lang='lat' dir='ltr'><strong><em>ego</em></strong></span> <span class='ocrx_word' id='word_1_407' title='bbox 3156 3009 3277 3050; x_wconf 87' lang='lat' dir='ltr'><strong><em>sum</em></strong></span> <span class='ocrx_word' id='word_1_408' title='bbox 3327 3005 3405 3049; x_wconf 87' lang='lat' dir='ltr'><strong><em>tc-</em></strong></span> 
     </span>
    </p>
   </div>
   <div class='ocr_carea' id='block_1_61' title="bbox 1840 3084 3403 3157">
    <p class='ocr_par' dir='ltr' id='par_1_61' title="bbox 1840 3084 3403 3157">
     <span class='ocr_line' id='line_1_61' title="bbox 1840 3084 3403 3157; baseline -0.001 -16"><span class='ocrx_word' id='word_1_409' title='bbox 1840 3101 1964 3141; x_wconf 90' lang='lat' dir='ltr'><strong><em>cum</em></strong></span> <span class='ocrx_word' id='word_1_410' title='bbox 2001 3104 2013 3139; x_wconf 86' lang='lat'><strong>:</strong></span> <span class='ocrx_word' id='word_1_411' title='bbox 2045 3096 2098 3142; x_wconf 89' lang='lat' dir='ltr'><strong><em>et</em></strong></span> <span class='ocrx_word' id='word_1_412' title='bbox 2144 3101 2304 3141; x_wconf 86' lang='lat' dir='ltr'><strong><em>nemo</em></strong></span> <span class='ocrx_word' id='word_1_413' title='bbox 2348 3095 2642 3157; x_wconf 82' lang='lat' dir='ltr'><strong><em>apponetur</em></strong></span> <span class='ocrx_word' id='word_1_414' title='bbox 2684 3084 2781 3141; x_wconf 87' lang='lat' dir='ltr'><strong><em>tibi</em></strong></span> <span class='ocrx_word' id='word_1_415' title='bbox 2825 3094 2885 3141; x_wconf 89' lang='lat' dir='ltr'><strong><em>ut</em></strong></span> <span class='ocrx_word' id='word_1_416' title='bbox 2914 3096 3113 3141; x_wconf 85' lang='lat' dir='ltr'><strong><em>noceat</em></strong></span> <span class='ocrx_word' id='word_1_417' title='bbox 3138 3095 3192 3141; x_wconf 90' lang='lat' dir='ltr'><strong><em>te</em></strong></span> <span class='ocrx_word' id='word_1_418' title='bbox 3220 3100 3236 3140; x_wconf 89' lang='lat'><strong>:</strong></span> <span class='ocrx_word' id='word_1_419' title='bbox 3268 3103 3403 3156; x_wconf 86' lang='lat' dir='ltr'><strong><em>quo-</em></strong></span> 
     </span>
    </p>
   </div>
   <div class='ocr_carea' id='block_1_62' title="bbox 170 3168 1739 3251">
    <p class='ocr_par' dir='ltr' id='par_1_62' title="bbox 170 3168 1732 3249">
     <span class='ocr_line' id='line_1_62' title="bbox 170 3168 1732 3249; baseline -0.006 -20"><span class='ocrx_word' id='word_1_420' title='bbox 170 3194 285 3249; x_wconf 74' lang='grc' dir='ltr'>σῃς,</span> <span class='ocrx_word' id='word_1_421' title='bbox 317 3176 454 3229; x_wconf 82' lang='grc' dir='ltr'>διότι</span> <span class='ocrx_word' id='word_1_422' title='bbox 483 3174 594 3242; x_wconf 77' lang='grc' dir='ltr'><strong><em>ἐγὼ</em></strong></span> <span class='ocrx_word' id='word_1_423' title='bbox 618 3175 731 3243; x_wconf 83' lang='grc' dir='ltr'>είμι</span> <span class='ocrx_word' id='word_1_424' title='bbox 769 3172 907 3242; x_wconf 79' lang='grc' dir='ltr'><strong><em>μετά</em></strong></span> <span class='ocrx_word' id='word_1_425' title='bbox 927 3171 1044 3234; x_wconf 85' lang='grc' dir='ltr'>σοῦ,</span> <span class='ocrx_word' id='word_1_426' title='bbox 1078 3172 1172 3224; x_wconf 77' lang='grc' dir='ltr'>καὶ</span> <span class='ocrx_word' id='word_1_427' title='bbox 1205 3170 1376 3233; x_wconf 73' lang='grc' dir='ltr'>οὐδεὶς</span> <span class='ocrx_word' id='word_1_428' title='bbox 1416 3168 1732 3234; x_wconf 76' lang='grc' dir='ltr'>ἐπιθήσεταί</span> 
     </span>
    </p>
   </div>
   <div class='ocr_carea' id='block_1_63' title="bbox 1840 3168 3400 3251">
    <p class='ocr_par' dir='ltr' id='par_1_63' title="bbox 1840 3176 3400 3248">
     <span class='ocr_line' id='line_1_63' title="bbox 1840 3176 3400 3248; baseline 0.001 -16"><span class='ocrx_word' id='word_1_429' title='bbox 1840 3179 1983 3233; x_wconf 83' lang='lat' dir='ltr'><strong><em>niani</em></strong></span> <span class='ocrx_word' id='word_1_430' title='bbox 2039 3177 2273 3248; x_wconf 88' lang='lat' dir='ltr'><strong><em>populus</em></strong></span> <span class='ocrx_word' id='word_1_431' title='bbox 2321 3187 2408 3233; x_wconf 87' lang='lat' dir='ltr'><strong><em>est</em></strong></span> <span class='ocrx_word' id='word_1_432' title='bbox 2462 3177 2591 3230; x_wconf 89' lang='lat' dir='ltr'><strong><em>mihi</em></strong></span> <span class='ocrx_word' id='word_1_433' title='bbox 2643 3176 2848 3232; x_wconf 89' lang='lat' dir='ltr'><strong><em>multus</em></strong></span> <span class='ocrx_word' id='word_1_434' title='bbox 2902 3178 2958 3231; x_wconf 90' lang='lat' dir='ltr'><strong><em>in</em></strong></span> <span class='ocrx_word' id='word_1_435' title='bbox 2998 3177 3101 3233; x_wconf 78' lang='lat' dir='ltr'><strong><em>hac</em></strong></span> <span class='ocrx_word' id='word_1_436' title='bbox 3157 3178 3400 3234; x_wconf 74' lang='lat' dir='ltr'><strong><em>civitate.</em></strong></span> 
     </span>
    </p>
   </div>
   <div class='ocr_carea' id='block_1_64' title="bbox 170 3259 1737 3330">
    <p class='ocr_par' dir='ltr' id='par_1_64' title="bbox 170 3259 1737 3330">
     <span class='ocr_line' id='line_1_64' title="bbox 170 3259 1737 3330; baseline -0.005 -10"><span class='ocrx_word' id='word_1_437' title='bbox 170 3286 247 3321; x_wconf 80' lang='grc' dir='ltr'><strong><em>σοι</em></strong></span> <span class='ocrx_word' id='word_1_438' title='bbox 276 3268 373 3320; x_wconf 79' lang='grc' dir='ltr'><strong><em>τοῦ</em></strong></span> <span class='ocrx_word' id='word_1_439' title='bbox 424 3265 671 3318; x_wconf 81' lang='grc' dir='ltr'>κακῶσαί</span> <span class='ocrx_word' id='word_1_440' title='bbox 706 3280 766 3315; x_wconf 86' lang='grc' dir='ltr'><strong><em>σε</em></strong></span> <span class='ocrx_word' id='word_1_441' title='bbox 788 3280 803 3293; x_wconf 88' lang='grc'><strong>·</strong></span> <span class='ocrx_word' id='word_1_442' title='bbox 842 3262 977 3315; x_wconf 85' lang='grc' dir='ltr'>διότι</span> <span class='ocrx_word' id='word_1_443' title='bbox 1028 3260 1155 3325; x_wconf 75' lang='grc' dir='ltr'>λαὸς</span> <span class='ocrx_word' id='word_1_444' title='bbox 1201 3260 1316 3313; x_wconf 76' lang='grc' dir='ltr'>ἔστι</span> <span class='ocrx_word' id='word_1_445' title='bbox 1348 3277 1440 3330; x_wconf 90' lang='grc' dir='ltr'><strong><em>μοι</em></strong></span> <span class='ocrx_word' id='word_1_446' title='bbox 1481 3259 1645 3322; x_wconf 77' lang='grc' dir='ltr'>πολὺς</span> <span class='ocrx_word' id='word_1_447' title='bbox 1680 3261 1737 3312; x_wconf 82' lang='grc' dir='ltr'>ὲν</span> 
     </span>
    </p>
   </div>
   <div class='ocr_carea' id='block_1_65' title="bbox 171 3350 1737 3427">
    <p class='ocr_par' dir='ltr' id='par_1_65' title="bbox 171 3350 1737 3427">
     <span class='ocr_line' id='line_1_65' title="bbox 171 3350 1737 3427; baseline -0.001 -19"><span class='ocrx_word' id='word_1_448' title='bbox 171 3364 231 3427; x_wconf 73' lang='grc' dir='ltr'>τῇ</span> <span class='ocrx_word' id='word_1_449' title='bbox 262 3359 418 3410; x_wconf 70' lang='grc' dir='ltr'>πόλει</span> <span class='ocrx_word' id='word_1_450' title='bbox 442 3357 637 3427; x_wconf 76' lang='grc' dir='ltr'>ταύτῃ.</span> <span class='ocrx_word' id='word_1_451' title='bbox 683 3354 934 3409; x_wconf 79' lang='grc' dir='ltr'>Ἐκάθισέ</span> <span class='ocrx_word' id='word_1_452' title='bbox 970 3371 1029 3407; x_wconf 81' lang='grc' dir='ltr'><strong><em>τε</em></strong></span> <span class='ocrx_word' id='word_1_453' title='bbox 1054 3352 1297 3406; x_wconf 75' lang='grc' dir='ltr'>ἐνιαυτὸν</span> <span class='ocrx_word' id='word_1_454' title='bbox 1324 3351 1418 3405; x_wconf 74' lang='grc' dir='ltr'>καὶ</span> <span class='ocrx_word' id='word_1_455' title='bbox 1458 3350 1634 3421; x_wconf 82' lang='grc' dir='ltr'>μῆνας</span> <span class='ocrx_word' id='word_1_456' title='bbox 1657 3350 1737 3415; x_wconf 76' lang='grc' dir='ltr'><strong><em>ἓξ.</em></strong></span> 
     </span>
    </p>
   </div>
   <div class='ocr_carea' id='block_1_66' title="bbox 170 3444 1739 3516">
    <p class='ocr_par' dir='ltr' id='par_1_66' title="bbox 170 3444 1739 3516">
     <span class='ocr_line' id='line_1_66' title="bbox 170 3444 1739 3516; baseline -0.006 -11"><span class='ocrx_word' id='word_1_457' title='bbox 170 3456 436 3508; x_wconf 74' lang='grc' dir='ltr'>διδάσκων</span> <span class='ocrx_word' id='word_1_458' title='bbox 484 3456 543 3505; x_wconf 85' lang='grc' dir='ltr'>ὲν</span> <span class='ocrx_word' id='word_1_459' title='bbox 582 3453 762 3515; x_wconf 75' lang='grc' dir='ltr'>αὐτοῖς</span> <span class='ocrx_word' id='word_1_460' title='bbox 792 3450 885 3503; x_wconf 67' lang='grc' dir='ltr'><strong><em>τὸν</em></strong></span> <span class='ocrx_word' id='word_1_461' title='bbox 915 3450 1072 3516; x_wconf 88' lang='grc' dir='ltr'>λόγον</span> <span class='ocrx_word' id='word_1_462' title='bbox 1106 3446 1201 3500; x_wconf 82' lang='grc' dir='ltr'><strong><em>τοῦ</em></strong></span> <span class='ocrx_word' id='word_1_463' title='bbox 1236 3446 1392 3501; x_wconf 81' lang='grc' dir='ltr'>Θεοῦ.</span> <span class='ocrx_word' id='word_1_464' title='bbox 1441 3444 1739 3505; x_wconf 81' lang='grc' dir='ltr'>Γαλλίωνος</span> 
     </span>
    </p>
   </div>
   <div class='ocr_carea' id='block_1_67' title="bbox 172 3535 1739 3611">
    <p class='ocr_par' dir='ltr' id='par_1_67' title="bbox 172 3535 1739 3611">
     <span class='ocr_line' id='line_1_67' title="bbox 172 3535 1739 3611; baseline -0.007 -14"><span class='ocrx_word' id='word_1_465' title='bbox 172 3544 639 3607; x_wconf 79' lang='grc' dir='ltr'>ἁνθυπατεύοντος</span> <span class='ocrx_word' id='word_1_466' title='bbox 664 3543 763 3611; x_wconf 80' lang='grc' dir='ltr'>τῆς</span> <span class='ocrx_word' id='word_1_467' title='bbox 805 3540 1050 3610; x_wconf 74' lang='grc' dir='ltr'>Ἀχαΐας,</span> <span class='ocrx_word' id='word_1_468' title='bbox 1095 3537 1515 3606; x_wconf 76' lang='grc' dir='ltr'>κατεπέστησαν</span> <span class='ocrx_word' id='word_1_469' title='bbox 1540 3535 1739 3605; x_wconf 54' lang='lat' dir='ltr'><strong><em>6900a-</em></strong></span> 
     </span>
    </p>
   </div>
   <div class='ocr_carea' id='block_1_68' title="bbox 177 3626 1741 3707">
    <p class='ocr_par' dir='ltr' id='par_1_68' title="bbox 177 3626 1741 3707">
     <span class='ocr_line' id='line_1_68' title="bbox 177 3626 1741 3707; baseline -0.008 -18"><span class='ocrx_word' id='word_1_470' title='bbox 177 3637 339 3707; x_wconf 81' lang='grc' dir='ltr'>μαδδν</span> <span class='ocrx_word' id='word_1_471' title='bbox 372 3637 425 3689; x_wconf 81' lang='grc' dir='ltr'>οἱ</span> <span class='ocrx_word' id='word_1_472' title='bbox 458 3634 707 3688; x_wconf 84' lang='grc' dir='ltr'>Ἰουδαῖοι</span> <span class='ocrx_word' id='word_1_473' title='bbox 730 3630 807 3701; x_wconf 81' lang='grc' dir='ltr'><strong><em>τῷ</em></strong></span> <span class='ocrx_word' id='word_1_474' title='bbox 837 3631 1054 3700; x_wconf 81' lang='grc' dir='ltr'><strong><em>Παύλῳ,</em></strong></span> <span class='ocrx_word' id='word_1_475' title='bbox 1089 3629 1182 3682; x_wconf 76' lang='grc' dir='ltr'>καὶ</span> <span class='ocrx_word' id='word_1_476' title='bbox 1214 3628 1421 3698; x_wconf 68' lang='grc' dir='ltr'>ἤγαγον</span> <span class='ocrx_word' id='word_1_477' title='bbox 1454 3628 1617 3680; x_wconf 78' lang='grc' dir='ltr'>αὐτὸν</span> <span class='ocrx_word' id='word_1_478' title='bbox 1646 3626 1741 3679; x_wconf 66' lang='grc' dir='ltr'><strong><em>ἐπὶ</em></strong></span> 
     </span>
    </p>
   </div>
   <div class='ocr_carea' id='block_1_69' title="bbox 173 3718 1741 3796">
    <p class='ocr_par' dir='ltr' id='par_1_69' title="bbox 173 3718 1741 3796">
     <span class='ocr_line' id='line_1_69' title="bbox 173 3718 1741 3796; baseline -0.004 -18"><span class='ocrx_word' id='word_1_479' title='bbox 173 3730 228 3778; x_wconf 68' lang='grc' dir='ltr'><strong><em>τὸ</em></strong></span> <span class='ocrx_word' id='word_1_480' title='bbox 293 3727 468 3796; x_wconf 82' lang='grc' dir='ltr'>βῆμα,</span> <span class='ocrx_word' id='word_1_481' title='bbox 533 3725 802 3791; x_wconf 77' lang='grc' dir='ltr'>λέγοντες,</span> <span class='ocrx_word' id='word_1_482' title='bbox 836 3723 919 3775; x_wconf 85' lang='grc' dir='ltr'>ὅτι</span> <span class='ocrx_word' id='word_1_483' title='bbox 957 3720 1111 3791; x_wconf 84' lang='grc' dir='ltr'><strong><em>Παρά</em></strong></span> <span class='ocrx_word' id='word_1_484' title='bbox 1141 3718 1233 3772; x_wconf 74' lang='grc' dir='ltr'>τὸν</span> <span class='ocrx_word' id='word_1_485' title='bbox 1262 3719 1425 3787; x_wconf 90' lang='grc' dir='ltr'>νόμον</span> <span class='ocrx_word' id='word_1_486' title='bbox 1454 3719 1741 3772; x_wconf 78' lang='grc' dir='ltr'>ἀναπείθει</span> 
     </span>
    </p>
   </div>
   <div class='ocr_carea' id='block_1_70' title="bbox 175 3809 1743 3884">
    <p class='ocr_par' dir='ltr' id='par_1_70' title="bbox 175 3809 1743 3884">
     <span class='ocr_line' id='line_1_70' title="bbox 175 3809 1743 3884; baseline -0.006 -15"><span class='ocrx_word' id='word_1_487' title='bbox 175 3813 323 3880; x_wconf 71' lang='grc' dir='ltr'>οὗτος</span> <span class='ocrx_word' id='word_1_488' title='bbox 344 3818 477 3879; x_wconf 72' lang='grc' dir='ltr'>τοὺς</span> <span class='ocrx_word' id='word_1_489' title='bbox 505 3814 825 3884; x_wconf 79' lang='grc' dir='ltr'>ἀνθρώπους</span> <span class='ocrx_word' id='word_1_490' title='bbox 852 3811 1106 3866; x_wconf 74' lang='grc' dir='ltr'>σέϐεσθαι</span> <span class='ocrx_word' id='word_1_491' title='bbox 1140 3811 1233 3864; x_wconf 82' lang='grc' dir='ltr'>τὸν</span> <span class='ocrx_word' id='word_1_492' title='bbox 1262 3809 1417 3864; x_wconf 81' lang='grc' dir='ltr'>Θεὸν.</span> <span class='ocrx_word' id='word_1_493' title='bbox 1440 3809 1743 3871; x_wconf 75' lang='grc' dir='ltr'>Μέλλοντος</span> 
     </span>
    </p>
   </div>
   <div class='ocr_carea' id='block_1_71' title="bbox 176 3897 1743 3972">
    <p class='ocr_par' dir='ltr' id='par_1_71' title="bbox 176 3897 1743 3972">
     <span class='ocr_line' id='line_1_71' title="bbox 176 3897 1743 3972; baseline -0.007 -8"><span class='ocrx_word' id='word_1_494' title='bbox 176 3912 227 3964; x_wconf 82' lang='grc' dir='ltr'>δὲ</span> <span class='ocrx_word' id='word_1_495' title='bbox 257 3908 349 3963; x_wconf 81' lang='grc' dir='ltr'><strong><em>τοῦ</em></strong></span> <span class='ocrx_word' id='word_1_496' title='bbox 392 3908 603 3961; x_wconf 70' lang='grc' dir='ltr'>Παύλου</span> <span class='ocrx_word' id='word_1_497' title='bbox 629 3906 864 3972; x_wconf 83' lang='grc' dir='ltr'>ἀνοίγειν</span> <span class='ocrx_word' id='word_1_498' title='bbox 923 3902 985 3956; x_wconf 82' lang='grc' dir='ltr'>τὸ</span> <span class='ocrx_word' id='word_1_499' title='bbox 1031 3904 1229 3971; x_wconf 81' lang='grc' dir='ltr'>στόμα,</span> <span class='ocrx_word' id='word_1_500' title='bbox 1266 3897 1419 3954; x_wconf 80' lang='grc' dir='ltr'>εἶπεν</span> <span class='ocrx_word' id='word_1_501' title='bbox 1451 3904 1478 3953; x_wconf 88' lang='grc' dir='ltr'>ὁ</span> <span class='ocrx_word' id='word_1_502' title='bbox 1507 3900 1743 3953; x_wconf 78' lang='grc' dir='ltr'>Γαλλίων</span> 
     </span>
    </p>
   </div>
   <div class='ocr_carea' id='block_1_72' title="bbox 178 3990 1743 4070">
    <p class='ocr_par' dir='ltr' id='par_1_72' title="bbox 178 3990 1743 4070">
     <span class='ocr_line' id='line_1_72' title="bbox 178 3990 1743 4070; baseline -0.007 -17"><span class='ocrx_word' id='word_1_503' title='bbox 178 4001 307 4070; x_wconf 65' lang='grc' dir='ltr'>πρδς</span> <span class='ocrx_word' id='word_1_504' title='bbox 334 3999 462 4060; x_wconf 71' lang='grc' dir='ltr'>τοὺς</span> <span class='ocrx_word' id='word_1_505' title='bbox 493 3997 807 4058; x_wconf 76' lang='grc' dir='ltr'>Ἰουδαίους·</span> <span class='ocrx_word' id='word_1_506' title='bbox 835 3995 898 4049; x_wconf 80' lang='lat' dir='ltr'><strong><em>Ei</em></strong></span> <span class='ocrx_word' id='word_1_507' title='bbox 955 3994 1055 4063; x_wconf 77' lang='grc' dir='ltr'>μὲν</span> <span class='ocrx_word' id='word_1_508' title='bbox 1093 3990 1162 4063; x_wconf 82' lang='grc' dir='ltr'>ἦν</span> <span class='ocrx_word' id='word_1_509' title='bbox 1197 3993 1442 4061; x_wconf 77' lang='grc' dir='ltr'>ἀδίκημά</span> <span class='ocrx_word' id='word_1_510' title='bbox 1470 4008 1544 4055; x_wconf 83' lang='grc' dir='ltr'><strong><em>τι,</em></strong></span> <span class='ocrx_word' id='word_1_511' title='bbox 1580 3990 1609 4061; x_wconf 75' lang='grc' dir='ltr'>ἢ</span> <span class='ocrx_word' id='word_1_512' title='bbox 1648 3993 1743 4060; x_wconf 63' lang='grc' dir='ltr'><strong><em>ῥα-</em></strong></span> 
     </span>
    </p>
   </div>
   <div class='ocr_carea' id='block_1_73' title="bbox 177 4078 1744 4159">
    <p class='ocr_par' dir='ltr' id='par_1_73' title="bbox 177 4078 1744 4159">
     <span class='ocr_line' id='line_1_73' title="bbox 177 4078 1744 4159; baseline -0.006 -17"><span class='ocrx_word' id='word_1_513' title='bbox 177 4090 484 4159; x_wconf 73' lang='grc' dir='ltr'>διοὺργημα</span> <span class='ocrx_word' id='word_1_514' title='bbox 539 4085 798 4155; x_wconf 67' lang='grc' dir='ltr'>πονηρὸν,</span> <span class='ocrx_word' id='word_1_515' title='bbox 852 4078 898 4137; x_wconf 78' lang='grc' dir='ltr'>ὦ</span> <span class='ocrx_word' id='word_1_516' title='bbox 961 4084 1229 4150; x_wconf 86' lang='grc' dir='ltr'>Ἰουδαῖοι,</span> <span class='ocrx_word' id='word_1_517' title='bbox 1286 4083 1429 4135; x_wconf 84' lang='grc' dir='ltr'><strong><em>κατά</em></strong></span> <span class='ocrx_word' id='word_1_518' title='bbox 1483 4082 1640 4150; x_wconf 81' lang='grc' dir='ltr'>λόγον</span> <span class='ocrx_word' id='word_1_519' title='bbox 1676 4081 1744 4134; x_wconf 85' lang='grc' dir='ltr'>ἂν</span> 
     </span>
    </p>
   </div>
   <div class='ocr_carea' id='block_1_74' title="bbox 181 4173 1742 4250">
    <p class='ocr_par' dir='ltr' id='par_1_74' title="bbox 181 4173 1742 4250">
     <span class='ocr_line' id='line_1_74' title="bbox 181 4173 1742 4250; baseline -0.005 -19"><span class='ocrx_word' id='word_1_520' title='bbox 181 4180 489 4250; x_wconf 69' lang='grc' dir='ltr'>ἠνεσχόμην</span> <span class='ocrx_word' id='word_1_521' title='bbox 541 4176 730 4246; x_wconf 81' lang='grc' dir='ltr'>ὑμῶν’</span> <span class='ocrx_word' id='word_1_522' title='bbox 781 4176 915 4229; x_wconf 80' lang='grc' dir='ltr'>εἰδὲ</span> <span class='ocrx_word' id='word_1_523' title='bbox 964 4174 1188 4247; x_wconf 77' lang='grc' dir='ltr'>ζήτημά</span> <span class='ocrx_word' id='word_1_524' title='bbox 1229 4176 1345 4227; x_wconf 72' lang='grc' dir='ltr'>ἐστι</span> <span class='ocrx_word' id='word_1_525' title='bbox 1395 4173 1524 4242; x_wconf 77' lang='grc' dir='ltr'>περὶ</span> <span class='ocrx_word' id='word_1_526' title='bbox 1557 4173 1742 4241; x_wconf 81' lang='grc' dir='ltr'>λόγου,</span> 
     </span>
    </p>
   </div>
   <div class='ocr_carea' id='block_1_75' title="bbox 182 4264 1745 4337">
    <p class='ocr_par' dir='ltr' id='par_1_75' title="bbox 182 4264 1745 4337">
     <span class='ocr_line' id='line_1_75' title="bbox 182 4264 1745 4337; baseline -0.003 -16"><span class='ocrx_word' id='word_1_527' title='bbox 182 4273 271 4322; x_wconf 81' lang='grc' dir='ltr'>καὶ</span> <span class='ocrx_word' id='word_1_528' title='bbox 303 4268 607 4336; x_wconf 78' lang='grc' dir='ltr'>ὀνομάτων,</span> <span class='ocrx_word' id='word_1_529' title='bbox 638 4267 732 4319; x_wconf 77' lang='grc' dir='ltr'>καὶ</span> <span class='ocrx_word' id='word_1_530' title='bbox 763 4265 929 4337; x_wconf 84' lang='grc' dir='ltr'>νόμου</span> <span class='ocrx_word' id='word_1_531' title='bbox 955 4266 1050 4318; x_wconf 87' lang='grc' dir='ltr'><strong><em>τοῦ</em></strong></span> <span class='ocrx_word' id='word_1_532' title='bbox 1078 4265 1199 4319; x_wconf 83' lang='grc' dir='ltr'>καθ’</span> <span class='ocrx_word' id='word_1_533' title='bbox 1231 4265 1397 4336; x_wconf 78' lang='grc' dir='ltr'>ὑμᾶς,</span> <span class='ocrx_word' id='word_1_534' title='bbox 1429 4264 1613 4333; x_wconf 73' lang='grc' dir='ltr'>ὕψωθ⁹</span> <span class='ocrx_word' id='word_1_535' title='bbox 1646 4267 1745 4317; x_wconf 75' lang='grc' dir='ltr'><strong><em>αὺ-</em></strong></span> 
     </span>
    </p>
   </div>
   <div class='ocr_carea' id='block_1_76' title="bbox 180 4354 1745 4433">
    <p class='ocr_par' dir='ltr' id='par_1_76' title="bbox 180 4354 1745 4433">
     <span class='ocr_line' id='line_1_76' title="bbox 180 4354 1745 4433; baseline -0.004 -18"><span class='ocrx_word' id='word_1_536' title='bbox 180 4364 257 4415; x_wconf 80' lang='grc' dir='ltr'><strong><em>τοί</em></strong></span> <span class='ocrx_word' id='word_1_537' title='bbox 279 4383 291 4394; x_wconf 89' lang='grc'><strong>·</strong></span> <span class='ocrx_word' id='word_1_538' title='bbox 317 4363 513 4433; x_wconf 80' lang='grc' dir='ltr'>κριτὴς</span> <span class='ocrx_word' id='word_1_539' title='bbox 542 4363 650 4431; x_wconf 75' lang='grc' dir='ltr'><strong><em>γὰρ</em></strong></span> <span class='ocrx_word' id='word_1_540' title='bbox 679 4360 790 4428; x_wconf 75' lang='grc' dir='ltr'><strong><em>ιγὼ</em></strong></span> <span class='ocrx_word' id='word_1_541' title='bbox 821 4358 1028 4413; x_wconf 87' lang='grc' dir='ltr'>τούτων</span> <span class='ocrx_word' id='word_1_542' title='bbox 1049 4360 1109 4412; x_wconf 83' lang='grc' dir='ltr'>οὐ</span> <span class='ocrx_word' id='word_1_543' title='bbox 1145 4358 1407 4428; x_wconf 75' lang='grc' dir='ltr'>βούλομαι</span> <span class='ocrx_word' id='word_1_544' title='bbox 1438 4354 1603 4412; x_wconf 82' lang='grc' dir='ltr'>εἶναι.</span> <span class='ocrx_word' id='word_1_545' title='bbox 1635 4358 1745 4411; x_wconf 75' lang='grc' dir='ltr'><strong><em>Καὶ</em></strong></span> 
     </span>
    </p>
   </div>
   <div class='ocr_carea' id='block_1_77' title="bbox 182 4448 1745 4522">
    <p class='ocr_par' dir='ltr' id='par_1_77' title="bbox 182 4448 1745 4522">
     <span class='ocr_line' id='line_1_77' title="bbox 182 4448 1745 4522; baseline -0.004 -15"><span class='ocrx_word' id='word_1_546' title='bbox 182 4454 461 4522; x_wconf 77' lang='grc' dir='ltr'>ἀπήλασεν</span> <span class='ocrx_word' id='word_1_547' title='bbox 486 4452 687 4513; x_wconf 79' lang='grc' dir='ltr'>αὐτοὺς</span> <span class='ocrx_word' id='word_1_548' title='bbox 722 4451 831 4505; x_wconf 76' lang='grc' dir='ltr'>ἀπὸ</span> <span class='ocrx_word' id='word_1_549' title='bbox 878 4450 973 4504; x_wconf 87' lang='grc' dir='ltr'><strong><em>τοῦ</em></strong></span> <span class='ocrx_word' id='word_1_550' title='bbox 1026 4450 1287 4522; x_wconf 82' lang='grc' dir='ltr'>βήματος.</span> <span class='ocrx_word' id='word_1_551' title='bbox 1334 4448 1745 4518; x_wconf 78' lang='grc' dir='ltr'>Ἑπιλαὸὁμενοι</span> 
     </span>
    </p>
   </div>
   <div class='ocr_carea' id='block_1_78' title="bbox 1842 3268 3403 3341">
    <p class='ocr_par' dir='ltr' id='par_1_78' title="bbox 1842 3268 3403 3341">
     <span class='ocr_line' id='line_1_78' title="bbox 1842 3268 3403 3341; baseline -0.001 -16"><span class='ocrx_word' id='word_1_552' title='bbox 1842 3269 1990 3325; x_wconf 80' lang='lat' dir='ltr'><strong><em>Sedit</em></strong></span> <span class='ocrx_word' id='word_1_553' title='bbox 2018 3279 2199 3323; x_wconf 84' lang='lat' dir='ltr'><strong><em>autem</em></strong></span> <span class='ocrx_word' id='word_1_554' title='bbox 2226 3269 2295 3323; x_wconf 88' lang='lat' dir='ltr'><strong><em>ibi</em></strong></span> <span class='ocrx_word' id='word_1_555' title='bbox 2319 3283 2521 3323; x_wconf 89' lang='lat' dir='ltr'><strong><em>annum</em></strong></span> <span class='ocrx_word' id='word_1_556' title='bbox 2550 3279 2604 3324; x_wconf 92' lang='lat' dir='ltr'><strong><em>et</em></strong></span> <span class='ocrx_word' id='word_1_557' title='bbox 2632 3283 2727 3324; x_wconf 78' lang='lat' dir='ltr'><strong><em>sex</em></strong></span> <span class='ocrx_word' id='word_1_558' title='bbox 2766 3284 3004 3333; x_wconf 89' lang='lat' dir='ltr'><strong><em>menses,</em></strong></span> <span class='ocrx_word' id='word_1_559' title='bbox 3029 3268 3235 3325; x_wconf 90' lang='lat' dir='ltr'><strong><em>docens</em></strong></span> <span class='ocrx_word' id='word_1_560' title='bbox 3260 3273 3403 3341; x_wconf 83' lang='lat' dir='ltr'><strong><em>apud</em></strong></span> 
     </span>
    </p>
   </div>
   <div class='ocr_carea' id='block_1_79' title="bbox 1840 3357 3406 3428">
    <p class='ocr_par' dir='ltr' id='par_1_79' title="bbox 1840 3357 3406 3428">
     <span class='ocr_line' id='line_1_79' title="bbox 1840 3357 3406 3428; baseline -0.001 -13"><span class='ocrx_word' id='word_1_561' title='bbox 1840 3376 1935 3415; x_wconf 87' lang='lat' dir='ltr'><strong><em>eos</em></strong></span> <span class='ocrx_word' id='word_1_562' title='bbox 1963 3358 2183 3414; x_wconf 78' lang='lat' dir='ltr'><strong><em>verbum</em></strong></span> <span class='ocrx_word' id='word_1_563' title='bbox 2208 3357 2588 3413; x_wconf 83' lang='lat' dir='ltr'><strong><em>Dei.Gallione</em></strong></span> <span class='ocrx_word' id='word_1_564' title='bbox 2611 3366 2790 3413; x_wconf 84' lang='lat' dir='ltr'><strong><em>autem</em></strong></span> <span class='ocrx_word' id='word_1_565' title='bbox 2821 3360 3148 3428; x_wconf 84' lang='lat' dir='ltr'><strong><em>proconsule</em></strong></span> <span class='ocrx_word' id='word_1_566' title='bbox 3168 3358 3406 3426; x_wconf 63' lang='lat' dir='ltr'><strong><em>Achaia‘,</em></strong></span> 
     </span>
    </p>
   </div>
   <div class='ocr_carea' id='block_1_80' title="bbox 1843 3443 3409 3505">
    <p class='ocr_par' dir='ltr' id='par_1_80' title="bbox 1843 3443 3409 3505">
     <span class='ocr_line' id='line_1_80' title="bbox 1843 3443 3409 3505; baseline 0 -2"><span class='ocrx_word' id='word_1_567' title='bbox 1843 3450 2256 3505; x_wconf 78' lang='lat' dir='ltr'><strong><em>insurrexerunt</em></strong></span> <span class='ocrx_word' id='word_1_568' title='bbox 2287 3463 2393 3501; x_wconf 88' lang='lat' dir='ltr'><strong><em>uno</em></strong></span> <span class='ocrx_word' id='word_1_569' title='bbox 2431 3448 2617 3502; x_wconf 87' lang='lat' dir='ltr'><strong><em>animo</em></strong></span> <span class='ocrx_word' id='word_1_570' title='bbox 2642 3443 2817 3502; x_wconf 65' lang='lat' dir='ltr'><strong><em>Iudici</em></strong></span> <span class='ocrx_word' id='word_1_571' title='bbox 2862 3447 2918 3502; x_wconf 83' lang='lat' dir='ltr'><strong><em>in</em></strong></span> <span class='ocrx_word' id='word_1_572' title='bbox 2957 3446 3187 3503; x_wconf 86' lang='lat' dir='ltr'><strong><em>Paulum</em></strong></span> <span class='ocrx_word' id='word_1_573' title='bbox 3234 3459 3288 3505; x_wconf 91' lang='lat' dir='ltr'><strong><em>et</em></strong></span> <span class='ocrx_word' id='word_1_574' title='bbox 3314 3452 3409 3505; x_wconf 84' lang='lat' dir='ltr'><strong><em>ad-</em></strong></span> 
     </span>
    </p>
   </div>
   <div class='ocr_carea' id='block_1_81' title="bbox 1840 3537 3405 3609">
    <p class='ocr_par' dir='ltr' id='par_1_81' title="bbox 1840 3537 3405 3609">
     <span class='ocr_line' id='line_1_81' title="bbox 1840 3537 3405 3609; baseline -0.001 -16"><span class='ocrx_word' id='word_1_575' title='bbox 1840 3539 2114 3594; x_wconf 79' lang='lat' dir='ltr'><strong><em>duxerunt</em></strong></span> <span class='ocrx_word' id='word_1_576' title='bbox 2138 3554 2261 3593; x_wconf 88' lang='lat' dir='ltr'><strong><em>eum</em></strong></span> <span class='ocrx_word' id='word_1_577' title='bbox 2293 3539 2359 3591; x_wconf 87' lang='lat' dir='ltr'><strong><em>ad</em></strong></span> <span class='ocrx_word' id='word_1_578' title='bbox 2409 3537 2674 3602; x_wconf 82' lang='lat' dir='ltr'><strong><em>tribunal,</em></strong></span> <span class='ocrx_word' id='word_1_579' title='bbox 2720 3538 3008 3593; x_wconf 88' lang='lat' dir='ltr'><strong><em>dicentes:</em></strong></span> <span class='ocrx_word' id='word_1_580' title='bbox 3044 3538 3174 3609; x_wconf 86' lang='lat' dir='ltr'><strong><em>quia</em></strong></span> <span class='ocrx_word' id='word_1_581' title='bbox 3199 3537 3405 3594; x_wconf 84' lang='lat' dir='ltr'><strong><em>Contra</em></strong></span> 
     </span>
    </p>
   </div>
   <div class='ocr_carea' id='block_1_82' title="bbox 1843 3627 3408 3700">
    <p class='ocr_par' dir='ltr' id='par_1_82' title="bbox 1843 3627 3408 3700">
     <span class='ocr_line' id='line_1_82' title="bbox 1843 3627 3408 3700; baseline 0.001 -17"><span class='ocrx_word' id='word_1_582' title='bbox 1843 3630 2012 3700; x_wconf 84' lang='lat' dir='ltr'><strong><em>legem</em></strong></span> <span class='ocrx_word' id='word_1_583' title='bbox 2044 3630 2133 3685; x_wconf 87' lang='lat' dir='ltr'><strong><em>hic</em></strong></span> <span class='ocrx_word' id='word_1_584' title='bbox 2162 3627 2458 3700; x_wconf 85' lang='lat' dir='ltr'><strong><em>persuadet</em></strong></span> <span class='ocrx_word' id='word_1_585' title='bbox 2480 3629 2794 3685; x_wconf 87' lang='lat' dir='ltr'><strong><em>hominibus</em></strong></span> <span class='ocrx_word' id='word_1_586' title='bbox 2821 3629 3001 3684; x_wconf 86' lang='lat' dir='ltr'><strong><em>colere</em></strong></span> <span class='ocrx_word' id='word_1_587' title='bbox 3044 3627 3238 3685; x_wconf 89' lang='lat' dir='ltr'><strong><em>Deum.</em></strong></span> <span class='ocrx_word' id='word_1_588' title='bbox 3267 3630 3408 3685; x_wconf 89' lang='lat' dir='ltr'><strong><em>lnci-</em></strong></span> 
     </span>
    </p>
   </div>
   <div class='ocr_carea' id='block_1_83' title="bbox 1845 3714 3407 3787">
    <p class='ocr_par' dir='ltr' id='par_1_83' title="bbox 1845 3714 3407 3787">
     <span class='ocr_line' id='line_1_83' title="bbox 1845 3714 3407 3787; baseline 0.002 -17"><span class='ocrx_word' id='word_1_589' title='bbox 1845 3718 2025 3784; x_wconf 79' lang='lat' dir='ltr'><strong><em>piente</em></strong></span> <span class='ocrx_word' id='word_1_590' title='bbox 2052 3726 2229 3771; x_wconf 86' lang='lat' dir='ltr'><strong><em>autem</em></strong></span> <span class='ocrx_word' id='word_1_591' title='bbox 2256 3714 2427 3770; x_wconf 83' lang='lat' dir='ltr'><strong><em>Paulo</em></strong></span> <span class='ocrx_word' id='word_1_592' title='bbox 2457 3717 2670 3787; x_wconf 80' lang='lat' dir='ltr'><strong><em>aperire</em></strong></span> <span class='ocrx_word' id='word_1_593' title='bbox 2697 3730 2786 3781; x_wconf 88' lang='lat' dir='ltr'><strong><em>os,</em></strong></span> <span class='ocrx_word' id='word_1_594' title='bbox 2813 3715 2955 3771; x_wconf 80' lang='lat' dir='ltr'><strong><em>dixit</em></strong></span> <span class='ocrx_word' id='word_1_595' title='bbox 2985 3715 3164 3773; x_wconf 84' lang='lat' dir='ltr'><strong><em>Gallio</em></strong></span> <span class='ocrx_word' id='word_1_596' title='bbox 3203 3719 3270 3771; x_wconf 85' lang='lat' dir='ltr'><strong><em>ad</em></strong></span> <span class='ocrx_word' id='word_1_597' title='bbox 3309 3717 3407 3773; x_wconf 81' lang='lat' dir='ltr'><strong><em>Ju-</em></strong></span> 
     </span>
    </p>
   </div>
   <div class='ocr_carea' id='block_1_84' title="bbox 1844 3805 3411 3876">
    <p class='ocr_par' dir='ltr' id='par_1_84' title="bbox 1844 3805 3411 3876">
     <span class='ocr_line' id='line_1_84' title="bbox 1844 3805 3411 3876; baseline -0.001 -15"><span class='ocrx_word' id='word_1_598' title='bbox 1844 3807 1989 3861; x_wconf 68' lang='lat' dir='ltr'><strong><em>daeos</em></strong></span> <span class='ocrx_word' id='word_1_599' title='bbox 2024 3825 2037 3859; x_wconf 90' lang='lat'><strong>:</strong></span> <span class='ocrx_word' id='word_1_600' title='bbox 2073 3805 2127 3860; x_wconf 84' lang='lat' dir='ltr'><strong><em>Si</em></strong></span> <span class='ocrx_word' id='word_1_601' title='bbox 2161 3805 2381 3876; x_wconf 87' lang='lat' dir='ltr'><strong><em>quidem</em></strong></span> <span class='ocrx_word' id='word_1_602' title='bbox 2416 3815 2562 3860; x_wconf 87' lang='lat' dir='ltr'><strong><em>esset</em></strong></span> <span class='ocrx_word' id='word_1_603' title='bbox 2587 3806 2831 3875; x_wconf 90' lang='lat' dir='ltr'><strong><em>iniquum</em></strong></span> <span class='ocrx_word' id='word_1_604' title='bbox 2878 3806 3105 3875; x_wconf 85' lang='lat' dir='ltr'><strong><em>aliquid,</em></strong></span> <span class='ocrx_word' id='word_1_605' title='bbox 3137 3816 3233 3861; x_wconf 88' lang='lat' dir='ltr'><strong><em>aut</em></strong></span> <span class='ocrx_word' id='word_1_606' title='bbox 3280 3807 3411 3861; x_wconf 78' lang='lat' dir='ltr'><strong><em>faci-</em></strong></span> 
     </span>
    </p>
   </div>
   <div class='ocr_carea' id='block_1_85' title="bbox 1846 3896 3405 3965">
    <p class='ocr_par' dir='ltr' id='par_1_85' title="bbox 1846 3896 3405 3965">
     <span class='ocr_line' id='line_1_85' title="bbox 1846 3896 3405 3965; baseline 0.004 -15"><span class='ocrx_word' id='word_1_607' title='bbox 1846 3912 1949 3951; x_wconf 87' lang='lat' dir='ltr'><strong><em>nus</em></strong></span> <span class='ocrx_word' id='word_1_608' title='bbox 1972 3898 2289 3965; x_wconf 84' lang='lat' dir='ltr'><strong><em>pessimum,</em></strong></span> <span class='ocrx_word' id='word_1_609' title='bbox 2325 3912 2358 3949; x_wconf 85' lang='lat'><strong>0</strong></span> <span class='ocrx_word' id='word_1_610' title='bbox 2390 3897 2487 3951; x_wconf 81' lang='lat' dir='ltr'><strong><em>viri</em></strong></span> <span class='ocrx_word' id='word_1_611' title='bbox 2518 3896 2712 3963; x_wconf 59' lang='lat' dir='ltr'><strong><em>Judaei,</em></strong></span> <span class='ocrx_word' id='word_1_612' title='bbox 2745 3907 2892 3953; x_wconf 83' lang='lat' dir='ltr'><strong><em>recte</em></strong></span> <span class='ocrx_word' id='word_1_613' title='bbox 2930 3914 3025 3955; x_wconf 76' lang='lat' dir='ltr'><strong><em>vos</em></strong></span> <span class='ocrx_word' id='word_1_614' title='bbox 3054 3900 3405 3957; x_wconf 85' lang='lat' dir='ltr'><strong><em>sustinerem.</em></strong></span> 
     </span>
    </p>
   </div>
   <div class='ocr_carea' id='block_1_86' title="bbox 1846 3987 3411 4057">
    <p class='ocr_par' dir='ltr' id='par_1_86' title="bbox 1846 3987 3411 4057">
     <span class='ocr_line' id='line_1_86' title="bbox 1846 3987 3411 4057; baseline 0.001 -16"><span class='ocrx_word' id='word_1_615' title='bbox 1846 3988 1903 4041; x_wconf 91' lang='lat' dir='ltr'><strong><em>Si</em></strong></span> <span class='ocrx_word' id='word_1_616' title='bbox 1934 4002 2061 4041; x_wconf 85' lang='lat' dir='ltr'><strong><em>vero</em></strong></span> <span class='ocrx_word' id='word_1_617' title='bbox 2086 3988 2413 4057; x_wconf 64' lang='lat' dir='ltr'><strong><em>quaestiones</em></strong></span> <span class='ocrx_word' id='word_1_618' title='bbox 2441 3997 2570 4042; x_wconf 90' lang='lat' dir='ltr'><strong><em>sunt</em></strong></span> <span class='ocrx_word' id='word_1_619' title='bbox 2614 3987 2684 4042; x_wconf 90' lang='lat' dir='ltr'><strong><em>de</em></strong></span> <span class='ocrx_word' id='word_1_620' title='bbox 2727 3988 2893 4044; x_wconf 84' lang='lat' dir='ltr'><strong><em>verbo</em></strong></span> <span class='ocrx_word' id='word_1_621' title='bbox 2923 3995 2977 4042; x_wconf 87' lang='lat' dir='ltr'><strong><em>et</em></strong></span> <span class='ocrx_word' id='word_1_622' title='bbox 3011 3989 3325 4046; x_wconf 88' lang='lat' dir='ltr'><strong><em>nominibus</em></strong></span> <span class='ocrx_word' id='word_1_623' title='bbox 3357 4001 3411 4044; x_wconf 86' lang='lat' dir='ltr'><strong><em>et</em></strong></span> 
     </span>
    </p>
   </div>
   <div class='ocr_carea' id='block_1_87' title="bbox 1846 4076 3411 4150">
    <p class='ocr_par' dir='ltr' id='par_1_87' title="bbox 1846 4076 3411 4150">
     <span class='ocr_line' id='line_1_87' title="bbox 1846 4076 3411 4150; baseline 0.003 -20"><span class='ocrx_word' id='word_1_624' title='bbox 1846 4080 1963 4147; x_wconf 81' lang='lat' dir='ltr'><strong><em>lege</em></strong></span> <span class='ocrx_word' id='word_1_625' title='bbox 1980 4085 2178 4139; x_wconf 72' lang='lat' dir='ltr'><strong><em>vestra,</em></strong></span> <span class='ocrx_word' id='word_1_626' title='bbox 2203 4092 2300 4132; x_wconf 72' lang='lat' dir='ltr'><strong><em>vos</em></strong></span> <span class='ocrx_word' id='word_1_627' title='bbox 2324 4078 2422 4147; x_wconf 88' lang='lat' dir='ltr'><strong><em>ipsi</em></strong></span> <span class='ocrx_word' id='word_1_628' title='bbox 2444 4078 2709 4133; x_wconf 84' lang='lat' dir='ltr'><strong><em>videritis.</em></strong></span> <span class='ocrx_word' id='word_1_629' title='bbox 2728 4076 2899 4133; x_wconf 69' lang='lat' dir='ltr'><strong><em>ludes</em></strong></span> <span class='ocrx_word' id='word_1_630' title='bbox 2924 4093 3025 4149; x_wconf 89' lang='lat' dir='ltr'><strong><em>ego</em></strong></span> <span class='ocrx_word' id='word_1_631' title='bbox 3042 4078 3233 4134; x_wconf 89' lang='lat' dir='ltr'><strong><em>horum</em></strong></span> <span class='ocrx_word' id='word_1_632' title='bbox 3243 4081 3411 4150; x_wconf 67' lang='lat'><strong><em>282</em></strong></span> 
     </span>
    </p>
   </div>
   <div class='ocr_carea' id='block_1_88' title="bbox 1846 4168 3411 4241">
    <p class='ocr_par' dir='ltr' id='par_1_88' title="bbox 1846 4168 3411 4241">
     <span class='ocr_line' id='line_1_88' title="bbox 1846 4168 3411 4241; baseline 0.003 -19"><span class='ocrx_word' id='word_1_633' title='bbox 1846 4171 1972 4225; x_wconf 90' lang='lat' dir='ltr'><strong><em>nolo</em></strong></span> <span class='ocrx_word' id='word_1_634' title='bbox 2018 4184 2160 4225; x_wconf 89' lang='lat' dir='ltr'><strong><em>esse.</em></strong></span> <span class='ocrx_word' id='word_1_635' title='bbox 2207 4168 2271 4222; x_wconf 76' lang='lat' dir='ltr'><strong><em>Et</em></strong></span> <span class='ocrx_word' id='word_1_636' title='bbox 2309 4172 2535 4224; x_wconf 83' lang='lat' dir='ltr'><strong><em>minavit</em></strong></span> <span class='ocrx_word' id='word_1_637' title='bbox 2567 4185 2665 4226; x_wconf 85' lang='lat' dir='ltr'><strong><em>eos</em></strong></span> <span class='ocrx_word' id='word_1_638' title='bbox 2692 4185 2721 4224; x_wconf 86' lang='lat' dir='ltr'><strong><em>a</em></strong></span> <span class='ocrx_word' id='word_1_639' title='bbox 2768 4170 3054 4225; x_wconf 83' lang='lat' dir='ltr'><strong><em>tribunali.</em></strong></span> <span class='ocrx_word' id='word_1_640' title='bbox 3090 4172 3411 4241; x_wconf 80' lang='lat' dir='ltr'><strong><em>Apprelien-</em></strong></span> 
     </span>
    </p>
   </div>
   <div class='ocr_carea' id='block_1_89' title="bbox 1846 4258 3414 4331">
    <p class='ocr_par' dir='ltr' id='par_1_89' title="bbox 1846 4258 3414 4331">
     <span class='ocr_line' id='line_1_89' title="bbox 1846 4258 3414 4331; baseline 0.002 -20"><span class='ocrx_word' id='word_1_641' title='bbox 1846 4258 2037 4313; x_wconf 89' lang='lat' dir='ltr'><strong><em>dentes</em></strong></span> <span class='ocrx_word' id='word_1_642' title='bbox 2067 4266 2246 4311; x_wconf 88' lang='lat' dir='ltr'><strong><em>autem</em></strong></span> <span class='ocrx_word' id='word_1_643' title='bbox 2292 4273 2483 4313; x_wconf 86' lang='lat' dir='ltr'><strong><em>omnes</em></strong></span> <span class='ocrx_word' id='word_1_644' title='bbox 2532 4258 2856 4314; x_wconf 87' lang='lat' dir='ltr'><strong><em>Sosthenem</em></strong></span> <span class='ocrx_word' id='word_1_645' title='bbox 2908 4260 3208 4331; x_wconf 85' lang='lat' dir='ltr'><strong><em>principem</em></strong></span> <span class='ocrx_word' id='word_1_646' title='bbox 3254 4276 3414 4331; x_wconf 86' lang='lat' dir='ltr'><strong><em>syna-</em></strong></span> 
     </span>
    </p>
   </div>
   <div class='ocr_carea' id='block_1_90' title="bbox 1848 4348 3413 4419">
    <p class='ocr_par' dir='ltr' id='par_1_90' title="bbox 1848 4348 3413 4419">
     <span class='ocr_line' id='line_1_90' title="bbox 1848 4348 3413 4419; baseline 0.004 -18"><span class='ocrx_word' id='word_1_647' title='bbox 1848 4364 2015 4419; x_wconf 60' lang='lat' dir='ltr'><strong><em>gogas.</em></strong></span> <span class='ocrx_word' id='word_1_648' title='bbox 2046 4348 2426 4417; x_wconf 86' lang='lat' dir='ltr'><strong><em>percutiebaut</em></strong></span> <span class='ocrx_word' id='word_1_649' title='bbox 2452 4364 2573 4403; x_wconf 89' lang='lat' dir='ltr'><strong><em>eum</em></strong></span> <span class='ocrx_word' id='word_1_650' title='bbox 2602 4356 2727 4403; x_wconf 83' lang='lat' dir='ltr'><strong><em>ante</em></strong></span> <span class='ocrx_word' id='word_1_651' title='bbox 2762 4350 3001 4404; x_wconf 79' lang='lat' dir='ltr'><strong><em>tribunal</em></strong></span> <span class='ocrx_word' id='word_1_652' title='bbox 3029 4366 3045 4415; x_wconf 87' lang='lat'><strong>;</strong></span> <span class='ocrx_word' id='word_1_653' title='bbox 3071 4359 3122 4405; x_wconf 90' lang='lat' dir='ltr'><strong><em>et</em></strong></span> <span class='ocrx_word' id='word_1_654' title='bbox 3154 4352 3290 4405; x_wconf 90' lang='lat' dir='ltr'><strong><em>nihil</em></strong></span> <span class='ocrx_word' id='word_1_655' title='bbox 3318 4367 3413 4407; x_wconf 85' lang='lat' dir='ltr'><strong><em>eo-</em></strong></span> 
     </span>
    </p>
   </div>
   <div class='ocr_carea' id='block_1_91' title="bbox 1850 4438 3416 4499">
    <p class='ocr_par' dir='ltr' id='par_1_91' title="bbox 1850 4438 3416 4499">
     <span class='ocr_line' id='line_1_91' title="bbox 1850 4438 3416 4499; baseline 0.005 -8"><span class='ocrx_word' id='word_1_656' title='bbox 1850 4455 1967 4494; x_wconf 88' lang='lat' dir='ltr'><strong><em>rum</em></strong></span> <span class='ocrx_word' id='word_1_657' title='bbox 2007 4439 2240 4494; x_wconf 85' lang='lat' dir='ltr'><strong><em>Gallioni</em></strong></span> <span class='ocrx_word' id='word_1_658' title='bbox 2288 4456 2432 4495; x_wconf 78' lang='lat' dir='ltr'><strong><em>cura:</em></strong></span> <span class='ocrx_word' id='word_1_659' title='bbox 2480 4451 2620 4495; x_wconf 90' lang='lat' dir='ltr'><strong><em>erat.</em></strong></span> <span class='ocrx_word' id='word_1_660' title='bbox 2670 4438 2871 4496; x_wconf 81' lang='lat' dir='ltr'><strong><em>Paulus</em></strong></span> <span class='ocrx_word' id='word_1_661' title='bbox 2900 4457 3026 4497; x_wconf 82' lang='lat' dir='ltr'><strong><em>vero</em></strong></span> <span class='ocrx_word' id='word_1_662' title='bbox 3072 4458 3196 4497; x_wconf 90' lang='lat' dir='ltr'><strong><em>cum</em></strong></span> <span class='ocrx_word' id='word_1_663' title='bbox 3238 4444 3416 4499; x_wconf 80' lang='lat' dir='ltr'><strong><em>adhuc</em></strong></span> 
     </span>
    </p>
   </div>
   <div class='ocr_carea' id='block_1_92' title="bbox 180 4522 1739 4613">
    <p class='ocr_par' dir='ltr' id='par_1_92' title="bbox 180 4540 1739 4613">
     <span class='ocr_line' id='line_1_92' title="bbox 180 4540 1739 4613; baseline -0.008 -13"><span class='ocrx_word' id='word_1_664' title='bbox 180 4548 232 4600; x_wconf 81' lang='grc' dir='ltr'>δὲ</span> <span class='ocrx_word' id='word_1_665' title='bbox 260 4548 465 4607; x_wconf 81' lang='grc' dir='ltr'>πάντες</span> <span class='ocrx_word' id='word_1_666' title='bbox 487 4545 539 4597; x_wconf 88' lang='grc' dir='ltr'>οἱ</span> <span class='ocrx_word' id='word_1_667' title='bbox 557 4542 815 4613; x_wconf 83' lang='grc' dir='ltr'>Ἕλληνες</span> <span class='ocrx_word' id='word_1_668' title='bbox 843 4540 1127 4611; x_wconf 74' lang='grc' dir='ltr'>Σωσθένην</span> <span class='ocrx_word' id='word_1_669' title='bbox 1153 4541 1244 4593; x_wconf 79' lang='grc' dir='ltr'>τὸν</span> <span class='ocrx_word' id='word_1_670' title='bbox 1273 4540 1739 4610; x_wconf 78' lang='grc' dir='ltr'>ἀρχισυνάγωγον,</span> 
     </span>
    </p>
   </div>
   <div class='ocr_carea' id='block_1_93' title="bbox 1840 4522 3413 4613">
    <p class='ocr_par' dir='ltr' id='par_1_93' title="bbox 1852 4531 3413 4601">
     <span class='ocr_line' id='line_1_93' title="bbox 1852 4531 3413 4601; baseline 0.003 -16"><span class='ocrx_word' id='word_1_671' title='bbox 1852 4532 2207 4586; x_wconf 80' lang='lat' dir='ltr'><strong><em>sustinuisset</em></strong></span> <span class='ocrx_word' id='word_1_672' title='bbox 2235 4531 2352 4587; x_wconf 88' lang='lat' dir='ltr'><strong><em>dies</em></strong></span> <span class='ocrx_word' id='word_1_673' title='bbox 2381 4533 2601 4596; x_wconf 89' lang='lat' dir='ltr'><strong><em>multos,</em></strong></span> <span class='ocrx_word' id='word_1_674' title='bbox 2637 4533 2899 4589; x_wconf 81' lang='lat' dir='ltr'><strong><em>fratribus</em></strong></span> <span class='ocrx_word' id='word_1_675' title='bbox 2927 4535 3274 4601; x_wconf 81' lang='lat' dir='ltr'><strong><em>valefaciens,</em></strong></span> <span class='ocrx_word' id='word_1_676' title='bbox 3318 4552 3413 4590; x_wconf 85' lang='lat' dir='ltr'><strong><em>na-</em></strong></span> 
     </span>
    </p>
   </div>
   <div class='ocr_carea' id='block_1_94' title="bbox 182 4629 1746 4706">
    <p class='ocr_par' dir='ltr' id='par_1_94' title="bbox 182 4629 1746 4706">
     <span class='ocr_line' id='line_1_94' title="bbox 182 4629 1746 4706; baseline -0.006 -16"><span class='ocrx_word' id='word_1_677' title='bbox 182 4638 410 4690; x_wconf 80' lang='grc' dir='ltr'>ἐτυπτον</span> <span class='ocrx_word' id='word_1_678' title='bbox 435 4634 742 4706; x_wconf 74' lang='grc' dir='ltr'>ἔμπροσθεν</span> <span class='ocrx_word' id='word_1_679' title='bbox 768 4633 863 4688; x_wconf 84' lang='grc' dir='ltr'><strong><em>τοῦ</em></strong></span> <span class='ocrx_word' id='word_1_680' title='bbox 914 4634 1186 4703; x_wconf 80' lang='grc' dir='ltr'>βήματος’</span> <span class='ocrx_word' id='word_1_681' title='bbox 1236 4633 1331 4685; x_wconf 59' lang='grc' dir='ltr'><strong><em>καὶ¹</em></strong></span> <span class='ocrx_word' id='word_1_682' title='bbox 1362 4630 1515 4685; x_wconf 70' lang='grc' dir='ltr'>οὐδὲν</span> <span class='ocrx_word' id='word_1_683' title='bbox 1543 4629 1746 4682; x_wconf 83' lang='grc' dir='ltr'>τούτων</span> 
     </span>
    </p>
   </div>
   <div class='ocr_carea' id='block_1_95' title="bbox 180 4720 1747 4800">
    <p class='ocr_par' dir='ltr' id='par_1_95' title="bbox 180 4720 1747 4800">
     <span class='ocr_line' id='line_1_95' title="bbox 180 4720 1747 4800; baseline -0.006 -19"><span class='ocrx_word' id='word_1_684' title='bbox 180 4729 257 4800; x_wconf 83' lang='grc' dir='ltr'>τῷ</span> <span class='ocrx_word' id='word_1_685' title='bbox 291 4728 556 4783; x_wconf 77' lang='grc' dir='ltr'>Γαλλίωνι</span> <span class='ocrx_word' id='word_1_686' title='bbox 587 4726 831 4796; x_wconf 75' lang='grc' dir='ltr'>ἔμελλεν.</span> <span class='ocrx_word' id='word_1_687' title='bbox 866 4726 927 4777; x_wconf 91' lang='lat'><strong><em>&#39;0</em></strong></span> <span class='ocrx_word' id='word_1_688' title='bbox 955 4725 1011 4777; x_wconf 80' lang='grc' dir='ltr'>δὲ</span> <span class='ocrx_word' id='word_1_689' title='bbox 1042 4723 1273 4789; x_wconf 81' lang='grc' dir='ltr'>Παῦλος,</span> <span class='ocrx_word' id='word_1_690' title='bbox 1302 4722 1383 4775; x_wconf 77' lang='grc' dir='ltr'>ἔτι</span> <span class='ocrx_word' id='word_1_691' title='bbox 1411 4720 1747 4792; x_wconf 80' lang='grc' dir='ltr'>προσμείνας</span> 
     </span>
    </p>
   </div>
   <div class='ocr_carea' id='block_1_96' title="bbox 183 4808 1748 4888">
    <p class='ocr_par' dir='ltr' id='par_1_96' title="bbox 183 4808 1748 4888">
     <span class='ocr_line' id='line_1_96' title="bbox 183 4808 1748 4888; baseline -0.009 -16"><span class='ocrx_word' id='word_1_692' title='bbox 183 4819 394 4888; x_wconf 75' lang='grc' dir='ltr'>ἡμέρας</span> <span class='ocrx_word' id='word_1_693' title='bbox 425 4817 639 4881; x_wconf 69' lang='grc' dir='ltr'>ἱκανὰς,</span> <span class='ocrx_word' id='word_1_694' title='bbox 664 4818 777 4877; x_wconf 85' lang='grc' dir='ltr'>τοῖς</span> <span class='ocrx_word' id='word_1_695' title='bbox 800 4814 1045 4881; x_wconf 79' lang='grc' dir='ltr'>ἀδελφοῖς</span> <span class='ocrx_word' id='word_1_696' title='bbox 1072 4812 1507 4881; x_wconf 77' lang='grc' dir='ltr'>ἀποταξάμενος,</span> <span class='ocrx_word' id='word_1_697' title='bbox 1535 4808 1748 4873; x_wconf 70' lang='grc' dir='ltr'>ἐξέπλει</span> 
     </span>
    </p>
   </div>
   <div class='ocr_carea' id='block_1_97' title="bbox 182 4895 1751 4978">
    <p class='ocr_par' dir='ltr' id='par_1_97' title="bbox 182 4895 1751 4978">
     <span class='ocr_line' id='line_1_97' title="bbox 182 4895 1751 4978; baseline -0.009 -17"><span class='ocrx_word' id='word_1_698' title='bbox 182 4914 259 4971; x_wconf 80' lang='grc' dir='ltr'>εὶς</span> <span class='ocrx_word' id='word_1_699' title='bbox 293 4907 393 4977; x_wconf 79' lang='grc' dir='ltr'>τὴν</span> <span class='ocrx_word' id='word_1_700' title='bbox 409 4908 630 4978; x_wconf 88' lang='grc' dir='ltr'>Συρίαν,</span> <span class='ocrx_word' id='word_1_701' title='bbox 657 4906 753 4959; x_wconf 70' lang='grc' dir='ltr'>καὶ</span> <span class='ocrx_word' id='word_1_702' title='bbox 783 4906 876 4959; x_wconf 73' lang='grc' dir='ltr'>σὺν</span> <span class='ocrx_word' id='word_1_703' title='bbox 900 4902 1050 4971; x_wconf 83' lang='grc' dir='ltr'><strong><em>αὐτῷ</em></strong></span> <span class='ocrx_word' id='word_1_704' title='bbox 1098 4900 1420 4972; x_wconf 83' lang='grc' dir='ltr'>Πρίσκιλλα,</span> <span class='ocrx_word' id='word_1_705' title='bbox 1452 4899 1546 4950; x_wconf 71' lang='grc' dir='ltr'>καὶ</span> <span class='ocrx_word' id='word_1_706' title='bbox 1592 4895 1751 4949; x_wconf 83' lang='grc' dir='ltr'><strong><em>Ἀκύ-</em></strong></span> 
     </span>
    </p>
   </div>
   <div class='ocr_carea' id='block_1_98' title="bbox 182 4982 1750 5067">
    <p class='ocr_par' dir='ltr' id='par_1_98' title="bbox 182 4982 1750 5067">
     <span class='ocr_line' id='line_1_98' title="bbox 182 4982 1750 5067; baseline -0.008 -16"><span class='ocrx_word' id='word_1_707' title='bbox 182 5001 298 5061; x_wconf 84' lang='grc' dir='ltr'>λας,</span> <span class='ocrx_word' id='word_1_708' title='bbox 323 5000 648 5067; x_wconf 83' lang='grc' dir='ltr'>κειράμενος</span> <span class='ocrx_word' id='word_1_709' title='bbox 672 4997 730 5048; x_wconf 76' lang='grc' dir='ltr'>ὲν</span> <span class='ocrx_word' id='word_1_710' title='bbox 753 4996 1059 5064; x_wconf 77' lang='grc' dir='ltr'>Κεγχρεαῖς</span> <span class='ocrx_word' id='word_1_711' title='bbox 1079 4993 1179 5063; x_wconf 79' lang='grc' dir='ltr'>τὴν</span> <span class='ocrx_word' id='word_1_712' title='bbox 1204 4990 1443 5059; x_wconf 81' lang='grc' dir='ltr'>κεφαλήν</span> <span class='ocrx_word' id='word_1_713' title='bbox 1466 5005 1477 5019; x_wconf 75' lang='grc' dir='ltr'><strong><em>ο</em></strong></span> <span class='ocrx_word' id='word_1_714' title='bbox 1509 4982 1621 5057; x_wconf 75' lang='grc' dir='ltr'>εἶχε</span> <span class='ocrx_word' id='word_1_715' title='bbox 1643 4986 1750 5056; x_wconf 77' lang='grc' dir='ltr'>γὰρ</span> 
     </span>
    </p>
   </div>
   <div class='ocr_carea' id='block_1_99' title="bbox 183 5077 1753 5157">
    <p class='ocr_par' dir='ltr' id='par_1_99' title="bbox 183 5077 1753 5157">
     <span class='ocr_line' id='line_1_99' title="bbox 183 5077 1753 5157; baseline -0.006 -18"><span class='ocrx_word' id='word_1_716' title='bbox 183 5089 369 5157; x_wconf 77' lang='grc' dir='ltr'>εὐχήν.</span> <span class='ocrx_word' id='word_1_717' title='bbox 409 5088 731 5156; x_wconf 78' lang='grc' dir='ltr'>Κατήντησε</span> <span class='ocrx_word' id='word_1_718' title='bbox 756 5085 811 5138; x_wconf 81' lang='grc' dir='ltr'>δὲ</span> <span class='ocrx_word' id='word_1_719' title='bbox 839 5087 921 5145; x_wconf 89' lang='grc' dir='ltr'><strong><em>εἰς</em></strong></span> <span class='ocrx_word' id='word_1_720' title='bbox 952 5084 1207 5152; x_wconf 84' lang='grc' dir='ltr'>Ἔφεσον,</span> <span class='ocrx_word' id='word_1_721' title='bbox 1232 5082 1517 5142; x_wconf 83' lang='grc' dir='ltr'>κάκείνους</span> <span class='ocrx_word' id='word_1_722' title='bbox 1538 5077 1753 5131; x_wconf 82' lang='grc' dir='ltr'>κατέλι-</span> 
     </span>
    </p>
   </div>
   <div class='ocr_carea' id='block_1_100' title="bbox 185 5172 1751 5239">
    <p class='ocr_par' dir='ltr' id='par_1_100' title="bbox 185 5172 1751 5239">
     <span class='ocr_line' id='line_1_100' title="bbox 185 5172 1751 5239; baseline -0.007 -8"><span class='ocrx_word' id='word_1_723' title='bbox 185 5196 285 5232; x_wconf 85' lang='grc' dir='ltr'><strong><em>πεν</em></strong></span> <span class='ocrx_word' id='word_1_724' title='bbox 311 5177 501 5231; x_wconf 80' lang='grc' dir='ltr'>αὑτοῦ.</span> <span class='ocrx_word' id='word_1_725' title='bbox 537 5177 708 5239; x_wconf 77' lang='grc' dir='ltr'>Αὐτὸς</span> <span class='ocrx_word' id='word_1_726' title='bbox 744 5177 801 5229; x_wconf 74' lang='grc' dir='ltr'>δὲ</span> <span class='ocrx_word' id='word_1_727' title='bbox 864 5173 1123 5230; x_wconf 85' lang='grc' dir='ltr'>εἰσελθὼν</span> <span class='ocrx_word' id='word_1_728' title='bbox 1154 5176 1233 5237; x_wconf 82' lang='grc' dir='ltr'><strong><em>είς</em></strong></span> <span class='ocrx_word' id='word_1_729' title='bbox 1276 5173 1375 5239; x_wconf 76' lang='grc' dir='ltr'>τὴν</span> <span class='ocrx_word' id='word_1_730' title='bbox 1423 5172 1751 5238; x_wconf 72' lang='grc' dir='ltr'>συναγωγὴν</span> 
     </span>
    </p>
   </div>
   <div class='ocr_carea' id='block_1_101' title="bbox 183 5260 1753 5336">
    <p class='ocr_par' dir='ltr' id='par_1_101' title="bbox 183 5260 1753 5336">
     <span class='ocr_line' id='line_1_101' title="bbox 183 5260 1753 5336; baseline -0.009 -13"><span class='ocrx_word' id='word_1_731' title='bbox 183 5270 453 5334; x_wconf 73' lang='grc' dir='ltr'>διελέξατο</span> <span class='ocrx_word' id='word_1_732' title='bbox 500 5272 612 5332; x_wconf 77' lang='grc' dir='ltr'>τοῖς</span> <span class='ocrx_word' id='word_1_733' title='bbox 638 5268 936 5330; x_wconf 87' lang='grc' dir='ltr'>Ἰουδαίοις.</span> <span class='ocrx_word' id='word_1_734' title='bbox 990 5263 1347 5336; x_wconf 79' lang='grc' dir='ltr'>Ἐρωτὼντων</span> <span class='ocrx_word' id='word_1_735' title='bbox 1380 5262 1439 5314; x_wconf 73' lang='grc' dir='ltr'>δὲ</span> <span class='ocrx_word' id='word_1_736' title='bbox 1467 5260 1631 5315; x_wconf 85' lang='grc' dir='ltr'>αὐτὸν</span> <span class='ocrx_word' id='word_1_737' title='bbox 1659 5261 1753 5310; x_wconf 81' lang='grc' dir='ltr'><strong><em>ἐπὶ</em></strong></span> 
     </span>
    </p>
   </div>
   <div class='ocr_carea' id='block_1_102' title="bbox 1855 4619 3414 4697">
    <p class='ocr_par' dir='ltr' id='par_1_102' title="bbox 1855 4619 3414 4697">
     <span class='ocr_line' id='line_1_102' title="bbox 1855 4619 3414 4697; baseline 0.004 -24"><span class='ocrx_word' id='word_1_738' title='bbox 1855 4622 2054 4690; x_wconf 72' lang='lat' dir='ltr'><strong><em>vigavit</em></strong></span> <span class='ocrx_word' id='word_1_739' title='bbox 2096 4623 2148 4675; x_wconf 91' lang='lat' dir='ltr'><strong><em>in</em></strong></span> <span class='ocrx_word' id='word_1_740' title='bbox 2190 4619 2401 4693; x_wconf 83' lang='lat' dir='ltr'><strong><em>Syriam</em></strong></span> <span class='ocrx_word' id='word_1_741' title='bbox 2452 4624 2681 4692; x_wconf 88' lang='lat' dir='ltr'><strong><em>(etcum</em></strong></span> <span class='ocrx_word' id='word_1_742' title='bbox 2713 4638 2777 4678; x_wconf 89' lang='lat' dir='ltr'><strong><em>co</em></strong></span> <span class='ocrx_word' id='word_1_743' title='bbox 2826 4624 3071 4679; x_wconf 84' lang='lat' dir='ltr'><strong><em>Priscilla</em></strong></span> <span class='ocrx_word' id='word_1_744' title='bbox 3101 4634 3155 4680; x_wconf 92' lang='lat' dir='ltr'><strong><em>et</em></strong></span> <span class='ocrx_word' id='word_1_745' title='bbox 3176 4626 3414 4697; x_wconf 82' lang='lat' dir='ltr'><strong><em>Aquila),</em></strong></span> 
     </span>
    </p>
   </div>
   <div class='ocr_carea' id='block_1_103' title="bbox 1855 4714 3420 4788">
    <p class='ocr_par' dir='ltr' id='par_1_103' title="bbox 1855 4714 3420 4788">
     <span class='ocr_line' id='line_1_103' title="bbox 1855 4714 3420 4788; baseline 0.003 -21"><span class='ocrx_word' id='word_1_746' title='bbox 1855 4716 1947 4784; x_wconf 91' lang='lat' dir='ltr'><strong><em>qni</em></strong></span> <span class='ocrx_word' id='word_1_747' title='bbox 2004 4714 2104 4767; x_wconf 84' lang='lat' dir='ltr'><strong><em>sibi</em></strong></span> <span class='ocrx_word' id='word_1_748' title='bbox 2155 4714 2464 4769; x_wconf 84' lang='lat' dir='ltr'><strong><em>tutonderat</em></strong></span> <span class='ocrx_word' id='word_1_749' title='bbox 2520 4716 2574 4768; x_wconf 91' lang='lat' dir='ltr'><strong><em>in</em></strong></span> <span class='ocrx_word' id='word_1_750' title='bbox 2628 4715 2892 4772; x_wconf 69' lang='lat' dir='ltr'><strong><em>Ceuchr£s</em></strong></span> <span class='ocrx_word' id='word_1_751' title='bbox 2933 4729 3136 4788; x_wconf 83' lang='lat' dir='ltr'><strong><em>caput:</em></strong></span> <span class='ocrx_word' id='word_1_752' title='bbox 3182 4719 3420 4774; x_wconf 80' lang='lat' dir='ltr'><strong><em>habebat</em></strong></span> 
     </span>
    </p>
   </div>
   <div class='ocr_carea' id='block_1_104' title="bbox 1856 4807 3421 4879">
    <p class='ocr_par' dir='ltr' id='par_1_104' title="bbox 1856 4807 3421 4879">
     <span class='ocr_line' id='line_1_104' title="bbox 1856 4807 3421 4879; baseline 0.003 -20"><span class='ocrx_word' id='word_1_753' title='bbox 1856 4808 2000 4859; x_wconf 88' lang='lat' dir='ltr'><strong><em>enim</em></strong></span> <span class='ocrx_word' id='word_1_754' title='bbox 2030 4814 2234 4860; x_wconf 82' lang='lat' dir='ltr'><strong><em>votum.</em></strong></span> <span class='ocrx_word' id='word_1_755' title='bbox 2266 4807 2596 4879; x_wconf 82' lang='lat' dir='ltr'><strong><em>Devenitque</em></strong></span> <span class='ocrx_word' id='word_1_756' title='bbox 2620 4809 2918 4879; x_wconf 84' lang='lat' dir='ltr'><strong><em>Ephesum,</em></strong></span> <span class='ocrx_word' id='word_1_757' title='bbox 2961 4819 3013 4865; x_wconf 88' lang='lat' dir='ltr'><strong><em>et</em></strong></span> <span class='ocrx_word' id='word_1_758' title='bbox 3045 4811 3117 4863; x_wconf 88' lang='lat' dir='ltr'><strong><em>ibi</em></strong></span> <span class='ocrx_word' id='word_1_759' title='bbox 3148 4811 3268 4867; x_wconf 86' lang='lat' dir='ltr'><strong><em>illos</em></strong></span> <span class='ocrx_word' id='word_1_760' title='bbox 3295 4812 3421 4866; x_wconf 88' lang='lat' dir='ltr'><strong><em>reii-</em></strong></span> 
     </span>
    </p>
   </div>
   <div class='ocr_carea' id='block_1_105' title="bbox 1856 4897 3416 4972">
    <p class='ocr_par' dir='ltr' id='par_1_105' title="bbox 1856 4897 3416 4972">
     <span class='ocr_line' id='line_1_105' title="bbox 1856 4897 3416 4972; baseline 0.004 -23"><span class='ocrx_word' id='word_1_761' title='bbox 1856 4897 1993 4965; x_wconf 81' lang='lat' dir='ltr'><strong><em>quit.</em></strong></span> <span class='ocrx_word' id='word_1_762' title='bbox 2052 4898 2173 4966; x_wconf 84' lang='lat' dir='ltr'><strong><em>ipse</em></strong></span> <span class='ocrx_word' id='word_1_763' title='bbox 2221 4913 2346 4952; x_wconf 86' lang='lat' dir='ltr'><strong><em>vero</em></strong></span> <span class='ocrx_word' id='word_1_764' title='bbox 2376 4900 2657 4969; x_wconf 81' lang='lat' dir='ltr'><strong><em>ingressus</em></strong></span> <span class='ocrx_word' id='word_1_765' title='bbox 2706 4915 3075 4971; x_wconf 79' lang='lat' dir='ltr'><strong><em>synagogam,</em></strong></span> <span class='ocrx_word' id='word_1_766' title='bbox 3106 4901 3416 4972; x_wconf 83' lang='lat' dir='ltr'><strong><em>disputabat</em></strong></span> 
     </span>
    </p>
   </div>
   <div class='ocr_carea' id='block_1_106' title="bbox 1856 4986 3418 5062">
    <p class='ocr_par' dir='ltr' id='par_1_106' title="bbox 1856 4986 3418 5062">
     <span class='ocr_line' id='line_1_106' title="bbox 1856 4986 3418 5062; baseline 0.004 -24"><span class='ocrx_word' id='word_1_767' title='bbox 1856 5002 1979 5040; x_wconf 87' lang='lat' dir='ltr'><strong><em>cum</em></strong></span> <span class='ocrx_word' id='word_1_768' title='bbox 2034 4986 2255 5044; x_wconf 64' lang='lat' dir='ltr'><strong><em>ludatis.</em></strong></span> <span class='ocrx_word' id='word_1_769' title='bbox 2321 4988 2660 5059; x_wconf 67' lang='lat' dir='ltr'><strong><em>Brigantibus</em></strong></span> <span class='ocrx_word' id='word_1_770' title='bbox 2710 5001 2892 5045; x_wconf 87' lang='lat' dir='ltr'><strong><em>autem</em></strong></span> <span class='ocrx_word' id='word_1_771' title='bbox 2941 4993 3023 5046; x_wconf 86' lang='lat' dir='ltr'><strong><em>eis</em></strong></span> <span class='ocrx_word' id='word_1_772' title='bbox 3065 5001 3127 5046; x_wconf 88' lang='lat' dir='ltr'><strong><em>ut</em></strong></span> <span class='ocrx_word' id='word_1_773' title='bbox 3168 4993 3418 5062; x_wconf 83' lang='lat' dir='ltr'><strong><em>atupliori</em></strong></span> 
     </span>
    </p>
   </div>
   <div class='ocr_carea' id='block_1_107' title="bbox 1855 5082 3422 5149">
    <p class='ocr_par' dir='ltr' id='par_1_107' title="bbox 1855 5082 3422 5149">
     <span class='ocr_line' id='line_1_107' title="bbox 1855 5082 3422 5149; baseline 0.004 -19"><span class='ocrx_word' id='word_1_774' title='bbox 1855 5088 2101 5149; x_wconf 87' lang='lat' dir='ltr'><strong><em>tempore</em></strong></span> <span class='ocrx_word' id='word_1_775' title='bbox 2148 5090 2409 5145; x_wconf 84' lang='lat' dir='ltr'><strong><em>maneret,</em></strong></span> <span class='ocrx_word' id='word_1_776' title='bbox 2460 5098 2566 5135; x_wconf 85' lang='lat' dir='ltr'><strong><em>non</em></strong></span> <span class='ocrx_word' id='word_1_777' title='bbox 2595 5084 2908 5148; x_wconf 87' lang='lat' dir='ltr'><strong><em>consensit;</em></strong></span> <span class='ocrx_word' id='word_1_778' title='bbox 2943 5082 3039 5138; x_wconf 85' lang='lat' dir='ltr'><strong><em>sed</em></strong></span> <span class='ocrx_word' id='word_1_779' title='bbox 3093 5083 3422 5139; x_wconf 74' lang='lat' dir='ltr'><strong><em>valelaeicns</em></strong></span> 
     </span>
    </p>
   </div>
   <div class='ocr_carea' id='block_1_108' title="bbox 1856 5171 3419 5239">
    <p class='ocr_par' dir='ltr' id='par_1_108' title="bbox 1856 5171 3419 5239">
     <span class='ocr_line' id='line_1_108' title="bbox 1856 5171 3419 5239; baseline 0.003 -15"><span class='ocrx_word' id='word_1_780' title='bbox 1856 5182 1908 5224; x_wconf 90' lang='lat' dir='ltr'><strong><em>ct</em></strong></span> <span class='ocrx_word' id='word_1_781' title='bbox 1942 5173 2171 5226; x_wconf 87' lang='lat' dir='ltr'><strong><em>dicens:</em></strong></span> <span class='ocrx_word' id='word_1_782' title='bbox 2223 5171 2422 5226; x_wconf 86' lang='lat' dir='ltr'><strong><em>lterum</em></strong></span> <span class='ocrx_word' id='word_1_783' title='bbox 2475 5182 2716 5228; x_wconf 86' lang='lat' dir='ltr'><strong><em>revertar</em></strong></span> <span class='ocrx_word' id='word_1_784' title='bbox 2765 5175 2832 5227; x_wconf 85' lang='lat' dir='ltr'><strong><em>ad</em></strong></span> <span class='ocrx_word' id='word_1_785' title='bbox 2885 5190 3001 5238; x_wconf 73' lang='lat' dir='ltr'><strong><em>vos,</em></strong></span> <span class='ocrx_word' id='word_1_786' title='bbox 3040 5173 3148 5229; x_wconf 91' lang='lat' dir='ltr'><strong><em>Deo</em></strong></span> <span class='ocrx_word' id='word_1_787' title='bbox 3186 5176 3419 5239; x_wconf 71' lang='lat' dir='ltr'><strong><em>volente,</em></strong></span> 
     </span>
    </p>
   </div>
   <div class='ocr_carea' id='block_1_109' title="bbox 1859 5262 2595 5333">
    <p class='ocr_par' dir='ltr' id='par_1_109' title="bbox 1859 5262 2595 5333">
     <span class='ocr_line' id='line_1_109' title="bbox 1859 5262 2595 5333; baseline 0.003 -18"><span class='ocrx_word' id='word_1_788' title='bbox 1859 5262 2134 5330; x_wconf 79' lang='lat' dir='ltr'><strong><em>prolectus</em></strong></span> <span class='ocrx_word' id='word_1_789' title='bbox 2159 5273 2241 5319; x_wconf 86' lang='lat' dir='ltr'><strong><em>est</em></strong></span> <span class='ocrx_word' id='word_1_790' title='bbox 2273 5264 2340 5317; x_wconf 73' lang='lat' dir='ltr'><strong><em>all</em></strong></span> <span class='ocrx_word' id='word_1_791' title='bbox 2362 5263 2595 5333; x_wconf 85' lang='lat' dir='ltr'><strong><em>Epheso.</em></strong></span> 
     </span>
    </p>
   </div>
   <div class='ocr_carea' id='block_1_110' title="bbox 186 5352 3424 5435">
    <p class='ocr_par' dir='ltr' id='par_1_110' title="bbox 186 5352 3424 5435">
     <span class='ocr_line' id='line_1_110' title="bbox 186 5352 3424 5435; baseline -0.002 -16"><span class='ocrx_word' id='word_1_792' title='bbox 186 5366 406 5419; x_wconf 82' lang='grc' dir='ltr'>πλείονα</span> <span class='ocrx_word' id='word_1_793' title='bbox 428 5366 617 5435; x_wconf 88' lang='grc' dir='ltr'>χρόνον</span> <span class='ocrx_word' id='word_1_794' title='bbox 650 5366 828 5433; x_wconf 73' lang='grc' dir='ltr'>μεῖναι</span> <span class='ocrx_word' id='word_1_795' title='bbox 864 5364 992 5435; x_wconf 81' lang='grc' dir='ltr'>παρ’</span> <span class='ocrx_word' id='word_1_796' title='bbox 1033 5352 1239 5427; x_wconf 81' lang='grc' dir='ltr'>αῦτοῖς,</span> <span class='ocrx_word' id='word_1_797' title='bbox 1272 5360 1371 5415; x_wconf 82' lang='grc' dir='ltr'>οὐκ</span> <span class='ocrx_word' id='word_1_798' title='bbox 1418 5358 1707 5411; x_wconf 71' lang='grc' dir='ltr'>ἐπένευσεν</span> <span class='ocrx_word' id='word_1_799' title='bbox 1734 5372 1746 5387; x_wconf 71' lang='grc'><strong>⁸</strong></span> <span class='ocrx_word' id='word_1_800' title='bbox 1787 5357 1903 5409; x_wconf 83' lang='grc' dir='ltr'>ἀλλ’</span> <span class='ocrx_word' id='word_1_801' title='bbox 1934 5360 2343 5429; x_wconf 73' lang='grc' dir='ltr'>ἀποταξάμενος</span> <span class='ocrx_word' id='word_1_802' title='bbox 2390 5362 2595 5424; x_wconf 70' lang='grc' dir='ltr'>αὐτοῖς,</span> <span class='ocrx_word' id='word_1_803' title='bbox 2624 5363 2715 5414; x_wconf 81' lang='grc' dir='ltr'>καὶ</span> <span class='ocrx_word' id='word_1_804' title='bbox 2775 5360 2972 5413; x_wconf 79' lang='grc' dir='ltr'>εἰπών’</span> <span class='ocrx_word' id='word_1_805' title='bbox 3011 5365 3101 5413; x_wconf 79' lang='grc' dir='ltr'><strong><em>Δεῖ</em></strong></span> <span class='ocrx_word' id='word_1_806' title='bbox 3154 5380 3220 5432; x_wconf 83' lang='grc' dir='ltr'><strong><em>με</em></strong></span> <span class='ocrx_word' id='word_1_807' title='bbox 3290 5362 3424 5414; x_wconf 67' lang='grc' dir='ltr'>πᾶν·</span> 
     </span>
    </p>
   </div>
   <div class='ocr_carea' id='block_1_111' title="bbox 187 5450 3423 5529">
    <p class='ocr_par' dir='ltr' id='par_1_111' title="bbox 187 5450 3423 5529">
     <span class='ocr_line' id='line_1_111' title="bbox 187 5450 3423 5529; baseline 0 -26"><span class='ocrx_word' id='word_1_808' title='bbox 187 5480 289 5523; x_wconf 72' lang='grc' dir='ltr'><strong><em>τω;</em></strong></span> <span class='ocrx_word' id='word_1_809' title='bbox 322 5463 425 5529; x_wconf 77' lang='grc' dir='ltr'><strong><em>τὴν</em></strong></span> <span class='ocrx_word' id='word_1_810' title='bbox 454 5458 648 5529; x_wconf 74' lang='grc' dir='ltr'>ἑορτὴν</span> <span class='ocrx_word' id='word_1_811' title='bbox 674 5456 775 5528; x_wconf 81' lang='grc' dir='ltr'>τὴν</span> <span class='ocrx_word' id='word_1_812' title='bbox 814 5456 1114 5526; x_wconf 69' lang='grc' dir='ltr'>ἐρχομένην</span> <span class='ocrx_word' id='word_1_813' title='bbox 1142 5454 1366 5523; x_wconf 80' lang='grc' dir='ltr'>ποιῆσαι</span> <span class='ocrx_word' id='word_1_814' title='bbox 1400 5454 1479 5513; x_wconf 79' lang='grc' dir='ltr'><strong><em>είς</em></strong></span> <span class='ocrx_word' id='word_1_815' title='bbox 1518 5450 1895 5520; x_wconf 81' lang='grc' dir='ltr'>Ἰερουσαλὴμ,</span> <span class='ocrx_word' id='word_1_816' title='bbox 1926 5451 2021 5504; x_wconf 73' lang='grc' dir='ltr'>καὶ</span> <span class='ocrx_word' id='word_1_817' title='bbox 2082 5452 2245 5505; x_wconf 80' lang='grc' dir='ltr'>πάλιν</span> <span class='ocrx_word' id='word_1_818' title='bbox 2295 5454 2602 5522; x_wconf 65' lang='grc' dir='ltr'>ἀνακάμψω</span> <span class='ocrx_word' id='word_1_819' title='bbox 2650 5453 2783 5522; x_wconf 67' lang='grc' dir='ltr'>πρὸς</span> <span class='ocrx_word' id='word_1_820' title='bbox 2824 5454 2968 5523; x_wconf 78' lang='grc' dir='ltr'>ὑμᾶς</span> <span class='ocrx_word' id='word_1_821' title='bbox 3006 5453 3100 5507; x_wconf 83' lang='grc' dir='ltr'><strong><em>τοῦ</em></strong></span> <span class='ocrx_word' id='word_1_822' title='bbox 3152 5454 3289 5507; x_wconf 81' lang='grc' dir='ltr'>Θεοῦ</span> <span class='ocrx_word' id='word_1_823' title='bbox 3337 5454 3423 5505; x_wconf 78' lang='grc' dir='ltr'><strong><em>θέ-</em></strong></span> 
     </span>
    </p>
   </div>
   <div class='ocr_carea' id='block_1_112' title="bbox 187 5546 1313 5619">
    <p class='ocr_par' dir='ltr' id='par_1_112' title="bbox 187 5546 1313 5619">
     <span class='ocr_line' id='line_1_112' title="bbox 187 5546 1313 5619; baseline -0.009 -11"><span class='ocrx_word' id='word_1_824' title='bbox 187 5558 387 5617; x_wconf 82' lang='grc' dir='ltr'>λοντος,</span> <span class='ocrx_word' id='word_1_825' title='bbox 429 5551 522 5603; x_wconf 74' lang='grc' dir='ltr'>καὶ</span> <span class='ocrx_word' id='word_1_826' title='bbox 549 5549 761 5619; x_wconf 77' lang='grc' dir='ltr'>ἀνήχθη</span> <span class='ocrx_word' id='word_1_827' title='bbox 791 5548 900 5600; x_wconf 78' lang='grc' dir='ltr'>ἀπὸ</span> <span class='ocrx_word' id='word_1_828' title='bbox 932 5550 1031 5616; x_wconf 78' lang='grc' dir='ltr'>τῆς</span> <span class='ocrx_word' id='word_1_829' title='bbox 1072 5546 1313 5614; x_wconf 78' lang='grc' dir='ltr'>Ἐφέσου.</span> 
     </span>
    </p>
   </div>
   <div class='ocr_carea' id='block_1_113' title="bbox 782 5638 1159 5693">
    <p class='ocr_par' dir='ltr' id='par_1_113' title="bbox 782 5638 1159 5693">
     <span class='ocr_line' id='line_1_113' title="bbox 782 5638 1159 5693; baseline -0.005 0"><span class='ocrx_word' id='word_1_830' title='bbox 782 5638 1159 5693; x_wconf 82' lang='grc' dir='ltr'><strong><em>ΕΡΜΗΝΕΙΑ.</em></strong></span> 
     </span>
    </p>
   </div>
   <div class='ocr_carea' id='block_1_114' title="bbox 260 5729 1753 5802">
    <p class='ocr_par' dir='ltr' id='par_1_114' title="bbox 260 5729 1753 5802">
     <span class='ocr_line' id='line_1_114' title="bbox 260 5729 1753 5802; baseline -0.008 -12"><span class='ocrx_word' id='word_1_831' title='bbox 260 5737 325 5791; x_wconf 74' lang='lat'><strong><em>‘0</em></strong></span> <span class='ocrx_word' id='word_1_832' title='bbox 348 5736 406 5789; x_wconf 82' lang='grc' dir='ltr'>δὲ</span> <span class='ocrx_word' id='word_1_833' title='bbox 432 5735 581 5802; x_wconf 74' lang='grc' dir='ltr'>λέγει</span> <span class='ocrx_word' id='word_1_834' title='bbox 602 5731 839 5786; x_wconf 72' lang='grc' dir='ltr'>τοιοῦτὸν</span> <span class='ocrx_word' id='word_1_835' title='bbox 860 5732 1036 5782; x_wconf 73' lang='grc' dir='ltr'>ἐστιν·</span> <span class='ocrx_word' id='word_1_836' title='bbox 1065 5730 1331 5791; x_wconf 81' lang='grc' dir='ltr'>Ἕκαστος</span> <span class='ocrx_word' id='word_1_837' title='bbox 1371 5729 1479 5781; x_wconf 82' lang='grc' dir='ltr'><strong><em>τῶν</em></strong></span> <span class='ocrx_word' id='word_1_838' title='bbox 1513 5729 1753 5779; x_wconf 81' lang='grc' dir='ltr'>ἀποστα-</span> 
     </span>
    </p>
   </div>
   <div class='ocr_carea' id='block_1_115' title="bbox 189 5818 1749 5892">
    <p class='ocr_par' dir='ltr' id='par_1_115' title="bbox 189 5818 1749 5892">
     <span class='ocr_line' id='line_1_115' title="bbox 189 5818 1749 5892; baseline -0.006 -11"><span class='ocrx_word' id='word_1_839' title='bbox 189 5831 419 5881; x_wconf 69' lang='grc' dir='ltr'>τοὺντων</span> <span class='ocrx_word' id='word_1_840' title='bbox 444 5823 682 5892; x_wconf 69' lang='grc' dir='ltr'>Χριστῷ,</span> <span class='ocrx_word' id='word_1_841' title='bbox 710 5824 766 5884; x_wconf 84' lang='grc' dir='ltr'>ὃς</span> <span class='ocrx_word' id='word_1_842' title='bbox 787 5823 901 5872; x_wconf 76' lang='grc' dir='ltr'>ἐστι</span> <span class='ocrx_word' id='word_1_843' title='bbox 928 5820 1063 5889; x_wconf 74' lang='grc' dir='ltr'>ζωὴ.</span> <span class='ocrx_word' id='word_1_844' title='bbox 1097 5820 1243 5872; x_wconf 81' lang='grc' dir='ltr'>δοκεῖ</span> <span class='ocrx_word' id='word_1_845' title='bbox 1267 5820 1455 5872; x_wconf 66' lang='grc' dir='ltr'>ἑαυτὸν</span> <span class='ocrx_word' id='word_1_846' title='bbox 1486 5818 1749 5887; x_wconf 74' lang='grc' dir='ltr'>φονεύειν,</span> 
     </span>
    </p>
   </div>
   <div class='ocr_carea' id='block_1_116' title="bbox 521 5912 1223 5973">
    <p class='ocr_par' dir='ltr' id='par_1_116' title="bbox 521 5912 1223 5973">
     <span class='ocr_line' id='line_1_116' title="bbox 521 5912 1223 5973; baseline -0.003 0"><span class='ocrx_word' id='word_1_847' title='bbox 521 5915 786 5973; x_wconf 69' lang='lat' dir='ltr'><strong><em>Parnm.</em></strong></span> <span class='ocrx_word' id='word_1_848' title='bbox 832 5915 945 5973; x_wconf 78' lang='lat' dir='ltr'><strong><em>Gn.</em></strong></span> <span class='ocrx_word' id='word_1_849' title='bbox 992 5912 1223 5971; x_wconf 74' lang='lat' dir='ltr'><strong><em>CXXV.</em></strong></span> 
     </span>
    </p>
   </div>
   <div class='ocr_carea' id='block_1_117' title="bbox 2362 5634 2927 5692">
    <p class='ocr_par' dir='ltr' id='par_1_117' title="bbox 2362 5634 2927 5692">
     <span class='ocr_line' id='line_1_117' title="bbox 2362 5634 2927 5692; baseline 0.002 -3"><span class='ocrx_word' id='word_1_850' title='bbox 2362 5634 2927 5692; x_wconf 72' lang='lat' dir='ltr'><strong><em>COMMENTARIUS.</em></strong></span> 
     </span>
    </p>
   </div>
   <div class='ocr_carea' id='block_1_118' title="bbox 1942 5726 3423 5798">
    <p class='ocr_par' dir='ltr' id='par_1_118' title="bbox 1942 5726 3423 5798">
     <span class='ocr_line' id='line_1_118' title="bbox 1942 5726 3423 5798; baseline 0.002 -20"><span class='ocrx_word' id='word_1_851' title='bbox 1942 5746 1959 5778; x_wconf 83' lang='grc'><strong>‹</strong></span> <span class='ocrx_word' id='word_1_852' title='bbox 2005 5726 2239 5798; x_wconf 84' lang='lat' dir='ltr'><strong><em>Sanguis</em></strong></span> <span class='ocrx_word' id='word_1_853' title='bbox 2296 5737 2477 5781; x_wconf 65' lang='lat' dir='ltr'><strong><em>vester</em></strong></span> <span class='ocrx_word' id='word_1_854' title='bbox 2528 5744 2693 5797; x_wconf 85' lang='lat' dir='ltr'><strong><em>super</em></strong></span> <span class='ocrx_word' id='word_1_855' title='bbox 2738 5738 2898 5797; x_wconf 85' lang='lat' dir='ltr'><strong><em>caput</em></strong></span> <span class='ocrx_word' id='word_1_856' title='bbox 2948 5737 3214 5782; x_wconf 80' lang='lat' dir='ltr'><strong><em>vestrum.</em></strong></span> <span class='ocrx_word' id='word_1_857' title='bbox 3253 5748 3270 5779; x_wconf 76' lang='grc' dir='ltr'><strong><em>ι</em></strong></span> <span class='ocrx_word' id='word_1_858' title='bbox 3309 5730 3423 5782; x_wconf 85' lang='lat' dir='ltr'><strong><em>[loc</em></strong></span> 
     </span>
    </p>
   </div>
   <div class='ocr_carea' id='block_1_119' title="bbox 1864 5817 3423 5886">
    <p class='ocr_par' dir='ltr' id='par_1_119' title="bbox 1864 5817 3423 5886">
     <span class='ocr_line' id='line_1_119' title="bbox 1864 5817 3423 5886; baseline 0.001 -14"><span class='ocrx_word' id='word_1_859' title='bbox 1864 5819 2085 5886; x_wconf 82' lang='lat' dir='ltr'><strong><em>perinde</em></strong></span> <span class='ocrx_word' id='word_1_860' title='bbox 2137 5828 2241 5885; x_wconf 90' lang='lat' dir='ltr'><strong><em>cst,</em></strong></span> <span class='ocrx_word' id='word_1_861' title='bbox 2278 5834 2340 5873; x_wconf 90' lang='lat' dir='ltr'><strong><em>ac</em></strong></span> <span class='ocrx_word' id='word_1_862' title='bbox 2390 5819 2434 5873; x_wconf 78' lang='lat' dir='ltr'><strong><em>si</em></strong></span> <span class='ocrx_word' id='word_1_863' title='bbox 2468 5819 2665 5873; x_wconf 86' lang='lat' dir='ltr'><strong><em>diceret</em></strong></span> <span class='ocrx_word' id='word_1_864' title='bbox 2701 5836 2713 5871; x_wconf 90' lang='lat'><strong>:</strong></span> <span class='ocrx_word' id='word_1_865' title='bbox 2756 5818 3080 5886; x_wconf 80' lang='lat' dir='ltr'><strong><em>Quicunque</em></strong></span> <span class='ocrx_word' id='word_1_866' title='bbox 3125 5832 3153 5869; x_wconf 83' lang='lat' dir='ltr'><strong><em>a</em></strong></span> <span class='ocrx_word' id='word_1_867' title='bbox 3184 5817 3423 5881; x_wconf 87' lang='lat' dir='ltr'><strong><em>Christo,</em></strong></span> 
     </span>
    </p>
   </div>
   <div class='ocr_carea' id='block_1_120' title="bbox 3005 5908 3079 5966">
    <p class='ocr_par' dir='ltr' id='par_1_120' title="bbox 3005 5908 3079 5966">
     <span class='ocr_line' id='line_1_120' title="bbox 3005 5908 3079 5966; baseline -0.014 0"><span class='ocrx_word' id='word_1_868' title='bbox 3005 5908 3079 5966; x_wconf 65' lang='lat'><strong><em>3:2</em></strong></span> 
     </span>
    </p>
   </div>
  </div>
