  <div class='ocr_page' id='page_1' title='image "/cluster/home/n/w/nwhite01/storage/ocr_20150623/125/nnc1.0046979794/505.png"; bbox 0 0 4164 6444; ppageno 0'>
   <div class='ocr_carea' id='block_1_1' title="bbox 779 401 914 463">
    <p class='ocr_par' dir='ltr' id='par_1_1' title="bbox 779 401 914 463">
     <span class='ocr_line' id='line_1_1' title="bbox 779 401 914 463; baseline -0.022 0"><span class='ocrx_word' id='word_1_1' title='bbox 779 401 914 463; x_wconf 73' lang='lat'><strong>1003</strong></span> 
     </span>
    </p>
   </div>
   <div class='ocr_carea' id='block_1_2' title="bbox 1698 400 3113 467">
    <p class='ocr_par' dir='ltr' id='par_1_2' title="bbox 1698 400 3113 467">
     <span class='ocr_line' id='line_1_2' title="bbox 1698 400 3113 467; baseline 0.006 -10"><span class='ocrx_word' id='word_1_2' title='bbox 1698 400 2265 461; x_wconf 64' lang='lat' dir='ltr'><strong>&#39;l‘lliit&#39;ll’lll&#39;l..~\Ci&#39;l</strong></span> <span class='ocrx_word' id='word_1_3' title='bbox 2320 403 2723 466; x_wconf 65' lang='lat' dir='ltr'><strong>[IULGAIILE</strong></span> <span class='ocrx_word' id='word_1_4' title='bbox 2760 407 3113 467; x_wconf 74' lang='lat' dir='ltr'><strong>AIlCHlEI’.</strong></span> 
     </span>
    </p>
   </div>
   <div class='ocr_carea' id='block_1_3' title="bbox 3886 416 4021 478">
    <p class='ocr_par' dir='ltr' id='par_1_3' title="bbox 3886 416 4021 478">
     <span class='ocr_line' id='line_1_3' title="bbox 3886 416 4021 478; baseline -0.007 0"><span class='ocrx_word' id='word_1_5' title='bbox 3886 416 4021 478; x_wconf 66' lang='lat'><strong>1004</strong></span> 
     </span>
    </p>
   </div>
   <div class='ocr_carea' id='block_1_4' title="bbox 776 512 2327 597">
    <p class='ocr_par' dir='ltr' id='par_1_4' title="bbox 776 512 2319 585">
     <span class='ocr_line' id='line_1_4' title="bbox 776 512 2319 585; baseline 0 -16"><span class='ocrx_word' id='word_1_6' title='bbox 776 517 868 584; x_wconf 74' lang='lat' dir='ltr'><strong>qui</strong></span> <span class='ocrx_word' id='word_1_7' title='bbox 902 518 1008 568; x_wconf 78' lang='lat' dir='ltr'><strong>vita</strong></span> <span class='ocrx_word' id='word_1_8' title='bbox 1042 521 1143 575; x_wconf 76' lang='lat' dir='ltr'><strong>est,</strong></span> <span class='ocrx_word' id='word_1_9' title='bbox 1185 512 1548 565; x_wconf 67' lang='lat' dir='ltr'><strong>secessionem</strong></span> <span class='ocrx_word' id='word_1_10' title='bbox 1601 512 1750 579; x_wconf 82' lang='lat' dir='ltr'><strong>facit,</strong></span> <span class='ocrx_word' id='word_1_11' title='bbox 1802 515 2154 585; x_wconf 87' lang='lat' dir='ltr'><strong>semetipsum</strong></span> <span class='ocrx_word' id='word_1_12' title='bbox 2203 517 2319 569; x_wconf 83' lang='lat' dir='ltr'><strong>ocei</strong></span> 
     </span>
    </p>
   </div>
   <div class='ocr_carea' id='block_1_5' title="bbox 2429 512 4031 597">
    <p class='ocr_par' dir='ltr' id='par_1_5' title="bbox 2453 518 4031 597">
     <span class='ocr_line' id='line_1_5' title="bbox 2453 518 4031 597; baseline 0.008 -27"><span class='ocrx_word' id='word_1_13' title='bbox 2453 518 2559 570; x_wconf 77' lang='grc' dir='ltr'><strong>ἀπὸ</strong></span> <span class='ocrx_word' id='word_1_14' title='bbox 2590 519 2687 587; x_wconf 83' lang='grc' dir='ltr'>τῆς</span> <span class='ocrx_word' id='word_1_15' title='bbox 2719 520 2864 588; x_wconf 78' lang='grc' dir='ltr'>ζωῆς</span> <span class='ocrx_word' id='word_1_16' title='bbox 2898 520 3243 588; x_wconf 78' lang='grc' dir='ltr'>μεταϐαίνων</span> <span class='ocrx_word' id='word_1_17' title='bbox 3274 521 3353 583; x_wconf 88' lang='grc' dir='ltr'><strong>εἰς</strong></span> <span class='ocrx_word' id='word_1_18' title='bbox 3383 522 3635 589; x_wconf 81' lang='grc' dir='ltr'>θάνατον,</span> <span class='ocrx_word' id='word_1_19' title='bbox 3674 525 3734 577; x_wconf 84' lang='grc' dir='ltr'>τὸ</span> <span class='ocrx_word' id='word_1_20' title='bbox 3762 522 3905 597; x_wconf 79' lang='grc' dir='ltr'>αἷμα</span> <span class='ocrx_word' id='word_1_21' title='bbox 3941 532 4031 581; x_wconf 69' lang='grc' dir='ltr'><strong>αὺ-</strong></span> 
     </span>
    </p>
   </div>
   <div class='ocr_carea' id='block_1_6' title="bbox 774 604 2341 671">
    <p class='ocr_par' dir='ltr' id='par_1_6' title="bbox 774 604 2341 671">
     <span class='ocr_line' id='line_1_6' title="bbox 774 604 2341 671; baseline -0.001 -11"><span class='ocrx_word' id='word_1_22' title='bbox 774 610 903 661; x_wconf 86' lang='lat' dir='ltr'><strong>derc</strong></span> <span class='ocrx_word' id='word_1_23' title='bbox 929 604 1160 667; x_wconf 81' lang='lat' dir='ltr'><strong>videtur,</strong></span> <span class='ocrx_word' id='word_1_24' title='bbox 1198 621 1224 655; x_wconf 86' lang='lat' dir='ltr'><strong>a</strong></span> <span class='ocrx_word' id='word_1_25' title='bbox 1264 604 1370 655; x_wconf 87' lang='lat' dir='ltr'><strong>vita</strong></span> <span class='ocrx_word' id='word_1_26' title='bbox 1422 614 1764 659; x_wconf 80' lang='lat' dir='ltr'><strong>lransmeans</strong></span> <span class='ocrx_word' id='word_1_27' title='bbox 1813 605 1866 657; x_wconf 92' lang='lat' dir='ltr'><strong>in</strong></span> <span class='ocrx_word' id='word_1_28' title='bbox 1916 616 2167 671; x_wconf 89' lang='lat' dir='ltr'><strong>mortem,</strong></span> <span class='ocrx_word' id='word_1_29' title='bbox 2217 623 2341 662; x_wconf 81' lang='lat' dir='ltr'><strong>san-</strong></span> 
     </span>
    </p>
   </div>
   <div class='ocr_carea' id='block_1_7' title="bbox 772 693 2341 767">
    <p class='ocr_par' dir='ltr' id='par_1_7' title="bbox 772 693 2341 767">
     <span class='ocr_line' id='line_1_7' title="bbox 772 693 2341 767; baseline 0.001 -20"><span class='ocrx_word' id='word_1_30' title='bbox 772 698 1097 766; x_wconf 75' lang='lat' dir='ltr'><strong>guineinun</strong></span> <span class='ocrx_word' id='word_1_31' title='bbox 1132 695 1303 763; x_wconf 85' lang='lat' dir='ltr'><strong>ipsius</strong></span> <span class='ocrx_word' id='word_1_32' title='bbox 1326 694 1724 763; x_wconf 86' lang='lat' dir='ltr'><strong>quodammodo</strong></span> <span class='ocrx_word' id='word_1_33' title='bbox 1754 693 1992 750; x_wconf 82' lang='lat' dir='ltr'><strong>fundens</strong></span> <span class='ocrx_word' id='word_1_34' title='bbox 2011 712 2106 767; x_wconf 83' lang='lat' dir='ltr'><strong>per</strong></span> <span class='ocrx_word' id='word_1_35' title='bbox 2132 713 2341 762; x_wconf 87' lang='lat' dir='ltr'><strong>necem,</strong></span> 
     </span>
    </p>
   </div>
   <div class='ocr_carea' id='block_1_8' title="bbox 770 785 2337 858">
    <p class='ocr_par' dir='ltr' id='par_1_8' title="bbox 770 785 2337 858">
     <span class='ocr_line' id='line_1_8' title="bbox 770 785 2337 858; baseline 0.001 -17"><span class='ocrx_word' id='word_1_36' title='bbox 770 805 931 856; x_wconf 78' lang='lat' dir='ltr'><strong>quam</strong></span> <span class='ocrx_word' id='word_1_37' title='bbox 964 789 1063 843; x_wconf 84' lang='lat' dir='ltr'><strong>sibi</strong></span> <span class='ocrx_word' id='word_1_38' title='bbox 1094 788 1211 856; x_wconf 82' lang='lat' dir='ltr'><strong>ipse</strong></span> <span class='ocrx_word' id='word_1_39' title='bbox 1248 785 1437 841; x_wconf 80' lang='lat' dir='ltr'><strong>infert.</strong></span> <span class='ocrx_word' id='word_1_40' title='bbox 1488 786 1575 839; x_wconf 81' lang='lat' dir='ltr'><strong>Ait</strong></span> <span class='ocrx_word' id='word_1_41' title='bbox 1605 786 1789 855; x_wconf 88' lang='lat' dir='ltr'><strong>itaque</strong></span> <span class='ocrx_word' id='word_1_42' title='bbox 1820 803 1833 839; x_wconf 90' lang='lat'><strong>:</strong></span> <span class='ocrx_word' id='word_1_43' title='bbox 1864 786 2159 858; x_wconf 86' lang='lat' dir='ltr'><strong>Propterea</strong></span> <span class='ocrx_word' id='word_1_44' title='bbox 2189 790 2337 857; x_wconf 86' lang='lat' dir='ltr'><strong>quod</strong></span> 
     </span>
    </p>
   </div>
   <div class='ocr_carea' id='block_1_9' title="bbox 773 878 2342 948">
    <p class='ocr_par' dir='ltr' id='par_1_9' title="bbox 773 878 2342 948">
     <span class='ocr_line' id='line_1_9' title="bbox 773 878 2342 948; baseline 0.003 -19"><span class='ocrx_word' id='word_1_45' title='bbox 773 879 1153 933; x_wconf 91' lang='lat' dir='ltr'><strong>incredulitate</strong></span> <span class='ocrx_word' id='word_1_46' title='bbox 1207 888 1387 931; x_wconf 88' lang='lat' dir='ltr'><strong>vestra</strong></span> <span class='ocrx_word' id='word_1_47' title='bbox 1438 878 2135 948; x_wconf 58' lang='lat' dir='ltr'><strong>vosmetipsosiugulatis.</strong></span> <span class='ocrx_word' id='word_1_48' title='bbox 2178 880 2342 948; x_wconf 83' lang='lat' dir='ltr'><strong>hujus</strong></span> 
     </span>
    </p>
   </div>
   <div class='ocr_carea' id='block_1_10' title="bbox 774 968 2340 1039">
    <p class='ocr_par' dir='ltr' id='par_1_10' title="bbox 774 968 2340 1039">
     <span class='ocr_line' id='line_1_10' title="bbox 774 968 2340 1039; baseline 0.001 -18"><span class='ocrx_word' id='word_1_49' title='bbox 774 973 849 1021; x_wconf 89' lang='lat' dir='ltr'><strong>rei</strong></span> <span class='ocrx_word' id='word_1_50' title='bbox 888 984 1104 1039; x_wconf 72' lang='lat' dir='ltr'><strong>pmnam</strong></span> <span class='ocrx_word' id='word_1_51' title='bbox 1162 985 1259 1023; x_wconf 86' lang='lat' dir='ltr'><strong>vos</strong></span> <span class='ocrx_word' id='word_1_52' title='bbox 1315 968 1488 1021; x_wconf 90' lang='lat' dir='ltr'><strong>luite:</strong></span> <span class='ocrx_word' id='word_1_53' title='bbox 1549 983 1651 1038; x_wconf 83' lang='lat' dir='ltr'><strong>ego</strong></span> <span class='ocrx_word' id='word_1_54' title='bbox 1699 970 1954 1023; x_wconf 80' lang='lat' dir='ltr'><strong>innoxius</strong></span> <span class='ocrx_word' id='word_1_55' title='bbox 2000 984 2142 1023; x_wconf 90' lang='lat' dir='ltr'><strong>sum.</strong></span> <span class='ocrx_word' id='word_1_56' title='bbox 2204 968 2340 1023; x_wconf 90' lang='lat' dir='ltr'><strong>IIiuc</strong></span> 
     </span>
    </p>
   </div>
   <div class='ocr_carea' id='block_1_11' title="bbox 769 1060 2341 1132">
    <p class='ocr_par' dir='ltr' id='par_1_11' title="bbox 769 1060 2341 1132">
     <span class='ocr_line' id='line_1_11' title="bbox 769 1060 2341 1132; baseline 0.001 -18"><span class='ocrx_word' id='word_1_57' title='bbox 769 1077 900 1115; x_wconf 84' lang='lat' dir='ltr'><strong>vero</strong></span> <span class='ocrx_word' id='word_1_58' title='bbox 926 1061 1105 1132; x_wconf 71' lang='lat' dir='ltr'><strong>colligi</strong></span> <span class='ocrx_word' id='word_1_59' title='bbox 1142 1069 1343 1130; x_wconf 87' lang='lat' dir='ltr'><strong>potest.</strong></span> <span class='ocrx_word' id='word_1_60' title='bbox 1373 1074 1499 1115; x_wconf 89' lang='lat' dir='ltr'><strong>eum</strong></span> <span class='ocrx_word' id='word_1_61' title='bbox 1528 1062 1620 1131; x_wconf 85' lang='lat' dir='ltr'><strong>qui</strong></span> <span class='ocrx_word' id='word_1_62' title='bbox 1651 1076 1710 1116; x_wconf 90' lang='lat' dir='ltr'><strong>se</strong></span> <span class='ocrx_word' id='word_1_63' title='bbox 1740 1060 2023 1124; x_wconf 75' lang='lat' dir='ltr'><strong>interficit,</strong></span> <span class='ocrx_word' id='word_1_64' title='bbox 2058 1062 2206 1115; x_wconf 89' lang='lat' dir='ltr'><strong>velut</strong></span> <span class='ocrx_word' id='word_1_65' title='bbox 2245 1062 2341 1115; x_wconf 91' lang='lat' dir='ltr'><strong>ho-</strong></span> 
     </span>
    </p>
   </div>
   <div class='ocr_carea' id='block_1_12' title="bbox 768 1154 2338 1227">
    <p class='ocr_par' dir='ltr' id='par_1_12' title="bbox 768 1154 2338 1227">
     <span class='ocr_line' id='line_1_12' title="bbox 768 1154 2338 1227; baseline 0.001 -18"><span class='ocrx_word' id='word_1_66' title='bbox 768 1158 1023 1211; x_wconf 74' lang='lat' dir='ltr'><strong>micidam</strong></span> <span class='ocrx_word' id='word_1_67' title='bbox 1052 1154 1387 1225; x_wconf 83' lang='lat' dir='ltr'><strong>puniendum</strong></span> <span class='ocrx_word' id='word_1_68' title='bbox 1426 1154 1541 1210; x_wconf 77' lang='lat' dir='ltr'><strong>fore</strong></span> <span class='ocrx_word' id='word_1_69' title='bbox 1576 1173 1604 1209; x_wconf 87' lang='lat' dir='ltr'><strong>a</strong></span> <span class='ocrx_word' id='word_1_70' title='bbox 1634 1155 1761 1210; x_wconf 91' lang='lat' dir='ltr'><strong>Deo.</strong></span> <span class='ocrx_word' id='word_1_71' title='bbox 1790 1174 1808 1206; x_wconf 86' lang='grc' dir='ltr'>ι</span> <span class='ocrx_word' id='word_1_72' title='bbox 1838 1154 2008 1211; x_wconf 86' lang='lat' dir='ltr'><strong>Nocte</strong></span> <span class='ocrx_word' id='word_1_73' title='bbox 2050 1172 2146 1227; x_wconf 91' lang='lat' dir='ltr'><strong>per</strong></span> <span class='ocrx_word' id='word_1_74' title='bbox 2171 1156 2338 1210; x_wconf 78' lang='lat' dir='ltr'><strong>risio-</strong></span> 
     </span>
    </p>
   </div>
   <div class='ocr_carea' id='block_1_13' title="bbox 767 1247 2339 1313">
    <p class='ocr_par' dir='ltr' id='par_1_13' title="bbox 767 1247 2339 1313">
     <span class='ocr_line' id='line_1_13' title="bbox 767 1247 2339 1313; baseline 0.002 -13"><span class='ocrx_word' id='word_1_75' title='bbox 767 1265 909 1301; x_wconf 88' lang='lat' dir='ltr'><strong>nem.</strong></span> <span class='ocrx_word' id='word_1_76' title='bbox 950 1247 1402 1313; x_wconf 68' lang='lat' dir='ltr'><strong>iAdnotandum,</strong></span> <span class='ocrx_word' id='word_1_77' title='bbox 1453 1249 1661 1301; x_wconf 90' lang='lat' dir='ltr'><strong>nullum</strong></span> <span class='ocrx_word' id='word_1_78' title='bbox 1708 1263 1831 1303; x_wconf 86' lang='lat' dir='ltr'><strong>esse</strong></span> <span class='ocrx_word' id='word_1_79' title='bbox 1879 1249 2177 1303; x_wconf 82' lang='lat' dir='ltr'><strong>discrimen</strong></span> <span class='ocrx_word' id='word_1_80' title='bbox 2223 1249 2339 1304; x_wconf 81' lang='lat' dir='ltr'><strong>sive</strong></span> 
     </span>
    </p>
   </div>
   <div class='ocr_carea' id='block_1_14' title="bbox 769 1337 2335 1408">
    <p class='ocr_par' dir='ltr' id='par_1_14' title="bbox 769 1337 2335 1408">
     <span class='ocr_line' id='line_1_14' title="bbox 769 1337 2335 1408; baseline 0 -16"><span class='ocrx_word' id='word_1_81' title='bbox 769 1342 820 1392; x_wconf 94' lang='lat' dir='ltr'><strong>in</strong></span> <span class='ocrx_word' id='word_1_82' title='bbox 853 1354 1069 1406; x_wconf 84' lang='lat' dir='ltr'><strong>somno,</strong></span> <span class='ocrx_word' id='word_1_83' title='bbox 1129 1340 1244 1395; x_wconf 86' lang='lat' dir='ltr'><strong>sive</strong></span> <span class='ocrx_word' id='word_1_84' title='bbox 1280 1341 1332 1394; x_wconf 91' lang='lat' dir='ltr'><strong>in</strong></span> <span class='ocrx_word' id='word_1_85' title='bbox 1358 1340 1542 1408; x_wconf 78' lang='lat' dir='ltr'><strong>vigilia</strong></span> <span class='ocrx_word' id='word_1_86' title='bbox 1578 1337 1777 1393; x_wconf 84' lang='lat' dir='ltr'><strong>Paulus</strong></span> <span class='ocrx_word' id='word_1_87' title='bbox 1822 1339 2018 1394; x_wconf 84' lang='lat' dir='ltr'><strong>viderit</strong></span> <span class='ocrx_word' id='word_1_88' title='bbox 2049 1338 2335 1393; x_wconf 89' lang='lat' dir='ltr'><strong>Dominum</strong></span> 
     </span>
    </p>
   </div>
   <div class='ocr_carea' id='block_1_15' title="bbox 763 1430 2331 1500">
    <p class='ocr_par' dir='ltr' id='par_1_15' title="bbox 763 1430 2331 1500">
     <span class='ocr_line' id='line_1_15' title="bbox 763 1430 2331 1500; baseline -0.001 -14"><span class='ocrx_word' id='word_1_89' title='bbox 763 1433 971 1487; x_wconf 71' lang='lat' dir='ltr'><strong>JeSnm.</strong></span> <span class='ocrx_word' id='word_1_90' title='bbox 1003 1433 1271 1487; x_wconf 59' lang='lat' dir='ltr'><strong>(laterum</strong></span> <span class='ocrx_word' id='word_1_91' title='bbox 1304 1434 1465 1487; x_wconf 89' lang='lat' dir='ltr'><strong>etiant</strong></span> <span class='ocrx_word' id='word_1_92' title='bbox 1492 1432 1557 1485; x_wconf 89' lang='lat' dir='ltr'><strong>de</strong></span> <span class='ocrx_word' id='word_1_93' title='bbox 1582 1433 1669 1484; x_wconf 88' lang='lat' dir='ltr'><strong>die</strong></span> <span class='ocrx_word' id='word_1_94' title='bbox 1702 1432 1989 1500; x_wconf 85' lang='lat' dir='ltr'><strong>aliquoties</strong></span> <span class='ocrx_word' id='word_1_95' title='bbox 2021 1446 2143 1484; x_wconf 90' lang='lat' dir='ltr'><strong>eum</strong></span> <span class='ocrx_word' id='word_1_96' title='bbox 2175 1430 2331 1484; x_wconf 89' lang='lat' dir='ltr'><strong>vidit.</strong></span> 
     </span>
    </p>
   </div>
   <div class='ocr_carea' id='block_1_16' title="bbox 770 1523 2332 1580">
    <p class='ocr_par' dir='ltr' id='par_1_16' title="bbox 770 1523 2332 1580">
     <span class='ocr_line' id='line_1_16' title="bbox 770 1523 2332 1580; baseline 0.001 -5"><span class='ocrx_word' id='word_1_97' title='bbox 770 1545 786 1575; x_wconf 76' lang='grc' dir='ltr'>ι</span> <span class='ocrx_word' id='word_1_98' title='bbox 821 1526 1204 1580; x_wconf 89' lang='lat' dir='ltr'><strong>Percutiebant</strong></span> <span class='ocrx_word' id='word_1_99' title='bbox 1266 1540 1411 1579; x_wconf 91' lang='lat' dir='ltr'><strong>eum.</strong></span> <span class='ocrx_word' id='word_1_100' title='bbox 1447 1544 1465 1576; x_wconf 72' lang='grc' dir='ltr'><strong>ι</strong></span> <span class='ocrx_word' id='word_1_101' title='bbox 1501 1523 1670 1578; x_wconf 80' lang='lat' dir='ltr'><strong>.lnd.ri</strong></span> <span class='ocrx_word' id='word_1_102' title='bbox 1742 1524 1947 1578; x_wconf 89' lang='lat' dir='ltr'><strong>idcirco</strong></span> <span class='ocrx_word' id='word_1_103' title='bbox 2006 1523 2332 1577; x_wconf 69' lang='lat' dir='ltr'><strong>Susthenem</strong></span> 
     </span>
    </p>
   </div>
   <div class='ocr_carea' id='block_1_17' title="bbox 764 1611 2334 1685">
    <p class='ocr_par' dir='ltr' id='par_1_17' title="bbox 764 1611 2334 1685">
     <span class='ocr_line' id='line_1_17' title="bbox 764 1611 2334 1685; baseline -0.003 -14"><span class='ocrx_word' id='word_1_104' title='bbox 764 1616 1157 1685; x_wconf 82' lang='lat' dir='ltr'><strong>pcreutiebant,</strong></span> <span class='ocrx_word' id='word_1_105' title='bbox 1186 1615 1311 1684; x_wconf 83' lang='lat' dir='ltr'><strong>quia</strong></span> <span class='ocrx_word' id='word_1_106' title='bbox 1338 1615 1510 1684; x_wconf 78' lang='lat' dir='ltr'><strong>magis</strong></span> <span class='ocrx_word' id='word_1_107' title='bbox 1540 1614 1790 1668; x_wconf 69' lang='lat' dir='ltr'><strong>addirtus</strong></span> <span class='ocrx_word' id='word_1_108' title='bbox 1822 1621 1938 1668; x_wconf 87' lang='lat' dir='ltr'><strong>erat</strong></span> <span class='ocrx_word' id='word_1_109' title='bbox 1968 1611 2160 1675; x_wconf 85' lang='lat' dir='ltr'><strong>Paulo,</strong></span> <span class='ocrx_word' id='word_1_110' title='bbox 2194 1614 2334 1668; x_wconf 90' lang='lat' dir='ltr'><strong>sicut</strong></span> 
     </span>
    </p>
   </div>
   <div class='ocr_carea' id='block_1_18' title="bbox 760 1704 2332 1778">
    <p class='ocr_par' dir='ltr' id='par_1_18' title="bbox 760 1704 2332 1778">
     <span class='ocr_line' id='line_1_18' title="bbox 760 1704 2332 1778; baseline -0.002 -18"><span class='ocrx_word' id='word_1_111' title='bbox 760 1719 813 1760; x_wconf 90' lang='lat' dir='ltr'><strong>et</strong></span> <span class='ocrx_word' id='word_1_112' title='bbox 844 1709 1068 1778; x_wconf 81' lang='lat' dir='ltr'><strong>Crispus</strong></span> <span class='ocrx_word' id='word_1_113' title='bbox 1100 1706 1583 1777; x_wconf 66' lang='lat' dir='ltr'><strong>archisynagogus.</strong></span> <span class='ocrx_word' id='word_1_114' title='bbox 1620 1704 1714 1759; x_wconf 79' lang='lat' dir='ltr'><strong>Vel</strong></span> <span class='ocrx_word' id='word_1_115' title='bbox 1745 1706 1797 1757; x_wconf 91' lang='lat' dir='ltr'><strong>in</strong></span> <span class='ocrx_word' id='word_1_116' title='bbox 1841 1713 2044 1759; x_wconf 82' lang='lat' dir='ltr'><strong>tantam</strong></span> <span class='ocrx_word' id='word_1_117' title='bbox 2077 1706 2153 1759; x_wconf 86' lang='lat' dir='ltr'><strong>illi</strong></span> <span class='ocrx_word' id='word_1_118' title='bbox 2182 1706 2332 1758; x_wconf 87' lang='lat' dir='ltr'><strong>insa-</strong></span> 
     </span>
    </p>
   </div>
   <div class='ocr_carea' id='block_1_19' title="bbox 762 1797 2331 1864">
    <p class='ocr_par' dir='ltr' id='par_1_19' title="bbox 762 1797 2331 1864">
     <span class='ocr_line' id='line_1_19' title="bbox 762 1797 2331 1864; baseline 0.001 -14"><span class='ocrx_word' id='word_1_119' title='bbox 762 1801 907 1853; x_wconf 86' lang='lat' dir='ltr'><strong>niam</strong></span> <span class='ocrx_word' id='word_1_120' title='bbox 962 1811 1250 1863; x_wconf 87' lang='lat' dir='ltr'><strong>venerunt,</strong></span> <span class='ocrx_word' id='word_1_121' title='bbox 1304 1811 1361 1853; x_wconf 91' lang='lat' dir='ltr'><strong>ut</strong></span> <span class='ocrx_word' id='word_1_122' title='bbox 1422 1814 1523 1852; x_wconf 84' lang='lat' dir='ltr'><strong>suo</strong></span> <span class='ocrx_word' id='word_1_123' title='bbox 1586 1798 1831 1852; x_wconf 78' lang='lat' dir='ltr'><strong>frustrati</strong></span> <span class='ocrx_word' id='word_1_124' title='bbox 1890 1797 2181 1864; x_wconf 87' lang='lat' dir='ltr'><strong>desiderio,</strong></span> <span class='ocrx_word' id='word_1_125' title='bbox 2210 1799 2331 1851; x_wconf 86' lang='lat' dir='ltr'><strong>loco</strong></span> 
     </span>
    </p>
   </div>
   <div class='ocr_carea' id='block_1_20' title="bbox 2450 612 4035 689">
    <p class='ocr_par' dir='ltr' id='par_1_20' title="bbox 2450 612 4035 689">
     <span class='ocr_line' id='line_1_20' title="bbox 2450 612 4035 689; baseline 0.006 -26"><span class='ocrx_word' id='word_1_126' title='bbox 2450 613 2541 663; x_wconf 86' lang='grc' dir='ltr'><strong>τοῦ</strong></span> <span class='ocrx_word' id='word_1_127' title='bbox 2590 615 2788 681; x_wconf 77' lang='grc' dir='ltr'>τρόπον</span> <span class='ocrx_word' id='word_1_128' title='bbox 2827 615 2945 666; x_wconf 77' lang='grc' dir='ltr'>τινὰ</span> <span class='ocrx_word' id='word_1_129' title='bbox 2978 612 3181 682; x_wconf 85' lang='grc' dir='ltr'>ὲκχέων</span> <span class='ocrx_word' id='word_1_130' title='bbox 3207 613 3292 667; x_wconf 72' lang='grc' dir='ltr'><strong>διὰ</strong></span> <span class='ocrx_word' id='word_1_131' title='bbox 3321 617 3419 683; x_wconf 78' lang='grc' dir='ltr'>τῆς</span> <span class='ocrx_word' id='word_1_132' title='bbox 3443 617 3658 685; x_wconf 81' lang='grc' dir='ltr'><strong>σφαγῆς</strong></span> <span class='ocrx_word' id='word_1_133' title='bbox 3687 617 3754 686; x_wconf 78' lang='grc' dir='ltr'>ἢν</span> <span class='ocrx_word' id='word_1_134' title='bbox 3785 620 4035 689; x_wconf 69' lang='grc' dir='ltr'>ἐπιφέρει</span> 
     </span>
    </p>
   </div>
   <div class='ocr_carea' id='block_1_21' title="bbox 2451 701 4031 776">
    <p class='ocr_par' dir='ltr' id='par_1_21' title="bbox 2451 701 4031 776">
     <span class='ocr_line' id='line_1_21' title="bbox 2451 701 4031 776; baseline 0.006 -21"><span class='ocrx_word' id='word_1_135' title='bbox 2451 706 2535 770; x_wconf 68' lang='grc' dir='ltr'><strong>ἐφ’</strong></span> <span class='ocrx_word' id='word_1_136' title='bbox 2560 704 2759 775; x_wconf 79' lang='grc' dir='ltr'>ἑαυτῷ.</span> <span class='ocrx_word' id='word_1_137' title='bbox 2801 706 2974 758; x_wconf 79' lang='grc' dir='ltr'>Τοῦτο</span> <span class='ocrx_word' id='word_1_138' title='bbox 3003 701 3095 757; x_wconf 81' lang='grc' dir='ltr'>οὖν</span> <span class='ocrx_word' id='word_1_139' title='bbox 3132 723 3299 775; x_wconf 80' lang='grc' dir='ltr'>φησιν</span> <span class='ocrx_word' id='word_1_140' title='bbox 3319 723 3334 737; x_wconf 80' lang='lat'><strong><em>°</em></strong></span> <span class='ocrx_word' id='word_1_141' title='bbox 3363 706 3507 759; x_wconf 80' lang='grc' dir='ltr'>Ἀνθ¹</span> <span class='ocrx_word' id='word_1_142' title='bbox 3534 702 3609 761; x_wconf 81' lang='grc' dir='ltr'>ὧν</span> <span class='ocrx_word' id='word_1_143' title='bbox 3638 711 3872 776; x_wconf 76' lang='grc' dir='ltr'>σφάζετε</span> <span class='ocrx_word' id='word_1_144' title='bbox 3908 714 4031 763; x_wconf 83' lang='grc' dir='ltr'>ἑαυ-</span> 
     </span>
    </p>
   </div>
   <div class='ocr_carea' id='block_1_22' title="bbox 2448 791 4025 871">
    <p class='ocr_par' dir='ltr' id='par_1_22' title="bbox 2448 791 4025 871">
     <span class='ocr_line' id='line_1_22' title="bbox 2448 791 4025 871; baseline 0.007 -28"><span class='ocrx_word' id='word_1_145' title='bbox 2448 791 2575 854; x_wconf 78' lang='grc' dir='ltr'>τοὺς</span> <span class='ocrx_word' id='word_1_146' title='bbox 2600 792 2687 845; x_wconf 76' lang='grc' dir='ltr'>διὰ</span> <span class='ocrx_word' id='word_1_147' title='bbox 2716 795 2813 864; x_wconf 81' lang='grc' dir='ltr'>τῆς</span> <span class='ocrx_word' id='word_1_148' title='bbox 2852 795 3131 858; x_wconf 75' lang='grc' dir='ltr'><strong>ἀπιστίας,</strong></span> <span class='ocrx_word' id='word_1_149' title='bbox 3161 796 3327 848; x_wconf 82' lang='grc' dir='ltr'>αὑτοῦ</span> <span class='ocrx_word' id='word_1_150' title='bbox 3352 798 3543 851; x_wconf 84' lang='grc' dir='ltr'>τούτου</span> <span class='ocrx_word' id='word_1_151' title='bbox 3567 799 3725 868; x_wconf 81' lang='grc' dir='ltr'><strong>ὑμεῖς</strong></span> <span class='ocrx_word' id='word_1_152' title='bbox 3750 802 4025 871; x_wconf 81' lang='grc' dir='ltr'>ὑπόσχητε</span> 
     </span>
    </p>
   </div>
   <div class='ocr_carea' id='block_1_23' title="bbox 2447 883 4025 957">
    <p class='ocr_par' dir='ltr' id='par_1_23' title="bbox 2447 883 4025 957">
     <span class='ocr_line' id='line_1_23' title="bbox 2447 883 4025 957; baseline 0.007 -23"><span class='ocrx_word' id='word_1_153' title='bbox 2447 883 2620 952; x_wconf 77' lang='grc' dir='ltr'>δίκην,</span> <span class='ocrx_word' id='word_1_154' title='bbox 2650 885 2784 950; x_wconf 75' lang='grc' dir='ltr'>ἐμοῦ</span> <span class='ocrx_word' id='word_1_155' title='bbox 2813 886 2990 938; x_wconf 83' lang='grc' dir='ltr'>άθὼου</span> <span class='ocrx_word' id='word_1_156' title='bbox 3023 886 3193 949; x_wconf 78' lang='grc' dir='ltr'>ὄντος.</span> <span class='ocrx_word' id='word_1_157' title='bbox 3224 886 3504 943; x_wconf 81' lang='grc' dir='ltr'><strong>Ἐντεῦθεν</strong></span> <span class='ocrx_word' id='word_1_158' title='bbox 3532 890 3587 943; x_wconf 83' lang='grc' dir='ltr'>δὲ</span> <span class='ocrx_word' id='word_1_159' title='bbox 3616 890 3729 944; x_wconf 78' lang='grc' dir='ltr'>ἔστι</span> <span class='ocrx_word' id='word_1_160' title='bbox 3770 894 4025 957; x_wconf 78' lang='grc' dir='ltr'><strong>συνιδεῖν,</strong></span> 
     </span>
    </p>
   </div>
   <div class='ocr_carea' id='block_1_24' title="bbox 2447 974 4027 1053">
    <p class='ocr_par' dir='ltr' id='par_1_24' title="bbox 2447 974 4027 1053">
     <span class='ocr_line' id='line_1_24' title="bbox 2447 974 4027 1053; baseline 0.003 -26"><span class='ocrx_word' id='word_1_161' title='bbox 2447 975 2529 1027; x_wconf 80' lang='grc' dir='ltr'>ὅτι</span> <span class='ocrx_word' id='word_1_162' title='bbox 2559 975 2587 1026; x_wconf 86' lang='grc' dir='ltr'>ὁ</span> <span class='ocrx_word' id='word_1_163' title='bbox 2621 974 2839 1043; x_wconf 74' lang='grc' dir='ltr'>σφάζων</span> <span class='ocrx_word' id='word_1_164' title='bbox 2864 977 3058 1028; x_wconf 75' lang='grc' dir='ltr'>ἑαυτὸν</span> <span class='ocrx_word' id='word_1_165' title='bbox 3086 980 3410 1047; x_wconf 80' lang='grc' dir='ltr'><strong>τιμωρεῖται</strong></span> <span class='ocrx_word' id='word_1_166' title='bbox 3435 980 3510 1039; x_wconf 85' lang='grc' dir='ltr'><strong>ὡς</strong></span> <span class='ocrx_word' id='word_1_167' title='bbox 3534 980 3730 1047; x_wconf 79' lang='grc' dir='ltr'>φονεὺς</span> <span class='ocrx_word' id='word_1_168' title='bbox 3760 983 3915 1051; x_wconf 67' lang='grc' dir='ltr'>παρὰ</span> <span class='ocrx_word' id='word_1_169' title='bbox 3950 984 4027 1053; x_wconf 83' lang='grc' dir='ltr'>τῷ</span> 
     </span>
    </p>
   </div>
   <div class='ocr_carea' id='block_1_25' title="bbox 2446 1063 4029 1140">
    <p class='ocr_par' dir='ltr' id='par_1_25' title="bbox 2446 1063 4029 1140">
     <span class='ocr_line' id='line_1_25' title="bbox 2446 1063 4029 1140; baseline 0.004 -23"><span class='ocrx_word' id='word_1_170' title='bbox 2446 1065 2588 1134; x_wconf 82' lang='grc' dir='ltr'>Θεῷ.</span> <span class='ocrx_word' id='word_1_171' title='bbox 2623 1067 2991 1134; x_wconf 77' lang='grc' dir='ltr'>Σημειωτέον,</span> <span class='ocrx_word' id='word_1_172' title='bbox 3011 1069 3094 1119; x_wconf 75' lang='grc' dir='ltr'><strong>ὅτι</strong></span> <span class='ocrx_word' id='word_1_173' title='bbox 3127 1063 3233 1122; x_wconf 74' lang='grc' dir='ltr'>εἶδε</span> <span class='ocrx_word' id='word_1_174' title='bbox 3259 1068 3350 1122; x_wconf 78' lang='grc' dir='ltr'><strong>τὸν</strong></span> <span class='ocrx_word' id='word_1_175' title='bbox 3370 1069 3575 1138; x_wconf 80' lang='grc' dir='ltr'>Κύριον</span> <span class='ocrx_word' id='word_1_176' title='bbox 3591 1071 3802 1140; x_wconf 77' lang='grc' dir='ltr'>Ἰησοῦν</span> <span class='ocrx_word' id='word_1_177' title='bbox 3821 1074 3850 1125; x_wconf 82' lang='grc' dir='ltr'>ὁ</span> <span class='ocrx_word' id='word_1_178' title='bbox 3882 1070 4029 1125; x_wconf 88' lang='grc' dir='ltr'>Παῦ-</span> 
     </span>
    </p>
   </div>
   <div class='ocr_carea' id='block_1_26' title="bbox 2445 1157 4021 1233">
    <p class='ocr_par' dir='ltr' id='par_1_26' title="bbox 2445 1157 4021 1233">
     <span class='ocr_line' id='line_1_26' title="bbox 2445 1157 4021 1233; baseline 0.004 -24"><span class='ocrx_word' id='word_1_179' title='bbox 2445 1158 2535 1220; x_wconf 88' lang='grc' dir='ltr'><strong>λος</strong></span> <span class='ocrx_word' id='word_1_180' title='bbox 2556 1157 2622 1211; x_wconf 82' lang='grc' dir='ltr'>δι’</span> <span class='ocrx_word' id='word_1_181' title='bbox 2648 1158 2883 1228; x_wconf 78' lang='grc' dir='ltr'><strong>ὀνείρου,</strong></span> <span class='ocrx_word' id='word_1_182' title='bbox 2902 1159 3013 1211; x_wconf 79' lang='grc' dir='ltr'>εἴτε</span> <span class='ocrx_word' id='word_1_183' title='bbox 3042 1159 3335 1229; x_wconf 82' lang='grc' dir='ltr'><strong>γρηγορῶν</strong></span> <span class='ocrx_word' id='word_1_184' title='bbox 3366 1160 3628 1215; x_wconf 75' lang='grc' dir='ltr'>ἐθεάσατο</span> <span class='ocrx_word' id='word_1_185' title='bbox 3653 1163 3744 1214; x_wconf 75' lang='grc' dir='ltr'><strong>τὸν</strong></span> <span class='ocrx_word' id='word_1_186' title='bbox 3793 1162 4021 1233; x_wconf 86' lang='grc' dir='ltr'>Ἰησοῦν,</span> 
     </span>
    </p>
   </div>
   <div class='ocr_carea' id='block_1_27' title="bbox 2440 1248 4020 1324">
    <p class='ocr_par' dir='ltr' id='par_1_27' title="bbox 2440 1248 4020 1324">
     <span class='ocr_line' id='line_1_27' title="bbox 2440 1248 4020 1324; baseline 0.003 -23"><span class='ocrx_word' id='word_1_187' title='bbox 2440 1248 2704 1315; x_wconf 75' lang='grc' dir='ltr'><strong>οὐδεμίαν</strong></span> <span class='ocrx_word' id='word_1_188' title='bbox 2731 1249 3014 1319; x_wconf 84' lang='grc' dir='ltr'>διαφοράν.</span> <span class='ocrx_word' id='word_1_189' title='bbox 3048 1249 3194 1318; x_wconf 77' lang='grc' dir='ltr'>Πλὴν</span> <span class='ocrx_word' id='word_1_190' title='bbox 3225 1252 3321 1303; x_wconf 77' lang='grc' dir='ltr'>καὶ</span> <span class='ocrx_word' id='word_1_191' title='bbox 3356 1253 3414 1302; x_wconf 77' lang='grc' dir='ltr'>ἐν</span> <span class='ocrx_word' id='word_1_192' title='bbox 3449 1252 3690 1321; x_wconf 77' lang='grc' dir='ltr'><strong>ἡμέραις</strong></span> <span class='ocrx_word' id='word_1_193' title='bbox 3720 1250 3784 1323; x_wconf 71' lang='grc' dir='ltr'><strong>[Γ.</strong></span> <span class='ocrx_word' id='word_1_194' title='bbox 3811 1252 4020 1324; x_wconf 72' lang='grc' dir='ltr'>ἡμέρα]</span> 
     </span>
    </p>
   </div>
   <div class='ocr_carea' id='block_1_28' title="bbox 2442 1335 4017 1412">
    <p class='ocr_par' dir='ltr' id='par_1_28' title="bbox 2442 1335 4017 1412">
     <span class='ocr_line' id='line_1_28' title="bbox 2442 1335 4017 1412; baseline 0.004 -24"><span class='ocrx_word' id='word_1_195' title='bbox 2442 1336 2602 1407; x_wconf 80' lang='grc' dir='ltr'>ὤφθη</span> <span class='ocrx_word' id='word_1_196' title='bbox 2629 1338 2799 1408; x_wconf 81' lang='grc' dir='ltr'>αὐτῷ.</span> <span class='ocrx_word' id='word_1_197' title='bbox 2830 1335 2988 1392; x_wconf 73' lang='grc' dir='ltr'>Οὗτοι</span> <span class='ocrx_word' id='word_1_198' title='bbox 3017 1339 3106 1392; x_wconf 76' lang='grc' dir='ltr'>διὰ</span> <span class='ocrx_word' id='word_1_199' title='bbox 3134 1339 3294 1392; x_wconf 87' lang='grc' dir='ltr'>τοῦτο</span> <span class='ocrx_word' id='word_1_200' title='bbox 3323 1339 3553 1394; x_wconf 71' lang='grc' dir='ltr'>ἔτυπτον</span> <span class='ocrx_word' id='word_1_201' title='bbox 3585 1343 3678 1394; x_wconf 70' lang='grc' dir='ltr'>τὸν</span> <span class='ocrx_word' id='word_1_202' title='bbox 3710 1342 4017 1412; x_wconf 79' lang='grc' dir='ltr'><strong>Σωσθένην,</strong></span> 
     </span>
    </p>
   </div>
   <div class='ocr_carea' id='block_1_29' title="bbox 2444 1423 4018 1502">
    <p class='ocr_par' dir='ltr' id='par_1_29' title="bbox 2444 1423 4018 1502">
     <span class='ocr_line' id='line_1_29' title="bbox 2444 1423 4018 1502; baseline 0.004 -25"><span class='ocrx_word' id='word_1_203' title='bbox 2444 1426 2629 1497; x_wconf 78' lang='grc' dir='ltr'>ἐπειδὴ</span> <span class='ocrx_word' id='word_1_204' title='bbox 2650 1432 2741 1480; x_wconf 76' lang='grc' dir='ltr'>καὶ</span> <span class='ocrx_word' id='word_1_205' title='bbox 2764 1427 2924 1489; x_wconf 79' lang='grc' dir='ltr'>αὐτὸς</span> <span class='ocrx_word' id='word_1_206' title='bbox 2945 1423 3012 1498; x_wconf 77' lang='grc' dir='ltr'>ἦν</span> <span class='ocrx_word' id='word_1_207' title='bbox 3039 1428 3238 1499; x_wconf 76' lang='grc' dir='ltr'>μᾶλλον</span> <span class='ocrx_word' id='word_1_208' title='bbox 3257 1430 3680 1500; x_wconf 82' lang='grc' dir='ltr'>προστιθέμενος</span> <span class='ocrx_word' id='word_1_209' title='bbox 3700 1432 3776 1502; x_wconf 81' lang='grc' dir='ltr'>τῷ</span> <span class='ocrx_word' id='word_1_210' title='bbox 3798 1433 4018 1501; x_wconf 68' lang='grc' dir='ltr'>Παύλῳ,</span> 
     </span>
    </p>
   </div>
   <div class='ocr_carea' id='block_1_30' title="bbox 2442 1517 4019 1592">
    <p class='ocr_par' dir='ltr' id='par_1_30' title="bbox 2442 1517 4019 1592">
     <span class='ocr_line' id='line_1_30' title="bbox 2442 1517 4019 1592; baseline 0.004 -23"><span class='ocrx_word' id='word_1_211' title='bbox 2442 1517 2518 1580; x_wconf 83' lang='grc' dir='ltr'>ὡς</span> <span class='ocrx_word' id='word_1_212' title='bbox 2567 1522 2661 1571; x_wconf 71' lang='grc' dir='ltr'>καὶ</span> <span class='ocrx_word' id='word_1_213' title='bbox 2710 1518 2957 1589; x_wconf 75' lang='grc' dir='ltr'><strong>Κρίσπος</strong></span> <span class='ocrx_word' id='word_1_214' title='bbox 2995 1521 3023 1572; x_wconf 82' lang='grc' dir='ltr'>ὀ</span> <span class='ocrx_word' id='word_1_215' title='bbox 3051 1522 3528 1592; x_wconf 74' lang='grc' dir='ltr'><strong>ἀρχισυνάγωγος⁸</strong></span> <span class='ocrx_word' id='word_1_216' title='bbox 3574 1524 3623 1575; x_wconf 84' lang='grc' dir='ltr'>οἳ</span> <span class='ocrx_word' id='word_1_217' title='bbox 3660 1525 3740 1585; x_wconf 86' lang='grc' dir='ltr'>εἰς</span> <span class='ocrx_word' id='word_1_218' title='bbox 3765 1524 4019 1577; x_wconf 80' lang='grc' dir='ltr'>τοσοῦτον</span> 
     </span>
    </p>
   </div>
   <div class='ocr_carea' id='block_1_31' title="bbox 2440 1602 4019 1682">
    <p class='ocr_par' dir='ltr' id='par_1_31' title="bbox 2440 1602 4019 1682">
     <span class='ocr_line' id='line_1_31' title="bbox 2440 1602 4019 1682; baseline 0.005 -23"><span class='ocrx_word' id='word_1_219' title='bbox 2440 1602 2584 1677; x_wconf 78' lang='grc' dir='ltr'>ἦσαν</span> <span class='ocrx_word' id='word_1_220' title='bbox 2610 1608 2934 1678; x_wconf 73' lang='grc' dir='ltr'><strong>ἐληλακότες</strong></span> <span class='ocrx_word' id='word_1_221' title='bbox 2968 1613 3187 1681; x_wconf 88' lang='grc' dir='ltr'>μανίας,</span> <span class='ocrx_word' id='word_1_222' title='bbox 3231 1612 3313 1664; x_wconf 83' lang='grc' dir='ltr'>ὅτι</span> <span class='ocrx_word' id='word_1_223' title='bbox 3350 1612 3711 1682; x_wconf 75' lang='grc' dir='ltr'>ἀποτυχόντες</span> <span class='ocrx_word' id='word_1_224' title='bbox 3752 1613 3847 1667; x_wconf 87' lang='grc' dir='ltr'><strong>τοῦ</strong></span> <span class='ocrx_word' id='word_1_225' title='bbox 3892 1631 4019 1667; x_wconf 85' lang='grc' dir='ltr'>σκο-</span> 
     </span>
    </p>
   </div>
   <div class='ocr_carea' id='block_1_32' title="bbox 2442 1694 4016 1775">
    <p class='ocr_par' dir='ltr' id='par_1_32' title="bbox 2442 1694 4016 1775">
     <span class='ocr_line' id='line_1_32' title="bbox 2442 1694 4016 1775; baseline 0.004 -27"><span class='ocrx_word' id='word_1_226' title='bbox 2442 1698 2544 1749; x_wconf 82' lang='grc' dir='ltr'><strong>ποῦ</strong></span> <span class='ocrx_word' id='word_1_227' title='bbox 2572 1700 2799 1760; x_wconf 80' lang='grc' dir='ltr'><strong>ἑαυτῶν,</strong></span> <span class='ocrx_word' id='word_1_228' title='bbox 2829 1701 2952 1752; x_wconf 80' lang='grc' dir='ltr'>ἀντὶ</span> <span class='ocrx_word' id='word_1_229' title='bbox 2976 1701 3072 1755; x_wconf 87' lang='grc' dir='ltr'><strong>τοῦ</strong></span> <span class='ocrx_word' id='word_1_230' title='bbox 3103 1702 3330 1755; x_wconf 85' lang='grc' dir='ltr'>τύπτειν</span> <span class='ocrx_word' id='word_1_231' title='bbox 3360 1704 3450 1757; x_wconf 75' lang='grc' dir='ltr'>τὸν</span> <span class='ocrx_word' id='word_1_232' title='bbox 3470 1704 3700 1766; x_wconf 83' lang='grc' dir='ltr'>Παῦλον,</span> <span class='ocrx_word' id='word_1_233' title='bbox 3732 1694 4016 1775; x_wconf 65' lang='grc' dir='ltr'>Σωσοεῒιην</span> 
     </span>
    </p>
   </div>
   <div class='ocr_carea' id='block_1_33' title="bbox 2440 1790 4015 1863">
    <p class='ocr_par' dir='ltr' id='par_1_33' title="bbox 2440 1790 4015 1863">
     <span class='ocr_line' id='line_1_33' title="bbox 2440 1790 4015 1863; baseline 0.003 -21"><span class='ocrx_word' id='word_1_234' title='bbox 2440 1790 2531 1842; x_wconf 78' lang='grc' dir='ltr'>τὸν</span> <span class='ocrx_word' id='word_1_235' title='bbox 2579 1791 3028 1859; x_wconf 69' lang='grc' dir='ltr'>ἀρχισυνάγωγον</span> <span class='ocrx_word' id='word_1_236' title='bbox 3073 1794 3335 1846; x_wconf 76' lang='grc' dir='ltr'>ἔτυπτον’</span> <span class='ocrx_word' id='word_1_237' title='bbox 3373 1795 3406 1863; x_wconf 79' lang='grc' dir='ltr'>ἢ</span> <span class='ocrx_word' id='word_1_238' title='bbox 3452 1795 3539 1847; x_wconf 70' lang='grc' dir='ltr'><strong>διὰ</strong></span> <span class='ocrx_word' id='word_1_239' title='bbox 3582 1796 3739 1847; x_wconf 87' lang='grc' dir='ltr'>τοῦτο</span> <span class='ocrx_word' id='word_1_240' title='bbox 3784 1798 4015 1848; x_wconf 76' lang='grc' dir='ltr'>ἔτυπτον</span> 
     </span>
    </p>
   </div>
   <div class='ocr_carea' id='block_1_34' title="bbox 761 1881 2327 1961">
    <p class='ocr_par' dir='ltr' id='par_1_34' title="bbox 761 1891 2327 1961">
     <span class='ocr_line' id='line_1_34' title="bbox 761 1891 2327 1961; baseline -0.003 -16"><span class='ocrx_word' id='word_1_241' title='bbox 761 1891 916 1946; x_wconf 86' lang='lat' dir='ltr'><strong>Pauli</strong></span> <span class='ocrx_word' id='word_1_242' title='bbox 996 1891 1320 1947; x_wconf 83' lang='lat' dir='ltr'><strong>Sosthencnt</strong></span> <span class='ocrx_word' id='word_1_243' title='bbox 1384 1892 1679 1960; x_wconf 79' lang='lat' dir='ltr'><strong>principem</strong></span> <span class='ocrx_word' id='word_1_244' title='bbox 1743 1904 2031 1961; x_wconf 69' lang='lat' dir='ltr'><strong>synagogaa</strong></span> <span class='ocrx_word' id='word_1_245' title='bbox 2082 1891 2327 1944; x_wconf 83' lang='lat' dir='ltr'><strong>verbera-</strong></span> 
     </span>
    </p>
   </div>
   <div class='ocr_carea' id='block_1_35' title="bbox 2429 1881 4013 1961">
    <p class='ocr_par' dir='ltr' id='par_1_35' title="bbox 2443 1881 4013 1955">
     <span class='ocr_line' id='line_1_35' title="bbox 2443 1881 4013 1955; baseline 0.003 -22"><span class='ocrx_word' id='word_1_246' title='bbox 2443 1881 2637 1945; x_wconf 71' lang='grc' dir='ltr'>αὑτὸν,</span> <span class='ocrx_word' id='word_1_247' title='bbox 2700 1882 2886 1951; x_wconf 83' lang='grc' dir='ltr'>ἐπειδὴ</span> <span class='ocrx_word' id='word_1_248' title='bbox 2938 1884 3139 1952; x_wconf 81' lang='grc' dir='ltr'>μᾶλλον</span> <span class='ocrx_word' id='word_1_249' title='bbox 3190 1884 3571 1955; x_wconf 77' lang='grc' dir='ltr'>ὴσουλήθησαν</span> <span class='ocrx_word' id='word_1_250' title='bbox 3618 1888 3877 1954; x_wconf 80' lang='grc' dir='ltr'>φονεῦσαι</span> <span class='ocrx_word' id='word_1_251' title='bbox 3924 1889 4013 1941; x_wconf 76' lang='grc' dir='ltr'>τὸν</span> 
     </span>
    </p>
   </div>
   <div class='ocr_carea' id='block_1_36' title="bbox 762 1980 2327 2048">
    <p class='ocr_par' dir='ltr' id='par_1_36' title="bbox 762 1980 2327 2048">
     <span class='ocr_line' id='line_1_36' title="bbox 762 1980 2327 2048; baseline -0.001 -15"><span class='ocrx_word' id='word_1_252' title='bbox 762 1989 904 2033; x_wconf 87' lang='lat' dir='ltr'><strong>rent.</strong></span> <span class='ocrx_word' id='word_1_253' title='bbox 960 1982 1065 2033; x_wconf 84' lang='lat' dir='ltr'><strong>Aut</strong></span> <span class='ocrx_word' id='word_1_254' title='bbox 1122 1980 1341 2043; x_wconf 85' lang='lat' dir='ltr'><strong>demum</strong></span> <span class='ocrx_word' id='word_1_255' title='bbox 1396 1988 1682 2048; x_wconf 77' lang='lat' dir='ltr'><strong>pt&#39;Optcrea</strong></span> <span class='ocrx_word' id='word_1_256' title='bbox 1741 1981 1889 2033; x_wconf 90' lang='lat' dir='ltr'><strong>illum</strong></span> <span class='ocrx_word' id='word_1_257' title='bbox 1946 1980 2327 2045; x_wconf 75' lang='lat' dir='ltr'><strong>verberabant,</strong></span> 
     </span>
    </p>
   </div>
   <div class='ocr_carea' id='block_1_37' title="bbox 760 2070 2333 2143">
    <p class='ocr_par' dir='ltr' id='par_1_37' title="bbox 760 2070 2333 2143">
     <span class='ocr_line' id='line_1_37' title="bbox 760 2070 2333 2143; baseline 0 -18"><span class='ocrx_word' id='word_1_258' title='bbox 760 2074 911 2141; x_wconf 87' lang='lat' dir='ltr'><strong>quia,</strong></span> <span class='ocrx_word' id='word_1_259' title='bbox 944 2087 1070 2126; x_wconf 90' lang='lat' dir='ltr'><strong>eum</strong></span> <span class='ocrx_word' id='word_1_260' title='bbox 1105 2072 1304 2127; x_wconf 80' lang='lat' dir='ltr'><strong>vellent</strong></span> <span class='ocrx_word' id='word_1_261' title='bbox 1350 2071 1571 2123; x_wconf 83' lang='lat' dir='ltr'><strong>Paulum</strong></span> <span class='ocrx_word' id='word_1_262' title='bbox 1604 2070 1877 2137; x_wconf 87' lang='lat' dir='ltr'><strong>occidere,</strong></span> <span class='ocrx_word' id='word_1_263' title='bbox 1913 2072 2027 2143; x_wconf 90' lang='lat' dir='ltr'><strong>ipse</strong></span> <span class='ocrx_word' id='word_1_264' title='bbox 2057 2086 2152 2126; x_wconf 90' lang='lat' dir='ltr'><strong>eos</strong></span> <span class='ocrx_word' id='word_1_265' title='bbox 2206 2088 2333 2141; x_wconf 80' lang='lat' dir='ltr'><strong>pro-</strong></span> 
     </span>
    </p>
   </div>
   <div class='ocr_carea' id='block_1_38' title="bbox 760 2162 2326 2233">
    <p class='ocr_par' dir='ltr' id='par_1_38' title="bbox 760 2162 2326 2233">
     <span class='ocr_line' id='line_1_38' title="bbox 760 2162 2326 2233; baseline 0 -17"><span class='ocrx_word' id='word_1_266' title='bbox 760 2164 1000 2219; x_wconf 81' lang='lat' dir='ltr'><strong>hibebat.</strong></span> <span class='ocrx_word' id='word_1_267' title='bbox 1032 2165 1232 2217; x_wconf 84' lang='lat' dir='ltr'><strong>lterum</strong></span> <span class='ocrx_word' id='word_1_268' title='bbox 1264 2178 1390 2217; x_wconf 83' lang='lat' dir='ltr'><strong>vero</strong></span> <span class='ocrx_word' id='word_1_269' title='bbox 1428 2162 1626 2216; x_wconf 81' lang='lat' dir='ltr'><strong>Paulus</strong></span> <span class='ocrx_word' id='word_1_270' title='bbox 1658 2181 1673 2213; x_wconf 89' lang='grc' dir='ltr'>ι</span> <span class='ocrx_word' id='word_1_271' title='bbox 1706 2164 1979 2231; x_wconf 75' lang='lat' dir='ltr'><strong>navigavit</strong></span> <span class='ocrx_word' id='word_1_272' title='bbox 2003 2165 2055 2217; x_wconf 93' lang='lat' dir='ltr'><strong>in</strong></span> <span class='ocrx_word' id='word_1_273' title='bbox 2091 2162 2326 2233; x_wconf 83' lang='lat' dir='ltr'><strong>Syriam,</strong></span> 
     </span>
    </p>
   </div>
   <div class='ocr_carea' id='block_1_39' title="bbox 760 2252 2328 2326">
    <p class='ocr_par' dir='ltr' id='par_1_39' title="bbox 760 2252 2328 2326">
     <span class='ocr_line' id='line_1_39' title="bbox 760 2252 2328 2326; baseline -0.002 -17"><span class='ocrx_word' id='word_1_274' title='bbox 760 2258 837 2319; x_wconf 88' lang='lat' dir='ltr'><strong>(et</strong></span> <span class='ocrx_word' id='word_1_275' title='bbox 872 2270 993 2307; x_wconf 81' lang='lat' dir='ltr'><strong>cum</strong></span> <span class='ocrx_word' id='word_1_276' title='bbox 1024 2268 1089 2307; x_wconf 89' lang='lat' dir='ltr'><strong>eo</strong></span> <span class='ocrx_word' id='word_1_277' title='bbox 1112 2252 1359 2307; x_wconf 78' lang='lat' dir='ltr'><strong>Priscilla</strong></span> <span class='ocrx_word' id='word_1_278' title='bbox 1390 2264 1440 2307; x_wconf 90' lang='lat' dir='ltr'><strong>et</strong></span> <span class='ocrx_word' id='word_1_279' title='bbox 1465 2254 1706 2325; x_wconf 85' lang='lat' dir='ltr'><strong>Aquila),</strong></span> <span class='ocrx_word' id='word_1_280' title='bbox 1730 2257 1822 2326; x_wconf 87' lang='lat' dir='ltr'><strong>qui</strong></span> <span class='ocrx_word' id='word_1_281' title='bbox 1857 2257 1961 2309; x_wconf 92' lang='lat' dir='ltr'><strong>sihi</strong></span> <span class='ocrx_word' id='word_1_282' title='bbox 1989 2256 2328 2321; x_wconf 78' lang='lat' dir='ltr'><strong>tetenderat,</strong></span> 
     </span>
    </p>
   </div>
   <div class='ocr_carea' id='block_1_40' title="bbox 759 2343 2329 2414">
    <p class='ocr_par' dir='ltr' id='par_1_40' title="bbox 759 2343 2329 2414">
     <span class='ocr_line' id='line_1_40' title="bbox 759 2343 2329 2414; baseline 0.004 -16"><span class='ocrx_word' id='word_1_283' title='bbox 759 2346 958 2409; x_wconf 86' lang='lat' dir='ltr'><strong>inquit,</strong></span> <span class='ocrx_word' id='word_1_284' title='bbox 1006 2356 1188 2414; x_wconf 83' lang='lat' dir='ltr'><strong>caput.</strong></span> <span class='ocrx_word' id='word_1_285' title='bbox 1230 2362 1248 2395; x_wconf 71' lang='grc' dir='ltr'><strong>ι</strong></span> <span class='ocrx_word' id='word_1_286' title='bbox 1282 2343 1532 2401; x_wconf 90' lang='lat' dir='ltr'><strong>Tondere</strong></span> <span class='ocrx_word' id='word_1_287' title='bbox 1585 2358 1747 2414; x_wconf 88' lang='lat' dir='ltr'><strong>caput</strong></span> <span class='ocrx_word' id='word_1_288' title='bbox 1806 2348 1914 2400; x_wconf 79' lang='lat' dir='ltr'><strong>voti</strong></span> <span class='ocrx_word' id='word_1_289' title='bbox 1983 2362 2148 2401; x_wconf 85' lang='lat' dir='ltr'><strong>causa</strong></span> <span class='ocrx_word' id='word_1_290' title='bbox 2209 2363 2329 2404; x_wconf 88' lang='lat' dir='ltr'><strong>mos</strong></span> 
     </span>
    </p>
   </div>
   <div class='ocr_carea' id='block_1_41' title="bbox 758 2436 2323 2508">
    <p class='ocr_par' dir='ltr' id='par_1_41' title="bbox 758 2436 2323 2508">
     <span class='ocr_line' id='line_1_41' title="bbox 758 2436 2323 2508; baseline 0.005 -23"><span class='ocrx_word' id='word_1_291' title='bbox 758 2447 874 2489; x_wconf 81' lang='lat' dir='ltr'><strong>erat</strong></span> <span class='ocrx_word' id='word_1_292' title='bbox 918 2439 1170 2505; x_wconf 79' lang='lat' dir='ltr'><strong>proprius</strong></span> <span class='ocrx_word' id='word_1_293' title='bbox 1219 2437 1550 2489; x_wconf 69' lang='lat' dir='ltr'><strong>Judarorunt.</strong></span> <span class='ocrx_word' id='word_1_294' title='bbox 1607 2436 1912 2491; x_wconf 82' lang='lat' dir='ltr'><strong>Priscillam</strong></span> <span class='ocrx_word' id='word_1_295' title='bbox 1969 2445 2023 2491; x_wconf 87' lang='lat' dir='ltr'><strong>et</strong></span> <span class='ocrx_word' id='word_1_296' title='bbox 2072 2438 2323 2508; x_wconf 82' lang='lat' dir='ltr'><strong>Aquilam</strong></span> 
     </span>
    </p>
   </div>
   <div class='ocr_carea' id='block_1_42' title="bbox 763 2527 2326 2600">
    <p class='ocr_par' dir='ltr' id='par_1_42' title="bbox 763 2527 2326 2600">
     <span class='ocr_line' id='line_1_42' title="bbox 763 2527 2326 2600; baseline 0.007 -23"><span class='ocrx_word' id='word_1_297' title='bbox 763 2544 783 2577; x_wconf 78' lang='grc' dir='ltr'>ι</span> <span class='ocrx_word' id='word_1_298' title='bbox 823 2527 1064 2596; x_wconf 75' lang='lat' dir='ltr'><strong>reliquit,</strong></span> <span class='ocrx_word' id='word_1_299' title='bbox 1105 2546 1123 2579; x_wconf 75' lang='grc' dir='ltr'><strong>ι</strong></span> <span class='ocrx_word' id='word_1_300' title='bbox 1156 2528 1350 2597; x_wconf 87' lang='lat' dir='ltr'><strong>inquit,</strong></span> <span class='ocrx_word' id='word_1_301' title='bbox 1388 2546 1406 2580; x_wconf 83' lang='grc' dir='ltr'>ι</span> <span class='ocrx_word' id='word_1_302' title='bbox 1448 2528 1666 2598; x_wconf 80' lang='lat' dir='ltr'><strong>Ephesi,</strong></span> <span class='ocrx_word' id='word_1_303' title='bbox 1704 2549 1722 2580; x_wconf 77' lang='grc' dir='ltr'><strong>ι</strong></span> <span class='ocrx_word' id='word_1_304' title='bbox 1759 2537 1812 2584; x_wconf 88' lang='lat' dir='ltr'><strong>et</strong></span> <span class='ocrx_word' id='word_1_305' title='bbox 1848 2532 2067 2600; x_wconf 83' lang='lat' dir='ltr'><strong>quidem</strong></span> <span class='ocrx_word' id='word_1_306' title='bbox 2125 2546 2326 2588; x_wconf 87' lang='lat' dir='ltr'><strong>conve-</strong></span> 
     </span>
    </p>
   </div>
   <div class='ocr_carea' id='block_1_43' title="bbox 758 2620 2325 2688">
    <p class='ocr_par' dir='ltr' id='par_1_43' title="bbox 758 2620 2325 2688">
     <span class='ocr_line' id='line_1_43' title="bbox 758 2620 2325 2688; baseline 0.003 -15"><span class='ocrx_word' id='word_1_307' title='bbox 758 2622 991 2681; x_wconf 84' lang='lat' dir='ltr'><strong>nienter,</strong></span> <span class='ocrx_word' id='word_1_308' title='bbox 1050 2630 1108 2674; x_wconf 87' lang='lat' dir='ltr'><strong>ut</strong></span> <span class='ocrx_word' id='word_1_309' title='bbox 1156 2621 1229 2675; x_wconf 90' lang='lat' dir='ltr'><strong>ibi</strong></span> <span class='ocrx_word' id='word_1_310' title='bbox 1269 2620 1549 2675; x_wconf 84' lang='lat' dir='ltr'><strong>docerent.</strong></span> <span class='ocrx_word' id='word_1_311' title='bbox 1602 2623 1714 2674; x_wconf 74' lang='lat' dir='ltr'><strong>(Tur</strong></span> <span class='ocrx_word' id='word_1_312' title='bbox 1762 2639 1890 2677; x_wconf 86' lang='lat' dir='ltr'><strong>vero</strong></span> <span class='ocrx_word' id='word_1_313' title='bbox 1930 2622 2155 2688; x_wconf 80' lang='lat' dir='ltr'><strong>Paulus,</strong></span> <span class='ocrx_word' id='word_1_314' title='bbox 2199 2639 2325 2679; x_wconf 88' lang='lat' dir='ltr'><strong>cum</strong></span> 
     </span>
    </p>
   </div>
   <div class='ocr_carea' id='block_1_44' title="bbox 756 2713 2327 2785">
    <p class='ocr_par' dir='ltr' id='par_1_44' title="bbox 756 2713 2327 2785">
     <span class='ocr_line' id='line_1_44' title="bbox 756 2713 2327 2785; baseline 0.003 -20"><span class='ocrx_word' id='word_1_315' title='bbox 756 2721 899 2766; x_wconf 82' lang='lat' dir='ltr'><strong>esset</strong></span> <span class='ocrx_word' id='word_1_316' title='bbox 948 2713 1231 2781; x_wconf 75' lang='lat' dir='ltr'><strong>propheta,</strong></span> <span class='ocrx_word' id='word_1_317' title='bbox 1266 2723 1529 2780; x_wconf 81' lang='lat' dir='ltr'><strong>certoque</strong></span> <span class='ocrx_word' id='word_1_318' title='bbox 1580 2716 1739 2768; x_wconf 81' lang='lat' dir='ltr'><strong>sciret</strong></span> <span class='ocrx_word' id='word_1_319' title='bbox 1776 2730 1835 2769; x_wconf 81' lang='lat' dir='ltr'><strong>se</strong></span> <span class='ocrx_word' id='word_1_320' title='bbox 1867 2716 2141 2785; x_wconf 86' lang='lat' dir='ltr'><strong>Ephesum</strong></span> <span class='ocrx_word' id='word_1_321' title='bbox 2184 2717 2327 2771; x_wconf 88' lang='lat' dir='ltr'><strong>redi-</strong></span> 
     </span>
    </p>
   </div>
   <div class='ocr_carea' id='block_1_45' title="bbox 758 2804 2327 2876">
    <p class='ocr_par' dir='ltr' id='par_1_45' title="bbox 758 2804 2327 2876">
     <span class='ocr_line' id='line_1_45' title="bbox 758 2804 2327 2876; baseline 0.005 -20"><span class='ocrx_word' id='word_1_322' title='bbox 758 2814 936 2857; x_wconf 84' lang='lat' dir='ltr'><strong>turum</strong></span> <span class='ocrx_word' id='word_1_323' title='bbox 964 2847 977 2868; x_wconf 88' lang='lat'><strong>,</strong></span> <span class='ocrx_word' id='word_1_324' title='bbox 1021 2820 1127 2857; x_wconf 91' lang='lat' dir='ltr'><strong>non</strong></span> <span class='ocrx_word' id='word_1_325' title='bbox 1161 2804 1209 2858; x_wconf 89' lang='lat' dir='ltr'><strong>id</strong></span> <span class='ocrx_word' id='word_1_326' title='bbox 1242 2806 1443 2874; x_wconf 86' lang='lat' dir='ltr'><strong>absque</strong></span> <span class='ocrx_word' id='word_1_327' title='bbox 1468 2806 1777 2860; x_wconf 85' lang='lat' dir='ltr'><strong>conditione</strong></span> <span class='ocrx_word' id='word_1_328' title='bbox 1809 2807 2078 2876; x_wconf 88' lang='lat' dir='ltr'><strong>promisit,</strong></span> <span class='ocrx_word' id='word_1_329' title='bbox 2102 2808 2198 2863; x_wconf 85' lang='lat' dir='ltr'><strong>sed</strong></span> <span class='ocrx_word' id='word_1_330' title='bbox 2232 2810 2327 2864; x_wconf 89' lang='lat' dir='ltr'><strong>ad-</strong></span> 
     </span>
    </p>
   </div>
   <div class='ocr_carea' id='block_1_46' title="bbox 754 2892 2328 2964">
    <p class='ocr_par' dir='ltr' id='par_1_46' title="bbox 754 2892 2328 2964">
     <span class='ocr_line' id='line_1_46' title="bbox 754 2892 2328 2964; baseline 0.004 -19"><span class='ocrx_word' id='word_1_331' title='bbox 754 2893 944 2958; x_wconf 73' lang='lat' dir='ltr'><strong>didit,i</strong></span> <span class='ocrx_word' id='word_1_332' title='bbox 971 2892 1077 2947; x_wconf 83' lang='lat' dir='ltr'><strong>Deo</strong></span> <span class='ocrx_word' id='word_1_333' title='bbox 1102 2893 1335 2949; x_wconf 85' lang='lat' dir='ltr'><strong>volente?</strong></span> <span class='ocrx_word' id='word_1_334' title='bbox 1364 2894 1555 2964; x_wconf 72' lang='lat' dir='ltr'><strong>D283</strong></span> <span class='ocrx_word' id='word_1_335' title='bbox 1575 2894 1773 2963; x_wconf 84' lang='lat' dir='ltr'><strong>Nempe</strong></span> <span class='ocrx_word' id='word_1_336' title='bbox 1790 2894 1986 2950; x_wconf 85' lang='lat' dir='ltr'><strong>docere</strong></span> <span class='ocrx_word' id='word_1_337' title='bbox 2019 2911 2118 2951; x_wconf 89' lang='lat' dir='ltr'><strong>nos</strong></span> <span class='ocrx_word' id='word_1_338' title='bbox 2135 2898 2328 2959; x_wconf 87' lang='lat' dir='ltr'><strong>voluit,</strong></span> 
     </span>
    </p>
   </div>
   <div class='ocr_carea' id='block_1_47' title="bbox 758 2986 2322 3054">
    <p class='ocr_par' dir='ltr' id='par_1_47' title="bbox 758 2986 2322 3054">
     <span class='ocr_line' id='line_1_47' title="bbox 758 2986 2322 3054; baseline 0.003 -17"><span class='ocrx_word' id='word_1_339' title='bbox 758 2993 813 3037; x_wconf 91' lang='lat' dir='ltr'><strong>ut</strong></span> <span class='ocrx_word' id='word_1_340' title='bbox 849 2986 983 3038; x_wconf 88' lang='lat' dir='ltr'><strong>nihil</strong></span> <span class='ocrx_word' id='word_1_341' title='bbox 1022 2987 1424 3054; x_wconf 83' lang='lat' dir='ltr'><strong>promittamus,</strong></span> <span class='ocrx_word' id='word_1_342' title='bbox 1466 2987 1571 3040; x_wconf 88' lang='lat' dir='ltr'><strong>nisi</strong></span> <span class='ocrx_word' id='word_1_343' title='bbox 1606 2987 1707 3039; x_wconf 90' lang='lat' dir='ltr'><strong>hac</strong></span> <span class='ocrx_word' id='word_1_344' title='bbox 1738 2987 1922 3041; x_wconf 85' lang='lat' dir='ltr'><strong>addita</strong></span> <span class='ocrx_word' id='word_1_345' title='bbox 1954 2989 2275 3043; x_wconf 90' lang='lat' dir='ltr'><strong>conditione</strong></span> <span class='ocrx_word' id='word_1_346' title='bbox 2309 3006 2322 3042; x_wconf 93' lang='lat'><strong>:</strong></span> 
     </span>
    </p>
   </div>
   <div class='ocr_carea' id='block_1_48' title="bbox 760 3074 2324 3148">
    <p class='ocr_par' dir='ltr' id='par_1_48' title="bbox 760 3074 2324 3148">
     <span class='ocr_line' id='line_1_48' title="bbox 760 3074 2324 3148; baseline 0.007 -25"><span class='ocrx_word' id='word_1_347' title='bbox 760 3094 776 3123; x_wconf 77' lang='grc' dir='ltr'>ι</span> <span class='ocrx_word' id='word_1_348' title='bbox 815 3077 1025 3129; x_wconf 83' lang='lat' dir='ltr'><strong>volente</strong></span> <span class='ocrx_word' id='word_1_349' title='bbox 1074 3074 1204 3131; x_wconf 70' lang='lat' dir='ltr'><strong>Deo.</strong></span> <span class='ocrx_word' id='word_1_350' title='bbox 1243 3094 1261 3127; x_wconf 75' lang='grc' dir='ltr'><strong>ι</strong></span> <span class='ocrx_word' id='word_1_351' title='bbox 1283 3104 1350 3115; x_wconf 85' lang='lat'><strong>-—</strong></span> <span class='ocrx_word' id='word_1_352' title='bbox 1374 3093 1393 3126; x_wconf 86' lang='grc' dir='ltr'>ι</span> <span class='ocrx_word' id='word_1_353' title='bbox 1430 3074 1599 3132; x_wconf 82' lang='lat' dir='ltr'><strong>Nemo</strong></span> <span class='ocrx_word' id='word_1_354' title='bbox 1621 3077 1765 3131; x_wconf 90' lang='lat' dir='ltr'><strong>enim</strong></span> <span class='ocrx_word' id='word_1_355' title='bbox 1791 3078 1942 3132; x_wconf 89' lang='lat' dir='ltr'><strong>novit</strong></span> <span class='ocrx_word' id='word_1_356' title='bbox 1975 3079 2103 3148; x_wconf 89' lang='lat' dir='ltr'><strong>quid</strong></span> <span class='ocrx_word' id='word_1_357' title='bbox 2134 3094 2324 3148; x_wconf 81' lang='lat' dir='ltr'><strong>super-</strong></span> 
     </span>
    </p>
   </div>
   <div class='ocr_carea' id='block_1_49' title="bbox 754 3166 1478 3235">
    <p class='ocr_par' dir='ltr' id='par_1_49' title="bbox 754 3166 1478 3235">
     <span class='ocr_line' id='line_1_49' title="bbox 754 3166 1478 3235; baseline 0.001 -16"><span class='ocrx_word' id='word_1_358' title='bbox 754 3176 980 3221; x_wconf 75' lang='lat' dir='ltr'><strong>ventura</strong></span> <span class='ocrx_word' id='word_1_359' title='bbox 1016 3166 1187 3235; x_wconf 90' lang='lat' dir='ltr'><strong>pariat</strong></span> <span class='ocrx_word' id='word_1_360' title='bbox 1213 3168 1331 3224; x_wconf 88' lang='lat' dir='ltr'><strong>dies</strong></span> <span class='ocrx_word' id='word_1_361' title='bbox 1356 3168 1423 3222; x_wconf 81' lang='grc'><strong>⁸⁸.</strong></span> <span class='ocrx_word' id='word_1_362' title='bbox 1461 3189 1478 3220; x_wconf 75' lang='grc' dir='ltr'><strong>ι</strong></span> 
     </span>
    </p>
   </div>
   <div class='ocr_carea' id='block_1_50' title="bbox 1119 3257 1944 3316">
    <p class='ocr_par' dir='ltr' id='par_1_50' title="bbox 1119 3257 1944 3316">
     <span class='ocr_line' id='line_1_50' title="bbox 1119 3257 1944 3316; baseline 0.001 -5"><span class='ocrx_word' id='word_1_363' title='bbox 1119 3257 1274 3311; x_wconf 74' lang='lat' dir='ltr'><strong>Ferte</strong></span> <span class='ocrx_word' id='word_1_364' title='bbox 1310 3260 1341 3312; x_wconf 69' lang='grc'>4</span> <span class='ocrx_word' id='word_1_365' title='bbox 1378 3259 1728 3316; x_wconf 73' lang='lat' dir='ltr'><strong>hebdomadae</strong></span> <span class='ocrx_word' id='word_1_366' title='bbox 1756 3270 1944 3314; x_wconf 71' lang='lat' dir='ltr'><strong>sexue.</strong></span> 
     </span>
    </p>
   </div>
   <div class='ocr_carea' id='block_1_51' title="bbox 1034 3349 2038 3419">
    <p class='ocr_par' dir='ltr' id='par_1_51' title="bbox 1034 3349 2038 3419">
     <span class='ocr_line' id='line_1_51' title="bbox 1034 3349 2038 3419; baseline 0.004 -16"><span class='ocrx_word' id='word_1_367' title='bbox 1034 3349 1110 3405; x_wconf 71' lang='lat' dir='ltr'><strong>De</strong></span> <span class='ocrx_word' id='word_1_368' title='bbox 1132 3349 1318 3418; x_wconf 81' lang='lat' dir='ltr'><strong>Apollo</strong></span> <span class='ocrx_word' id='word_1_369' title='bbox 1352 3351 1463 3404; x_wconf 85' lang='lat' dir='ltr'><strong>viro</strong></span> <span class='ocrx_word' id='word_1_370' title='bbox 1495 3349 1765 3419; x_wconf 78' lang='lat' dir='ltr'><strong>eloquente</strong></span> <span class='ocrx_word' id='word_1_371' title='bbox 1792 3358 1841 3406; x_wconf 80' lang='lat' dir='ltr'><strong>et</strong></span> <span class='ocrx_word' id='word_1_372' title='bbox 1871 3350 2038 3419; x_wconf 79' lang='lat' dir='ltr'><strong>ﬁdeli.</strong></span> 
     </span>
    </p>
   </div>
   <div class='ocr_carea' id='block_1_52' title="bbox 1381 3439 1679 3494">
    <p class='ocr_par' dir='ltr' id='par_1_52' title="bbox 1381 3439 1679 3494">
     <span class='ocr_line' id='line_1_52' title="bbox 1381 3439 1679 3494; baseline -0.003 0"><span class='ocrx_word' id='word_1_373' title='bbox 1381 3439 1679 3494; x_wconf 76' lang='lat' dir='ltr'><strong>TEXTUS.</strong></span> 
     </span>
    </p>
   </div>
   <div class='ocr_carea' id='block_1_53' title="bbox 820 3528 2320 3597">
    <p class='ocr_par' dir='ltr' id='par_1_53' title="bbox 820 3528 2320 3597">
     <span class='ocr_line' id='line_1_53' title="bbox 820 3528 2320 3597; baseline -0.001 -12"><span class='ocrx_word' id='word_1_374' title='bbox 820 3528 1004 3596; x_wconf 64' lang='lat' dir='ltr'><strong>XVIII,</strong></span> <span class='ocrx_word' id='word_1_375' title='bbox 1026 3530 1217 3586; x_wconf 69' lang='lat'><strong>22-28.</strong></span> <span class='ocrx_word' id='word_1_376' title='bbox 1242 3531 1299 3584; x_wconf 85' lang='lat' dir='ltr'><strong>Et</strong></span> <span class='ocrx_word' id='word_1_377' title='bbox 1320 3530 1657 3587; x_wconf 83' lang='lat' dir='ltr'><strong>descendens</strong></span> <span class='ocrx_word' id='word_1_378' title='bbox 1669 3531 1991 3597; x_wconf 63' lang='lat' dir='ltr'><strong>Casu-eam,</strong></span> <span class='ocrx_word' id='word_1_379' title='bbox 2011 3532 2251 3587; x_wconf 82' lang='lat' dir='ltr'><strong>ascendit</strong></span> <span class='ocrx_word' id='word_1_380' title='bbox 2268 3543 2320 3585; x_wconf 88' lang='lat' dir='ltr'><strong>et</strong></span> 
     </span>
    </p>
   </div>
   <div class='ocr_carea' id='block_1_54' title="bbox 751 3622 2322 3686">
    <p class='ocr_par' dir='ltr' id='par_1_54' title="bbox 751 3622 2322 3686">
     <span class='ocr_line' id='line_1_54' title="bbox 751 3622 2322 3686; baseline 0 -7"><span class='ocrx_word' id='word_1_381' title='bbox 751 3626 1005 3679; x_wconf 70' lang='lat' dir='ltr'><strong>salutavit</strong></span> <span class='ocrx_word' id='word_1_382' title='bbox 1026 3623 1416 3686; x_wconf 83' lang='lat' dir='ltr'><strong>Ecclesiam,et</strong></span> <span class='ocrx_word' id='word_1_383' title='bbox 1451 3623 1733 3676; x_wconf 89' lang='lat' dir='ltr'><strong>descendit</strong></span> <span class='ocrx_word' id='word_1_384' title='bbox 1762 3622 2127 3680; x_wconf 86' lang='lat' dir='ltr'><strong>Antiochiam.</strong></span> <span class='ocrx_word' id='word_1_385' title='bbox 2150 3624 2212 3676; x_wconf 84' lang='lat' dir='ltr'><strong>Et</strong></span> <span class='ocrx_word' id='word_1_386' title='bbox 2237 3622 2322 3679; x_wconf 72' lang='grc' dir='ltr'>[ιι-</span> 
     </span>
    </p>
   </div>
   <div class='ocr_carea' id='block_1_55' title="bbox 749 3714 2321 3784">
    <p class='ocr_par' dir='ltr' id='par_1_55' title="bbox 749 3714 2321 3784">
     <span class='ocr_line' id='line_1_55' title="bbox 749 3714 2321 3784; baseline 0.001 -15"><span class='ocrx_word' id='word_1_387' title='bbox 749 3726 837 3769; x_wconf 85' lang='lat' dir='ltr'><strong>ctu</strong></span> <span class='ocrx_word' id='word_1_388' title='bbox 857 3717 926 3768; x_wconf 90' lang='lat' dir='ltr'><strong>ihi</strong></span> <span class='ocrx_word' id='word_1_389' title='bbox 948 3716 1225 3783; x_wconf 85' lang='lat' dir='ltr'><strong>aliquanto</strong></span> <span class='ocrx_word' id='word_1_390' title='bbox 1256 3724 1493 3783; x_wconf 87' lang='lat' dir='ltr'><strong>tempore</strong></span> <span class='ocrx_word' id='word_1_391' title='bbox 1518 3714 1788 3784; x_wconf 82' lang='lat' dir='ltr'><strong>profectus</strong></span> <span class='ocrx_word' id='word_1_392' title='bbox 1817 3716 2321 3781; x_wconf 83' lang='lat' dir='ltr'><strong>est,perambnlans</strong></span> 
     </span>
    </p>
   </div>
   <div class='ocr_carea' id='block_1_56' title="bbox 749 3804 2322 3876">
    <p class='ocr_par' dir='ltr' id='par_1_56' title="bbox 749 3804 2322 3876">
     <span class='ocr_line' id='line_1_56' title="bbox 749 3804 2322 3876; baseline 0 -17"><span class='ocrx_word' id='word_1_393' title='bbox 749 3824 811 3859; x_wconf 65' lang='lat' dir='ltr'><strong>es</strong></span> <span class='ocrx_word' id='word_1_394' title='bbox 852 3808 1042 3860; x_wconf 86' lang='lat' dir='ltr'><strong>ordine</strong></span> <span class='ocrx_word' id='word_1_395' title='bbox 1088 3806 1383 3860; x_wconf 75' lang='lat' dir='ltr'><strong>Galaticain</strong></span> <span class='ocrx_word' id='word_1_396' title='bbox 1403 3807 1679 3875; x_wconf 77' lang='lat' dir='ltr'><strong>regionem</strong></span> <span class='ocrx_word' id='word_1_397' title='bbox 1710 3815 1763 3860; x_wconf 90' lang='lat' dir='ltr'><strong>et</strong></span> <span class='ocrx_word' id='word_1_398' title='bbox 1788 3804 2096 3876; x_wconf 74' lang='lat' dir='ltr'><strong>Phrygiam,</strong></span> <span class='ocrx_word' id='word_1_399' title='bbox 2127 3807 2322 3861; x_wconf 80' lang='lat' dir='ltr'><strong>contir-</strong></span> 
     </span>
    </p>
   </div>
   <div class='ocr_carea' id='block_1_57' title="bbox 751 3895 2313 3969">
    <p class='ocr_par' dir='ltr' id='par_1_57' title="bbox 751 3895 2313 3969">
     <span class='ocr_line' id='line_1_57' title="bbox 751 3895 2313 3969; baseline -0.002 -17"><span class='ocrx_word' id='word_1_400' title='bbox 751 3915 903 3953; x_wconf 86' lang='lat' dir='ltr'><strong>mans</strong></span> <span class='ocrx_word' id='word_1_401' title='bbox 950 3913 1141 3952; x_wconf 86' lang='lat' dir='ltr'><strong>omnes</strong></span> <span class='ocrx_word' id='word_1_402' title='bbox 1190 3897 1508 3966; x_wconf 76' lang='lat' dir='ltr'><strong>discipulos.</strong></span> <span class='ocrx_word' id='word_1_403' title='bbox 1564 3895 1787 3951; x_wconf 69' lang='lat' dir='ltr'><strong>Judmus</strong></span> <span class='ocrx_word' id='word_1_404' title='bbox 1844 3909 2025 3953; x_wconf 84' lang='lat' dir='ltr'><strong>autem</strong></span> <span class='ocrx_word' id='word_1_405' title='bbox 2072 3899 2313 3969; x_wconf 80' lang='lat' dir='ltr'><strong>quidam,</strong></span> 
     </span>
    </p>
   </div>
   <div class='ocr_carea' id='block_1_58' title="bbox 749 3989 2314 4059">
    <p class='ocr_par' dir='ltr' id='par_1_58' title="bbox 749 3989 2314 4059">
     <span class='ocr_line' id='line_1_58' title="bbox 749 3989 2314 4059; baseline 0 -17"><span class='ocrx_word' id='word_1_406' title='bbox 749 3993 940 4059; x_wconf 84' lang='lat' dir='ltr'><strong>Apollo</strong></span> <span class='ocrx_word' id='word_1_407' title='bbox 970 3993 1210 4055; x_wconf 86' lang='lat' dir='ltr'><strong>nomine,</strong></span> <span class='ocrx_word' id='word_1_408' title='bbox 1240 3989 1635 4043; x_wconf 79' lang='lat' dir='ltr'><strong>Alexandrinus</strong></span> <span class='ocrx_word' id='word_1_409' title='bbox 1674 4005 1890 4059; x_wconf 74' lang='lat' dir='ltr'><strong>genere,</strong></span> <span class='ocrx_word' id='word_1_410' title='bbox 1924 3992 2006 4044; x_wconf 90' lang='lat' dir='ltr'><strong>vir</strong></span> <span class='ocrx_word' id='word_1_411' title='bbox 2031 3992 2314 4059; x_wconf 83' lang='lat' dir='ltr'><strong>eloquens,</strong></span> 
     </span>
    </p>
   </div>
   <div class='ocr_carea' id='block_1_59' title="bbox 750 4080 2317 4153">
    <p class='ocr_par' dir='ltr' id='par_1_59' title="bbox 750 4080 2317 4153">
     <span class='ocr_line' id='line_1_59' title="bbox 750 4080 2317 4153; baseline -0.001 -17"><span class='ocrx_word' id='word_1_412' title='bbox 750 4083 966 4136; x_wconf 76' lang='lat' dir='ltr'><strong>devenit</strong></span> <span class='ocrx_word' id='word_1_413' title='bbox 1023 4082 1316 4153; x_wconf 70' lang='lat' dir='ltr'><strong>Ephesum,</strong></span> <span class='ocrx_word' id='word_1_414' title='bbox 1371 4090 1562 4151; x_wconf 88' lang='lat' dir='ltr'><strong>potens</strong></span> <span class='ocrx_word' id='word_1_415' title='bbox 1609 4082 1661 4135; x_wconf 90' lang='lat' dir='ltr'><strong>in</strong></span> <span class='ocrx_word' id='word_1_416' title='bbox 1700 4080 2024 4150; x_wconf 81' lang='lat' dir='ltr'><strong>Seripluris.</strong></span> <span class='ocrx_word' id='word_1_417' title='bbox 2072 4081 2171 4136; x_wconf 87' lang='lat' dir='ltr'><strong>llic</strong></span> <span class='ocrx_word' id='word_1_418' title='bbox 2201 4092 2317 4135; x_wconf 86' lang='lat' dir='ltr'><strong>erat</strong></span> 
     </span>
    </p>
   </div>
   <div class='ocr_carea' id='block_1_60' title="bbox 748 4174 2314 4245">
    <p class='ocr_par' dir='ltr' id='par_1_60' title="bbox 748 4174 2314 4245">
     <span class='ocr_line' id='line_1_60' title="bbox 748 4174 2314 4245; baseline 0.001 -19"><span class='ocrx_word' id='word_1_419' title='bbox 748 4177 975 4230; x_wconf 76' lang='lat' dir='ltr'><strong>eductus</strong></span> <span class='ocrx_word' id='word_1_420' title='bbox 1004 4176 1141 4228; x_wconf 86' lang='lat' dir='ltr'><strong>viam</strong></span> <span class='ocrx_word' id='word_1_421' title='bbox 1168 4176 1380 4230; x_wconf 82' lang='lat' dir='ltr'><strong>homini</strong></span> <span class='ocrx_word' id='word_1_422' title='bbox 1413 4193 1427 4229; x_wconf 90' lang='lat'><strong>:</strong></span> <span class='ocrx_word' id='word_1_423' title='bbox 1462 4185 1517 4229; x_wconf 89' lang='lat' dir='ltr'><strong>et</strong></span> <span class='ocrx_word' id='word_1_424' title='bbox 1548 4175 1766 4229; x_wconf 82' lang='lat' dir='ltr'><strong>fervens</strong></span> <span class='ocrx_word' id='word_1_425' title='bbox 1809 4174 2012 4244; x_wconf 88' lang='lat' dir='ltr'><strong>Spiritu</strong></span> <span class='ocrx_word' id='word_1_426' title='bbox 2060 4175 2314 4245; x_wconf 87' lang='lat' dir='ltr'><strong>loqueba-</strong></span> 
     </span>
    </p>
   </div>
   <div class='ocr_carea' id='block_1_61' title="bbox 750 4264 2313 4336">
    <p class='ocr_par' dir='ltr' id='par_1_61' title="bbox 750 4264 2313 4336">
     <span class='ocr_line' id='line_1_61' title="bbox 750 4264 2313 4336; baseline -0.001 -14"><span class='ocrx_word' id='word_1_427' title='bbox 750 4278 837 4322; x_wconf 88' lang='lat' dir='ltr'><strong>tur</strong></span> <span class='ocrx_word' id='word_1_428' title='bbox 868 4277 921 4322; x_wconf 91' lang='lat' dir='ltr'><strong>et</strong></span> <span class='ocrx_word' id='word_1_429' title='bbox 950 4268 1178 4321; x_wconf 80' lang='lat' dir='ltr'><strong>docebat</strong></span> <span class='ocrx_word' id='word_1_430' title='bbox 1202 4268 1486 4336; x_wconf 81' lang='lat' dir='ltr'><strong>diligenter</strong></span> <span class='ocrx_word' id='word_1_431' title='bbox 1526 4280 1588 4319; x_wconf 87' lang='lat' dir='ltr'><strong>ea</strong></span> <span class='ocrx_word' id='word_1_432' title='bbox 1620 4281 1741 4336; x_wconf 79' lang='lat' dir='ltr'><strong>qua:</strong></span> <span class='ocrx_word' id='word_1_433' title='bbox 1775 4274 1905 4319; x_wconf 88' lang='lat' dir='ltr'><strong>sunt</strong></span> <span class='ocrx_word' id='word_1_434' title='bbox 1947 4264 2102 4336; x_wconf 82' lang='lat' dir='ltr'><strong>Jesu,</strong></span> <span class='ocrx_word' id='word_1_435' title='bbox 2133 4266 2313 4321; x_wconf 84' lang='lat' dir='ltr'><strong>sciens</strong></span> 
     </span>
    </p>
   </div>
   <div class='ocr_carea' id='block_1_62' title="bbox 750 4357 2312 4429">
    <p class='ocr_par' dir='ltr' id='par_1_62' title="bbox 750 4357 2312 4429">
     <span class='ocr_line' id='line_1_62' title="bbox 750 4357 2312 4429; baseline -0.002 -15"><span class='ocrx_word' id='word_1_436' title='bbox 750 4371 957 4414; x_wconf 86' lang='lat' dir='ltr'><strong>tantum</strong></span> <span class='ocrx_word' id='word_1_437' title='bbox 992 4359 1262 4429; x_wconf 85' lang='lat' dir='ltr'><strong>baptisma</strong></span> <span class='ocrx_word' id='word_1_438' title='bbox 1298 4358 1549 4413; x_wconf 81' lang='lat' dir='ltr'><strong>Joannis.</strong></span> <span class='ocrx_word' id='word_1_439' title='bbox 1584 4357 1683 4412; x_wconf 88' lang='lat' dir='ltr'><strong>llic</strong></span> <span class='ocrx_word' id='word_1_440' title='bbox 1712 4373 1841 4426; x_wconf 76' lang='lat' dir='ltr'><strong>ergo</strong></span> <span class='ocrx_word' id='word_1_441' title='bbox 1879 4358 2047 4428; x_wconf 70' lang='lat' dir='ltr'><strong>coepit</strong></span> <span class='ocrx_word' id='word_1_442' title='bbox 2082 4358 2312 4413; x_wconf 85' lang='lat' dir='ltr'><strong>ﬁducia-</strong></span> 
     </span>
    </p>
   </div>
   <div class='ocr_carea' id='block_1_63' title="bbox 750 4450 2309 4523">
    <p class='ocr_par' dir='ltr' id='par_1_63' title="bbox 750 4450 2309 4523">
     <span class='ocr_line' id='line_1_63' title="bbox 750 4450 2309 4523; baseline 0 -18"><span class='ocrx_word' id='word_1_443' title='bbox 750 4455 869 4507; x_wconf 89' lang='lat' dir='ltr'><strong>liter</strong></span> <span class='ocrx_word' id='word_1_444' title='bbox 900 4468 1059 4523; x_wconf 78' lang='lat' dir='ltr'><strong>agerc</strong></span> <span class='ocrx_word' id='word_1_445' title='bbox 1094 4453 1146 4505; x_wconf 93' lang='lat' dir='ltr'><strong>in</strong></span> <span class='ocrx_word' id='word_1_446' title='bbox 1176 4466 1468 4522; x_wconf 78' lang='lat' dir='ltr'><strong>synagoga.</strong></span> <span class='ocrx_word' id='word_1_447' title='bbox 1503 4451 1674 4517; x_wconf 86' lang='lat' dir='ltr'><strong>Quem</strong></span> <span class='ocrx_word' id='word_1_448' title='bbox 1718 4466 1841 4505; x_wconf 79' lang='lat' dir='ltr'><strong>cum</strong></span> <span class='ocrx_word' id='word_1_449' title='bbox 1881 4450 2165 4507; x_wconf 86' lang='lat' dir='ltr'><strong>audissent</strong></span> <span class='ocrx_word' id='word_1_450' title='bbox 2191 4451 2309 4505; x_wconf 84' lang='lat' dir='ltr'><strong>Pri-</strong></span> 
     </span>
    </p>
   </div>
   <div class='ocr_carea' id='block_1_64' title="bbox 748 4543 2387 4615">
    <p class='ocr_par' dir='ltr' id='par_1_64' title="bbox 748 4543 2387 4615">
     <span class='ocr_line' id='line_1_64' title="bbox 748 4543 2387 4615; baseline 0.001 -17"><span class='ocrx_word' id='word_1_451' title='bbox 748 4546 902 4598; x_wconf 75' lang='lat' dir='ltr'><strong>scilla</strong></span> <span class='ocrx_word' id='word_1_452' title='bbox 932 4554 988 4599; x_wconf 84' lang='lat' dir='ltr'><strong>et</strong></span> <span class='ocrx_word' id='word_1_453' title='bbox 1020 4544 1235 4614; x_wconf 82' lang='lat' dir='ltr'><strong>Aquila,</strong></span> <span class='ocrx_word' id='word_1_454' title='bbox 1268 4552 1685 4613; x_wconf 88' lang='lat' dir='ltr'><strong>assumpserunt</strong></span> <span class='ocrx_word' id='word_1_455' title='bbox 1708 4559 1858 4608; x_wconf 88' lang='lat' dir='ltr'><strong>eum,</strong></span> <span class='ocrx_word' id='word_1_456' title='bbox 1905 4552 1959 4598; x_wconf 92' lang='lat' dir='ltr'><strong>et</strong></span> <span class='ocrx_word' id='word_1_457' title='bbox 1992 4543 2309 4614; x_wconf 79' lang='lat' dir='ltr'><strong>diligentius</strong></span> <span class='ocrx_word' id='word_1_458' title='bbox 2342 4561 2387 4615; x_wconf 84' lang='grc' dir='ltr'><strong>ι)</strong></span> 
     </span>
    </p>
   </div>
   <div class='ocr_carea' id='block_1_65' title="bbox 746 4632 2314 4704">
    <p class='ocr_par' dir='ltr' id='par_1_65' title="bbox 746 4632 2314 4704">
     <span class='ocr_line' id='line_1_65' title="bbox 746 4632 2314 4704; baseline 0.002 -17"><span class='ocrx_word' id='word_1_459' title='bbox 746 4644 1115 4704; x_wconf 81' lang='lat' dir='ltr'><strong>mposuerunt</strong></span> <span class='ocrx_word' id='word_1_460' title='bbox 1146 4634 1194 4687; x_wconf 88' lang='lat' dir='ltr'><strong>ei</strong></span> <span class='ocrx_word' id='word_1_461' title='bbox 1222 4634 1362 4687; x_wconf 89' lang='lat' dir='ltr'><strong>viam</strong></span> <span class='ocrx_word' id='word_1_462' title='bbox 1394 4632 1628 4687; x_wconf 87' lang='lat' dir='ltr'><strong>Domini.</strong></span> <span class='ocrx_word' id='word_1_463' title='bbox 1666 4632 1800 4687; x_wconf 81' lang='lat' dir='ltr'><strong>Cum</strong></span> <span class='ocrx_word' id='word_1_464' title='bbox 1826 4642 2007 4686; x_wconf 88' lang='lat' dir='ltr'><strong>autem</strong></span> <span class='ocrx_word' id='word_1_465' title='bbox 2041 4634 2200 4689; x_wconf 82' lang='lat' dir='ltr'><strong>vellet</strong></span> <span class='ocrx_word' id='word_1_466' title='bbox 2236 4635 2314 4690; x_wconf 88' lang='lat' dir='ltr'><strong>ire</strong></span> 
     </span>
    </p>
   </div>
   <div class='ocr_carea' id='block_1_66' title="bbox 748 4722 2313 4793">
    <p class='ocr_par' dir='ltr' id='par_1_66' title="bbox 748 4722 2313 4793">
     <span class='ocr_line' id='line_1_66' title="bbox 748 4722 2313 4793; baseline 0.001 -17"><span class='ocrx_word' id='word_1_467' title='bbox 748 4726 1038 4788; x_wconf 79' lang='lat' dir='ltr'><strong>Achaiam,</strong></span> <span class='ocrx_word' id='word_1_468' title='bbox 1068 4725 1338 4777; x_wconf 75' lang='lat' dir='ltr'><strong>exhortati</strong></span> <span class='ocrx_word' id='word_1_469' title='bbox 1390 4723 1590 4777; x_wconf 85' lang='lat' dir='ltr'><strong>Iratres</strong></span> <span class='ocrx_word' id='word_1_470' title='bbox 1642 4723 1985 4791; x_wconf 80' lang='lat' dir='ltr'><strong>scripserunt</strong></span> <span class='ocrx_word' id='word_1_471' title='bbox 2030 4722 2313 4793; x_wconf 87' lang='lat' dir='ltr'><strong>discipulis</strong></span> 
     </span>
    </p>
   </div>
   <div class='ocr_carea' id='block_1_67' title="bbox 750 4810 2317 4879">
    <p class='ocr_par' dir='ltr' id='par_1_67' title="bbox 750 4810 2317 4879">
     <span class='ocr_line' id='line_1_67' title="bbox 750 4810 2317 4879; baseline 0.003 -17"><span class='ocrx_word' id='word_1_472' title='bbox 750 4820 808 4863; x_wconf 95' lang='lat' dir='ltr'><strong>nt</strong></span> <span class='ocrx_word' id='word_1_473' title='bbox 856 4811 1199 4879; x_wconf 81' lang='lat' dir='ltr'><strong>susciperent</strong></span> <span class='ocrx_word' id='word_1_474' title='bbox 1245 4825 1390 4865; x_wconf 83' lang='lat' dir='ltr'><strong>eum.</strong></span> <span class='ocrx_word' id='word_1_475' title='bbox 1440 4812 1542 4874; x_wconf 78' lang='lat' dir='ltr'><strong>Qui</strong></span> <span class='ocrx_word' id='word_1_476' title='bbox 1596 4824 1720 4863; x_wconf 90' lang='lat' dir='ltr'><strong>cum</strong></span> <span class='ocrx_word' id='word_1_477' title='bbox 1780 4810 2040 4877; x_wconf 80' lang='lat' dir='ltr'><strong>venisset,</strong></span> <span class='ocrx_word' id='word_1_478' title='bbox 2088 4812 2317 4866; x_wconf 87' lang='lat' dir='ltr'><strong>contulit</strong></span> 
     </span>
    </p>
   </div>
   <div class='ocr_carea' id='block_1_68' title="bbox 749 4898 2308 4971">
    <p class='ocr_par' dir='ltr' id='par_1_68' title="bbox 749 4898 2308 4971">
     <span class='ocr_line' id='line_1_68' title="bbox 749 4898 2308 4971; baseline 0 -17"><span class='ocrx_word' id='word_1_479' title='bbox 749 4902 977 4954; x_wconf 85' lang='lat' dir='ltr'><strong>multum</strong></span> <span class='ocrx_word' id='word_1_480' title='bbox 1044 4902 1129 4956; x_wconf 91' lang='lat' dir='ltr'><strong>his</strong></span> <span class='ocrx_word' id='word_1_481' title='bbox 1181 4902 1274 4971; x_wconf 88' lang='lat' dir='ltr'><strong>qui</strong></span> <span class='ocrx_word' id='word_1_482' title='bbox 1335 4901 1701 4955; x_wconf 85' lang='lat' dir='ltr'><strong>crediderant.</strong></span> <span class='ocrx_word' id='word_1_483' title='bbox 1758 4898 2119 4956; x_wconf 83' lang='lat' dir='ltr'><strong>Vehementer</strong></span> <span class='ocrx_word' id='word_1_484' title='bbox 2165 4902 2308 4956; x_wconf 90' lang='lat' dir='ltr'><strong>enim</strong></span> 
     </span>
    </p>
   </div>
   <div class='ocr_carea' id='block_1_69' title="bbox 748 4990 2311 5061">
    <p class='ocr_par' dir='ltr' id='par_1_69' title="bbox 748 4990 2311 5061">
     <span class='ocr_line' id='line_1_69' title="bbox 748 4990 2311 5061; baseline 0.001 -17"><span class='ocrx_word' id='word_1_485' title='bbox 748 4991 960 5046; x_wconf 65' lang='lat' dir='ltr'><strong>Juda‘os</strong></span> <span class='ocrx_word' id='word_1_486' title='bbox 997 4993 1308 5045; x_wconf 84' lang='lat' dir='ltr'><strong>revincebat</strong></span> <span class='ocrx_word' id='word_1_487' title='bbox 1346 4992 1579 5060; x_wconf 88' lang='lat' dir='ltr'><strong>publice,</strong></span> <span class='ocrx_word' id='word_1_488' title='bbox 1610 4990 1913 5047; x_wconf 83' lang='lat' dir='ltr'><strong>ostendens</strong></span> <span class='ocrx_word' id='word_1_489' title='bbox 1944 5007 2039 5061; x_wconf 88' lang='lat' dir='ltr'><strong>per</strong></span> <span class='ocrx_word' id='word_1_490' title='bbox 2062 4990 2311 5061; x_wconf 87' lang='lat' dir='ltr'><strong>Scriptu-</strong></span> 
     </span>
    </p>
   </div>
   <div class='ocr_carea' id='block_1_70' title="bbox 752 5081 1530 5137">
    <p class='ocr_par' dir='ltr' id='par_1_70' title="bbox 752 5081 1530 5137">
     <span class='ocr_line' id='line_1_70' title="bbox 752 5081 1530 5137; baseline 0.001 -3"><span class='ocrx_word' id='word_1_491' title='bbox 752 5101 837 5135; x_wconf 74' lang='lat' dir='ltr'><strong>ias</strong></span> <span class='ocrx_word' id='word_1_492' title='bbox 870 5100 989 5136; x_wconf 70' lang='lat' dir='ltr'><strong>esse</strong></span> <span class='ocrx_word' id='word_1_493' title='bbox 1019 5084 1289 5135; x_wconf 67' lang='lat' dir='ltr'><strong>Christum</strong></span> <span class='ocrx_word' id='word_1_494' title='bbox 1322 5081 1530 5137; x_wconf 77' lang='lat' dir='ltr'><strong>Jesum.</strong></span> 
     </span>
    </p>
   </div>
   <div class='ocr_carea' id='block_1_71' title="bbox 1246 5336 1809 5393">
    <p class='ocr_par' dir='ltr' id='par_1_71' title="bbox 1246 5336 1809 5393">
     <span class='ocr_line' id='line_1_71' title="bbox 1246 5336 1809 5393; baseline 0.004 -2"><span class='ocrx_word' id='word_1_495' title='bbox 1246 5336 1809 5393; x_wconf 68' lang='lat' dir='ltr'><strong>COMMENTARIUS.</strong></span> 
     </span>
    </p>
   </div>
   <div class='ocr_carea' id='block_1_72' title="bbox 821 5428 2310 5500">
    <p class='ocr_par' dir='ltr' id='par_1_72' title="bbox 821 5428 2310 5500">
     <span class='ocr_line' id='line_1_72' title="bbox 821 5428 2310 5500; baseline 0.003 -19"><span class='ocrx_word' id='word_1_496' title='bbox 821 5448 841 5481; x_wconf 83' lang='grc' dir='ltr'><strong>ι</strong></span> <span class='ocrx_word' id='word_1_497' title='bbox 905 5428 1092 5483; x_wconf 84' lang='lat' dir='ltr'><strong>Sciens</strong></span> <span class='ocrx_word' id='word_1_498' title='bbox 1152 5438 1360 5483; x_wconf 84' lang='lat' dir='ltr'><strong>tantum</strong></span> <span class='ocrx_word' id='word_1_499' title='bbox 1413 5430 1676 5497; x_wconf 84' lang='lat' dir='ltr'><strong>baptisma</strong></span> <span class='ocrx_word' id='word_1_500' title='bbox 1731 5428 1977 5483; x_wconf 82' lang='lat' dir='ltr'><strong>Joannis.</strong></span> <span class='ocrx_word' id='word_1_501' title='bbox 2035 5448 2054 5481; x_wconf 71' lang='grc' dir='ltr'><strong>ι</strong></span> <span class='ocrx_word' id='word_1_502' title='bbox 2120 5428 2310 5500; x_wconf 75' lang='lat' dir='ltr'><strong>Opera:</strong></span> 
     </span>
    </p>
   </div>
   <div class='ocr_carea' id='block_1_73' title="bbox 749 5521 2308 5592">
    <p class='ocr_par' dir='ltr' id='par_1_73' title="bbox 749 5521 2308 5592">
     <span class='ocr_line' id='line_1_73' title="bbox 749 5521 2308 5592; baseline 0 -18"><span class='ocrx_word' id='word_1_503' title='bbox 749 5522 979 5592; x_wconf 71' lang='lat' dir='ltr'><strong>pretium</strong></span> <span class='ocrx_word' id='word_1_504' title='bbox 999 5528 1081 5573; x_wconf 92' lang='lat' dir='ltr'><strong>est</strong></span> <span class='ocrx_word' id='word_1_505' title='bbox 1111 5521 1404 5588; x_wconf 86' lang='lat' dir='ltr'><strong>inquirere,</strong></span> <span class='ocrx_word' id='word_1_506' title='bbox 1429 5522 1725 5591; x_wconf 83' lang='lat' dir='ltr'><strong>quomodo,</strong></span> <span class='ocrx_word' id='word_1_507' title='bbox 1746 5524 1790 5574; x_wconf 89' lang='lat' dir='ltr'><strong>si</strong></span> <span class='ocrx_word' id='word_1_508' title='bbox 1823 5522 2014 5589; x_wconf 79' lang='lat' dir='ltr'><strong>Apollo</strong></span> <span class='ocrx_word' id='word_1_509' title='bbox 2042 5523 2308 5590; x_wconf 87' lang='lat' dir='ltr'><strong>baptisma</strong></span> 
     </span>
    </p>
   </div>
   <div class='ocr_carea' id='block_1_74' title="bbox 749 5613 2310 5683">
    <p class='ocr_par' dir='ltr' id='par_1_74' title="bbox 749 5613 2310 5683">
     <span class='ocr_line' id='line_1_74' title="bbox 749 5613 2310 5683; baseline 0.003 -16"><span class='ocrx_word' id='word_1_510' title='bbox 749 5624 955 5667; x_wconf 68' lang='lat' dir='ltr'><strong>tantum</strong></span> <span class='ocrx_word' id='word_1_511' title='bbox 986 5613 1213 5667; x_wconf 79' lang='lat' dir='ltr'><strong>Joannis</strong></span> <span class='ocrx_word' id='word_1_512' title='bbox 1247 5624 1490 5679; x_wconf 84' lang='lat' dir='ltr'><strong>noverat,</strong></span> <span class='ocrx_word' id='word_1_513' title='bbox 1524 5613 1727 5683; x_wconf 88' lang='lat' dir='ltr'><strong>Spiritu</strong></span> <span class='ocrx_word' id='word_1_514' title='bbox 1761 5614 2113 5669; x_wconf 79' lang='lat' dir='ltr'><strong>nihilominus</strong></span> <span class='ocrx_word' id='word_1_515' title='bbox 2135 5615 2310 5671; x_wconf 82' lang='lat' dir='ltr'><strong>I‘erre-</strong></span> 
     </span>
    </p>
   </div>
   <div class='ocr_carea' id='block_1_75' title="bbox 808 5793 1347 5852">
    <p class='ocr_par' dir='ltr' id='par_1_75' title="bbox 808 5793 1347 5852">
     <span class='ocr_line' id='line_1_75' title="bbox 808 5793 1347 5852; baseline 0 -7"><span class='ocrx_word' id='word_1_516' title='bbox 808 5796 864 5824; x_wconf 60' lang='lat'><strong>“5“</strong></span> <span class='ocrx_word' id='word_1_517' title='bbox 895 5793 1056 5846; x_wconf 71' lang='grc' dir='ltr'>Ριινν.</span> <span class='ocrx_word' id='word_1_518' title='bbox 1095 5809 1261 5852; x_wconf 67' lang='grc' dir='ltr'>κιιίι,</span> <span class='ocrx_word' id='word_1_519' title='bbox 1303 5793 1347 5845; x_wconf 87' lang='lat' dir='ltr'><strong>l.</strong></span> 
     </span>
    </p>
   </div>
   <div class='ocr_carea' id='block_1_76' title="bbox 2440 1974 4012 2046">
    <p class='ocr_par' dir='ltr' id='par_1_76' title="bbox 2440 1974 4012 2046">
     <span class='ocr_line' id='line_1_76' title="bbox 2440 1974 4012 2046; baseline 0.003 -20"><span class='ocrx_word' id='word_1_520' title='bbox 2440 1974 2673 2038; x_wconf 73' lang='grc' dir='ltr'>Παῦλον,</span> <span class='ocrx_word' id='word_1_521' title='bbox 2718 1975 2811 2026; x_wconf 78' lang='grc' dir='ltr'>καὶ</span> <span class='ocrx_word' id='word_1_522' title='bbox 2853 1975 3136 2046; x_wconf 83' lang='grc' dir='ltr'>Σωσθένης</span> <span class='ocrx_word' id='word_1_523' title='bbox 3184 1976 3511 2032; x_wconf 78' lang='grc' dir='ltr'>διεκώλυσεν</span> <span class='ocrx_word' id='word_1_524' title='bbox 3574 1980 3790 2042; x_wconf 81' lang='grc' dir='ltr'>αὐτούς.</span> <span class='ocrx_word' id='word_1_525' title='bbox 3842 1982 4012 2033; x_wconf 75' lang='grc' dir='ltr'>Πάλιν</span> 
     </span>
    </p>
   </div>
   <div class='ocr_carea' id='block_1_77' title="bbox 2436 2064 4013 2143">
    <p class='ocr_par' dir='ltr' id='par_1_77' title="bbox 2436 2064 4013 2143">
     <span class='ocr_line' id='line_1_77' title="bbox 2436 2064 4013 2143; baseline 0.004 -26"><span class='ocrx_word' id='word_1_526' title='bbox 2436 2064 2645 2117; x_wconf 80' lang='grc' dir='ltr'>κάτεισι</span> <span class='ocrx_word' id='word_1_527' title='bbox 2690 2066 2898 2129; x_wconf 83' lang='grc' dir='ltr'>Παῦλος</span> <span class='ocrx_word' id='word_1_528' title='bbox 2954 2069 3031 2129; x_wconf 85' lang='grc' dir='ltr'><strong>είς</strong></span> <span class='ocrx_word' id='word_1_529' title='bbox 3091 2067 3190 2138; x_wconf 77' lang='grc' dir='ltr'><strong>τήν</strong></span> <span class='ocrx_word' id='word_1_530' title='bbox 3248 2069 3470 2139; x_wconf 81' lang='grc' dir='ltr'>Συρίαν,</span> <span class='ocrx_word' id='word_1_531' title='bbox 3503 2088 3520 2120; x_wconf 87' lang='grc' dir='ltr'>ι</span> <span class='ocrx_word' id='word_1_532' title='bbox 3572 2073 3664 2123; x_wconf 75' lang='grc' dir='ltr'>καὶ</span> <span class='ocrx_word' id='word_1_533' title='bbox 3718 2074 3816 2124; x_wconf 74' lang='grc' dir='ltr'>σὺν</span> <span class='ocrx_word' id='word_1_534' title='bbox 3862 2074 4013 2143; x_wconf 79' lang='grc' dir='ltr'>αὐτῷ</span> 
     </span>
    </p>
   </div>
   <div class='ocr_carea' id='block_1_78' title="bbox 2443 2156 4015 2233">
    <p class='ocr_par' dir='ltr' id='par_1_78' title="bbox 2443 2156 4015 2233">
     <span class='ocr_line' id='line_1_78' title="bbox 2443 2156 4015 2233; baseline 0.006 -26"><span class='ocrx_word' id='word_1_535' title='bbox 2443 2156 2769 2225; x_wconf 77' lang='grc' dir='ltr'>Πρίσκιλλα,</span> <span class='ocrx_word' id='word_1_536' title='bbox 2826 2160 2919 2210; x_wconf 82' lang='grc' dir='ltr'>καὶ</span> <span class='ocrx_word' id='word_1_537' title='bbox 2949 2158 3201 2226; x_wconf 58' lang='lat' dir='ltr'><strong>mum,</strong></span> <span class='ocrx_word' id='word_1_538' title='bbox 3231 2164 3574 2231; x_wconf 82' lang='grc' dir='ltr'>κειράμενος,</span> <span class='ocrx_word' id='word_1_539' title='bbox 3607 2164 3759 2232; x_wconf 70' lang='grc' dir='ltr'>φησὶ,</span> <span class='ocrx_word' id='word_1_540' title='bbox 3786 2166 3887 2233; x_wconf 77' lang='grc' dir='ltr'>τὴν</span> <span class='ocrx_word' id='word_1_541' title='bbox 3922 2182 4015 2215; x_wconf 83' lang='grc' dir='ltr'>κε-</span> 
     </span>
    </p>
   </div>
   <div class='ocr_carea' id='block_1_79' title="bbox 2431 2246 4010 2325">
    <p class='ocr_par' dir='ltr' id='par_1_79' title="bbox 2431 2246 4010 2325">
     <span class='ocr_line' id='line_1_79' title="bbox 2431 2246 4010 2325; baseline 0.004 -27"><span class='ocrx_word' id='word_1_542' title='bbox 2431 2246 2631 2317; x_wconf 83' lang='grc' dir='ltr'>φαλήν.</span> <span class='ocrx_word' id='word_1_543' title='bbox 2664 2265 2682 2298; x_wconf 78' lang='grc' dir='ltr'>ι</span> <span class='ocrx_word' id='word_1_544' title='bbox 2723 2248 2796 2300; x_wconf 84' lang='grc' dir='ltr'>Τὸ</span> <span class='ocrx_word' id='word_1_545' title='bbox 2828 2249 2885 2302; x_wconf 77' lang='grc' dir='ltr'>δὲ</span> <span class='ocrx_word' id='word_1_546' title='bbox 2936 2248 3223 2319; x_wconf 84' lang='grc' dir='ltr'>κείρασθαι</span> <span class='ocrx_word' id='word_1_547' title='bbox 3257 2252 3357 2315; x_wconf 69' lang='grc' dir='ltr'>τὰς</span> <span class='ocrx_word' id='word_1_548' title='bbox 3425 2253 3668 2321; x_wconf 78' lang='grc' dir='ltr'>κεφαλὰς</span> <span class='ocrx_word' id='word_1_549' title='bbox 3697 2258 3818 2305; x_wconf 83' lang='grc' dir='ltr'>κατ’</span> <span class='ocrx_word' id='word_1_550' title='bbox 3841 2256 4010 2325; x_wconf 68' lang='grc' dir='ltr'>εὐχὴν</span> 
     </span>
    </p>
   </div>
   <div class='ocr_carea' id='block_1_80' title="bbox 2430 2335 4008 2414">
    <p class='ocr_par' dir='ltr' id='par_1_80' title="bbox 2430 2335 4008 2414">
     <span class='ocr_line' id='line_1_80' title="bbox 2430 2335 4008 2414; baseline 0.006 -23"><span class='ocrx_word' id='word_1_551' title='bbox 2430 2338 2718 2392; x_wconf 83' lang='grc' dir='ltr'>Ἰουδαϊκὸν</span> <span class='ocrx_word' id='word_1_552' title='bbox 2749 2335 2837 2410; x_wconf 79' lang='grc' dir='ltr'>ἦν.</span> <span class='ocrx_word' id='word_1_553' title='bbox 2883 2341 3022 2403; x_wconf 78' lang='grc' dir='ltr'>Τοὺς</span> <span class='ocrx_word' id='word_1_554' title='bbox 3075 2342 3206 2412; x_wconf 81' lang='grc' dir='ltr'>περὶ</span> <span class='ocrx_word' id='word_1_555' title='bbox 3237 2343 3495 2408; x_wconf 79' lang='grc' dir='ltr'>Ἀκύλαν,</span> <span class='ocrx_word' id='word_1_556' title='bbox 3529 2345 3684 2414; x_wconf 78' lang='grc' dir='ltr'>φησὶ,</span> <span class='ocrx_word' id='word_1_557' title='bbox 3714 2346 4008 2400; x_wconf 75' lang='grc' dir='ltr'>κατέλιπεν</span> 
     </span>
    </p>
   </div>
   <div class='ocr_carea' id='block_1_81' title="bbox 2429 2432 4009 2504">
    <p class='ocr_par' dir='ltr' id='par_1_81' title="bbox 2429 2432 4009 2504">
     <span class='ocr_line' id='line_1_81' title="bbox 2429 2432 4009 2504; baseline 0.004 -21"><span class='ocrx_word' id='word_1_558' title='bbox 2429 2433 2509 2495; x_wconf 86' lang='grc' dir='ltr'><strong>είς</strong></span> <span class='ocrx_word' id='word_1_559' title='bbox 2544 2432 2776 2500; x_wconf 73' lang='grc' dir='ltr'>Ἔφεσον</span> <span class='ocrx_word' id='word_1_560' title='bbox 2795 2449 2809 2464; x_wconf 88' lang='grc'><strong>·</strong></span> <span class='ocrx_word' id='word_1_561' title='bbox 2841 2433 2999 2486; x_wconf 86' lang='grc' dir='ltr'>τοῦτο</span> <span class='ocrx_word' id='word_1_562' title='bbox 3020 2434 3075 2487; x_wconf 74' lang='grc' dir='ltr'>δὲ</span> <span class='ocrx_word' id='word_1_563' title='bbox 3106 2434 3359 2504; x_wconf 71' lang='grc' dir='ltr'>ἐποίησεν</span> <span class='ocrx_word' id='word_1_564' title='bbox 3383 2435 3634 2501; x_wconf 79' lang='grc' dir='ltr'><strong>εἰκότως,</strong></span> <span class='ocrx_word' id='word_1_565' title='bbox 3658 2437 3733 2498; x_wconf 86' lang='grc' dir='ltr'>ὠς</span> <span class='ocrx_word' id='word_1_566' title='bbox 3764 2437 4009 2503; x_wconf 75' lang='grc' dir='ltr'>διδάξαν-</span> 
     </span>
    </p>
   </div>
   <div class='ocr_carea' id='block_1_82' title="bbox 2430 2524 4012 2597">
    <p class='ocr_par' dir='ltr' id='par_1_82' title="bbox 2430 2524 4012 2597">
     <span class='ocr_line' id='line_1_82' title="bbox 2430 2524 4012 2597; baseline 0.003 -24"><span class='ocrx_word' id='word_1_567' title='bbox 2430 2537 2547 2585; x_wconf 89' lang='grc' dir='ltr'>τας.</span> <span class='ocrx_word' id='word_1_568' title='bbox 2609 2524 2675 2575; x_wconf 77' lang='lat' dir='ltr'><strong>Ti</strong></span> <span class='ocrx_word' id='word_1_569' title='bbox 2730 2524 2931 2595; x_wconf 84' lang='grc' dir='ltr'>δήποτε</span> <span class='ocrx_word' id='word_1_570' title='bbox 2992 2528 3283 2597; x_wconf 75' lang='grc' dir='ltr'>προφήτης</span> <span class='ocrx_word' id='word_1_571' title='bbox 3333 2526 3421 2579; x_wconf 85' lang='grc' dir='ltr'><strong>ὣν·</strong></span> <span class='ocrx_word' id='word_1_572' title='bbox 3455 2527 3686 2593; x_wconf 85' lang='grc' dir='ltr'>Παῦλος,</span> <span class='ocrx_word' id='word_1_573' title='bbox 3729 2531 3821 2580; x_wconf 74' lang='grc' dir='ltr'>καὶ</span> <span class='ocrx_word' id='word_1_574' title='bbox 3850 2528 4012 2591; x_wconf 79' lang='grc' dir='ltr'>εἰδὼς</span> 
     </span>
    </p>
   </div>
   <div class='ocr_carea' id='block_1_83' title="bbox 2429 2612 4010 2688">
    <p class='ocr_par' dir='ltr' id='par_1_83' title="bbox 2429 2612 4010 2688">
     <span class='ocr_line' id='line_1_83' title="bbox 2429 2612 4010 2688; baseline 0.005 -25"><span class='ocrx_word' id='word_1_575' title='bbox 2429 2612 2512 2664; x_wconf 86' lang='grc' dir='ltr'>ὃτι</span> <span class='ocrx_word' id='word_1_576' title='bbox 2553 2612 2789 2682; x_wconf 70' lang='grc' dir='ltr'>ἤμελλεν</span> <span class='ocrx_word' id='word_1_577' title='bbox 2830 2615 3214 2686; x_wconf 78' lang='grc' dir='ltr'>ἀναστρέφειν,</span> <span class='ocrx_word' id='word_1_578' title='bbox 3276 2618 3373 2687; x_wconf 84' lang='grc' dir='ltr'>οὐχ</span> <span class='ocrx_word' id='word_1_579' title='bbox 3418 2617 4010 2688; x_wconf 71' lang='grc' dir='ltr'>ἀπλῶςάναστρέφειν</span> 
     </span>
    </p>
   </div>
   <div class='ocr_carea' id='block_1_84' title="bbox 2429 2702 4008 2778">
    <p class='ocr_par' dir='ltr' id='par_1_84' title="bbox 2429 2702 4008 2778">
     <span class='ocr_line' id='line_1_84' title="bbox 2429 2702 4008 2778; baseline 0.007 -25"><span class='ocrx_word' id='word_1_580' title='bbox 2429 2702 2817 2770; x_wconf 72' lang='grc' dir='ltr'>ἐπηγγείλατο,</span> <span class='ocrx_word' id='word_1_581' title='bbox 2870 2706 3007 2760; x_wconf 81' lang='grc' dir='ltr'>ἀλλὰ</span> <span class='ocrx_word' id='word_1_582' title='bbox 3058 2708 3394 2778; x_wconf 83' lang='grc' dir='ltr'>προστιθεὶς,</span> <span class='ocrx_word' id='word_1_583' title='bbox 3444 2726 3463 2759; x_wconf 82' lang='grc' dir='ltr'><strong>ι</strong></span> <span class='ocrx_word' id='word_1_584' title='bbox 3526 2708 3620 2762; x_wconf 89' lang='grc' dir='ltr'><strong>τοῦ</strong></span> <span class='ocrx_word' id='word_1_585' title='bbox 3661 2709 3794 2761; x_wconf 77' lang='grc' dir='ltr'>Θεοῦ</span> <span class='ocrx_word' id='word_1_586' title='bbox 3827 2711 4008 2764; x_wconf 80' lang='grc' dir='ltr'>θέλον-</span> 
     </span>
    </p>
   </div>
   <div class='ocr_carea' id='block_1_85' title="bbox 2426 2799 4009 2875">
    <p class='ocr_par' dir='ltr' id='par_1_85' title="bbox 2426 2799 4009 2875">
     <span class='ocr_line' id='line_1_85' title="bbox 2426 2799 4009 2875; baseline 0.004 -28"><span class='ocrx_word' id='word_1_587' title='bbox 2426 2812 2519 2860; x_wconf 88' lang='grc' dir='ltr'><strong>τος</strong></span> <span class='ocrx_word' id='word_1_588' title='bbox 2555 2814 2571 2865; x_wconf 89' lang='lat'><strong>;</strong></span> <span class='ocrx_word' id='word_1_589' title='bbox 2611 2799 2827 2869; x_wconf 72' lang='grc' dir='ltr'>»Ἦμᾶς</span> <span class='ocrx_word' id='word_1_590' title='bbox 2856 2800 3143 2868; x_wconf 83' lang='grc' dir='ltr'>διδάσκων,</span> <span class='ocrx_word' id='word_1_591' title='bbox 3176 2804 3344 2874; x_wconf 83' lang='grc' dir='ltr'>μηδὲν</span> <span class='ocrx_word' id='word_1_592' title='bbox 3372 2808 3499 2874; x_wconf 77' lang='grc' dir='ltr'>περὶ</span> <span class='ocrx_word' id='word_1_593' title='bbox 3543 2805 3651 2858; x_wconf 88' lang='grc' dir='ltr'>τῶν</span> <span class='ocrx_word' id='word_1_594' title='bbox 3699 2806 4009 2875; x_wconf 63' lang='grc' dir='ltr'>μελλόντων</span> 
     </span>
    </p>
   </div>
   <div class='ocr_carea' id='block_1_86' title="bbox 2431 2888 4005 2966">
    <p class='ocr_par' dir='ltr' id='par_1_86' title="bbox 2431 2888 4005 2966">
     <span class='ocr_line' id='line_1_86' title="bbox 2431 2888 4005 2966; baseline 0.009 -27"><span class='ocrx_word' id='word_1_595' title='bbox 2431 2888 2809 2959; x_wconf 81' lang='grc' dir='ltr'>ὑπισχνεῖσθαι</span> <span class='ocrx_word' id='word_1_596' title='bbox 2870 2897 3064 2961; x_wconf 82' lang='grc' dir='ltr'>ποιεῖν,</span> <span class='ocrx_word' id='word_1_597' title='bbox 3103 2896 3226 2966; x_wconf 77' lang='grc' dir='ltr'>δίχα</span> <span class='ocrx_word' id='word_1_598' title='bbox 3277 2896 3372 2952; x_wconf 86' lang='grc' dir='ltr'><strong>τοῦ</strong></span> <span class='ocrx_word' id='word_1_599' title='bbox 3415 2898 3625 2961; x_wconf 76' lang='grc' dir='ltr'>εἰπεῖν,</span> <span class='ocrx_word' id='word_1_600' title='bbox 3661 2916 3679 2949; x_wconf 84' lang='grc' dir='ltr'><strong>ι</strong></span> <span class='ocrx_word' id='word_1_601' title='bbox 3715 2898 3807 2952; x_wconf 68' lang='grc' dir='ltr'><strong>τεῦ</strong></span> <span class='ocrx_word' id='word_1_602' title='bbox 3864 2898 4005 2953; x_wconf 67' lang='grc' dir='ltr'>ἱὶεοὸ</span> 
     </span>
    </p>
   </div>
   <div class='ocr_carea' id='block_1_87' title="bbox 2428 2979 4009 3061">
    <p class='ocr_par' dir='ltr' id='par_1_87' title="bbox 2428 2979 4009 3061">
     <span class='ocr_line' id='line_1_87' title="bbox 2428 2979 4009 3061; baseline 0.008 -28"><span class='ocrx_word' id='word_1_603' title='bbox 2428 2979 2696 3047; x_wconf 80' lang='grc' dir='ltr'>θέλοντος.</span> <span class='ocrx_word' id='word_1_604' title='bbox 2738 3002 2757 3036; x_wconf 74' lang='grc' dir='ltr'>ι</span> <span class='ocrx_word' id='word_1_605' title='bbox 2791 3014 2857 3025; x_wconf 90' lang='lat'><strong>-</strong></span> <span class='ocrx_word' id='word_1_606' title='bbox 2895 3004 2913 3037; x_wconf 85' lang='grc' dir='ltr'>ι</span> <span class='ocrx_word' id='word_1_607' title='bbox 2957 2988 3032 3040; x_wconf 80' lang='grc' dir='ltr'><strong>Οὐ</strong></span> <span class='ocrx_word' id='word_1_608' title='bbox 3092 2990 3201 3061; x_wconf 81' lang='grc' dir='ltr'><strong>γάρ</strong></span> <span class='ocrx_word' id='word_1_609' title='bbox 3246 3007 3332 3054; x_wconf 87' lang='grc' dir='ltr'><strong>τις</strong></span> <span class='ocrx_word' id='word_1_610' title='bbox 3379 2987 3525 3056; x_wconf 76' lang='grc' dir='ltr'>οἶδε,</span> <span class='ocrx_word' id='word_1_611' title='bbox 3582 2993 3635 3043; x_wconf 88' lang='grc' dir='ltr'><strong>τί</strong></span> <span class='ocrx_word' id='word_1_612' title='bbox 3690 2992 3911 3055; x_wconf 78' lang='grc' dir='ltr'>τέξεται</span> <span class='ocrx_word' id='word_1_613' title='bbox 3974 2995 4009 3061; x_wconf 80' lang='grc' dir='ltr'><strong>ή</strong></span> 
     </span>
    </p>
   </div>
   <div class='ocr_carea' id='block_1_88' title="bbox 2427 3072 2729 3126">
    <p class='ocr_par' dir='ltr' id='par_1_88' title="bbox 2427 3072 2729 3126">
     <span class='ocr_line' id='line_1_88' title="bbox 2427 3072 2729 3126; baseline 0.007 -2"><span class='ocrx_word' id='word_1_614' title='bbox 2427 3072 2676 3126; x_wconf 75' lang='grc' dir='ltr'>ἐπιοῦσα.</span> <span class='ocrx_word' id='word_1_615' title='bbox 2711 3093 2729 3125; x_wconf 74' lang='grc' dir='ltr'>ι</span> 
     </span>
    </p>
   </div>
   <div class='ocr_carea' id='block_1_89' title="bbox 2868 3255 3572 3328">
    <p class='ocr_par' dir='ltr' id='par_1_89' title="bbox 2868 3255 3572 3328">
     <span class='ocr_line' id='line_1_89' title="bbox 2868 3255 3572 3328; baseline 0.01 -22"><span class='ocrx_word' id='word_1_616' title='bbox 2868 3255 2947 3324; x_wconf 86' lang='grc' dir='ltr'><strong>Τῇ</strong></span> <span class='ocrx_word' id='word_1_617' title='bbox 2975 3255 3017 3307; x_wconf 82' lang='grc' dir='ltr'>δ’</span> <span class='ocrx_word' id='word_1_618' title='bbox 3046 3256 3141 3324; x_wconf 77' lang='grc' dir='ltr'>τῆς</span> <span class='ocrx_word' id='word_1_619' title='bbox 3175 3257 3227 3322; x_wconf 83' lang='grc' dir='ltr'>ς’</span> <span class='ocrx_word' id='word_1_620' title='bbox 3258 3257 3572 3328; x_wconf 74' lang='grc' dir='ltr'>ἑϐδομάδος.</span> 
     </span>
    </p>
   </div>
   <div class='ocr_carea' id='block_1_90' title="bbox 2553 3340 3864 3417">
    <p class='ocr_par' dir='ltr' id='par_1_90' title="bbox 2553 3340 3864 3417">
     <span class='ocr_line' id='line_1_90' title="bbox 2553 3340 3864 3417; baseline 0.012 -25"><span class='ocrx_word' id='word_1_621' title='bbox 2553 3342 2690 3408; x_wconf 80' lang='grc' dir='ltr'>Περὶ</span> <span class='ocrx_word' id='word_1_622' title='bbox 2714 3340 2985 3396; x_wconf 70' lang='grc' dir='ltr'><strong>’Λπολλῶ</strong></span> <span class='ocrx_word' id='word_1_623' title='bbox 3015 3345 3239 3413; x_wconf 79' lang='grc' dir='ltr'>ἀνδρὸς</span> <span class='ocrx_word' id='word_1_624' title='bbox 3257 3350 3469 3417; x_wconf 78' lang='grc' dir='ltr'>λογίου</span> <span class='ocrx_word' id='word_1_625' title='bbox 3505 3351 3600 3403; x_wconf 81' lang='grc' dir='ltr'><strong>καί</strong></span> <span class='ocrx_word' id='word_1_626' title='bbox 3622 3354 3864 3408; x_wconf 75' lang='grc' dir='ltr'>πιστοῦ.</span> 
     </span>
    </p>
   </div>
   <div class='ocr_carea' id='block_1_91' title="bbox 3018 3437 3400 3495">
    <p class='ocr_par' dir='ltr' id='par_1_91' title="bbox 3018 3437 3400 3495">
     <span class='ocr_line' id='line_1_91' title="bbox 3018 3437 3400 3495; baseline 0.021 -8"><span class='ocrx_word' id='word_1_627' title='bbox 3018 3437 3400 3495; x_wconf 76' lang='grc' dir='ltr'><strong>ΚΕΙΜΕΝΟΝ.</strong></span> 
     </span>
    </p>
   </div>
   <div class='ocr_carea' id='block_1_92' title="bbox 2496 3522 4000 3602">
    <p class='ocr_par' dir='ltr' id='par_1_92' title="bbox 2496 3522 4000 3602">
     <span class='ocr_line' id='line_1_92' title="bbox 2496 3522 4000 3602; baseline 0.014 -29"><span class='ocrx_word' id='word_1_628' title='bbox 2496 3522 2605 3574; x_wconf 76' lang='grc' dir='ltr'><strong>Καὶ</strong></span> <span class='ocrx_word' id='word_1_629' title='bbox 2646 3524 2921 3579; x_wconf 83' lang='grc' dir='ltr'>κατελθὼν</span> <span class='ocrx_word' id='word_1_630' title='bbox 2964 3529 3042 3591; x_wconf 83' lang='grc' dir='ltr'><strong>εἰς</strong></span> <span class='ocrx_word' id='word_1_631' title='bbox 3074 3530 3412 3601; x_wconf 80' lang='grc' dir='ltr'>Καισάρειαν</span> <span class='ocrx_word' id='word_1_632' title='bbox 3433 3534 3664 3602; x_wconf 71' lang='grc' dir='ltr'>ἀναϐὰς,</span> <span class='ocrx_word' id='word_1_633' title='bbox 3698 3540 3789 3591; x_wconf 74' lang='grc' dir='ltr'>καὶ</span> <span class='ocrx_word' id='word_1_634' title='bbox 3812 3540 4000 3593; x_wconf 78' lang='grc' dir='ltr'>ἀσπα-</span> 
     </span>
    </p>
   </div>
   <div class='ocr_carea' id='block_1_93' title="bbox 2424 3614 3998 3700">
    <p class='ocr_par' dir='ltr' id='par_1_93' title="bbox 2424 3614 3998 3700">
     <span class='ocr_line' id='line_1_93' title="bbox 2424 3614 3998 3700; baseline 0.013 -36"><span class='ocrx_word' id='word_1_635' title='bbox 2424 3614 2658 3682; x_wconf 86' lang='grc' dir='ltr'>σάμενος</span> <span class='ocrx_word' id='word_1_636' title='bbox 2696 3616 2796 3687; x_wconf 82' lang='grc' dir='ltr'><strong>τήν</strong></span> <span class='ocrx_word' id='word_1_637' title='bbox 2838 3617 3186 3687; x_wconf 83' lang='grc' dir='ltr'>Ἐκκλησίαν,</span> <span class='ocrx_word' id='word_1_638' title='bbox 3251 3624 3457 3695; x_wconf 81' lang='grc' dir='ltr'>κατέϐη</span> <span class='ocrx_word' id='word_1_639' title='bbox 3510 3629 3592 3690; x_wconf 82' lang='grc' dir='ltr'><strong>είς</strong></span> <span class='ocrx_word' id='word_1_640' title='bbox 3625 3627 3998 3700; x_wconf 74' lang='grc' dir='ltr'>’Λντιόχειανο</span> 
     </span>
    </p>
   </div>
   <div class='ocr_carea' id='block_1_94' title="bbox 2423 3704 4001 3788">
    <p class='ocr_par' dir='ltr' id='par_1_94' title="bbox 2423 3704 4001 3788">
     <span class='ocr_line' id='line_1_94' title="bbox 2423 3704 4001 3788; baseline 0.012 -33"><span class='ocrx_word' id='word_1_641' title='bbox 2423 3704 2517 3756; x_wconf 78' lang='grc' dir='ltr'>καὶ</span> <span class='ocrx_word' id='word_1_642' title='bbox 2549 3707 2782 3774; x_wconf 83' lang='grc' dir='ltr'>ποιήσας</span> <span class='ocrx_word' id='word_1_643' title='bbox 2826 3709 3018 3777; x_wconf 80' lang='grc' dir='ltr'>χρόνον</span> <span class='ocrx_word' id='word_1_644' title='bbox 3068 3711 3190 3764; x_wconf 76' lang='grc' dir='ltr'>τινὰ</span> <span class='ocrx_word' id='word_1_645' title='bbox 3238 3712 3450 3782; x_wconf 81' lang='grc' dir='ltr'>ἐξῆλθε,</span> <span class='ocrx_word' id='word_1_646' title='bbox 3487 3717 3835 3788; x_wconf 85' lang='grc' dir='ltr'>διερχόμενος</span> <span class='ocrx_word' id='word_1_647' title='bbox 3876 3724 4001 3776; x_wconf 77' lang='grc' dir='ltr'>καθ’</span> 
     </span>
    </p>
   </div>
   <div class='ocr_carea' id='block_1_95' title="bbox 2422 3795 4001 3885">
    <p class='ocr_par' dir='ltr' id='par_1_95' title="bbox 2422 3795 4001 3885">
     <span class='ocr_line' id='line_1_95' title="bbox 2422 3795 4001 3885; baseline 0.013 -38"><span class='ocrx_word' id='word_1_648' title='bbox 2422 3795 2552 3866; x_wconf 78' lang='grc' dir='ltr'><strong>ἑξῆς</strong></span> <span class='ocrx_word' id='word_1_649' title='bbox 2578 3796 2676 3867; x_wconf 82' lang='grc' dir='ltr'>τὴν</span> <span class='ocrx_word' id='word_1_650' title='bbox 2709 3798 3012 3871; x_wconf 81' lang='grc' dir='ltr'>Γαλατικὴν</span> <span class='ocrx_word' id='word_1_651' title='bbox 3055 3803 3239 3873; x_wconf 76' lang='grc' dir='ltr'>χώραν</span> <span class='ocrx_word' id='word_1_652' title='bbox 3269 3807 3361 3858; x_wconf 77' lang='grc' dir='ltr'>καὶ</span> <span class='ocrx_word' id='word_1_653' title='bbox 3407 3808 3668 3877; x_wconf 78' lang='grc' dir='ltr'>Φρυγίαν,</span> <span class='ocrx_word' id='word_1_654' title='bbox 3710 3814 4001 3885; x_wconf 73' lang='grc' dir='ltr'>ἐπιστηρί-</span> 
     </span>
    </p>
   </div>
   <div class='ocr_carea' id='block_1_96' title="bbox 2420 3887 3999 3967">
    <p class='ocr_par' dir='ltr' id='par_1_96' title="bbox 2420 3887 3999 3967">
     <span class='ocr_line' id='line_1_96' title="bbox 2420 3887 3999 3967; baseline 0.013 -28"><span class='ocrx_word' id='word_1_655' title='bbox 2420 3887 2529 3950; x_wconf 77' lang='grc' dir='ltr'><strong>ζων</strong></span> <span class='ocrx_word' id='word_1_656' title='bbox 2558 3890 2767 3953; x_wconf 74' lang='grc' dir='ltr'>πάντας</span> <span class='ocrx_word' id='word_1_657' title='bbox 2824 3895 2948 3956; x_wconf 78' lang='grc' dir='ltr'>τοὺς</span> <span class='ocrx_word' id='word_1_658' title='bbox 2989 3897 3257 3964; x_wconf 82' lang='grc' dir='ltr'>μαθητάς.</span> <span class='ocrx_word' id='word_1_659' title='bbox 3307 3899 3558 3963; x_wconf 83' lang='grc' dir='ltr'>Ἰουδαῖος</span> <span class='ocrx_word' id='word_1_660' title='bbox 3586 3902 3643 3955; x_wconf 82' lang='grc' dir='ltr'><strong>δέ</strong></span> <span class='ocrx_word' id='word_1_661' title='bbox 3680 3921 3761 3967; x_wconf 89' lang='grc' dir='ltr'><strong>τις</strong></span> <span class='ocrx_word' id='word_1_662' title='bbox 3804 3905 3999 3960; x_wconf 68' lang='grc' dir='ltr'>Ἀπολο</span> 
     </span>
    </p>
   </div>
   <div class='ocr_carea' id='block_1_97' title="bbox 2419 3978 3999 4064">
    <p class='ocr_par' dir='ltr' id='par_1_97' title="bbox 2419 3978 3999 4064">
     <span class='ocr_line' id='line_1_97' title="bbox 2419 3978 3999 4064; baseline 0.013 -35"><span class='ocrx_word' id='word_1_663' title='bbox 2419 3978 2524 4042; x_wconf 84' lang='grc' dir='ltr'>λὼς</span> <span class='ocrx_word' id='word_1_664' title='bbox 2554 3979 2803 4050; x_wconf 61' lang='grc' dir='ltr'>ὀνόματι,</span> <span class='ocrx_word' id='word_1_665' title='bbox 2862 3983 3253 4056; x_wconf 77' lang='grc' dir='ltr'>’Δλεξανδρεὺς</span> <span class='ocrx_word' id='word_1_666' title='bbox 3304 3990 3382 4059; x_wconf 84' lang='grc' dir='ltr'>τῷ</span> <span class='ocrx_word' id='word_1_667' title='bbox 3421 3991 3589 4058; x_wconf 83' lang='grc' dir='ltr'>γένει,</span> <span class='ocrx_word' id='word_1_668' title='bbox 3634 3994 3776 4064; x_wconf 82' lang='grc' dir='ltr'>ἀνὴρ</span> <span class='ocrx_word' id='word_1_669' title='bbox 3817 3996 3999 4063; x_wconf 84' lang='grc' dir='ltr'>λόγ.ος</span> 
     </span>
    </p>
   </div>
   <div class='ocr_carea' id='block_1_98' title="bbox 2418 4072 3997 4156">
    <p class='ocr_par' dir='ltr' id='par_1_98' title="bbox 2418 4072 3997 4156">
     <span class='ocr_line' id='line_1_98' title="bbox 2418 4072 3997 4156; baseline 0.011 -33"><span class='ocrx_word' id='word_1_670' title='bbox 2418 4072 2759 4143; x_wconf 79' lang='grc' dir='ltr'>κατήντησεν</span> <span class='ocrx_word' id='word_1_671' title='bbox 2786 4077 2869 4137; x_wconf 82' lang='grc' dir='ltr'>εἰς</span> <span class='ocrx_word' id='word_1_672' title='bbox 2911 4074 3143 4143; x_wconf 72' lang='grc' dir='ltr'>Ἔφεσον</span> <span class='ocrx_word' id='word_1_673' title='bbox 3168 4116 3183 4140; x_wconf 90' lang='grc'><strong>,</strong></span> <span class='ocrx_word' id='word_1_674' title='bbox 3228 4079 3452 4143; x_wconf 74' lang='grc' dir='ltr'>δυνατὸς</span> <span class='ocrx_word' id='word_1_675' title='bbox 3486 4082 3563 4134; x_wconf 83' lang='grc' dir='ltr'>ὢν</span> <span class='ocrx_word' id='word_1_676' title='bbox 3608 4087 3666 4135; x_wconf 84' lang='grc' dir='ltr'>ἐν</span> <span class='ocrx_word' id='word_1_677' title='bbox 3691 4088 3811 4149; x_wconf 88' lang='grc' dir='ltr'>ταῖς</span> <span class='ocrx_word' id='word_1_678' title='bbox 3849 4088 3997 4156; x_wconf 78' lang='grc' dir='ltr'>Γραο</span> 
     </span>
    </p>
   </div>
   <div class='ocr_carea' id='block_1_99' title="bbox 2420 4157 3993 4248">
    <p class='ocr_par' dir='ltr' id='par_1_99' title="bbox 2420 4157 3993 4248">
     <span class='ocr_line' id='line_1_99' title="bbox 2420 4157 3993 4248; baseline 0.013 -36"><span class='ocrx_word' id='word_1_679' title='bbox 2420 4165 2564 4228; x_wconf 75' lang='grc' dir='ltr'><strong>φαίς.</strong></span> <span class='ocrx_word' id='word_1_680' title='bbox 2595 4157 2759 4225; x_wconf 76' lang='grc' dir='ltr'>Οὗτος</span> <span class='ocrx_word' id='word_1_681' title='bbox 2818 4160 2886 4233; x_wconf 80' lang='grc' dir='ltr'>ἦν</span> <span class='ocrx_word' id='word_1_682' title='bbox 2915 4168 3300 4236; x_wconf 75' lang='grc' dir='ltr'>κατηχημένος</span> <span class='ocrx_word' id='word_1_683' title='bbox 3345 4172 3443 4242; x_wconf 78' lang='grc' dir='ltr'><strong>τήν</strong></span> <span class='ocrx_word' id='word_1_684' title='bbox 3475 4173 3593 4227; x_wconf 70' lang='grc' dir='ltr'>ὁδὸν</span> <span class='ocrx_word' id='word_1_685' title='bbox 3617 4175 3712 4229; x_wconf 90' lang='grc' dir='ltr'><strong>τοῦ</strong></span> <span class='ocrx_word' id='word_1_686' title='bbox 3746 4179 3993 4248; x_wconf 79' lang='grc' dir='ltr'>Κυρίου·</span> 
     </span>
    </p>
   </div>
   <div class='ocr_carea' id='block_1_100' title="bbox 2419 4255 3997 4340">
    <p class='ocr_par' dir='ltr' id='par_1_100' title="bbox 2419 4255 3997 4340">
     <span class='ocr_line' id='line_1_100' title="bbox 2419 4255 3997 4340; baseline 0.013 -36"><span class='ocrx_word' id='word_1_687' title='bbox 2419 4257 2511 4305; x_wconf 76' lang='grc' dir='ltr'>καὶ</span> <span class='ocrx_word' id='word_1_688' title='bbox 2543 4255 2679 4317; x_wconf 73' lang='grc' dir='ltr'>ζέων</span> <span class='ocrx_word' id='word_1_689' title='bbox 2719 4257 2797 4324; x_wconf 76' lang='grc' dir='ltr'>τῷ</span> <span class='ocrx_word' id='word_1_690' title='bbox 2856 4258 3152 4327; x_wconf 82' lang='grc' dir='ltr'>Πνεύματι,</span> <span class='ocrx_word' id='word_1_691' title='bbox 3190 4260 3369 4314; x_wconf 74' lang='grc' dir='ltr'>ἐλάλει</span> <span class='ocrx_word' id='word_1_692' title='bbox 3402 4266 3494 4318; x_wconf 78' lang='grc' dir='ltr'>καὶ</span> <span class='ocrx_word' id='word_1_693' title='bbox 3518 4266 3798 4320; x_wconf 81' lang='grc' dir='ltr'>ἐδίδασκεν</span> <span class='ocrx_word' id='word_1_694' title='bbox 3836 4273 3997 4340; x_wconf 83' lang='grc' dir='ltr'>ἀκρι-</span> 
     </span>
    </p>
   </div>
   <div class='ocr_carea' id='block_1_101' title="bbox 2417 4344 3998 4427">
    <p class='ocr_par' dir='ltr' id='par_1_101' title="bbox 2417 4344 3998 4427">
     <span class='ocr_line' id='line_1_101' title="bbox 2417 4344 3998 4427; baseline 0.011 -32"><span class='ocrx_word' id='word_1_695' title='bbox 2417 4344 2525 4406; x_wconf 77' lang='grc' dir='ltr'><strong>ϐῶς</strong></span> <span class='ocrx_word' id='word_1_696' title='bbox 2577 4348 2646 4397; x_wconf 67' lang='grc' dir='ltr'>τὰ</span> <span class='ocrx_word' id='word_1_697' title='bbox 2697 4349 2824 4416; x_wconf 74' lang='grc' dir='ltr'>περὶ</span> <span class='ocrx_word' id='word_1_698' title='bbox 2878 4350 2970 4402; x_wconf 77' lang='grc' dir='ltr'><strong>τοῦ</strong></span> <span class='ocrx_word' id='word_1_699' title='bbox 3029 4350 3240 4419; x_wconf 86' lang='grc' dir='ltr'>Ἰησοῦ,</span> <span class='ocrx_word' id='word_1_700' title='bbox 3284 4354 3648 4425; x_wconf 78' lang='grc' dir='ltr'>ἐπιστάμενος</span> <span class='ocrx_word' id='word_1_701' title='bbox 3708 4361 3875 4427; x_wconf 83' lang='grc' dir='ltr'>μόνον</span> <span class='ocrx_word' id='word_1_702' title='bbox 3936 4364 3998 4413; x_wconf 77' lang='grc' dir='ltr'>τὸ</span> 
     </span>
    </p>
   </div>
   <div class='ocr_carea' id='block_1_102' title="bbox 2416 4434 3997 4520">
    <p class='ocr_par' dir='ltr' id='par_1_102' title="bbox 2416 4434 3997 4520">
     <span class='ocr_line' id='line_1_102' title="bbox 2416 4434 3997 4520; baseline 0.013 -33"><span class='ocrx_word' id='word_1_703' title='bbox 2416 4436 2700 4507; x_wconf 77' lang='grc' dir='ltr'>βάπτισμα</span> <span class='ocrx_word' id='word_1_704' title='bbox 2743 4439 3012 4493; x_wconf 77' lang='grc' dir='ltr'>Ἰωάννου.</span> <span class='ocrx_word' id='word_1_705' title='bbox 3042 4434 3238 4507; x_wconf 41' lang='grc' dir='ltr'>,Οὗτός</span> <span class='ocrx_word' id='word_1_706' title='bbox 3286 4461 3343 4496; x_wconf 89' lang='grc' dir='ltr'><strong>τε</strong></span> <span class='ocrx_word' id='word_1_707' title='bbox 3374 4447 3577 4513; x_wconf 77' lang='grc' dir='ltr'>ήρξατο</span> <span class='ocrx_word' id='word_1_708' title='bbox 3616 4453 3997 4520; x_wconf 74' lang='grc' dir='ltr'>παρρησιάζε-</span> 
     </span>
    </p>
   </div>
   <div class='ocr_carea' id='block_1_103' title="bbox 2417 4528 3993 4606">
    <p class='ocr_par' dir='ltr' id='par_1_103' title="bbox 2417 4528 3993 4606">
     <span class='ocr_line' id='line_1_103' title="bbox 2417 4528 3993 4606; baseline 0.011 -26"><span class='ocrx_word' id='word_1_709' title='bbox 2417 4528 2541 4582; x_wconf 86' lang='grc' dir='ltr'>σθαι</span> <span class='ocrx_word' id='word_1_710' title='bbox 2574 4531 2632 4582; x_wconf 78' lang='grc' dir='ltr'>ὲν</span> <span class='ocrx_word' id='word_1_711' title='bbox 2657 4532 2723 4599; x_wconf 81' lang='grc' dir='ltr'><strong>τῇ</strong></span> <span class='ocrx_word' id='word_1_712' title='bbox 2750 4535 3066 4603; x_wconf 82' lang='grc' dir='ltr'>συναγωγῇ.</span> <span class='ocrx_word' id='word_1_713' title='bbox 3106 4534 3461 4599; x_wconf 79' lang='grc' dir='ltr'>Ἀκούσαντες</span> <span class='ocrx_word' id='word_1_714' title='bbox 3483 4538 3538 4590; x_wconf 81' lang='grc' dir='ltr'>δὲ</span> <span class='ocrx_word' id='word_1_715' title='bbox 3560 4540 3724 4592; x_wconf 78' lang='grc' dir='ltr'>αὑτοῦ</span> <span class='ocrx_word' id='word_1_716' title='bbox 3756 4543 3993 4606; x_wconf 79' lang='grc' dir='ltr'>Ἀκύλας</span> 
     </span>
    </p>
   </div>
   <div class='ocr_carea' id='block_1_104' title="bbox 2415 4619 3992 4704">
    <p class='ocr_par' dir='ltr' id='par_1_104' title="bbox 2415 4619 3992 4704">
     <span class='ocr_line' id='line_1_104' title="bbox 2415 4619 3992 4704; baseline 0.011 -33"><span class='ocrx_word' id='word_1_717' title='bbox 2415 4619 2509 4671; x_wconf 70' lang='grc' dir='ltr'>καὶ</span> <span class='ocrx_word' id='word_1_718' title='bbox 2536 4620 2856 4689; x_wconf 85' lang='grc' dir='ltr'>Πρίσκιλλα,</span> <span class='ocrx_word' id='word_1_719' title='bbox 2910 4624 3311 4693; x_wconf 77' lang='grc' dir='ltr'>προσελάϐοντο</span> <span class='ocrx_word' id='word_1_720' title='bbox 3371 4630 3555 4692; x_wconf 80' lang='grc' dir='ltr'>αὑτὸν,</span> <span class='ocrx_word' id='word_1_721' title='bbox 3610 4634 3704 4683; x_wconf 75' lang='grc' dir='ltr'>καὶ</span> <span class='ocrx_word' id='word_1_722' title='bbox 3758 4634 3992 4704; x_wconf 80' lang='grc' dir='ltr'>ἁκριὸἐ-</span> 
     </span>
    </p>
   </div>
   <div class='ocr_carea' id='block_1_105' title="bbox 2413 4710 3992 4795">
    <p class='ocr_par' dir='ltr' id='par_1_105' title="bbox 2413 4710 3992 4795">
     <span class='ocr_line' id='line_1_105' title="bbox 2413 4710 3992 4795; baseline 0.013 -35"><span class='ocrx_word' id='word_1_723' title='bbox 2413 4726 2605 4778; x_wconf 84' lang='grc' dir='ltr'>στερον</span> <span class='ocrx_word' id='word_1_724' title='bbox 2627 4710 2775 4781; x_wconf 82' lang='grc' dir='ltr'>αὑτῴ</span> <span class='ocrx_word' id='word_1_725' title='bbox 2805 4712 3049 4778; x_wconf 72' lang='grc' dir='ltr'>ἐξέθεντο</span> <span class='ocrx_word' id='word_1_726' title='bbox 3070 4714 3165 4786; x_wconf 77' lang='grc' dir='ltr'>τὴν</span> <span class='ocrx_word' id='word_1_727' title='bbox 3208 4716 3325 4769; x_wconf 78' lang='grc' dir='ltr'>ὁδὸν</span> <span class='ocrx_word' id='word_1_728' title='bbox 3350 4718 3441 4771; x_wconf 87' lang='grc' dir='ltr'><strong>τοῦ</strong></span> <span class='ocrx_word' id='word_1_729' title='bbox 3463 4720 3618 4773; x_wconf 85' lang='grc' dir='ltr'>Θεοῦ.</span> <span class='ocrx_word' id='word_1_730' title='bbox 3652 4723 3992 4795; x_wconf 79' lang='grc' dir='ltr'>Βουλομένω</span> 
     </span>
    </p>
   </div>
   <div class='ocr_carea' id='block_1_106' title="bbox 2412 4800 3989 4883">
    <p class='ocr_par' dir='ltr' id='par_1_106' title="bbox 2412 4800 3989 4883">
     <span class='ocr_line' id='line_1_106' title="bbox 2412 4800 3989 4883; baseline 0.01 -30"><span class='ocrx_word' id='word_1_731' title='bbox 2412 4801 2467 4853; x_wconf 74' lang='grc' dir='ltr'>δὲ</span> <span class='ocrx_word' id='word_1_732' title='bbox 2493 4800 2656 4854; x_wconf 75' lang='grc' dir='ltr'>αὑτοῦ</span> <span class='ocrx_word' id='word_1_733' title='bbox 2686 4802 2911 4856; x_wconf 68' lang='grc' dir='ltr'>διελθεῖν</span> <span class='ocrx_word' id='word_1_734' title='bbox 2932 4807 3011 4868; x_wconf 79' lang='grc' dir='ltr'>εἰς</span> <span class='ocrx_word' id='word_1_735' title='bbox 3036 4806 3134 4875; x_wconf 83' lang='grc' dir='ltr'>τὴν</span> <span class='ocrx_word' id='word_1_736' title='bbox 3178 4809 3423 4876; x_wconf 79' lang='grc' dir='ltr'>’Λχαῖαν,</span> <span class='ocrx_word' id='word_1_737' title='bbox 3465 4814 3912 4883; x_wconf 76' lang='grc' dir='ltr'>προτρεψάμενοι</span> <span class='ocrx_word' id='word_1_738' title='bbox 3942 4821 3989 4868; x_wconf 87' lang='grc' dir='ltr'><strong>οί</strong></span> 
     </span>
    </p>
   </div>
   <div class='ocr_carea' id='block_1_107' title="bbox 2413 4889 3988 4966">
    <p class='ocr_par' dir='ltr' id='par_1_107' title="bbox 2413 4889 3988 4966">
     <span class='ocr_line' id='line_1_107' title="bbox 2413 4889 3988 4966; baseline 0.01 -25"><span class='ocrx_word' id='word_1_739' title='bbox 2413 4889 2635 4960; x_wconf 72' lang='grc' dir='ltr'>ἀδελφοὶ</span> <span class='ocrx_word' id='word_1_740' title='bbox 2666 4890 2914 4961; x_wconf 71' lang='grc' dir='ltr'>ἔγραψαν</span> <span class='ocrx_word' id='word_1_741' title='bbox 2942 4896 3053 4955; x_wconf 82' lang='grc' dir='ltr'>τοῖς</span> <span class='ocrx_word' id='word_1_742' title='bbox 3088 4896 3377 4966; x_wconf 69' lang='grc' dir='ltr'>μαθηταῖς,</span> <span class='ocrx_word' id='word_1_743' title='bbox 3408 4900 3768 4966; x_wconf 77' lang='grc' dir='ltr'>ἀποδέξασθαι</span> <span class='ocrx_word' id='word_1_744' title='bbox 3800 4905 3988 4957; x_wconf 72' lang='grc' dir='ltr'>αὑτὸν.</span> 
     </span>
    </p>
   </div>
   <div class='ocr_carea' id='block_1_108' title="bbox 2416 4980 3990 5053">
    <p class='ocr_par' dir='ltr' id='par_1_108' title="bbox 2416 4980 3990 5053">
     <span class='ocr_line' id='line_1_108' title="bbox 2416 4980 3990 5053; baseline 0.011 -24"><span class='ocrx_word' id='word_1_745' title='bbox 2416 4980 2510 5040; x_wconf 79' lang='lat'><strong>&#39;0;</strong></span> <span class='ocrx_word' id='word_1_746' title='bbox 2543 4981 2990 5050; x_wconf 77' lang='grc' dir='ltr'>παραγενόμενος</span> <span class='ocrx_word' id='word_1_747' title='bbox 3037 4985 3359 5040; x_wconf 78' lang='grc' dir='ltr'>συνεϐάλετο</span> <span class='ocrx_word' id='word_1_748' title='bbox 3382 4989 3515 5041; x_wconf 81' lang='grc' dir='ltr'>πολὺ</span> <span class='ocrx_word' id='word_1_749' title='bbox 3544 4993 3655 5053; x_wconf 85' lang='grc' dir='ltr'>τοῖς</span> <span class='ocrx_word' id='word_1_750' title='bbox 3687 5009 3990 5046; x_wconf 80' lang='grc' dir='ltr'>πεπιστευ-</span> 
     </span>
    </p>
   </div>
   <div class='ocr_carea' id='block_1_109' title="bbox 2412 5071 3987 5150">
    <p class='ocr_par' dir='ltr' id='par_1_109' title="bbox 2412 5071 3987 5150">
     <span class='ocr_line' id='line_1_109' title="bbox 2412 5071 3987 5150; baseline 0.009 -27"><span class='ocrx_word' id='word_1_751' title='bbox 2412 5071 2531 5123; x_wconf 80' lang='grc' dir='ltr'>κόσι</span> <span class='ocrx_word' id='word_1_752' title='bbox 2558 5072 2647 5124; x_wconf 74' lang='grc' dir='ltr'>διὰ</span> <span class='ocrx_word' id='word_1_753' title='bbox 2684 5076 2781 5141; x_wconf 85' lang='grc' dir='ltr'>τῆς</span> <span class='ocrx_word' id='word_1_754' title='bbox 2813 5073 3055 5144; x_wconf 78' lang='grc' dir='ltr'>χάριτος.</span> <span class='ocrx_word' id='word_1_755' title='bbox 3103 5077 3350 5142; x_wconf 79' lang='grc' dir='ltr'>Εὑτόνως</span> <span class='ocrx_word' id='word_1_756' title='bbox 3399 5081 3509 5150; x_wconf 86' lang='grc' dir='ltr'>γὰρ</span> <span class='ocrx_word' id='word_1_757' title='bbox 3554 5085 3668 5145; x_wconf 82' lang='grc' dir='ltr'>τοῖς</span> <span class='ocrx_word' id='word_1_758' title='bbox 3704 5085 3987 5147; x_wconf 70' lang='grc' dir='ltr'>Ἰουδαίοις</span> 
     </span>
    </p>
   </div>
   <div class='ocr_carea' id='block_1_110' title="bbox 2410 5163 3991 5245">
    <p class='ocr_par' dir='ltr' id='par_1_110' title="bbox 2410 5163 3991 5245">
     <span class='ocr_line' id='line_1_110' title="bbox 2410 5163 3991 5245; baseline 0.01 -32"><span class='ocrx_word' id='word_1_759' title='bbox 2410 5163 2865 5233; x_wconf 72' lang='grc' dir='ltr'>ὃιακατηλέγχετο</span> <span class='ocrx_word' id='word_1_760' title='bbox 2896 5166 3152 5237; x_wconf 73' lang='grc' dir='ltr'>δημοσίᾳ,</span> <span class='ocrx_word' id='word_1_761' title='bbox 3175 5170 3485 5235; x_wconf 74' lang='grc' dir='ltr'>ἐπιδεικνὺς</span> <span class='ocrx_word' id='word_1_762' title='bbox 3506 5173 3594 5226; x_wconf 77' lang='grc' dir='ltr'><strong>διά</strong></span> <span class='ocrx_word' id='word_1_763' title='bbox 3615 5174 3725 5227; x_wconf 84' lang='grc' dir='ltr'>τῶν</span> <span class='ocrx_word' id='word_1_764' title='bbox 3752 5175 3789 5227; x_wconf 86' lang='grc' dir='ltr'><strong><em>Γ</em></strong></span> <span class='ocrx_word' id='word_1_765' title='bbox 3797 5177 3991 5245; x_wconf 77' lang='grc' dir='ltr'>ραφὼν</span> 
     </span>
    </p>
   </div>
   <div class='ocr_carea' id='block_1_111' title="bbox 2415 5249 3207 5329">
    <p class='ocr_par' dir='ltr' id='par_1_111' title="bbox 2415 5249 3207 5329">
     <span class='ocr_line' id='line_1_111' title="bbox 2415 5249 3207 5329; baseline 0.009 -24"><span class='ocrx_word' id='word_1_766' title='bbox 2415 5249 2554 5306; x_wconf 81' lang='grc' dir='ltr'>εἶναι</span> <span class='ocrx_word' id='word_1_767' title='bbox 2580 5255 2670 5307; x_wconf 77' lang='grc' dir='ltr'>τὸν</span> <span class='ocrx_word' id='word_1_768' title='bbox 2701 5256 2936 5324; x_wconf 74' lang='grc' dir='ltr'>Χριστὸν</span> <span class='ocrx_word' id='word_1_769' title='bbox 2980 5260 3207 5329; x_wconf 82' lang='grc' dir='ltr'>Ἰησοῦν.</span> 
     </span>
    </p>
   </div>
   <div class='ocr_carea' id='block_1_112' title="bbox 2998 5352 3373 5408">
    <p class='ocr_par' dir='ltr' id='par_1_112' title="bbox 2998 5352 3373 5408">
     <span class='ocr_line' id='line_1_112' title="bbox 2998 5352 3373 5408; baseline 0.013 -5"><span class='ocrx_word' id='word_1_770' title='bbox 2998 5352 3373 5408; x_wconf 74' lang='lat' dir='ltr'><strong>EPMHNEIA.</strong></span> 
     </span>
    </p>
   </div>
   <div class='ocr_carea' id='block_1_113' title="bbox 2491 5436 3993 5519">
    <p class='ocr_par' dir='ltr' id='par_1_113' title="bbox 2491 5436 3993 5519">
     <span class='ocr_line' id='line_1_113' title="bbox 2491 5436 3993 5519; baseline 0.012 -32"><span class='ocrx_word' id='word_1_771' title='bbox 2491 5436 2673 5500; x_wconf 75' lang='grc' dir='ltr'>’Ἄξιον</span> <span class='ocrx_word' id='word_1_772' title='bbox 2700 5438 2954 5509; x_wconf 74' lang='grc' dir='ltr'>ζητῆσαι,</span> <span class='ocrx_word' id='word_1_773' title='bbox 2987 5442 3123 5507; x_wconf 86' lang='grc' dir='ltr'>πῶς,</span> <span class='ocrx_word' id='word_1_774' title='bbox 3161 5445 3287 5497; x_wconf 81' lang='grc' dir='ltr'>είτὺ</span> <span class='ocrx_word' id='word_1_775' title='bbox 3307 5446 3591 5517; x_wconf 74' lang='grc' dir='ltr'>βάπτισμα</span> <span class='ocrx_word' id='word_1_776' title='bbox 3620 5450 3783 5519; x_wconf 85' lang='grc' dir='ltr'>μόνον</span> <span class='ocrx_word' id='word_1_777' title='bbox 3806 5453 3993 5509; x_wconf 74' lang='grc' dir='ltr'>Ἰωάν-</span> 
     </span>
    </p>
   </div>
   <div class='ocr_carea' id='block_1_114' title="bbox 2418 5523 3991 5617">
    <p class='ocr_par' dir='ltr' id='par_1_114' title="bbox 2418 5523 3991 5617">
     <span class='ocr_line' id='line_1_114' title="bbox 2418 5523 3991 5617; baseline 0.013 -42"><span class='ocrx_word' id='word_1_778' title='bbox 2418 5542 2507 5577; x_wconf 86' lang='grc' dir='ltr'><strong>νου</strong></span> <span class='ocrx_word' id='word_1_779' title='bbox 2540 5527 2808 5594; x_wconf 76' lang='grc' dir='ltr'>ἠπίστατο</span> <span class='ocrx_word' id='word_1_780' title='bbox 2864 5523 3039 5594; x_wconf 63' lang='grc' dir='ltr'>οὗτος,</span> <span class='ocrx_word' id='word_1_781' title='bbox 3098 5531 3175 5601; x_wconf 86' lang='grc' dir='ltr'><strong>τῷ</strong></span> <span class='ocrx_word' id='word_1_782' title='bbox 3232 5535 3508 5604; x_wconf 75' lang='grc' dir='ltr'>Πνεὺματι</span> <span class='ocrx_word' id='word_1_783' title='bbox 3558 5540 3708 5603; x_wconf 60' lang='grc' dir='ltr'><strong>ἕζευ</strong></span> <span class='ocrx_word' id='word_1_784' title='bbox 3768 5543 3830 5595; x_wconf 64' lang='grc' dir='ltr'>τὸ</span> <span class='ocrx_word' id='word_1_785' title='bbox 3876 5546 3991 5617; x_wconf 66' lang='grc' dir='ltr'><strong>γάρ</strong></span> 
     </span>
    </p>
   </div>
   <div class='ocr_carea' id='block_1_115' title="bbox 2419 5616 3989 5700">
    <p class='ocr_par' dir='ltr' id='par_1_115' title="bbox 2419 5616 3989 5700">
     <span class='ocr_line' id='line_1_115' title="bbox 2419 5616 3989 5700; baseline 0.012 -34"><span class='ocrx_word' id='word_1_786' title='bbox 2419 5616 2645 5687; x_wconf 84' lang='grc' dir='ltr'>Πνεῦμα</span> <span class='ocrx_word' id='word_1_787' title='bbox 2669 5618 2767 5688; x_wconf 84' lang='grc' dir='ltr'>οὐχ</span> <span class='ocrx_word' id='word_1_788' title='bbox 2792 5620 2963 5684; x_wconf 74' lang='grc' dir='ltr'>οὕτως</span> <span class='ocrx_word' id='word_1_789' title='bbox 3016 5624 3241 5678; x_wconf 80' lang='grc' dir='ltr'>ἐδίδοτο·</span> <span class='ocrx_word' id='word_1_790' title='bbox 3296 5630 3389 5679; x_wconf 67' lang='grc' dir='ltr'>καὶ</span> <span class='ocrx_word' id='word_1_791' title='bbox 3436 5630 3483 5681; x_wconf 90' lang='grc' dir='ltr'><strong>εί</strong></span> <span class='ocrx_word' id='word_1_792' title='bbox 3512 5632 3560 5682; x_wconf 83' lang='grc' dir='ltr'>οἱ</span> <span class='ocrx_word' id='word_1_793' title='bbox 3619 5633 3757 5700; x_wconf 67' lang='lat' dir='ltr'><strong>puti</strong></span> <span class='ocrx_word' id='word_1_794' title='bbox 3798 5616 3989 5688; x_wconf 77' lang='grc' dir='ltr'>τοῦτον</span> 
     </span>
    </p>
   </div>
  </div>
