4164 6444
215 420 351 483 1009

838 428 1370 491 EXPOSITIONIS
1396 433 1474 491 IN
1516 434 1701 494 ACTA
1729 436 2030 499 TEXTUS
2070 443 2336 502 ALTER.
2384 471 2445 480 —
2480 447 2639 507 CAP.
2678 449 2837 507 XIX.

3322 452 3453 521 lOlO

204 533 361 581 οίκου
390 531 622 585 ἐκείνου.
651 533 823 587 Τοῦτο
850 537 905 588 δὲ
946 548 1182 603 γνωστὸν
1206 539 1420 606 ἐγένετο
1449 544 1612 594 πᾶσιν
1642 542 1776 594 Ἰου-

1887 547 1961 598 dit
1995 548 2156 600 timor
2184 566 2347 618 super
2372 566 2561 607 omnes
2600 552 2743 615 illos,
2776 564 2829 606 et
2872 556 3318 625 magnilicabatur
3351 578 3448 616 no-

201 618 378 681 δαίοις
405 638 463 672 τε
498 624 591 675 καὶ
624 624 849 694 Ἕλλησι
884 634 995 689 τοῖς
1026 632 1335 684 κατοικοῦσι
1374 633 1473 702 τὴν
1503 634 1736 700 Ἔφεσον
1760 652 1771 663 ·

197 716 295 765 καὶ
324 716 561 768 ἐπέπεσε
597 716 760 783 φόϐος
795 720 889 770 ἐπὶ
934 722 1144 785 πάντας
1184 723 1404 785 αύτοῦς,
1438 725 1530 777 καὶ
1570 727 1775 794 ἐμεγα-

196 807 393 861 λυνετο
420 810 481 861 τὸ
509 809 679 878 ὄνομα
714 811 806 865 τοῦ
845 814 1049 884 Κυριου
1096 814 1285 883 Ιησοῦι
1335 815 1526 868 Πολλοί
1562 833 1620 867 τε
1666 815 1776 868 τῶν

194 902 645 955 πεπιστευκότων
678 904 930 973 ήρχοντο,
974 906 1455 975 ἐξομολογούμενοι
1483 909 1575 959 καὶ
1602 910 1770 974 ἀναγ·

194 991 483 1056 γέλλοντες
512 1000 610 1057 τὰς
667 996 896 1062 πράξεις
940 997 1141 1050 αὐτῶν.
1191 998 1394 1050 Ὶκανοὶ
1442 999 1498 1051 δὲ
1544 998 1653 1051 τῶν
1707 1000 1775 1051 τὰ

203 1086 479 1152 περίεργα
525 1086 866 1155 πραξάντων,
916 1088 1338 1155 συνενέγκαντες
1388 1091 1487 1153 τὰς
1539 1090 1774 1159 βίϐλους,

200 1176 496 1227 κατέκαιον
530 1177 835 1247 ἔμπροσθεν
877 1181 1092 1232 πάντων
1114 1196 1125 1208 ·
1146 1182 1237 1233 καὶ
1272 1184 1641 1250 συνεψήφισαν
1678 1186 1777 1248 τὰς

200 1267 372 1331 τιμάς
399 1267 597 1329 αὐτῶν,
636 1269 729 1321 καὶ
771 1264 927 1340 εῦρον
968 1272 1232 1341 ἀργυρίου
1275 1274 1537 1342 μυριάδας
1575 1278 1730 1327 πέντε
1758 1294 1772 1307 ·

198 1354 348 1407 οῦτω
397 1360 738 1428 κατακράτος
778 1361 804 1411 ὁ
850 1360 1006 1427 λόγος
1042 1362 1134 1414 τοῦ
1177 1364 1385 1432 Κυρίου
1435 1364 1636 1435 ηὔξανε
1679 1366 1774 1419 καὶ

201 1446 407 1513 ἴσχυεν.
453 1449 539 1512 Ὠς
572 1453 626 1504 δὲ
654 1451 946 1524 ἐπληρώθη
984 1455 1178 1517 ταῦτα,
1225 1455 1378 1509 ἔθετο
1403 1458 1430 1508 ὁ
1472 1458 1680 1519 Παῦλος
1715 1459 1772 1510 ἐν

197 1537 278 1604 τῷ
307 1538 604 1607 Ιίνεύματι,
642 1541 866 1594 διελθὼν
894 1543 991 1613 τὴν
1030 1545 1368 1598 Μακεδονίαν
1400 1548 1492 1600 καὶ
1520 1548 1768 1617 Ἀχαΐαν,

199 1632 537 1697 πορεύεσθαι
586 1634 665 1695 είς
729 1636 1101 1705 Ἰεροσόλυμα,
1154 1638 1346 1701 εἰπὼν,
1389 1638 1494 1701 ὅτι,
1524 1641 1679 1692 Μετὰ
1712 1639 1771 1692 τὸ

197 1721 459 1786 γενέσθαι
491 1741 557 1792 με
587 1726 723 1790 ἐκεῖ,
748 1726 828 1778 δεῖ
860 1743 927 1794 με
958 1728 1050 1779 καὶ
1081 1726 1299 1797 Ῥώμην
1326 1729 1477 1782 ίδεῖν.
1499 1732 1773 1781 Ἀποστεί-

201 1814 302 1875 λας
335 1816 392 1867 δὲ
432 1818 509 1876 εἰς
560 1817 657 1886 τὴν
700 1820 1041 1871 Μακεδονίαν
1088 1822 1181 1873 δύο
1228 1824 1336 1875 τῶν
1384 1822 1774 1877 διακονούντων

1888 649 2007 687 men
2044 638 2207 708 286
2249 638 2459 693 Domini
2503 641 2649 698 Jesu.
2688 643 2949 713 Multique
2988 647 3327 704 credentium
3364 671 3440 707 ve-

1885 725 2110 779 niebant
2162 731 2487 786 conﬁtcntes
2535 743 2591 786 et
2644 736 3034 792 annuutiantes
3087 749 3243 795 actus
3297 758 3447 798 suos.

1885 817 2035 872 Multi
2087 832 2264 875 autem
2316 839 2378 877 ex
2425 825 2527 889 eis,
2562 827 2654 895 qui
2705 827 2921 883 l'uerant
2959 832 3176 888 curiosa
3231 822 3449 899 sectati,

1882 912 2229 965 contulerunt
2282 915 2447 970 libros
2493 926 2548 972 et
2589 919 3011 977 comliusserunt
3051 938 3234 978 coram
3266 927 3448 979 omni-

1884 1001 1985 1056 bus
2010 1016 2033 1056 ':
2071 1012 2125 1057 et
2161 1008 2488 1073 computatis
2515 1010 2701 1077 pretiis
2728 1010 2965 1077 illorum,
2998 1013 3323 1069 invenerunt
3358 1031 3450 1085 pe-

1880 1091 2094 1145 cuniam
2136 1094 2484 1149 denariorum
2516 1098 2908 1169 quinquaginta
2940 1101 3190 1156 millium.
3220 1103 3297 1157 Ita
3328 1104 3443 1159 for-

1880 1185 2006 1236 titer
2039 1188 2318 1241 crescebat
2355 1190 2579 1244 ret-bum
2626 1192 2718 1246 Dei
2748 1202 2801 1247 et
2853 1194 3303 1250 conﬁrmabatur.
3346 1196 3442 1252 His

1879 1282 2058 1327 autem
2092 1278 2341 1346 expletis,
2380 1282 2663 1349 proposuit
2696 1283 2897 1339 Paulus
2927 1285 2979 1337 iu
3014 1285 3242 1354 Spiritu,
3293 1296 3442 1340 tran-

1878 1366 1980 1417 sita
2014 1365 2323 1422 Macedonia
2348 1380 2399 1424 et
2420 1372 2739 1437 Achaia,irc
2767 1373 3158 1445 Jerosolymam
3182 1419 3197 1443 ,
3217 1378 3403 1433 dicens
3429 1397 3441 1431 :

1879 1458 2135 1522 quoniam
2182 1460 2477 1529 Postquam
2522 1463 2674 1518 fuero
2713 1465 2806 1528 ibi,
2865 1474 3080 1533 oportet
3130 1482 3213 1520 me
3246 1477 3302 1522 et
3335 1467 3446 1522 Ro-

1879 1560 2019 1597 mam
2071 1546 2276 1601 videre.
2321 1547 2538 1603 Mittens
2579 1561 2759 1605 autem
2809 1553 2861 1605 in
2911 1553 3279 1608 Macedoniam
3309 1554 3447 1608 duos

1877 1653 1939 1690 ex
1988 1639 2425 1695 ministrantibus
2484 1642 2609 1706 sibi,
2669 1644 3013 1699 Timotheum
3068 1653 3121 1697 et
3173 1643 3447 1710 Erastum,

1879 1728 1991 1794 ipse
2021 1732 2284 1785 remansit
2318 1733 2382 1785 ad
2425 1740 2639 1802 tempus
2672 1735 2725 1787 iu
2764 1737 2911 1791 Asia.
2946 1736 3106 1790 Facta
3155 1747 3239 1791 est
3266 1746 3446 1792 autem

1879 1818 1972 1871 illo
2004 1828 2245 1890 tempore
2286 1825 2523 1879 turbatio
2561 1842 2671 1880 nou
2713 1828 2935 1882 minima
2968 1830 3037 1883 de
3068 1831 3152 1883 via
3209 1829 3444 1885 Domini.

201 1904 376 1971 αύτῷ,
412 1884 679 1975 Τιμόθεον
708 1910 800 1961 καὶ
829 1909 1120 1981 Ἔραστον,
1154 1911 1313 1976 αὐτὸς
1344 1914 1542 1985 ἐπέσχε
1583 1916 1770 1986 χρόνον

1887 1909 2186 1967 Demetrius
2233 1915 2377 1968 enim
2417 1917 2641 1984 quidam
2676 1918 2918 1985 nomine,
2966 1921 3337 1989 argentarius,
3372 1920 3447 1973 fa—

201 1997 283 2056 είς
317 1997 418 2065 τὴν
461 1999 661 2052 Ἀσίαν.
701 2002 946 2068 Ἐγένετο
966 2006 1021 2058 δὲ
1056 2006 1195 2058 κατά
1223 2007 1313 2059 τὸν
1344 2010 1533 2077 καιρὸν
1565 2014 1771 2063 ἐκεῖνον

196 2088 438 2158 τάραχος
460 2092 559 2143 ούκ
587 2092 763 2160 ὀλίγος
784 2097 909 2167 περὶ
928 2096 1029 2165 τῆς
1058 2097 1200 2153 ὁδοῦ.
1221 2101 1528 2171 Δημήτριος
1554 2105 1659 2173 γάρ
1689 2120 1773 2165 τις

194 2181 445 2248 ἐνὸματι,
468 2182 867 2252 ἀργυροκόπος,
892 2188 1060 2241 ποιῶν
1091 2193 1252 2254 ναοὺς
1283 2194 1556 2264 ἀργυροῦς
1589 2195 1773 2264 Ἀρτέ-

202 2272 375 2338 μιδος,
396 2274 689 2344 παρείχετο
711 2281 821 2341 τοῖς
845 2280 1121 2349 τεχνίταις
1146 2283 1245 2333 οὐκ
1265 2284 1461 2353 ὀλίγην
1491 2286 1770 2353 ἐργασίαν.

196 2363 307 2425 Οὓς
340 2366 701 2437 συναθροίσας
746 2371 838 2424 καὶ
888 2373 1016 2435 τοῦς
1068 2374 1195 2444 περὶ
1228 2375 1297 2427 τά
1350 2375 1575 2428 τοιαῦτα
1609 2378 1774 2447 ἐργά-

199 2472 322 2517 τας,
350 2452 534 2509 εἶπεν·
572 2461 818 2531 Ἄνδρες,
879 2462 1141 2517 ἐπίσταθε
1178 2466 1259 2517 ὅτι
1312 2466 1375 2517 ἐκ
1419 2467 1621 2537 ταύτης
1677 2468 1775 2536 τῆς

204 2546 470 2615 ἐργασίας
524 2551 559 2619 ἡ
599 2550 829 2619 εὐπορία
881 2554 1013 2621 ἡμῖν
1063 2556 1212 2607 ἐστι’
1250 2557 1343 2608 καὶ
1398 2556 1649 2626 θεωρεῖτε
1683 2561 1775 2613 καὶ

200 2634 453 2699 ἀκούετε,
497 2638 579 2689 ὅτι
628 2640 690 2690 ού
730 2640 888 2708 μόνον
941 2643 1040 2711 τῆς
1106 2643 1355 2710 Ἐφέσου,
1403 2646 1541 2698 ἀλλὰ
1583 2648 1769 2715 σχεδον

202 2727 388 2796 πάσης
420 2730 519 2798 τῆς
560 2731 743 2792 Ἀσίας
784 2734 812 2785 ὁ
844 2733 1052 2797 Παῦλος
1084 2728 1235 2797 οὗτος
1265 2738 1459 2797 πείσας
1495 2740 1764 2808 μετέστη-

206 2836 299 2869 σεν
351 2823 535 2872 ἱκανὸν
585 2823 759 2892 ὄχλον,
797 2825 995 2893 λέγων,
1040 2828 1120 2881 ὅτι
1166 2829 1266 2881 ούκ
1296 2830 1404 2881 εἰσὶ
1460 2830 1659 2883 Ocelo!
1691 2832 1778 2884 διὰ

205 2909 408 2977 χειρῶν
434 2911 726 2979 γινόμενοι.
750 2915 825 2965 Οὐ
856 2916 1013 2983 μόνον
1043 2916 1097 2968 δὲ
1121 2917 1277 2969 τοῦτο
1299 2918 1596 2971 κινδυνεύει
1625 2921 1778 2989 ἡμῶν

208 3002 268 3053 τὸ
303 3003 471 3072 μέρος
504 3005 583 3067 εἰς
614 3005 923 3074 ἀπελεγμὸν
951 3008 1146 3072 ἐλθεῖν,
1169 3009 1303 3061 ἀλλὰ
1340 3010 1434 3063 καὶ
1458 3010 1518 3062 τὺ
1553 3012 1647 3080 τῆς
1687 3029 1781 3079 με·

208 3095 382 3163 γάλης
416 3094 545 3158 θεᾶς
595 3098 908 3167 ’Δρτέμιδος
943 3099 1088 3168 ἱερὸν
1124 3102 1202 3163 είς
1235 3102 1388 3154 οὐδὲν
1431 3103 1776 3172 λογισθῆναι·

1873 2001 2024 2055 ciens
2061 2003 2206 2059 aedes
2236 2017 2521 2076 argenteas
2569 2006 2770 2073 Dianae.
2817 2012 3108 2081 prastabat
3142 2013 3449 2067 artiﬁcibus

1874 2108 1982 2146 nou
2017 2096 2287 2149 modicum
2328 2106 2594 2167 quarstum
2631 2117 2643 2153 :
2695 2117 2835 2170 quos
2891 2116 3225 2167 convocans,
3254 2114 3306 2157 et
3355 2120 3451 2160 eos

1874 2186 1965 2254 qui
2004 2186 2313 2255 hujusmodi
2360 2198 2518 2244 erant
2560 2191 2807 2261 opiﬁces,
2859 2194 3046 2248 dixit:
3107 2194 3242 2255 Viri.
3296 2196 3450 2250 scitis

1875 2275 2001 2343 quia
2035 2277 2101 2331 de
2130 2276 2231 2332 hoc
2272 2279 2503 2333 artiﬁcio
2555 2292 2639 2337 est
2672 2283 2831 2336 nobis
2860 2266 3272 2352 acquisitiofet
3303 2287 3453 2339 vide-

1877 2366 1965 2430 tis,
1993 2374 2048 2421 et
2072 2369 2290 2433 auditis,
2325 2371 2454 2439 quia
2491 2387 2597 2426 non
2627 2372 2805 2426 solum
2840 2373 3061 2442 Ephesi,
3083 2374 3175 2428 sed
3212 2390 3345 2443 pene
3369 2385 3449 2428 to-

1876 2457 1983 2513 tius
2008 2459 2168 2523 Asiae,
2210 2459 2411 2517 Paulus
2481 2463 2565 2517 hic
2602 2465 2835 2519 suadens
2874 2466 3067 2519 avertit
3095 2466 3315 2521 multam
3342 2475 3455 2521 tur-

1877 2548 2022 2614 ham,
2054 2549 2240 2605 dicens
2274 2590 2286 2611 .
2318 2553 2571 2617 quoniam
2621 2570 2727 2608 nou
2768 2564 2896 2608 sunt
2939 2555 3037 2619 dii,
3070 2558 3159 2625 qui
3198 2558 3451 2611 manibus

1879 2635 2034 2690 ﬁunt.
2082 2638 2197 2691 Non
2251 2640 2426 2693 solum
2495 2653 2674 2695 autem
2740 2643 2855 2698 haec
2906 2645 3243 2713 periclitatur
3294 2646 3452 2700 nobis

1880 2741 2006 2795 pars
2044 2729 2096 2781 in
2126 2728 2562 2798 redargutiouem
2588 2735 2797 2799 venire,
2837 2735 2935 2789 sed
2962 2747 3015 2791 et
3040 2752 3248 2807 magna:
3273 2736 3453 2791 Dianre

1880 2821 2139 2888 temp!qu
2180 2822 2231 2875 in
2262 2823 2491 2877 nihilum
2530 2827 2893 2895 reputabitur,
2936 2829 3029 2883 sed
3052 2837 3107 2883 et
3129 2828 3339 2883 destrui
3370 2830 3456 2882 in-

1879 2910 2043 2979 cipiet
2081 2910 2337 2981 majestas
2368 2915 2507 2983 ejus,
2536 2931 2697 2984 quam
2732 2927 2842 2971 tota
2875 2919 3001 2973 Asia
3035 2926 3088 2973 et
3113 2919 3263 2973 orbis
3290 2921 3446 2974 colit.

1882 3004 1976 3057 llis
2007 3004 2232 3066 auditis,
2270 3006 2458 3074 repleti
2506 3018 2633 3060 sunt
2672 3008 2774 3070 ira,
2812 3018 2865 3063 ct
2904 3010 3346 3065 exclamaverunt
3370 3012 3453 3063 di-

1882 3101 2067 3147 centes
2097 3110 2109 3146 :
2146 3092 2337 3161 Magna
2376 3094 2537 3148 Diana
2574 3096 2955 3165 Ephesiorum.
3010 3097 3072 3150 Et
3123 3098 3341 3167 impleta
3375 3108 3457 3154 est

213 3186 399 3253 μέλλει
426 3187 481 3239 δὲ
510 3188 604 3240 καὶ
628 3189 1014 3259 καθαιρεῖσθαι
1040 3190 1137 3261 τὴν
1171 3193 1564 3265 μεγαλειότητα
1590 3196 1778 3264 αὐτῆς,

1887 3184 2079 3239 civitas
2104 3185 2442 3246 confusione.
2479 3195 2532 3240 et
2563 3188 2825 3257 impetum
2854 3188 3102 3242 fecerunt
3132 3203 3243 3242 uno
3272 3187 3457 3242 animo

212 3277 275 3345 ἦν
297 3278 395 3344 ὅλη
424 3278 457 3347 ή
489 3278 641 3330 Ἀσία
666 3280 761 3332 καὶ
787 3282 819 3347 ή
840 3283 1131 3352 οἰκουμένη
1158 3284 1395 3338 σέϐεται.
1426 3285 1780 3349 ’Δκούσαντες

210 3368 285 3423 δὲ,
321 3368 418 3418 καὶ
448 3367 732 3436 γενόμενοι
758 3370 985 3440 πλήρεις
1018 3372 1217 3441 θυμοῦ,
1240 3374 1470 3444 ἔκραζον
1498 3376 1745 3443 λέγοντες
1766 3396 1779 3408 ·

212 3457 441 3525 Μεγάλη
470 3459 505 3524 ἡ
530 3460 794 3531 -Λρτεμις
838 3462 1117 3528 Ἐφεσίων.
1148 3465 1252 3519 Καὶ
1284 3466 1530 3537 ἐπλήσθη
1568 3470 1605 3537 ἠ
1632 3470 1783 3532 πόλις

212 3549 307 3616 ὅλη
331 3547 433 3616 τῆς
468 3550 781 3618 συγχύσεως
802 3569 815 3581 ’
858 3551 1127 3621 ὥρμησάν
1166 3572 1225 3607 τε
1250 3557 1591 3626 ὁμοθυμαδὸν
1619 3560 1695 3621 είς
1724 3560 1785 3611 τὸ

214 3637 463 3705 θέατρον,
529 3642 974 3709 συναρπάσαντες
1026 3642 1185 3695 Γάϊον
1237 3644 1330 3696 καὶ
1392 3644 1781 3715 Ἀρίσταρχον,

217 3725 561 3790 Μακεδόνας,
611 3729 983 3798 συνεκδήμους
1040 3732 1271 3786 Παύλου.
1307 3734 1413 3785 Τοῦ
1462 3734 1517 3786 δὲ
1574 3736 1785 3788 Παύλου

221 3814 549 3883 βουλομένου
591 3818 852 3873 εἰσελθεῖν
880 3821 957 3881 είς
986 3821 1078 3872 τὸν
1104 3821 1294 3890 δῆμον,
1326 3822 1422 3875 οὐκ
1465 3824 1592 3877 εῐων
1626 3826 1788 3879 αὑτὸν

220 3909 264 3959 οἱ
300 3907 567 3976 μαθηταί.
604 3910 761 3973 Τινὲς
788 3910 845 3962 δὲ
879 3913 971 3963 καὶ
999 3912 1105 3965 τῶν
1131 3914 1434 3985 Ἀσιαρχτῖν
1462 3914 1612 3978 ὄντες
1640 3917 1788 3987 αὐτῷ

218 4000 381 4065 φίλοι,
410 4000 730 4068 πέμψαντες
769 4003 904 4071 πρὸς
930 4003 1093 4055 αὑτὸν
1129 4004 1473 4070 παρεκάλουν
1502 4004 1577 4073 μὴ
1602 4005 1786 4058 ἐκδοῦ-

217 4106 304 4140 ναι
332 4090 527 4141 ἐαυτδν
563 4092 641 4153 είς
683 4091 745 4143 τὸ
794 4091 1043 4161 θέατρον.
1073 4095 1259 4147 ’Λλλοι
1317 4096 1413 4165 μὲν
1454 4092 1546 4148 οῦν
1581 4094 1708 4148 ἄλλο
1736 4114 1787 4149 τι

220 4178 487 4249 ἔκραζον·
520 4176 587 4250 ἦν
621 4182 729 4249 γάρ
782 4185 814 4251 ή
845 4185 1117 4255 ἐκκλησία
1171 4187 1579 4256 συγκεχυμένη,
1615 4188 1710 4240 καὶ
1740 4189 1789 4238 οἱ

224 4271 448 4333 πλείους
492 4272 592 4324 οὐκ
642 4272 864 4341 ᾔδεισαν
922 4274 1064 4336 τίνος
1116 4275 1279 4327 ἕνεκα
1318 4275 1785 4346 συνεληλύθεισαν.

233 4364 329 4415 Ἕκ
359 4364 417 4414 δὲ
447 4363 541 4416 τοῦ
558 4364 713 4431 ὄχλου
744 4365 1111 4433 προεὸίὸασαν
1153 4366 1519 4438 Ἀλέξανδρον,
1548 4369 1789 4439 προϐαλι

220 4453 420 4506 λὸντων
440 4453 601 4507 αὐτὸν
623 4453 731 4507 τῶν
765 4456 1053 4509 Ἰουδαίων.
1081 4456 1144 4512 Ὀ
1174 4457 1231 4510 δὲ
1256 4458 1601 4528 Ἀλέξανδρος
1632 4477 1789 4513 κατα-

1892 3275 1942 3325 in
1971 3275 2263 3335 theatrum,
2304 3284 2456 3344 rapto
2500 3276 2635 3331 Gaio
2680 3289 2734 3331 et
2794 3280 3107 3333 Aristarcho
3152 3278 3458 3334 Macedoni-

1892 3365 2011 3426 bus,
2036 3364 2331 3418 comitibus
2362 3363 2538 3417 Pauli.
2563 3362 2736 3419 Paulo
2779 3376 2960 3421 autem
2996 3368 3211 3421 volente
3254 3370 3457 3421 intrare

1892 3454 1942 3506 in
1984 3454 2278 3523 'populum,
2325 3470 2432 3509 non
2485 3458 2850 3525 permiserunt
2895 3458 3169 3528 discipuli.
3227 3457 3455 3522 Quidam

1891 3556 2068 3600 autem
2095 3555 2147 3600 et
2173 3546 2239 3601 de
2275 3547 2412 3600 Λεία
2432 3547 2794 3618 principibus,
2821 3551 2911 3619 qui
2939 3562 3099 3604 erant
3133 3552 3293 3605 amici
3320 3550 3457 3618 ejus,

1894 3636 2159 3689 miserunt
2188 3634 2252 3688 ad
2270 3650 2417 3699 eum,
2446 3650 2697 3707 rogantes
2719 3654 2787 3692 ne
2810 3654 2867 3692 se
2892 3640 3045 3693 daret
3074 3640 3127 3693 in
3148 3640 3416 3693 theatrum
3442 3656 3457 3693 :

1893 3724 1982 3776 alii
2036 3736 2217 3778 autem
2298 3725 2443 3779 aliud
2499 3728 2829 3783 clamabant.
2879 3728 3005 3783 Erat
3049 3730 3189 3783 enim
3230 3730 3458 3785 ecclesia

1893 3813 2117 3869 confusa
2137 3856 2152 3880 ,
2179 3825 2231 3869 et
2254 3818 2434 3884 plures
2466 3818 2783 3872 nesciebant
2830 3835 2935 3887 qua
2960 3834 3024 3872 ex
3065 3834 3231 3875 causa
3258 3834 3461 3873 conve-

1895 3908 2117 3962 nissent.
2157 3907 2229 3961 De
2257 3910 2411 3961 turba
2457 3917 2634 3962 autem
2670 3910 3025 3965 detraxerunt
3070 3910 3458 3971 Alexandrum,

1893 3996 2324 4065 propellentibus
2349 4013 2471 4050 eum
2495 3999 2717 4053 Judacis.
2746 4000 3046 4061 Alexander
3072 4008 3274 4064 autem,
3298 4015 3459 4053 manu

1896 4089 2113 4142 silentio
2138 4088 2431 4156 postulato,
2452 4090 2664 4144 volebat
2693 4091 2919 4145 reddere
2946 4092 3213 4146 rationem
3238 4094 3459 4160 populo.

1896 4181 2065 4247 Quem
2093 4189 2149 4235 ut
2173 4189 2542 4251 cognoverunt
2573 4182 2820 4236 Judaeum
2869 4198 3016 4245 esse,
3043 4197 3145 4236 vos
3181 4183 3323 4236 facta
3357 4200 3462 4237 una

1895 4282 1981 4327 est
2020 4272 2285 4335 omnium,
2325 4272 2481 4341 quasi
2515 4288 2611 4342 per
2666 4274 2830 4328 horas
2874 4276 3009 4327 duas
3054 4275 3406 4327 clamantium
3447 4291 3462 4327 :

1897 4358 2084 4430 Magna
2125 4358 2291 4411 Diana
2324 4358 2705 4428 Ephesiorum.
2740 4362 2805 4413 Et
2838 4376 2963 4414 cum
3000 4361 3251 4415 sedasset
3280 4360 3464 4414 scriba

1900 4452 2115 4512 turbas,
2157 4450 2295 4506 dixit
2325 4470 2338 4505 :
2374 4448 2489 4504 Viri
2530 4450 2773 4517 Ephesii,
2808 4452 2933 4521 quis
2979 4452 3135 4505 enim
3167 4460 3251 4506 est
3286 4451 3467 4504 homi-

221 4545 409 4606 σείσας
461 4546 529 4614 τῇ
573 4546 718 4615 χειρὶ
764 4547 955 4616 ήθελεν
1003 4547 1446 4619 ἀπολογήσασθαι
1496 4550 1572 4619 τῷ
1615 4550 1781 4622 δήμῳ.

1903 4560 2031 4597 num
2061 4544 2153 4612 qui
2201 4544 2411 4599 nesciat
2453 4542 2812 4612 Ephesiorum
2855 4545 3129 4598 civitatem
3178 4543 3463 4597 Neocoron

232 4634 580 4701 Ἑπιγνόντες
624 4636 682 4688 δὲ
709 4638 791 4689 ὅτι
821 4636 1075 4699 Ἰουδαῖός
1109 4640 1247 4703 ἐστι,
1275 4638 1425 4710 φωνή
1451 4638 1668 4707 ἐγένετο
1698 4641 1796 4709 μία

222 4729 284 4776 ἐκ
313 4726 564 4790 πάντων,
592 4726 668 4788 ὡς
695 4727 788 4778 ἐπὶ
810 4726 960 4796 ὧρας
992 4728 1086 4781 δύο
1124 4728 1433 4797 κραζόντων
1454 4745 1467 4758 °
1503 4730 1731 4799 Μεγάλη
1761 4732 1792 4799 ή

227 4818 496 4885 ’Δρτεμις
553 4816 838 4884 Ἐφεσίων.
878 4820 1251 4881 Καταστείλας
1283 4819 1338 4871 δὲ
1378 4822 1404 4871 ὁ
1436 4823 1796 4890 γραμματεὺς

225 4906 313 4957 τὸν
345 4906 526 4975 ὄχλον,
564 4908 757 4975 φησίν·
797 4909 1021 4977 Ἀνδρες
1082 4910 1339 4976 Ἐφέσιοι,
1382 4909 1464 4972 τίς
1496 4911 1603 4978 γάρ
1650 4913 1797 4962 ἐστιν

224 4996 555 5066 ἀνθρώπων,
576 4996 633 5059 ὃς
665 4997 725 5049 οὐ
754 4997 1011 5064 γινώσκει
1040 4997 1139 5067 τὴν
1182 4997 1445 5067 Ἐφεσίων
1485 5000 1639 5051 πόλιν
1667 5018 1798 5053 νεω-

227 5088 389 5155 κόρον
436 5084 601 5139 οὖσαν
632 5087 730 5156 τῆς
779 5088 1026 5157 μεγάλης
1064 5088 1194 5151 θεᾶς
1223 5088 1536 5159 Ἀρτέμιδος
1569 5090 1664 5143 καὶ⁵
1702 5090 1797 5143 τοῦ

226 5176 555 5243 Διοπετοῦς;
600 5178 1035 5249 Ἀναντιρρήτων
1064 5174 1158 5231 οῦν
1199 5180 1367 5231 ὄντων
1400 5182 1627 5247 τούτων,
1654 5177 1795 5244 εἷπε,

226 5269 347 5320 δέον
371 5269 520 5320 ἐστὶν
544 5269 688 5337 ὑμᾶς
706 5270 1182 5339 κατεσταλμένους
1207 5270 1496 5339 ὑπάρχειν,
1515 5272 1607 5325 καὶ
1634 5272 1799 5342 μηδὲν

229 5358 503 5429 προπετὲς
533 5360 820 5428 πράσσειν.
867 5360 1134 5428 Ἦγάγετε
1166 5361 1273 5429 γὰρ
1305 5362 1429 5423 τοὺς
1456 5361 1651 5431 ἄνδρας
1673 5361 1790 5414 τού-

228 5463 376 5511 τους,
404 5447 529 5500 οῦτε
563 5449 897 5519 ἱεροσύλους,
915 5448 1038 5502 οὔτε
1068 5450 1522 5520 βλασφημοῦντας
1555 5452 1653 5520 τὴν
1675 5450 1802 5504 θεὰν

230 5539 406 5609 ὑμῶν.
439 5540 502 5592 El
542 5540 641 5610 μὲν
678 5536 772 5593 οὖν
808 5542 1140 5611 Δημήτριος,
1174 5542 1268 5594 καὶ
1308 5542 1357 5592 οἱ
1402 5540 1496 5592 σὺν
1526 5540 1676 5610 αὐτῷ
1706 5557 1797 5593 τε-

228 5634 431 5700 χνῖται,
464 5630 647 5701 ἔχουσι
690 5632 826 5700 πρός
864 5649 985 5688 τινα
1043 5631 1225 5699 λόγον,
1268 5632 1512 5700 ἀγοραῖοι
1551 5630 1795 5698 ἄγονται,

232 5724 326 5776 xa‘t
356 5723 652 5777 ἀνθύπατοι
696 5724 865 5777 εἰσίν·
901 5725 1302 5792 ἐγκαλείτωσαν
1348 5724 1617 5795 ἀλλήλοις.
1654 5725 1715 5776 Ei
1742 5726 1797 5777 δέ

1893 4650 2015 4689 esse
2044 4649 2250 4703 magna:
2283 4633 2487 4698 Dianae,
2518 4643 2571 4688 et
2600 4633 2883 4703 Diopetis?
2910 4635 3045 4687 Cum
3071 4648 3202 4703 ergo
3227 4633 3311 4687 his
3332 4648 3463 4687 con-

1895 4725 2088 4778 tradici
2114 4740 2219 4778 non
2243 4725 2435 4793 possit,
2454 4733 2670 4793 oportet
2697 4738 2791 4777 vos
2823 4724 3040 4777 sedatos
3070 4738 3214 4787 esse,
3244 4730 3299 4776 et
3329 4723 3464 4776 nihil

1896 4825 2099 4869 temere
2126 4830 2307 4884 agere.
2344 4815 2665 4869 Adduxistis
2708 4815 2852 4868 enim
2897 4814 3145 4869 homines
3179 4816 3336 4879 istos,
3368 4828 3466 4867 ne-

1896 4924 2001 4976 que
2029 4907 2345 4976 sacrilegos,
2370 4922 2543 4974 neque
2569 4904 3011 4974 blasphemantes
3029 4905 3183 4958 deam
3204 4912 3461 4959 vestram.

1897 4998 2052 5062 Quod
2085 4998 2130 5051 si
2177 4997 2504 5061 Demetrius,
2549 5006 2604 5051 et
2637 4997 2727 5063 qui
2762 5012 2884 5050 cum
2929 5010 2995 5049 eo
3030 5004 3160 5049 sunt
3203 4995 3463 5055 artiﬁces.

1902 5088 2100 5141 habent
2141 5087 2407 5141 adversus
2462 5088 2697 5155 aliquem
2748 5099 2995 5148 causam,
3036 5095 3339 5141 conventus
3388 5083 3468 5136 fo—

1901 5192 2087 5232 renses
2120 5185 2357 5246 aguntur
2386 5185 2439 5229 et
2462 5176 2822 5245 proconsules
2844 5186 3007 5230 sunt:
3035 5184 3292 5231 accusent
3329 5174 3472 5229 invi-

1898 5284 2035 5323 cem.
2064 5268 2121 5321 Si
2151 5268 2279 5338 quid
2316 5274 2496 5319 autem
2524 5267 2687 5336 287
2721 5266 2943 5321 alterius
2977 5268 3053 5321 rei
3094 5268 3342 5335 quaeritis
3367 5311 3380 5331 ,
3413 5269 3466 5320 in

1902 5360 2141 5430 legitima
2192 5359 2424 5413 ecclesia
2456 5360 2655 5426 poterit
2680 5358 2909 5413 abso‘avi.
2942 5357 3075 5411 Nam
3106 5369 3161 5412 et
3190 5358 3467 5426 periclita-

1902 5467 2026 5504 mur
2056 5452 2205 5520 argui
2239 5450 2524 5501 seditionis
2552 5449 2848 5514 hodierna,
2906 5464 3030 5503 cum
3074 5448 3259 5502 nullus
3292 5448 3466 5502 obno-

1902 5541 2024 5592 xius
2057 5541 2127 5592 sit
2157 5538 2245 5605 (de
2292 5554 2399 5606 quo
2441 5539 2714 5604 possimus
2748 5538 2976 5591 reddere
3018 5538 3310 5607 rationem)
3340 5552 3471 5590 cou-

1900 5647 2097 5686 cursus
2138 5631 2321 5684 istius.
2353 5628 2415 5681 Et
2450 5645 2574 5682 cum
2605 5630 2718 5683 Ιιίιέ
2756 5629 3003 5691 dixisset,
3034 5628 3243 5682 dimisit
3293 5630 3468 5682 eccle-

1899 5738 2058 5777 suam.

229 5829 282 5866 τι
323 5816 452 5884 περ),
496 5817 698 5887 ἐτέρων
745 5815 1087 5887 ἐπιζητεῖτε,
1121 5817 1178 5867 ἐν
1247 5819 1312 5887 τῇ
1356 5818 1565 5886 ἐννόμῳ
1624 5818 1885 5889 ἐκκλησία
1927 5815 2332 5884 ἐπιλυθήσεται.
2392 5814 2498 5867 Καὶ
2550 5814 2655 5883 γάρ
2701 5812 3075 5881 κινδυνεύομεν
3129 5814 3468 5881 ἐγκαλεῖσθαι
