4164 6444
708 398 840 464 ints

1581 391 1932 452 THEOPIIY
1946 390 2151 450 LACTI
2189 390 2286 451 ΠΙ]
2301 389 2438 449 1.οΛ
2452 392 2601 451 Ill/li
2647 391 3002 454 ARCHIEP.

3788 387 3933 456 1016

704 508 940 580 qualiter
971 507 1252 560 vohiscum
1308 519 1401 575 per
1447 518 1606 559 omne
1639 513 1853 571 tempus
1900 501 2114 566 fuerim,
2150 516 2264 556 ser-

2399 507 2593 574 ιρὼτης
2629 506 2839 574 ἡμέρας
2873 503 2967 572 ἀφ’
2997 497 3062 576 ἧς
3092 502 3295 572 ιπέδην
3329 503 3406 564 είς
3440 502 3536 572 τὴν
3584 501 3787 566 ’Λσίαν,
3823 505 3942 566 πῶς

707 606 862 656 viens
892 601 1122 654 Dnmino
1157 616 1280 653 cum
1317 600 1464 654 omni
1496 600 1799 653 humilitate
1834 607 1888 651 et
1927 598 2184 669 lacrymis
2216 605 2268 651 ct

710 693 1131 750 tentatinnibus,
1190 705 1309 760 qua
1358 690 1490 744 mihi
1549 689 1867 742 acciderunt
1929 703 1990 740 ex
2053 686 2270 742 insidiis

712 786 1018 841 Judaorum
1072 782 1393 852 :quomodo
1425 782 1554 835 nihil
1604 780 1967 836 subtraxerim
2014 779 2254 844 utilium,

708 893 816 945 quo
883 875 1066 928 minus
1104 873 1489 927 anmmtiarem
1522 871 1697 932 vohis,
1749 880 1805 924 et
1867 871 2119 925 docerem
2176 883 2274 924 vos

710 967 928 1036 publice
973 975 1026 1020 ct
1085 981 1180 1034 per
1229 965 1445 1024 domos.
1507 963 1811 1018 testiﬁcans
1854 961 2056 1016 Iudaeis
2114 972 2274 1031 atque

708 1060 998 1132 gentilibus
1029 1059 1276 1114 iu‘Dcum
1319 1058 1698 1127 pmnitentiam
1749 1070 1799 1112 et
1831 1056 1988 1111 [idem
2017 1055 2069 1109 in
2093 1054 2276 1110 Domi-

715 1171 844 1208 num
885 1163 1133 1208 nostrum
1166 1151 1351 1206 Jesum
1383 1151 1686 1206 Christum.
1725 1149 1791 1203 Et
1825 1163 1971 1204 nunc
2003 1163 2132 1203 ecce
2155 1147 2275 1202 alli-

711 1256 867 1314 gatus
897 1261 996 1315 ego
1035 1245 1262 1314 Spiritu,
1299 1244 1434 1298 vado
1481 1247 1532 1298 in
1567 1243 1910 1310 Jerusalem;
1972 1257 2092 1312 qua:
2122 1241 2174 1294 in
2213 1253 2275 1294 ea

712 1346 937 1391 ventura
964 1338 1075 1394 sint
1109 1337 1260 1400 mihi,
1322 1338 1580 1406 ignorans
1641 1358 1654 1391 τ
1701 1335 1803 1391 nisi
1837 1335 1980 1404 quod
2039 1334 2278 1403 Spiritus

713 1437 938 1484 sanctus
1001 1444 1100 1497 per
1149 1443 1339 1483 omnes
1398 1428 1644 1482 civitates
1706 1428 1835 1480 mihi
1890 1431 2272 1494 protestatur,

719 1521 911 1575 dicens
983 1522 1238 1590 quoniam
1283 1519 1498 1573 vincula
1531 1527 1584 1573 et
1635 1518 2022 1570 tribulatione:
2058 1513 2279 1570 Jcroso-

718 1610 878 1680 Iymis
909 1624 995 1663 me
1063 1615 1302 1662 manent.
1341 1605 1443 1660 Sed
1501 1605 1633 1657 nihil
1686 1605 1878 1658 horum
1915 1615 2129 1664 vereor,
2184 1613 2281 1654 nec

719 1703 858 1754 facio
886 1701 1122 1754 animam
1168 1711 1339 1752 meam
1373 1696 1752 1766 pretiosiorem
1785 1708 1945 1762 quant
1984 1707 2091 1755 me,
2125 1690 2281 1744 dum-

719 1790 879 1844 modo
904 1802 1278 1842 consummem
1307 1800 1529 1842 cursum
1573 1800 1777 1850 meum,
1824 1794 1878 1838 et
1922 1781 2280 1836 ministerium

722 1881 868 1936 verbi
907 1879 1050 1950 quod
1084 1879 1266 1948 accepi
1304 1895 1333 1933 a
1374 1879 1599 1932 Domino
1632 1876 1780 1938 Jesu,
1807 1873 2080 1930 testificari
2109 1872 2284 1925 Evan-

719 1972 917 2042 geliunl
951 1971 1113 2039 290
1143 1969 1330 2039 gratias
1364 1967 1475 2021 Dei.
1518 1967 1581 2019 Et
1631 1982 1774 2020 nunc
1831 1979 1956 2019 ecce
2009 1975 2109 2031 ego
2143 1958 2284 2021 scio,

721 2062 849 2130 quia
910 2060 1146 2129 amplius
1212 2075 1318 2113 non
1379 2056 1632 2112 videbitis
1705 2055 1897 2109 faciem
1966 2069 2140 2108 meum
2190 2066 2286 2105 vos

723 2167 933 2212 nnnics,
964 2165 1056 2218 per
1094 2165 1233 2217 quos
1286 2146 1516 2202 transivi
1553 2146 1857 2215 prmdicans
1916 2159 2140 2214 regnum
2170 2143 2285 2197 Dei.

724 2242 1070 2311 Quapropter
1097 2248 1381 2295 contestor
1419 2253 1515 2291 vos
1539 2238 1798 2291 hodierna
1832 2237 1940 2301 die,
1981 2236 2105 2304 quia
2129 2249 2286 2287 mun-

724 2337 828 2388 dus
867 2348 986 2388 sum
1037 2347 1066 2386 a
1113 2330 1376 2400 sanguine
1407 2327 1676 2385 omnium.
1712 2327 1826 2381 Non
1883 2326 2027 2381 enim
2079 2325 2292 2382 subter-

734 2423 871 2494 fugi,
905 2422 1203 2492 quominus
1239 2420 1623 2474 annuntiarem
1650 2432 1811 2473 omne
1868 2418 2158 2473 consilium
2198 2416 2290 2472 Dei

726 2514 901 2570 vobis.

799 2693 1073 2748 Attendite
1125 2691 1280 2748 vobis
1333 2700 1386 2745 et
1418 2690 1673 2746 universo
1721 2690 1892 2761 gregi,
1943 2691 1994 2744 in
2044 2705 2152 2760 quo
2199 2705 2296 2747 vos

731 2785 968 2854 Spiritus
989 2791 1218 2839 sanctus
1245 2783 1433 2852 posuit
1459 2783 1746 2851 episcopos
1776 2797 1962 2851 regere
1994 2780 2293 2837 Ecclesium

735 2879 825 2931 Del
851 2889 1012 2946 quam
1044 2874 1338 2943 acquisivit
1377 2872 1650 2943 sanguine
1685 2888 1809 2928 suo.
1859 2872 1970 2943 Ego
2000 2873 2138 2938 scio,
2161 2887 2298 2942 quo-

735 2973 878 3023 niam
955 2968 1236 3022 intrabunt
1304 2974 1426 3035 post
1489 2965 1882 3020 discessionem
1935 2979 2111 3019 meam
2185 2965 2296 3034 lupi

733 3074 961 3128 rapaces
985 3057 1037 3112 in
1069 3071 1186 3118 vos,
1219 3070 1325 3109 non
1379 3063 1664 3122 parcentes
1703 3055 1873 3124 gregi.
1919 3054 1984 3107 Et
2029 3069 2092 3108 es
2144 3054 2298 3109 vobis

2377 600 2495 669 μεθ’
2524 599 2680 669 ὑμῶν
2706 599 2797 651 τὸν
2827 597 3004 652 πάντα
3030 597 3219 667 χρόνον
3243 595 3510 665 ἐγενόμην
3531 613 3542 625 ·
3575 595 3844 648 δουλεύων
3868 593 3945 662 τῷ

2375 689 2564 759 Κυρίῳ
2617 688 2756 756 μετὰ
2806 689 2986 757 πάσης
3031 685 3556 756 ταπεινοφροσύνης,
3590 685 3682 736 καὶ
3737 683 3948 735 πολλῶν

2374 781 2626 851 δακρύων
2657 778 2752 833 καὶ
2782 779 3104 851 πειρασμῶν
3131 777 3238 830 τῶν
3278 775 3600 846 συμϐάντων
3628 791 3718 844 μοι
3746 773 3947 834 ἒν-ταῖς

2376 873 2689 935 ιπιδουλαϊς
2735 872 2844 925 τῶν
2895 871 3197 924 Ἰουδαίων·
3243 867 3317 931 ὡς
3351 866 3502 920 οὐδὲν
3541 863 3948 931 ὑπεστειλάμην

2375 967 2484 1020 τῶν
2510 968 2898 1036 συμφερόντων
2924 962 3016 1018 τοῦ
3047 964 3121 1035 μὴ
3150 960 3466 1030 ἀναγγεῖλαι
3497 960 3645 1027 ὑμῖν,
3679 957 3772 1010 καὶ
3798 955 3948 1008 διδά-

2380 1059 2467 1126 ξαι
2503 1061 2645 1130 ὑμᾶς
2674 1059 2908 1129 δημοσία
2954 1058 3046 1110 καὶ
3082 1053 3199 1109 κατ’
3233 1055 3414 1117 οίκους
3437 1069 3450 1083 ·
3507 1049 3952 1121 διαμαρτυρόμε-

2378 1170 2468 1215 νος
2501 1149 2770 1213 Ἰουδαίοις
2805 1167 2864 1202 τε
2902 1149 2996 1202 καὶ
3028 1147 3250 1216 Ἕλλησι
3278 1144 3375 1214 τὴν
3397 1143 3475 1206 είς
3498 1141 3587 1195 τὸν
3613 1141 3745 1193 Θεὸν
3785 1141 3953 1209 μετά-

2379 1265 2550 1307 νοιαν,
2585 1247 2678 1300 καὶ
2712 1247 2895 1298 πίστιν
2928 1245 3023 1313 τὴν
3059 1243 3134 1304 είς
3176 1242 3265 1294 τὸν
3312 1240 3512 1309 Κύριον
3543 1237 3700 1307 ἡμῶν
3743 1235 3951 1304 Ἰησοῦν

2381 1339 2633 1408 Χριστόν.
2667 1337 2774 1390 Καὶ
2805 1335 2898 1389 νῦν
2942 1335 3051 1388 ἰδοὺ
3084 1333 3364 1401 δεδεμένος
3411 1329 3521 1396 ἐγὼ
3563 1327 3640 1397 τῷ
3671 1327 3952 1393 Πνεύμιτι

2384 1429 2686 1498 πορεύομαι
2719 1429 2797 1488 είς
2851 1423 3233 1495 Ἰερουσαλὴμ.
3269 1422 3337 1476 τά
3381 1423 3437 1475 ὲν
3492 1419 3629 1489 αὑτῇ
3676 1415 3956 1487 συμῦησό⁴

2388 1523 2524 1593 μενά
2557 1538 2645 1588 μοι
2677 1519 2750 1591 μὴ
2797 1520 2985 1582 εἰδώς·
3019 1517 3159 1586 πλὴν
3207 1515 3290 1569 δτι
3336 1514 3396 1567 τὸ
3444 1511 3665 1580 Πνεῦμα
3708 1510 3768 1562 τὸ
3800 1509 3958 1575 ἀγιον

2385 1616 2526 1669 κατά
2560 1613 2715 1667 πόλιν
2746 1607 3176 1681 διαμαρτύρεταί
3213 1623 3301 1676 μοι
3333 1604 3491 1673 λέγον
3513 1620 3528 1635 ο
3560 1604 3641 1656 ὅτι
3676 1600 3854 1670 δεσμά
3891 1617 3957 1668 με

2386 1711 2481 1762 καὶ
2511 1707 2716 1776 θλίψεις
2753 1705 3023 1776 μένουσιν.
3062 1700 3203 1755 Ἀλλ’
3236 1698 3446 1761 οὐδενὸς
3479 1697 3638 1764 λόγον
3669 1693 3956 1764 ποιοῦμαι,

2386 1801 2507 1854 οὐδὲ
2540 1802 2645 1869 ἔχω
2677 1798 2775 1867 τὴν
2803 1797 2982 1867 ψυχήν
3020 1811 3119 1863 μου
3148 1793 3336 1862 τιμίαν
3362 1787 3610 1858 ιμαυτῷ.
3637 1786 3712 1849 ὡς
3738 1783 3961 1837 τελειῶο

2390 1911 2480 1946 σαι
2509 1894 2598 1945 τὸν
2628 1891 2828 1961 δρόμον
2871 1906 2972 1957 μου
3005 1885 3139 1955 μετά
3173 1883 3370 1954 χαρᾶς,
3405 1881 3497 1933 καὶ
3529 1881 3626 1948 τὴν
3658 1874 3960 1938 διακονίαν,

2387 1985 2455 2054 ἢν
2489 1983 2678 2036 ἔλαϐον
2707 1981 2856 2050 παρὰ
2891 1977 2984 2032 τοῦ
3019 1977 3223 2045 Κυρίου
3265 1972 3461 2042 Ἰησοῦ.
3486 1966 3963 2038 διαμαρτύρασθαι

2387 2076 2449 2128 τὸ
2496 2074 2825 2140 Εὑαγγέλιον
2850 2072 2948 2141 τῆς
2979 2071 3200 2141 χάριτος
3233 2065 3326 2119 τοῦ
3357 2061 3517 2117 Θεοῦ.
3559 2060 3670 2114 Καὶ
3716 2059 3809 2111 νῦν
3851 2056 3962 2108 ίδοὺ

2392 2167 2502 2234 εγὼ
2533 2163 2670 2228 οἶδα,
2696 2165 2777 2217 δτι
2807 2163 2906 2216 οὑκ
2940 2160 3018 2214 (τι
3043 2157 3239 2227 δψεσοι
3268 2156 3328 2209 τὸ
3357 2151 3646 2224 πρόσωπόν
3675 2167 3774 2220 μου
3805 2148 3965 2215 ὑμεῖς

2393 2259 2615 2320 πάντες,
2649 2257 2707 2308 ιν
2745 2251 2825 2317 οἷς
2846 2253 3070 2323 διῆλθον
3104 2248 3394 2320 κηρύσσων
3427 2245 3526 2316 τὴν
3559 2240 3834 2312 βασιλείαν
3867 2235 3965 2290 τοῦ

2393 2348 2552 2403 Θεοῦ.
2581 2348 2670 2401 Διὸ
2719 2346 3067 2417 μαρτύρομαι
3111 2343 3241 2410 ὑμῖν
3274 2342 3330 2392 εν
3377 2339 3444 2407 τῇ
3480 2336 3720 2404 σήμερον
3753 2332 3965 2401 ἡμέρᾳ.

2395 2442 2476 2496 ὅτι
2507 2439 2745 2509 καθαρός
2769 2441 2884 2507 εἰμι
2914 2435 3020 2491 ἀπὸ
3043 2432 3135 2487 τοῦ
3165 2433 3396 2503 αἵματος
3426 2428 3645 2482 πάντων
3679 2423 3853 2494 ὑμῶν.
3887 2423 3966 2473 Οὐ

2396 2533 2500 2601 γὰρ
2532 2528 2938 2597 ὑπεστειλάμην
2992 2525 3084 2579 τοῦ
3138 2524 3211 2595 μὴ
3259 2519 3581 2588 ἀναγγεῖλαι
3623 2517 3751 2584 ὑμῖν
3785 2513 3970 2566 πᾶσαν

2396 2627 2494 2698 τὴν
2520 2623 2717 2695 βουλὴν
2739 2621 2833 2675 τοῦ
2861 2619 3018 2673 Θεοῦ.

2471 2717 2771 2786 Προσέχετε
2803 2712 2895 2766 οῦν
2928 2710 3162 2770 ἑαυτοῖς,
3193 2705 3289 2758 καὶ
3326 2702 3486 2756 παντὶ
3506 2699 3586 2770 τῷ
3617 2697 3875 2765 ποιμνίῳ.
3911 2695 3972 2746 ιν

2397 2801 2441 2876 ᾧ
2477 2811 2620 2878 ὑμᾶς
2649 2807 2710 2860 τὸ
2737 2805 2961 2872 Πνεῦμα
3002 2801 3061 2854 τὸ
3088 2801 3242 2868 ἀγιον
3273 2796 3425 2848 έθετο
3462 2790 3815 2850 ἐπισκόπους,
3845 2803 3970 2838 ποι-

2405 2901 2615 2971 μαίνειν
2638 2899 2737 2968 τὴν
2768 2894 3094 2962 Ἐκκλησίαν
3121 2888 3215 2944 τοῦ
3246 2884 3401 2948 θεοῦ,
3443 2885 3506 2955 ἢν
3543 2880 3974 2951 περιεποιήσατο

2401 2969 2488 3046 διά
2539 2990 2635 3043 τοῦ
2692 2989 2822 3043 ίδίου
2881 2987 3134 3056 αἵματος.
3165 2979 3310 3046 Ἐγὼ
3346 2979 3454 3046 γάρ
3501 2971 3617 3028 οἶδα
3667 2971 3845 3031 τοῦτο,
3889 2969 3972 3019 ὅτι

2406 3083 2544 3154 μετά
2573 3083 2671 3152 τὴν
2700 3080 2883 3149 ἀφιξίν
2919 3095 3020 3146 μου
3062 3071 3459 3128 εἰσελεύσονται
3493 3064 3645 3116 λύκοι
3674 3062 3858 3132 βαρεῖς
3895 3059 3976 3118 εἰς

733 3148 868 3216 ipsis
897 3152 1192 3213 exsurgent
1222 3143 1325 3197 viri
1367 3142 1652 3212 loquentes
1697 3156 1975 3210 perversa,
2027 3149 2088 3194 ut
2126 3141 2294 3195 abdu-

2404 3141 2570 3250 ὑμᾶς,
2704 3141 3008 3243 φειδόμενοι
3031 3167 3125 3222 τοῦ
3153 3165 3405 3234 ποιμνίου
3429 3177 3442 3191 ⁶
3475 3161 3570 3214 καὶ
3597 3157 3654 3222 ιξ
3689 3154 3840 3226 ὑμῶν
3872 3154 3975 3204 αὑ-

734 3246 861 3296 cant
909 3234 1208 3305 discipulos
1269 3240 1391 3304 post
1440 3247 1518 3287 se.
1584 3231 1812 3301 Propter
1867 3232 2011 3298 quod
2058 3231 2297 3303 vigilate,

737 3328 1000 3383 memoria
1035 3324 1358 3388 retinentes,
1386 3322 1646 3393 quoniam
1675 3337 1773 3391 per
1804 3323 2099 3376 triennium
2143 3331 2305 3377 nocte

737 3427 790 3473 ct
818 3417 906 3473 die
928 3431 1034 3471 non
1063 3415 1296 3475 cessavi.
1344 3428 1467 3469 cum
1518 3413 1776 3483 lacrymis
1831 3427 2059 3468 monens
2099 3428 2304 3468 unum-

740 3523 1011 3577 quemque
1047 3514 1312 3560 vestrum.
1347 3502 1411 3557 Et
1440 3518 1584 3558 nunc
1617 3504 1936 3558 commendo
1983 3518 2082 3556 vos
2114 3503 2222 3558 Deo
2251 3511 2306 3558 et

740 3600 909 3655 verbo
934 3599 1123 3668 gratiae
1170 3597 1365 3666 ipsius,
1407 3595 1499 3664 qui
1553 3603 1747 3664 potens
1805 3601 1891 3649 est
1943 3593 2219 3648 aediﬁcare
2253 3602 2305 3648 et

742 3694 876 3746 dare
906 3689 1278 3744 harrcditatem
1314 3688 1364 3742 in
1393 3687 1748 3743 sanctillcatis
1779 3685 2056 3741 omnibus.
2099 3688 2304 3751 Argen-

743 3793 857 3836 tum
878 3790 925 3837 et
963 3796 1156 3836 aurum
1193 3789 1286 3835 aut
1316 3787 1520 3834 vestem
1588 3777 1794 3832 nullius
1825 3777 2138 3845 concupivi,
2168 3777 2309 3832 sicut

747 3874 849 3943 ipsi
881 3872 1036 3927 scitis
1065 3889 1077 3925 :
1106 3875 1362 3940 quoniam
1393 3869 1457 3922 ad
1511 3885 1573 3923 ea
1622 3883 1742 3938 quae
1773 3868 1904 3920 mihi
1938 3881 2075 3936 opus
2129 3875 2307 3927 erant,

744 3975 798 4018 et
836 3965 920 4019 his
971 3963 1064 4034 qui
1123 3977 1334 4018 mecum
1389 3970 1538 4024 sunt,
1597 3959 2050 4014 ministraverunt
2119 3972 2311 4012 manus

748 4057 886 4109 istae.
919 4054 1109 4110 Omnia
1152 4052 1369 4108 ostendi
1405 4050 1580 4115 vobis,
1628 4051 1884 4121 quoniam
1934 4051 2015 4105 sic
2049 4049 2310 4106 laboran-

748 4157 855 4212 tes,
883 4153 1100 4214 oportet
1124 4145 1404 4212 suscipere
1429 4142 1700 4205 innrmos,
1731 4158 1792 4198 ac
1824 4143 2136 4197 meminisse
2163 4141 2312 4196 verbi

751 4236 966 4290 homini
1026 4234 1154 4290 Jesu
1213 4234 1472 4304 quoniam
1541 4234 1654 4304 ipse
1712 4234 1888 4290 dixit:
1954 4232 2176 4288 Bealius
2231 4240 2315 4286 est

750 4327 883 4380 dare
905 4340 1068 4395 quam
1100 4323 1370 4393 accipere.
1424 4321 1488 4374 Et
1527 4337 1651 4377 cum
1695 4323 1808 4376 haec
1844 4320 2090 4387 dixisset,
2119 4319 2313 4392 positis

752 4417 981 4489 genibus
1011 4416 1152 4480 suis,
1182 4415 1360 4470 oravit
1389 4429 1512 4470 cum
1538 4412 1795 4469 omnibus
1820 4413 1952 4470 illis.

1255 4661 1818 4720 COMMENTARIUS.

835 4779 850 4810 ι
908 4760 1043 4813 Cum
1094 4756 1239 4810 omni
1295 4756 1602 4810 humilitate
1683 4762 1736 4808 et
1803 4752 2078 4823 lacrymis.
2144 4769 2163 4804 ι
2221 4750 2321 4806 Hic

762 4849 1021 4904 doctrinae
1051 4863 1160 4903 suae
1194 4847 1564 4902 characterem
1602 4846 1671 4898 ob
1704 4845 1894 4898 Oculos
1919 4841 2093 4912 ponit,
2131 4856 2324 4910 nempe

765 4938 966 4993 invidia
1011 4945 1067 4992 ct
1099 4937 1238 4991 fastu
1271 4944 1545 5002 expertem
1577 4947 1717 4995 esse,
1749 4933 1977 5001 aliisque
2039 4930 2327 4985 condolcre

775 5029 1013 5097 (dolebat
1050 5028 1195 5080 enim
1227 5025 1316 5079 ille
1348 5034 1410 5079 et-
1433 5039 1529 5092 pro
1571 5023 1679 5076 illis
1701 5023 1792 5090 qui
1831 5019 2101 5091 peribant,
2140 5027 2195 5072 ct
2228 5033 2325 5088 pro

765 5121 830 5174 iis
862 5120 952 5188 qui
981 5116 1327 5187 perdebant),
1357 5125 1409 5168 ct
1439 5113 1670 5167 humiles
1698 5127 1818 5167 esse
1882 5113 1959 5179 (at
1985 5125 2089 5164 non
2130 5119 2325 5162 utcun-

764 5224 891 5278 que,
934 5207 1025 5262 sed
1056 5223 1176 5261 emn
1203 5205 1348 5263 omni
1378 5204 1701 5262 humilitate,
1727 5216 1939 5269 nempe,
1965 5202 2016 5254 in
2048 5201 2233 5264 verbo,
2270 5199 2322 5250 in

767 5315 952 5368 opere.
988 5315 1111 5368 erga
1141 5299 1449 5367 superiores
1480 5305 1534 5351 et
1586 5293 1917 5361 inferiores),
1947 5301 2000 5345 et
2026 5305 2145 5358 qua:
2176 5290 2325 5342 utilia

773 5399 900 5442 sunt
967 5389 1152 5457 loqui:
1192 5397 1348 5441 erant
1383 5400 1616 5454 namque
1664 5381 1830 5436 multa
1865 5396 1985 5450 qua:
2030 5381 2238 5434 discere
2263 5376 2328 5432 iis

770 5498 876 5536 non
905 5481 1250 5550 expediebat.
1279 5479 1449 5534 Sicuti
1472 5479 1612 5533 enim
1634 5474 1877 5547 quaedam
1904 5474 2010 5527 illis
2029 5471 2323 5532 occultare,

2405 3248 2512 3326 τῶν
2555 3268 2946 3338 ἀναστήσονται
2981 3261 3170 3329 ἄνδρες
3213 3254 3500 3314 λαλοῦντες
3542 3248 3977 3318 διεστραμμένα,

2405 3363 2499 3417 τοῦ
2529 3361 2782 3430 ἀποσπᾷν
2807 3357 2930 3419 τοὺς
2957 3351 3200 3424 μαθητὰς
3230 3347 3403 3401 ὀπίσω
3430 3343 3627 3399 αὐτῶν.
3662 3340 3752 3393 Διὸ
3775 3355 3982 3408 γρηγο-

2409 3457 2552 3526 ρεῖτε
2580 3448 3026 3523 μνημονεύοντες,
3046 3444 3127 3498 ὅτι
3155 3439 3415 3511 τριετίαν,
3432 3434 3602 3489 νύκτα
3628 3433 3720 3486 καὶ
3741 3431 3980 3500 ἡμέραν,

2409 3525 2507 3600 οὑκ
2531 3543 2858 3612 ὶπαυβάμην
2893 3537 3030 3608 μετά
3053 3535 3304 3603 δακρύων
3327 3528 3592 3584 νουθετῶν
3625 3527 3720 3579 ινα
3747 3525 3982 3577 ικαστον

2411 3637 2587 3706 ὑμῶν.
2635 3635 2742 3688 Καὶ
2788 3630 2952 3686 τανῦν
2991 3624 3362 3698 παρατίθεμαι
3401 3622 3575 3691 ὑμᾶς,
3624 3617 3864 3685 ἀδελφοὶ,
3900 3614 3983 3684 τῷ

2411 3728 2529 3797 Θεῷ
2559 3727 2654 3780 καὶ
2682 3723 2759 3794 τῷ
2788 3722 2931 3791 λόγῳ
2966 3718 3062 3789 τῆς
3105 3718 3324 3789 χάριτος
3359 3711 3545 3774 αὑτοῦ,
3582 3709 3658 3778 τῷ
3698 3707 3988 3776 δυναμένῳ

2412 3815 2833 3884 ὑποικοὼμῆται
2878 3811 2972 3864 καὶ
3000 3807 3184 3860 δοῦναι
3227 3806 3357 3874 ἡμῖν
3388 3798 3754 3872 κληρονομίαν
3786 3799 3842 3847 ὲν
3874 3799 3987 3857 τοῖς

2415 3906 2766 3978 ἡγιασμένοις
2800 3894 3280 3968 πάσιν.Ἀργυρίου
3314 3893 3346 3962 ἢ
3375 3891 3606 3962 χρυσίου
3629 3889 3660 3957 ἢ
3685 3885 3989 3955 ἱματισμοῦ

2414 3999 2625 4061 οὐδενὸς
2674 3995 3014 4063 δπεθύμησα.
3062 3987 3226 4042 Αὐτοὶ
3277 3985 3331 4038 δὲ
3385 3982 3699 4050 γινώσκετε,
3753 3981 3833 4032 ὅτι
3867 3980 3992 4034 ταῖς

2417 4091 2624 4162 χρείαις
2667 4105 2792 4158 μου,
2825 4085 2919 4139 καὶ
2940 4083 3054 4144 τοῖς
3072 4079 3189 4134 οῦσι
3221 4077 3338 4148 μετ’
3367 4073 3524 4145 ιμοῦ,
3545 4071 3902 4140 ὑπηρέτησαν
3936 4072 3994 4122 αἱ

2418 4185 2596 4253 χεῖρες
2613 4175 2792 4234 αὗται.
2809 4179 2986 4230 Πάντα
3001 4173 3250 4237 ὑπέδειξα
3267 4171 3416 4237 ὑμῖν,
3431 4168 3512 4220 ὅτι
3525 4165 3666 4218 οὓτω
3684 4163 3995 4225 κοπιῶντας

2417 4275 2499 4327 δεί
2512 4271 2693 4325 ἀντιλα
2704 4267 3003 4338 μόάνεσθαι
3017 4264 3121 4317 τῶν
3139 4257 3526 4321 ἀσθενούντων,
3553 4272 3656 4325 μνη
3665 4271 3788 4322 μονε
3799 4253 3910 4304 ύειν
3936 4271 3995 4304 τε

2419 4365 2529 4420 τῶν
2571 4363 2747 4431 λόγων
2783 4359 2878 4413 τοῦ
2918 4355 3124 4426 Κυρίου
3165 4351 3362 4422 Ἰησοῦ,
3395 4351 3474 4403 δτι
3508 4347 3670 4408 αὑτὸς
3704 4340 3826 4397 εἷπε
3849 4345 3997 4395 ’Μα-

2353 4478 2395 4533 D
2425 4456 2617 4526 κάριόν
2637 4455 2752 4506 εστι
2787 4449 2984 4522 μᾶλλον
3003 4446 3225 4507 διδόναι,
3260 4443 3293 4512 ἢ
3320 4439 3636 4510 λαμϐάνειν.
3671 4435 3784 4489 Καὶ
3818 4433 4000 4487 ταῦτα

2423 4545 2614 4610 εἰπὼν,
2669 4542 2783 4607 θεὶς
2835 4542 2902 4594 τά
2953 4537 3156 4608 γόνατα
3211 4531 3397 4598 αὑτοῦ,
3439 4529 3536 4583 σὺν
3594 4530 3759 4581 πᾶσιν
3806 4526 4000 4587 αὑτοῖς

2424 4635 2791 4708 προσηύξατο.

3034 4715 3412 4773 EPMHNEIA.

2497 4821 2764 4877 Ἐνταῦθα
2821 4815 3147 4888 χαρακτῆρα
3205 4808 3554 4869 διδασκαλίας
3606 4806 3872 4862 δείκνυσι.
3938 4805 4002 4856 τὸ

2427 4915 2679 4985 ᾶςιθονον,
2697 4911 2757 4965 τὸ
2782 4911 2975 4963 ἄοκνον
2997 4908 3137 4970 "pro
3161 4902 3442 4972 συμπαθὲς
3467 4900 3689 4970 (ἔπασχε
3719 4898 3826 4966 γάρ
3857 4898 4003 4965 ὑπὲρ

2427 5009 2534 5061 τῶν
2562 5002 2969 5074 ἀπολλυμένων,
3022 4998 3163 5067 ὑπὲρ
3196 4997 3303 5049 τῶν
3351 4990 3744 5060 ἀπολλύντων),
3791 4990 3890 5042 καὶ
3943 4991 4003 5040 τὸ

2428 5100 2681 5154 ταπεινὸν
2712 5096 2829 5166 (καὶ
2859 5095 2955 5162 οὑχ
2987 5090 3171 5151 ἁπλῶς
3195 5128 3211 5154 ,
3242 5085 3398 5149 ἀλλά,
3438 5103 3456 5135 ι
3497 5081 3633 5153 μετὰ
3684 5081 3866 5149 πάσης
3901 5097 4001 5131 τα-

2429 5187 2879 5258 πεινοφροσύνης,
2915 5203 2933 5236 ι
2982 5181 3137 5250 φησί·
3183 5176 3353 5231 πολλά
3380 5175 3487 5245 γάρ
3523 5174 3639 5243 εἴδη
3681 5171 3780 5239 τῆς
3810 5189 4006 5224 ταπεις

2426 5279 2757 5350 νοφροσύνης
2791 5293 2803 5305 ⁸
2864 5277 2920 5326 έν
2973 5273 3135 5342 λόγῳ,
3182 5273 3238 5322 έν
3281 5269 3446 5337 ιργῳ.
3495 5267 3630 5334 πρὸς
3704 5263 4000 5331 ἄρχοντας,

2427 5373 2563 5442 seps;
2620 5366 3003 5440 ἀρχομένους),
3038 5364 3132 5417 καὶ
3163 5361 3224 5414 τὸ
3269 5360 3335 5412 τὰ
3388 5355 3740 5426 συμφέροντα
3781 5353 4000 5420 λέγειν·

2427 5460 2492 5534 ἦν
2547 5463 2654 5533 γάρ
2704 5459 2922 5530 πρῶτον
2947 5458 2992 5489 ⁵⁸
3039 5455 3139 5508 οὑκ
3177 5451 3282 5506 ἔδει
3312 5447 3526 5522 μαθεῖν.
3560 5445 3774 5514 Ὠσπερ
3806 5445 3916 5514 γὰρ
3944 5445 4008 5497 τό

1915 5640 2116 5714 Varias
2147 5647 2449 5710 lectiones
2493 5648 2547 5706 et
2598 5650 2785 5702 notas.

840 5763 883 5788 “
912 5759 996 5811 ϊσ.
1041 5758 1255 5822 ἄογκον.
1335 5759 1376 5790 ⁵⁵
1409 5758 1467 5809 ἃ.
