4164 6444
211 403 339 467 lOl'i

839 406 1373 467 EXPi).~Tl'l‘lON|S
1408 405 1479 463 IN
1528 401 1709 461 ACTA
1750 398 2049 463 TEXTUS
2080 408 2353 470 ALTER.
2406 431 2467 443 “-
2492 408 2649 468 CAP.
2692 407 2818 467 XX.

3315 402 3448 468 1018

212 536 326 571 τινα
360 518 720 589 κρύπτεσθαι,
771 521 996 587 φθόνου⁸
1044 520 1188 575 οὕτω
1240 520 1331 575 καὶ
1369 520 1429 573 τὸ
1463 520 1569 571 πᾶν
1599 517 1778 584 λέγειν

1889 530 1973 572 res
2025 519 2222 575 fuisset
2279 520 2541 586 invidiae;
2594 521 2665 572 ita
2724 516 2908 572 omnia
2975 515 3195 579 dicere,
3252 514 3444 570 fuisset

207 614 413 677 αὐτοῖς,
456 612 658 675 ἀνοίας.
697 614 806 668 Καὶ
839 614 927 668 διὰ
959 614 1118 669 τοῦτο
1147 612 1455 684 προσέθηκε
1496 610 1599 665 τῶν
1638 625 1779 676 συμ-

209 706 485 775 ςερόντων
510 704 611 760 οὐκ
644 707 818 759 είπεῐν
864 706 1041 776 μόνον,
1090 705 1223 761 ἀλλά
1274 704 1367 758 καὶ⁸
1395 699 1623 767 διδάξαι.
1658 701 1780 754 Ἐν-

205 796 384 851 ταῦθα
430 799 511 860 είς
560 796 642 859 se,
697 817 715 851 s
750 798 1054 866 δεδεμένος,
1097 815 1116 851 ι
1154 796 1235 850 δεῖ
1270 793 1557 859 ὑποστίξαι
1594 834 1607 858 ,
1649 792 1775 861 Νὴ

203 887 413 941 διάνοια
443 888 668 958 τοιαύτη
690 904 703 918 ·
735 887 1044 959 Πορεύομαι
1090 887 1169 950 είς
1224 884 1605 956 Ἰερουσαλήμ·
1640 899 1775 952 προ·

204 982 370 1047 γνοὺς
404 978 492 1034 ara
539 978 635 1034 τοῦ
691 978 1007 1048 Πνεύματος
1051 977 1120 1033 τά
1170 978 1427 1048 έσόμενα,
1473 975 1778 1045 πορεύομαι

200 1070 427 1140 δέσμιος
463 1068 560 1125 ὧν.
589 1070 705 1125 Ἰνα
747 1070 804 1124 δι
837 1070 986 1140 δείξῃ
1030 1069 1112 1123 δτι
1154 1069 1316 1132 έκὼν,
1349 1066 1441 1121 καὶ
1480 1066 1601 1137 οὐχὶ
1630 1066 1779 1121 ἀκων

201 1162 529 1232 ἀπέρχεται,
582 1161 785 1232 φησιν’
832 1179 852 1215 ε
894 1161 1016 1215 ὀτι
1068 1161 1208 1215 κατά
1261 1160 1415 1214 πόλιν
1464 1160 1638 1230 δεσμά
1685 1158 1779 1211 καὶ

204 1252 417 1321 θλίψεις
466 1269 536 1322 με
586 1253 833 1322 μένουσι.
873 1270 892 1305 s
947 1282 1015 1296 —-
1067 1271 1086 1304 ι
1133 1252 1384 1321 Καθαρός
1431 1254 1567 1321 εἰμι,
1616 1250 1775 1321 φησι,

200 1342 312 1395 ἀπὸ
340 1340 437 1394 τοῦ
470 1340 704 1410 αἵματος
738 1342 980 1402 πάντων,
1013 1360 1032 1395 s
1077 1341 1126 1394 ει
1158 1341 1540 1407 νυστάξαντες,
1573 1338 1779 1394 ἀποθα-

204 1434 344 1485 νεῐτε
370 1432 439 1464 ⁸⁵·
477 1433 580 1486 ὑπὸ
608 1432 702 1486 τοῦ
758 1431 1018 1500 φονευτοῦ
1050 1433 1160 1488 τῶν
1187 1433 1393 1505 ψυχῶν.
1426 1432 1499 1486 Τδ
1526 1434 1633 1504 γὰρ
1679 1430 1777 1485 τοῦ

201 1522 555 1586 διδασκάλου,
605 1524 760 1593 φησὶ,
818 1523 1116 1594 πεποίηκα,
1165 1524 1225 1578 τὸ
1273 1525 1600 1593 ἀπαγγεῖλαι
1650 1524 1778 1595 ὑμίν

201 1612 304 1681 τὴν
333 1612 531 1683 βουλὴν
579 1612 673 1666 τοῦ
698 1611 856 1669 Θεοῦ.
893 1615 1033 1685 Ἀρα
1065 1616 1094 1667 ὀ
1137 1615 1210 1685 μὴ
1239 1615 1430 1682 λέγων,
1479 1613 1779 1678 ὑπεύθυνος

202 1704 297 1755 τοῦ
320 1703 553 1773 αἵματός
588 1705 724 1769 έστι,
767 1704 1015 1758 τουτέστι
1044 1704 1143 1771 τῆς
1182 1704 1399 1772 σφαγῆς
1428 1704 1628 1759 αὐτῶν.
1662 1704 1778 1757 Δεί-

203 1811 365 1847 κνυσι
394 1795 575 1848 τοίνυν
613 1796 696 1850 δτι
734 1796 997 1856 κάκεῖνοι,
1043 1795 1111 1849 ἀν
1146 1794 1220 1866 μὴ
1264 1794 1509 1859 ποιῶσιν,
1543 1794 1777 1847 ὑπεύθυ-

1880 612 2150 666 ιιιηοιιιῑω.
2173 612 2233 667 Et
2251 611 2371 667 ideo
2397 609 2601 665 addidit
2626 627 2638 665 :
2660 627 2678 660 ι
2707 608 2946 672 utilium,
2974 606 3264 676 quominus
3294 624 3312 658 ι
3339 622 3445 661 non

1878 700 2054 756 solum
2089 702 2348 768 dicerem,
2380 700 2474 758 sed
2511 720 2528 754 ι
2571 708 2625 756 et
2650 699 3063 755 doceretn.s-¢
3106 699 3395 768 Alligatus.
3423 716 3441 750 s

1883 795 1979 850 llic
2046 796 2113 851 ad
2195 811 2380 852 vocem
2434 795 2692 865 alligatus
2760 791 3260 863 interpungendum
3324 798 3444 855 est;

1879 888 2037 959 ,οι
2073 896 2130 942 ιιι
2160 888 2259 942 iste
2293 889 2361 944 sit
2401 903 2635 943 sensus:
2674 884 2822 941 Vado
2853 885 2907 939 in
2948 886 3277 950 Jerusalem,
3308 898 3445 953 prte-

1880 980 2071 1035 videns
2098 994 2193 1049 per
2227 978 2488 1049 Spiritum
2540 986 2788 1059 sanctum
2820 992 2940 1044 qua:
2991 987 3214 1032 ventura
3272 985 3399 1029 sunt
3429 1014 3443 1035 ,

1880 1072 2018 1124 vado
2054 1082 2234 1128 autem
2297 1072 2554 1142 alligatus
2586 1090 2598 1126 :
2639 1080 2808 1141 utque
2840 1068 3096 1125 ostendat
3145 1083 3204 1124 se
3227 1075 3444 1138 sponte.

1880 1172 1935 1217 et
1970 1179 2077 1218 non
2133 1164 2359 1218 invitum
2430 1162 2735 1227 discedere,
2802 1162 2995 1217 addit:
3039 1179 3057 1213 ι
3108 1161 3209 1216 l‘er
3256 1174 3448 1215 omnes

1881 1254 2126 1309 civitates
2154 1256 2368 1311 vincula
2407 1265 2457 1309 et
2492 1254 2878 1309 tribulatioues
2910 1268 2994 1308 me
3053 1257 3297 1305 manent.
3338 1268 3356 1302 s
3380 1277 3449 1289 -—

1886 1366 1903 1397 ε
1953 1344 2181 1401 Mundus
2214 1363 2357 1408 sinu.
2383 1346 2617 1416 inqniI,a
2648 1346 2912 1415 sanguine
2945 1344 3244 1410 omnium,»
3279 1341 3323 1395 si
3356 1356 3450 1395 vos

1881 1438 2289 1493 obdormientes
2314 1437 2639 1491 occidamini
2696 1437 2764 1489 ab
2825 1435 3173 1489 interfectore
3236 1434 3449 1487 anima-

1881 1546 2020 1584 rum.
2059 1530 2419 1600 Pra‘ceptoris
2454 1528 2598 1582 cnim
2626 1529 2776 1581 oneri
2813 1525 3050 1582 satisfeci
3073 1525 3451 1581 annuntiando

1882 1620 2037 1674 vobis
2095 1618 2392 1674 consilium
2457 1615 2576 1672 Dei.
2640 1613 2780 1685 Ergo
2811 1615 2900 1683 qui
2966 1630 3074 1669 non
3130 1614 3266 1669 dicit
3331 1629 3450 1683 quae

1881 1710 2059 1774 debet,
2091 1724 2216 1765 reus
2240 1695 2635 1777 est'sanguinis
2696 1722 2793 1761 seu
2823 1706 3011 1761 cadis.
3038 1707 3218 1771 Quare
3247 1706 3448 1768 innttit,

1886 1812 1940 1856 et
1974 1802 2123 1872 ipsos
2158 1801 2202 1855 si
2239 1816 2341 1854 non
2377 1800 2627 1863 fecerint,
2661 1813 2785 1854 reos
2818 1800 3034 1854 futuros
3086 1798 3289 1867 proprii
3324 1812 3450 1851 san-

202 1886 284 1937 νοί
324 1888 433 1939 εἱσι
480 1884 576 1939 τοῦ
611 1886 743 1941 ίδίου
786 1888 1040 1956 αἵματος.
1093 1888 1197 1941 Δύο
1230 1887 1561 1956 προστάσσει
1607 1888 1778 1940 ποιεῖν

1889 1893 2085 1963 guinis.
2119 1908 2141 1945 ι
2173 1888 2455 1947 Attcmllle
2501 1890 2655 1945 vobis
2703 1899 2757 1945 et
2791 1891 3046 1945 universo
3081 1889 3251 1961 gregi.
3288 1906 3306 1940 ι
3338 1887 3451 1941 Duo

204 1977 333 2037 τοὺς
379 1976 768 2040 διδασκάλουρ
824 1976 949 2030 οὔτε
999 1977 1107 2048 γὰρ
1147 1977 1210 2031 τὸ
1241 1978 1433 2048 έτέρου
1482 1975 1781 2045 κατορθοῦν

207 2069 395 2135 μόνον,
427 2068 537 2140 έχει
569 2068 757 2138 κέρδος
778 2086 791 2100 ·
829 2068 952 2122 οὔτε
983 2070 1044 2122 τὸ
1073 2069 1267 2123 έαυτοῦ
1304 2070 1463 2139 μόνον
1496 2069 1781 2138 έπιμελεῐ-

210 2159 363 2209 σθαι·
398 2159 426 2208 ὁ
459 2160 570 2228 γὰρ
598 2157 862 2220 τοιοῦτος,
896 2157 1173 2225 φίλαυτος.
1219 2159 1557 2229 Σημειωτέον
1586 2158 1665 2222 δὲ,
1697 2160 1781 2213 ὅτι

204 2246 297 2311 οὓς
369 2245 547 2301 ὀπίσω
599 2247 735 2318 φησι
787 2247 1217 2321 πρεσϐυτέρους,
1266 2243 1391 2321 [ὦδε
1449 2249 1782 2313 ἐπισκόπους

212 2339 405 2392 καλεῖ·
456 2340 597 2411 ἢτοι,
649 2339 734 2394 διά
782 2341 843 2395 τὸ
880 2342 1005 2404 τοὺς
1066 2341 1489 2414 πρεσϐυτέρους]
1538 2343 1784 2415 ἀνάγκην

211 2430 359 2500 έχειν
386 2431 712 2484 ἀποπτεύειν
734 2431 802 2486 τὰ
826 2433 924 2501 τῆς
952 2430 1279 2501 Ἐκκλησίας
1308 2434 1499 2501 λογικά
1534 2435 1780 2503 ποίμνια,

213 2520 288 2588 μή
325 2535 410 2579 τις
440 2518 639 2590 ἀσθενῆ
671 2522 738 2590 τῇ
782 2519 984 2583 “iam.
1023 2522 1098 2591 μή
1145 2538 1228 2585 τις
1278 2522 1521 2593 mea
1573 2521 1782 2593 διψᾷνῆ

211 2610 439 2679 ἐλέγχου
472 2608 615 2683 [καὶ]
646 2611 980 2681 έπιστροφῆς
1003 2612 1207 2665 δεῖται·
1241 2611 1273 2680 ἢ
1319 2612 1655 2676 έπισκόπους
1683 2607 1785 2666 ὦδε

208 2705 337 2766 τοὺς
380 2701 551 2765 δντως
606 2702 938 2766 έπισκόπους
996 2702 1169 2760 καλεῖ.
1205 2703 1318 2774 Τὴν
1368 2704 1524 2775 ῥίζαν
1571 2706 1788 2775 ἀναιρεῖ

209 2791 317 2845 τῶν
346 2792 557 2857 κακῶν,
584 2792 682 2863 τὴν
716 2792 1104 2864 φιλαργυρίαν.
1154 2794 1230 2847 Οὐ
1260 2793 1368 2863 γὰρ
1406 2793 1591 2857 ἀπλῶς
1628 2810 1783 2865 φησι,

210 2884 310 2937 οὐκ
338 2882 553 2948 έλαδον,
589 2883 732 2948 ἀλλ’,
766 2884 888 2938 οὐδε
921 2901 938 2937 ι
969 2883 1312 2953 έπεθύμησα.
1354 2904 1372 2937 ι
1409 2882 1541 2939 Εἶτα
1579 2880 1787 2939 δείκνυ-

213 2992 321 3038 σιν,
370 2975 455 3028 δτι
489 2974 693 3044 ἀληθὴς
755 2975 1092 3045 έλεημοσύνη
1141 2976 1206 3029 sx
1250 2974 1360 3028 τῶν
1408 2974 1554 3029 ίδίων
1606 2978 1788 3031 κόπων

214 3064 421 3135 ὀφείλει
467 3065 711 3133 τίνεσθαι
754 3065 868 3127 τοῖς
900 3064 1170 3119 ινδεέσιν·
1219 3063 1344 3118 έπεὶ
1388 3068 1452 3119 έκ
1505 3064 1613 3120 τῶν
1640 3067 1790 3122 ἀλλο-

1886 1983 2000 2038 haec
2056 1981 2379 2037 doctoribus
2438 1980 2735 2050 precipit:
2799 1994 2923 2035 nam
2980 1992 3190 2049 neque'
3226 1978 3451 2033 alterius

1887 2083 2097 2130 tantum
2130 2074 2337 2129 bonum
2366 2074 2646 2143 prosequi,
2687 2071 2821 2126 utile
2860 2080 2963 2137 est,
3000 2086 3172 2141 neque
3219 2068 3301 2125 sui
3330 2077 3451 2122 tan-

1887 2165 2168 2222 tummodo
2226 2178 2413 2218 curam
2463 2164 2697 2218 habere:
2766 2162 2892 2217 talis
2944 2163 3088 2216 enim
3142 2159 3227 2217 sui
3282 2159 3454 2229 ipsius

1886 2264 2096 2309 amator
2121 2250 2497 2308 tantummodo
2530 2258 2634 2306 est.
2679 2249 3064 2305 Aduotsndum
3119 2265 3271 2312 vero,
3305 2248 3451 2318 quod

1885 2359 2002 2408 eos,
2034 2358 2172 2414 quos
2195 2357 2361 2414 supra
2426 2344 2773 2413 presbyteros
2804 2342 2960 2403 dixit,
2988 2356 3130 2395 nunc
3168 2340 3456 2410 episcopos

1887 2453 1981 2492 seu
2014 2438 2359 2505 inspectores
2408 2436 2666 2505 appellet,
2703 2436 2781 2490 vel
2828 2435 2954 2502 quia
2988 2448 3213 2489 necesse
3258 2442 3362 2495 est,
3398 2439 3456 2485 ut

1888 2526 2190 2598 presbyteri
2242 2526 2527 2581 attendant
2580 2539 2748 2593 supra
2787 2524 3093 2579 rationales
3142 2537 3355 2593 greges,
3390 2537 3457 2575 ne

1887 2620 2011 2689 quis
2046 2620 2129 2673 vel
2158 2618 2412 2674 infirmus
2469 2618 2540 2673 sit
2574 2616 2698 2682 fide,
2749 2615 2833 2671 vel
2897 2614 3128 2678 esuriat,
3178 2614 3260 2669 vel
3282 2613 3456 2676 sitiat,

1888 2709 1974 2763 vel
2045 2706 2473 2777 reprehensione
2531 2714 2585 2761 et
2627 2706 2970 2761 correctione
3024 2704 3262 2774 indigeat
3316 2721 3327 2756 :
3374 2704 3457 2757 vel

1890 2799 2182 2869 episcopos
2239 2797 2346 2864 bic,
2402 2797 2494 2867 qui
2573 2812 2700 2851 vero
2765 2795 3008 2866 episcopi
3065 2805 3215 2859 sunt,
3274 2804 3457 2850 vocat.

1894 2909 1913 2943 ι
1950 2891 2244 2960 Argentum
2276 2898 2330 2943 et
2373 2902 2593 2943 aurum.
2632 2906 2650 2939 s
2688 2885 2943 2942 Itatlicem
2972 2887 3243 2943 esscindit
3290 2886 3459 2939 malo-

1891 2995 2035 3044 rum,
2066 2994 2261 3047 nempe
2294 2977 2623 3033 avaritiam:
2672 2991 2849 3045 neque
2906 2975 3051 3030 enim
3110 2976 3459 3031 solummodo

1890 3072 2044 3137 dicit,
2077 3085 2185 3125 non
2207 3071 2413 3139 accepi,
2449 3070 2565 3133 sed,
2590 3083 2767 3137 neque
2793 3068 3166 3122 «desideravi.
3199 3086 3217 3119 s
3260 3066 3462 3122 Deinde

217 3158 384 3228 τρίων
412 3155 633 3220 διδόναι,
666 3156 727 3209 οὐ
768 3156 954 3211 καλόν.
991 3151 1122 3210 Εἶτα
1154 3156 1249 3211 καὶ
1276 3157 1470 3228 χρῆσιν
1508 3159 1587 3223 είς
1621 3175 1786 3214 κατα-

1894 3165 2052 3218 docet
2085 3176 2269 3216 veram
2322 3162 2728 3230 eleemosynam
2770 3173 2836 3212 ex
2894 3159 3127 3228 propriis
3182 3158 3463 3212 laboribus

218 3248 419 3320 σκευὴν
458 3248 650 3302 τούτου
681 3247 767 3301 διά
795 3250 978 3317 φωνῆς
1013 3248 1109 3301 τοῦ
1144 3248 1351 3320 Κυρίου
1405 3250 1657 3321 εἰρῆσθαί
1688 3268 1793 3321 φη·

218 3357 344 3405 σιν,
377 3341 517 3409 δπερ
562 3336 656 3393 νῦν
703 3340 802 3408 οὐχ
855 3337 1086 3408 εὓρηται
1135 3341 1193 3393 έν
1239 3340 1470 3411 Γραφῇ,
1524 3341 1616 3394 καὶ
1665 3342 1793 3407 ἴσως

214 3430 482 3503 ἀγράφως
530 3429 851 3500 παρέξωκαν
894 3432 941 3484 ei
969 3431 1259 3484 ἀπόστολοι
1284 3447 1297 3463 ·
1333 3431 1364 3501 ἢ
1404 3432 1463 3497 ιε
1510 3426 1586 3487 ὧν
1618 3435 1685 3489 ἀν
1710 3452 1795 3498 τις

218 3523 597 3591 συλλογίσαιτο
643 3523 868 3577 δυνατὸν
917 3523 1171 3594 είρῆσθαι
1226 3523 1293 3578 δι’
1345 3525 1549 3596 έτέρων
1597 3526 1795 3593 λέξεων

216 3614 377 3670 τοῦτο
428 3614 724 3684 δηλουσῶν.
762 3614 837 3669 οὐ
869 3613 1027 3667 τοῦτο
1065 3614 1121 3668 δέ
1167 3629 1353 3685 φησιν,
1407 3616 1490 3670 ὅτι
1537 3619 1705 3673 κακὸν
1735 3620 1796 3672 τὸ

219 3706 520 3776 λαμϐάνειν
551 3706 644 3759 καὶ
678 3704 1041 3776 μεταδιδόναι,
1070 3705 1206 3759 ἀλλά
1237 3705 1448 3775 βέλτιον
1490 3709 1552 3761 τὸ
1582 3711 1655 3779 μὴ
1698 3710 1793 3764 λα-

218 3796 366 3851 δεῐν·
423 3796 581 3851 τοῦτο
626 3796 733 3866 γὰρ
785 3796 1129 3866 συμπαθείας
1160 3796 1260 3866 τῆς
1303 3799 1437 3868 πρὸς
1471 3801 1597 3864 τοὺς
1633 3801 1800 3857 ἀσθεο

220 3890 353 3953 νεῐς.
389 3887 544 3941 Ἐστι
570 3887 752 3941 τοίνυν
786 3886 1003 3957 πρῶτος
1031 3886 1261 3958 βαθμδς,
1306 3889 1458 3960 ῥίψαι
1491 3890 1562 3945 τὰ
1588 3892 1758 3947 αὐτοῦ
1782 3908 1796 3924 ⁸

216 3980 494 4052 δεύτερος,
528 3976 705 4046 δαυτῷ
737 3978 1001 4048 έπαρκείν
1025 3992 1039 4008 ⁸
1074 3978 1277 4050 τρίτος,
1319 3979 1381 4033 τδ
1409 3983 1504 4035 καὶ.
1546 3982 1755 4054 έτέροις
1779 4002 1793 4017 ο

1898 3252 2208 3310 faciendam
2241 3266 2392 3316 esse;
2442 3249 2890 3320 quandoquidem
2947 3264 3011 3303 es
3045 3250 3239 3303 alienis
3307 3249 3460 3313 dare,

1895 3346 2040 3404 baud
2072 3347 2275 3401 bomnn
2322 3352 2405 3398 est
2449 3342 2585 3411 (56).
2626 3340 2828 3396 Deinde
2877 3341 2929 3394 in
2962 3340 3123 3408 hujus
3159 3341 3233 3394 rei
3266 3342 3459 3395 contir-

1895 3440 2191 3495 niatlonem
2223 3434 2509 3491 oraculum
2549 3432 2762 3486 Domini
2820 3431 3047 3502 profert,
3102 3430 3251 3501 quod
3305 3430 3466 3484 modo

1894 3532 2119 3602 quidem
2157 3530 2213 3585 in
2262 3528 2549 3597 Scriptura
2607 3541 2712 3581 non
2757 3523 3067 3595 reperitur;
3123 3533 3178 3579 et
3231 3522 3468 3579 fortasse

1897 3622 2032 3678 illud
2068 3621 2278 3690 absque
2313 3620 2521 3688 scripto
2549 3616 2826 3672 tradidere
2857 3615 3128 3685 apostoli:
3168 3615 3249 3670 vel
3295 3616 3470 3668 ratio-

1896 3712 2134 3770 cinando
2183 3711 2442 3779 colligere
2513 3710 2639 3778 quis
2707 3716 2902 3776 potest,
2948 3705 2999 3760 id
3056 3705 3265 3760 dictum
3321 3720 3466 3766 esse.

1897 3803 2021 3859 aliis
2054 3802 2237 3858 verbis
2271 3801 2372 3855 boe
2398 3798 2539 3855 idem
2572 3798 3027 3867 signiﬁcantibus.
3058 3794 3175 3851 Non
3216 3797 3288 3850 ait
3314 3811 3466 3860 vero,

1903 3893 2106 3951 malum
2142 3907 2265 3949 esse
2298 3891 2570 3961 accipere,
2598 3897 2653 3945 et
2685 3889 2765 3944 sic
2793 3890 2917 3943 aliis
2940 3888 3071 3944 dare
3101 3904 3117 3951 ;
3149 3887 3243 3944 sed
3276 3889 3470 3942 melius

1901 3999 2023 4042 esse
2062 3999 2169 4039 non
2209 3984 2497 4052 accipere:
2537 3982 2639 4035 hoc
2668 3982 2811 4035 enim
2863 3989 2944 4036 est
2980 3979 3472 4036 commiserationis

220 4074 504 4143 τέταρτος,
559 4070 619 4125 τὸ
648 4069 742 4123 καὶ
786 4068 1130 4139 κηρύττοντα
1177 4070 1273 4124 καὶ
1322 4071 1569 4136 έξουσίαν
1601 4075 1786 4145 έχοντα

1902 4092 2034 4147 erga
2069 4076 2339 4131 inllrmos.
2376 4072 2594 4127 Primus
2620 4072 2786 4141 igitur
2834 4070 3040 4142 gradus
3092 4070 3473 4140 (perfectionis

220 4161 543 4233 λαμϐάνειν,
577 4159 652 4230 μὴ
686 4158 1009 4229 λαμδάνειν.
1040 4158 1203 4214 ’Ὥστε
1248 4159 1383 4214 πολὺ
1413 4162 1523 4218 τῶν
1552 4165 1786 4237 ἀκτημό-

1904 4170 2009 4226 hac
2049 4170 2102 4224 in
2144 4168 2224 4237 re)
2254 4175 2335 4222 est
2371 4180 2469 4221 sua
2520 4164 2793 4234 alijicere;
2834 4162 3129 4228 secundus,
3177 4164 3277 4217 sibi
3314 4163 3471 4217 suni-

221 4272 327 4308 νων
355 4253 502 4307 οὕτω
524 4252 571 4285 ⁸⁸
602 4248 823 4322 βελτίων
857 4248 974 4303 έστί
995 4249 1063 4305 ⁸⁷.

1904 4276 2068 4326 cere;
2132 4258 2352 4321 tertius,
2402 4263 2457 4311 et
2506 4255 2633 4310 aliis
2690 4254 3149 4319 subministrare;
3209 4265 3442 4323 quartus

219 4346 386 4403 etiam
453 4343 886 4417 pmdicatorem,
953 4349 1008 4399 et
1066 4341 1158 4413 qui
1216 4342 1381 4400 habet
1454 4355 1778 4417 potestatem
1820 4352 2145 4425 accipiendi,
2198 4367 2304 4405 nou
2367 4349 2637 4418 accipere.
2696 4346 2875 4413 Quare
2942 4345 3141 4400 Paulus
3229 4342 3320 4412 iis,
3380 4335 3471 4416 qui

222 4456 333 4497 aen
372 4438 679 4512 possident,
710 4438 888 4492 multo
912 4434 1104 4491 melior
1123 4443 1265 4493 erat.

822 4528 1211 4584 mmmam.
1832 4554 1875 4610 υ

304 4620 517 4684 Ἱκανὸς
546 4618 604 4675 δι
640 4617 922 4690 κλαυθμὸς
948 4620 1164 4687 έγένιτο
1201 4619 1437 4686 πάντων,
1487 4623 1584 4676 καὶ
1611 4625 1804 4681 ιπιπε.

2542 4531 2842 4587 TEXTUS.

1973 4629 2199 4695 XX,37,
2220 4626 2289 4681 38
2314 4624 2490 4692 ;XXI,
2529 4625 2641 4682 1-8.
2673 4623 2898 4693 Magnus
2921 4628 3099 4675 autem
3128 4620 3283 4673 fletus
3305 4618 3479 4675 factus

225 4714 409 4775 σόντις
428 4713 520 4767 esst
532 4711 898 4783 τδντράχηλον
920 4710 1011 4764 τοῦ
1031 4710 1599 4783 Παύλου,κατεφίλουν
1615 4719 1780 4773 αὑτὸν

1898 4731 1983 4777 est
1995 4720 2264 4782 onmium,
2284 4727 2339 4773 et
2358 4719 2779 4787 procumbentes
2800 4730 2962 4782 supra
2977 4714 3177 4769 collum
3201 4712 3371 4779 Pauli,
3392 4729 3480 4769 os-

221 4806 551 4875 ὀδυνώμενοι
609 4803 843 4874 μάλιστα
861 4804 953 4855 ιπὶ
978 4802 1056 4871 τῷ
1082 4802 1243 4871 λόγῳ,
1265 4795 1310 4871 ᾧ
1347 4804 1580 4876 είρήκει,
1604 4808 1687 4863 δτι
1705 4812 1786 4865 oin

1899 4811 2380 4875 culabantnreum,
2395 4809 2641 4865 dolentes
2656 4808 2890 4861 maxime
2907 4808 2958 4859 in
2976 4806 3161 4871 verbo,
3176 4808 3319 4875 quod
3332 4806 3481 4860 dise-

223 4902 304 4951 έτι
324 4894 580 4967 μέλλουσι
609 4893 969 4963 τδπρόσωπον
987 4892 1151 4947 αὑτοῦ
1178 4892 1420 4965 θεωρεῖν.
1444 4896 1786 4968 Προέπεμποι

1902 4911 2008 4968 rat,
2044 4903 2304 4971 quoniam
2326 4899 2560 4969 anqlius
2586 4899 2777 4953 faciem
2797 4897 2917 4966 ejus
2943 4912 3049 4949 non
3068 4904 3255 4951 essent
3276 4894 3478 4959 visuri;

224 4990 280 5043 at
297 4988 463 5043 αὑτὸν
488 4987 568 5050 εις
583 4984 644 5039 sb
665 4986 867 5041 πλοῖον.
898 4983 986 5048 Ὠς
1015 4984 1071 5039 δι
1092 4985 1306 5053 έγένετο
1325 4986 1627 5059 ἀναχθῆναι
1652 4992 1786 5060 ἡμᾶς

1900 5002 1955 5049 et
1970 4993 2311 5048 deducebant
2325 5005 2448 5045 eum
2462 4990 2526 5043 ad
2547 5005 2758 5043 navem.
2776 4988 2909 5041 (lum
2929 4994 3106 5042 autem
3128 4986 3325 5039 factum
3341 4996 3484 5040 esset

226 5076 680 5136 ἀποσπασθέντας
700 5074 795 5129 ἀπ’
812 5074 1014 5138 αὐτῶν,
1030 5074 1531 5147 εὐθυδρομήσαντες
1564 5079 1786 5149 ﬁmo-pm

1904 5093 1963 5138 ιιι
1984 5083 2365 5152 navigaremus
2384 5079 2636 5133 abstracti
2658 5079 2725 5132 ab
2743 5078 2844 5143 eis,
2860 5085 3011 5131 recto
3035 5092 3200 5130 cursu
3234 5076 3483 5129 venimus

226 5171 306 5232 εἰς
322 5168 422 5233 τὴν
440 5165 556 5221 Κῶο
577 5167 642 5236 τῇ
662 5164 718 5220 ιι
737 5164 860 5234 ἑξῆς
878 5167 956 5228 είς
977 5164 1293 5235 τὴνῬόδον,
1316 5167 1573 5222 κάκεῖθεν
1587 5170 1667 5234 είς
1693 5170 1806 5225 Πά-

226 5274 404 5330 ταρα’
458 5257 553 5312 καὶ
607 5258 858 5327 εὑρόντες
909 5257 1093 5310 πλοῖον
1132 5257 1404 5329 διαπερῶν
1421 5261 1511 5324 είς·
1532 5262 1807 5334 Φοινίκην,

229 5350 522 5412 έπιδάντες
536 5347 1269 5419 ἀνήχθημεν.Ἀναφανέντες
1282 5348 1338 5402 δι
1350 5351 1430 5412 είς
1444 5350 1511 5420 τὴ
1526 5367 1543 5401 δ
1562 5351 1806 5423 Κύπρον,

231 5445 329 5499 καὶ
388 5439 780 5504 καταλιπόντες
831 5440 1004 5511 αὐτὴν
1049 5437 1365 5512 εὐώνυμον,
1418 5440 1685 5513 επλέοριεν
1724 5445 1805 5508 si;

1910 5172 2105 5240 Coum,
2134 5184 2187 5229 et
2217 5172 2467 5241 sequenti
2491 5174 2577 5224 die
2598 5170 2847 5225 Rhodum
2876 5179 2929 5224 et
2959 5169 3086 5223 inde
3110 5167 3384 5222 Pataram.
3416 5165 3481 5219 Et

1909 5280 2037 5319 cum
2070 5266 2470 5319 invenissemus
2493 5262 2654 5332 292
2708 5277 2900 5316 navem
2948 5258 3389 5313 transfretantem
3424 5257 3476 5311 in

1908 5355 2219 5412 l’ltmnicem
2254 5397 2267 5421 ,
2304 5355 2661 5410 ascendentes
2694 5353 3093 5423 navigavimus.
3144 5352 3281 5406 Cum
3317 5364 3479 5418 appa.

1912 5447 2224 5502 rnissemus
2281 5455 2461 5499 autem
2522 5445 2721 5517 Cypro,
2796 5442 3167 5513 relinquentes
3240 5456 3355 5495 cam
3409 5440 3477 5493 ad

1398 5550 1597 5612 Varia;
1620 5548 1931 5615 lectiones
1963 5560 2024 5615 et
2072 5560 2262 5615 notua.

302 5632 370 5664 ³³⁸
406 5626 738 5697 ἀποθάνητε.
776 5625 822 5659 ⁸⁸
841 5620 1015 5690 οὗτος.
1091 5627 1137 5661 ’τ
1164 5622 1252 5697 ἦν.

303 5722 419 5790 (δι)
456 5718 880 5802 Cirrysostomus
920 5723 1122 5779 liabet:
1160 5724 1234 5778 Οὔ
1291 5722 1449 5793 μόνον
1498 5722 1557 5779 οὐ
1591 5722 1772 5791 καλὸν,

1889 5725 1946 5781 λὰ
1970 5729 2061 5782 καὶ
2090 5726 2416 5800 έπισφαλὲς,
2469 5742 2573 5781 non
2604 5724 2756 5780 modo
2808 5741 2911 5780 non
2947 5723 3137 5779 bonum
3218 5729 3318 5785 est,
3383 5719 3478 5773 sed

234 5796 394 5849 etiam
428 5790 799 5861 periculosum.
