4164 6444
699 390 839 455 1019

1543 386 2124 447 THEOPHYLACTI
2172 385 2269 445 BU
2282 384 2417 443 LGA
2429 386 2580 445 lim-3
2617 386 2972 446 ARCHIE-P.

3808 384 3949 452 1020

693 507 995 567 sinistram,
1054 503 1428 573 navigavimus
1475 500 1529 554 in
1586 500 1843 571 Syriam,
1906 510 1961 556 et
2012 504 2263 555 venimus

2371 500 2591 571 Συρίαν,
2626 501 2718 553 καὶ
2751 494 3108 569 κατήχθημεν
3143 499 3220 562 εἱς
3266 499 3479 568 Τύρον
3529 502 3713 553 ἐκεῖσε
3748 504 3859 570 γὰρ
3881 508 3951 572 ἠν

692 597 930 669 Tyrum:
994 596 1067 651 ibi
1123 596 1267 649 enim
1320 594 1473 647 navis
1527 594 1845 663 expositura
1915 602 2038 648 erat
2083 609 2254 647 onus.

695 692 937 748 Inventis
987 700 1168 746 autem
1224 691 1530 760 discipulis,
1585 691 1891 745 mansimus
1939 690 2012 745 ibi
2070 690 2264 747 diebus

694 795 940 855 septem:
1000 783 1097 853 qui
1159 782 1330 837 Paulo
1384 783 1638 836 dicebant
1692 799 1790 853 per
1843 783 2136 853 Spiritmn,
2194 801 2263 840 ne

695 875 1012 929 ascenderet
1039 873 1457 942 Jerosolymam.
1492 874 1559 927 Et
1591 874 1850 944 perfectis
1884 875 2106 939 diebus,
2136 892 2265 946 pro-

698 967 823 1018 fecti
886 964 1124 1027 ibamus,
1181 962 1576 1017 deducentibus
1655 980 1756 1018 nos
1820 965 2079 1019 omnibus
2135 981 2260 1020 cum

698 1056 963 1110 uxoribus
998 1064 1052 1109 et
1084 1056 1210 1109 ﬁliis
1242 1036 1416 1124 usque
1442 1054 1592 1109 foras
1627 1056 1903 1110 civitatem
1930 1075 1944 1123 ;
1975 1067 2029 1112 et
2070 1058 2264 1127 positis

696 1146 927 1214 genibus
960 1145 1013 1198 in
1044 1146 1245 1206 littore,
1287 1144 1588 1198 oravimus.
1631 1144 1693 1197 Et
1754 1160 1878 1197 cum
1913 1144 2267 1200 valefecisse-

696 1254 817 1291 mus
846 1240 1107 1299 invicem,
1147 1237 1496 1291 ascendimus
1521 1252 1735 1300 navem,
1761 1237 1833 1289 illi
1886 1245 2066 1291 autem
2091 1239 2265 1292 redic-

696 1340 823 1381 runt
857 1330 910 1382 in
939 1344 1058 1382 sua.
1092 1328 1203 1383 Nos
1233 1344 1365 1382 vero
1400 1329 1747 1397 navigatione
1786 1330 2023 1398 expleta,
2063 1346 2090 1383 a
2116 1330 2262 1400 Tyro

694 1418 1077 1472 descendimus
1130 1418 1539 1481 Ptolemaidam,
1599 1427 1654 1471 et
1686 1418 1941 1473 salutatis
1976 1420 2263 1485 fratribus,

695 1510 1001 1563 mansimus
1027 1509 1115 1564 die
1142 1523 1245 1562 una
1278 1507 1420 1576 apud
1452 1508 1593 1562 illos.
1626 1508 1744 1562 Alia
1797 1520 1981 1566 autem
2008 1511 2121 1577 die,

1197 1771 1768 1828 COMMENTARIUS.

770 1881 789 1913 ε
819 1861 956 1916 Cum
1008 1862 1414 1919 invenissemus
1451 1864 1651 1917 navim.
1696 1884 1714 1916 ι
1760 1862 1874 1918 Hoc
1926 1866 2154 1934 perinde
2179 1876 2263 1921 est
2296 1846 2337 1901 Β

694 1969 757 2008 ac
790 1956 833 2008 si
852 1953 1086 2011 diceret:
1117 1954 1254 2009 Cum
1289 1972 1396 2009 non
1431 1958 1803 2011 inveniremus
1836 1957 2015 2010 navim
2057 1956 2265 2012 abeun-

697 2055 803 2098 tem
838 2046 1166 2110 Caesaream,
1200 2047 1292 2100 scd
1326 2048 1377 2099 in
1405 2048 1745 2111 Plioenicem,
1777 2049 1952 2116 ipsam
1998 2063 2266 2104 conscen-

696 2138 880 2193 dimus
907 2180 920 2201 ,
943 2154 1006 2191 ac
1039 2138 1275 2206 Cyprum
1297 2137 1621 2207 reliquimus
1639 2148 1692 2192 ct
1720 2139 1931 2208 Syriam
1963 2141 2096 2208 (35).
2123 2143 2261 2196 lllud

695 2229 839 2280 enim
883 2246 897 2281 :
931 2246 950 2278 ι
985 2229 1354 2297 relinquentes
1385 2244 1506 2282 eam
1530 2230 1592 2281 ad
1624 2231 1924 2294 sinistram,
1960 2250 1980 2282 ι
2008 2248 2116 2285 non
2146 2235 2264 2288 sine

695 2334 863 2373 causa
897 2321 1104 2374 dictum
1165 2328 1279 2383 est;
1323 2321 1416 2375 sed
1458 2322 1716 2388 quoniam
1771 2324 2060 2390 nequidem
2094 2341 2263 2397 prope

697 2413 761 2463 ad
817 2411 1027 2481 Syriam
1081 2413 1341 2466 accedere
1403 2411 1738 2466 festinabant
1790 2414 1923 2483 (56).
1983 2413 2263 2470 Venerunt

697 2500 877 2568 itaque
917 2502 970 2554 in
1026 2500 1267 2571 Lyciam,
1320 2514 1373 2557 et
1437 2504 1626 2556 relicta
1681 2503 1881 2574 Cypro,
1940 2509 2264 2577 navigarunt

696 2590 930 2661 Tyrum:
970 2592 1043 2645 ibi
1096 2593 1241 2646 enim
1290 2594 1565 2662 navigium
1593 2611 1735 2650 onus
1782 2612 1942 2650 suum
1986 2598 2260 2667 deposuit.

701 2700 719 2731 ε
755 2682 818 2735 Et
845 2683 1123 2748 perlectis,
1164 2704 1181 2735 ι
1213 2685 1264 2738 id
1320 2699 1404 2740 est
1422 2688 1654 2754 expletis
1691 2707 1709 2738 ι
1738 2690 1953 2752 diebus,
1991 2708 2009 2741 ι
2072 2707 2267 2761 nempe

696 2775 957 2839 statutis;
991 2776 1093 2829 boc
1150 2783 1233 2831 est
1271 2788 1393 2845 post
1432 2779 1549 2831 dies
1601 2779 1960 2849 Azymorum,
1993 2792 2262 2837 venerunt

696 2866 963 2922 Troadem
991 2868 1185 2924 diebus
1214 2870 1478 2939 quinque.

1262 2962 1493 3017 CAPUT
1532 2961 1702 3016 XXX.

695 3050 865 3120 Agabi
890 3050 1163 3120 prophetia
1185 3052 1249 3107 de
1280 3055 1345 3107 iis
1377 3070 1493 3124 quae
1524 3066 1776 3111 eventura
1807 3069 1959 3114 erant
2002 3058 2177 3115 Paulo
2210 3065 2264 3117 in

1320 3147 1641 3204 Jerusalem.

1015 3238 1173 3294 Feria
1213 3242 1246 3293 2
1280 3240 1633 3305 Ιιοιιάοηιοιιτιξ
1674 3244 1943 3311 septimm.

1329 3330 1632 3387 ’l‘EXTUS.

763 3420 906 3487 XXI,
926 3421 1078 3475 8-H.
1101 3421 1954 3485 Profecti,venimusCmsarcam.
1975 3426 2039 3479 Et
2059 3429 2269 3482 intran-

694 3514 1005 3568 t-sdomum
1023 3513 1253 3583 Philippi
1268 3515 1631 3584 evangelistze,
1653 3518 1743 3584 qui
1762 3526 1879 3571 erat
1899 3536 2038 3574 unus
2058 3522 2125 3574 de
2142 3536 2264 3587 sepe

697 3615 828 3667 t'm,
852 3606 1151 3659 mansimus
1181 3607 1320 3673 apud
1343 3620 1487 3659 eum.
1514 3606 1649 3661 Huic
1669 3619 2016 3664 autc-merant
2034 3621 2269 3679 quatuor

703 3696 823 3749 tilize
867 3695 1107 3763 virgines
1167 3756 1177 3764 ,
1233 3698 1572 3765 uplzetantcs.
1624 3700 1686 3753 Et
1745 3716 1867 3755 cum
1928 3718 2268 3757 moraremur

700 3801 792 3852 per
818 3786 934 3840 dies
965 3787 1195 3855 aliquot,
1252 3791 1569 3856 supervenit
1595 3790 1818 3858 quidam
1857 3807 1886 3845 a
1915 3792 2099 3848 Judzea
2139 3810 2262 3864 pro-

701 3878 885 3944 pbcta,
945 3880 1167 3931 nomine
1203 3879 1441 3948 Agabus.
1498 3879 1548 3934 Is
1604 3896 1728 3934 cum
1763 3884 2003 3937 venisset
2048 3885 2114 3937 ad
2143 3901 2266 3950 nos,

699 3967 1033 4020 tulitzonam
1068 3965 1243 4031 Pauli,
1277 3977 1331 4021 et
1358 3968 1589 4037 alligans
1626 3971 1729 4024 sibi
1779 3973 1943 4041 pedes
1989 3973 2149 4043 293
2212 3985 2267 4030 et

699 4074 915 4116 manus.
951 4058 1122 4111 dixit:
1154 4056 1279 4111 Haec
1308 4058 1440 4112 dicit
1494 4060 1732 4128 Spiritus
1767 4072 2028 4117 sanctus:
2079 4065 2265 4119 Virum

697 4149 858 4214 (tljlts
884 4157 969 4202 est
1030 4163 1167 4201 zona
1217 4148 1353 4213 haec,
1387 4149 1469 4202 sic
1505 4152 1810 4220 alligabunt
1859 4154 1912 4207 in
1960 4151 2265 4210 Jerusalem

698 4238 889 4302 Jubei,
916 4248 978 4291 .et
1034 4237 1253 4291 tradent
1285 4240 1338 4291 in
1374 4255 1568 4294 manus
1609 4244 1874 4310 gentium.
1946 4242 2100 4307 Quod
2142 4262 2265 4299 cum

699 4332 1086 4393 audissemus,
1139 4329 1464 4400 rogabamns
1547 4348 1648 4387 nos
1708 4343 1761 4388 et
1819 4335 1912 4402 qui
1969 4336 2070 4389 loci
2123 4338 2269 4393 illius

698 4429 876 4487 erant,
912 4438 980 4476 ne
1010 4424 1329 4475 ascenderet
1358 4421 1778 4492 Jerosolymam.
1806 4424 1959 4480 Tunc
1987 4427 2268 4495 respondit

2366 590 2427 643 τὺ
2464 590 2646 642 πλοῖον
2681 591 3185 660 ἀποφορτιζόμενον
3230 590 3322 643 τὸν
3369 590 3564 659 γόμον.
3597 592 3947 662 ’Δνευρόντες

2365 682 2421 734 δὲ
2449 680 2576 742 τοὺς
2603 679 2871 749 μαθητὰς,
2894 679 3268 748 ἐπεμείναμεν
3298 680 3484 741 αὐτοῖς
3512 678 3728 750 ἡμέρας
3767 681 3935 733 ἑπτά.

2368 772 2580 833 Οῖτινες
2628 769 2813 837 ἔλεγον
2865 771 2942 839 τῷ
2998 770 3198 839 Παύλῳ
3245 771 3336 822 διὰ
3374 770 3469 823 τοῦ
3518 771 3836 840 Πνεύματος
3870 774 3946 842 μὴ

2365 860 2666 915 ἐπιϐαίνειν
2717 863 2799 925 είς
2833 860 3205 930 Ἱεροσόλυμα.
3242 862 3372 913 Ὅτε
3426 860 3484 913 δέ
3526 862 3753 928 ἐγένετο
3794 863 3947 930 ἡμᾶς

2366 949 2648 1018 ἐξαρτίσαι
2674 951 2765 1012 τὰς
2796 951 3027 1019 ἡμέρας.
3062 950 3369 1015 ἐξελθόντες
3392 950 3790 1021 ἐπορευόμεθα,
3814 967 3951 1021 προ-

2367 1041 2695 1110 πεμπόντων
2744 1043 2892 1111 ἡμᾶς
2938 1043 3158 1097 πάντων
3191 1043 3290 1095 σὺν
3325 1043 3543 1111 γυναιξὶ
3594 1045 3686 1096 καὶ
3731 1044 3948 1106 τέκνοις

2365 1131 2467 1195 ἓως
2504 1131 2609 1196 ἔξω
2628 1132 2731 1203 τῆς
2754 1132 2963 1198 πόλεως
2987 1151 3001 1166 ο
3047 1137 3142 1189 καὶ
3178 1135 3369 1197 θέντες
3397 1136 3465 1188 τὰ
3493 1138 3697 1203 γόνατα
3722 1135 3816 1187 ἐπὶ
3855 1136 3948 1188 τὸν

2367 1224 2634 1295 αἰγιαλὸν,
2664 1224 3107 1296 προσηυξάμεθα.
3140 1228 3250 1278 Καὶ
3278 1227 3657 1294 ἀσπασάμενοι
3684 1227 3947 1295 ἀλλήλους

2367 1315 2641 1384 ἁνέϐημεν
2670 1316 2751 1378 είς
2781 1317 2842 1369 τὸ
2872 1319 3053 1371 πλοῖον
3073 1333 3091 1350 ο
3126 1317 3326 1371 ἐκεῖνοί
3364 1334 3424 1371 τε
3469 1318 3822 1387 ὑπέστρεψαν
3866 1321 3949 1380 είς

2365 1408 2433 1459 τὰ
2484 1407 2610 1460 ἴδια.
2656 1410 2847 1477 ’Ῑὶμεῖς
2890 1409 2946 1461 δὲ
2987 1410 3079 1462 τὸν
3116 1410 3284 1463 πλοῦν
3310 1410 3663 1472 διανύσαντες
3691 1411 3803 1463 ἀπὺ
3843 1411 3949 1462 Τύ-

2371 1516 2485 1566 ρου,
2518 1501 2942 1570 κατηντήσαμεν
2970 1503 3049 1564 είς
3083 1502 3459 1573 Πτολεμαῖδαο
3489 1502 3584 1555 καὶ
3609 1503 3947 1571 ἀσπασάμε-

2366 1610 2447 1644 νοι
2495 1593 2621 1658 τοὺς
2662 1594 2955 1659 ἀδελφοὺς,
3005 1595 3308 1664 ἐμείναμεν
3362 1595 3582 1665 ἡμέραν
3636 1596 3768 1663 μίαν
3816 1597 3947 1667 παρ’

2368 1685 2568 1747 αὐτοῖς.
2602 1685 2681 1753 Τῇ
2720 1683 2774 1736 δὲ
2809 1686 3093 1754 ἐπαύριον,

2976 1776 3360 1828 ΕΡΜΙΙΝΕΙΑ.

2441 1867 2505 1917 Ὀ
2534 1864 2681 1932 λέγει
2718 1866 2958 1919 τοιοῦτόν
3002 1866 3157 1916 ἐστι’
3212 1864 3306 1934 Μὴ
3359 1864 3715 1936 εὑρίσκοντες
3763 1867 3948 1919 πλοῖον

2364 1956 2736 2026 ἀπερχόμενον
2796 1960 2875 2020 είς
2934 1955 3294 2026 Καισάρειαν,
3344 1955 3463 2009 ἀλλ’
3523 1958 3605 2020 είς
3670 1959 3948 2027 Φοινίκην,

2364 2048 2602 2116 ἀνῆλθον
2636 2050 2716 2112 είς
2760 2049 2912 2111 αὐτὸ,
2944 2051 3037 2101 καὶ
3072 2048 3296 2118 Κύπρον
3325 2048 3382 2101 δὲ
3411 2050 3603 2102 εἴασαν
3627 2050 3671 2081 ⁵⁸
3717 2051 3812 2102 καὶ
3843 2052 3949 2103 Συ-

2366 2136 2509 2207 ρίαν.
2542 2138 2615 2189 Τὸ
2666 2139 2795 2207 γὰρ,
2834 2158 2852 2189 ι
2889 2138 3297 2201 Καταλιπόντες
3340 2140 3510 2210 αὐτὴν
3565 2139 3868 2210 εὐώνυμον,
3922 2161 3940 2193 ι

2365 2228 2462 2297 οὐχ
2483 2228 2671 2287 ἁπλῶς
2704 2230 2939 2298 εἴρηται,
2971 2228 3088 2279 ἀλλ’
3118 2229 3203 2281 ὃτι
3228 2229 3351 2281 οὐδὲ
3376 2231 3543 2297 ἐγγὺς
3563 2230 3819 2298 γενέσθαι
3845 2234 3946 2297 τῆς

2366 2320 2563 2387 Συρίας
2612 2319 2891 2373 ἔσπευδον.
2930 2314 3133 2371 Ἦλθον
3166 2318 3261 2372 οὖν
3310 2320 3393 2382 είς
3432 2322 3665 2384 Λυκίαν,
3704 2322 3797 2374 καὶ
3845 2324 3946 2391 τὴν

2366 2409 2590 2476 Κύπρον
2636 2410 2885 2477 ἀφέντες.
2947 2410 3027 2472 εἰς
3075 2409 3252 2479 Τύρον
3299 2410 3718 2463 κατέπλευσανο
3763 2414 3944 2465 ἐκεῖσε

2364 2500 2471 2569 γὰρ
2500 2498 2561 2552 τὸ
2592 2499 2771 2551 πλοῖον
2804 2497 3163 2567 ἀπεφόρτωσε
3206 2498 3299 2550 τὸν
3362 2498 3556 2566 γόμον.
3599 2499 3692 2561 Τὸ,
3734 2518 3751 2548 ε
3783 2500 3948 2567 ἐξαρ-

2363 2590 2531 2653 τίσαι,
2575 2608 2593 2643 ι
2632 2592 2756 2644 ἀντὶ
2788 2590 2905 2654 τοῦ,
2937 2589 3244 2661 πληρῶσαι,
3282 2590 3438 2656 φησι,
3472 2591 3572 2651 τὰς
3598 2591 3947 2658 τεταγμένας

2365 2682 2609 2751 ἡμέραςο
2672 2684 2941 2743 τουτέστι,
2999 2681 3136 2749 μετᾶ
3185 2682 3256 2732 τὰ
3307 2680 3551 2749 ’Δζυμα,
3604 2684 3679 2743 εἰς
3714 2682 3949 2749 Τρωάδα

2363 2767 2527 2843 ἦλθον
2556 2772 2622 2825 δι’
2662 2772 2887 2843 ἡμερῶν
2916 2773 3096 2825 πέντε.

2969 2952 3200 3008 ΚΕΦΔΛ
3211 2995 3224 3008 .
3261 2957 3340 3008 Λθ.

2381 3042 2619 3113 Ἇτὰσου
2678 3046 3013 3112 apogrntez'a
3083 3046 3217 3111 περὶ
3292 3044 3411 3097 τῶν
3465 3045 3955 3114 συμϐησομένων

2765 3138 2983 3200 Παύλῳ
3019 3138 3089 3189 ἐν
3130 3138 3445 3204 Ἰερουσαλ
3454 3139 3555 3204 ήμ.

2802 3228 2880 3297 Τῇ
2917 3228 2961 3296 β’
2987 3228 3083 3294 τῆς
3111 3228 3155 3291 ζ’
3191 3228 3505 3294 ἐῦδομάδος.

2960 3317 3348 3371 ΚΕΙΜΕΝΟΝ.

2453 3408 2793 3472 Ἐξελθόντες
2824 3409 3063 3479 ἡλθομεν
3106 3411 3185 3471 είς
3221 3412 3593 3477 Καισάρειαν’
3632 3411 3725 3461 κα)⁵
3770 3412 3956 3463 εἰσελ-

2368 3498 2554 3562 θόντες
2597 3501 2678 3563 είς
2734 3500 2823 3552 τὸν
2874 3497 3024 3553 οἷκον
3065 3500 3334 3552 Φιλίππου
3384 3499 3478 3552 τοῦ
3532 3501 3951 3567 εὐαγγελιστοῦ,

2368 3590 2519 3652 ὄντος
2544 3591 2608 3642 ἐκ
2634 3589 2741 3642 τῶν
2762 3590 2922 3654 ἑπτὰ,
2952 3591 3248 3660 ἐμείναμεν
3290 3591 3424 3662 παρ’
3450 3591 3619 3660 αύτῷ.
3669 3593 3862 3662 Τούτῳ
3894 3595 3953 3646 δὲ

2369 3677 2508 3752 ἦσαν
2541 3681 2839 3748 θυγατέρες
2870 3682 3134 3750 παρθένοι
3164 3682 3431 3751 τέσσαρες
3476 3685 3952 3752 προφητεύουσαι.

2383 3771 2783 3840 Ἐπιμενόντων
2833 3770 2888 3823 δὲ
2938 3771 3097 3841 ἡμῶν
3148 3772 3363 3841 ἡμέρας
3413 3772 3656 3835 πλείους,
3710 3774 3953 3837 κατῆλθέ

2371 3881 2452 3925 τις
2486 3865 2594 3915 ἀπὸ
2624 3863 2724 3930 τῆς
2767 3863 3027 3925 Ἰουδαίας
3078 3864 3365 3933 προφήτης
3410 3865 3635 3931 ὀνόματι
3672 3869 3948 3933 Ἄγαϐος·

2371 3955 2464 4008 καὶ
2500 3954 2667 4007 ἐλθὼν
2696 3954 2832 4024 πρὸς
2862 3956 3031 4022 ἡμᾶς,
3058 3955 3151 4007 καὶ
3180 3954 3319 4024 ἄρας
3343 3956 3443 4025 τὴν
3476 3956 3655 4026 ζώνην
3675 3958 3767 4010 τοῦ
3801 3960 3958 4011 Παύ-

2370 4045 2484 4107 λου,
2527 4044 2697 4114 δήσας
2734 4060 2793 4096 τε
2844 4044 3011 4096 αὐτοῦ
3046 4044 3173 4107 τοὺς
3222 4045 3389 4107 πόδας
3436 4048 3529 4099 καὶ
3576 4049 3676 4109 τὰς
3734 4053 3953 4118 χεῖρας,

2370 4134 2492 4188 εἷπε
2514 4152 2529 4168 ο
2562 4138 2605 4187 Τ
2610 4136 2702 4191 ἅδε
2746 4136 2895 4203 λέγει
2958 4136 3019 4187 τὸ
3061 4135 3287 4205 Πνεῦμα
3316 4138 3378 4188 τὸ
3408 4138 3564 4205 ἅγιον
3588 4155 3603 4169 ο
3637 4140 3740 4192 Τὸν
3782 4143 3958 4212 ἄνδρα

2371 4221 2431 4279 οὗ
2478 4229 2625 4277 ἐστιν
2654 4227 2688 4295 ἡ
2718 4225 2863 4293 ζώνη
2895 4224 3057 4294 αὕτη,
3096 4225 3240 4279 οὕτω
3273 4226 3530 4297 δήσουσιν
3564 4231 3621 4280 ἐν
3672 4231 3958 4301 Ἰερουσα-

2370 4317 2483 4385 λὴμ
2509 4316 2557 4368 οἱ
2600 4316 2861 4377 Ἰουδαῖοι,
2879 4315 2972 4368 καὶ
2992 4315 3407 4385 παραδώσουσιν
3435 4317 3517 4379 είς
3540 4319 3727 4387 χεῖρας
3756 4322 3955 4378 ἐθνῶν.

2385 4408 2472 4468 Ὡς
2501 4406 2557 4457 δὲ
2597 4405 2913 4475 ἠκούσαμεν
2946 4405 3141 4471 ταῦτα,
3195 4406 3620 4477 παρεκαλοῦμεν
3676 4412 3839 4479 ἡμεῖς
3893 4432 3957 4466 τε

700 4513 899 4566 l‘aulus
924 4520 975 4565 et
1014 4512 1150 4565 dixit
1178 4530 1191 4564 :
1221 4511 1359 4577 Quid
1395 4512 1575 4568 facitis
1616 4514 1807 4570 ﬂentes
1872 4526 1927 4569 et
1968 4517 2265 4588 amigentes

2376 4497 2467 4548 καὶ
2494 4497 2543 4549 oi
2571 4496 2825 4560 ἐντόπιοι,
2856 4495 2950 4550 τοῦ
2984 4496 3059 4567 μὴ
3083 4497 3397 4551 ἀναϐαίνειν
3430 4500 3591 4554 αὑτὸν
3624 4502 3704 4564 εἰς
3748 4503 3956 4573 Ἰερου-

699 4616 796 4651 t'ur
827 4597 1045 4651 meum?
1082 4597 1193 4666 Ego
1258 4600 1403 4653 enim
1436 4615 1547 4654 non
1616 4602 1792 4656 solum
1823 4603 2059 4673 alligari,
2094 4608 2187 4660 sed
2220 4615 2274 4663 et

2390 4587 2593 4656 σαλήμ.
2627 4585 2923 4656 ’Δπεκρίθη
2963 4604 3022 4639 τε
3055 4589 3082 4640 ό
3112 4586 3324 4649 Παῦλος
3345 4602 3362 4617 ⁸
3394 4588 3459 4640 Τί
3493 4592 3696 4642 ποιεῖτε
3739 4593 3958 4646 κλαίον-

700 4690 835 4743 mori
878 4688 930 4741 in
992 4687 1295 4745 Jerusalem
1331 4702 1554 4760 paratus
1622 4708 1743 4747 sum
1809 4707 2029 4765 propter
2073 4714 2266 4754 nomen

2370 4695 2483 4743 τες,
2524 4678 2617 4730 καὶ
2644 4677 3062 4747 συνθρίπτοντές
3091 4695 3195 4748 μου
3230 4678 3332 4749 τὴν
3360 4680 3620 4750 καρδίαν;
3669 4682 3814 4750 Ἐγὼ
3840 4686 3955 4756 γὰρ

702 4782 1091 4836 ltuminiJesn.
1129 4782 1193 4833 Et
1234 4796 1358 4834 cum
1410 4783 1459 4835 ei
1502 4782 1736 4838 suadere
1792 4800 1901 4839 non
1962 4801 2269 4856 possemus,

697 4874 1032 4942 quievimus,
1055 4873 1338 4927 dicentes:
1375 4872 1588 4927 Domini
1628 4875 1882 4929 voluntas
1907 4875 2021 4931 ﬁat.

2370 4773 2431 4826 ού
2473 4772 2632 4842 μόνον
2656 4772 2901 4842 δεθῆναι,
2933 4772 3073 4826 ἀλλὰ
3106 4774 3201 4827 καὶ
3232 4775 3526 4829 ἀποθανεῖν
3555 4778 3637 4838 είς
3676 4778 3957 4848 Ἰερουσα-

2369 4862 2480 4932 λὴμ
2532 4862 2770 4931 ἑτοίμως
2819 4862 2929 4931 ἔχω
2969 4863 3112 4933 ὑπὲρ
3166 4864 3261 4916 τοῦ
3312 4865 3577 4934 ὀνόματος
3603 4867 3701 4919 τοῦ
3739 4871 3954 4939 Κυρίου

2388 4952 2585 5024 Ἰησοῦ.
2622 4954 2712 5021 Μὴ
2763 4953 3089 5023 πειθομένου
3122 4954 3180 5007 δὲ
3221 4954 3413 5020 αὐτοῦ,
3457 4958 3834 5030 ἡσυχάσαμεν,
3877 4965 3955 5015 εί-

2374 5045 2570 5107 πόντες
2592 5059 2605 5073 ·
2639 5044 2713 5096 Τὸ
2744 5043 2960 5116 θέλημα
2983 5043 3086 5098 τοῦ·
3117 5044 3323 5116 Κυρίου
3346 5047 3610 5113 γενέσθω.

1856 5128 2059 5190 Variis
2087 5128 2395 5198 lectiones
2435 5143 2497 5197 et
2541 5139 2730 5196 notis.

786 5204 832 5234 ³⁸
859 5204 1146 5272 εἰάσαμεν.

772 5298 886 5365 (35)
924 5296 1213 5363 Perperam
1268 5296 1357 5372 hic
1422 5298 1672 5353 additum
1725 5316 1869 5372 esse.
1922 5312 1973 5356 et
2013 5302 2254 5372 Syriam,

700 5368 912 5422 clarum
970 5376 1090 5432 est;
1131 5383 1256 5422 cum
1303 5368 1407 5423 hoc
1461 5371 1763 5425 narrationi
1832 5370 1996 5426 Luca:
2036 5368 2258 5429 contra;

702 5441 841 5492 rium
878 5437 969 5490 sit.

770 5508 883 5582 (56)
916 5506 1118 5560 Tcxtus
1166 5508 1269 5563 iste
1327 5507 1463 5562 adeo
1514 5509 1704 5582 mutile
1746 5524 1810 5563 ex
1857 5510 2257 5582 Chrysostomo

700 5576 1005 5642 exscriptus
1049 5587 1162 5650 est,
1192 5591 1250 5631 ut
1286 5594 1505 5650 sensum
1553 5578 1741 5650 cli'erat
1778 5590 1884 5632 tam
1936 5576 2037 5650 ipsi
2093 5598 2255 5650 quam

703 5647 1071 5717 sacrotcxtui
1116 5648 1273 5709 plane
1312 5649 1627 5702 adversum.
1676 5647 2059 5717 Chrysostomi
2095 5647 2258 5705 verba

702 5717 775 5789 ita
800 5731 857 5789 se
882 5716 1113 5789 imirent}
1139 5717 1309 5768 Τοῦτο
1333 5718 1741 5789 (καταλιπόντες
1756 5716 1924 5772 αὐτὴν
1953 5719 2256 5789 εὐώνυμον)

699 5787 797 5853 οὐχ
826 5785 1005 5847 arma;
1053 5786 1289 5856 εἴρηται,
1332 5788 1442 5857 ἀλλ’
1477 5789 1563 5841 ἵνα
1592 5788 1737 5858 δείξῃ
1762 5831 1775 5854 ,
1809 5789 1890 5841 ὅτι
1936 5790 2056 5843 οὐδὲ
2104 5785 2267 5859 ἐγγὺς

2364 5306 2538 5382 αὐτῆς
2608 5307 2876 5382 γενέσθαι
2922 5304 3142 5382 ἡξίῳσε,
3184 5306 3448 5382 ..κατευθὺ
3521 5308 3775 5382 πλέοντες
3850 5315 3950 5382 τῆς

2364 5373 2584 5449 Συρίας.
2620 5373 2817 5449 Ὀὕτως
2852 5373 3135 5449 ἔσπευδεν.
3175 5373 3289 5429 Hoc
3340 5378 3557 5449 (nempe
3598 5373 3951 5449 relinquentes

2364 5462 2482 5500 eam
2512 5446 2581 5499 ad
2610 5448 2908 5513 sinistram)
2939 5461 3040 5498 non
3065 5446 3175 5498 sine
3198 5462 3363 5499 causa
3392 5447 3593 5500 dictum
3623 5459 3701 5501 est
3718 5446 3752 5513 ς’
3774 5454 3872 5504 sed
3892 5467 3952 5506 ut

2364 5517 2966 5591 ostenderet,n_eprope_
3013 5515 3229 5591 quidem
3284 5515 3438 5567 illam
3499 5518 3774 5591 (videlicet
3831 5525 3946 5591 cy-

2368 5588 2555 5654 prum)
2602 5587 2845 5639 accedere
2880 5585 3131 5658 voluisse,
3150 5600 3266 5658 cum
3284 5593 3422 5658 ree_to
3448 5585 3713 5658 canuit:
3729 5585 3951 5658 Syriam

2364 5652 2662 5722 pergerent:
2694 5658 2770 5708 ita
2802 5670 2981 5723 nempe
3010 5652 3323 5723 festinabat.
3346 5653 3552 5709 Textus
3581 5657 3651 5710 ab
3670 5652 3949 5715 Hetitenio

2374 5728 2555 5779 editus
2578 5725 2844 5794 congruit
2870 5740 2991 5777 cum
3018 5731 3207 5779 nostro
3230 5722 3460 5781 codice:
3491 5726 3742 5783 similiter
3773 5732 3945 5784 etiam

2377 5796 2547 5849 codex
2577 5791 2947 5851 Florentinus.
