4164 6444
217 416 338 478 1021

818 516 1199 585 sesumam.

279 620 644 689 Σημειωτέον,
697 621 780 673 ὅτι
816 621 909 673 τοῦ
954 622 1205 675 διακόνου
1245 622 1511 673 Φιλίππου
1551 619 1690 691 ἦσαν
1729 623 1783 675 at

208 712 507 779 θυγατέρες
531 728 546 743 ⁸
576 711 715 764 ὥστε
777 707 870 766 οὖν
914 713 1009 765 καὶ
1038 712 1118 781 τῷ
1170 713 1559 782 κοινωνήσαντι
1590 712 1783 781 γάμων

204 801 477 853 διακονεῖν
512 801 708 866 ἔξεστι,
741 803 1055 872 Σημείωσαι
1085 802 1161 863 δὲ,
1192 803 1274 855 ὅτι
1300 805 1391 855 καὶ
1420 804 1475 855 αί
1513 803 1783 872 προφητί-

204 892 291 954 δῖς
331 894 390 945 al
453 893 752 962 θυγατέρες
804 893 967 946 αὑτοῦ
1022 893 1279 964 παρθένοι
1332 889 1494 962 ἦσαν,
1549 895 1644 944 καὶ
1699 894 1782 945 ὅτι

204 986 409 1052 ἤσκουν
428 986 495 1039 δι’
525 986 811 1038 εὐλάϐειαν
849 986 1046 1055 μᾶλλον
1070 985 1226 1038 τοῦτο
1254 1026 1270 1049 ,
1298 986 1438 1039 ὥστε
1507 987 1598 1038 καὶ
1644 1003 1775 1055 προ-

204 1077 433 1144 φητείας
462 1076 742 1141 ἠξιῶσθαι.
781 1077 942 1129 Ὥστε
974 1078 1152 1145 δῆλον,
1190 1078 1274 1129 ὅτι
1313 1078 1779 1146 περισπορδαστον

202 1162 271 1234 ἦν
301 1168 494 1230 αὑταῖς
516 1170 549 1237 η
582 1168 865 1237 παρθενίκ.
892 1169 952 1220 Ei
970 1169 1075 1237 γὰρ
1101 1168 1174 1238 μὴ
1195 1163 1262 1237 ἦν
1292 1168 1776 1238 περισπούδαστον,

204 1259 305 1311 οὐκ
334 1260 403 1312 ἂν
431 1260 772 1331 προσέθηκεν
809 1262 837 1313 ὁ
868 1261 1242 1329 συγγραφεὺς,
1275 1262 1356 1314 ὅτι
1392 1262 1487 1313 καὶ
1521 1260 1778 1330 παρθένοι

202 1345 366 1419 ἦσαν.

799 1442 1188 1497 KEIMENON.

273 1534 431 1585 Μετι
483 1534 539 1587 δε
593 1535 690 1598 τὰς
754 1535 968 1605 ἡμέρας
1015 1532 1219 1595 ταύτας
1269 1534 1775 1602 ἁποσκευασάμενοι

198 1624 561 1694 άν;6αίνομεν
595 1628 675 1689 εἰς
707 1625 1087 1695 Ἰερουσαλήμ.
1122 1624 1389 1691 Συνῆλθον
1418 1625 1473 1676 δὲ
1527 1626 1619 1676 καὶ
1667 1624 1776 1674 τῶν

203 1716 465 1784 μαθητῶν
492 1719 599 1770 ἀπὸ
650 1717 984 1786 Καισαρείας
1027 1717 1124 1769 σὺν
1150 1719 1281 1786 ἡμῖν
1317 1718 1541 1784 ἄγοντες
1573 1715 1701 1784 παρ’
1729 1708 1773 1781 ᾧ
1808 1762 1845 1813 Β

203 1807 555 1876 Ξενισθῶμεν,
586 1812 840 1864 Μνάσωνί
864 1830 968 1865 τινι
1001 1811 1237 1879 Κυπρίῳ
1266 1808 1486 1879 ἀρχαίῳ
1531 1808 1769 1877 μαθητῇ.

202 1896 515 1964 Γενομένων
534 1898 590 1951 δὲ
612 1900 766 1967 ἡμῶν
786 1902 864 1962 είς
878 1900 1244 1971 Ἱεροσόλυμα,
1261 1898 1507 1967 ἁσμένως
1534 1898 1780 1961 ἐδέξαντο

198 1989 346 2054 ἡμᾶς
382 1990 431 2039 οί
453 1989 691 2057 ἀδελφοί.
722 1992 800 2061 Τῇ
836 1990 893 2043 δὲ
925 1990 1154 2061 ἐπιούσῃ
1178 1990 1355 2060 εἰσῄει
1384 1991 1411 2041 ὁ
1445 1989 1656 2050 Παῦλος
1678 1989 1775 2041 σὺν

197 2077 332 2143 ἡμῖν
362 2077 502 2145 πρὸς
540 2077 826 2131 Ἰάκωϐον·
871 2079 1069 2141 πάντες
1107 2080 1215 2148 γάρ
1273 2077 1434 2149 [υιιίς.
1489 2076 1573 2147 τε]
1633 2093 1776 2147 παρ-

207 2170 464 2234 εγέ-.οντο
492 2172 541 2224 οἱ
566 2171 950 2241 πρεσϐύτεροι.
993 2174 1101 2226 Καὶ
1127 2173 1515 2241 ἀσπασάμενος
1557 2172 1773 2235 αὐτοὺς,

195 2260 450 2328 ἐξηγεῖτο
480 2263 601 2315 καθ’
621 2263 679 2315 ἓν
701 2264 952 2326 ἕκαστον,
980 2258 1054 2317 ὧν
1091 2266 1345 2335 ἐποίησεν
1378 2265 1405 2314 ὁ
1426 2262 1556 2324 Θεὸς
1585 2264 1644 2314 ἐν
1666 2266 1777 2326 τοῖς

195 2352 378 2405 ἔθνεσι
402 2353 489 2405 διὰ
524 2354 620 2423 τῆς
636 2355 911 2420 διακονίας
934 2356 1124 2410 αὐτοῦ.

775 2448 1027 2504 ΚΕΦΑΛ.
1073 2445 1202 2502 AA'.

197 2538 560 2604 Παραίνεσις
583 2538 867 2594 Ἰακώϐου
896 2540 1047 2606 πρὸς
1076 2540 1321 2593 Παῦλον
1359 2540 1492 2606 περὶ
1544 2538 1651 2592 τοῦ
1687 2537 1773 2607 μὴ

234 2628 440 2681 δοκεῖν
467 2630 723 2683 κωλύειν
742 2631 885 2696 τοὺς
921 2631 1229 2698 Ἑϐραίους
1260 2629 1732 2698 περιτέμνεσθαι.

265 2720 329 2768 Οἱ
362 2718 421 2770 δὲ
472 2718 824 2784 ἀκούσαντες,
875 2718 1128 2784 ἐδόξασαν
1157 2721 1249 2773 τὸν
1296 2720 1462 2772 Θεόν·
1504 2716 1656 2773 εἷπον
1715 2720 1771 2771 δὲ

195 2808 680 2880 αὺτῷ.ι.Θεωρεῖς,
737 2810 955 2880 άδελφὲ,
1007 2812 1174 2865 πόσαι
1216 2812 1475 2882 μυριάδες
1523 2813 1631 2865 εἰσὶ
1661 2811 1770 2864 τῶν

196 2898 645 2951 πεπιστευκότων
688 2899 979 2965 Ἰουδαίων,
1029 2902 1124 2953 καὶ
1167 2903 1368 2962 πάντες
1408 2900 1652 2970 ζηλωταὶ
1675 2898 1769 2952 τοῦ

192 2990 360 3056 νόμου
406 2990 733 3059 ὑπάρχουσι.
789 2992 1200 3061 Κατηχήθησαν
1245 2992 1302 3045 δι
1350 2994 1480 3061 περὶ
1529 2991 1646 3055 σοῦ,
1689 2992 1770 3044 ὃτι

194 3082 537 3136 ἀποστασίαν
576 3081 847 3145 διδάσκεις
892 3083 1000 3135 ἀπὸ
1037 3083 1317 3146 Μωῦσέως
1359 3085 1480 3146 τοὺς
1518 3083 1658 3136 κατὰ
1695 3083 1764 3135 τὰ
1796 3084 1833 3137 C

194 3172 318 3239 Ξθνη
353 3173 564 3237 πάντας
604 3174 913 3238 Ἰουδαίους,
949 3174 1147 3243 λέγων,
1185 3180 1258 3245 μὴ
1286 3174 1633 3244 περιτέμνειν
1670 3175 1768 3227 αὺ-

194 3265 319 3327 τοῦς
346 3264 417 3315 τά
447 3265 635 3326 τέκνα,
670 3266 802 3335 μηδὲ
842 3267 953 3328 τοῖς
1002 3266 1149 3318 ἔθεσι
1195 3268 1538 3333 περιπατεῖν.
1574 3264 1640 3316 Τί
1677 3264 1771 3317 οὖν

198 3357 316 3408 ἐστι
343 3374 358 3421 ;
398 3356 621 3417 Πάντως
645 3357 725 3409 δεῖ
757 3357 959 3424 πλῆθος
992 3356 1289 3409 συνελθεῖνο
1321 3358 1640 3409 ἀκούσονται
1664 3354 1773 3424 γὰρ

188 3451 269 3498 ὅτι
304 3448 593 3517 ἐλήλυθας.
617 3447 785 3501 Τοῦτο
810 3447 904 3500 οὖν
933 3448 1161 3517 ποίησον
1187 3449 1215 3499 ὃ
1245 3464 1328 3500 σοι
1358 3448 1606 3514 λέγομεν.
1626 3447 1773 3498 Εἰσὶν

197 3542 255 3590 ἐν
285 3542 423 3606 ἡμῖν
453 3540 646 3608 ἄνδρες
685 3541 951 3609 τέσσαρες
982 3540 1148 3608 εὐχὴν
1182 3538 1398 3607 ἔχοντες
1434 3537 1767 3606 ἐφ’ὲαυτῶν.

191 3628 431 3690 Τούτους
481 3629 816 3699 παραλαὸὼν
848 3629 1131 3698 ἁγνίσθητι
1166 3630 1264 3680 σὺν
1301 3629 1506 3692 αὐτοῖς,
1557 3628 1649 3679 καὶ
1678 3625 1770 3677 δα.

192 3717 437 3785 πάνησον
486 3716 575 3769 ἐπ’
602 3718 806 3781 αὐτοῖς,
834 3718 921 3769 ἵνα
974 3717 1316 3786 ξυρήσωνται
1350 3716 1451 3786 τὴν
1480 3715 1727 3785 κεφαλήν
1751 3731 1767 3746 ’

191 3811 286 3861 καὶ
319 3808 623 3875 γνώσονται
657 3808 877 3872 πάντες,
910 3810 992 3861 ὅτι
1018 3802 1093 3861 ὧν
1127 3809 1461 3876 κατήχηνται
1510 3809 1639 3874 περὶ
1675 3806 1769 3859 σοῦ

188 3898 345 3952 οὐδέν
379 3900 551 3961 ἐστιν,
586 3898 721 3950 ἀλλὰ
756 3899 986 3966 στοιχεῖς
1016 3899 1111 3951 καὶ
1142 3897 1305 3959 αὐτὸς
1355 3897 1647 3965 φυλάσσων
1681 3897 1771 3949 τὸν

189 3990 373 4057 νόμον.
431 3989 569 4056 Περὶ
617 3989 674 4041 δὲ
732 3988 845 4041 τῶν
892 3989 1334 4041 πεπιστευκότων
1385 3988 1550 4040 ὲθνῶν
1609 3990 1771 4057 ἡμεῖς

188 4080 607 4148 ἐπεστείλαμεν,
662 4079 947 4149 κρίναντες
996 4081 1163 4150 μηδὲν
1182 4080 1422 4133 τοιοῦτον
1449 4084 1637 4150 τηρεῖν
1666 4083 1770 4133 αὐ-

187 4175 336 4235 τοὺς,
383 4174 432 4224 εί
476 4172 552 4242 μὴ
585 4172 955 4239 φυλάσσεσθαι
992 4174 1189 4234 αὐτοὺς
1219 4175 1280 4225 τό
1308 4190 1368 4225 τε
1398 4172 1767 4239 εἰδωλόθυτον,

189 4266 368 4319 καὶτὸ
401 4259 560 4334 αἷμα,
589 4264 682 4316 καὶ
707 4264 767 4316 τὸ
802 4265 1047 4327 πνικτὸν,
1084 4266 1177 4317 καὶ
1206 4266 1487 4335 πορνείαν.

802 4356 1190 4413 EPMHNEIA.

265 4465 284 4496 ι
335 4446 861 4515 Ἐπισκευασάμενοι
890 4485 905 4509 ,
947 4466 966 4497 ι
1003 4448 1270 4512 τουτέστι,
1323 4448 1393 4501 τὰ
1432 4450 1567 4520 πρὸς
1589 4451 1685 4521 τὴν
1713 4456 1771 4506 ὁο-

188 4535 473 4605 ὁοιπορίαν
527 4536 805 4598 λαϐόντες.
842 4536 1331 4605 Συμὸουλεύουσιν,
1393 4541 1492 4593 οὐκ
1547 4543 1770 4595 ἐπιτάτ-

186 4646 371 4680 τουσιν
417 4630 468 4680 οἱ
501 4629 629 4700 περὶ
658 4628 751 4682 τὸν
797 4628 1077 4683 Ἰάκωϐον.
1128 4631 1191 4682 Οἱ
1226 4631 1336 4700 γάρ
1374 4633 1433 4685 ἐν
1474 4632 1770 4701 Ἰεροσολύ-

192 4737 313 4784 μοις
360 4719 753 4783 πιστεύσαντες
804 4719 912 4773 ἀπὸ
961 4722 1065 4773 τῶν
1090 4722 1364 4775 Ἰουδαίων
1426 4724 1495 4775 τά
1552 4726 1648 4793 ἔθη
1699 4727 1769 4778 τά

188 4810 390 4879 γαμικὰ
436 4810 628 4879 ἡθελον
654 4811 733 4862 ἔτι
768 4811 1288 4882 φυλάττειν.Ἔργῳ
1336 4814 1437 4883 τὴν
1474 4815 1769 4883 ἀπολογίαν

191 4903 417 4968 ποιῆσαι
447 4900 599 4970 αὐτῷ
644 4903 1126 4972 συμόουλεύουσιν,
1162 4906 1223 4956 οὐ
1276 4905 1442 4973 λόγῳ.
1477 4903 1646 4959 Τοῦτο
1673 4904 1767 4961 οὖν

190 5006 325 5057 φησι
353 4992 423 5044 ⁵⁸.
453 4991 563 5054 Τάς
622 4993 1075 5062 προσφερομένας
1105 4994 1245 5064 ὑπὲρ
1273 4995 1455 5048 αὐτῶν
1504 4998 1649 5051 κατὰ
1675 4999 1769 5051 τὸν

188 5081 352 5147 νόμον
396 5081 586 5145 θυσίας
653 5084 717 5135 σὺ
746 5084 1018 5153 πάρασχε,
1051 5084 1137 5136 ἵνα
1177 5083 1342 5154 λύσῃς
1386 5084 1484 5154 τὴν
1510 5088 1767 5155 ὑποψίαν,

190 5173 284 5223 καὶ
311 5171 517 5242 δείξῃς,
538 5176 619 5227 ὅτι
649 5176 709 5226 οὐ
746 5176 908 5245 μόνον
938 5175 1000 5226 οὺ
1035 5175 1306 5239 διδάσκεις
1336 5174 1444 5239 ἔξω
1460 5178 1552 5229 τοῦ
1577 5180 1764 5246 νόμου,

190 5259 306 5312 ἀλλ’
336 5263 419 5313 ὁτι
460 5263 555 5315 καὶ
583 5264 746 5326 αὐτὸς
777 5264 1068 5332 φυλάττεις
1092 5265 1157 5315 τά
1186 5267 1245 5317 ὲν
1276 5264 1356 5334 τῷ
1384 5265 1553 5335 νόμῳ.
1574 5268 1691 5320 Ἰνα
1709 5269 1765 5319 δὲ

192 5352 268 5419 μὴ
285 5352 438 5423 λέγῃ*
465 5355 593 5406 Ἐάν
621 5355 689 5407 τά
727 5355 854 5424 ἔθνη
897 5355 1059 5408 τοῦτο
1097 5355 1332 5423 μάθωσι,
1366 5357 1763 5427 σκαινδαλισθήο

190 5457 402 5494 σονται·
430 5445 665 5512 ἐπάγει·
724 5464 741 5497 ι
782 5446 918 5515 Περὶ
950 5445 1057 5498 τῶν
1115 5448 1558 5501 πεπιστευκότων
1595 5449 1765 5502 ὲθνῶν

786 418 1321 477 EXPO'SI'I‘IONIS
1357 417 1433 476 IN
1458 416 1645 476 ACTA
1684 420 1986 479 TEXTUS
2023 424 2289 485 ALTER.
2324 452 2388 459 ·-
2410 430 2571 490 CAP.
2617 430 2776 493 XXI.

3324 425 3461 491 102?.

2377 537 2945 593 COMMENTARIUS.

1960 625 2371 687 Adnotandum,
2407 626 2642 697 Philippi
2684 628 2902 683 diaconi
2941 625 3079 680 filias
3115 624 3233 679 illas
3269 622 3453 678 fuisse:

1887 731 2056 785 quare
2082 718 2244 771 etiam
2272 719 2519 774 nxoratis
2543 720 2668 774 licet
2695 720 3021 773 diaconatus
3044 715 3279 771 officium
3303 731 3460 768 exer-

1885 808 2168 878 cere'(57).
2195 807 2434 865 Observa
2475 824 2605 864 vero
2631 812 2794 863 etiam
2823 811 3193 879 propbetissas
3222 807 3365 859 illius
3398 806 3461 857 fi-

1885 898 1986 953 lias
2023 899 2191 954 fuisse
2224 902 2487 972 virgines,
2518 918 2581 957 ac
2613 912 2832 971 propter
2860 904 3113 971 pietatem
3149 903 3251 956 hoc
3283 900 3458 967 magis

1882 990 2193 1046 exercuisse
2219 1008 2233 1051 ;
2273 994 2414 1047 unde
2437 994 2733 1062 prophetia:
2748 993 2892 1045 dono
2916 992 3092 1061 dignas
3118 993 3271 1047 factae
3299 999 3454 1044 sunt.

1883 1080 1958 1135 Ex
1982 1098 2091 1150 quo
2116 1092 2282 1152 patet,
2310 1100 2526 1139 summo
2565 1085 2685 1139 illas
2737 1084 2924 1137 studio
2959 1084 3321 1151 virginitatem
3354 1098 3450 1136 co-

1883 1172 2085 1227 luisse:
2128 1175 2287 1228 aliter
2325 1189 2481 1229 sacer
2538 1178 2773 1245 scriptor
2805 1189 2912 1229 non
2952 1172 3269 1237 addidisset,
3301 1171 3446 1243 quod

1880 1271 2067 1318 essent
2102 1264 2368 1335 virgines.

2513 1445 2814 1499 TEXTI'S.

1947 1535 2174 1596 ΧΧ1,15
2210 1536 2561 1593 19.Ροειιξὶι·ε
2577 1548 2754 1591 autem
2777 1539 2907 1591 istos
2936 1538 3239 1606 prmparati.
3261 1552 3454 1589 ascen-

1877 1627 2057 1680 dimus
2080 1625 2403 1681 Jerusalem.
2434 1627 2710 1682 Venerunt
2730 1640 2906 1681 autem
2934 1637 2987 1681 et
3017 1643 3083 1681 ex
3110 1628 3395 1694 discipulis
3424 1641 3455 1679 a

1877 1716 2123 1769 Caesarea
2152 1717 2458 1779 uobiscum,
2486 1719 2817 1772 adducentes
2856 1733 3041 1772 secum
3095 1717 3259 1785 (apud
3292 1734 3454 1787 quem

1887 1807 2309 1877 liospitarenmr)
2343 1808 2662 1862 Mnasonem
2714 1810 3003 1877 quemdam
3038 1810 3323 1879 Cyprium,
3355 1825 3456 1862 an-

1885 1900 2092 1967 liqnum
2140 1898 2492 1966 discipulum.
2531 1898 2591 1950 Et
2622 1914 2744 1951 cum
2800 1899 3142 1952 venissemus
3173 1898 3455 1967 Jerusnly-

1884 2003 2049 2046 lnam.
2099 1989 2329 2042 libenter
2376 1998 2709 2055 exceperunt
2759 2004 2859 2043 nos
2920 1987 3141 2042 fratres.
3193 1989 3453 2056 Sequenti

1881 2089 2060 2135 autem
2092 2082 2180 2133 die
2215 2082 2476 2138 introibat
2508 2082 2706 2135 Paulus
2743 2082 3031 2136 nobisc’um
3070 2081 3136 2133 ad
3164 2079 3451 2142 Jacobmn,

1879 2185 2178 2239 Omnesque
2207 2174 2420 2227 collecti
2469 2185 2598 2229 sunt
2646 2177 2913 2229 seniores.
2949 2175 3099 2239 Quos
3127 2188 3250 2227 cum
3303 2172 3450 2227 salu-

1881 2271 2073 2324 tasset,
2099 2264 2358 2317 narrabat
2387 2280 2481 2333 per
2513 2268 2725 2335 singula
2780 2283 2901 2335 qua:
2958 2267 3099 2320 Deus
3132 2265 3350 2319 fecisset
3398 2266 3451 2317 in

1878 2355 2136 2426 gentibus
2163 2371 2257 2423 per
2288 2356 2653 2409 ministerium
2689 2358 2881 2423 ipsius.

2429 2447 2654 2501 CAPUT
2699 2447 2889 2501 XXXI.

1879 2537 2201 2591 Adhortatio
2235 2538 2425 2591 Jacobi
2445 2538 2513 2589 ad
2561 2539 2792 2592 Paulum
2828 2540 2889 2592 de
2917 2555 2979 2592 eo
3013 2537 3151 2606 quod
3188 2552 3289 2588 non
3316 2536 3455 2587 vidr-

2118 2637 2262 2679 retur
2280 2628 2554 2692 prohibere
2582 2627 2828 2681 Hebrive:
2860 2630 3195 2681 circumcidi.

1944 2716 2280 2780 XXI,‘20.9.5
2320 2718 2389 2770 At
2413 2718 2487 2771 illi
2527 2733 2650 2771 cum
2694 2720 2999 2783 audissent,
3028 2719 3455 2787 magnilleabant

1875 2808 2067 2872 Deum,
2091 2810 2454 2880 dixeruntque
2475 2811 2522 2863 ei
2542 2809 2748 2873 :\'ides,
2778 2811 2970 2875 frater,
2991 2818 3126 2880 quot
3144 2812 3306 2864 millia
3325 2822 3452 2861 sunt

1874 2899 1926 2951 in
1951 2898 2153 2955 Juda'is
2170 2900 2259 2968 qui
2285 2899 2657 2962 crediderunt,
2676 2908 2730 2955 et
2748 2915 2941 2953 omnes
2958 2901 3301 2953 mundatores
3324 2909 3452 2953 sunt

1875 2990 2029 3059 legis.
2069 2992 2379 3044 Audicrunt
2413 3002 2596 3043 autem
2630 2994 2693 3044 de
2742 3000 2815 3057 te,
2864 2992 2992 3059 quia
3054 2992 3451 3045 discessionem

1873 3082 2069 3134 doceas
2103 3095 2132 3133 a
2166 3079 2351 3150 Moyse
2382 3097 2572 3134 eorum
2606 3082 2696 3149 qui
2720 3097 2815 3149 per
2846 3090 3037 3150 gentes
3089 3091 3217 3134 sunt
3242 3080 3456 3133 Iuda-o-

1874 3186 2029 3223 rum:
2072 3171 2262 3225 dicens
2302 3187 2408 3224 non
2463 3172 2661 3225 debere
2715 3187 2809 3225 eos
2860 3172 3255 3233 circumcidere
3315 3171 3452 3225 lilios

1876 3276 2030 3319 suos.
2088 3276 2265 3328 neque
2329 3261 2632 3315 secundum
2694 3262 3151 3315 consuetudinem
3217 3260 3449 3328 ingredi.

1876 3352 2016 3416 Quid
2061 3369 2191 3421 ergo
2243 3354 2366 3407 est?
2402 3354 2601 3423 Utique
2648 3363 2866 3424 oportet
2928 3354 3223 3408 convenire
3289 3352 3454 3422 294.

1874 3444 2274 3499 multitudinem
2322 3462 2335 3498 :
2386 3446 2609 3499 audient
2684 3448 2829 3501 enim
2913 3456 2965 3501 te
3043 3445 3449 3513 snpervenisse.

1874 3534 1987 3589 llne
2045 3550 2175 3605 ergo
2240 3538 2323 3591 fac
2375 3538 2519 3605 quod
2581 3539 2674 3592 tibi
2731 3539 2999 3593 ἀὶι-ἱιηιιεε
3074 3541 3210 3593 Sunt
3295 3537 3451 3591 nobis

1876 3629 1971 3681 viri
1996 3638 2251 3697 quatuOr.
2283 3638 2470 3681 votum
2492 3629 2753 3683 habentes
2779 3644 2947 3699 Super
2984 3646 3063 3683 se.
3104 3631 3199 3684 His
3232 3644 3448 3684 assum-

1873 3718 1999 3786 ptis,
2032 3719 2309 3771 sanctiliea
2341 3728 2395 3772 te
2436 3735 2561 3773 cum
2594 3719 2728 3784 illis,
2764 3730 2817 3773 et
2850 3720 3102 3790 impende
3144 3722 3198 3774 in
3246 3722 3352 3775 illis
3391 3727 3450 3773 ut

1874 3809 2069 3862 radant
2115 3810 2328 3878 capita;
2380 3818 2436 3864 et
2489 3811 2665 3865 scient
2716 3826 2905 3865 omnes
2954 3812 3081 3881 quia
3138 3828 3259 3880 qua:
3300 3814 3363 3864 de
3398 3818 3451 3863 te

1874 3902 2167 3955 audierunt
2197 3901 2329 3955 falsa
2356 3913 2505 3967 sunt,
2529 3904 2622 3958 sed
2650 3903 2903 3956 ambulas
2927 3904 3110 3971 etipse
3136 3902 3449 3956 custodiens

1873 3993 2064 4062 legem.
2106 3992 2179 4047 De
2214 3994 2297 4047 bis
2349 4002 2530 4047 autem
2566 3996 2656 4063 qui
2682 3996 3035 4049 crediderunt
3069 4008 3130 4046 ex
3171 3994 3447 4063 gentibus,

1875 4100 1972 4136 nos
2004 4085 2681 4153 scripsimusiudicantes,
2708 4094 2765 4138 ut
2791 4088 3105 4139 abstineant
3137 4102 3195 4138 se
3232 4088 3299 4137 ab
3333 4086 3449 4137 ido-

1875 4177 1939 4228 lis
2005 4176 2288 4231 imtnolato
2346 4186 2398 4230 et
2446 4179 2711 4245 sanguine
2745 4187 2799 4230 et
2824 4177 3089 4231 sulI'ocato
3120 4184 3173 4227 ct
3206 4175 3446 4228 fornica-

1874 4266 2050 4320 tione.

2380 4354 2947 4410 COMMENTARIUS.

1946 4463 1963 4495 ι
2006 4445 2363 4512 Praeparati,»
2410 4448 2513 4498 hoc
2544 4453 2628 4498 est
2667 4447 2914 4513 sumptis,
2964 4460 3083 4514 qua:
3120 4446 3187 4499 ad
3218 4448 3320 4500 iter
3351 4463 3446 4500 ne-

1864 4537 2105 4592 cessaria
2165 4548 2341 4590 erant.
2384 4554 2401 4587 ι
2447 4534 2627 4597 Vides,
2658 4536 2885 4588 frater.»
2948 4537 3251 4590 Consilium
3292 4538 3446 4601 dant,

1869 4645 1977 4682 non
2000 4628 2194 4696 iubent
2218 4628 2457 4681 Jacohus
2490 4637 2544 4680 et
2567 4629 2699 4680 socii
2732 4628 2869 4693 ejus.
2907 4626 3119 4679 Etenim
3165 4631 3259 4696 qui
3287 4628 3447 4682 Jeru-

1868 4719 2091 4788 solymis
2147 4733 2209 4771 ex
2258 4718 2465 4771 Judcis
2497 4717 2868 4779 crediderant,
2924 4719 3117 4787 legalia
3185 4720 3441 4773 instituto

1869 4811 2050 4864 adhuc
2081 4824 2299 4862 Serv-are
2330 4811 2603 4862 volebant.
2644 4828 2661 4859 ι
2704 4809 2933 4862 Puriliea
2973 4820 3043 4862 te.
3089 4828 3107 4861 ι
3148 4808 3216 4863 Ut
3257 4826 3446 4879 opere,

1870 4917 1977 4953 non
2010 4901 2176 4954 verbo
2206 4898 2584 4952 defensionem
2628 4900 2730 4952 sibi
2765 4910 2941 4966 paret,
2975 4901 3228 4953 suadent.
3259 4901 3444 4970 Igitur,

1867 4990 2038 5052 aiunt,
2065 5004 2178 5053 eas,
2232 5005 2372 5056 quas
2438 4990 2540 5056 ipsi
2598 4989 2752 5057 juxta
2784 4990 2951 5058 legem
2998 4990 3250 5051 oerrunt,
3286 4991 3437 5044 victi-

1870 5096 1986 5133 mas
2039 5080 2157 5149 ipse
2205 5079 2518 5147 suppedita,
2557 5091 2615 5131 ut
2668 5082 3037 5148 suspicionem
3088 5098 3252 5149 quam
3299 5082 3366 5136 de
3395 5092 3447 5136 te

1869 5172 2090 5233 habent,
2120 5171 2412 5235 dissolvas,
2458 5171 2678 5239 illisque
2724 5173 2982 5225 ostendas
3017 5175 3163 5239 quod
3200 5189 3307 5225 non
3350 5189 3440 5226 so-

1868 5267 1978 5318 lum
2040 5266 2174 5318 nihil
2212 5277 2401 5319 contra
2461 5266 2631 5334 legem
2675 5265 2896 5329 doceas,
2951 5268 3044 5321 sed
3105 5268 3222 5335 ipse
3281 5271 3445 5319 etiam

1872 5374 1992 5427 qua:
2035 5358 2167 5426 legis
2208 5368 2356 5422 sunt,
2394 5358 2672 5412 observes.
2725 5357 2801 5412 Ne
2832 5374 2957 5412 vero
3016 5358 3220 5412 Paulus
3261 5359 3440 5412 dicat:

1874 5448 1927 5501 Si
1954 5449 2068 5502 base
2116 5451 2347 5519 gentiles
2377 5449 2722 5517 resciverim,
2762 5450 3083 5504 scandalum
3141 5450 3445 5519 patienter,

1342 5560 1539 5620 Variae
1576 5560 1881 5623 lectiones
1925 5570 1985 5623 et
2037 5571 2228 5623 uola}.

260 5652 307 5684 "
346 5671 497 5720 φασι.

264 5795 378 5865 (57)
416 5793 627 5863 Utique,
658 5796 750 5850 tibi
783 5812 890 5851 non
915 5798 1096 5853 obstat
1139 5796 1512 5854 ecclesiastica
1538 5797 1643 5863 lex,
1681 5807 1739 5853 ut
1771 5799 1825 5853 in
1849 5800 2077 5854 ecclesia
2114 5799 2327 5855 Latina.
