4164 6444
713 394 735 456 ι
746 392 849 454 023

1549 391 2129 453 TllEOPllYLACTl
2175 388 2418 447 BULGA
2434 388 2474 443 ll
2492 385 2589 449 l/E
2618 386 2818 445 ARCH
2833 384 2973 442 IEP.

3804 376 3823 438 l
3836 376 3941 437 024

711 502 984 558 subdunt:
1033 520 1049 551 ι
1091 500 1161 551 De
1188 502 1270 552 his
1301 509 1480 553 autem
1511 501 1603 568 qui
1637 500 1993 553 eiedidcrunt
2022 514 2084 551 ex
2125 512 2262 565 gen-

2389 494 2532 561 ἡμεῖς
2565 493 2979 560 επεστείλαμεν,
3005 489 3160 561 φησὶ,
3184 490 3469 559 κρίναντες
3496 489 3663 559 μηδὲν
3696 488 3941 541 τοιοῦτον

703 596 912 654 tilibus,
941 608 1040 645 nos
1063 592 1401 659 scripsimus,
1431 591 1768 659 iudicantes,
1806 611 1821 641 ι
1866 590 1997 642 nihil
2064 589 2260 641 horum

704 686 1032 740 servandum
1074 682 1180 735 illis
1229 698 1372 738 esse.
1424 682 1891 748 Quemadmodum
1944 681 2263 750 igiturnos,

704 777 806 831 ctsi
828 774 1031 828 ludatis
1069 772 1447 842 praedicemus,
1480 775 1588 827 illis
1625 772 1991 840 przecipimus.
2024 770 2103 824 sic
2126 779 2173 821 et
2206 778 2263 822 ιιι

706 869 799 935 qui
839 867 1089 936 gentibus
1120 867 1407 934 pra’dicas.
1436 868 1591 920 nobis
1620 880 1939 932 cooperare.
1990 865 2269 929 Attempe-

709 959 845 1011 ratio
873 968 992 1023 est;
1025 959 1157 1011 nihil
1196 959 1494 1026 suspicare.
1533 956 1596 1010 Et
1629 958 1847 1025 quidem
1897 956 1999 1007 hoc
2040 953 2269 1008 Jeroso-

707 1046 865 1113 lymis
902 1044 1083 1099 facere
1109 1046 1322 1099 diﬂicile
1350 1061 1457 1097 non
1498 1054 1602 1099 est.
1646 1045 1756 1097 lloc
1797 1046 1961 1111 igitur
2010 1041 2094 1094 l'ac
2160 1041 2267 1104 hic,

707 1148 759 1186 ιιι
796 1137 924 1189 illud
959 1139 1083 1191 alibi
1112 1138 1205 1189 tibi
1237 1137 1413 1189 facere
1454 1138 1632 1191 liceat.
1666 1135 1761 1189 llis
1788 1149 2085 1203 persuasus
2130 1131 2271 1185 Pau-

710 1227 791 1277 lus
824 1242 882 1281 se
911 1227 1167 1289 totondit,
1210 1237 1262 1280 et
1302 1230 1481 1279 omnia
1515 1226 1705 1292 legalia
1742 1224 1988 1293 perfecit.

1256 1368 1482 1422 CAPUT
1513 1368 1729 1422 XXXII.

712 1493 785 1545 De
815 1496 1203 1559 perturbatione
1228 1506 1368 1548 motu
1400 1506 1584 1550 contra
1622 1496 1850 1571 Paulum
1902 1494 2274 1562 Jerosolymis,

778 1597 825 1638 et
856 1589 1115 1652 quomodo
1142 1576 1257 1639 cuin
1298 1590 1538 1640 tribunus
1582 1604 1608 1639 ο
1652 1587 2008 1639 multitudinis
2038 1588 2276 1640 manibus

778 1682 1043 1743 eripuerit.

1060 1785 1210 1839 Feria
1239 1788 1272 1839 5
1301 1787 1652 1840 hebdomadae
1676 1787 1935 1855 septimm.

1339 1933 1639 1987 TEXTUS.

782 2038 1135 2103 “0,2640.
1156 2041 1307 2095 Tunc
1332 2039 1550 2104 Paulus,
1570 2041 1868 2110 assumptis
1892 2043 2045 2105 viris,
2064 2050 2281 2110 postera

715 2132 802 2184 die
828 2132 1144 2199 puriﬁcatus
1164 2146 1284 2183 cum
1311 2133 1415 2184 illis
1436 2133 1660 2183 intravit
1682 2133 1734 2183 in
1764 2134 2042 2199 templum,
2068 2146 2281 2184 annun-

717 2219 862 2273 tians
879 2218 1239 2285 expletionem
1260 2217 1471 2271 dierum
1497 2219 1911 2286 puriﬁcationis,
1931 2220 2100 2271 donec
2125 2218 2283 2271 oiIer-

717 2317 864 2362 rctur
883 2324 977 2376 pro
1000 2324 1328 2377 unoquoque
1342 2324 1529 2361 eorum
1550 2310 1774 2363 oblatio.
1814 2311 1944 2362 Dum
1963 2319 2141 2363 autem
2162 2326 2283 2376 scp-

716 2412 821 2455 tcm
842 2401 959 2454 dies
972 2407 1503 2463 consummarcnlnr,
1525 2401 1576 2453 hi
1593 2402 1683 2469 qui
1697 2403 1761 2454 de
1778 2402 1903 2455 Asia
1921 2411 2075 2455 erant
2090 2401 2281 2468 Judaei,

717 2509 840 2547 cum
876 2493 1134 2547 vidissent
1157 2508 1277 2545 eum
1305 2494 1355 2546 in
1389 2494 1610 2561 templo,
1628 2495 2039 2547 concitaverunt
2066 2510 2280 2547 onmem

717 2582 996 2651 populum,
1021 2592 1073 2637 et
1110 2582 1415 2651 iniecerunt
1445 2584 1493 2636 ei
1531 2582 1922 2652 manus,295
1948 2584 2278 2635 clamantes:

719 2671 831 2725 Viri
866 2672 1144 2736 Israelita,
1173 2675 1425 2741 adjuvatc
1453 2693 1465 2726 :
1503 2673 1592 2727 hic
1623 2682 1706 2727 est
1741 2675 1927 2735 homo,
1955 2673 2046 2741 qui
2087 2672 2281 2726 adver-

716 2779 813 2818 sus
841 2764 1098 2832 populum
1138 2776 1191 2819 et
1222 2767 1390 2833 legem
1434 2772 1489 2817 et
1521 2764 1696 2817 locum
1747 2765 1892 2817 hunc
1927 2780 2116 2817 omnes
2165 2765 2285 2817 ubi-

716 2870 821 2923 que
845 2855 1068 2915 docens,
1103 2858 1326 2919 insuper
1348 2866 1400 2908 et
1424 2856 1654 2923 gentiles
1679 2855 1892 2907 induxit
1916 2854 1970 2906 in
2000 2854 2281 2922 templum,

717 2951 771 2994 ιιι
827 2943 1047 2997 violavit
1100 2955 1348 2995 sanctum
1386 2944 1563 2995 locum
1618 2943 1806 2995 istum.
1850 2940 2283 2995 Viderantenim

719 3032 1073 3099 'l‘rophimum
1108 3032 1397 3102 Ephesium
1436 3035 1489 3085 in
1516 3034 1736 3107 civitate
1768 3048 1890 3085 cum
1941 3034 2083 3100 ipso,
2119 3048 2281 3100 quem

719 3125 1151 3184 aestimaverunt,
1186 3124 1443 3191 quoniam
1487 3123 1539 3174 in
1582 3124 1842 3191 templum
1886 3124 2283 3176 introduxisset

720 3213 946 3267 Paulus.
980 3214 1372 3281 Commotaque
1405 3224 1487 3267 cst
1514 3213 1709 3267 civitas
1739 3223 1847 3265 tota
1885 3254 1898 3276 ,
1931 3223 1985 3266 et
2024 3212 2165 3266 facta
2200 3226 2283 3267 est

721 3304 1016 3357 concursio
1049 3304 1254 3372 populi.
1285 3304 1348 3356 Et
1395 3306 1868 3373 apprehendentes
1898 3305 2145 3367 Paulum,
2176 3314 2288 3357 tra-

724 3394 923 3448 hebant
953 3410 1075 3448 eum
1108 3407 1260 3449 extra
1295 3398 1575 3464 templum,
1610 3406 1662 3450 et
1690 3398 1875 3451 statim
1928 3398 2129 3451 clausa:
2161 3407 2287 3450 sunt

719 3486 918 3553 junuaa.
956 3485 1339 3551 Quatrentibus
1368 3498 1548 3539 autem
1606 3503 1727 3541 eum
1763 3488 2037 3550 occidere,
2069 3490 2287 3541 nuntia-

726 3587 836 3629 tum
876 3587 958 3631 est
1012 3578 1229 3631 ttibutto
1273 3578 1539 3640 cohortis,
1592 3580 1717 3647 quia
1768 3588 1878 3632 tota
1936 3580 2290 3633 confunditur

724 3665 1050 3720 Jerusalem.
1088 3668 1189 3732 Qui
1223 3670 1431 3731 statim,
1456 3671 1751 3737 assumptis
1780 3671 2045 3724 militibus
2072 3681 2125 3725 et
2158 3688 2289 3726 cen-

728 3760 1057 3823 turionibus,
1095 3760 1341 3813 decurrit
1388 3761 1453 3814 ad
1508 3762 1648 3815 illos.
1709 3762 1810 3825 Qui
1871 3778 1993 3816 cum
2027 3764 2291 3817 vidissent

728 3851 1004 3905 tribunum
1057 3862 1110 3906 et
1161 3854 1378 3916 milites,
1420 3864 1773 3908 cessaverunt
1824 3864 2107 3923 percutere
2150 3856 2290 3909 Pan-

728 3941 861 3995 lum.

803 4230 957 4284 Tunc
999 4230 1263 4285 accedens
1321 4231 1579 4287 tribunus
1634 4232 1999 4301 apprehendit
2046 4249 2192 4294 cum.
2240 4242 2293 4287 et

728 4322 891 4389 jussit
928 4336 1050 4374 eum
1078 4320 1286 4389 alligari
1315 4323 1526 4375 catenis
1556 4322 1791 4386 duabus,
1820 4332 1875 4376 et
1923 4323 2294 4390 interrogabat

730 4410 851 4477 quis
929 4419 1094 4470 esset,
1174 4422 1227 4462 et
1277 4408 1406 4477 quid
1454 4408 1691 4464 fecisset.
1758 4410 1864 4462 Alii
1913 4419 2093 4464 autem
2146 4413 2292 4465 aliud

2372 588 2559 653 τηρεῖν
2590 585 2805 646 αύτούς.
2837 603 2856 634 ι
2894 584 3106 653 Ὠσπερ
3135 577 3229 634 οὖν
3278 584 3439 650 ἡμεῖς
3494 580 3721 640 ἐκείνοις
3745 578 3944 630 ἔπετά-

2370 678 2562 747 ξαμεν,
2594 678 2771 731 καίτοι
2816 673 3091 738 Ἰουδαίοις
3139 674 3502 743 κηρύττοντες
3523 713 3536 735 ,
3570 671 3714 723 οὕτω
3746 670 3844 722 καὶ
3874 672 3939 721 σὺ

2367 771 2481 831 τοῖς
2536 768 2714 821 ἔθνεσι
2746 767 3058 838 κηρύσσων,
3098 764 3417 834 σύμπραξον
3448 766 3600 832 ἡμῖν.
3652 763 3940 828 Συγκαταο

2370 860 2585 923 ϐάσεως
2646 860 2804 912 τοῦτό
2840 861 2977 923 ἐστι,
3041 858 3208 926 μηδὲν
3239 855 3617 925 ὑποπτεύσῃς’
3649 854 3745 907 καὶ
3783 854 3845 905 τὸ
3880 855 3941 903 ἐν

2387 951 2785 1021 Ἰεροσολύμοις
2837 951 2895 1003 δὲ
2930 948 3088 1003 τοῦτο
3140 952 3334 1012 ποιεῖν,
3391 948 3648 1017 φορητόν.
3700 946 3937 1014 Ποίησον

2372 1045 2466 1098 οὖν
2493 1046 2651 1099 τοῦτο
2680 1046 2933 1110 ἐνταῦθα,
2964 1046 3052 1098 ἵνα
3101 1044 3193 1112 ἐξῇ
3247 1060 3328 1095 σοι
3356 1040 3508 1112 [ἔξω]
3534 1043 3708 1091 ποιεῖν
3742 1041 3939 1091 έκεῖνο.

2375 1136 2507 1191 Εἶτα
2544 1140 2769 1208 ἐπείσθη
2812 1139 3012 1202 αὐτοῖς,
3069 1137 3317 1207 ἐξυρᾶτο,
3345 1137 3436 1187 καὶ
3482 1134 3656 1186 πάντα
3708 1132 3776 1183 τά
3818 1132 3945 1181 Ἰου-

2373 1229 2532 1281 δαϊκὰ
2565 1228 2829 1281 ἐτέλεσεν.

2946 1373 3193 1426 ΚΕΦΛΛ.
3232 1373 3351 1423 AB'.

2379 1498 2515 1565 Περί
2544 1498 2654 1565 τῆς
2681 1500 2749 1550 ἐν
2774 1498 3170 1565 Ἰερουσαλὴμ
3194 1498 3343 1551 κατὰ
3371 1498 3477 1550 τοῦ
3511 1499 3753 1551 Παύλου
3780 1515 3947 1563 κινη-

2449 1593 2656 1657 θείσης
2679 1592 2947 1656 ἀταξίας,
2980 1591 3138 1656 ὅπως
3156 1608 3219 1644 τε
3246 1590 3432 1643 αὑτὸν
3454 1593 3484 1643 ὀ
3510 1592 3819 1658 χιλίαρχος
3842 1590 3951 1643 τοῦ

2450 1683 2723 1747 πλήθους
2757 1682 3091 1749 ἐξαιρεῖται.

2788 1793 2867 1861 Τῇ
2899 1793 2947 1859 γ’
2992 1793 3089 1860 τῆς
3129 1790 3172 1853 ζ’
3210 1792 3528 1861 ἑϐδομάδος.

2964 1917 3348 1970 ΚΕΙΜΕΝΟΝ.

2452 2026 2584 2077 Τότε
2608 2026 2638 2077 6
2672 2024 2884 2085 Παῦλος
2934 2024 3267 2093 παραλαϐὼν
3301 2027 3426 2086 τοὺς
3471 2026 3684 2094 λινδρας,
3725 2026 3792 2093 τῇ
3829 2024 3950 2094 έχο-

2387 2118 2521 2186 μένῃ
2548 2117 2754 2185 ἡμέρᾳ,
2795 2117 2890 2169 καὶ
2918 2116 3015 2168 σὺν
3045 2117 3227 2177 αὐτοῖς
3255 2117 3553 2184 ἁγνισθεὶς,
3577 2116 3749 2185 εἰσῄει
3784 2118 3866 2177 εἰς
3893 2116 3953 2167 τὸ

2386 2208 2549 2275 ἱερὸν,
2577 2206 2906 2274 διαγγέλλων
2938 2207 3035 2274 τὴν
3077 2206 3423 2275 ἐκπλήρωσιν
3457 2207 3563 2258 τῶν
3605 2208 3706 2276 ἡμε
3718 2207 3829 2275 ρῶν
3860 2206 3951 2257 τοῦ

2383 2300 2674 2368 ἁγνισμοῦ,
2716 2299 2821 2361 ἕως
2855 2291 2917 2350 οὗ
2971 2298 3321 2367 προσηνέχθη
3378 2300 3516 2368 ὑπὲρ
3565 2300 3680 2360 ἑνὸς
3715 2300 3951 2352 ἑκάστου

2383 2391 2563 2443 αὐτῶν
2596 2394 2628 2459 ἡ
2663 2391 2967 2461 προσφορά.
3014 2390 3101 2452 Ὠς
3155 2392 3211 2443 δὲ
3244 2392 3466 2459 ἔμελλον
3500 2394 3554 2443 αἰ
3580 2394 3716 2445 έπτά
3748 2394 3955 2461 ἡμέραι

2388 2480 2776 2541 συντελεῖσθαι,
2801 2482 2851 2532 οἱ
2877 2482 2985 2533 ἀπὸ
3006 2483 3103 2548 τῆς
3143 2482 3325 2545 ’Δσίας
3356 2482 3593 2535 Ἰουδαῖοι
3625 2483 3957 2550 θεασάμενοι

2386 2572 2547 2622 αὑτὸν
2591 2572 2648 2623 έν
2699 2571 2777 2641 τῷ
2806 2570 2955 2639 ίερῷ,
3004 2573 3256 2640 συνέχεον
3305 2573 3391 2625 ἐπ’
3436 2574 3600 2631 αύτίν
3632 2575 3813 2626 πάντα
3866 2576 3959 2625 τὸν

2385 2662 2558 2729 ὄχλον,
2584 2661 2675 2714 καὶ
2702 2662 2966 2715 ἐπέϐαλον
2995 2663 3078 2713 ἐπ’
3100 2663 3262 2715 αὐτὸν
3283 2664 3380 2726 τὰς
3400 2666 3603 2732 χεῖρας,
3631 2662 3957 2733 κράζοντε(’

2392 2753 2619 2822 ’Ἄνδρες
2666 2752 3016 2821 Ἰσραηλῖται,
3060 2753 3337 2821 βοηθεῖτε’
3371 2749 3524 2814 οὗτός
3581 2755 3729 2805 ἐστιν
3779 2756 3807 2805 6
3864 2755 3957 2808 ἄν·

2388 2843 2602 2912 θρωπος
2642 2844 2670 2894 6
2697 2843 2834 2895 κατὰ
2866 2843 2959 2895 τοῦ
2994 2844 3143 2907 λαοῦ,
3192 2844 3283 2895 καὶ
3332 2844 3424 2897 τοῦ
3469 2846 3653 2912 νόμου,
3718 2844 3812 2895 καὶ
3866 2844 3962 2896 τοῦ

2386 2934 2553 2984 τόπου
2584 2933 2795 2997 τούτου,
2840 2936 3047 2995 πάντας
3095 2935 3373 3003 πανταχοῦ
3433 2935 3736 2987 διδάσκων⁸
3788 2935 3870 2987 ἔτι
3901 2953 3960 2987 τε

2389 3026 2483 3077 καὶ
2519 3025 2779 3092 Ἕλληνας
2811 3028 3104 3094 εἰσήγαγεν
3124 3029 3202 3088 εἰς
3227 3027 3289 3078 τὸ
3331 3028 3494 3096 ἰερδν,
3532 3029 3627 3079 καὶ
3661 3029 3961 3079 κεκοίνωκε

2388 3115 2477 3165 τὸν
2534 3114 2591 3179 ὅ.)
2610 3132 2688 3166 ιον
2726 3115 2889 3167 τόπον
2942 3115 3130 3167 τοῦτον
3178 3111 3339 3185 (ἦσαν
3376 3116 3485 3185 γάρ
3540 3118 3960 3185 προεωρακότες

2390 3205 2667 3272 Τρόφιμον
2723 3205 2812 3258 τὸν
2844 3206 3089 3272 Ἐφέσιον
3138 3209 3195 3257 ὲν
3227 3210 3291 3276 τῇ
3325 3207 3501 3259 ἱπόλει
3552 3207 3648 3259 σὺν
3682 3208 3857 3275 αὐτῷ,
3906 3209 3966 3260 ὃν

2392 3297 2638 3363 ἐνόμιζον
2678 3297 2757 3347 ὅτι
2792 3297 2872 3358 εἰς
2902 3297 2962 3348 τὸ
2995 3297 3136 3367 ἱερὸν
3153 3300 3449 3365 εἰσήγαγεν
3481 3301 3508 3351 6
3543 3298 3795 3361 Παῦλος).
3817 3301 3965 3351 Ἐχι-

2394 3385 2529 3454 νήθη
2552 3403 2607 3437 τε
2640 3388 2672 3455 ἡ
2699 3387 2851 3448 πόλις
2872 3388 2989 3457 ὅλη,
3021 3389 3112 3440 καὶ
3130 3389 3346 3455 ἐγένετο
3370 3390 3643 3458 συνδρομὴ
3677 3389 3771 3441 τοῦ
3795 3390 3926 3442 λαοῦ
3949 3407 3963 3418 '

2396 3478 2488 3527 καὶ
2516 3477 2899 3546 ἐπιλαϐόμενοι
2930 3479 3026 3531 τοῦ
3058 3479 3292 3544 Παύλου,
3323 3475 3503 3532 εἷλκον
3534 3482 3697 3532 αὑτὸν
3729 3480 3834 3543 ἔξω
3869 3482 3965 3532 τοῦ

2399 3568 2545 3637 ἰεροῦ
2572 3587 2584 3597 ·
2618 3569 2711 3621 καὶ
2737 3569 2938 3631 εὐθέως
2959 3570 3314 3639 ἐκλείσθησαν
3335 3573 3393 3623 αἰ
3427 3571 3610 3640 θύραι.
3647 3572 3969 3639 Ζητούντων

2392 3658 2449 3709 δὲ
2487 3658 2651 3711 αὐτὸν
2674 3661 3014 3723 ἀποκτεῖναι,
3058 3662 3225 3730 ἀνέϐη
3264 3664 3428 3730 φάσις
3462 3662 3541 3730 τῷ
3566 3664 3834 3733 χιλιάρχῳ
3868 3666 3966 3732 τῆς

2396 3753 2645 3821 σπείρης,
2677 3754 2758 3805 ὃτι
2795 3754 2891 3822 ὅλη
2931 3756 3259 3825 συγκέχυται
3299 3758 3333 3826 ἡ
3372 3757 3758 3825 Ἰερουσαλήμ.
3782 3760 3881 3819 ’ος
3910 3757 3971 3820 ἐξ

2393 3843 2565 3909 αὐτῆς
2625 3843 2958 3912 παραλαϐὼν
3003 3848 3340 3915 στρατιώτας
3372 3849 3466 3898 καὶ
3512 3848 3969 3917 ἑκατοντάρχους,

2395 3935 2734 4005 κατέδραμεν
2758 3940 2846 3989 ἐπ’
2885 3937 3101 3997 αὐτούς.
3133 3938 3196 3990 Oi
3229 3938 3307 4002 δὲ,
3342 3938 3542 3999 ἰδόντες
3564 3938 3655 3989 τὸν
3681 3937 3971 4006 χιλίαρχον

2394 4028 2489 4081 κα)⁵
2517 4029 2644 4091 τοὺς
2675 4029 3367 4098 στρατιώτας,’ὲπαύσαντο
3388 4029 3679 4092 τύπτοντες
3705 4031 3798 4082 τὸν
3823 4031 3972 4083 Παῦ-

2425 4137 2484 4173 ον
2492 4160 2505 4173 .

2464 4229 2600 4281 Τότε
2651 4229 2876 4296 ἐγγίσας
2904 4230 2932 4281 6
2958 4230 3259 4299 χιλίαρχος,
3298 4230 3594 4283 ἐπελάϐετο
3638 4231 3829 4295 αὐτοῦ,
3873 4235 3973 4286 καὶ

2396 4318 2649 4369 ἐκέλευσε
2674 4318 2897 4387 δεθῆναι
2944 4319 3166 4373 ἁλύσεσι
3200 4321 3356 4372 δυσί·
3391 4321 3486 4373 καὶ
3534 4321 3860 4374 ἐπυνθάνετο
3886 4326 3972 4387 τίς

2399 4409 2464 4462 ἄν
2493 4410 2601 4477 εἰη,
2645 4411 2739 4462 καὶ
2776 4410 2829 4462 τί
2878 4412 2995 4463 ἐστι
3039 4412 3379 4478 πεποιηκώς.
3413 4413 3595 4465 ’Δλλοι
3627 4415 3682 4467 δὲ
3746 4416 3873 4467 ἄλλο
3917 4435 3973 4468 τι

731 4503 1039 4555 clamabant
1083 4500 1135 4553 in
1193 4501 1372 4554 turba.
1424 4500 1487 4552 Et
1539 4516 1661 4554 cum
1709 4518 1820 4554 non
1869 4510 2053 4570 posset
2079 4512 2284 4556 certum

2398 4499 2708 4566 ἐπεφώνουν
2741 4501 2799 4553 ὲν
2820 4500 2898 4568 τῷ
2918 4500 3079 4569 ὄχλῳ.
3103 4502 3193 4571 Μὴ
3221 4502 3521 4570 δυναμένου
3551 4504 3607 4555 δὲ
3635 4505 3800 4557 αὐτοῦ
3834 4508 3971 4571 γνῶ-

730 4607 1060 4661 cognoscere
1142 4607 1253 4660 pra:
1319 4592 1575 4657 tumultu,
1633 4592 1800 4661 jussit
1855 4593 1979 4647 duci
2026 4608 2151 4647 cum
2231 4594 2287 4647 in

729 4694 929 4739 castra.
987 4685 1052 4738 Et
1105 4701 1229 4739 cum
1297 4687 1536 4739 venisset
1592 4686 1657 4739 ad
1725 4687 1967 4755 gradus,
2025 4687 2290 4756 contigit,

734 4784 793 4829 ut
850 4785 1157 4845 portaretur
1218 4790 1247 4827 a
1305 4776 1568 4829 militibus
1628 4786 1850 4845 propter
1905 4777 2011 4829 vim
2084 4780 2289 4847 populi.

734 4870 1069 4937 Sequebatur
1145 4869 1289 4922 enim
1356 4868 1643 4921 multitudo
1716 4868 1898 4938 populi
1992 4870 2291 4924 clamans:

733 4956 884 5010 'l‘olle
936 4974 1079 5010 cum.
1127 4959 1357 5013 Etcum
1420 4962 1677 5028 cmpisset
1731 4963 1913 5017 induci
1974 4962 2027 5014 in
2090 4972 2293 5024 castra,

735 5051 933 5104 l‘aulus
978 5051 1109 5105 dicit
1150 5055 1367 5107 tribuno
1410 5072 1423 5107 :
1491 5056 1545 5109 Si
1618 5058 1741 5109 licet
1792 5057 1924 5110 mihi
1973 5058 2119 5123 loqui
2192 5054 2293 5107 ali-

734 5143 861 5209 quid
925 5146 987 5193 ad
1038 5144 1134 5197 te?
1190 5144 1290 5210 Qui
1330 5148 1466 5199 dixit
1507 5164 1521 5200 :
1559 5148 1744 5202 Graece
1786 5148 1971 5202 nosti?
2002 5147 2194 5202 Nonne
2238 5155 2295 5199 tu

736 5250 794 5287 es
827 5233 1137 5303 Aigyptius,
1170 5240 1263 5305 qui
1291 5250 1415 5291 ante
1447 5240 1544 5292 hos
1577 5239 1695 5293 dies
1721 5241 2014 5292 tumultqu
2048 5238 2294 5291 concita-

738 5326 807 5379 sti
836 5336 887 5378 ct
916 5326 1151 5379 eduxisti
1185 5330 1236 5381 in
1269 5329 1543 5381 desertum
1576 5338 1815 5398 quatuor
1856 5331 2024 5383 millia
2053 5331 2293 5383 virorum

740 5413 1107 5465 sicariorum?
1144 5414 1207 5467 Et
1253 5416 1386 5469 dixit
1427 5418 1493 5469 ad
1524 5432 1649 5470 eum
1704 5417 1937 5471 Paulus:
1995 5416 2107 5486 Ego
2137 5417 2298 5469 homo

741 5519 858 5555 sum
910 5504 1128 5572 quidem
1184 5505 1407 5561 Judzeus
1438 5525 1465 5560 ιι
1505 5507 1678 5562 Tarso
1706 5508 1932 5570 Cilicia‘,
1965 5523 2071 5560 non
2102 5509 2300 5577 ignotae

741 5594 978 5645 civitatis
1026 5596 1329 5664 municeps.
1375 5596 1522 5667 Rogo
1554 5607 1733 5651 autem
1784 5605 1857 5656 te,
1890 5596 2138 5663 permitte
2168 5595 2296 5647 mihi

743 5682 888 5751 loqui
922 5683 986 5735 ad
1016 5685 1294 5754 populum.
1335 5685 1543 5740 Etcum
1588 5688 1675 5741 ille
1710 5688 2066 5755 permisisset,
2102 5686 2300 5740 Paulus

745 5782 898 5827 stans
921 5773 973 5825 in
997 5777 1272 5843 gradibus,
1291 5779 1477 5832 annuit
1503 5794 1662 5832 manu
1685 5778 1748 5832 ad
1780 5777 1987 5848 plebem
2012 5788 2061 5833 ct
2106 5793 2300 5847 magno

2396 4608 2483 4642 ναι
2539 4592 2600 4643 τὸ
2627 4592 2867 4659 ἀσφαλὲς
2905 4594 2992 4645 διὰ
3029 4594 3120 4646 τὸν
3155 4594 3403 4662 θόρυϐον,
3456 4596 3745 4648 ἐκέλευσεν
3800 4599 3975 4650 αὐτὸν

2391 4680 2420 4731 ό
2451 4682 2725 4751 χιλίαρχος
2772 4683 2999 4749 ἄγεσθαι
3048 4684 3129 4746 εἰς
3186 4683 3288 4753 τὴν
3344 4685 3716 4755 παρεμϐολήν.
3748 4687 3875 4738 Ὅτε
3910 4690 3973 4740 δὲ

2395 4774 2610 4837 ἐγένετο
2643 4774 2733 4826 ἐπὶ
2775 4775 2902 4836 τοὺς
2929 4775 3299 4844 ἀναϐαθμοὺς,
3354 4778 3552 4846 συνέϐη
3597 4777 3973 4846 βαστάζεσθαι

2394 4864 2555 4916 αὑτὸν
2583 4864 2687 4916 ὑπὸ
2714 4865 2823 4917 τῶν
2874 4865 3224 4934 στρατιωτῶν
3253 4865 3339 4916 διὰ
3366 4866 3466 4934 τὴν
3514 4865 3633 4934 βίαν
3662 4867 3756 4918 τοῦ
3784 4868 3969 4935 ὄχλου.

2407 4955 2703 5024 Ἦκολούθη
2750 4955 2859 5025 γὰρ
2905 4957 2965 5009 τὸ
3012 4956 3212 5023 πλῆθος
3261 4956 3357 5008 τοῦ
3414 4956 3583 5019 λαοῦ,
3626 4958 3924 5027 κράζοντες
3954 4977 3970 4990 ·

2394 5040 2529 5116 Αἶρε
2557 5047 2739 5100 αὐτόν.
2776 5048 3003 5101 Μέλλων
3052 5066 3110 5100 τε
3135 5047 3450 5113 εἰσάγεσθαι
3504 5050 3583 5109 εἰς
3620 5050 3724 5117 την
3751 5067 3972 5121 παρεμο

2397 5138 2557 5207 ϐολὴν
2590 5142 2618 5191 6
2652 5138 2883 5203 Παῦλος,
2920 5139 3070 5205 λέγει
3104 5138 3182 5208 τῷ
3209 5138 3478 5207 χιλιάρχῳ
3503 5154 3516 5166 ·
3562 5137 3623 5189 Εἰ
3664 5139 3844 5202 ἔξεστί
3878 5156 3970 5208 μοι

2402 5230 2575 5281 εἰπεῖν
2623 5246 2677 5282 τι
2728 5230 2865 5297 πρὸς
2924 5229 3024 5291 ai;
3068 5230 3126 5281 Ὀ
3158 5229 3216 5279 δὲ
3266 5229 3411 5297 ἔφη’
3458 5228 3760 5296 Ἑλληνιστὶ
3804 5230 3973 5295 γινώο

2400 5336 2585 5383 σκεις;
2612 5320 2726 5371 Οὐκ
2744 5318 2853 5388 ἄρα
2889 5320 2953 5370 σὺ
2980 5314 3029 5369 εἷ
3064 5321 3092 5370 6
3120 5318 3414 5385 Αἰγύπτιος
3436 5320 3464 5371 6
3492 5321 3599 5388 πρὸ
3632 5319 3835 5372 τούτων
3861 5321 3972 5371 τῶν

2396 5409 2619 5480 ἡμερῶν
2648 5407 3054 5473 ἀναστατώσας,
3085 5413 3177 5461 καὶ
3213 5410 3497 5477 ἐξαγαγὼν
3527 5413 3605 5470 εἰς
3630 5412 3729 5479 τὴν
3759 5412 3971 5479 ἔρημον

2399 5502 2527 5564 τοὺς
2579 5501 3045 5569 τετρακισχιλίους
3094 5500 3295 5569 ἄνδρας
3348 5500 3455 5552 τῶν
3483 5502 3787 5569 σικαρίων;
3832 5498 3971 5553 Εἷπε

2399 5593 2456 5645 δι
2508 5594 2537 5645 6
2595 5592 2845 5655 Παῦλος
2893 5591 3035 5658 Ἐγὼ
3085 5590 3370 5660 ἅνθρωπος
3418 5592 3516 5660 μέν
3567 5593 3682 5660 εἰμι
3714 5590 3971 5654 Ἰουδαῖος

2402 5686 2648 5754 Ταρσεὺς
2668 5684 2767 5753 τῆς
2798 5684 3073 5745 Κιλικίας,
3103 5683 3204 5734 οὐκ
3236 5683 3451 5751 ἀσήμου
3485 5682 3690 5743 πόλεως
3722 5682 3968 5750 πολίτης.

2406 5777 2605 5845 Δέομαι
2630 5776 2686 5827 ὃὲ
2721 5792 2835 5841 σου,
2860 5773 3150 5843 ἐπίτρεψόν
3174 5790 3263 5841 μοι
3288 5772 3519 5842 λαλῆσαι
3548 5771 3680 5841 πρὸς
3707 5774 3800 5825 τὸν
3820 5772 3965 5825 λαόν.
