4164 6444
221 419 361 485 1095

855 420 1389 482 EXPOSITIONIS
1422 422 1496 482 IN
1539 423 1724 481 ACTA
1764 420 2063 481 'l‘EX'l‘US
2094 419 2355 479 ALTER.
2391 443 2456 452 -
2483 418 2640 476 CM’.
2676 417 2860 481 ΧΧΙῘ.

3309 414 3445 484 1025

228 532 656 604 Ἐπιτρέψαντος
685 530 741 584 δὲ
775 528 962 595 αὑτοῦ,
1015 533 1044 582 ὸ
1081 530 1289 594 Παῦλος
1347 533 1516 595 ἑστὼς
1548 534 1639 584 ἐπὶ
1678 532 1784 584 τῶν

1911 530 2108 585 ινριιιῐο
2158 531 2322 592 fat-to,
2378 530 2646 583 allocutus
2695 542 2780 585 est
2834 530 3014 598 lingua
3069 525 3316 595 llebrzea,
3374 533 3456 586 di-

217 624 579 693 ἀναϐαθμῶν,
623 623 907 675 κατέσεισε
940 626 1006 692 τῇ
1042 627 1186 694 χειρὶ
1225 623 1304 691 τῷ
1329 624 1462 692 λαῷ.
1498 624 1703 692 Πολλῆς
1727 624 1784 677 δὲ

221 715 382 783 σιγῆς
420 713 736 781 γενομένης,
780 713 1174 780 προσεφώνησε
1203 715 1268 781 τῇ
1314 711 1553 782 Ἐϐραΐδι
1605 711 1785 764 διαλέ·

222 823 356 874 κτῳ,
390 805 584 871 λέγων.

223 897 470 949 Παύλου
521 893 887 955 κατάστασις
943 891 1076 959 περὶ
1131 891 1340 956 αὐτοῦ,
1394 890 1498 945 καὶ
1549 890 1662 959 τῆς
1701 893 1790 956 είς

549 987 900 1038 ἀπόστολον
935 983 1123 1036 αὑτοῦ
1160 983 1456 1051 κλήσεως.

299 1075 530 1145 ’Δνδρες
554 1074 771 1142 ἀδελφοὶ
806 1074 898 1125 καὶ
933 1075 1189 1141 πατέρες,
1243 1073 1538 1145 ἀκούσατέ·
1559 1090 1661 1140 μου
1693 1072 1789 1140 τῆς

224 1163 364 1232 πρὸς
412 1142 556 1231 ὑμᾶς
590 1162 707 1213 νυνὶ
764 1159 1058 1226 ἀπολογίας
1083 1161 1438 1230 (ἀκούσαντες
1494 1142 1553 1214 δὲ
1605 1164 1687 1215 ὅτι
1721 1164 1786 1232 τῇ

235 1253 480 1320 Ἐὕραῖδι
511 1250 772 1319 διαλέκτῳ
825 1249 1163 1319 προσεφώνει
1193 1251 1399 1314 αὐτοῖς,
1425 1251 1622 1321 μᾶλλον
1647 1246 1791 1322 παῤ-

224 1347 373 1412 εἰκον
419 1342 671 1412 ἡσυχίαν.
744 1342 850 1394 Καί
904 1346 1088 1416 φησιν)
1118 1361 1131 1376 ο
1177 1345 1318 1412 Ἐγώ
1353 1345 1454 1415 μέν
1493 1347 1606 1414 είμι
1654 1346 1792 1415 ἀνὴρ

239 1435 520 1500 Ἰουδαῖος,
563 1437 959 1503 γεγεννημένος
1009 1439 1067 1489 ἑν
1123 1435 1325 1506 Ταρσῷ
1366 1438 1466 1507 τῆς
1516 1437 1790 1501 Κιλικίας,

228 1525 718 1595 ἀνατεθραμμένος
747 1526 800 1577 δὲ
849 1527 905 1577 ὲν
934 1529 1010 1598 ,τῇ
1071 1526 1223 1578 πόλει
1275 1527 1444 1596 ταύτῃ
1477 1527 1629 1596 παρὰ
1666 1529 1792 1591 τοὺς

230 1616 401 1676 πόδας
431 1615 734 1684 Γαμαλιήλ,
771 1615 1200 1684 πεπαιδευμένος
1231 1617 1372 1669 κατὰ
1393 1618 1674 1686 ἀκρίϐειαν
1701 1617 1794 1670 τοῦ

233 1703 490 1776 πατρῴου
525 1705 711 1774 νόμου,
739 1705 987 1775 ζηλωτὴς
1020 1706 1278 1776 ὑπάρχων
1301 1707 1392 1759 τοῦ
1423 1707 1581 1769 Θεοῦ,
1615 1709 1794 1771 καθὼς

229 1800 437 1860 παντες
489 1797 647 1865 ὑμεῖς
698 1799 818 1850 ἐστε
861 1800 1118 1867 σήμερον.
1152 1800 1248 1861 ’ος
1293 1798 1500 1869 ταύτην
1532 1799 1632 1868 τὴν
1681 1799 1798 1851 ὁδὸν

1895 636 2046 676 cens.

1936 891 2092 946 Pauli
2120 894 2360 946 narratio
2395 893 2457 946 de
2487 893 2678 960 seipse,
2717 905 2919 960 suaque
2956 889 3023 943 ad
3073 891 3426 958 apostolalum

2541 984 2824 1037 vocatione.

1969 1074 2134 1141 XXII,
2162 1077 2311 1130 l-ll.
2341 1075 2452 1130 Viri
2475 1073 2669 1129 fratres
2700 1083 2750 1130 et
2772 1083 2973 1144 patres,
2997 1074 3180 1130 audite
3206 1089 3368 1142 quam
3395 1074 3461 1126 ad

1897 1184 1995 1222 vos
2025 1169 2188 1220 reddo
2207 1168 2492 1220 rationem.
2512 1168 2648 1220 Cum
2684 1166 2964 1221 audissent
2981 1177 3186 1228 autem,
3212 1165 3337 1235 quia
3361 1163 3463 1217 Ile-

1899 1259 2040 1312 brtea
2059 1258 2236 1326 lingua
2251 1259 2560 1326 loqueretur
2572 1258 2635 1309 ad
2656 1257 2796 1320 illos,
2819 1257 2992 1325 magis
3011 1255 3466 1324 praestiteruntﬁsi-

1902 1349 2148 1404 lentium.
2199 1346 2261 1401 Et
2295 1349 2427 1401 dicit
2463 1364 2477 1400 :
2530 1347 2640 1416 Ego
2679 1364 2798 1400 sum
2837 1348 2912 1400 vir
2943 1346 3190 1410 Jttdaaus,
3222 1357 3382 1398 natus
3409 1344 3464 1398 in

1901 1440 2072 1496 Tarso
2096 1439 2321 1504 Cilicim,
2358 1439 2597 1493 nutritus
2619 1447 2797 1491 autem
2825 1439 2877 1492 in
2907 1439 3009 1492 ista
3041 1441 3282 1503 civitate,
3307 1451 3466 1493 secus

1901 1534 2064 1602 pedes
2107 1532 2391 1594 Gamaliel,
2427 1529 2673 1584 eruditus
2702 1531 2856 1598 juxta
2885 1531 3169 1584 veritatem
3219 1540 3464 1600 paterna:

1904 1624 2056 1693 legis,
2111 1625 2395 1676 aannulator
2449 1621 2604 1691 legis,
2638 1621 2781 1676 sicut
2817 1628 2871 1675 et
2915 1620 3078 1691 293
3127 1634 3227 1674 vos
3277 1634 3472 1674 omnes

1905 1715 2040 1770 estis
2072 1713 2266 1768 hodie:
2299 1715 2398 1788 “ni
2433 1713 2576 1766 hanc
2611 1713 2749 1765 viam
2781 1723 3105 1779 persecutus
3140 1727 3260 1767 sum
3291 1725 3468 1780 usque

1905 1807 1970 1861 ad
1995 1815 2247 1866 mortem.
2279 1806 2508 1872 alligans
2540 1811 2595 1858 et
2624 1803 2843 1857 tradens
2889 1802 2942 1856 in
2992 1801 3274 1856 custodias
3320 1803 3466 1855 viros

230 1889 431 1954 ἐδίωξα
481 1889 609 1958 ἄχρι
637 1888 894 1952 θανάτου,
921 1889 1200 1959 δεσμεύων
1234 1892 1326 1943 καὶ
1361 1891 1686 1958 παραδιδοὺς
1719 1893 1798 1953 εἰς

1911 1913 1963 1952 sc
1999 1899 2290 1962 mulieres;
2326 1898 2467 1950 sicut
2497 1896 2754 1964 princeps
2779 1892 3125 1948 sacerdotum
3167 1891 3296 1945 mihi
3319 1891 3472 1945 testi-

232 1977 482 2044 φυλακὰς
499 1978 695 2046 ἄνδρας
723 1994 781 2030 τε
803 1979 895 2030 καὶ
924 1983 1205 2045 γυναῖκας,
1233 1979 1308 2041 ώς
1331 1979 1422 2031 καὶ
1454 1982 1481 2030 ὁ
1509 1981 1800 2048 ἀρχιερεὺς

235 2072 510 2138 μαρτυρεῖ
531 2085 622 2136 μοι
662 2071 756 2121 καλ⁸
790 2071 896 2122 πᾶν
917 2071 978 2122 τὸ
1003 2070 1420 2142 πρεσϐυτέριονο
1450 2072 1579 2139 παρ’
1607 2065 1682 2122 ὧν
1708 2071 1801 2121 καὶ

234 2157 524 2220 ἐπιστολὰς
571 2157 864 2228 δεξάμενος
909 2161 1048 2228 πρὸς
1098 2162 1220 2222 τοὺς
1252 2161 1535 2227 ἀδελφοὺς,
1583 2161 1662 2222 είς
1693 2163 1801 2211 Δα-

237 2249 452 2315 μασκὸν
498 2250 863 2320 ἐπορευόμην,
892 2250 1036 2314 ἄξων
1083 2251 1180 2303 καὶ
1233 2252 1362 2313 τοὺς
1413 2253 1595 2302 ἐκεῖσε
1639 2250 1801 2312 ὄντας

233 2339 552 2408 δεδεμένους
577 2343 654 2402 είς
691 2339 1064 2411 Ἰερουσαλὴμ,
1095 2341 1180 2393 ἵνα
1213 2341 1618 2410 τιμωρηθῶσιν.
1652 2339 1801 2407 Ἐγέ-

236 2448 358 2483 νετο
394 2433 451 2483 δέ
485 2449 576 2501 μοι
597 2433 969 2503 πορευομένῳ,
1003 2435 1095 2486 καὶ
1125 2433 1395 2501 ἐγγίζοντι
1425 2435 1492 2503 τῇ
1527 2432 1803 2503 Δαμασκῷ

233 2526 364 2591 περὶ
407 2523 775 2593 μεσημϐρίαν,
809 2525 1065 2594 ἐξαίφνης
1115 2527 1180 2577 ἐκ
1220 2524 1314 2577 τοῦ
1363 2523 1594 2593 οὑρανοὺ
1650 2541 1803 2592 περι-

234 2613 518 2682 αστράψαι
540 2614 654 2681 φῶς
680 2613 860 2667 ἱκανὸν
885 2617 1011 2683 περὶ
1037 2615 1379 2684 ὲμέ.”Επεσά
1402 2631 1460 2667 τε
1488 2617 1566 2676 είς
1603 2613 1663 2666 τὸ
1691 2613 1805 2666 ἔδα⁸

234 2722 356 2773 φκ,
377 2707 472 2755 καὶ
501 2705 709 2776 ηκουσα
730 2705 911 2774 φωνῆς
933 2705 1194 2774 λεγούσης
1233 2723 1325 2774 μοι
1343 2722 1355 2735 ·
1390 2705 1578 2768 Σαοὺλ,
1605 2706 1800 2766 Σαοὺλ,

233 2800 286 2849 τί
325 2814 396 2866 με
427 2795 678 2862 διώκειςς
724 2797 866 2864 Ἐγὼ
894 2799 950 2851 δὲ
997 2797 1330 2867 ἀπεκρίθηνο
1357 2798 1451 2858 Τίς
1487 2792 1558 2861 εἷ,
1597 2796 1800 2866 Κύριες

239 2887 372 2941 Εἷπέ
412 2905 472 2940 τε
509 2889 645 2956 πρός
670 2905 776 2958 με·
819 2887 960 2956 Ἑγὼ
1000 2891 1116 2959 ειμι
1159 2887 1414 2958 Ἰησοῦςδ
1460 2887 1800 2958 Ναζωραῖ⁰ῖ’

234 2984 292 3034 ὃν
333 2985 399 3036 σὺ
441 2979 678 3044 διώκεις.
712 2981 776 3034 Ol.
803 2981 858 3035 δὲ
912 2982 1010 3033 σὺν
1063 2983 1186 3051 ἐμοὶ
1233 2981 1386 3044 ὄντες
1442 2981 1501 3034 τὸ
1555 2981 1654 3051 μὲν
1689 2981 1804 3048 φώς

235 3071 551 3133 ἐθεάσαντο,
575 3073 673 3124 καὶ
701 3071 930 3141 ἔμφοϐοι
970 3070 1219 3138 ἐγένοντο
1241 3108 1256 3135 ,
1288 3074 1386 3140 τὴν
1414 3070 1470 3123 δὲ
1493 3072 1676 3139 φωνὴν
1705 3072 1804 3122 οὑκ

1903 1990 2146 2042 monium
2186 1989 2382 2048 reddit,
2405 1996 2460 2041 et
2485 2002 2674 2040 omnes
2722 1985 2957 2052 majores
3001 1992 3172 2049 natu;
3204 1997 3235 2036 a
3267 1983 3469 2052 quibus

1903 2087 1958 2134 et
1993 2077 2261 2150 epistolas
2299 2077 2578 2145 accipiens
2605 2074 2672 2128 ad
2705 2073 2902 2128 fratres
2937 2071 3263 2126 Damascum
3289 2086 3471 2141 perge-

1904 2172 2049 2233 bam,
2081 2179 2139 2222 ut
2186 2168 2512 2222 adducerem
2562 2167 2687 2221 inde
2734 2167 2948 2220 vinctos
2978 2165 3030 2218 in
3074 2163 3378 2219 Jerusalem
3412 2173 3471 2216 ut

1903 2261 2250 2330 punirentur.
2278 2257 2502 2312 Factum
2553 2267 2638 2312 est
2679 2266 2882 2323 autem,
2916 2267 3081 2311 eunte
3128 2269 3234 2318 me,
3270 2263 3324 2308 et
3376 2268 3472 2322 ap-

1905 2352 2312 2422 propinquante
2339 2347 2602 2402 Damasco
2637 2346 2810 2400 media
2837 2345 2947 2410 die,
2985 2344 3172 2400 subito
3214 2342 3281 2398 de
3332 2343 3474 2397 ccelo

1902 2439 2267 2497 circutnl'ulsit
2296 2455 2381 2492 me
2411 2441 2502 2493 lux
2531 2439 2784 2506 cepiosa:
2816 2444 2872 2491 et
2891 2435 3150 2491 decidens
3174 2435 3227 2487 in
3247 2444 3472 2494 terram,

1903 2533 2085 2587 audivi
2132 2546 2317 2584 vocem
2354 2531 2624 2583 dicentem
2681 2528 2810 2580 mihi
2841 2545 2854 2581 :
2897 2526 3084 2588 Saule,
3121 2524 3308 2587 Saule,
3339 2523 3471 2592 quid

1905 2641 1989 2678 me
2033 2622 2421 2693 persc'queris?
2468 2621 2577 2690 Ego
2626 2629 2802 2674 autem
2866 2616 3161 2685 respondi:
3208 2617 3340 2682 Quis
3393 2623 3477 2668 est

1909 2712 2166 2768 Domine?
2193 2712 2445 2781 Dixitque
2474 2711 2542 2764 atl
2572 2726 2697 2764 tne:
2737 2711 2848 2778 Ego
2869 2725 2987 2764 smn
3035 2707 3199 2763 Jesus
3239 2706 3478 2761 Nazare-

1905 2819 2031 2869 nus,
2072 2819 2233 2872 quem
2291 2813 2346 2857 tu
2392 2801 2759 2871 persequeris.
2798 2800 2863 2853 Et
2911 2800 3004 2868 qui
3045 2813 3259 2852 mecum
3298 2805 3474 2862 erant,

1906 2895 2086 2948 lumen
2113 2893 2331 2964 quidem
2381 2892 2650 2957 viderunt,
2686 2905 2873 2947 vocem
2924 2901 3100 2944 autem
3150 2904 3256 2944 non
3287 2888 3478 2943 audie-

1907 2997 2032 3039 runt
2064 2988 2180 3054 ejus
2217 2986 2306 3054 qui
2343 2985 2667 3053 loquebatur
2695 2998 2927 3037 mecum.
2961 2983 3026 3036 Et
3055 2981 3200 3035 dixi:
3227 2978 3368 3045 Quid
3398 2981 3477 3030 l'a-

1909 3079 2071 3140 ciant,
2105 3077 2333 3129 Domine
2361 3078 2383 3128 ?
2417 3077 2680 3130 Dominus
2703 3081 2884 3128 autem
2913 3072 3051 3126 dixit
3078 3071 3145 3123 ad
3179 3085 3304 3123 tne:
3348 3067 3480 3122 Sur-

236 3164 478 3233 ήκουσαν
507 3163 601 3216 τοῦ
658 3161 944 3224 λαλοῦντός
981 3179 1088 3233 μοι.
1129 3157 1294 3219 Εἶπον
1325 3162 1418 3214 δέ·
1460 3162 1527 3214 Τί
1564 3163 1798 3230 ποιήσω,

239 3254 316 3269 η.
488 3253 544 3269 η.
597 3252 640 3269 ..
706 3251 865 3269 ,μη
961 3246 985 3269 ν
1153 3252 1197 3269 κ,
1327 3251 1472 3269 ,_..
1531 3251 1684 3269 μην

1912 3185 2066 3237 gens,
2111 3168 2245 3222 vade
2286 3167 2632 3231 Damascum,
2661 3174 2714 3220 et
2746 3165 2817 3218 ibi
2845 3163 2940 3219 libi
2975 3162 3186 3217 dicetur
3209 3161 3275 3215 de
3302 3161 3480 3215 omni-

238 3254 448 3322 Κόριες
488 3253 547 3304 '0
593 3252 650 3305 δὲ
706 3251 906 3322 Κύριος
935 3246 1056 3304 εἷπε
1093 3252 1230 3321 πρός
1272 3267 1380 3321 με·
1426 3251 1688 3314 Ἀναστὰς
1713 3269 1808 3304 πο-

240 3347 401 3416 ρεύου
462 3347 540 3406 είς
578 3346 887 3413 Δαμασκὸν,
920 3345 1083 3397 κάκεῖ
1145 3360 1230 3396 σοι
1259 3343 1622 3414 λαληθήσεται
1677 3343 1805 3413 περὶ

239 3441 458 3492 πάντων
492 3432 567 3491 ὧν
597 3427 868 3504 ετέτακταί
923 3453 1005 3489 σοι
1033 3436 1274 3504 ποιῆσαι.
1317 3435 1406 3496 Ὠς
1433 3435 1491 3488 δὲ
1549 3437 1650 3488 οὐκ
1707 3437 1806 3490 ἀν-

1915 3261 2017 3314 bus
2047 3276 2168 3330 qua:
2201 3269 2252 3312 te
2275 3267 2522 3327 Oporteat
2553 3257 2754 3310 facere.
2809 3257 2874 3308 Et
2917 3269 3042 3308 cum
3101 3266 3210 3305 non
3243 3251 3478 3304 viderem

1914 3369 2025 3424 pra:
2054 3353 2299 3405 claritate
2331 3351 2552 3404 luminis
2585 3349 2752 3410 illius,
2809 3348 2875 3402 ad
2909 3361 3129 3400 manum
3160 3343 3424 3399 deductus
3452 3357 3480 3394 a

1917 3443 2230 3502 comitibus,
2266 3441 2384 3494 veni
2416 3439 2763 3492 Damascum.

237 3531 468 3584 έϐλεπον
504 3530 612 3582 ἀπὸ
646 3528 740 3596 τῆς
769 3526 924 3596 δόξης
954 3526 1045 3579 τοῦ
1075 3525 1251 3594 φωτὸς
1284 3525 1513 3587 ἐκείνου,
1549 3528 2051 3600 χειραγωγούμενος
2113 3530 2216 3582 ὑπὸ
2254 3529 2361 3582 τῶν
2425 3528 2690 3581 συνόντων
2755 3542 2867 3596 μοι,
2937 3520 3098 3595 ἦλθον
3169 3523 3252 3585 είς
3298 3523 3483 3591 Δαμχ-

241 3628 389 3680 στάν.

240 3721 378 3786 Περὶ
403 3713 494 3771 ὧν
514 3717 628 3786 ἔφη
659 3719 691 3770 ό
721 3716 1002 3778 Ἀνανίας
1021 3713 1170 3781 πρὸς
1202 3712 1310 3767 τὸν
1336 3715 1580 3768 Παῦλον
1610 3716 1678 3768 ἐν
1707 3719 1817 3769 Δαο

303 3809 525 3878 μασκῷ
543 3826 557 3840 ο
583 3808 878 3872 ὀπτασίας
896 3823 959 3860 τε
976 3807 1069 3859 καί
1094 3804 1300 3873 φωνῆς
1322 3806 1470 3859 Θεοῦ
1490 3807 1815 3874 γενομένης

308 3901 380 3953 ἐν
434 3897 516 3962 τῷ
546 3897 717 3965 ἱερῷ·
767 3895 866 3951 καὶ
913 3896 1001 3948 ὅτι
1051 3895 1298 3964 μέλλων
1347 3899 1381 3948 ὁ
1423 3896 1666 3961 Παῦλος
1714 3897 1816 3950 ἐπι

313 3991 551 4054 τούτοις
597 3990 944 4051 τύπτεσθαι,
985 3986 1169 4040 εἰπὼν
1225 3987 1312 4040 ὅτι
1355 3982 1636 4057 Ῥωμαῖός
1673 3991 1811 4057 εἰμι,

313 4083 521 4148 ἀνέθη.

329 4172 579 4234 ’Δνανίας
627 4171 682 4223 δέ
712 4189 812 4234 τις,
845 4171 983 4240 ἀνὴρ
1032 4170 1264 4236 εὐλαϐὴς
1294 4170 1435 4223 κατὰ
1484 4170 1575 4222 τὸν
1621 4172 1806 4240 νόμον,

250 4265 694 4335 μαρτυρούμενος
739 4263 844 4315 ὑπὸ
896 4265 1117 4316 πάντων
1153 4262 1263 4314 τῶν
1295 4262 1697 4315 κατοικούντων
1750 4264 1809 4315 ἐν

246 4357 525 4426 Δαμασκῷ
566 4355 861 4421 Ἰουδαίων,
917 4355 1086 4408 ἐλθὼν
1118 4355 1252 4424 πρός
1288 4372 1377 4423 με,
1413 4357 1512 4409 καὶ
1559 4357 1806 4419 ἐπιστὰς,

251 4444 370 4498 εἶπέ
404 4464 494 4515 μοι
515 4463 530 4477 ο
573 4446 745 4498 Σαοὺλ
769 4444 988 4514 ἀδελφὴ,
1016 4445 1337 4514 ἀνάϐλεψον.
1376 4445 1544 4512 Καγὼ
1569 4445 1709 4515 αὑτῇ
1740 4447 1806 4515 τῇ

1915 3713 1991 3767 De
2031 3715 2098 3766 iis
2119 3729 2235 3782 qua:
2264 3711 2514 3765 Damasci
2541 3711 2777 3766 Ananias
2819 3707 2889 3761 ad
2932 3705 3159 3761 Paulum
3184 3706 3358 3770 dixit;
3393 3706 3484 3758 de-

1983 3821 2082 3874 quz
2107 3807 2304 3857 visione
2327 3815 2376 3857 et
2412 3819 2532 3857 voce
2564 3803 2656 3856 Dei
2703 3803 2846 3870 facta
2891 3800 2944 3853 in
2991 3797 3180 3866 templo
3210 3813 3227 3850 :
3261 3808 3306 3849 et
3349 3813 3480 3866 quo-

1979 3896 2131 3950 modo
2151 3894 2381 3963 jumjam
2437 3895 2499 3946 ob
2532 3895 2641 3947 Itwc
2698 3892 3075 3954 verberandus,
3102 3889 3190 3942 ubi
3209 3905 3262 3943 se
3296 3887 3487 3941 Roma-

1983 4005 2108 4042 num
2141 3989 2299 4052 dixit,
2333 3989 2586 4040 liberatus
2609 3987 2699 4038 sit.

1988 4162 2152 4227 ΧΧΙΙ,
2178 4161 2356 4215 12-22.
2381 4163 2618 4214 Attamas
2637 4167 2812 4212 autem
2829 4157 3069 4228 quidam,
3088 4157 3169 4210 vir
3185 4156 3484 4212 secundum

1915 4258 2084 4326 legem
2119 4255 2487 4310 testimonium
2517 4252 2723 4306 habens
2754 4253 2820 4304 ab
2837 4251 3093 4304 omnibus
3125 4250 3488 4325 cohabitanti-

1919 4347 2254 4409 busJudmis,
2269 4346 2494 4400 venit-ns
2517 4345 2581 4395 ad
2611 4359 2694 4397 me
2709 4351 2762 4395 et
2777 4350 2962 4395 astans
2982 4341 3118 4394 dixit
3134 4341 3262 4393 tnihi
3287 4357 3302 4394 :
3325 4339 3488 4394 Saule

1916 4439 2106 4501 frater,
2134 4439 2368 4506 respice.
2405 4436 2468 4489 Et
2494 4451 2595 4506 ego
2626 4436 2815 4490 eadem
2844 4436 2976 4487 hora
3008 4434 3221 4501 respexi
3252 4432 3305 4485 in
3339 4447 3484 4485 eum.

248 4537 369 4606 ὥρα
396 4534 667 4604 ἀνέϐλεψα
695 4535 773 4598 εἰς
805 4536 990 4588 αὑτόν.
1035 4535 1093 4588 Ὀ
1137 4534 1192 4587 δὲ
1217 4529 1372 4586 εἶπεν
1395 4548 1410 4563 ⁶
1457 4535 1516 4586 Ὀ
1538 4534 1670 4596 Θεὸς
1702 4533 1804 4586 τῶν

1917 4529 2103 4581 Atille
2130 4527 2298 4582 dixit:
2344 4525 2488 4579 Dens
2532 4533 2746 4593 patrum
2779 4532 3095 4577 nostrorum
3153 4521 3491 4590 praeordina—

250 4629 502 4696 πατέρων
551 4626 705 4696 ἡμῶν
738 4625 1149 4694 προεχειρίσατὸ
1190 4641 1247 4676 σε
1279 4625 1481 4691 γνῶναι
1507 4625 1565 4677 τὸ
1599 4624 1813 4695 θέλημα

249 4716 437 4781 αὑτοῦ,
467 4717 558 4769 καὶ
587 4717 714 4768 ἰδεῖν
760 4716 851 4768 τὸν
889 4716 1118 4779 δίκαιον,
1141 4715 1235 4768 καὶ
1273 4715 1508 4768 ἀκοῦσαι
1542 4716 1726 4785 φωνὴν
1754 4716 1819 4768 ὲκ

251 4802 346 4854 τοῦ
380 4803 647 4871 στόματος
693 4801 895 4855 αὐτοῦ’
949 4802 1030 4854 ὃτι
1079 4802 1176 4872 Ean
1212 4803 1419 4870 μάρτυς
1464 4803 1629 4856 αὑτοῦ
1683 4804 1820 4872 πρὸς

253 4896 463 4954 πάντας
495 4894 838 4964 ἀνθρώπους,
894 4886 970 4946 ὧν
1005 4893 1255 4962 ἑώρακας
1289 4898 1382 4946 καὶ
1424 4895 1683 4964 ἧκουσας.
1710 4896 1820 4948 Καὶ

255 4986 348 5037 νῦν
382 4987 436 5037 τί
480 4986 728 5054 μέλλεις;
757 4984 1020 5046 Ἀναστὰς
1071 4985 1330 5053 βάπτισαι
1373 4987 1465 5038 καὶ
1521 4987 1816 5039 ἀπόλουσαι

252 5076 349 5136 τὰς
382 5073 655 5142 ἁμαρτίας
681 5089 795 5134 σου,
827 5071 1290 5138 ἐπικαλεσάμενος
1336 5071 1398 5123 τὸ
1421 5071 1594 5139 ὄνομα
1628 5072 1815 5127 αὑτοῦ.

269 5166 513 5230 Ἐγένετο
557 5163 612 5214 δέ
646 5179 738 5231 μοι
769 5161 1164 5231 ὑποστρέφοντι
1193 5163 1272 5224 εἰς
1314 5161 1693 5233 Ἰερουσαλὴμ,
1726 5163 1820 5214 καὶ

257 5255 677 5326 προσευχομένη)
717 5269 806 5320 μοι
865 5255 924 5304 ὲν
951 5251 1029 5321 τῷ
1071 5251 1221 5322 ἱερῷ,
1263 5252 1518 5318 γενέσθαι
1545 5270 1611 5321 με
1648 5254 1706 5304 ὲν
1730 5255 1820 5305 ὲκ-

260 5351 469 5408 ortiost,
512 5348 606 5398 καὶ
653 5346 780 5398 ίδείν
825 5344 986 5397 αὑτὸν
1010 5344 1238 5412 λέγοντά
1289 5361 1378 5414 μοι
1405 5360 1420 5374 ·
1450 5345 1692 5398 Σπεῦσον
1729 5345 1821 5396 καὶ

257 5440 440 5504 ἔξελθε
475 5440 532 5490 ἐν
567 5439 720 5506 τάχει
757 5437 816 5501 ἐξ
855 5437 1212 5506 Ἰερουσαλήμ
1236 5452 1248 5466 ·
1285 5435 1420 5490 διότι
1470 5437 1531 5489 οὑ
1587 5436 1823 5506 παραδέ-

259 5532 438 5596 ξονταί
465 5547 558 5580 σου
586 5531 684 5596 τὴν
719 5527 1031 5597 μαρτυρίαν
1060 5529 1187 5596 περὶ
1222 5525 1379 5595 ἐμοῦ.
1414 5527 1585 5596 Κάγὼ
1635 5523 1818 5579 εἷπονο

261 5623 455 5693 Κύριε,
485 5624 634 5674 αὑτοὶ
674 5623 991 5673 ἐπίστανται
1037 5619 1119 5670 ὅτι
1171 5619 1280 5686 ἐγὼ
1310 5620 1458 5690 ήμην
1507 5618 1821 5687 φυλακίζων

261 5717 355 5768 καὶ
399 5715 574 5782 δέρων
620 5711 760 5764 κατὰ
804 5710 904 5773 τὰς
946 5709 1266 5778 συναγωγὰς
1311 5710 1435 5772 τοὺς
1465 5709 1819 5771 πιστεύοντας

264 5811 350 5860 ἐπὶ
380 5807 439 5858 σέ
468 5823 481 5836 ·
539 5805 632 5858 καὶ
692 5806 779 5857 ετε
809 5803 1087 5872 ἐξεχύνετο
1132 5804 1192 5856 τὸ
1243 5797 1382 5872 αἷμα
1425 5804 1695 5870 Στεψανου
1725 5803 1816 5857 τοῦ

1922 4621 2019 4685 vit,
2058 4632 2116 4673 ut
2155 4633 2514 4688 Cognosceres
2569 4616 2902 4669 voluntatem
2957 4611 3099 4682 ejus,
3159 4621 3214 4666 et
3274 4613 3488 4666 videres

1915 4712 2148 4781 justum,
2182 4717 2236 4764 et
2275 4709 2494 4762 audires
2550 4720 2738 4759 vocem
2791 4720 2857 4760 ex
2903 4719 2997 4758 ore
3028 4705 3148 4770 ejus
3175 4719 3189 4767 ;
3219 4705 3343 4773 quia
3381 4703 3489 4757 eris

1921 4804 2077 4857 testis
2109 4802 2257 4855 illius
2287 4801 2352 4853 ad
2389 4813 2576 4851 omnes
2611 4798 2860 4850 homines
2908 4811 3123 4858 eorum,
3152 4811 3274 4863 qua:
3305 4795 3485 4848 vidisti

1918 4901 1973 4946 et
2007 4892 2230 4946 audisti.
2263 4891 2327 4942 Et
2357 4905 2500 4943 nunc
2537 4888 2667 4957 quid
2701 4887 2933 4941 moraris
2961 4886 2982 4937 ?
3014 4885 3278 4954 Exsurge,
3312 4895 3363 4938 et
3394 4886 3490 4938 ba-

1921 4983 2149 5051 ptizare,
2197 4989 2252 5034 et
2309 4979 2468 5032 ablue
2526 4990 2749 5044 peccata
2799 4985 2912 5039 tua,
2965 4975 3218 5028 invocnto
3270 4975 3490 5028 nomine

1923 5074 2115 5142 ipsius.
2161 5069 2385 5124 Factum
2420 5079 2506 5123 est
2526 5078 2704 5121 autent
2740 5067 3032 5120 revertenti
3068 5066 3197 5118 mihi
3249 5066 3300 5117 in
3330 5063 3487 5118 Jeru-

1921 5165 2114 5227 salem,
2136 5174 2190 5218 et
2213 5163 2387 5216 oranti
2422 5163 2476 5214 in
2507 5161 2726 5228 templo,
2746 5158 2858 5235 ﬁeri
2895 5173 2979 5210 me
3002 5158 3053 5210 in
3089 5163 3312 5224 stupore
3337 5171 3489 5208 men-

1923 5255 2078 5320 tis,et
2109 5254 2284 5307 videre
2310 5251 2742 5305 illumdicenlem
2770 5250 2896 5303 mihi
2924 5267 2937 5301 :
2964 5247 3204 5308 Festina,
3229 5250 3371 5302 etexi
3396 5265 3484 5302 ve-

1923 5347 2185 5401 lociterex
2208 5345 2526 5406 Jerusalem,
2549 5345 2804 5413 quoniam
2830 5358 2936 5396 non
2965 5343 3226 5410 recipient
3248 5343 3489 5395 testimo—

1924 5439 2073 5491 nium
2105 5447 2251 5491 tnutn
2278 5436 2466 5491 deme.
2491 5436 2549 5490 Et
2573 5451 2672 5504 ego
2697 5437 2810 5488 dixi
2838 5454 2850 5488 :
2883 5435 3249 5503 Domine,ipsi
3283 5434 3486 5498 sciunt,

1921 5531 2045 5600 quia
2073 5545 2170 5598 ego
2196 5545 2344 5584 erant
2369 5528 2698 5588 concludens
2716 5529 2767 5581 in
2792 5542 3065 5582 carcerem
3080 5537 3132 5582 et
3155 5526 3370 5582 easdens
3397 5541 3492 5596 per

1921 5637 2222 5693 synagogas
2256 5635 2352 5676 cos
2380 5622 2469 5691 qui
2495 5621 2859 5689 credebantﬁn
2888 5629 2940 5673 te
2968 5628 3054 5673 :et
3081 5632 3204 5672 cum
3236 5618 3493 5672 tundere-

1921 5724 2011 5767 tur
2033 5714 2254 5782 sauguis
2285 5713 2542 5783 Stephani
2569 5713 2726 5768 testis
2752 5713 2853 5775 tui,
2883 5726 2983 5780 ego
2999 5712 3270 5774 astabam,
3297 5722 3348 5765 et
3368 5727 3494 5764 con-

1921 5807 2216 5860 sentiebant
2249 5815 2303 5860 et
2344 5805 2718 5861 eusmdicham
2785 5803 3102 5859 vestimenta
3153 5802 3488 5858 interﬁcien-
