4164 6444
735 530 867 579 tium
896 526 1065 577 illum.
1100 526 1161 576 Et
1192 522 1330 575 dixit
1365 521 1430 573 ad
1462 535 1548 574 me
1597 538 1610 574 :
1650 521 1813 589 297
1846 519 2010 583 Vade,
2046 522 2307 589 quoniam

733 633 835 687 ego
867 619 919 669 iu
957 617 1205 668 nationes
1242 616 1399 682 longe
1426 612 1635 665 mittam
1667 622 1740 665 te.
1784 611 2091 664 Audiebant
2114 625 2294 663 anu-ni

733 726 857 765 cum
881 722 1048 775 usque
1078 706 1141 759 ad
1162 706 1264 759 hoc
1287 707 1591 767 verlmm,et
1613 704 1931 758 levaverunt
1948 721 2129 758 vocem
2146 720 2299 758 suam

732 803 1005 856 dicentes:
1038 797 1190 852 Tolle
1236 798 1301 850 de
1331 806 1473 849 terra
1503 795 1813 863 hujusmodi
1842 812 1854 847 :
1887 812 1993 849 non
2027 797 2171 849 enim
2219 796 2300 849 Ias

731 901 812 945 est
842 906 964 943 eum
999 890 1206 942 vivere.
1237 886 1680 940 Vociferantibus
1711 900 1894 939 autem
1926 888 2027 948 eis,
2076 894 2131 938 et
2172 900 2300 953 pro-

727 982 1043 1049 jicicntibus
1073 981 1396 1033 vestimenta
1422 993 1543 1042 sua,
1574 988 1628 1032 et
1662 978 2300 1047 pulveremjactantibus

730 1075 781 1123 in
814 1088 1013 1133 aerem,
1042 1066 1206 1137 jussit
1242 1071 1500 1124 tribunus
1547 1070 1731 1123 induci
1762 1084 1886 1121 cum
1930 1068 1983 1121 in
2016 1078 2217 1133 castra,
2247 1077 2302 1122 et

728 1163 951 1231 ﬂagellis
990 1162 1144 1225 caedi,
1175 1170 1229 1214 et
1264 1162 1507 1230 torqueri
1549 1176 1697 1223 eum,
1744 1168 1801 1213 ut
1848 1161 2038 1224 sciret,
2078 1172 2302 1231 prepter

724 1270 887 1322 quam
924 1268 1145 1305 causam
1187 1253 1264 1306 sic
1297 1254 1662 1305 acclamarcnt
1700 1251 1772 1303 ei.
1816 1250 1874 1304 Et
1912 1267 2039 1304 cum
2095 1253 2301 1305 astrin-

728 1349 934 1399 xissent
987 1359 1110 1398 eum
1167 1344 1317 1405 loris,
1374 1343 1507 1395 dicit
1566 1342 1765 1396 astanti
1826 1344 1930 1397 sibi
1988 1342 2297 1395 centurioni

725 1435 962 1488 Paulus:
1013 1435 1068 1486 Si
1113 1434 1386 1486 hominem
1440 1431 1751 1487 Romanum
1815 1443 1869 1487 ct.
1928 1435 2297 1486 indemnatum

726 1529 849 1579 licet
901 1526 1059 1579 vobis
1104 1514 1426 1594 Ilagellnre'?
1472 1526 1591 1589 Quo
1642 1526 1852 1585 audito,
1914 1525 2165 1577 centurio
2211 1540 2303 1579 ac-

722 1620 886 1672 cess-it
917 1618 980 1671 ad
1034 1620 1337 1679 tribunum,
1368 1628 1419 1670 et
1466 1618 1739 1671 nuntiavit
1769 1619 1841 1679 ei,
1884 1618 2113 1672 dicens:
2157 1618 2297 1682 Quid

722 1721 947 1764 acturus
997 1711 1102 1763 es?
1173 1709 1271 1762 llic
1302 1710 1446 1762 enim
1504 1712 1666 1763 homo
1696 1710 1831 1763 civis
1864 1708 2145 1763 Romanus
2192 1720 2294 1763 est.

722 1802 1000 1854 Accedens
1032 1810 1208 1854 autem
1242 1801 1514 1864 tribunus,
1551 1802 1687 1854 dixit
1720 1801 1832 1853 illi:
1866 1801 1959 1853 Dic
1990 1801 2121 1852 mihi
2156 1802 2199 1853 si
2231 1811 2289 1854 tu

1601 419 2181 477 THEOPHYLACTI
2228 420 2639 479 BUI.GARI.E
2668 418 3024 477 ARCHIEP.

3843 414 3989 477 1023

2411 524 2695 593 μάρτυρός
2729 540 2844 587 σου,
2876 524 2969 575 καὶ
3003 521 3163 585 αὐτὸς
3192 522 3339 590 ἥμην
3375 521 3635 589 ὲφεςτὼς,
3664 520 3756 573 καὶ
3794 537 3985 571 συνευ-

2404 617 2581 669 δοκῶν
2601 619 2667 686 τῇ
2698 617 2981 686 ἀναιρέσει
3012 615 3201 679 αὐτοῦ,
3247 616 3341 667 καὶ
3378 615 3666 682 φυλάσσων
3697 613 3767 664 τὰ
3789 615 3987 680 ἱμάτιά

2404 706 2513 759 τῶν
2533 708 2901 777 ἀναιρούντων
2921 708 3102 760 αὐτόν.
3133 706 3240 759 Καὶ
3267 703 3387 758 εἷπε
3414 705 3548 773 πρός
3578 721 3643 773 με
3668 720 3682 734 ⁸
3712 704 3983 770 Πορεύου,

2402 798 2485 849 ὅτι
2512 798 2622 865 ἐγὼ
2651 803 2731 860 είς
2784 799 2909 867 ἔθνη
2962 799 3181 867 μακρὰν
3234 797 3578 860 ἐξαποστελῶ
3622 812 3704 849 σε.
3742 796 3985 845 Ἤκουον

2402 888 2460 942 δὲ
2491 892 2660 943 αὐτοῦ
2689 892 2819 960 ἄχρι
2842 892 3032 944 τούτου
3057 890 3152 943 τοῦ
3181 891 3364 958 λόγου,
3393 891 3489 943 καὶ
3521 891 3734 961 ἐπῆραν
3754 906 3856 957 την
3871 906 3983 955 φω-

2402 981 2500 1051 νὴν
2523 984 2703 1036 αὐτῶν
2726 985 3001 1050 λέγοντες·
3033 978 3165 1054 Αἶρε
3191 983 3298 1035 ἀπὸ
3316 984 3413 1051 τῆς
3444 983 3547 1051 γῆς
3576 981 3668 1033 τὸν
3697 980 3939 1032 τοιοῦτον
3964 996 3979 1008 ·

2401 1072 2465 1124 οὐ
2487 1074 2596 1143 γὰρ
2622 1074 2863 1140 καθῆκον
2890 1074 3053 1126 αὐτὸν
3082 1074 3201 1144 ζῇν.
3236 1074 3682 1143 Κραυγαζόντων
3711 1071 3770 1123 δὲ
3794 1071 3980 1123 αὐτῶν

2401 1164 2498 1218 καὶ
2533 1167 2835 1234 ῥιπτόντων
2868 1167 2937 1218 τὰ
2976 1164 3189 1234 ἱμάτια,
3216 1165 3313 1216 καὶ
3363 1164 3640 1231 κονιορτὸν
3674 1162 3981 1232 βαλλόντων

2399 1258 2479 1318 εἰς
2502 1258 2592 1308 τὸν
2650 1259 2808 1328 ἀέρα,
2840 1259 3124 1310 ἐκέλευσεν
3155 1261 3182 1310 6
3219 1258 3495 1327 χιλίαρχος
3534 1256 3852 1322 εἰσάγεσθαι
3876 1256 3977 1305 αὖ-

2399 1348 2492 1400 τὸν
2544 1352 2624 1410 είς
2654 1349 2753 1418 τὴν
2782 1350 3157 1419 παρεμϐολὴν,
3192 1349 3365 1401 εἰπὼν
3420 1347 3675 1415 μάστιξιν
3714 1346 3979 1407 ἀνετάζε-

2403 1438 2525 1490 σθαι
2552 1440 2736 1503 αὐτὸν,
2764 1440 2849 1492 ἵνα
2879 1440 3085 1508 ἐπιγνῷ
3105 1439 3172 1491 δι’
3213 1442 3279 1508 ἢν
3317 1439 3498 1490 αἰτίαν
3532 1438 3703 1499 οὕτως
3761 1436 3981 1503 ἐπεφὼο

2399 1547 2524 1580 νουν
2550 1529 2720 1597 αὐτῷ.
2759 1530 2850 1592 Ὠς
2870 1530 2927 1581 δὲ
2955 1530 3263 1599 προέτεινον
3290 1530 3454 1582 αὐτὸν
3478 1530 3591 1590 τοῖς
3623 1528 3833 1597 ίμάσιν,
3855 1521 3979 1576 εἷπε

2402 1622 2539 1690 πρὸς
2575 1620 2666 1673 τὸν
2704 1622 2916 1674 ἑστῶτα
2971 1623 3369 1691 ἑκατόνταρχον
3402 1622 3429 1672 6
3482 1619 3732 1680 Παῦλος’
3779 1618 3844 1669 Et
3887 1617 3979 1669 ἄν·

2402 1711 2621 1780 θρωπον
2685 1712 2957 1780 Ῥωμαῖον
3011 1714 3107 1764 καὶ
3158 1714 3523 1781 ἀκατάκριτον
3578 1710 3789 1775 ἔξεστιν
3846 1709 3980 1777 ὑμῖν

2404 1804 2723 1871 μαστίζειν;
2763 1805 3027 1866 Ἀκούσας
3051 1806 3108 1857 δὲ
3157 1806 3186 1857 ό
3214 1805 3631 1873 ἑκατόνταρχος,
3662 1800 3981 1871 προσελθὼν

725 1892 997 1946 Romanus
1027 1910 1082 1947 es
1105 1894 1127 1944 ?
1153 1895 1217 1945 At
1238 1893 1324 1946 ille
1352 1893 1525 1945 dixit:
1552 1893 1752 1946 Etiam.
1784 1892 1849 1945 Et
1893 1893 2173 1962 respondit
2201 1895 2297 1947 tri-

2401 1894 2476 1963 τῷ
2533 1896 2820 1964 χιλιάρχῳ,
2853 1895 3176 1965 ἀπήγγειλε,
3214 1895 3584 1963 λέγων’-Ὅρα
3645 1894 3699 1945 τί
3758 1892 3980 1961 μέλλεις

723 1985 935 2036 bnnus:
980 1985 1090 2050 Ego
1132 1985 1303 2036 multa
1341 1998 1551 2037 summa
1580 1986 1858 2037 civitatem
1909 1985 2050 2039 hanc
2103 2002 2301 2041 conse-

721 2086 881 2129 cutus
925 2091 1068 2130 snm.
1101 2076 1194 2139 [Et
1242 2075 1441 2129 Paulus
1488 2077 1598 2128 ait:
1645 2076 1755 2147 Ego
1786 2087 1990 2138 autem,
2022 2085 2079 2129 et
2135 2086 2300 2131 natus

727 2182 876 2220 sum.
934 2164 1189 2219 Protinus
1251 2180 1381 2233 ergo
1422 2166 1792 2220 discesserunt
1838 2167 1909 2219 ab
1940 2167 2031 2219 illo
2052 2170 2143 2234 qui
2174 2182 2297 2220 eum

721 2258 915 2310 tortnri
958 2267 1134 2312 erant.
1187 2255 1469 2312 Tribunus
1527 2272 1745 2328 quoque
1773 2259 1978 2323 timuit,
2008 2266 2296 2327 postquam

723 2348 962 2412 rescivit,
996 2349 1118 2417 quia
1153 2349 1291 2402 civis
1325 2348 1605 2405 Romanus
1635 2357 1803 2414 esset,
1834 2359 1889 2404 et
1915 2351 2043 2421 quia
2085 2350 2301 2420 alligas-

722 2447 799 2490 St‘l
840 2453 983 2489 011111.

1244 2724 1475 2778 CAPUT
1531 2724 1770 2779 XXXIII.

723 2838 854 2903 Qut
920 2836 1146 2896 Paulus.
1203 2855 1318 2888 cum
1367 2837 1715 2891 descendisset
1745 2840 1797 2891 in
1829 2841 2131 2903 concilium,
2171 2860 2291 2908 pas-

793 2947 881 2980 sus
916 2939 992 2983 cst
1023 2970 1036 2990 ,
1086 2945 1301 2999 quosque
1329 2930 1487 2993 dixit,
1522 2938 1570 2983 et
1606 2930 1860 2997 praeclare
1887 2931 1988 2983 sibi
2018 2934 2294 2985 consulens

792 3023 934 3086 fecit.

796 3112 961 3175 XXII,
982 3113 1069 3166 50.
1096 3110 1519 3193 Postera‘autem
1559 3111 1648 3165 die
1682 3113 1871 3167 volens
1893 3115 2035 3168 seire
2061 3114 2294 3185 diligent-

2404 1990 2599 2039 ποιεῖν.
2642 1987 2700 2040 ’0
2723 1989 2830 2057 γὰρ
2856 1987 3138 2057 ἄνθρωπος
3158 1980 3312 2048 οὗτος
3339 1986 3604 2054 Ῥωμαῖός
3635 1986 3772 2037 ἐστι.
3798 1985 3981 2053 Προσ-

2404 2079 2573 2131 ελθὼν
2637 2080 2694 2131 δὲ
2740 2083 2767 2131 6
2793 2081 3091 2149 χιλίαρχος,
3120 2076 3272 2131 εἶπεν
3300 2079 3447 2145 αὑτῷ
3472 2094 3484 2107 ⁸
3520 2077 3656 2143 Λέγε
3697 2094 3809 2146 μοι,
3830 2077 3880 2127 εἰ
3912 2076 3976 2126 σὺ

2418 2169 2683 2239 Ῥωμαὶῑδς
2704 2168 2783 2236 εἷ;
2804 2171 2928 2223 Ὀδὲ
2948 2171 3072 2239 ἔφη’
3089 2172 3216 2224 Ναί.
3237 2170 3530 2239 ’Λπεκρίοη
3542 2170 3641 2221 τεό
3656 2168 3937 2237 χιλίαρχος
3962 2182 3978 2196 ο

2414 2262 2559 2329 Ἐγὼ
2591 2262 2786 2314 πολλοῦ
2822 2263 3121 2329 κεφαλαίου
3152 2262 3252 2330 τὴν
3276 2262 3552 2313 πολιτείαν
3580 2260 3782 2325 ταύτην
3810 2260 3979 2325 ἐκτη-

2404 2356 2605 2423 σάμην.
2652 2355 2711 2406 Ὀ
2730 2355 2784 2406 δὲ
2814 2355 3023 2416 Παῦλος
3048 2354 3185 2423 ἔφη·
3238 2354 3377 2420 Ἐγὼ
3403 2354 3460 2405 δὲ
3490 2352 3583 2405 καὶ
3615 2352 3977 2419 γεγέννημαι.

2402 2447 2616 2508 Εὐθέως
2648 2442 2745 2497 οὖν
2772 2446 3089 2516 ἀπέστησαν
3122 2448 3219 2498 ἀπ’
3248 2444 3417 2497 αὐτοῦ
3471 2446 3521 2496 οἱ
3554 2443 3835 2512 μέλλοντες
3880 2442 3982 2493 αὑ-

2401 2538 2490 2588 τὸν
2521 2536 2802 2598 ἀνετάζειν
2826 2553 2840 2567 ·
2874 2540 2967 2589 καὶ
2993 2539 3020 2589 ό
3044 2537 3318 2606 χιλίαρχος
3342 2537 3398 2588 δὲ
3422 2535 3688 2603 ἐφοϐήθη,
3717 2533 3980 2600 ἐπιγνοὺς

2399 2626 2481 2678 ὅτι
2524 2626 2793 2696 Ῥωμαῖός
2824 2630 2964 2688 ἐστι,
3001 2631 3096 2681 καί
3123 2630 3205 2680 ὅτι
3240 2630 3401 2680 αὐτὸν
3426 2625 3493 2697 ἧν
3521 2626 3774 2688 δεδεκώς.

2973 2742 3226 2794 ΚΕΦᾹΛ.
3260 2741 3345 2792 ΛΓ
3361 2747 3393 2792 ’.

2400 2850 2557 2901 Ὅσα
2611 2852 2867 2914 Παῦλος,
2901 2852 3158 2915 καταῧίις
3196 2853 3281 2915 εις
3306 2852 3371 2902 τὸ
3400 2850 3743 2916 συνέδριον,
3790 2850 3974 2905 sxa“

2470 2960 2553 3001 τε.
2587 2944 2685 2994 καὶ
2726 2940 2874 3005 εἷπε,
2907 2944 3005 2995 καὶ
3033 2945 3370 3008 εὐθυόὀλως
3402 2943 3643 3009 ἔπραξε.

2474 3132 2552 3199 Τῇ
2589 3128 2646 3182 δὲ
2678 3128 2939 3198 ἑπαύριον
2981 3128 3301 3197 βουλόμενος
3350 3126 3552 3194 γνῶναι
3604 3125 3665 3178 τὸ
3713 3125 3981 3192 ἀσφαλὲς,

722 3202 855 3263 tius,
879 3216 981 3269 qua
1008 3216 1070 3255 ex
1108 3216 1272 3255 causa
1287 3195 1649 3279 éccusarctur
1669 3218 1699 3256 a
1725 3201 1948 3269 Iudaeis,
1969 3204 2129 3257 solvit
2148 3222 2297 3270 enin,

2401 3220 2482 3281 τὸ,
2518 3219 2571 3270 τί
2596 3222 2982 3289 κατηγορεῖται
3018 3219 3121 3270 ὑπὸ
3160 3219 3268 3270 τῶν
3308 3217 3599 3278 Ἰουδαίων,
3648 3216 3835 3267 ἔλυσεν
3883 3216 3984 3267 αὑ-

721 3302 774 3347 et
794 3293 959 3361 Ᾰιιδείι
982 3296 1293 3349 sacerdotes
1314 3297 1622 3361 convenire,
1642 3303 1695 3351 ct
1718 3313 1879 3352 omne
1895 3300 2210 3365 concilium,
2244 3312 2297 3355 et

724 3384 1030 3452 producens
1066 3385 1316 3449 Paulum,
1348 3386 1543 3440 statuit
1573 3388 1714 3440 inter
1747 3388 1891 3442 illos.

1229 3583 1792 3640 COMMENTARIUS.

802 3718 819 3749 ι
865 3697 1017 3752 Tolle
1044 3714 1188 3752 cum.
1230 3717 1247 3750 ι
1288 3698 1401 3752 Mos
1434 3709 1553 3752 erat
1604 3698 1806 3753 ludatis
1863 3700 2004 3753 hanc
2051 3700 2296 3769 proferre

726 3804 909 3841 vocem
938 3797 1128 3841 contra
1151 3788 1331 3857 justos
1363 3789 1474 3859 (58)
1495 3790 1640 3842 sicut
1661 3798 1715 3841 et
1738 3798 1929 3841 contra
1962 3789 2251 3845 Dominum
2279 3810 2293 3847 :

731 3899 747 3928 ι
794 3876 942 3929 Tolle
969 3892 1167 3938 eum,»
1220 3876 1323 3929 hoc
1381 3883 1469 3929 est
1544 3877 1610 3929 de
1666 3892 1894 3930 numero
1973 3878 2292 3934 viventium.

724 3968 1013 4038 Aigyptius
1043 3978 1222 4021 autem
1246 3968 1335 4036 (de
1369 3983 1478 4036 quo
1498 3968 1585 4023 hic
1608 3969 1840 4039 mentio)
1874 3970 2037 4023 homo
2071 3971 2292 4040 quidem

724 4065 822 4117 fuit
857 4064 1112 4116 novitatis
1140 4072 1373 4126 amator,
1404 4064 1726 4133 seditiosus,
1769 4065 2039 4133 iuipostor
2065 4076 2121 4119 et
2159 4080 2295 4134 pra:-

724 4155 998 4224 stigiator.
1030 4153 1272 4220 Cupiens
1315 4152 1499 4221 itaque
1536 4152 1786 4205 diabolus
1821 4154 2134 4221 criminum,
2174 4170 2295 4224 qua:

725 4247 802 4297 illi
881 4244 1318 4309 conveniebant,
1388 4241 1618 4296 Paulum
1682 4255 1996 4299 consortem
2061 4246 2295 4301 reddere

726 4334 1209 4405 (quemadmodum
1234 4343 1289 4388 et
1314 4333 1503 4388 eodem
1562 4344 1809 4404 tempore
1870 4336 2153 4390 Christqu
2189 4337 2289 4391 Do-

727 4428 965 4493 minum)
1018 4425 1280 4478 excitavit
1312 4425 1481 4494 298
1509 4424 1787 4481 Lominem
1843 4427 2019 4490 illum,
2056 4438 2117 4481 ut
2152 4429 2294 4482 inter

2402 3312 2495 3362 τὸν
2541 3312 2648 3363 ἀπὸ
2683 3312 2793 3362 τῶν
2825 3311 3062 3379 δεσμῶν,
3104 3310 3199 3362 καὶ
3228 3310 3512 3362 ἐκέλευσεν
3549 3306 3824 3360 συνελθεῖν
3851 3307 3983 3367 τοὺς

2399 3397 2673 3466 ἀρχιερεῖς
2709 3399 2804 3449 καὶ
2829 3398 2936 3448 πάν
2970 3396 3032 3448 τὸ
3064 3396 3333 3465 συνέδριον
3358 3395 3535 3447 αὐτῶν
3554 3409 3568 3422 ·
3609 3410 3703 3446 και
3733 3408 3981 3458 καταγα-

2399 3483 2512 3550 γὼν
2548 3485 2637 3538 τὸν
2666 3483 2897 3548 Παῦλον,
2928 3483 3152 3551 ἔστησεν
3190 3485 3268 3544 εἰς
3302 3480 3516 3543 αὐτούς.

3005 3590 3388 3645 ΕΡΜΗΝΕΙΑ.

2474 3702 2633 3765 Ἐθος
2678 3703 2791 3764 τοῖς
2824 3701 3119 3763 Ἰουδαίοις,
3166 3700 3370 3770 ταύτην
3408 3700 3584 3768 λέγειν
3640 3702 3741 3769 τὴν
3796 3703 3982 3769 φωνὴν

2398 3795 2540 3847 κατὰ
2569 3790 2949 3859 τῶνδικαίων,
2980 3792 3054 3855 ὡς
3080 3794 3173 3844 καὶ
3206 3790 3346 3847 κατὰ
3377 3790 3472 3843 τοῦ
3513 3792 3751 3861 Κυρίουο
3790 3812 3807 3843 ι
3846 3787 3981 3861 Αἶρε

2398 3889 2581 3952 αὑτὸν,
2623 3905 2644 3939 ι
2690 3886 2809 3938 ἀντὶ
2836 3883 2954 3950 τοῦ,
2998 3885 3242 3954 Ἔπαρον
3284 3884 3444 3935 αὐτὸν
3483 3884 3545 3935 ὲκ
3581 3884 3688 3935 τῶν
3734 3883 3979 3946 ζώντων.

2398 3972 2565 4038 Οὗτος
2596 3975 2626 4027 ό
2660 3973 2953 4040 Αἰγύπτιος
3005 3974 3285 4042 ἄνθρωπος
3328 3988 3411 4033 τις
3450 3967 3519 4041 ἦν
3567 3971 3977 4039 νεωτεροποιὸς,

2398 4066 2492 4117 καὶ
2524 4062 2872 4132 στασιαστὴς,
2902 4061 2998 4113 καὶ
3030 4060 3304 4121 ἀπατεὼν,
3354 4062 3447 4111 καὶ
3480 4059 3631 4128 γόης.
3663 4060 3774 4110 Καὶ
3807 4058 3979 4110 θέλωιν

2395 4156 2424 4205 ό
2470 4152 2713 4215 διάϐολος
2774 4152 3028 4204 κοινωνὸν
3087 4152 3260 4202 ποιεῖν
3321 4148 3533 4202 Παῦλον
3592 4149 3701 4200 τῶν
3782 4151 3979 4217 ἐκείνῳ

2398 4245 2783 4314 προσηκόντων
2813 4242 3195 4311 ἐγκλημάτων,
3223 4240 3410 4307 ὥσπερ
3434 4242 3526 4292 καὶ
3554 4239 3647 4291 ἐπὶ
3674 4239 3770 4291 τοῦ
3838 4242 3977 4307 Χρι-

2400 4337 2527 4390 στοῦ
2559 4338 2702 4388 κατά
2728 4336 2820 4387 τὸν
2852 4336 3043 4404 καιρὸν
3070 4336 3297 4394 ἐκεῖνον,
3319 4333 3592 4400 διήγειρεν
3615 4332 3779 4384 αὑτὸν
3810 4349 3975 4400 τερα-

2394 4427 2646 4481 τεύεσθαι
2708 4427 2767 4478 ὲν
2818 4427 2932 4488 τοῖς
2986 4423 3281 4483 Ἰουδαίοις.
3343 4419 3559 4490 Ἐπειδὴ
3614 4420 3672 4473 δέ
3730 4438 3899 4488 φησιν
3948 4422 3981 4472 6

724 4514 944 4568 Iudaeos
990 4523 1241 4580 portenta
1310 4516 1556 4582 quautam
1618 4526 1960 4584 operaretur.
2024 4518 2291 4583 Quoniam

2401 4517 2676 4587 χιλίαρχος
2704 4531 2718 4545 ⁸
2781 4533 2800 4566 ι
2836 4515 2910 4567 Σὺ
2957 4509 3007 4565 εἷ
3036 4515 3065 4565 ὁ
3115 4511 3452 4579 Δίγύπτιος;
3509 4511 3711 4574 εὐθέως
3781 4512 3975 4563 ἑαυτὸν

728 4623 854 4659 Vero
909 4609 1168 4661 tribunus
1221 4605 1390 4661 Paulo
1452 4608 1589 4663 dixit
1623 4626 1636 4662 :
1667 4628 1686 4660 ι
1738 4608 1932 4666 Nonne
1993 4624 2049 4667 tu
2094 4628 2153 4666 es
2210 4612 2298 4667 ille

726 4698 1067 4767 Aﬂgyptius?
1108 4715 1127 4749 ι
1160 4698 1303 4752 hanc
1349 4708 1408 4752 ut
1458 4699 1545 4753 ille
1596 4710 1872 4755 aiiioverct
1906 4703 2300 4771 suspicionem,

727 4806 779 4843 ei
818 4804 990 4859 genus
1024 4805 1184 4842 suum
1222 4800 1275 4844 et
1304 4790 1619 4860 religionem
1668 4807 1831 4860 quam
1860 4794 2096 4857 colebat,
2151 4809 2301 4848 con-

729 4882 906 4935 festim
982 4882 1399 4948 nianifestavit,
1446 4883 1588 4937 sicut
1655 4894 1711 4937 et
1767 4885 1899 4939 alibi
1956 4901 2015 4940 se
2074 4904 2093 4936 ι
2127 4885 2305 4955 legiti-

730 4989 876 5026 mum
910 4989 928 5022 ι
969 4972 1169 5028 CbriSti
1201 4973 1569 5042 appellavit“.
1606 4973 1798 5027 Sicarii
1829 4986 2008 5027 autem
2046 4975 2303 5030 dicuntur

734 5067 995 5128 latrones,
1031 5064 1215 5132 parvis
1271 5064 1601 5133 quibusnam
1650 5066 1847 5133 gladiis
1906 5075 2143 5131 utentes,
2203 5068 2294 5136 qui

737 5156 1109 5224 magnitudine
1158 5153 1449 5208 Persarum
1506 5156 1781 5221 acinaces,
1844 5158 2115 5211 curvitate
2170 5173 2297 5211 vero

735 5244 1100 5297 ltoinanorum
1129 5246 1276 5300 sicas
1307 5244 1551 5298 referunt
1591 5264 1603 5300 :
1638 5263 1701 5300 ex
1742 5248 1947 5316 quibus
1972 5248 2293 5301 sicariorum

735 5351 930 5389 nomen
964 5336 1080 5405 ejus
1111 5337 1321 5404 generis
1348 5337 1662 5394 hominibus
1687 5340 1937 5395 adhaesit.
1972 5341 2114 5394 Sunt
2146 5355 2293 5405 vero,

794 5515 838 5545 ¹²
883 5518 896 5567 l
932 5516 1056 5570 Cor.
1089 5534 1164 5582 ix,
1192 5518 1282 5570 ‘21.

2399 4610 2601 4676 ταύτης
2632 4606 2882 4675 ἀπήγαγε
2930 4608 3028 4674 τῆς
3070 4604 3322 4672 ὑποψίας,
3358 4605 3454 4656 καὶ
3496 4603 3557 4654 τὸ
3612 4601 3764 4662 ἔθνος
3804 4604 3977 4653 εἰπὼν

2402 4699 2499 4751 κα)⁵
2519 4698 2619 4767 τὴν
2650 4696 2969 4765 θρησκείαν.
3008 4694 3117 4747 Καὶ
3157 4695 3265 4764 γὰρ
3315 4695 3406 4746 καὶ
3451 4691 3684 4762 ἀλλαχοῦ
3750 4692 3979 4760 ἔννομον

2402 4789 2595 4843 ἑαυτὸν
2634 4787 2727 4840 τοῦ
2794 4787 3030 4857 Χριστοῦ
3082 4788 3255 4843 καλεῖ.
3314 4786 3557 4857 Σικάριοι
3614 4786 3671 4838 δὲ
3722 4784 3976 4851 λέγονται

2402 4882 2617 4952 λῃσταὶ,
2662 4880 2908 4949 ξιφιδίοις
2954 4879 3243 4948 χρώμενοι,
3294 4878 3690 4948 παραπλησίοις
3756 4878 3854 4945 μὲν
3918 4878 3980 4927 τὸ

2410 4976 2635 5045 μέγεθος
2656 4975 2766 5037 τοῖς
2800 4973 2906 5025 τῶν
2934 4973 3158 5042 Περσῶν
3188 4973 3498 5031 ἀκινάκαις,
3531 4970 3870 5037 ἐπικαμπέσι
3920 4969 3975 5020 δὲ

2402 5070 2497 5120 καὶ
2528 5067 2729 5136 ὁμοίοις
2756 5066 2877 5126 ταῖς
2909 5063 3013 5115 ὑπὸ
3050 5061 3338 5128 Ῥωμαίων
3363 5062 3541 5120 σικαῖς
3575 5058 3939 5127 καλουμέναις
3966 5080 3969 5083 δ

2403 5159 2495 5223 ἀφ’
2524 5151 2598 5209 ὧν
2626 5157 2721 5209 καὶ
2748 5156 2848 5223 τὴν
2879 5151 3252 5223 προσηγορίαν
3284 5151 3334 5202 oi
3364 5148 3718 5221 λῃστεύοντες
3759 5147 3973 5200 ἔλαϐον.

2407 5248 2590 5301 ’Δλλοι
2609 5247 2685 5311 δὲ,
2715 5246 2925 5315 αἵρεσίν
2947 5261 3067 5296 τινα
3090 5243 3241 5312 παρά
3292 5241 3560 5303 Ἰουδαίοις
3593 5239 3613 5311 [
3640 5241 3853 5308 ἐᾳασαν
3900 5236 3965 5291 εἷ-

2404 5357 2515 5393 ναι.
2554 5339 2713 5408 Τρεῖς
2752 5338 2859 5405 γάρ
2889 5338 3028 5388 εἰσιν
3054 5335 3294 5403 αἱρέσεις
3318 5335 3533 5401 γενικαὶ
3566 5334 3718 5402 παρὰ
3760 5333 3975 5386 Ἰουδαί.

1906 5612 2107 5671 Variaa
2138 5610 2443 5671 lectiones
2485 5618 2547 5670 et
2589 5616 2782 5671 notae.

807 5732 917 5795 058i
950 5733 1371 5803 Chrysostomus
1431 5735 1518 5787 hic
1573 5735 1752 5795 habet,
1789 5733 1912 5784 καθ’
1947 5727 2022 5786 ὧν
2056 5734 2121 5785 ἂν
2149 5738 2287 5785 aito-

734 5804 1025 5871 φαίνοιντο,
1070 5815 1249 5858 contra
1286 5821 1371 5858 eos
1398 5845 1411 5868 ,
1441 5819 1569 5871 quos
1627 5806 1940 5856 damnarent
1982 5820 1999 5855 :
2034 5804 2176 5871 quo-I
2226 5803 2309 5858 sic

2393 5736 2692 5803 generatim
2725 5733 2930 5787 dictum
2979 5731 3178 5785 melius
3226 5745 3284 5785 sc
3310 5730 3494 5795 habet,
3524 5744 3688 5800 quam
3722 5731 3975 5786 determi-

2416 5814 2544 5859 nate
2573 5804 2776 5867 dicere,
2808 5811 2991 5857 contra
3019 5803 3215 5867 justas.
