4164 6444
168 430 300 494 1029

759 428 1298 487 ΕΧΡΟὲὀΙΤΙΟΝΙΞ
1341 428 1418 486 ιν
1458 428 1641 485 ACTA
1678 425 1763 483 ΤΕ

1866 425 1976 481 'US
2011 424 2278 484 ALTER.
2319 451 2380 459 —-
2410 424 2564 483 CAP.
2604 424 2829 483 XXIII.
2902 452 2911 463 -

3298 421 3434 486 1030

163 539 290 609 οις·]
346 538 656 608 Φαρισαῖοι,
713 535 1081 599 Σαδδουκαῖοι,
1112 536 1207 587 καὶ
1272 535 1538 604 Ἐσσηνοί.
1600 527 1759 586 Οὗτοι

1866 533 1951 598 qui
1986 532 2215 587 sicarios
2243 546 2406 585 unam
2435 547 2499 586 ex
2523 531 2837 586 Judmorum
2867 530 3033 587 sectis
3056 545 3177 586 esse
3224 543 3429 603 putent-

158 634 243 683 τὸν
270 632 386 699 βίον
428 630 757 697 σεμνότερον
786 626 1037 689 ἀσκοῦσι,
1091 625 1409 694 φιλάλληλοι
1453 625 1609 687 ὄντες
1655 625 1753 677 καὶ

157 721 445 787 ἐγκρατεῖς
464 736 477 749 ·
507 718 588 768 διὸ
629 716 721 768 καὶ
756 716 1006 784 Ἐσσηνοὶ
1034 714 1554 784 προσαγορεύονται,
1586 714 1754 782 ἦτουν

159 814 319 865 ὅσιοι.
377 810 561 862 Ἀλλοι
589 810 644 862 δὲ
694 808 890 868 αὐτοὺς
929 807 1211 875 σικαρίους
1256 807 1546 868 ἐκάλεσαν,
1592 805 1755 874 ήτουν
1800 845 1811 855 .

160 904 431 972 ζηλωτάς.
476 920 494 953 ι
521 903 581 954 Ei
624 899 910 969 ἄνθρωπον
944 896 1235 966 Ῥωμαῖον.
1277 915 1295 948 t
1334 898 1449 949 Ούκ
1488 895 1757 963 ἐψεύσατο

161 996 375 1056 Παῦλος
414 994 685 1060 Ῥωμαῖον
716 991 909 1045 ἑαυτὸν
976 988 1238 1050 καλέσας,
1278 987 1457 1040 καίτοι
1503 987 1757 1046 Ἰουδαῖος

162 1089 450 1155 ὑπάρχων,
490 1086 563 1146 ὡς
598 1086 694 1138 καὶ
725 1083 885 1145 αὐτὸς
926 1081 1032 1151 πρὸ
1078 1079 1259 1145 ὀλίγου
1302 1078 1428 1148 ἔφη.
1477 1078 1610 1130 Ἀπὸ
1648 1077 1754 1146 γὰρ

171 1177 459 1246 Ἀδριανοῦ
492 1177 691 1245 σύνέὁη
720 1176 931 1238 πάντας
958 1170 1099 1226 εἶναι
1141 1170 1468 1239 Ῥωμαίους.
1497 1169 1756 1236 Μεγάλην

162 1270 268 1339 γὰρ
318 1266 464 1337 εἶχον
506 1268 627 1320 τότε
673 1267 931 1336 πρόνοιαν
984 1264 1035 1316 οἱ
1090 1262 1264 1324 οὕτως
1301 1259 1617 1329 ἀξιούμενοι
1652 1276 1752 1312 κα-

160 1362 396 1414 λεῖσθαι.
435 1359 607 1412 Τοῦτο
627 1358 683 1411 δέ
711 1375 896 1426 φησιν,
931 1357 1018 1433 ἵνα
1045 1355 1120 1425 μὴ
1167 1352 1508 1424 μαστιχθείς,
1531 1353 1757 1406 εὐκατα-

160 1455 433 1523 φρόνητος
480 1452 725 1520 γένηται.
776 1449 839 1501 Εί
895 1449 1002 1517 γὰρ
1057 1447 1384 1517 ὲμάστιξαν.
1440 1446 1534 1497 καὶ
1614 1461 1757 1514 παρ-

163 1542 405 1610 έτρεψαν
448 1541 514 1592 ἂν
553 1541 612 1592 τὸ
648 1541 901 1609 πρᾶγμα,
932 1537 1023 1590 καὶ
1058 1536 1384 1588 ἀπέκτειναν
1412 1534 1597 1585 αὐτόν.
1642 1532 1756 1584 Νῦν

160 1632 235 1696 δὲ,
269 1634 322 1683 εξ
362 1634 456 1684 καὶ
497 1630 517 1701 [
548 1631 622 1699 μὴ
661 1628 778 1699 Ῑ-δϋ
812 1630 1017 1696 ἕτερον,
1050 1626 1187 1678 ἀλλά
1226 1641 1286 1691 γε
1319 1624 1406 1676 διὰ
1462 1623 1641 1687 τοῦτο,
1695 1623 1755 1675 οὐ

163 1724 328 1790 μόνον
350 1723 453 1774 οὐκ
502 1720 822 1791 ὲμάστιξαν,
871 1718 1008 1772 ἀλλὰ
1050 1719 1144 1771 καὶ
1182 1715 1478 1770 ἀπέλυσαν.
1540 1733 1558 1766 ι
1610 1716 1670 1769 'O
1700 1715 1757 1768 δὲ

163 1810 376 1872 Παῦλος
410 1809 537 1877 ἔφη.
583 1829 600 1859 ι
638 1809 919 1861 Δείκνυσιν
958 1802 1053 1860 οῦν
1098 1807 1127 1858 6
1168 1804 1400 1869 Παῦλος,
1451 1805 1532 1857 δτι
1578 1804 1673 1858 καὶ
1728 1806 1758 1857 6

1865 620 2001 676 Tres
2059 624 2205 677 enim
2269 631 2401 678 sunt
2464 623 2745 692 generales
2811 622 2933 691 ejus
2987 625 3170 693 gentis
3222 633 3432 676 sectae:

1858 730 2056 784 nempe
2096 714 2382 782 Pharisaei,
2423 713 2784 776 Saddueatiet
2811 714 3027 769 Esseni.
3086 713 3181 769 Isti
3223 717 3436 770 ceteris

1858 809 2234 863 honestiorem
2269 810 2436 863 vitam
2466 809 2699 872 ducunt,
2736 822 2801 865 ac
2836 819 3027 865 mutuo
3074 826 3133 865 se
3176 810 3434 882 diligunt,

1857 910 1912 952 et
1942 899 2343 953 continentiam
2388 900 2598 954 colunt.
2633 899 2816 965 Quare
2846 898 3033 955 Esseni
3070 902 3433 971 appellantur,

1858 992 2017 1058 quasi
2049 990 2179 1055 osii,
2210 990 2260 1044 id
2293 998 2379 1043 est
2407 992 2606 1055 sancti,
2630 1007 2769 1059 quos
2807 991 2899 1046 alii
2944 992 3174 1048 sicarios
3213 1004 3430 1057 vocant,

1859 1080 1963 1134 ltoc
2011 1091 2116 1146 est,
2148 1084 2375 1136 zelotas.
2414 1099 2431 1130 ι
2474 1078 2529 1134 Si
2572 1081 2845 1136 hominem
2900 1082 3228 1136 Romanum.
3264 1101 3283 1134 ι
3314 1082 3430 1137 Non

1861 1172 2052 1241 utique
2075 1174 2443 1228 mentiebatur
2490 1172 2692 1226 Paulus
2722 1187 2845 1226 sese
2883 1172 3194 1228 Romanum
3250 1175 3436 1244 appel-

1859 1262 2004 1325 lans,
2041 1264 2259 1317 tametsi
2304 1262 2525 1318 Judaeus
2548 1271 2712 1326 esset,
2758 1270 2818 1315 ttt
2850 1262 2966 1331 ipse
3000 1264 3161 1330 paulo
3193 1271 3320 1316 ante
3349 1262 3435 1315 tli-

1859 1359 2031 1405 xerat.
2065 1350 2196 1403 Nam
2229 1352 2297 1404 ab
2330 1352 2555 1405 Adriani
2590 1360 2836 1421 tempore
2863 1351 3120 1422 contigit,
3152 1362 3211 1406 ut
3241 1368 3434 1407 omnes

1858 1451 2051 1497 essent
2100 1441 2374 1508 Ilmnani;
2414 1458 2609 1512 magna
2644 1446 2790 1497 enim
2834 1443 2975 1497 ratio
3008 1444 3228 1497 illorum
3265 1444 3435 1497 hahe-

1860 1535 2039 1599 batur,
2067 1536 2159 1605 qtti
2199 1537 2337 1589 hanc
2369 1536 2601 1605 gratiam
2629 1537 2911 1589 consecuti
2932 1545 3111 1597 erant,
3155 1546 3211 1587 ttt
3244 1536 3316 1587 ita
3347 1550 3437 1604 apo

1861 1627 2051 1694 pellari
2086 1637 2334 1696 possent.
2367 1627 2479 1683 Iloc
2500 1640 2683 1684 autem
2739 1630 2959 1684 dicebat
3015 1628 3219 1684 Paulus
3251 1645 3340 1693 ne,
3389 1632 3435 1683 si

1860 1717 2090 1787 ﬂagellis
2121 1721 2441 1782 mederetur,
2490 1722 2545 1773 in
2587 1731 2960 1789 contemptum
2994 1722 3156 1775 facile
3206 1723 3434 1776 veniret.

1862 1811 1923 1864 Et
1956 1810 2177 1880 quidem
2227 1813 2271 1867 si
2309 1812 2674 1881 ﬂagellassent
2726 1830 2874 1879 eum,
2937 1823 2991 1867 et
3049 1828 3163 1867 rem
3219 1828 3435 1867 omnem

162 1902 352 1971 πατὴρ
374 1902 538 1953 αὑτοῦ
576 1900 844 1969 Ῥωμαῖος
878 1895 967 1969 ἦν.
1018 1899 1131 1969 Πρὸ
1165 1899 1273 1967 γὰρ
1304 1895 1400 1950 τοῦ
1425 1898 1751 1968 γεννηθῆναι

1866 1911 2173 1971 pervertere
2227 1904 2561 1973 potuissent,
2602 1919 2665 1957 ac
2721 1905 2884 1958 etiam
2943 1919 3068 1958 eum
3108 1903 3434 1957 interficere.

162 1994 253 2046 τὸν
287 1992 520 2054 Παῦλον,
544 1992 918 2061 γεγενημένης
950 1993 1050 2056 τῆς
1073 1988 1328 2053 Κιλικίας
1362 1989 1470 2041 ὑπὸ
1519 1990 1757 2059 Ῥωμαί-

163 2104 279 2150 ους,
315 2087 534 2153 ἀνάγκη
568 2085 663 2136 καὶ
690 2084 873 2147 αὑτὸν,
903 2081 977 2144 ὡς
1018 2082 1149 2134 ὅντα
1197 2081 1286 2133 ὑπ’
1339 2080 1559 2145 αὐτοὺς,
1620 2080 1753 2132 Ῥω-

167 2181 328 2247 μαῖον
352 2177 514 2230 εἶναι.
545 2177 694 2237 Τέως
712 2174 768 2227 δὲ
796 2173 938 2228 κατὰ
961 2174 1059 2243 τὴν
1082 2172 1421 2243 προφητείαν
1451 2170 1753 2240 ἐδεσμεύθη

165 2271 223 2321 ὲν
267 2268 651 2339 Ἰερουσαλήμ.
689 2266 753 2319 Τί
784 2265 878 2319 οῦν
911 2265 1019 2319 ἀπὺ
1066 2264 1260 2317 τούτου
1292 2262 1534 2331 γίνεται;
1574 2261 1758 2324 Λύσας

165 2361 483 2427 κατήγαγεν
531 2360 693 2412 αὑτθιν
764 2357 902 2426 πρὸς
947 2356 1076 2418 τοῦς
1131 2354 1437 2414 Ἰουδαίους.
1480 2354 1597 2406 Οὐκ
1648 2353 1756 2421 ἄρα

164 2451 364 2517 ψεῦδος
392 2446 484 2520 ἦν,
514 2450 598 2502 ὃτι
638 2448 905 2517 Ῥωμαῖος
941 2441 1030 2517 ἦν.
1080 2463 1099 2499 ι
1145 2443 1420 2514 Ἐφοεήθη
1476 2444 1606 2513 γὰρ,
1657 2461 1759 2512 φη-

170 2544 275 2602 σὶν,
329 2544 357 2594 6
407 2541 705 2611 χιλίαρχος,
768 2539 1025 2604 ἐπιγνοὺς
1081 2538 1162 2590 ὅτι
1226 2536 1498 2606 Ῥωμαῖός
1559 2538 1696 2600 ἐστι,
1733 2552 1752 2585 ι

168 2634 455 2687 τουτέστιν
501 2631 877 2701 ἀξιωματικοῦ
917 2632 1111 2697 γένους
1144 2630 1295 2684 ὄντα.

1857 1990 2014 2047 Nunc
2046 2008 2195 2059 vero,
2249 1994 2334 2048 sin
2369 1994 2441 2047 ob
2490 1994 2677 2058 aliam,
2709 2002 2858 2047 certe
2893 1994 2964 2045 oh
2991 1995 3150 2045 istam
3193 2006 3435 2054 causam,

1860 2100 1967 2139 non
1998 2086 2175 2139 solum
2215 2100 2319 2138 non
2348 2084 2781 2151 ﬂagellaverunt,
2813 2084 2908 2137 sed
2937 2085 3102 2136 etiam
3141 2098 3169 2135 a
3202 2083 3437 2137 vinculis

1859 2174 2165 2227 solverunt.
2214 2191 2233 2224 ι
2272 2173 2479 2227 Paulus
2518 2174 2615 2226 ait.
2669 2190 2687 2222 ι
2738 2172 2947 2225 lndicat
3001 2170 3228 2237 Paulus,
3269 2170 3437 2223 etiam

1861 2274 2073 2333 patrem
2124 2279 2283 2319 suum
2344 2264 2651 2317 Romanum
2706 2262 2896 2317 fuisse.
2942 2263 3247 2331 Antequam
3293 2260 3439 2315 enim

1864 2353 2068 2409 Paulus
2095 2364 2436 2421 nasceretur,
2464 2360 2588 2410 cum
2614 2355 2806 2409 Cilicia
2830 2353 3089 2409 Romana:
3111 2351 3337 2407 ditionis
3361 2349 3441 2404 fa-

1863 2456 1951 2500 cta
1984 2456 2155 2512 esset,
2202 2463 2428 2503 necesse
2476 2446 2582 2501 fuit
2641 2455 2699 2501 ut
2760 2446 2807 2500 is
2860 2445 3049 2509 etiam,
3103 2451 3289 2513 utpote
3334 2441 3442 2497 illis

1863 2537 2173 2605 subjectus,
2227 2539 2510 2593 Romanus
2553 2546 2723 2593 esset.
2766 2537 2988 2591 Interim
3044 2545 3250 2599 tamen,
3284 2533 3440 2602 juxta

1865 2628 2037 2698 Agabi
2077 2630 2436 2698 prophetiam,
2462 2630 2716 2699 alligatus
2746 2637 2830 2683 est
2861 2628 2916 2682 itt
2940 2627 3266 2682 Jerusalem.
3299 2624 3439 2689 Quid

173 2739 363 2793 postea
392 2725 663 2795 contigit?
704 2723 882 2777 Solvit
937 2738 1062 2776 eum
1117 2723 1373 2775 tribunus
1404 2730 1459 2775 et
1488 2720 1646 2775 duxit
1680 2719 1749 2773 ad
1786 2718 2026 2775 Iudaeos.
2062 2719 2200 2776 Vere
2251 2722 2437 2792 itaque
2504 2720 2707 2777 Paulus
2754 2719 3037 2774 Romanus
3102 2724 3241 2772 erat.
3290 2732 3309 2766 ι
3350 2713 3442 2767 Ti—

188 2817 327 2869 muit
393 2816 567 2879 enim,
624 2815 829 2883 inquit,
890 2813 1146 2866 tribunus
1201 2821 1494 2882 postquam
1575 2810 1821 2876 rescivit,
1862 2812 1989 2880 quia
2034 2812 2175 2868 civis
2242 2812 2545 2879 Romanus,
2597 2831 2616 2864 ι
2677 2810 2781 2867 hoc
2830 2819 2916 2865 est
2973 2807 3175 2865 nobilis
3220 2818 3440 2877 genere.

174 2921 312 2964 erat.

592 3003 677 3072 Τῇ
713 3002 767 3056 δ’
814 3002 913 3069 τῆς
941 2998 996 3064 ς’
1028 3000 1345 3070 ιοδομάδος.

778 3090 1169 3145 KEIMENON.

2180 3002 2334 3056 Feria
2378 3001 2412 3055 4
2468 3001 2822 3054 hebdomadas
2862 2999 3129 3071 septimm.

2499 3090 2802 3145 TEXTUS.

255 3186 536 3247 ’Λτενίσας
578 3185 633 3237 δὲ
682 3185 711 3236 6
749 3183 962 3246 Παῦλος
1014 3184 1073 3235 ὲν
1112 3181 1193 3251 τῷ
1249 3180 1511 3250 συνεδρίῳ
1563 3174 1753 3232 εἶπενο

1931 3181 2119 3246 XXIII,
2160 3185 2241 3237 I-I
2261 3185 2304 3249 I,
2326 3183 2615 3238 Intendens
2636 3194 2815 3236 autem
2843 3181 3203 3237 inconcilium
3218 3179 3439 3248 Paulus,

180 3279 407 3348 ’Δνδρες
443 3275 684 3341 ἀδελφοὶ,
728 3274 839 3341 ἐγὼ
861 3273 1008 3342 πάσῃ
1035 3272 1339 3340 συνειδήσει
1384 3270 1562 3341 άγαθῇ
1589 3285 1759 3322 mtto-

177 3372 431 3439 λίτευμαι
490 3367 568 3436 τῷ
618 3366 738 3435 Θεῷ
776 3367 904 3434 ἄχρι
932 3364 1136 3433 ταύτης
1175 3362 1275 3432 τῆς
1320 3362 1553 3431 ἡμέρας.
1597 3361 1657 3414 '0
1701 3361 1759 3414 δὲ

178 3462 470 3531 ἀρχιερέας
501 3456 749 3517 Ἀνανίας
777 3454 1006 3517 ἐπέταξε
1039 3456 1150 3514 τοῖς
1202 3451 1547 3520 παρεστῶσιν
1587 3449 1756 3518 αὐτῷ,

179 3554 405 3606 τύπτειν
436 3550 601 3602 αὑτοῦ
629 3550 690 3601 τὸ
720 3549 914 3615 στόμα.
945 3546 1077 3598 Τότε
1110 3548 1138 3599 6
1161 3544 1372 3607 Παῦλος
1417 3543 1553 3611 πρὸς
1600 3542 1760 3595 αὐτὸν

181 3640 330 3696 εἷπε·
371 3642 608 3693 Τύπτειν
642 3655 697 3689 σε
733 3637 916 3707 μέλλει
945 3637 973 3687 6
1008 3636 1159 3697 Θεὸς,
1198 3636 1344 3703 τοῖχε
1386 3633 1758 3701 κεκονιαμένε.

182 3736 285 3785 Καὶ
305 3734 374 3786 σὺ
414 3729 557 3799 κάθῃ
583 3728 781 3797 κρίνων
810 3742 877 3794 με
936 3725 1080 3777 κατὰ
1111 3725 1203 3776 τὸν
1236 3724 1421 3791 νόμον,
1464 3723 1559 3775 καὶ
1583 3736 1764 3791 παρα-

184 3825 365 3896 νομῶν
405 3822 646 3882 κελεύεις
713 3836 779 3887 με
803 3815 1141 3881 τύπτεσθαι;
1207 3815 1270 3866 Οί
1304 3814 1360 3866 δὲ
1415 3812 1765 3880 παρεστῶτες

184 3913 335 3968 eli-.09
367 3916 446 3984 τῷ
470 3912 666 3980 Παύλῳ
690 3927 704 3940 ·
742 3911 846 3963 Τδν
879 3908 1139 3977 ἀρχιερέα
1165 3906 1259 3959 τοῦ
1300 3904 1435 3958 Θεοῦ
1466 3904 1762 3972 λοιδορεῖςς

188 4010 330 4077 Ἔφη
350 4024 406 4058 τε
435 4007 465 4056 6
489 4004 692 4064 Παῦλος
717 4017 731 4030 ·
766 4002 879 4055 οὐκ
906 4001 1074 4070 ᾔδειν,
1107 3998 1345 4066 ἀδελφοὶ,
1371 3998 1451 4049 ὅτι
1478 3994 1767 4065 ἀρχιερεύς

186 4101 318 4150 ἐστι.
369 4096 683 4164 Γέγραπται
726 4093 853 4161 γὰρ,
887 4094 995 4154 ὅτι,
1029 4090 1300 4158 ’Ἄρχοντα
1345 4086 1443 4138 τοῦ
1486 4085 1615 4136 λαοῦ
1671 4101 1765 4136 σου

186 4192 282 4241 οὐκ
314 4190 461 4257 ἐρεῖς
489 4184 695 4246 κακῶς.
727 4185 890 4243 Γνοὺς
919 4182 975 4235 δὲ
1019 4184 1046 4233 6
1084 4180 1293 4241 Παῦλος
1316 4180 1398 4231 ὅτι
1427 4178 1488 4228 τὸ
1515 4175 1571 4227 ἓν
1602 4177 1768 4245 μέρος

190 4284 303 4333 ἐστὶ
342 4277 739 4341 Σαδδουκαίων,
767 4276 825 4327 τὸ
853 4275 909 4326 δὲ
937 4275 1120 4341 ἕτερον
1157 4272 1489 4340 Φαρισαίων,
1540 4266 1769 4334 ἔκραξεν

188 4377 242 4424 ὲν
286 4372 363 4441 τῷ
404 4368 691 4436 συνεδρίῳο
746 4364 969 4434 Ἀνδρες
1012 4362 1253 4428 ἀδελφοὶ,
1305 4356 1416 4425 ἐγὼ
1478 4355 1771 4425 Φαρισαῖός

189 4466 323 4532 εἰμι,
348 4464 460 4523 υίὸς
490 4457 783 4528 Φαρισαίου
810 4473 823 4486 ο
855 4456 982 4523 περὶ
1028 4453 1242 4513 ἐλπίδος
1293 4452 1385 4501 καὶ
1424 4446 1772 4507 ἀναστάσεως

1861 3275 1937 3328 ait
1967 3294 1977 3327 :
2011 3275 2123 3329 Viri
2145 3276 2364 3343 fratres,
2398 3294 2498 3349 ego
2524 3276 2671 3330 omni
2698 3277 3032 3330 conscientia
3051 3276 3193 3330 bona
3216 3289 3442 3330 conver-

1861 3378 2013 3422 satus
2033 3384 2152 3423 sum
2175 3380 2300 3423 ante
2311 3368 2501 3433 Deum,
2517 3384 2687 3438 usque
2702 3369 2753 3421 in
2772 3367 3094 3421 hodiernum
3108 3367 3271 3420 diem.
3288 3364 3443 3419 Prin-

1862 3474 1988 3529 ceps
2008 3468 2189 3514 autent
2223 3461 2570 3514 sacerdotum
2602 3459 2839 3513 Ananias
2858 3459 3113 3528 praecepit
3135 3457 3445 3513 astantibus

1862 3552 1964 3605 sibi
1990 3553 2499 3622 percntereosejus.
2519 3550 2670 3621 Tunc
2685 3550 2885 3606 Paulus
2905 3550 3039 3604 dixit
3056 3550 3120 3602 ad
3140 3565 3293 3603 eum:
3318 3548 3445 3603 Per-

1865 3647 2040 3698 cutiet
2073 3654 2123 3697 te
2154 3644 2320 3708 Deus,
2342 3645 2524 3711 paries
2550 3623 2822 3698 dealbate.
2864 3642 2929 3695 Et
2961 3652 3013 3694 tu
3064 3642 3261 3695 sedens
3288 3641 3443 3709 judi-

1867 3748 1960 3786 cas
1985 3748 2070 3787 me
2106 3733 2408 3787 secundum
2436 3733 2630 3801 legem,
2661 3743 2713 3787 et
2745 3740 2935 3785 contra
2966 3731 3136 3799 legem
3170 3730 3327 3797 jubcs
3358 3746 3443 3783 me

1873 3823 2128 3894 percuti?
2155 3824 2221 3877 Et
2267 3824 2360 3893 qtti
2407 3825 2646 3888 stabant,
2700 3823 2959 3878 dixerunt
2991 3840 3003 3875 :
3035 3820 3318 3875 Summum
3354 3837 3440 3874 sa-

1867 3914 2146 3969 cerdotem
2188 3915 2354 3984 299
2386 3915 2479 3969 Dei
2518 3914 2850 3970 maledicis?
2883 3914 3029 3967 Dixit
3079 3923 3261 3967 autem
3298 3911 3443 3965 Pau-

1869 4003 1955 4058 lus
1989 4024 2002 4059 :
2036 4005 2380 4067 Nesciebatn.
2416 4005 2640 4070 fratres,
2711 4007 2839 4075 quia
2873 4006 3127 4075 princeps
3156 4015 3235 4058 est
3266 4019 3447 4059 sacer-

1869 4094 2081 4148 dotum.
2128 4085 2405 4165 Scriptum
2436 4105 2522 4149 est
2560 4095 2709 4150 enim
2752 4111 2765 4150 :
2812 4093 3117 4164 Principem
3151 4094 3333 4163 populi
3367 4092 3445 4145 tui

1871 4203 1979 4240 non
2024 4188 2336 4242 maledicos.
2400 4188 2593 4242 Sciens
2642 4197 2826 4241 autem
2882 4185 3105 4248 Paulus,
3159 4187 3287 4253 quis
3335 4202 3445 4239 una

1873 4294 1998 4347 pars
2044 4288 2192 4333 esset
2252 4278 2682 4333 Sadducteorum
2724 4290 2776 4332 et
2808 4277 2981 4331 altera
3020 4274 3446 4341 Pltarismorum,

1872 4369 2197 4423 exclamavit
2223 4370 2273 4423 in
2303 4370 2538 4424 concilio
2572 4388 2583 4422 :
2620 4368 2737 4421 Viri
2770 4370 2987 4429 fratres,
3012 4383 3111 4437 ego
3136 4366 3447 4421 Phariswus

1874 4475 1993 4516 Sunt
2029 4501 2041 4521 ,
2077 4462 2217 4515 filius
2280 4460 2566 4520 Pitariszei;
2610 4460 2677 4513 de
2746 4474 2841 4529 spe
2903 4468 2957 4512 et
3044 4458 3448 4511 resurrectione

189 4553 396 4624 νεκρῶν
452 4550 562 4618 ἐγὼ
606 4548 884 4618 κρίνομαι.
950 4544 1119 4596 Τοῦτο
1161 4544 1215 4595 δὲ
1277 4539 1444 4593 αὐτοῦ
1495 4540 1762 4601 εἰπόντος,

1873 4558 2213 4603 mortuorum
2243 4565 2342 4617 ego
2371 4549 2611 4612 jndicor.
2650 4548 2860 4601 Etcum
2885 4548 3000 4600 [nec
3028 4546 3276 4607 dixisset,
3304 4544 3445 4599 facta

192 4648 406 4714 ἐγένετο
456 4644 642 4703 στάσις
695 4640 802 4691 τῶν
854 4634 1227 4689 Σαδδουκαίων
1290 4632 1384 4684 καὶ
1434 4629 1765 4701 Φαρισαίων,

191 4740 280 4791 καὶ
310 4734 536 4805 ἐσχίσθη
559 4733 618 4784 τὸ
646 4730 871 4800 πλῆθος.
903 4726 1246 4779 Σαδδουκαῖοι
1270 4724 1368 4794 μὲν
1391 4720 1500 4790 γάρ
1528 4719 1769 4787 λέγουσι,

194 4828 265 4897 μὴ
300 4822 440 4878 εἰναι
488 4822 803 4882 ἀνάστασιν,
849 4817 985 4885 μήτε
1037 4813 1290 4881 ἄγγελον,
1329 4811 1467 4880 μήτε
1515 4808 1769 4878 πνεῦμα·

188 4919 471 4987 Φαρισαῖοι
512 4913 568 4966 δὲ
606 4907 928 4980 ὁμολογοῦσι
958 4906 1029 4958 τὰ
1063 4904 1369 4973 ἀμφότερα.
1436 4899 1685 4966 Ἐγένετο
1710 4898 1768 4951 δὲ

194 5007 410 5076 κραυγὴ
460 5002 673 5073 μεγάλη
700 5018 712 5030 θ
756 5001 848 5051 καὶ
878 4995 1209 5056 ἀναστάντες
1243 4993 1387 5055 τινὲς
1429 4991 1541 5043 τῶν
1586 4990 1773 5060 ι’ραμο

198 5100 411 5168 ματέων
474 5092 569 5148 τοῦ
630 5094 826 5162 μέρους
894 5088 1002 5141 τῶν
1065 5084 1372 5155 Φαρισαίων
1425 5082 1770 5151 διεμάχοντο,

194 5189 441 5255 λέγοντες
462 5202 478 5217 ο
512 5183 677 5236 Οὐδὲν
724 5180 891 5234 κακὸν
926 5179 1250 5248 εὑρίσκομεν
1294 5178 1352 5228 ἐν
1380 5175 1459 5245 τῷ
1500 5173 1772 5243 ἀνθρώπῳ

196 5280 402 5347 τούτῳ·
445 5278 495 5329 εἰ
542 5274 598 5327 δὲ
652 5272 868 5341 πνεῦμα
917 5270 1179 5339 ἐλάλησεν
1226 5267 1395 5337 αὐτῷ,
1445 5267 1478 5337 ἢ
1523 5265 1772 5332 ἄγγελος,

199 5371 270 5440 μὴ
324 5366 707 5438 θεομαχῶμεν.
776 5361 981 5433 Πολλῆς
1029 5361 1087 5413 δὲ
1148 5359 1446 5429 γενομένης
1509 5358 1772 5420 στάσεως,

199 5459 454 5527 φοϐηθεὶς
504 5458 532 5508 6
587 5456 865 5526 χιλίαρχος
910 5454 985 5523 μὴ
1014 5450 1320 5519 διασπασθῇ
1372 5451 1401 5501 6
1446 5448 1653 5509 Παῦλος
1681 5447 1773 5499 ὑπ’

201 5549 403 5611 αὐτῶν,
431 5548 681 5601 ἐκέλευσε
714 5546 776 5599 τὸ
822 5545 1135 5613 στράτευμα
1164 5540 1488 5607 καταϐῆναι,
1533 5541 1625 5590 καὶ
1667 5538 1770 5607 άρο

201 5645 365 5694 πᾶσαι
398 5641 557 5693 αὑτὸν
586 5643 649 5693 ὲκ
681 5639 844 5709 μέσου
876 5637 1073 5699 αὐτῶν,
1104 5633 1255 5701 ἄγειν
1297 5649 1353 5685 τε
1392 5632 1469 5694 είς
1502 5630 1599 5701 τὴν
1637 5649 1773 5701 παρ-

201 5734 454 5802 εμϐολήν.
520 5732 597 5800 Τῇ
661 5731 717 5783 δὲ
783 5727 1011 5797 ἐπιούσῃ
1067 5726 1223 5777 νυκτὶ
1271 5728 1497 5786 ἐπιστὰς
1553 5724 1701 5792 αὐτῷ
1746 5725 1774 5776 6

204 5827 424 5895 Κύριος,
470 5817 589 5875 εἷπε
614 5840 627 5852 ·
675 5821 899 5891 Θάρσει,
930 5817 1105 5870 Παῦλε
1132 5833 1145 5847 ·
1184 5818 1259 5876 ὡς
1296 5817 1401 5883 γὰρ
1426 5816 1774 5885 διεμαρτύρω

200 5930 264 5972 τὶ
296 5921 426 5988 περὶ
469 5914 603 5986 ἐμοῦ
637 5916 713 5976 είς
757 5911 1132 5983 Ἰερουσαλὴμ,
1166 5907 1306 5959 οὕτω
1338 5925 1395 5959 σε
1446 5909 1526 5959 δεῖ
1568 5910 1658 5958 καὶ
1698 5913 1775 5975 εἰς

1874 4647 1957 4693 est
1994 4639 2272 4694 dissensio
2311 4638 2457 4691 inter
2504 4637 2812 4691 Pliariswos
2867 4646 2922 4691 et
2983 4636 3337 4698 Sadducaeos,
3394 4648 3447 4689 et

1874 4732 2052 4787 soluta
2091 4738 2175 4784 est
2228 4729 2542 4783 multitudo.
2597 4728 2879 4782 Sadducmi
2942 4728 3089 4781 enim
3118 4727 3307 4781 dicunt
3336 4742 3445 4780 non

1874 4838 1997 4878 esse
2021 4823 2496 4883 resurrectionem.
2530 4836 2705 4889 neque
2752 4820 3023 4889 angelum,
3054 4834 3227 4887 neque
3282 4818 3448 4887 spiri-

1876 4923 1989 4967 tum
2023 4930 2037 4966 :
2069 4912 2331 4965 Pharisaei
2364 4917 2547 4964 autem
2579 4921 2811 4980 utraque
2838 4910 3199 4964 confitentur.
3245 4907 3448 4964 Factus

1874 5012 1959 5059 est
2004 5012 2185 5056 autem
2219 5003 2427 5057 clamor
2468 5017 2718 5072 magnus.
2770 5000 2835 5054 Et
2884 5008 3174 5070 surgentes
3223 5000 3445 5069 quidam

1876 5095 2277 5149 Pharisaeorum
2344 5094 2677 5162 pugnabant,
2701 5092 2945 5147 dicentes
2973 5108 2988 5147 :
3028 5091 3175 5145 Nihil
3204 5091 3330 5143 mali
3364 5090 3450 5143 in-

1877 5188 2129 5239 venimus
2164 5182 2218 5235 in
2252 5184 2475 5235 homine
2507 5183 2612 5235 isto
2655 5200 2671 5238 :
2703 5182 2833 5252 quid
2866 5182 2911 5236 si
2960 5182 3188 5251 spiritus
3232 5182 3451 5235 locutus

1876 5284 1962 5330 est
1991 5274 2061 5338 ei,
2089 5281 2185 5326 aut
2213 5271 2481 5343 angelus?
2512 5270 2577 5324 Et
2629 5286 2753 5326 cum
2783 5285 2975 5339 magna
3006 5272 3272 5326 dissensio
3305 5271 3449 5325 facta

1877 5378 2046 5431 esset,
2083 5366 2285 5421 timens
2312 5368 2569 5418 trilunus
2626 5380 2693 5418 ne
2720 5366 3122 5434 discerperetur
3152 5362 3355 5416 Paulus
3381 5364 3450 5415 ab

1879 5461 2034 5529 ipsis,
2061 5458 2232 5527 jussit
2268 5457 2469 5511 milites
2499 5456 2835 5511 descendere
2865 5466 2921 5510 et
2966 5469 3160 5524 rapere
3207 5468 3330 5507 eum
3383 5454 3455 5507 de

1878 5551 2060 5604 medio
2089 5564 2277 5602 eorum
2318 5562 2383 5601 ac
2409 5546 2680 5601 deducere
2707 5562 2831 5601 eum
2858 5546 2911 5600 itt
2935 5554 3134 5600 castra.
3184 5542 3447 5615 Sequenti

1876 5650 2058 5694 autem
2112 5648 2272 5691 nocte
2327 5638 2594 5692 assistens
2625 5637 2675 5691 ei
2709 5637 2996 5701 Dominus,
3030 5637 3104 5690 ait
3134 5654 3150 5696 ;
3179 5636 3449 5690 Constans

1877 5744 1996 5789 esto
2038 5731 2222 5789 :sicut
2258 5730 2404 5784 enim
2438 5731 2763 5785 testificatus
2803 5744 2863 5784 es
2898 5729 2967 5783 de
3015 5743 3100 5783 me
3141 5729 3194 5782 itt
3226 5727 3449 5782 Jerusa-

1881 5822 2007 5881 lem,
2038 5817 2117 5871 sic
2148 5824 2199 5868 te
2231 5823 2453 5885 Oportet
2475 5823 2528 5868 ct
2559 5813 2745 5870 Romm
2785 5815 3092 5869 testificari.

1829 5913 2050 5981 Ῥώμην
2104 5914 2467 5983 μαρτυρῆσαι.
