4164 6444
1569 389 2143 453 THEOPIIYLACTI
2180 383 2591 447 BULGARIE
2637 379 2996 441 ARCHIEP.
3845 368 3984 434 1032

1220 503 1786 560 COMMENTARIUS.
2311 510 2354 564 Α

797 619 814 650 ι
860 599 1132 652 Pereutiet
1161 605 1212 649 te
1248 595 1410 658 Deus,
1468 596 1646 662 paries
1709 593 1980 646 dealbate.
2030 610 2048 642 ι
2102 590 2284 656 Inqui—

723 689 922 742 sitione
961 687 1182 752 dignum
1246 693 1350 746 est,
1398 683 1676 752 quomodo
1722 681 1944 742 Paulus,
1977 697 2102 735 cum
2160 681 2286 732 alibi

723 780 953 832 dixerit:
997 796 1012 825 ι
1052 776 1425 828 Maleilicimur
1459 785 1512 827 et
1570 773 1981 836 benedieimus;
2038 772 2291 840 blasphe-

724 887 954 934 mamur,
989 878 1043 923 et
1075 870 1428 923 obsecramus
1460 867 1524 929 ⁸³,
1551 884 1568 915 ι
1601 877 1706 919 etc.
1735 882 1750 929 ;
1795 865 1880 917 liic
1913 881 1942 918 e
1963 874 2153 917 contra
2184 878 2288 914 non

724 963 900 1014 solum
936 959 1298 1019 convicietur,
1324 957 1415 1008 sed
1453 959 1617 1008 etiam
1659 956 1986 1007 maledicat?
2041 954 2287 1020 Respon-

724 1055 917 1108 demus
955 1054 1067 1105 haec
1135 1051 1297 1103 verba
1334 1050 1487 1103 liberi
1530 1050 1708 1116 potius
1739 1047 1902 1098 animi
1953 1063 2094 1104 esse,
2125 1060 2290 1113 qnam

730 1143 883 1195 irati:
918 1157 1022 1193 non
1054 1142 1198 1192 enim
1246 1140 1456 1191 volebat
1504 1136 1928 1204 (‘Ontemptibilis
1983 1135 2154 1187 videri
2191 1135 2292 1186 tri-

735 1238 899 1282 liuno.
945 1229 1000 1281 Si
1037 1231 1180 1282 enim
1219 1229 1463 1281 Ananias
1503 1225 1721 1294 quidem
1774 1226 1842 1276 ab
1873 1240 1937 1276 eo
1967 1221 2292 1292 ﬂagellando

727 1321 1102 1382 abstinuisset,
1143 1320 1286 1387 quod
1337 1334 1456 1370 mox
1515 1316 1718 1369 iudicis
1779 1317 2075 1368 tradendus
2127 1325 2293 1375 esset,

733 1412 996 1481 profecto.
1021 1411 1163 1478 Quod
1197 1411 1392 1462 Paulus
1421 1424 1448 1460 a
1475 1409 1690 1461 famulis
1715 1410 2112 1470 verberaretur,
2149 1406 2296 1457 illum

732 1503 1081 1554 audaciorem
1136 1500 1429 1553 effecisset.
1496 1497 1568 1549 Ea
1629 1505 1807 1550 autem
1865 1495 2027 1547 verba
2079 1509 2210 1556 non,
2243 1501 2299 1544 ut

732 1595 882 1644 aiunt
945 1592 1189 1658 quidam,
1235 1591 1297 1642 ad
1349 1591 1700 1651 ministrum,
1757 1589 1849 1640 sed
1900 1588 1965 1639 ad
2019 1586 2300 1652 jubentem

738 1686 912 1751 ipsum
985 1683 1220 1743 direxit;
1277 1696 1338 1732 ac
1389 1689 1676 1748 pr0pterea
1736 1681 1920 1731 statim
1980 1693 2038 1729 se
2069 1691 2303 1744 purgare

741 1774 1070 1842 aggreditur.
1096 1772 1288 1825 Sciens
1319 1773 1462 1824 enim
1518 1771 1722 1833 justam
1763 1769 1927 1822 etiam
1963 1768 2096 1820 iram
2133 1766 2303 1835 repri-

742 1868 991 1919 Iltcttdnln
1043 1881 1185 1927 eSSe,
1249 1879 1312 1918 ac
1347 1865 1551 1930 justam
1607 1879 1824 1931 quoque
1874 1861 2297 1928 indignationem

2417 1863 2490 1912 ὅτι
2535 1860 2682 1910 ἐστιν
2722 1855 3034 1925 ἀρχιερεὺς,
3081 1871 3100 1904 ι
3140 1853 3317 1904 καίτοι
3384 1849 3566 1911 εἰδὼς,
3612 1846 3788 1915 (ιλιγε
3838 1846 3986 1911 γάρ·

722 399 852 468 1031

2999 489 3137 544 EPM
3147 489 3377 542 ΠΝΕΙᾹ.

2465 589 2650 650 Ἀξιον
2709 585 2962 651 ζητῆσαι,
3016 581 3134 642 πῶς
3187 582 3215 630 ὁ
3274 579 3434 638 αὐτὸς
3485 573 3722 642 ἀλλαχοῦ
3781 576 3979 638 εἰπὼν,

2399 697 2418 730 r
2459 677 2875 744 Λοιδορούμενοι
2905 672 3254 740 εὐλογοῦμεν,
3295 666 3770 738 βλασφημούμενοι
3796 682 3981 734 παρα-

2391 771 2684 836 καλοῦμεν,
2732 785 2751 814 ι
2800 764 3033 817 ἐνταῦθα
3061 763 3373 814 τούναντίον
3403 759 3465 810 οὐ
3520 759 3679 826 μόνον
3717 756 3978 825 λοιδορεῖ-

2389 878 2502 920 ται,
2540 859 2676 910 ἀλλὰ
2716 859 2811 909 καὶ
2849 857 3149 925 ἐπαρᾶται.
3190 854 3297 905 Καί
3332 868 3536 920 φαμεν,
3578 851 3660 902 ὅτι
3691 847 3866 900 ταῦτα
3913 849 3981 897 τά

2396 955 2611 1024 ῥήματα
2657 949 2969 1020 παρρησίας
3004 946 3205 1014 μᾶλλον
3243 945 3394 995 ὲστιν
3435 943 3469 1012 ἢ
3513 938 3710 1010 θυμοῦ.
3765 939 3842 990 ι.ιῦ
3873 938 3982 1005 γὰρ

2394 1045 2644 1098 ἐϐούλετο
2699 1041 3177 1108 εὐκαταφρόνητος
3267 1037 3500 1106 φανῆναι
3561 1032 3639 1102 τῷ
3693 1031 3983 1100 χιλιάρχῳ.

2397 1140 2458 1190 Ei
2481 1136 2587 1206 γὰρ
2613 1135 2774 1196 αὐτὸς
2797 1134 2894 1202 μὲν
2921 1132 3177 1198 ἐφείσατο
3201 1127 3481 1198 μαστίξαι,
3519 1125 3594 1187 ὠς
3620 1125 3684 1192 δὴ
3704 1125 3816 1183 τοῖς
3850 1123 3983 1173 Ἰου-

2396 1229 2564 1288 δαίοις
2614 1225 2915 1279 ἐκδίδοσθαι
2962 1223 3252 1292 μέλλοντα·
3301 1221 3360 1272 τὸ
3404 1219 3510 1270 ὑπὸ
3571 1217 3680 1268 τῶν
3750 1215 3984 1268 οἰκετῶν

2397 1318 2696 1369 τύπτεσθαι
2754 1313 2954 1382 μᾶλλον
2988 1314 3054 1365 ἂν
3077 1313 3282 1362 ἐκεῖνον
3311 1307 3646 1378 θρασύτερον
3664 1305 3982 1374 εἰργάσατο.

2400 1409 2570 1460 Τοῦτο
2599 1408 2650 1459 δὲ
2685 1407 2802 1474 οὐχ,
2836 1406 2911 1464 ὡς
2952 1404 3085 1470 φασί
3115 1419 3280 1463 τινες,
3325 1402 3463 1468 πρὸς
3508 1398 3600 1450 τὸν
3643 1397 3808 1448 παῖδα
3845 1396 3985 1446 ἀπο-

2401 1501 2655 1561 τείνεται,
2684 1498 2818 1550 ἀλλὰ
2871 1496 3006 1566 πρὸς
3043 1494 3207 1546 αὑτὸν
3237 1493 3327 1544 τὸν
3351 1489 3718 1553 ἐπιτάξανταο
3766 1487 3847 1538 διὸ
3890 1485 3988 1536 καὶ

2404 1593 2749 1657 ἀπολογεῖται
2794 1588 3018 1647 εὐθέως.
3069 1584 3238 1646 Εἰδὼς
3274 1581 3399 1652 γὰρ,
3437 1582 3520 1632 ὅτι
3557 1579 3639 1631 δεῖ
3677 1577 3772 1630 καὶ
3812 1575 3989 1643 θυμὸν

2404 1683 2613 1734 δὶκαιον
2653 1678 3052 1747 περιστέλλειν,
3078 1677 3170 1728 καὶ
3222 1671 3596 1740 ἀγανάκτησιν
3641 1666 3854 1720 δικαίαν
3897 1682 3990 1716 κα-

2406 1769 2652 1830 λύπτειν,
2700 1767 2890 1834 ὥσπερ
2939 1761 3336 1833 μεταμεληθεὶς
3397 1759 3579 1823 λέγει·
3616 1775 3634 1806 ι
3683 1755 3797 1805 Οὐκ
3835 1752 3989 1820 ᾔδειν

736 1957 1093 2016 obruendam,
1118 1954 1279 2008 veluti
1308 1956 1624 2023 pmnitentia
1653 1954 1871 2015 ductus,
1897 1954 2006 2004 ait:
2039 1970 2056 2000 ‹
2087 1950 2303 2004 Nescie-

741 2051 860 2098 Iiam
896 2048 1022 2113 quia
1079 2047 1332 2112 princeps
1373 2055 1456 2097 est
1505 2046 1874 2098 sacerdotum.
1925 2063 1944 2094 ι
1983 2045 2046 2096 ΕΙ.
2085 2043 2302 2111 quidem

740 2139 829 2190 ille
876 2138 1082 2189 sciebat
1146 2137 1300 2202 (39);
1358 2136 1592 2203 (dixerat
1638 2135 1802 2203 300
1837 2135 2020 2187 enim:
2085 2153 2102 2182 ι
2141 2133 2206 2184 ΕΙ.
2247 2143 2304 2184 ιιι

741 2229 939 2282 sedens
967 2229 1186 2296 judicas
1221 2244 1306 2280 me
1367 2227 1668 2279 secundum
1725 2227 1930 2292 legem?
1971 2243 1988 2274 ι
2065 2233 2302 2276 attamen

743 2319 1108 2385 ignorantiam
1143 2318 1346 2368 nemini
1383 2317 1625 2379 noxiam,
1657 2315 1750 2369 sed
1777 2317 1877 2367 sibi
1912 2315 2098 2368 utilem
2131 2315 2302 2368 simu-

743 2410 832 2459 lat.
873 2407 950 2458 Ad
977 2408 1144 2460 animi
1181 2409 1324 2459 enim
1369 2407 1676 2460 libertatem
1718 2415 1947 2474 spectat,
2013 2409 2305 2460 reliemen-

742 2499 878 2550 tiore
906 2497 1234 2566 quandoque
1264 2498 1340 2548 uti
1390 2497 1686 2550 locutione.
1731 2497 1798 2550 Et
1859 2499 2076 2564 quidem
2115 2499 2309 2549 intern-

745 2587 951 2651 pestiva
1007 2586 1262 2653 loquendi
1296 2587 1523 2639 libertas
1565 2587 1777 2639 veritati
1831 2604 1974 2653 szepe
2029 2596 2220 2651 nocet;
2254 2596 2308 2639 at

743 2681 1086 2738 opportunus
1151 2674 1271 2739 ejus
1323 2690 1455 2726 usus
1493 2673 1808 2742 frequenter
1873 2677 2120 2739 coniicit,
2161 2677 2306 2744 quod

746 2763 1064 2814 intenditur.
1136 2783 1152 2812 ι
1226 2762 1416 2818 Sciens
1470 2774 1650 2818 autem
1719 2765 1942 2820 Paulus.
2011 2786 2030 2818 ι
2095 2767 2309 2822 Rursus

746 2854 984 2904 lmmana
1025 2856 1197 2906 utitur
1243 2856 1534 2918 indusuia,
1589 2872 1651 2907 ac
1713 2874 1818 2910 non
1867 2875 2085 2926 semper
2132 2861 2309 2927 gratia

747 2945 962 2996 l'rnitur.
1006 2945 1060 2997 lit
1091 2945 1307 3013 quidem
1353 2963 1448 3014 per
1477 2949 1596 3010 hoc,
1629 2950 1771 3002 sicut
1845 2961 1899 3003 et
1931 2960 2138 3018 postea,
2174 2953 2313 3003 mul-

746 3035 1054 3096 titndinem,
1088 3051 1207 3103 qua:
1236 3045 1426 3089 contra
1459 3039 1631 3105 ipsum
1656 3040 1841 3108 inique
1878 3041 2309 3108 conspirarerat,

746 3124 987 3175 dividere
1016 3125 1220 3176 studet.
1266 3125 1440 3192 Atque
1477 3127 1564 3176 hic
1625 3126 1786 3178 etiam
1843 3142 1950 3180 non
2016 3130 2309 3181 mentitur:

747 3222 856 3263 erM
885 3213 1028 3263 enim
1061 3227 1125 3263 ex
1163 3214 1600 3280 progenitor-ilius
1653 3214 1980 3267 Pharis-ams.
2009 3215 2316 3280 Sadducaci,

753 3312 939 3370 utpote
1003 3304 1200 3363 crassi,
1276 3303 1507 3356 lortasse
1579 3319 1755 3372 neque
1825 3305 1996 3359 Deum
2080 3315 2312 3362 norant:

748 3397 1007 3460 quocirca
1067 3394 1229 3445 etiam
1275 3396 1740 3456 ,resurreclionem
1781 3412 1904 3452 esse
1967 3413 2076 3451 non
2129 3401 2316 3452 crede-

751 3483 899 3536 bant.
945 3503 964 3535 s
1008 3482 1268 3538 Pharis-mi
1291 3495 1470 3539 autem
1517 3498 1748 3555 utraque
1808 3490 2162 3542 comitentur.
2193 3509 2210 3540 ι
2251 3491 2316 3541 At

751 3590 874 3626 cum
903 3575 1004 3625 tria
1031 3583 1156 3626 sunt
1195 3615 1206 3637 ,
1246 3576 1517 3643 quomodo
1545 3576 1670 3630 di'cit
1695 3596 1714 3628 ‹
1749 3579 2016 3646 utraque?
2045 3597 2063 3627 ι
2090 3578 2315 3646 Nempe,

752 3667 834 3716 vel
865 3666 990 3732 quia
1050 3668 1296 3734 spiritum
1325 3675 1376 3719 et
1411 3668 1662 3736 angelum
1702 3683 1797 3736 pro
1853 3685 1956 3721 una
1987 3685 2044 3721 re
2082 3670 2317 3738 accipit:

755 3756 836 3806 vel
871 3759 996 3823 quia
1023 3757 1191 3808 dictio
1221 3765 1451 3825 utraque
1484 3773 1589 3809 non
1624 3759 1797 3810 solum
1833 3759 1900 3812 de
1939 3759 2152 3812 duobus
2179 3760 2319 3830 (qum

754 3847 973 3913 quidem
1031 3848 1244 3913 proprie
1300 3846 1614 3915 signiﬁcatl,
1663 3847 1754 3899 sed
1809 3848 1974 3900 etiam
2023 3847 2089 3901 de
2146 3851 2319 3902 tribus

756 3937 1089 4002 (quanquam
1130 3935 1309 3988 minus
1367 3936 1600 4006 preprie)
1656 3938 1943 4006 accipitur.
2002 3937 2139 3992 Hine
2210 3956 2318 3994 non

757 4033 972 4090 oportet
1001 4030 1066 4077 ad
1102 4025 1343 4094 profante
1400 4028 1690 4083 locutionis
1738 4031 2125 4098 proprietatem
2183 4034 2318 4086 sim-

758 4116 979 4182 plicium
1039 4126 1092 4170 et
1153 4120 1367 4172 rudium
1427 4122 1763 4188 piscatorum
1826 4122 2028 4191 scripta
2078 4124 2318 4194 exigere.

825 4302 870 4330 ⁸³
905 4301 921 4353 1
967 4301 1090 4355 Cor.
1154 4320 1226 4365 ιν,
1266 4304 1326 4355 21

2414 1971 2431 2001 ‹
2473 1951 2579 2002 Καὶ
2605 1950 2668 2001 σὺ
2699 1948 2842 2018 κάθῃ
2884 1944 3088 2015 κρίνων
3114 1960 3179 2013 με
3205 1941 3346 1993 κατὰ
3395 1939 3488 1992 τὸν
3538 1936 3730 2007 νόμονς
3766 1935 3824 2003 ι)
3852 1933 3993 1987 ἀλλὰ

2410 2044 2790 2110 προσποιεῖται
2829 2040 3072 2105 ἄγνοιαν,
3107 2037 3168 2087 οὐ
3216 2035 3582 2102 βλάπτουσαν,
3636 2029 3750 2085 ἀλλ’
3781 2029 3992 2079 οἰκονο-

2415 2134 2642 2202 μοῦσαν.
2703 2132 2858 2182 Ἐστι
2902 2131 3011 2196 γὰρ
3055 2128 3144 2180 καὶ
3204 2122 3616 2195 μεταχειρισμῷ
3677 2119 3994 2190 χρήσασθαι

2418 2226 2754 2296 ἰσχυροτέρῳ
2785 2222 3120 2292 παρρησίας.
3155 2218 3420 2277 Πολλάκις
3450 2215 3674 2285 μὲνγὰρ
3711 2211 3994 2281 παρρησία

2411 2320 2634 2385 ἄκαιρος
2699 2314 2897 2383 ἔϐλαψε
2940 2313 3038 2382 τὴν
3091 2309 3387 2379 ἀλήθειαν·
3455 2305 3880 2375 μεταχειρισμὸς
3935 2302 3996 2351 δὲ

2413 2408 2668 2475 εὗκαιρος
2698 2405 3026 2474 κατώρθωσε
3054 2401 3114 2455 τὸ
3144 2399 3525 2472 προκείμενον.
3581 2394 3746 2446 nam
3775 2392 3997 2455 ἀνθρω-

2414 2498 2584 2558 πίνως
2603 2496 2932 2561 διαλέγεται,
2956 2497 3050 2546 καὶ
3079 2497 3140 2546 οὑ
3172 2489 3446 2560 πανταχοῦ
3480 2486 3578 2554 τῆς
3607 2485 3828 2552 χάριτος
3855 2483 3997 2532 om.

2413 2586 2568 2637 λάῦει
2595 2585 2639 2615 ⁶⁰
2666 2625 2678 2637 .
2718 2585 2829 2636 Καὶ
2863 2586 2920 2636 ὲν
2948 2583 3143 2651 τούτῳ,
3171 2582 3266 2634 καὶ
3303 2583 3440 2647 μετὰ⁵
3479 2575 3674 2638 ταῦτα,
3719 2569 4001 2642 ὴῦθυλήθη

2418 2678 2602 2745 σχισαι
2648 2676 2709 2727 τὸ
2745 2674 2948 2742 πλῆθος
2977 2675 3037 2724 τὸ
3092 2672 3276 2733 κακῶς
3317 2669 3578 2740 ὁμονοοῦν
3645 2670 3760 2720 κατ’
3803 2661 3998 2718 αὑτοῦ.

2419 2770 2526 2822 Καὶ
2563 2770 2622 2820 ού
2676 2767 2931 2835 ψεύδεται
2970 2765 3096 2817 οὐδὲ
3133 2763 3401 2815 ἐνταῦθα’
3447 2761 3738 2830 Φαρισαῖος
3769 2759 3879 2826 γάρ
3926 2753 4002 2826 ἦν

2417 2861 2482 2909 ὲκ
2514 2859 2814 2926 προγόνων.
2845 2856 3195 2907 Σαδδουκαῖοι
3226 2855 3415 2920 παχεῖς
3453 2868 3595 2913 τινες
3635 2852 3812 2914 ὄντες,
3854 2851 4002 2917 τάχα

2417 2949 2536 3000 οὐδὲ
2556 2948 2647 2998 τὴν
2680 2947 2816 2998 Θεὸν
2839 2946 3017 2998 ἴσασιν
3035 2963 3051 2977 ο
3074 2945 3196 2996 ὅθεν
3229 2944 3350 2996 οὐδὲ
3383 2943 3678 2996 ἀνάστασιν
3715 2941 4001 3009 βούλονται

2420 3039 2696 3091 πιστεύειν
2728 3035 2890 3092 εἶναι.
2931 3057 2949 3089 t
2983 3041 3271 3106 Φαρισαῖοι
3309 3039 3366 3090 δὲ
3428 3036 3752 3104 ὁμολογοῦσι
3798 3037 3863 3089 τά
3894 3036 4006 3102 άμ-

2422 3131 2646 3200 φότερα.
2688 3150 2706 3182 ι
2741 3131 2855 3183 Καὶ
2886 3130 2992 3198 μὴν
3019 3131 3147 3200 τρία
3177 3130 3313 3191 ἐστὶ,
3344 3127 3458 3189 πῶς
3515 3127 3605 3179 οὖν
3635 3127 3803 3193 λέγει,
3839 3143 3859 3177 s
3897 3127 4007 3193 ἀμ-

2425 3221 2661 3291 φότερα;
2699 3241 2717 3272 ι
2747 3222 2817 3273 *ιι
2868 3223 2950 3274 ὅτι
2997 3220 3215 3289 πνεῦμα
3254 3225 3345 3272 καὶ
3381 3219 3610 3285 ἄγγελον
3643 3219 3702 3270 ἒν
3737 3235 3926 3287 φησιν,
3966 3219 4002 3285 ἢ

2423 3314 2732 3379 ὅτιήλέξις
2789 3316 2848 3364 ού
2895 3314 3053 3382 μόνον
3097 3317 3224 3382 περὶ
3265 3313 3357 3364 δύο
3386 3313 3552 3377 λέγει,
3594 3313 3728 3378 ὅπερ
3791 3310 3999 3378 κυρίως

2422 3403 2571 3470 δηλοῖ
2592 3404 2670 3463 τὸ,
2705 3403 3016 3471 ἀμφότερα,
3068 3403 3203 3454 ἀλλὰ
3239 3404 3330 3455 καί
3360 3405 3487 3468 περὶ
3519 3401 3682 3470 τριῶν
3720 3403 3736 3470 [
3775 3400 4006 3466 λαμόάα

2423 3511 2571 3544 νεται
2683 3494 2844 3544 Ὥστε
2876 3491 2969 3546 οὖν
3013 3495 3075 3545 ού
3131 3494 3211 3546 δεῖ
3260 3496 3323 3546 ἐκ
3345 3495 3440 3562 τῆς
3479 3493 3676 3558 ἔξωθεν
3715 3493 4007 3561 ἀκριϐολέ-

2423 3604 2554 3639 κτου
2577 3589 2895 3656 κυριότητος
2919 3590 3125 3657 κρίνειν
3141 3588 3236 3649 τὰς
3261 3587 3370 3639 τῶν
3392 3586 3580 3639 ἁπλῶν
3599 3587 3689 3637 καὶ
3705 3583 4012 3653 ἀγραμμά-

2421 3695 2529 3730 των
2568 3677 2762 3730 άλιέων
2808 3681 3151 3748 συγγραφάς.
3200 3678 3371 3747 Διχῶς
3415 3679 3532 3729 ἔστι
3573 3677 3763 3742 νοῆσαι
3812 3673 3873 3725 τὸ
3923 3676 4010 3726 sl-

2425 3766 2695 3835 ρημένον⁶
2757 3767 2790 3835 ἢ
2820 3767 2928 3836 γὰρ
2963 3768 3138 3819 λείπει
3185 3784 3239 3819 τι
3259 3768 3406 3834 αὐτῷ
3431 3767 3566 3834 πρὸς
3617 3764 4011 3832 ἀναπλήρωσιν

2418 3857 2514 3909 τοῦ
2547 3859 2837 3926 νοήματος,
2870 3860 2957 3912 ἶνα
3045 3859 3218 3919 οὕτως
3238 3873 3252 3886 '
3284 3860 3344 3910 Et
3378 3858 3434 3909 δὲ
3461 3856 3678 3924 πνεῦμα
3708 3856 3741 3922 ἦ
3771 3854 4010 3919 ἄγγελος

2419 3948 2678 4016 ἐλάλησεν
2705 3948 2873 4016 αὐτῷ,
2918 3949 3133 4019 ἄδηλον,
3161 3950 3324 4017 φησίν
3345 3966 3360 3978 '
3392 3948 3426 4018 ἢ
3454 3948 3529 4009 ὡς
3556 3946 3664 3998 άπὸ
3695 3945 3806 3997 τῶν
3835 3947 4004 4012 Φαρι.

2428 4039 2594 4090 σαίων
2636 4039 2698 4090 τὸ
2743 4039 2893 4108 ῥῆμα
2941 4038 3183 4091 λεκτέον.
3239 4059 3258 4090 ι
3297 4040 3358 4091 Εἰ
3396 4039 3451 4090 δὲ
3479 4038 3692 4106 πνεῦμα
3740 4036 4012 4104 ἐλάλησεν

2430 4126 2600 4194 αὐτῷ,
2631 4126 2663 4196 ἢ
2696 4127 2947 4194 ἄγγελος.
2987 4147 3006 4178 ι
3054 4129 3201 4182 Ἀντὶ
3239 4130 3357 4193 τοῦ,
3423 4130 3555 4181 Ἰδοὺ
3586 4128 3654 4180 τά
3698 4128 3829 4195 περὶ
3875 4129 4014 4178 ἁνα-

1951 4396 2150 4458 ναπίω
2179 4394 2484 4458 lectiones
2528 4403 2590 4458 et
2634 4403 2822 4459 notia.

831 4497 876 4526 ‘°
916 4499 1196 4550 αποὶαύει.

838 4653 950 4719 (39)
987 4652 1201 4718 Mirum,
1233 4655 1376 4722 quod
1403 4661 1595 4708 auctor
1623 4655 1745 4718 iste,
1784 4655 1876 4721 qui
1903 4654 2040 4707 alias
2085 4654 2326 4722 Clrryso-
2359 4658 2403 4712 ι)
2430 4664 2647 4722 quenter
2677 4652 2895 4710 Juda'os
2916 4653 3256 4714 convenisset,
3286 4655 3579 4719 videretque
3607 4670 3723 4706 eum
3755 4656 3808 4706 in
3835 4658 4012 4709 medio

767 4733 1002 4776 stomum
1040 4725 1147 4776 fere
1176 4725 1456 4785 exscribit,
1495 4725 1581 4777 hic
1625 4725 1827 4778 diserte
1886 4725 1952 4776 ab
1985 4725 2098 4786 illo,
2157 4731 2232 4781 et,
2269 4734 2330 4777 ut

768 4809 866 4859 ego
899 4793 1116 4859 quidem
1148 4803 1299 4860 puto,
1333 4794 1498 4844 etiam
1527 4808 1556 4844 a
1582 4796 1813 4848 veritate
1841 4793 2112 4846 discedat.
2155 4792 2333 4863 Chry-

771 4869 1068 4923 sostomus,
1105 4872 1163 4912 ut
1194 4863 1422 4930 aequitas
1455 4865 1572 4930 ipsa
1600 4864 1876 4927 postulare
1933 4863 2172 4924 videtur,
2204 4878 2336 4915 cerr-

774 4938 858 4982 set
912 4939 965 4981 et
999 4931 1234 4983 sustinet
1303 4932 1527 4983 Paulum
1581 4947 1769 4985 rei-era
1833 4932 2136 4998 ignorasse,
2192 4931 2335 4999 quod

776 5000 1014 5071 Qnanias
1035 5014 1099 5052 eo
1160 5011 1398 5068 tempore
1453 5003 1708 5071 princeps
1763 5011 1909 5071 esset
1969 5001 2334 5053 sacerdotum.

784 5066 976 5130 Verba,
1011 5085 1132 5137 qua:
1163 5072 1250 5122 ille
1273 5066 1614 5122 liabet’liom.
1647 5066 1817 5124 sunt
1869 5070 1921 5122 in
1985 5072 2105 5122 Act.
2132 5086 2220 5137 ap.
2254 5072 2341 5122 hic

779 5143 980 5188 relerre
1012 5141 1163 5200 libet,
1198 5150 1255 5190 ut
1288 5154 1444 5190 nemo
1471 5141 1930 5192 commentatoris
1964 5139 2128 5205 hujus
2157 5143 2254 5191 liae
2283 5141 2334 5190 in

779 5213 930 5272 pzttle
957 5209 1280 5274 expositioni
1327 5207 1471 5259 lidat.
1505 5208 1604 5277 Ait;
1649 5212 1834 5277 itaque
1867 5210 2024 5261 initio
2067 5224 2218 5260 num.
2251 5208 2284 5259 2
2322 5225 2333 5259 :

777 5277 1004 5336 Quidam
1069 5277 1248 5326 dicunt
1327 5287 1512 5343 (verna
1573 5275 1757 5330 Cra-ca
1829 5278 2108 5330 brevitatis
2167 5288 2339 5345 gratia

775 5348 993 5410 omitto)
1023 5359 1112 5409 per
1146 5347 1369 5397 ironiam
1405 5348 1630 5396 locutum
1665 5363 1797 5399 esse.
1829 5345 1962 5398 Mihi
1994 5358 2167 5399 autem
2201 5348 2341 5398 ride-

778 5424 865 5464 tur
920 5415 1087 5480 ipsum
1143 5416 1350 5465 omnino
1402 5417 1700 5476 nescivisse,
1747 5418 1881 5484 quod
1907 5427 2040 5469 esset
2104 5418 2341 5483 princeps

779 5490 1145 5534 sacerdotum:
1190 5484 1424 5551 alioquin
1487 5487 1643 5536 illum
1693 5489 2020 5538 lionorasset.
2065 5487 2190 5538 Ideo
2231 5502 2340 5538 sese

778 5564 962 5616 purgat
1005 5562 1304 5614 accusatus,
1334 5567 1375 5604 et
1428 5556 1610 5607 addit:
1652 5574 1669 5605 t
1711 5555 1906 5619 I’rtnci,
1929 5573 2004 5607 em
2055 5557 2229 5622 pOpttli
2265 5556 2342 5606 lui

784 5634 883 5668 non
915 5623 1209 5672 ntaledices.
1248 5641 1266 5672 ι
1305 5623 1365 5674 Et
1390 5627 1551 5691 paulo
1583 5635 1736 5691 post:
1774 5625 1836 5677 Et
1892 5628 2102 5676 omnino
2125 5641 2341 5691 persua-

783 5703 875 5741 sus
899 5704 1032 5750 sum,
1072 5693 1342 5743 nescivisse
1369 5693 1538 5751 illum,
1577 5702 1710 5761 quod
1747 5696 1984 5762 princeps
2014 5696 2340 5746 sacerdotum

783 5769 935 5820 isset,
977 5763 1112 5820 quod
1143 5773 1254 5825 PUal
1305 5763 1512 5830 longum
1549 5775 1746 5829 tempus
1800 5766 2062 5828 tcdllas't’l,
2117 5780 2206 5815 nec
2237 5766 2344 5829 {re-

2443 4724 2729 4774 mnltorum
2762 4725 3033 4785 aliorum;
3067 4739 3168 4774 non
3203 4725 3336 4775 enim
3387 4724 3694 4790 manifestus
3725 4738 3839 4776 erat
3864 4729 4014 4785 prin-

2445 4808 2561 4857 ceps
2622 4795 2954 4844 sacerdotum
3004 4794 3138 4843 inter
3189 4794 3378 4844 multos
3433 4803 3479 4845 et
3525 4794 3754 4845 diversos
3801 4806 4008 4846 astans.

2445 4862 2504 4913 Et
2546 4863 2600 4913 in
2645 4866 2758 4913 line
2790 4862 2950 4929 hujus
2987 4863 3234 4930 numeri:
3271 4859 3603 4921 Nesciebat»,
3642 4864 3836 4928 inquit.
3867 4869 4010 4930 quod

2444 4947 2681 4982 summus
2707 4936 2953 4983 sacerdos
2977 4933 3069 4981 sit.
3099 4929 3239 4998 Ergo
3274 4946 3337 4981 ea:
3363 4932 3668 4998 ignorantia
3717 4929 4009 4999 increpatio

2449 5001 2570 5067 fuit.
2606 4999 2722 5050 Nisi
2751 5002 2889 5051 enim
2913 5003 3011 5050 hoc
3067 5010 3224 5057 esset,
3258 4999 3350 5051 illo
3378 5015 3592 5066 accepto
3645 5001 3880 5057 abiisset.
3917 5020 4010 5054 nec

2450 5070 2720 5130 tacuisset,
2780 5080 2933 5136 atque
2986 5070 3155 5134 ipsum
3209 5068 3318 5120 illis
3365 5072 3604 5121 tribunus
3669 5072 4006 5123 tradidisset.

2444 5139 2709 5191 Similiter
2770 5155 2920 5191 num.
2966 5153 3164 5205 seqq.:
3216 5138 3557 5200 Nesciebam,
3621 5139 3812 5206 inquit,
3870 5144 4008 5206 quod

2448 5225 2682 5259 summus
2735 5208 2978 5259 sacerdos
3032 5209 3123 5259 Dei
3173 5217 3329 5259 esset.
3391 5207 3500 5259 Hoc
3524 5209 3682 5270 dixit,
3733 5225 3895 5276 neque
3927 5213 4010 5260 hic

2449 5280 2634 5334 stetit;
2667 5276 2754 5328 sed
2788 5280 3063 5328 ostendens
3116 5293 3170 5329 se
3219 5293 3321 5328 non
3368 5278 3566 5330 ironice
3598 5279 3760 5344 loqui,
3819 5280 4008 5330 addit:

2457 5365 2473 5396 ι
2516 5345 2816 5409 I’rinripcm
2877 5348 3055 5413 populi
3122 5347 3198 5396 tui
3257 5362 3361 5398 non
3411 5349 3705 5398 maledices.
3769 5365 3788 5398 ι
3851 5346 4007 5400 Nulla

2454 5417 2637 5467 verior
2669 5425 2763 5485 aut
2814 5419 3021 5483 aequior
3053 5416 3323 5482 expositio
3350 5417 3436 5468 hic
3465 5415 3584 5469 dari
3609 5427 3804 5485 potest.
3829 5416 4006 5470 Cate-

2452 5501 2570 5537 rum
2613 5487 2664 5536 in
2692 5483 3101 5537 Commentario
3134 5489 3238 5537 isto
3292 5486 3395 5538 sub
3423 5483 3640 5539 nomine
3687 5484 4006 5539 (Ecumenii

2450 5557 2596 5605 edito
2626 5554 2858 5607 refertur
2883 5565 3047 5606 etiam
3079 5557 3190 5606 hare
3222 5555 3534 5621 explicatio,
3571 5556 3718 5608 velut
3750 5571 4006 5620 quorum-

2451 5625 2613 5674 dant:
2647 5625 2790 5682 τινές
2810 5622 3184 5691 φασι,ᾳιιίά‹ιιιι
3221 5623 3424 5676 dicunt.
3458 5623 3626 5676 Miror
3676 5640 3825 5689 vero,
3860 5642 4008 5677 com-

2454 5694 2760 5759 pilatorem,
2797 5705 2852 5763 nt
2883 5693 3204 5763 plurimum,
3233 5693 3606 5761 Clirysostomi
3664 5703 3774 5746 tant
3815 5693 4008 5763 frigide

2453 5764 2573 5828 ejus
2603 5762 2952 5823 sententiam,
2984 5761 3154 5828 ipsius
3184 5761 3355 5816 ferme
3378 5764 3576 5826 verbis,
3603 5764 3825 5818 referre.
