4164 6444
237 333 377 399 1033

829 344 1368 407 EXPOSlTIONIS
1407 347 1490 407 IN
1532 347 1716 408 ACTA
1751 347 2050 412 TEXTUS
2090 354 2352 418 ALTER.
2399 383 2460 394 -
2497 364 2656 424 CAP.
2703 367 2928 429 XXIII.

3358 377 3493 450 ιοῑι

237 450 483 515 στάσεως
514 453 686 506 λαλῶν
711 455 868 525 δῆλός
904 459 1073 521 ἐστιν,
1117 460 1148 529 ἦ
1179 461 1265 512 διὰ
1299 460 1614 530 Πνεῦματος
1641 461 1794 527 ἁγίου

1932 483 1948 514 ι
1987 465 2129 531 Quid
2154 469 2222 522 si.
2266 489 2284 520 ι
2317 471 2523 542 Duplici
2555 479 2716 531 modo
2756 482 2982 552 intelligi
3026 497 3207 556 potest
3245 491 3347 547 hoc
3375 498 3492 553 dicr

229 544 261 610 ῆ
289 542 357 594 δι’
389 544 626 612 ἀγγέλου
662 550 992 619 κατηχηθεὶς
1014 552 1104 604 τὸν
1133 554 1230 621 τῆς
1258 553 1608 614 ἀναστάσεως
1630 551 1815 620 λόγον.

226 636 407 699 deest,
443 647 502 691 nt
544 640 614 693 ita
672 654 730 694 se
799 642 998 696 habere
1060 644 1254 698 debeat
1303 661 1314 697 :
1361 642 1417 699 Si
1453 645 1715 713 Spiritus,
1775 651 1866 698 aut
1905 646 2132 716 angelus
2180 649 2395 708 loculus
2441 657 2509 710 sit
2563 658 2612 711 ei
2675 636 2942 720 incertum

1927 562 2040 606 tum
2066 572 2077 607 :
2113 559 2194 612 vel
2225 561 2368 614 enim
2396 564 2460 616 ad
2493 579 2690 621 sensus
2718 575 3176 642 complementum
3205 581 3255 636 ei
3287 584 3492 655 aliquid

3003 684 3021 724 :
3071 672 3152 726 vel
3206 673 3496 735 dicendum

228 727 365 780 illud
404 729 806 784 Pharisaeorum
840 748 962 786 esse
985 734 1220 796 dierum,
1265 753 1284 783 ι
1317 733 1372 788 Si
1411 734 1646 805 Spiritus
1717 737 1932 789 locutus
1961 747 2044 790 cst
2110 739 2159 793 ci
2212 750 2306 794 aut
2375 747 2639 814 angelus:
2678 769 2695 800 ι
2773 754 2822 807 id
2862 770 2965 820 ρει,
3007 761 3140 815 Cum
3197 764 3267 820 de
3319 785 3498 826 resur-

226 822 478 876 rectione
519 823 797 894 loquatur,
832 826 1180 882 manifestum
1224 838 1308 884 cst
1359 843 1484 882 cum
1542 829 1610 884 de
1654 828 1803 883 illius
1843 832 2114 886 exstantia
2153 833 2234 888 vel
2303 851 2398 905 per
2423 837 2682 909 Spiritum
2734 862 2981 906 sanctum
3013 865 3107 910 aut
3173 875 3270 930 per
3330 878 3496 935 ange-

229 913 339 935 l--.“
377 911 455 935 -A.
485 921 624 935 -.-μμ
666 912 832 935 ι’--2---

228 913 340 966 lum
372 911 628 966 edoctum
666 912 853 967 fuisse.

823 1007 1072 1059 ΚΕΦΛΛ.
1114 1009 1235 1063 AA'.

2454 1021 2682 1079 CAPUT
2727 1026 2968 1088 XXXIV.

226 1094 370 1162 Περὶ
413 1095 745 1161 ἐπιϐουλῆς
802 1099 1224 1166 μελετωμένης
1288 1099 1592 1154 Ἰουδαίων
1667 1118 1794 1154 κατι

1920 1100 2230 1202 Deam-idus
2269 1110 2587 1170 Juda-orum
2625 1133 2812 1177 contra
2855 1127 3103 1195 Paulum,
3137 1143 3186 1188 et
3229 1138 3496 1207 quodilla:

299 1189 571 1247 Παύλου.
609 1189 704 1241 καὶ
741 1190 1062 1257 μηνύσεως
1112 1191 1311 1244 αὐτῶν
1359 1191 1509 1260 πρὸς
1538 1196 1774 1246 Λυσίαν
1799 1209 1812 1222 ο

294 1280 368 1332 ἐν
399 1273 447 1346 ᾦ
488 1281 576 1332 ὅτι
621 1282 1020 1349 παρεπέμφοη
1072 1285 1105 1335 ὀ
1164 1282 1403 1349 Παῦλος
1458 1284 1537 1348 τῷ
1569 1284 1813 1352 ἡγεμόνι

291 1377 382 1439 εις
421 1372 784 1442 Καισάρειαν
814 1372 968 1444 μετὰ
1011 1374 1389 1443 στρατιωτῶν
1417 1376 1514 1429 καὶ
1547 1376 1813 1446 παμμά-

292 1488 436 1524 των.

836 1561 1224 1615 KEIMENON.

290 1654 605 1725 Γενομένης
654 1652 710 1705 δὲ
765 1654 1019 1723 ἡμέρας,
1078 1655 1405 1721 ποιήσαντες
1459 1656 1510 1707 οι
1563 1655 1805 1708 Ἰουδαῖοι

216 1745 539 1812 συστροφὴν
565 1783 578 1804 ,
615 1742 1016 1812 ἀνεθεμάτισαν
1056 1744 1287 1807 ἑαυτοὺς
1339 1745 1622 1812 λέγοντες,
1662 1746 1799 1816 μήτε

1989 1193 2235 1252 indicata:
2264 1203 2458 1266 fuerint
2487 1207 2694 1276 Lypsia:
2741 1223 2758 1264 :
2816 1225 2863 1267 ει
2898 1219 3036 1285 quod
3073 1193 3274 1277 Paulus
3315 1235 3496 1281 trans-

1991 1287 2180 1341 missus
2207 1290 2363 1356 fuerit
2392 1299 2444 1349 in
2463 1297 2769 1358 Cu'surcum
2800 1305 2868 1358 ad
2893 1314 3169 1377 prwaidem
3207 1333 3331 1370 cunt
3353 1321 3496 1373 mili-

1990 1377 2128 1431 Rbus
2147 1390 2196 1432 et
2235 1383 2448 1440 lintris.

2558 1567 2853 1627 TEXTUS.

1989 1645 2180 1712 XXIII,
2220 1653 2400 1709 tit-55.
2436 1656 2601 1712 Facta
2622 1671 2804 1715 autem
2829 1665 2918 1720 die
2937 1668 3274 1740 collegcrunt
3295 1690 3353 1730 se
3370 1677 3491 1746 qui-

1913 1733 2035 1787 dam
2051 1753 2115 1791 ex
2134 1739 2336 1795 .lndacis
2357 1753 2412 1797 ct
2433 1747 2767 1803 devoverant
2784 1767 2844 1806 se
2858 1753 3124 1825 dicentes,
3147 1777 3322 1831 neque
3338 1733 3492 1820 utau—

215 1837 445 1902 φαγεῖν,
480 1836 618 1904 μήτε
653 1839 817 1900 πιεῖν,
838 1835 942 1898 ἕως
967 1827 1029 1888 οὗ
1060 1836 1424 1888 ἀποκτείνωσι
1455 1835 1543 1887 τὸν
1574 1834 1794 1890 Παῦλον.

1911 1826 2212 1887 duraturos
2238 1848 2411 1902 neque
2434 1835 2702 1896 bibituros
2719 1841 2889 1897 donec
2917 1850 3216 1904 occiderint
3236 1826 3488 1911 l’aulum.

213 1923 403 1979 ἾΙσαν
453 1927 510 1978 δὲ
562 1927 780 1989 πλείους
835 1928 1273 1996 τεσσαράκοντα,
1339 1928 1388 1980 οἱ
1451 1926 1656 1996 ταύτην
1710 1927 1810 1997 τὴν

218 2018 576 2086 συνωμοσίαν
658 2020 1062 2086 ποιησάμενοι·
1128 2020 1330 2081 οἵτινες
1410 2019 1811 2088 προσελθόντες

213 2110 329 2166 ταῖς
361 2107 681 2177 ἀρχιερεῦσι
705 2109 800 2160 καὶ
829 2111 944 2169 τοῖς
969 2108 1383 2178 πρεσϐυτέροις,
1435 2103 1620 2160 εἷπονο
1654 2110 1808 2160 Ἀνα-

212 2200 419 2269 Οέματι
446 2201 927 2270 ἀνεθεματίσαμεν
958 2203 1208 2267 ἑαυτοὺς,
1233 2201 1460 2271 μηδενὸς
1481 2201 1803 2268 γεύσασθαι,

210 2293 392 2343 ἑωσάν
437 2294 852 2362 ἀποκτείνωμεν
910 2294 1001 2346 τὸν
1071 2293 1304 2355 Παῦλον.
1341 2292 1456 2346 Νῦν
1518 2289 1608 2344 οὖν
1646 2293 1804 2363 ὑμεῖς

211 2385 552 2453 ἐμφανίσατε
600 2385 682 2455 τῷ
727 2387 994 2456 χιλιάρχῳ
1039 2387 1136 2438 σὺν
1199 2385 1276 2455 τῷ
1329 2384 1610 2455 συνεδρίῳ,
1647 2386 1798 2447 ὅπως

213 2474 414 2545 αΰριον
459 2475 620 2527 αὑτὸν
673 2476 966 2545 καταγάγῃ
1005 2475 1140 2545 πρὸς
1178 2475 1343 2544 ἡμᾶς,
1393 2473 1468 2537 ὡς
1511 2475 1802 2543 μέλλοντας

207 2562 596 2632 διαγινώσκειν
615 2565 1005 2636 ἀκριϐέστερον
1031 2567 1098 2619 τὰ
1126 2566 1256 2636 περὶ
1278 2564 1466 2618 αὑτοῦ.
1512 2565 1706 2633 Ἡμεῖς
1739 2565 1796 2616 δὲ

211 2657 319 2724 πρὸ
371 2657 466 2709 τοῦ
525 2657 742 2725 ἐγγίσαι
799 2657 979 2720 αὐτὸν,
1014 2657 1222 2726 ἕτοιμοί
1256 2658 1428 2726 ἐσμεν
1464 2655 1558 2710 τοῦ
1589 2657 1796 2708 ἀνελεῖν

212 2750 399 2801 αὑτὸν.
448 2749 714 2806 ’Λκούσας
745 2749 801 2800 δὲ
833 2751 861 2801 ὁ
893 2749 1002 2812 υἱὸς
1035 2749 1136 2816 τῆς
1173 2748 1411 2816 ἀδελφῆς
1451 2748 1665 2801 Παύλου
1695 2749 1794 2818 τὴν

214 2841 462 2910 ἐνέδραν.
505 2842 946 2912 παραγενόμενος
983 2841 1077 2893 ml
1113 2841 1374 2893 εἰσελθὼν
1409 2843 1490 2902 είς
1519 2843 1619 2910 τὴν
1649 2859 1792 2912 παρ-

215 2935 475 3002 εμϐολὴν,
509 2933 810 3002 ἀπήγγειλε
851 2931 930 3002 τῷ
994 2931 1216 3003 Παύλῳ.
1275 2933 1792 3003 Προσκαλεσάμενος

214 3027 269 3078 δὲ
303 3028 332 3077 ὁ
368 3025 580 3087 Παῦλος
611 3027 706 3076 ἱνα
748 3025 859 3077 τῶν
885 3025 1330 3096 ἑκατοντάρχων,
1354 3023 1459 3093 ἔφη
1481 3040 1494 3054 °
1525 3025 1630 3077 Τὸν
1667 3042 1791 3078 νεα-

212 3118 332 3168 νίαν
365 3117 559 3168 τοῦτον
590 3117 847 3182 ἀπάγαγε
881 3115 1016 3184 πρὸς
1061 3116 1153 3169 τὸν
1187 3116 1496 3185 χιλίαρχον·
1531 3115 1644 3185 ἔχει
1679 3117 1790 3185 γὰρ

1919 1917 2087 1972 Erant
2116 1931 2298 1977 autem
2329 1927 2617 1996 plusquam
2649 1933 3006 2004 quadraginta
3054 1939 3154 1992 viri
3187 1942 3280 2011 qui
3345 1947 3487 1999 ham:

1914 2012 2302 2079 cogitationem
2347 2017 2629 2075 fecerant:
2669 2023 2762 2092 qui
2813 2040 3167 2085 accesserunt
3201 2035 3272 2089 ad
3341 2040 3490 2106 priu-

1911 2104 2062 2173 cipes
2088 2108 2437 2163 sacerdotum
2471 2121 2525 2166 et
2551 2115 2821 2182 seniores,
2870 2129 2923 2172 ct
2949 2121 3207 2178 dixerunt
3254 2145 3268 2181 :
3309 2104 3488 2186 Devo-

1910 2198 2059 2250 tione
2087 2193 2409 2257 devovimus
2432 2221 2531 2260 nos
2559 2209 2692 2262 nihil
2720 2220 3063 2282 gustaturus,
3098 2219 3276 2276 donec
3337 2242 3386 2280 οι
3409 2230 3488 2280 ci-

1910 2289 2106 2343 damus
2149 2280 2400 2347 Paulum.
2459 2294 2614 2352 Nunc
2657 2315 2786 2371 ergo
2821 2320 2914 2358 vos
2941 2320 3127 2362 notum
3173 2313 3333 2369 tacite
3392 2322 3490 2372 tri-

1909 2377 2054 2432 buno
2128 2397 2251 2436 cunt
2299 2387 2553 2454 concilio,
2610 2402 2669 2446 ut
2717 2398 2981 2461 producat
3039 2402 3187 2456 illum
3248 2408 3312 2460 at!
3368 2426 3484 2474 vos.

1907 2479 2163 2539 tanquam
2195 2475 2402 2545 aliquid
2433 2481 2638 2536 certius
2673 2487 2943 2553 cognituri
2973 2489 3040 2542 de
3074 2508 3161 2546 eo.
3185 2493 3340 2566 301
3376 2499 3485 2556 Nos

1903 2575 2053 2626 vero,
2076 2565 2395 2636 priusquam
2429 2575 2735 2642 appropict.
2772 2580 2944 2645 parati
2967 2597 3157 2638 sumus
3183 2565 3486 2647 inter-dicere

1902 2649 2078 2704 illum.
2115 2652 2266 2718 Quod
2295 2672 2418 2710 cum
2443 2662 2688 2716 audisset
2725 2664 2865 2720 tilius
2916 2669 3126 2724 sororis
3161 2670 3310 2727 Pauli
3351 2677 3486 2731 insi-

1901 2742 2043 2808 dias,
2074 2749 2224 2800 venit
2254 2756 2309 2800 et
2342 2750 2566 2805 intravit
2589 2754 2642 2807 in
2672 2766 2853 2810 castra
2890 2761 3272 2834 nuntiavitque
3290 2766 3482 2826 Paule.

1902 2832 2117 2892 Vocans
2150 2851 2329 2894 autem
2348 2842 2553 2900 Paulus
2578 2846 2642 2900 ad
2669 2862 2727 2902 sc
2750 2865 2920 2903 unum
2945 2868 3008 2906 ex
3044 2832 3481 2925 centurionibus.

1897 2927 1973 2981 ait
2005 2945 2018 2981 :
2047 2927 2463 2987 Adolescentem
2494 2936 2640 2992 hunc
2663 2941 2866 3007 perduc
2885 2944 2950 2996 ad
2985 2947 3288 3018 tribunum,
3325 2957 3486 3010 habet

1895 3021 2046 3074 cnim
2084 3023 2288 3092 aliquid
2322 3025 2566 3084 indicare
2591 3032 2690 3084 illi.
2723 3033 2792 3088 Et
2821 3037 2908 3092 ille
2934 3041 3152 3107 quidem
3194 3060 3484 3105 assumens

1903 3127 2030 3164 eum
2057 3114 2214 3168 duxit
2248 3117 2314 3169 ad
2347 3121 2647 3187 tribunum,
2707 3137 2760 3178 et
2819 3127 2893 3180 ait
2937 3145 2949 3180 :
3009 3129 3238 3189 Vinctus
3281 3136 3481 3194 Paulus

212 3228 265 3259 τι
308 3209 632 3276 ἀναγγεῖλαι
660 3207 832 3277 αὐτῷ.
870 3208 928 3261 Ὀ
967 3208 1067 3276 μὲν
1118 3208 1213 3261 οὖν
1243 3207 1580 3278 παραλαϐὼν
1610 3209 1792 3272 αὐτὸν,

1900 3207 2213 3274 tagavitmc
2246 3209 2390 3264 hunc
2418 3213 2817 3271 adolescentem
2871 3222 3172 3288 perducere
3199 3228 3266 3282 ad
3297 3243 3367 3294 te,
3387 3234 3482 3284 tra-

211 3303 391 3368 ἤγαγε
429 3302 566 3368 πρδς
621 3301 713 3352 τὸν
764 3300 1072 3370 χιλίαρχον,
1112 3301 1210 3352 καί
1241 3318 1408 3372 φησιν
1431 3318 1445 3330 ·
1489 3301 1548 3354 '0
1571 3300 1794 3369 δέσμιος

209 3393 432 3454 Παῦλος
480 3392 999 3469 προσκαλεσάμενός
1050 3409 1118 3461 με
1168 3393 1423 3461 ἠρώτησε
1484 3392 1673 3446 τοῦτον
1702 3391 1794 3444 τὸν

213 3487 432 3538 νεανίαν
486 3487 716 3552 ἀγαγεῖν
750 3485 886 3553 πρὸς
951 3486 1032 3546 σὲ,
1063 3484 1258 3555 ἔχοντά
1305 3503 1356 3538 τι
1405 3486 1633 3556 λαλῆσαί
1691 3499 1792 3539 σοι.

227 3578 654 3646 Ἐπιλαϐὀμενος
681 3576 738 3629 δὲ
766 3579 866 3648 τῆς
899 3579 1081 3648 χειρὸς
1120 3578 1286 3630 αὑτοῦ
1314 3581 1342 3630 ὁ
1369 3579 1668 3647 χιλίαρχος,
1701 3579 1796 3630 καὶ

212 3669 576 3736 ἀναχωρήσας
602 3668 724 3720 κατ’
754 3667 910 3729 ἰδίαν,
944 3668 1274 3722 ἐπυνθάνετο
1294 3687 1308 3701 ·
1333 3670 1397 3723 Τί
1426 3671 1572 3724 ἐστιν
1596 3671 1624 3724 ὃ
1653 3671 1795 3742 ἔχεις

212 3757 548 3823 ἀπαγγεῖλαί
607 3773 734 3826 μοι;
802 3753 935 3810 Eius
991 3759 1071 3825 δὲ,
1129 3760 1210 3812 ὅτι
1246 3761 1308 3812 Ui
1371 3761 1613 3814 Ἰουδαῖοι
1671 3778 1796 3816 συν-

207 3827 400 3900 έῦεντο
431 3848 526 3901 τοῦ
561 3851 835 3920 ἐρωτῆσαί
877 3869 957 3912 σε,
993 3852 1140 3914 ὅπως
1189 3851 1380 3920 αὔριον
1411 3856 1492 3915 είς
1541 3854 1601 3906 τὺ
1633 3854 1792 3906 συνέ-

211 3941 366 4011 δριον
398 3941 489 3993 τὸν
528 3941 740 3994 Παῦλον
792 3943 1116 4013 καταγάγῃς
1148 3944 1285 4013 πρὸς
1315 3945 1534 4008 αὐτοὺς,
1562 3945 1638 4008 ὡς
1666 3945 1796 4013 μὲλ-

216 4035 401 4098 λοντές
429 4051 479 4086 τι
515 4035 908 4106 ἀκριϐέστερον
939 4037 1305 4090 πυνθάνεσθαι
1334 4037 1463 4107 περὶ
1511 4037 1695 4090 αὐτοῦ.
1718 4037 1792 4090 Σὺ

214 4123 309 4178 οὖν
347 4129 422 4196 μὴ
450 4127 682 4199 πεισθῇς
729 4130 950 4192 αὐτοῖς’
981 4128 1324 4197 ἐνεδρεύουσι
1374 4130 1484 4198 γὰρ
1527 4129 1688 4182 αῦτὲν
1733 4131 1792 4196 ἐξ

213 4219 394 4272 αὐτῶν
424 4221 614 4290 ἄνδρες
648 4221 868 4284 πλείους
916 4223 1342 4292 τεσσαράκοντα.
1377 4223 1570 4284 οἵτινες
1599 4223 1791 4274 ἀνεθε-

215 4311 456 4377 μάτισαν
515 4311 763 4374 ἑαυτοὺς,
806 4313 952 4379 μήτε
1000 4314 1197 4379 φαγεῖν
1241 4314 1376 4382 μήτε
1417 4315 1562 4364 πιεῖν
1598 4313 1701 4374 ἕως
1729 4304 1793 4365 οὗ

212 4403 479 4455 ἀνέλωσιν
515 4403 700 4454 αὐτόν.
747 4402 861 4454 Καὶ
899 4401 993 4455 νῦν
1031 4402 1168 4454 είσιν
1218 4402 1447 4470 ἕτοιμοι,
1499 4401 1793 4470 προσδεχό-

215 4510 368 4561 μενοι
392 4493 499 4561 τὴν
527 4495 636 4544 ἀπὸ
672 4491 763 4543 σοῦ
801 4493 1156 4560 ἐπαγγελίαν.
1205 4494 1263 4545 Ὀ
1292 4494 1392 4562 μὲν
1435 4492 1529 4545 οὖν
1579 4492 1787 4562 χιλίαρ-
1819 4523 1864 4578 D

210 4601 306 4651 χος
333 4584 571 4637 ἀπέλυσε
601 4583 692 4636 τὸν
719 4582 956 4644 νεανίαν,
989 4583 1368 4652 παραγγείλας
1400 4584 1591 4654 μηδενὶ
1624 4583 1787 4634 ἐκλα-

211 4677 395 4746 λῆσαι,
420 4677 502 4727 ὅτι
531 4675 703 4728 ταῦτα
760 4675 1082 4742 ἐνεφάνισας
1115 4675 1250 4745 πρός
1282 4692 1370 4744 με.
1401 4675 1513 4728 Καὶ
1542 4693 1788 4746 προσκα-

215 4769 515 4834 λεσάμενος
571 4764 664 4817 δύο
713 4767 865 4826 τινὰς
925 4762 1036 4815 τῶν
1083 4763 1524 4833 ἑκατοντάρχων,
1594 4761 1783 4815 εἶπενθ

220 4855 579 4923 Ἑτοιμάσατε
616 4854 958 4924 στρατιώτας
1006 4853 1340 4916 διακοσίους,
1391 4854 1537 4914 ὅπως
1581 4869 1781 4922 πορευ-

201 4946 376 4998 θῶσιν
405 4946 509 5006 ἕως
538 4945 902 5013 Καισαρείας,
933 4945 1027 4996 καὶ
1048 4945 1233 5006 ἱππεῖς
1259 4943 1657 5012 ἑϐδομήκοντα.
1687 4946 1782 4997 καὶ

206 5037 555 5100 δεξιολάϐους
583 5038 912 5099 διακοσίους,
950 5036 1059 5088 ἀπὸ
1100 5040 1288 5106 τρίτης
1338 5038 1488 5105 ὥρας
1525 5039 1624 5105 τῆς
1655 5054 1785 5089 νυκ-

207 5132 294 5194 τός
317 5149 329 5158 ·
365 5133 542 5201 κτήνη
573 5149 634 5184 τε
683 5133 1061 5203 παραστῆσαι,
1094 5134 1180 5184 ἵνα
1229 5133 1646 5194 ἐπιϐιϐάσαντες
1693 5135 1784 5184 τὸν

212 5225 423 5278 Παῦλον
471 5224 781 5278 διασώσωσι
814 5227 950 5295 πρὸς
980 5227 1189 5296 Φήλικα
1218 5226 1308 5277 τὸν
1341 5226 1588 5294 ἡγεμόνα
1608 5243 1620 5255 ·
1651 5227 1783 5296 γρά-

207 5318 315 5385 ψας
374 5317 664 5385 ἐπιστολὴν
720 5319 1084 5386 περιέχουσαν
1149 5317 1242 5369 τὸν
1305 5317 1478 5368 τύπον
1558 5318 1780 5370 τοῦτ-ον’

213 5408 525 5468 «Κλαύδιος
583 5410 783 5470 Λυσίας
842 5409 919 5476 τῷ
975 5409 1247 5479 κρατίστῳ
1299 5408 1529 5478 ἡγεμόνι
1590 5410 1783 5478 Φήλικι

209 5502 444 5571 χαίρειν.
481 5500 582 5550 Τὸν
647 5501 816 5570 ἄνδρα
853 5499 1044 5552 τοῦτον
1094 5500 1465 5568 συλληφθέντα
1521 5501 1625 5551 ὑπὸ
1675 5501 1784 5552 τῶν

222 5591 514 5647 Ἰουδαίων,
581 5595 671 5643 καὶ
713 5592 972 5659 μέλλοντα
1023 5591 1363 5662 ἀναιρεῖσθαι
1419 5591 1509 5642 ὑπ’
1573 5592 1778 5657 αὐτῶν,

213 5686 441 5747 ἐπιστὰς
483 5686 579 5736 σὺν
611 5685 691 5754 τῷ
730 5685 1120 5754 στρατεύματι,
1151 5684 1437 5754 ἐξειλόμην
1467 5685 1652 5747 αὐτὸν,
1683 5703 1783 5752 μα-

212 5777 318 5830 Εὼν
383 5779 464 5829 ὅτι
508 5775 775 5845 Ῥωμαῖός
811 5780 924 5828 ἐστι
949 5794 962 5806 ·
1001 5778 1323 5846 βουλόμενός
1347 5794 1403 5829 τε
1436 5778 1642 5843 γνῶναι
1683 5779 1782 5845 τὴν

501 5893 772 5952 ιἈτιιοι..
825 5892 940 5949 Gn.
987 5891 1230 5967 CXXV,

1903 3295 2121 3350 bentem
2181 3300 2393 3369 aliquid
2450 3305 2594 3374 loqui
2651 3309 2771 3361 tibi.
2832 3315 3262 3382 Apprehendeus
3298 3336 3480 3378 autem

1900 3387 2158 3443 tribunus
2190 3405 2412 3444 manum
2441 3395 2608 3457 illius,
2641 3401 2868 3454 secessit
2923 3417 3048 3459 cum
3105 3423 3172 3462 eo
3207 3425 3478 3480 seorsum,

1898 3486 1952 3529 et
1974 3478 2331 3550 interrogavit
2353 3482 2510 3536 illum
2545 3501 2556 3536 :
2585 3485 2732 3552 Quid
2762 3502 2841 3544 est
2868 3495 3020 3561 quod
3050 3478 3480 3559 habcsindicarc

1901 3568 2030 3622 mibi
2059 3569 2081 3622 ?
2118 3568 2211 3625 Ille
2234 3582 2416 3629 autem
2441 3576 2578 3630 dixit
2607 3595 2619 3630 :
2649 3577 2854 3638 .lud:eis
2886 3589 3148 3644 convenit
3185 3607 3378 3667 rogare
3403 3607 3475 3662 te,

1902 3669 1961 3714 ιιι
1990 3663 2231 3717 crastina
2297 3666 2388 3720 die
2442 3670 2716 3736 producas
2765 3673 2992 3730 Paulum
3046 3681 3098 3733 in
3157 3663 3474 3750 concilium,

1900 3753 2060 3821 quasi
2088 3755 2292 3824 aliquid
2335 3760 2543 3817 certius
2573 3764 2890 3833 inquisituri
2937 3769 3050 3823 sint
3107 3771 3176 3828 de
3227 3776 3369 3830 illo:
3415 3791 3473 3832 tu

1901 3860 2038 3899 vero
2085 3862 2154 3900 ne
2177 3850 2476 3908 credideris
2503 3854 2646 3920 illis;
2697 3858 3028 3914 insidiantur
3053 3865 3197 3919 enim
3218 3870 3264 3920 ei
3301 3885 3366 3923 ex
3397 3873 3478 3925 eis

1899 3935 2000 3988 viri
2025 3937 2258 4006 amplius
2282 3955 2446 4008 quam
2487 3948 2875 4017 quadraginta,
2905 3952 2998 4020 qui
3040 3968 3098 4007 se
3141 3959 3476 4015 devoverunt

1902 4040 2010 4080 non
2071 4031 2406 4087 manducare
2451 4049 2630 4104 neque
2690 4037 2879 4094 bibere
2925 4043 3101 4097 donec
3149 4045 3474 4104 interticiaut

1897 4130 2063 4182 eum;
2097 4129 2152 4171 et
2177 4134 2322 4174 nunc
2351 4125 2526 4190 parati
2561 4133 2694 4181 sunt
2711 4139 3095 4198 exspectantes
3134 4142 3469 4203 promissum

1899 4213 2076 4260 tuum.
2105 4207 2386 4266 Tribunus
2412 4213 2576 4282 igitur
2604 4216 2816 4273 dimisit
2866 4221 3292 4292 adolescentem,
3333 4245 3470 4298 pra:-

1894 4299 2105 4368 cipicns
2135 4317 2202 4356 ne
2241 4305 2327 4357 cui
2361 4304 2692 4374 loqueretur,
2719 4313 2978 4379 quoniam
3018 4315 3133 4370 lucc
3195 4331 3322 4374 nota
3355 4323 3464 4376 sibi

1891 4390 2134 4446 fecisset.
2163 4391 2229 4446 Et
2243 4397 2454 4450 vocatis
2471 4399 2688 4454 duobus
2705 4405 3148 4472 centurionibus,
3181 4411 3322 4464 dixit
3338 4412 3466 4468 illis:

1895 4483 2087 4538 Parate
2115 4487 2320 4540 milites
2357 4489 2652 4556 ducentos,
2689 4501 2750 4545 ut
2775 4504 2903 4549 eant
2935 4513 3109 4565 usque
3138 4499 3467 4568 Caesaream,

1897 4586 1949 4628 et
1976 4577 2186 4645 equites
2212 4583 2581 4649 septuaginta,
2603 4594 2662 4637 et
2693 4585 2998 4642 lancearios
3023 4590 3293 4648 ducentos
3314 4613 3342 4648 a
3361 4609 3468 4650 ter-

1899 4665 1970 4717 tia
2006 4665 2138 4719 hora
2175 4669 2371 4734 noctis,
2411 4671 2730 4740 ctjumenta
2763 4688 3160 4744 prazparate,ut
3187 4684 3460 4752 imponen-

1899 4769 1980 4832 tes
2011 4757 2236 4812 Paulum
2269 4801 2284 4825 ,
2317 4777 2441 4816 eum
2494 4767 2704 4818 salvum
2762 4771 3064 4836 perducant
3121 4774 3187 4827 ad
3236 4775 3464 4832 Felicem

1895 4854 2183 4920 praesidem
2213 4858 2423 4924 (timuit
2449 4861 2621 4922 enim,
2657 4876 2726 4914 ne
2757 4861 2902 4917 forte
2934 4880 3332 4935 raperentenm
3369 4874 3466 4926 Ju-

1895 4945 1996 4996 dzei
2035 4955 2088 4998 et
2126 4948 2468 5012 occiderent,
2499 4961 2554 5004 et
2585 4952 2704 5021 ipse
2724 4967 2909 5022 posma
2939 4960 3268 5014 calumniam
3299 4966 3454 5018 susti-

1897 5046 2073 5098 neret,
2133 5048 2394 5110 tauquam
2458 5054 2786 5111 accepturus
2821 5051 3156 5118 pecuniam),
3219 5057 3465 5110 scribens

1895 5133 2183 5199 epistolam
2247 5138 2618 5191 (obtinentem
2681 5141 2843 5195 lttBC:
2913 5162 2932 5193 ι
2971 5143 3234 5201 Claudius
3272 5148 3464 5221 Lysias

1893 5226 2102 5292 optimo
2134 5228 2347 5294 pnesidi
2379 5227 2541 5282 Felici
2593 5233 2846 5286 salutem.
2889 5236 3078 5290 Virum
3121 5240 3264 5293 hunc
3311 5260 3463 5295 eom-

1893 5316 2224 5384 prcheusum
2262 5335 2289 5370 a
2331 5317 2562 5385 Judaeis,
2614 5333 2669 5376 et
2723 5325 3068 5394 incipientem
3121 5331 3348 5387 interﬁci
3399 5340 3464 5389 ab

1892 5413 1992 5461 eis.
2025 5411 2420 5478 superveniens
2447 5429 2572 5466 cum
2599 5417 2845 5469 exercitu
2869 5419 3068 5487 eripui,
3097 5425 3314 5492 cognito
3336 5432 3463 5495 quia

1892 5502 2172 5558 Routanns
2196 5517 2279 5560 est
2312 5523 2326 5564 :
2370 5507 2673 5578 volensque
2700 5511 2844 5565 scire
2885 5528 3112 5568 causam
3141 5533 3302 5584 quam
3325 5523 3462 5585 obji-

1890 5596 2107 5648 ciebaut
2146 5597 2244 5660 illi,
2276 5597 2479 5650 deduxi
2503 5600 2699 5652 eutnin
2730 5604 3023 5656 concilium
3053 5621 3264 5660 eorum.
3289 5608 3460 5674 Quem

1893 5689 2068 5738 iuveni
2113 5688 2363 5741 accusari
2399 5689 2466 5744 de
2496 5691 2896 5758 quzestionibus
2925 5695 3060 5766 legis
3091 5699 3353 5767 ipsorum,
3383 5704 3451 5754 ni-

1891 5780 1964 5832 hil
1997 5794 2121 5834 vero
2147 5780 2368 5842 dignum
2405 5793 2600 5850 morte,
2631 5795 2720 5839 aut
2768 5787 2998 5843 vinculis
3044 5791 3328 5845 habentem
3355 5797 3459 5847 cri-

3068 5903 3142 5956 33
