4164 6444
740 367 877 439 1035

1581 375 2152 435 THEOPHYLACTI
2194 375 2599 437 BULGABIE
2630 381 2984 439 ARCHIEP.

3839 382 3983 447 1036

734 484 917 536 minis.
941 484 1001 537 Et
1037 498 1159 535 cum
1195 482 1333 535 mihi
1361 482 1629 551 perlatum
1660 492 1804 536 esset
1839 483 1905 537 de
1930 484 2297 551 insidiis-quas

2405 487 2597 551 αἰτίαν,
2633 487 2701 538 δι’
2724 488 2788 557 ῆν
2810 489 3100 541 ἐνεκάλουν
3148 490 3317 555 αὐτ-ξ’),
3346 490 3663 559 κατήγαγον
3707 492 3870 543 αὑτὸν
3904 494 3986 552 είς

736 582 1062 643 paraverant
1084 575 1181 634 illi,
1204 573 1325 625 misi
1358 588 1482 627 eum
1512 573 1577 626 ad
1609 583 1658 627 te
1687 574 2041 638 denuntians,
2072 585 2125 628 et
2144 590 2303 628 aecu-

737 667 1037 730 satoribus,
1068 673 1125 717 ut
1154 666 1341 717 dicant
1378 664 1520 733 apud
1554 674 1622 718 te.
1646 666 1794 718 ~Vale.
1857 684 1874 715 ι

2410 576 2473 626 τὸ
2506 578 2781 647 συνέδριον
2812 580 3015 633 αὐτῶν.
3058 581 3153 633 Ὃν
3216 576 3372 651 εὗρον
3400 582 3799 649 ἐγκαλούμενον
3856 583 3987 647 περὶ

2420 667 2755 738 ζητημάτων
2780 673 2878 724 τοῦ
2916 673 3085 742 νόμου
3127 674 3332 737 αὐτῶν,
3365 676 3529 745 μηδὲν
3557 675 3613 727 δὲ
3636 675 3785 739 ἄξιον
3817 675 3986 726 θανά-

737 776 833 814 του
875 757 907 825 ἢ
962 757 1176 826 δεσμῶν
1207 758 1402 826 ἔχοντα
1430 756 1705 826 ἔγκλημα.
1739 758 2095 827 Μηνυθείσης
2125 758 2179 809 δὲ
2218 774 2307 824 μοι
2345 758 2635 832 ἐπιϐουλῆς
2669 767 2747 827 εἰς
2788 766 2891 819 τὸν
2934 768 3104 838 ἄνδρα,
3158 768 3371 836 μέλλειν
3426 768 3643 823 ἔσεσθαι
3710 768 3815 820 ὑπὸ
3875 767 3987 819 τῶν

746 851 1038 917 Ἰουδαίων,
1063 849 1124 914 ἐξ
1169 848 1339 917 αὐτῆς
1388 847 1610 918 ἔπεμψα
1636 848 1772 919 πρὸς
1823 851 1901 914 σὲ,
1933 851 2310 920 παραγγείλας
2350 852 2445 904 καὶ
2477 858 2589 918 τοῖς
2660 860 2988 929 κατηγόροις
3054 861 3231 928 λέγειν
3257 863 3325 914 τὰ
3362 862 3499 931 πρὸς
3532 861 3693 915 αὑτὸν
3727 861 3817 913 ἐπὶ
3866 859 3981 913 σοῦ,

736 945 1007 1015 Ἐρῤωσο.
1042 962 1060 994 ι

811 1038 1010 1092 Milites
1025 1050 1153 1106 ergo
1185 1034 1486 1089 secundum
1520 1042 1846 1102 prtereptum
1878 1034 2001 1097 sibi,
2028 1047 2312 1087 assumen-

734 1141 817 1185 tes
852 1129 1077 1183 Paulum
1115 1129 1391 1182 duxerunt
1426 1140 1519 1195 per
1540 1125 1700 1195 302
1736 1133 1949 1179 noctem
1986 1127 2037 1179 in
2068 1127 2304 1194 Antipa-

727 1225 961 1288 tridem;
998 1231 1051 1276 et
1080 1228 1294 1289 postera
1322 1220 1429 1282 die,
1458 1219 1702 1272 dimissis
1726 1220 2025 1287 equitibus,
2071 1226 2130 1271 ut
2180 1233 2304 1271 cum

732 1333 798 1370 eo
835 1318 997 1377 irent,
1035 1315 1239 1367 reversi
1260 1321 1390 1367 sunt
1420 1310 1485 1363 ad
1514 1320 1715 1363 castra.
1736 1310 1838 1374 Qui
1869 1326 1991 1361 eum
2025 1310 2306 1363 venissent

734 1410 1043 1464 Crsaream
1089 1416 1141 1459 ct
1180 1405 1532 1460 tradidissent
1566 1403 1853 1471 epistulam
1913 1401 2152 1470 pt‘:l‘Sldi,
2186 1410 2301 1453 sta-

732 1512 960 1556 tui-runt
994 1508 1117 1553 ante
1142 1498 1291 1551 illum
1320 1504 1372 1549 et
1403 1494 1650 1549 Paulum.
1678 1494 1811 1548 Cum
1842 1494 2061 1563 legisset
2118 1500 2298 1545 autem

728 1606 782 1646 et
818 1595 1212 1658 interrogasset
1244 1591 1307 1642 de
1333 1604 1438 1657 qua
1471 1588 1750 1656 provincia
1778 1600 1924 1639 esset
1953 1604 1966 1641 :
2005 1594 2058 1638 et
2090 1599 2298 1654 cogno-

731 1697 917 1743 scens,
955 1682 1083 1749 quia
1119 1683 1185 1732 de
1236 1679 1423 1731 Cilicia
1464 1676 1737 1730 :Audiam
1796 1683 1868 1738 te,
1922 1675 2119 1743 inquit,
2174 1690 2296 1726 cum

730 1785 1079 1830 accusatores
1110 1774 1186 1826 liti
1216 1771 1481 1825 venerint.
1502 1767 1783 1838 Jussitque
1817 1770 1870 1821 in
1906 1768 2159 1837 praetorio
2194 1766 2298 1820 lle-

732 1868 881 1920 rodis
908 1864 1179 1919 custodiri
1207 1878 1353 1916 eum.

1238 2132 1466 2192 CAPUT
1517 2132 1730 2189 XXXV.

734 2231 959 2286 Tertulli
981 2230 1252 2284 accusatio
1286 2239 1475 2283 contra
1509 2227 1760 2290 Paulum,
1798 2238 1845 2280 et
1877 2226 2034 2294 hujus
2064 2227 2298 2295 defensio

1288 2336 1468 2373 coram
1486 2321 1729 2386 praside.

800 2413 988 2479 XXIV,
1022 2414 1168 2467 1-96.
1211 2412 1339 2467 Post
1374 2414 1613 2481 quinque
1644 2421 1822 2466 autem
1857 2412 1973 2465 dies
2022 2410 2300 2464 descendit

730 2511 988 2580 princeps
1004 2506 1340 2561 sacerdotum
1356 2505 1595 2558 Ananias
1608 2519 1732 2557 cum
1754 2503 2059 2557 senioribus
2076 2502 2301 2570 quibus-

730 2614 855 2652 dam
875 2610 929 2652 et
954 2598 1196 2651 Tertullo
1217 2595 1451 2663 quodam
1470 2604 1706 2658 oratore,
1732 2596 1822 2663 qui
1845 2594 2096 2646 adierunt
2115 2593 2301 2660 praasi-

731 2696 854 2745 dcm
883 2691 1142 2743 adversus
1168 2686 1415 2741 Paulum.
1442 2684 1529 2749 Et,
1554 2686 1719 2738 citato
1740 2685 1926 2749 Paulo,
1948 2684 2109 2752 C(Bpil
2138 2698 2299 2736 accu-

730 2793 853 2831 sare
875 2775 1173 2839 Tertullus,
1197 2774 1385 2828 dicens
1420 2772 1592 2827 :Cuni
1626 2774 1678 2826 in
1720 2775 1888 2826 multa
1920 2788 2051 2841 pace
2075 2787 2299 2841 agamus

732 2884 828 2938 per
854 2877 925 2932 te,
976 2876 1029 2921 et
1066 2867 1233 2920 multa
1297 2866 1642 2934 corrigantur
1682 2879 1776 2933 per
1822 2877 1967 2917 tuam
2008 2863 2300 2932 providen-

732 2962 900 3022 tiam,
948 2972 1160 3023 semper
1186 2965 1239 3009 et.
1287 2956 1490 3023 ubique
1522 2956 1876 3023 suscipimus,
1910 2952 2297 3023 optimeFelix,

730 3054 855 3102 cum
902 3047 1048 3100 omni
1088 3046 1387 3114 gratiarum
1451 3046 1684 3099 actione.
1748 3043 1825 3097 Ne
1878 3044 2087 3097 diutius
2117 3052 2297 3096 autem

732 3152 783 3195 te
814 3140 1150 3211 protraham,
1183 3154 1300 3202 oro,
1330 3140 1566 3192 breviter
1599 3138 1791 3192 audias
1821 3152 1921 3192 nos
1956 3153 2055 3206 pro
2080 3146 2168 3189 tua
2185 3137 2300 3189 elc-

2482 1040 2547 1091 Οἱ
2578 1039 2679 1108 μὲν
2711 1038 2806 1091 οὗν
2849 1041 3179 1111 στρατιῶται
3227 1041 3315 1092 διὰ
3364 1042 3576 1103 νυκτὸς,
3611 1040 3750 1092 κατὰ
3778 1041 3839 1090 τὸ
3866 1040 3981 1091 δια-

2408 1132 2742 1199 τεταγμένον
2770 1133 2971 1196 αύτοίς,
3003 1135 3105 1185 ἀνα
3139 1132 3362 1194 αόὀντες
3400 1132 3490 1183 τὸν
3522 1130 3752 1192 Παῦλον,
3777 1132 3981 1199 ἤγαγον

2409 1224 2486 1285 είς
2550 1224 2648 1294 τὴν
2691 1226 3095 1291 Ἀντιπατρίδα.
3154 1226 3231 1291 Τῇ
3278 1226 3334 1277 δὲ
3388 1224 3650 1291 ἐπαύριον
3716 1224 3981 1281 ἐάσαντες

2408 1313 2533 1375 τοὺς
2587 1315 2773 1376 ἱππεῖς
2804 1316 3133 1384 πορεύεσθαι
3175 1317 3269 1365 σίιν
3318 1313 3486 1381 αὐτῷ,
3516 1312 3867 1380 ὑπέστρεψαν
3904 1313 3985 1371 εἰς

2405 1404 2503 1472 τὴν
2540 1404 2912 1473 παρεμὸολήν.
2949 1405 3157 1465 Οἴτινες
3205 1403 3536 1463 εἰσελθόντες
3577 1404 3657 1463 είς
3708 1401 3805 1469 τὴν
3844 1402 3981 1452 Και-

2408 1495 2656 1563 σάρειαν,
2684 1496 2779 1547 καὶ
2824 1496 3107 1556 ἀναδόντες
3142 1496 3239 1563 τήν
3288 1494 3577 1561 ἐπιστολὴν
3610 1494 3687 1561 τῷ
3725 1494 3979 1561 ἡγεμόνι.

2407 1587 2751 1657 παρίστησαν
2802 1589 2895 1639 καὶ
2940 1588 3029 1639 τὸν
3089 1587 3298 1639 Παῦλον
3328 1586 3499 1655 αὐτῷ.
3556 1588 3834 1651 Αναγνοις
3866 1586 3919 1635 δὲ
3956 1588 3982 1631 ὁ

2405 1680 2648 1749 ήγεμὼν,
2684 1682 2778 1733 καὶ
2831 1683 3184 1750 ἐπερωτήσας
3225 1684 3286 1733 ἐκ
3333 1682 3490 1742 ποίας
3540 1679 3806 1749 ἐπαρχίας
3840 1681 3980 1740 ἐστὶ,

2407 1774 2499 1824 καὶ
2534 1772 2840 1841 πυθόμενος
2868 1774 2950 1824 ὅτι
2994 1773 3101 1824 άπὸ
3150 1774 3425 1837 Κιλικίας,
3456 1772 3827 1841 Διακούσομαί
3860 1788 3979 1832 σου,

2334 1858 2376 1911 Β
2404 1862 2532 1935 Ean,
2565 1864 2692 1916 ὅταν
2722 1866 2818 1917 καὶ
2858 1866 2906 1917 οἱ
2936 1866 3235 1935 κατήγοροί
3274 1883 3370 1917 σου
3414 1864 3856 1934 παραγένωνται,
3885 1881 3979 1914 κε-

2404 1956 2600 2018 λεύσας
2658 1959 2715 2009 ὲν
2772 1958 2849 2028 τῷ
2907 1959 3228 2029 πραιτωρίῳ
3286 1957 3528 2029 Ἡρώδου
3605 1957 3981 2025 φυλάσσεσἏι

2404 2049 2582 2101 αὐτόν.

2982 2142 3235 2195 ΚΕΦΑΛ.
3262 2143 3349 2194 ΛΕ
3370 2183 3382 2195 .

2412 2230 2747 2295 Τερτύλλου
2782 2231 2932 2282 κατὰ
2969 2231 3214 2284 Παύλου
3259 2230 3603 2297 κατηγορία,
3648 2228 3746 2280 καὶ
3793 2224 3987 2279 αὑτοῦ

2743 2321 3039 2388 ἀπολογία
3062 2321 3157 2373 ἐπὶ
3188 2320 3295 2373 τοῦ
3317 2319 3630 2387 ἡγεμόνος.

2476 2410 2632 2463 Μετὰ
2654 2412 2711 2463 δὲ
2740 2413 2900 2463 πέντε
2926 2412 3165 2481 ἡμέρας,
3196 2410 3405 2479 κατέϐη
3430 2410 3459 2461 ὁ
3491 2408 3783 2479 ἀρχιερεὺς
3819 2407 3982 2457 Ἀνα-

2406 2500 2525 2562 νίας
2580 2503 2719 2569 μετὰ
2777 2501 3167 2571 πρεσϐυτέρων
3214 2500 3396 2564 τινῶν,
3432 2500 3527 2551 καὶ
3579 2499 3809 2566 ῥήτορος
3842 2497 3983 2561 Τερο

2403 2593 2598 2643 τύλλου
2635 2592 2778 2654 τινὸς
2803 2632 2819 2657 ,
2845 2594 3041 2655 οἵτινες
3072 2593 3412 2662 ἐνεφάνησαν
3452 2590 3527 2658 τῷ
3561 2589 3788 2659 ἡγεμόνι
3840 2590 3986 2638 κατὰ

2404 2685 2499 2736 τοῦ
2534 2684 2772 2738 Παῠλου.
2802 2685 3113 2754 κληθέντος
3159 2684 3215 2736 δὲ
3251 2684 3443 2747 αὑτοῦ,
3484 2683 3687 2753 ἦρξατο
3744 2697 3985 2747 κατηγο.

2410 2780 2522 2847 ρεῖν
2550 2780 2578 2831 ὁ
2599 2778 2897 2847 Τέρτυλλος
2929 2778 3105 2844 λέγων
3124 2792 3140 2809 ο
3167 2777 3375 2846 Πολλῆς
3418 2778 3642 2846 εἰρήνης
3680 2776 3982 2843 τυγχάνον-

2404 2886 2498 2931 τες
2530 2870 2618 2922 διὰ
2648 2869 2767 2933 σοῦ,
2797 2869 2892 2921 καὶ
2922 2868 3135 2921 πολλῶν
3181 2867 3622 2935 κατορθωμάτων
3667 2867 3985 2934 γενομένων

2406 2959 2483 3029 τῷ
2506 2961 2648 3012 ἔθνει
2684 2961 2863 3031 τούτῳ
2896 2960 2986 3012 διὰ
3016 2959 3114 3028 τῆς
3145 2961 3239 3028 σῆς
3271 2958 3551 3029 προνοίας,
3592 2959 3767 3025 πάντη
3802 2974 3859 3008 τε
3886 2959 3984 3007 καὶ

2407 3053 2682 3121 πανταχοῦ
2714 3051 3116 3121 ἀποδεχόμεθα,
3153 3052 3410 3122 κράτιστε
3429 3050 3613 3119 Φῆλιξ,
3639 3050 3777 3118 μετά
3794 3052 3981 3116 πάσης

2406 3144 2774 3213 εὐχαριστίας.
2805 3145 2924 3197 Ἵνα
2978 3144 3035 3197 δέ
3068 3144 3144 3215 μὴ
3196 3143 3289 3196 ἐπὶ
3345 3143 3526 3196 πλεῖόν
3586 3160 3644 3193 σε
3702 3144 3981 3205 ὲκκόπτω,

735 3231 958 3283 mantia.
1001 3229 1315 3281 lnvenimus
1378 3227 1523 3279 hunc
1556 3226 1832 3279 hominem
1888 3226 2205 3293 pestiferum
2248 3232 2303 3278 et.

2408 3237 2708 3308 παρακαλῶ
2732 3237 2963 3291 ἀκοῦσαί
2995 3255 3055 3290 σε
3082 3237 3240 3307 ήμῶν
3269 3238 3568 3305 συντόμως,
3606 3238 3667 3304 τῇ
3705 3238 3767 3302 σῇ
3808 3236 3986 3285 ἐπιει-

734 3318 1441 3375 concitantemseditiones
1492 3316 1750 3370 omnibus
1798 3315 2003 3369 ludatis
2056 3317 2109 3369 in
2176 3316 2302 3367 uni-

733 3427 899 3467 verso
938 3410 1089 3474 orbe,
1121 3420 1175 3465 et
1206 3417 1487 3463 auctorem
1514 3408 1796 3461 seditionis
1849 3417 2011 3459 sectae
2062 3406 2304 3459 Nazare-

734 3518 929 3558 norum
964 3519 976 3555 :
1009 3501 1103 3570 qui
1144 3500 1304 3555 etiam
1340 3500 1599 3569 templum
1660 3499 1861 3552 violare
1911 3507 2139 3552 conatus
2194 3507 2300 3562 est,

734 3610 896 3665 quem
928 3603 983 3647 et
1014 3593 1414 3661 apprehensum
1466 3590 1741 3644 voluimus
1772 3589 2071 3644 secundum
2131 3588 2301 3657 legem

737 3693 981 3735 nostram
1024 3681 1288 3749 judicare.
1351 3679 1758 3748 Superveniens
1810 3690 1995 3733 autem
2050 3680 2303 3733 tribunus

730 3773 943 3843 Lysias,
968 3788 1090 3826 cum
1125 3772 1176 3825 vi
1217 3786 1413 3840 magna
1440 3772 1644 3839 eripuit
1680 3785 1804 3824 eum
1840 3772 1907 3824 de
1929 3771 2182 3825 manibus
2206 3786 2305 3823 no-

734 3869 885 3925 stris,
905 3865 1106 3932 jubens
1129 3872 1478 3916 accusatores
1519 3862 1639 3930 ejus
1676 3862 1742 3915 ad
1770 3872 1822 3914 te
1871 3863 2055 3917 venire
2086 3878 2100 3916 :
2131 3877 2161 3915 a
2192 3878 2304 3931 quo

734 3956 937 4027 pateris
970 3957 1088 4024 ipse
1112 3955 1390 4024 judicans,
1417 3956 1485 4009 de
1505 3954 1761 4008 omnibus
1793 3956 1914 4009 istis
1965 3969 2301 4024 cognoscere

731 4048 800 4100 de
828 4048 1025 4117 quibus
1048 4062 1148 4102 nos
1176 4060 1496 4101 accusamus
1516 4060 1662 4100 eum.
1685 4045 2016 4114 Adjecerunt
2042 4054 2224 4099 autem
2247 4054 2302 4100 et

728 4140 926 4203 Judaei,
948 4139 1322 4194 dicenteshaec
1349 4140 1422 4191 ita
1455 4152 1511 4191 se
1543 4138 1757 4192 habere.
1780 4136 2078 4207 Respondit
2118 4147 2301 4191 autem

737 4226 934 4280 Paulus
967 4226 1262 4294 (annuente
1302 4227 1407 4279 sibi
1444 4226 1667 4294 praeside
1716 4227 1919 4289 dicere)
1956 4244 1969 4279 :
2007 4228 2085 4280 Ex
2119 4227 2302 4281 multis

735 4324 893 4372 annis
928 4330 978 4373 te
998 4334 1123 4373 esse
1142 4320 1349 4388 justum
1376 4319 1613 4387 judiccm
1634 4322 1776 4385 genti
1800 4320 1925 4373 huic
1956 4322 2135 4373 sciens
2160 4320 2301 4374 bono

734 4413 919 4465 animo
946 4428 1041 4479 pro
1066 4426 1152 4464 me
1170 4410 1529 4465 satisfaciam.
1564 4409 1726 4464 Potes
1754 4413 1897 4463 enim
1946 4426 2302 4480 cognoscere,

734 4507 863 4573 quia
914 4518 1023 4558 non
1058 4505 1180 4572 plus
1230 4503 1363 4556 mihi
1398 4502 1515 4555 dies
1549 4517 1712 4571 quam
1748 4502 2051 4567 duodecim,
2081 4518 2145 4557 ex
2196 4519 2303 4571 quo
2328 4535 2382 4593 Β

732 4596 950 4650 ascendi
981 4596 1209 4650 adorare
1243 4597 1295 4649 in
1329 4594 1653 4661 Jerusalem,
1676 4604 1728 4649 et
1760 4611 1938 4665 neque
1994 4596 2049 4649 in
2102 4598 2304 4666 templo

734 4690 1061 4742 invenerunt
1084 4703 1169 4741 me
1197 4702 1320 4741 cum
1367 4688 1551 4755 aliquo
1612 4688 2001 4754 disiiutantem,
2043 4699 2137 4741 aut
2173 4706 2306 4743 con-

734 4794 952 4833 cursum
978 4779 1266 4832 facientem
1289 4780 1482 4843 turba-,
1506 4795 1678 4847 neque
1712 4780 1765 4831 in
1798 4781 2108 4848 synagogis,
2133 4794 2308 4849 neque

736 4872 1061 4935 incivitate,
1093 4886 1271 4939 neque
1318 4870 1549 4940 probare.
1579 4878 1813 4939 pessunt
1854 4872 1949 4924 tibi
2001 4872 2068 4924 de
2108 4873 2307 4939 quibus

736 4977 880 5014 nunc
914 4978 997 5015 tne
1016 4970 1304 5014 accusant.
1338 4963 1614 5015 Conliteor
1647 4973 1831 5015 autem
1862 4962 1966 5016 hoc
2004 4962 2122 5023 tibi,
2159 4963 2303 5030 quod

735 5070 761 5106 ε
784 5053 1038 5105 -tunduiu
1097 5064 1328 5113 sectam,
1364 5067 1527 5120 quam
1559 5052 1748 5104 dicunt
1780 5052 2049 5113 haeresim,
2081 5054 2161 5105 sic
2213 5053 2307 5107 de-

737 5142 917 5193 servio
937 5140 1087 5193 Patri
1116 5140 1301 5193 etDeo
1340 5155 1478 5203 meo,
1530 5141 1758 5193 credens
1788 5141 2041 5193 omnibus
2085 5157 2202 5209 qua:
2252 5146 2304 5193 in

739 5240 853 5301 lege
883 5243 935 5286 et
970 5233 1251 5301 prophetis
1304 5234 1505 5301 scripta
1560 5245 1732 5286 sunt:
1782 5247 1929 5300 Spem
1996 5233 2201 5289 habens
2253 5236 2305 5287 in

739 5331 1111 5396 Deum,quam
1144 5335 1196 5380 et
1236 5326 1290 5379 lii
1324 5328 1424 5396 ipsi
1454 5335 1794 5395 exspectant,
1847 5329 2302 5382 resurreCtionem

743 5422 983 5473 t'uturam
1026 5418 1299 5487 juslorum
1350 5427 1403 5471 et
1460 5418 1793 5486 iniquorum.
1833 5415 2019 5473 lnhoc
2078 5428 2133 5471 et
2194 5419 2308 5486 ipse

736 5512 928 5566 studeo
976 5512 1094 5564 sine
1139 5510 1468 5564 olIendiculo
1521 5508 1915 5563 conscientiam
1985 5510 2186 5563 habere
2238 5510 2305 5562 ad

747 5604 914 5657 Deum
949 5613 1002 5657 et
1028 5604 1094 5657 ad
1128 5603 1378 5657 homines
1434 5617 1670 5669 semper.
1714 5601 1845 5655 Post
1912 5616 2085 5655 annos
2126 5613 2306 5656 autem

739 5696 919 5762 plures
938 5696 1311 5763 eleemosynas
1340 5692 1501 5763 303
1534 5696 1774 5748 tacturus
1804 5695 1855 5747 in
1881 5703 2093 5763 gentem
2130 5710 2304 5748 meam

740 5785 862 5838 veni
898 5790 951 5836 et
970 5780 1279 5837 oblationes
1312 5788 1365 5835 et
1396 5791 1517 5834 vota
1562 5798 1575 5834 :
1632 5783 1682 5833 in
1715 5782 1913 5848 quibus
1974 5782 2303 5837 invenerunt

2406 3330 2550 3399 κείᾳ.
2588 3329 2854 3397 Εὑρὸντες
2912 3329 3022 3397 γὰρ
3069 3328 3161 3379 τὸν
3223 3327 3391 3395 ἄνδρα
3426 3325 3615 3378 τοῦτον
3642 3326 3853 3395 λοιμὸν,
3885 3327 3982 3377 καὶ

2404 3419 2656 3471 κινοῦντα
2689 3416 2907 3478 στάσεις
2936 3418 3069 3469 πᾶσι
3107 3417 3221 3477 τοῖς
3260 3415 3531 3476 Ἰουδαίοις
3561 3418 3674 3485 τοῖς
3709 3418 3852 3467 κατὰ
3882 3417 3982 3481 τὴν

2404 3508 2756 3577 οἰκουμένην,
2792 3509 3182 3578 πρωτοστάτην
3214 3524 3273 3559 τε
3305 3508 3433 3559 ὄντα
3474 3507 3573 3574 τῆς
3620 3504 3727 3557 τῶν
3779 3505 3979 3565 Ναζω-

2407 3602 2575 3670 ραίων
2624 3601 2915 3669 αἱρέσεως·
2947 3599 3003 3660 ὃς
3047 3600 3139 3651 καὶ
3171 3598 3231 3650 τὸ
3264 3598 3408 3667 ἱερὸν
3436 3596 3690 3665 ἐπείρασε
3741 3595 3979 3663 βεϐηλώ-

2406 3707 2519 3753 σαι,
2552 3689 2611 3741 ὃν
2642 3691 2736 3741 καὶ
2775 3690 3184 3759 ἐκρατήσαμεν,
3219 3690 3314 3740 καὶ
3361 3687 3500 3739 κατὰ
3552 3687 3641 3738 τὸν
3694 3688 3970 3754 ἡμέτερον

2404 3782 2569 3849 νόμον
2613 3779 2962 3848 ἠθελήσαμεν
2995 3778 3229 3848 κρίνειν.
3273 3775 3566 3845 Παρελθὼν
3596 3776 3653 3827 δὲ
3703 3776 3911 3837 Λυσίας
3951 3775 3984 3824 ό

2403 3870 2706 3939 χιλίαρχος,
2758 3869 2899 3939 μετὰ
2924 3866 3131 3935 πολλῆς
3156 3866 3279 3937 βίας
3308 3866 3375 3918 ἐκ
3426 3864 3537 3916 τῶν
3589 3863 3789 3932 χειρῶν
3818 3863 3982 3931 ἡμῶν

2404 3962 2687 4032 ἀπήγαγε,
2716 3960 2979 4022 κελεύσας
3036 3960 3163 4021 τοὺς
3210 3956 3549 4027 κατηγόρους
3608 3953 3776 4007 αὑτοῦ
3820 3953 3984 4023 ἔρχε-

2406 4054 2530 4106 σθαι
2571 4053 2663 4105 ἐπὶ
2702 4052 2781 4104 σέ.
2812 4052 2952 4121 Παρ⁹
2987 4043 3048 4102 οὗ
3088 4049 3293 4120 δυνήσῃ
3329 4048 3425 4100 καὶ
3461 4046 3624 4108 αὐτὸς
3673 4046 3980 4114 ἀνακρίνας

2404 4147 2537 4216 περὶ
2585 4144 2805 4196 πάντων
2859 4144 3068 4194 τούτων
3096 4140 3415 4207 ἐπιγνῶναι,
3449 4132 3523 4192 ὧν
3551 4139 3709 4207 ἡμεῖς
3742 4152 3985 4205 κατηγο-

2411 4234 2615 4300 ροῦμεν
2673 4229 2863 4283 αύτοῦ.
2924 4228 3291 4281 Συνεπέθεντο
3359 4226 3416 4279 δὲ
3477 4225 3573 4278 καὶ⁹
3628 4227 3676 4276 oi
3712 4225 3980 4286 Ἰουδαῖοι,

2406 4323 2704 4391 φάσκοντες
2735 4320 2912 4373 ταῦτα
2940 4320 3116 4381 οὓτως
3154 4319 3319 4388 ἔχειν.
3356 4317 3654 4385 Ἀπεκρίθη
3687 4316 3743 4368 δὲ
3775 4317 3802 4367 ό
3827 4317 3981 4369 Παῦ-

2405 4415 2517 4477 λος,
2541 4412 2834 4473 νεύσαντος
2871 4411 3020 4480 αύτῷ
3055 4409 3149 4462 τοῦ
3177 4409 3441 4478 ἡγεμόνος
3470 4408 3651 4473 λέγειν
3671 4422 3684 4435 ·
3722 4407 3816 4458 Ἐκ
3850 4407 3982 4457 πολ-

2406 4506 2517 4559 λῶν
2549 4504 2685 4558 ἐτῶν
2714 4505 2845 4557 ὂντα
2878 4520 2937 4555 σε
2970 4506 3162 4572 κριτὴν
3206 4501 3413 4552 δίκαιον
3475 4500 3552 4568 τῷ
3607 4499 3750 4551 ἔθνει
3800 4500 3979 4567 τούτῳ

2406 4598 2792 4667 ἐπιστάμενος,
2844 4593 3096 4663 εὐθύμως
3142 4593 3209 4644 τά
3242 4594 3370 4661 περὶ
3411 4590 3650 4660 ἐμαυτοῦ
3677 4591 3983 4656 άπολογοῦο

2410 4706 2531 4757 μαι,
2566 4686 2867 4755 δυναμένου
2912 4701 3006 4736 σου
3045 4683 3363 4749 ἐπιγνῶναι,
3395 4682 3477 4733 ὅτι
3508 4683 3568 4734 ού
3624 4681 3840 4742 πλείους
3870 4683 3982 4731 είσί

2409 4797 2499 4846 μοι
2530 4780 2729 4849 ἡμέραι
2765 4779 2796 4845 ἢ
2846 4776 3075 4838 δώδεκα,
3108 4775 3200 4841 ἀφ’
3234 4769 3299 4842 ἦς
3332 4773 3533 4841 ἀνέϐην
3581 4784 3981 4843 προσκυνήσων

2407 4874 2489 4935 εἰς
2550 4873 2943 4939 Ἰερουσαλήμ·
2988 4869 3084 4922 καὶ
3136 4867 3257 4921 οῦτε
3312 4868 3369 4917 ὲν
3402 4866 3480 4933 τῷ
3535 4864 3665 4934 ἱερῷ
3716 4860 3871 4932 εὗρόν
3914 4881 3979 4933 με

2409 4965 2545 5034 πρός
2597 4980 2719 5015 τινα
2756 4963 3161 5029 διαλεγόμενον,
3216 4960 3248 5028 ἧ
3306 4958 3669 5011 ἐπισύστασιν
3720 4957 3982 5009 ποιοῦντα

2408 5056 2591 5123 ὄχλου,
2618 5054 2743 5105 οὔτε
2796 5055 2853 5104 ἐν
2880 5056 2996 5113 ταῖς
3028 5052 3395 5117 συναγωγαῖς,
3430 5047 3552 5100 οὗτε
3584 5046 3727 5101 κατὰ
3759 5046 3856 5114 τὴν
3884 5048 3982 5097 πό-

2407 5147 2521 5198 λινο
2570 5144 2692 5196 οὔτε
2748 5144 3101 5213 παραστῆσαι
3130 5141 3385 5194 δύνανταί
3442 5156 3544 5203 σοι,
3604 5132 3835 5207 περἰὦν
3864 5142 3981 5187 νυνὶ

2409 5234 2775 5303 κατηγοροῦσί
2819 5249 2943 5300 μου.
2991 5230 3270 5298 Ὁμολογῶ
3311 5230 3367 5282 δὲ
3399 5226 3557 5281 τοῦτό
3579 5244 3680 5291 σοι,
3709 5228 3792 5278 ὅτι
3838 5232 3981 5277 κατα

2408 5328 2506 5395 τὴν
2545 5327 2685 5389 ὁδὸν,
2720 5326 2784 5393 ἢν
2836 5324 3089 5391 λέγουσιν
3148 5324 3382 5392 αἵρεσιν,
3438 5319 3581 5372 θ’ύτω
3622 5317 3875 5388 λατρεύω
3907 5318 3981 5385 τῷ

2409 5418 2650 5488 πατρῴῳ
2679 5416 2824 5485 Θεῷ,
2868 5416 3139 5469 πιστεύων
3175 5416 3308 5467 πᾶσι
3338 5415 3449 5473 τοῖς
3494 5413 3635 5465 κατὰ
3664 5412 3756 5463 τὸν
3792 5412 3978 5477 νόμον,

2408 5511 2502 5561 καὶ
2554 5512 2665 5571 τοῖς
2717 5512 2773 5561 ἐν
2805 5512 2922 5570 τοῖς
2956 5507 3269 5574 προφήταις
3310 5503 3749 5573 γεγραμμένοις,
3787 5501 3981 5552 ἐλπίδα

2408 5601 2545 5670 ἔχων
2582 5601 2715 5669 πρὶς
2748 5598 2836 5651 τὸν
2877 5598 3033 5661 Θεὸν,
3064 5597 3133 5666 ἢν
3162 5597 3253 5647 καὶ
3286 5596 3439 5646 αὐτοὶ
3471 5589 3617 5646 οὗτοι
3652 5592 3983 5661 πρῖσόέχον·

2407 5708 2519 5754 ται,
2559 5691 2855 5744 ἀνάστασιν
2910 5688 3125 5757 μέλλειν
3148 5686 3368 5738 ἔσεσθαι
3395 5684 3618 5737 δικαίων
3642 5700 3701 5733 τε
3743 5684 3835 5734 καὶ
3862 5681 3984 5733 ἁδί-

2411 5801 2540 5837 κων.
2589 5786 2672 5836 Ἐν
2708 5782 3002 5852 τούτῳκαὶ
3041 5780 3201 5842 αὐτὸς
3249 5778 3401 5831 ἀσκῶ
3442 5778 3805 5845 ἀπρόσκοπον,
3838 5773 3985 5844 ἔχιν
