4164 6444
259 380 403 449 1037

886 385 1416 449 EXPOSITIONIS
1459 387 1537 447 IN
1581 388 1765 450 ACTA
1805 385 2106 449 TEXTUS
2141 381 2409 448 ALTER.
2440 414 2504 422 -
2547 380 2704 448 CAP.
2743 388 2955 447 XXIV.

3360 381 3494 452 1033

253 493 563 564 συνείδησιν
619 496 753 562 πρός
801 513 860 549 τε
909 499 999 550 τὸν
1051 498 1186 550 Θεὸν
1230 499 1480 562 καὶτοὺς
1508 498 1823 568 ἀνθρώπους

1938 517 2022 553 me
2049 501 2465 568 pur-ilieatumin
2494 501 2716 568 templo,
2753 516 2862 553 non
2910 512 3034 553 cum
3091 499 3269 562 turba,
3316 514 3493 570 neque.

248 587 565 648 διαπαντός.
603 589 680 641 Δι’
703 591 840 641 ἐτῶν
869 589 923 642 δὲ
964 591 1225 643 πλειόνων
1273 591 1645 662 ἐλεημοσύνας
1674 593 1827 665 ποιή-

251 695 362 732 σων
394 683 474 742 εἰς
501 681 562 732 τὸ
615 680 766 745 ἔθνος
802 701 905 750 μου
950 684 1335 755 παρεγενόμην
1372 687 1464 738 καὶ
1490 688 1822 758 προσφοράς.

262 772 349 823 Ἐν
383 768 474 834 αἷς
508 766 665 842 εὗρόν
716 791 780 842 με
822 776 1149 846 ἡγνισμένον
1195 779 1253 830 ἐν
1288 777 1366 848 τῷ
1399 777 1553 848 ἰερῷ,
1577 779 1638 831 οὐ
1689 779 1828 847 μετά

249 861 431 931 δχλου,
467 863 586 915 οὐδὲ
621 864 761 932 μετὰ
788 866 1040 936 θορύϐου,
1077 867 1220 930 τινὲς
1251 868 1359 920 τῶν
1382 870 1488 921 ἀπὸ
1510 869 1608 938 τῆς
1644 871 1828 932 Ἀσίας

263 951 566 1007 Ἰουδαίων·
593 954 688 1018 οῦς
715 955 823 1009 ἔδει
856 958 948 1011 ἐπὶ
981 957 1075 1009 σοῦ
1140 961 1396 1029 παρεῖναι
1451 961 1546 1013 καὶ
1591 977 1827 1028 κατηγο·

249 1043 364 1107 ρεῖν
395 1044 450 1096 εἰ
478 1062 530 1097 τι
560 1045 626 1099 ἀν
652 1045 828 1115 ἔχοιεν
855 1049 989 1119 πρὸς
1023 1067 1091 1118 με
1113 1063 1126 1076 ·
1160 1050 1193 1122 ἢ
1228 1051 1380 1104 αὐτοὶ
1411 1052 1743 1115 εἰπάτωσαν,
1775 1050 1828 1102 τί

247 1127 408 1203 εὗρον
429 1137 488 1189 ὲν
503 1138 625 1206 ἐμοὶ
656 1139 918 1210 ἀδίκημα,
950 1143 1135 1195 στάντι
1162 1161 1254 1211 μοι
1286 1144 1344 1196 έν
1373 1143 1450 1212 τῷ
1477 1144 1759 1213 συνεδρίῳ.
1795 1142 1826 1212 ἦ

247 1228 382 1296 περὶ
417 1230 545 1297 μιᾶς
573 1229 776 1298 ταύτης
799 1233 1002 1302 φωνῆς,
1022 1229 1091 1303 ἧς
1109 1233 1314 1304 έκραξα
1339 1237 1396 1286 ἐν
1424 1235 1603 1296 αὐτοῖς
1636 1234 1825 1297 ἑστὼς,

253 1319 337 1369 ὅτι
366 1319 503 1388 Περὶ
534 1321 881 1386 ἀναστάσεως
912 1326 1121 1391 νεκρῶν
1146 1326 1258 1392 ἐγὼ
1291 1326 1547 1396 κρίνομαι
1588 1327 1828 1395 σήμερον

248 1411 341 1482 ὑφ’
370 1411 554 1482 ὑμῶν.
602 1414 868 1478 Ἀκούσας
908 1415 966 1469 δὲ
1018 1416 1190 1470 ταῦτα
1245 1419 1272 1470 6
1311 1419 1477 1488 Φῆλιξ
1531 1418 1826 1471 ἀνεϐάλετο

248 1505 472 1567 αὐτοὺς,
495 1505 885 1576 ἀκριϐέστερον
912 1505 1067 1569 εἰδὼς
1094 1508 1160 1559 τά
1191 1509 1319 1575 περὶ
1347 1508 1447 1576 τῆς
1473 1507 1614 1572 ὁδοῦ,
1636 1507 1824 1560 εἰπών·

250 1596 424 1649 Ὅταν
457 1598 663 1659 Λυσίας
686 1600 713 1650 6
745 1597 1024 1668 χιλίαρχος
1055 1599 1290 1666 καταϐῇ,
1341 1598 1711 1666 διαγνώσομαι
1761 1597 1829 1650 τὰ

247 1687 373 1740 καθ’
405 1689 570 1757 ὑμᾶς,
593 1688 988 1759 διαταξάμενος
1020 1690 1098 1758 τῷ
1141 1691 1515 1761 ἑκατοντάρχῃ
1547 1690 1827 1760 τηρεῖσθαι

249 1779 436 1844 αὐτὸν,
475 1779 618 1848 ἔχειν
670 1798 730 1832 τε
774 1781 981 1846 ἄνεσιν,
1015 1783 1110 1835 καὶ
1157 1783 1363 1851 μηδένα
1430 1781 1658 1835 κωλύειν
1721 1782 1828 1834 τῶν

1931 608 2054 646 cum
2083 592 2344 656 tumultu,
2381 589 2602 660 quidam
2655 605 2832 644 autem
2879 607 2940 644 ex
2969 591 3093 644 Asia
3125 589 3321 655 Judaai,
3362 606 3499 659 qum

1931 682 2219 750 Oportebat
2254 681 2392 750 apud
2421 689 2472 733 te
2513 689 2712 750 praesto
2737 696 2881 742 esse.
2924 690 3264 736 ctaccnsare
3294 682 3340 736 si
3367 684 3494 751 quid

1935 772 2194 826 haberent
2222 769 2510 825 adversum
2545 784 2630 823 me
2655 786 2670 823 :
2694 778 2788 822 aut
2814 770 2865 823 hi
2908 770 3024 838 ipse
3052 758 3253 824 dicaut‘
3289 771 3334 824 si
3368 775 3497 841 quid

1932 863 2254 918 invenerunt
2281 862 2334 914 in
2362 878 2446 916 me
2479 861 2784 932 iniquitatis
2814 878 2937 914 cum
2968 872 3103 916 stem
3139 863 3191 916 in
3243 863 3499 922 concilio.

1932 955 2037 1010 nisi
2094 955 2162 1009 de
2216 968 2323 1006 una
2384 953 2486 1006 hac
2543 943 2889 1010 solummodo
2923 967 3055 1007 voce
3111 969 3216 1023 qua
3267 956 3498 1010 clamavi

1933 1047 2075 1102 inter
2099 1061 2197 1101 eos
2234 1054 2416 1111 stans,
2473 1045 2730 1114 quoniam
2791 1043 2866 1101 De
2923 1047 3322 1100 resurrectione
3356 1063 3499 1102 mor-

1933 1147 2150 1192 tuorum
2181 1153 2282 1207 ego
2324 1136 2544 1202 judicor
2566 1135 2728 1190 hodie
2778 1152 2807 1189 a
2839 1137 3011 1192 vobis.
3062 1135 3284 1191 Distulit
3319 1152 3498 1196 autem

1932 1231 2054 1284 illos
2081 1228 2252 1292 Felix,
2287 1228 2589 1283 certissime
2611 1228 2794 1283 sciens
2822 1229 2888 1282 de
2941 1231 3025 1283 via
3073 1230 3196 1294 hac,
3255 1229 3447 1284 dicens
3489 1245 3501 1285 :

1929 1321 2065 1376 Cum
2090 1322 2346 1376 tribunus
2403 1320 2594 1392 Lysias
2657 1321 3032 1388 descenderit,
3089 1322 3306 1377 audiam
3383 1338 3500 1378 vos.

1929 1409 2212 1478 Jussitque
2241 1409 2549 1463 centurioni
2583 1408 2862 1464 custodire
2902 1425 3050 1473 eum,
3079 1417 3132 1463 et
3183 1410 3388 1465 habere
3419 1427 3499 1464 re.-

1930 1502 2133 1569 quiem,
2169 1515 2270 1553 nec
2293 1515 2620 1569 quemquam
2656 1500 2723 1554 de
2749 1501 2865 1555 suis
2878 1501 3168 1570 prohibere
3192 1502 3506 1555 ministrare

1929 1594 2004 1646 ei.
2034 1592 2164 1647 Post
2205 1594 2421 1662 aliquos
2471 1601 2651 1647 autent
2699 1593 2847 1658 dies,
2877 1594 3104 1649 veniens
3161 1593 3310 1648 Felix
3382 1610 3505 1648 cum

1932 1683 2166 1739 Drusilla
2192 1699 2470 1738 uxoresua
2497 1700 2619 1752 qua:
2642 1683 2984 1754 eratJudaaa,
3014 1686 3226 1740 vocavit
3252 1685 3505 1748 Paulum,

1929 1784 1985 1831 et
2014 1776 2226 1829 audivit
2254 1777 2323 1829 ab
2348 1790 2414 1831 eo
2448 1775 2608 1830 [idem
2633 1791 2758 1845 qua:
2791 1785 2877 1830 est
2906 1776 2959 1829 in
2991 1775 3270 1830 Christum
3297 1776 3505 1831 Jesum.

247 1871 398 1923 ἰδίων
436 1871 602 1925 αὐτοῦ
626 1863 939 1943 ὑπηρετεῖν,
973 1875 1006 1943 ἢ
1043 1874 1445 1944 προσέρχεσθαι
1476 1874 1646 1944 αὐτῷ.
1675 1875 1823 1928 Μετὰ

1936 1867 2258 1937 Disputante
2278 1875 2459 1922 autem
2485 1868 2580 1922 illo
2610 1868 2678 1921 de
2712 1868 2922 1936 iustitia
2947 1877 3004 1922 et
3052 1868 3308 1922 castitate
3337 1877 3391 1922 et
3442 1869 3510 1922 de

245 1959 302 2010 δὲ
333 1960 548 2030 ἡμέρας
577 1963 727 2024 τινάς
753 1963 1199 2032 παραγενόμενος
1225 1965 1254 2016 6
1282 1963 1451 2032 Φῆλιξ
1477 1966 1576 2016 σὺν
1601 1964 1822 2034 Δροσίλ-

247 2049 316 2120 λῃ
349 2055 416 2120 τῇ
453 2052 560 2122 ἰδίᾳ
581 2054 824 2120 γυναικὶ,
855 2053 991 2125 οῦσῃ
1024 2055 1275 2125 Ἰουδαίᾳ,
1319 2053 1709 2124 μετεπέμψατο
1735 2054 1827 2106 τὸν

247 2142 487 2209 Παῦλον,
528 2145 621 2196 καὶ
669 2144 906 2215 ἤκουσεν
958 2144 1122 2197 αὑτοῦ
1178 2145 1310 2214 περὶ
1353 2145 1454 2213 τῆς
1483 2146 1566 2208 εἰς
1591 2145 1825 2216 Χριστὸν

260 2234 471 2303 Ἰησοῦν
506 2236 760 2299 πίστεως.
803 2236 1206 2307 Διαλεγομένου
1243 2237 1302 2291 δὲ
1350 2236 1517 2291 αὐτοῦ
1563 2239 1689 2307 περὶ
1744 2238 1823 2291 δι-

247 2325 569 2394 καιοσύνης,
609 2330 705 2380 καὶ
744 2329 1095 2398 ἐγκρατείας,
1126 2329 1222 2382 καὶ
1269 2328 1367 2382 τοῦ
1412 2328 1684 2400 κρίματος
1725 2328 1820 2381 τοῦ

248 2416 540 2484 μέλλοντος
576 2417 818 2483 ἔσεσθαι,
845 2419 1085 2488 ἐμιροϐος
1111 2420 1402 2490 γενόμενος
1433 2421 1463 2472 6
1495 2420 1664 2488 Φῆλιξ
1712 2420 1821 2473 ἀπ·

1930 1960 2139 2030 judicio
2183 1959 2388 2022 futuro,
2437 1958 2790 2014 tremefactus
2816 1957 2964 2012 Felix
2993 1959 3275 2028 respondit
3305 1977 3319 2014 :
3358 1959 3508 2026 Quod

1937 2067 2079 2106 nunc
2117 2052 2331 2112 attinet,
2369 2050 2545 2104 vade:
2574 2062 2819 2120 tempore
2848 2059 3032 2104 autem
3081 2061 3393 2121 opportuno
3417 2066 3511 2109 ac—

1934 2157 2150 2198 cersam
2187 2153 2280 2196 te:
2311 2141 2474 2196 simul
2507 2151 2562 2195 et
2589 2157 2839 2211 sperans,
2871 2143 3015 2212 quod
3067 2143 3296 2213 pecunia
3341 2143 3390 2199 ei
3416 2146 3512 2198 da-

1936 2243 2092 2288 retur
2122 2248 2152 2287 a
2175 2231 2370 2298 Paulo,
2405 2241 2632 2303 propter
2661 2234 2808 2303 quod
2840 2243 2894 2288 et
2926 2233 3273 2304 frequentem
3321 2249 3510 2289 accer-

1941 2341 2076 2384 sens
2109 2340 2234 2382 eum
2269 2314 2597 2396 loquebatur
2625 2339 2751 2380 cum
2781 2341 2870 2381 eo.

241 2510 474 2580 ῑκρίθη’
513 2510 589 2564 Τὸ
621 2512 714 2564 νῦν
742 2511 864 2582 ἔχον
901 2511 1132 2582 πορεύου
1153 2527 1166 2541 ·
1186 2514 1379 2581 καιρὸν
1418 2512 1473 2566 δὲ
1500 2512 1820 2582 μεταλαϐὼν
1861 2512 2300 2582 μετακαλέσομαί
2331 2529 2392 2565 σε
2413 2528 2425 2541 ο
2457 2511 2578 2580 ἀμα
2598 2510 2656 2564 δὲ
2678 2511 2770 2563 καὶ
2795 2510 3052 2575 ἐλπίζων,
3108 2512 3190 2565 ὅτι
3251 2513 3510 2582 χρήματα

244 2599 534 2670 δοθήσεται
567 2602 717 2675 αύτῷ
756 2605 862 2658 ὑπὸ
890 2603 987 2656 τοῦ
1015 2603 1252 2669 Παύλου,
1279 2605 1428 2669 ὅπως
1452 2605 1590 2676 λύσῃ
1627 2606 1822 2660 αὐτόν⁶
1898 2607 1978 2660 διὸ
2038 2606 2135 2660 καὶ
2167 2605 2500 2674 πυκνότερον
2553 2604 2721 2659 αὑτὸν
2764 2619 3281 2675 μεταπεμπομενος,
3315 2604 3511 2673 ὡμίλει

244 2693 417 2766 αὐτῷ.

815 2791 1065 2847 usam.
1108 2795 1251 2860 Λςν.
1596 2835 1600 2840 .

247 2882 391 2948 Περί
439 2879 552 2948 τῆς
612 2881 876 2950 Φήλικος
926 2885 1235 2954 διαδοχῆς,
1291 2888 1390 2940 καὶ
1439 2885 1549 2956 τῆς
1579 2888 1825 2956 Φήστου

317 2972 738 3040 εροαγωτίας,
791 2973 904 3042 τῆς
954 2991 1020 3029 τε
1068 2977 1162 3029 ἐπ’
1215 2977 1404 3032 αὐτοῦ
1451 2978 1826 3047 ἀνακρίσεως

319 3065 566 3119 Παύλου
602 3067 697 3118 καί
728 3066 1021 3135 ἀφέσεως.

321 3156 536 3216 Διετίας
584 3156 642 3208 δὲ
677 3157 1085 3228 πληρωθείσης,
1118 3157 1277 3212 ἔλαϐε
1316 3159 1558 3229 διάδοχον
1587 3161 1614 3211 6
1654 3157 1823 3230 Φῆλιξ

2491 2788 2722 2846 CAPUT
2775 2789 3014 2844 XXXVI.

1932 2886 2010 2940 De
2041 2885 2231 2942 Felicis
2262 2884 2589 2939 successione
2613 2892 2662 2937 et
2692 2879 2839 2937 Festi
2854 2883 3139 2952 (unctione,
3163 2895 3211 2939 et
3249 2885 3311 2940 de
3355 2886 3510 2941 Pauli

2213 2993 2392 3031 coram
2421 2977 2533 3044 ipso
2557 2976 2801 3030 exanzine
2827 2987 2875 3030 et
2893 2975 3220 3031 dimissioue.

2001 3161 2487 3230 xx1v,27;xxv,
2507 3164 2662 3221 1-15.
2688 3163 2914 3218 Biennio
2943 3171 3123 3219 autem
3146 3166 3384 3236 expleto,
3423 3183 3513 3224 ac—

253 3247 487 3317 Πόρκιον
536 3247 747 3316 Φῆστον
769 3225 802 3278 ⁸-
833 3225 1027 3302 θέλων-
1052 3251 1111 3304 δὲ
1155 3251 1314 3322 χάριν
1349 3225 1682 3306 καταθέσθαι
1710 3225 1823 3318 τοῖς

1932 3259 2080 3329 cepit
2095 3271 2468 3313 successorem
2486 3254 2635 3312 Felix
2655 3255 2898 3310 Portium
2918 3255 3164 3312 Festum.
3189 3257 3390 3314 Volens
3409 3275 3506 3314 au-

262 3337 544 3400 Ἰουδαίοις
579 3340 607 3390 6
633 3337 820 3408 Φῆλιξ,
855 3341 1116 3394 κατέλιπε
1144 3343 1237 3395 τὸν
1274 3341 1488 3397 Παῦλον
1518 3343 1827 3414 δεδεμένον.

249 3431 460 3498 Φῆστος
488 3427 581 3484 οὖν
619 3431 820 3496 ὲπιϐἀς
847 3427 914 3504 τῇ
944 3434 1211 3505 ἐπαρχίᾳ,
1246 3436 1387 3506 μετὰ
1439 3439 1588 3509 τρεῖς
1615 3438 1830 3508 ἡμέρας

250 3520 419 3592 ἀνέϐη
447 3523 526 3583 εἰς
573 3522 923 3595 Ἰεροσόλυμα
971 3526 1081 3579 ἀπὸ
1130 3527 1491 3597 Καισαρείας.
1535 3527 1830 3598 Ἐνεφάνη-

253 3616 350 3668 σάν
383 3631 442 3666 τε
476 3615 624 3684 αύτῷ
677 3617 728 3669 οἰ
785 3618 1064 3689 ἀρχιερεῖς
1095 3619 1192 3671 καὶ
1230 3619 1281 3671 οἰ
1315 3619 1524 3690 πρῶτοι
1544 3621 1654 3674 τῶν
1696 3621 1826 3673 Ἰου-

248 3706 414 3757 δαίων
445 3707 586 3759 κατά
619 3706 712 3760 τοῦ
744 3709 981 3772 Παύλου,
1009 3710 1112 3763 καὶ
1133 3709 1487 3780 παρεκάλουν
1523 3711 1708 3775 αὑτὸν,
1737 3713 1824 3764 αἰ-

250 3798 506 3866 τούμενοι
552 3800 711 3870 χάριν
757 3803 882 3853 κατ’
933 3801 1126 3864 αὑτοῦ,
1185 3803 1334 3865 ὅπως
1399 3802 1826 3872 μεταπέμψηται

249 3884 416 3941 αὐτὸν
476 3893 556 3952 εἰς
609 3893 989 3963 Ἰερουσαλὴμ,
1030 3893 1252 3964 ἐνέδραν
1292 3894 1571 3958 ποιοῦντες
1606 3895 1815 3947 ἀνελεῖν

250 3981 413 4033 αὐτὸν
445 3981 584 4034 κατὰ
611 3981 707 4050 τὴν
755 3982 896 4036 ὁδόν.
942 3981 1000 4035 Ὀ
1029 3983 1127 4052 μὲν
1172 3982 1264 4035 οὖν
1286 3984 1491 4054 Φῆστος
1537 3984 1812 4053 ἀπεκρίθη

251 4073 536 4141 τηρεῖσθαι
560 4074 649 4126 τὸν
685 4075 894 4127 Παῦλον
930 4076 986 4126 ὲν
1015 4077 1347 4145 Καισαρείᾳ,
1382 4075 1575 4128 ἑαυτὸν
1606 4077 1661 4128 δὲ
1694 4075 1822 4145 μέ).-

251 4165 359 4216 λειν
387 4167 446 4216 ὲν
476 4168 630 4233 τάχει
685 4167 1102 4236 ἐκπορεύεσθαι.
1139 4168 1200 4219 Οἰ
1221 4165 1313 4219 οῦν
1344 4168 1559 4220 δυνατοὶ
1586 4169 1643 4219 ἐν
1670 4169 1818 4237 ὑμῖν,

249 4257 408 4326 φησὶ,
439 4257 906 4324 συγκαταϐάντες,
943 4258 1068 4310 εἴτί
1092 4261 1238 4310 ἐστιν
1270 4260 1326 4311 ὲν
1351 4257 1430 4328 τῷ
1458 4259 1616 4329 ἀνδρὶ
1648 4260 1822 4329 τούτῳ

247 4349 486 4413 ἄτοπον,
532 4353 1010 4422 κατηγορείτωσαν
1080 4352 1269 4406 αὑτοῦ.
1305 4353 1606 4422 Διατρίψας
1665 4353 1722 4406 δὲ
1763 4354 1824 4406 ὲν

248 4440 434 4502 αὐτοῖς
464 4442 675 4511 ἡμέρας
699 4444 759 4494 οὑ
793 4442 1011 4507 πλείους
1037 4443 1206 4506 ὀκτὼ,
1237 4444 1268 4514 ἢ
1293 4445 1446 4509 δέκα,
1473 4445 1719 4506 καταϐάς
1743 4447 1822 4507 εἰς

1933 3360 2041 3405 tem
2064 3351 2294 3420 gratiam
2316 3357 2576 3418 praestare
2604 3346 2810 3401 Judaais
2840 3344 3013 3412 Felix,
3035 3347 3256 3417 reliquit
3278 3349 3506 3404 Paulum

1933 3439 2198 3494 vinctum.
2241 3436 2439 3494 Festus
2465 3453 2596 3508 ergo
2626 3452 2750 3492 eum
2787 3438 3026 3492 venisset
3056 3439 3111 3493 in
3145 3442 3506 3510 provinciam,

1931 3539 2052 3600 post
2083 3530 2323 3585 triduum
2386 3529 2636 3587 ascendit
2697 3516 3096 3601 jerosolymam
3149 3547 3179 3584 a
3233 3529 3504 3590 Caesarea.

1927 3623 2303 3692 Adieruntque
2351 3636 2477 3676 eum
2506 3621 2787 3691 principes
2829 3622 3181 3677 sacerdotum
3233 3633 3287 3678 et
3338 3627 3497 3695 primi

1926 3715 2240 3771 Judzeorum
2273 3714 2537 3769 adversus
2569 3714 2820 3778 Paulum,
2851 3725 2907 3770 et
2939 3716 3203 3785 rogabant
3224 3732 3372 3779 eum.
3410 3734 3510 3789 po;

1927 3809 2198 3864 stulantes
2228 3807 2455 3877 gratiam
2486 3807 2754 3866 adversus
2793 3823 2939 3873 eum,
2968 3808 3255 3878 utjubcret
3277 3794 3504 3879 perduci

1925 3917 2052 3958 cum
2085 3903 2138 3955 in
2161 3899 2490 3967 Jerusalem,
2526 3899 2753 3954 insidias
2801 3901 3109 3964 tendentes,
3142 3915 3200 3956 ut
3230 3903 3507 3958 interﬁce»

1925 4000 2049 4045 rent
2100 4004 2224 4044 eum
2260 3990 2316 4042 in
2349 3989 2456 4041 via.
2490 3985 2688 4043 Festus
2738 3997 2922 4042 autem
2959 3989 3241 4058 respondit
3297 3994 3505 4051 servari

1924 4080 2149 4136 Paulum
2177 4081 2230 4134 in
2258 4078 2531 4155 Caesarea,
2581 4095 2641 4134 se
2674 4090 2859 4132 autem
2916 4081 3189 4136 maturius
3226 4083 3506 4152 proiectu-

1925 4192 2070 4230 rum.
2099 4173 2349 4242 Quiergo
2379 4173 2432 4226 in
2459 4172 2613 4226 vobis
2648 4167 2769 4241 (ait)
2803 4171 3055 4241 potentes
3092 4181 3244 4239 sunt,
3271 4175 3506 4229 descen-

1924 4270 2114 4321 dentes
2132 4266 2317 4328 simul,
2343 4264 2387 4317 si
2414 4263 2557 4332 quod
2617 4270 2701 4316 est
2745 4262 2798 4315 in
2831 4263 2949 4316 viro
2973 4263 3202 4328 crimen,
3242 4277 3506 4320 accusent

1923 4371 2068 4411 eum.
2095 4354 2416 4408 Demorntus
2436 4365 2612 4407 autem
2644 4346 2806 4422 305.
2829 4352 2969 4405 inter
2989 4368 3084 4407 eos
3113 4355 3228 4410 dies
3252 4370 3360 4410 non
3387 4371 3505 4409 ain-

1925 4446 2068 4516 plius
2095 4461 2258 4514 quam
2303 4453 2429 4498 octo
2462 4453 2553 4496 aut
2589 4442 2800 4505 decem,
2850 4441 3134 4499 descendit
3173 4445 3502 4504 Caesaream.

250 4533 609 4603 Καισάρειαν,
644 4535 710 4603 τῇ
742 4535 1008 4604 ἐπαύριον
1044 4534 1278 4598 καθίσας
1307 4536 1400 4588 ἐπὶ
1426 4535 1520 4588 τοῦ
1553 4533 1815 4606 βήματος,

1928 4551 1976 4594 et
2009 4539 2178 4592 altera
2225 4537 2314 4591 die
2345 4537 2486 4591 sedit
2514 4551 2610 4606 pro
2638 4535 2916 4598 tribunali,
2971 4545 3026 4590 et
3077 4537 3243 4606 jussit
3274 4530 3502 4592 Paulum

245 4625 500 4676 ἐκέλευσε
550 4625 640 4676 τὸν
690 4625 900 4677 Παῦλον
944 4626 1193 4696 ἀχθῆναι.
1256 4627 1708 4696 Παραγενομένου
1758 4628 1815 4681 δὲ

246 4715 433 4778 αὐτοῦ,
477 4716 846 4784 περιέστησαν
897 4716 1094 4790 [αὐτῷ]
1154 4720 1203 4771 οἱ
1257 4719 1366 4771 ἀπὸ
1432 4719 1817 4788 Ἰεροσολύμων

247 4807 586 4870 καταϐάντες
623 4808 890 4872 Ἰουδαῖοι,
923 4809 1095 4861 πολλά
1138 4812 1234 4862 καὶ
1295 4811 1466 4880 βαρέα
1522 4814 1820 4878 αἰτιάματα

249 4899 508 4969 φέροντες
535 4900 674 4952 κατὰ
694 4899 788 4953 τοῦ
818 4900 1054 4963 Παύλου,
1091 4901 1126 4954 ἀ
1159 4903 1259 4954 οῦκ
1293 4905 1479 4972 ἴσχυον
1510 4904 1816 4966 ἀποδεῖξαιο

246 4988 341 5044 τοῦ
370 4991 587 5044 Παύλου
616 4992 1081 5062 ἀπολογουμένου.
1110 4994 1192 5045 ὅτι
1241 4993 1378 5046 Οὔτε
1414 4996 1493 5056 εἰς
1542 4996 1631 5046 τὸν
1661 4997 1821 5064 νόμον

247 5086 355 5137 τῶν
391 5085 685 5148 Ἰουδαίων,
707 5084 828 5138 οῦτε
860 5088 937 5147 εἰς
979 5085 1040 5138 τὸ
1071 5085 1234 5155 ἱερὸν,
1262 5086 1382 5139 οὔτε
1437 5090 1517 5148 εἰς
1570 5089 1824 5156 Καίσαρά

249 5195 299 5229 τι
329 5179 602 5248 ἥμαρτον.
631 5173 841 5244 Φῆστος
868 5178 945 5239 δὲ,
981 5179 1151 5232 θέλων
1205 5181 1317 5240 τοῖς
1359 5179 1632 5242 Ἰουδαίοις
1665 5181 1823 5250 χάριν

258 5263 602 5332 (αταθέσθαι,
638 5271 961 5338 ἀποκριθεὶς
990 5270 1066 5339 τῷ
1097 5269 1312 5340 Παύλῳ,
1347 5265 1498 5323 εἷπε·
1531 5271 1714 5334 Θέλεις
1745 5275 1823 5332 εἰς

260 5359 610 5429 Ἰεροσόλυμα
643 5355 869 5422 ἀναϐὰς,
907 5361 1025 5411 ἐκεῖ
1069 5361 1198 5430 περὶ
1229 5360 1431 5412 τούτων
1454 5361 1710 5426 κριθῆναι
1739 5360 1822 5411 ἐπ’

247 5452 416 5522 εμοῦ;
453 5448 587 5504 Elite
613 5450 670 5504 δὲ
697 5455 724 5506 ὁ
750 5452 995 5514 Παῦλοςο
1049 5451 1172 5504 Ἐπί
1209 5451 1301 5504 τοῦ
1334 5452 1576 5521 βήματος
1617 5454 1825 5506 Καίσαρ

251 5562 344 5615 ρος
399 5544 571 5607 ἑστώς
610 5546 747 5614 είμι,
785 5537 847 5597 οὗ
918 5561 985 5614 με
1028 5544 1111 5597 δεῖ
1157 5546 1440 5614 κρίνεσθαι
1467 5561 1481 5575 ο
1541 5545 1826 5609 Ἰουδαίους

249 5636 404 5690 οῦδεν
465 5635 728 5707 ἠδίκησα,
772 5637 847 5699 ὡς
902 5637 996 5689 καὶ
1046 5636 1110 5688 σὺ
1163 5635 1379 5689 κάλλιον
1417 5635 1822 5704 ἐπιγινώσκεις.

254 5728 316 5781 Εἰ
345 5729 444 5798 μὲν
469 5724 562 5782 οὖν
583 5728 753 5782 ἀδικῶ
791 5730 889 5782 καί⁷
916 5729 1066 5788 ἄξιον
1105 5727 1335 5780 Θανάτου
1373 5728 1633 5798 πέπραχά
1661 5747 1736 5789 τι,
1764 5731 1823 5781 οὐ

254 5823 628 5893 παραιτοῦμαι
656 5823 747 5877 τοῦ
773 5824 1060 5877 ἀποθανεῖν
1085 5838 1097 5853 ·
1129 5824 1174 5874 εἰ
1194 5822 1244 5874 δὲ
1269 5821 1418 5876 οὐδέν
1441 5824 1605 5889 ἐστιν,
1630 5817 1700 5880 ὧν
1735 5815 1824 5873 οἱ·

1922 4630 2140 4684 adduei.
2173 4629 2296 4695 Qui.
2324 4643 2448 4682 cum
2480 4627 2774 4696 perductus
2795 4632 2963 4687 esset,
3011 4627 3501 4682 circumsteterunt.

1923 4740 2068 4787 eum,
2091 4725 2180 4793 qui
2213 4723 2280 4776 ab
2309 4719 2644 4790 Jerolosyma
2661 4717 3057 4773 descenderant
3074 4717 3269 4781 .luda-i,
3300 4721 3498 4774 multas

1922 4828 1978 4873 et
2010 4826 2202 4887 graves
2261 4830 2461 4869 causas
2516 4811 2860 4882 ohjicieutes,
2933 4826 3070 4880 quas
3100 4826 3205 4864 non
3255 4825 3500 4881 poterant

1926 4905 2175 4974 probare,
2193 4901 2360 4955 Paulo
2382 4903 2646 4953 rationem
2668 4898 2947 4960 reddente,
2972 4900 3228 4966 quoniam
3249 4898 3431 4966 Neque
3448 4900 3499 4952 in

1925 4999 2094 5066 legem
2150 4991 2484 5056 Judaaorum,
2543 5005 2719 5059 neque
2783 4991 2836 5044 in
2888 4992 3175 5058 templum,
3235 5004 3410 5060 neque
3443 4992 3496 5044 in

1926 5088 2196 5143 Ca'sarcm
2255 5085 2558 5155 quidquam
2607 5085 2848 5153 peccavi.
2886 5083 3079 5136 Festus
3107 5095 3286 5138 autem
3310 5086 3498 5139 volens

1927 5182 2157 5248 gratiam
2179 5176 2685 5248 prwstareludseis,
2715 5177 3055 5245 respondens
3083 5176 3274 5242 Paulo,
3306 5177 3443 5231 dixit
3479 5219 3492 5241 ,

1929 5271 2022 5326 Vis
2052 5264 2448 5340 Jerosolymam
2489 5266 2972 5332 ascemlerc,etihi
3010 5267 3077 5321 de
3136 5269 3220 5322 his
3257 5268 3490 5337 judicari

1929 5366 2072 5434 apud
2121 5380 2204 5418 ine
2231 5363 2418 5418 ?Dixit
2446 5371 2626 5415 autem
2656 5359 2856 5415 Paulus
2893 5379 2905 5414 :
2943 5358 3020 5414 Ad
3045 5359 3281 5415 tribunal
3312 5362 3492 5416 Caesa-

1931 5459 2006 5511 ris
2039 5466 2146 5524 sto,
2177 5458 2250 5510 ibi
2274 5463 2488 5525 oportet
2543 5469 2629 5507 me
2656 5455 2911 5522 iudicari.
2941 5450 3144 5507 ludatis
3170 5470 3279 5508 non
3307 5455 3491 5514 naeui,

1929 5551 2074 5604 sicut
2115 5557 2172 5601 tu
2205 5549 2400 5600 melius
2429 5546 2593 5599 nosti.
2622 5544 2678 5598 Si
2722 5546 2869 5599 enim
2929 5544 3092 5598 nocui
3133 5557 3226 5597 aut
3273 5545 3492 5614 dignmu

1929 5648 2105 5693 morte
2145 5637 2347 5706 aliquid
2379 5637 2504 5699 l'cci,
2536 5652 2645 5690 non
2684 5651 2879 5691 recuso
2902 5619 3035 5690 mori
3070 5651 3084 5699 ;
3120 5637 3166 5690 si
3201 5652 3329 5690 vero
3357 5627 3490 5689 nihil

1929 5741 2012 5786 est
2061 5746 2250 5784 eorum
2297 5746 2416 5798 quae
2442 5729 2493 5782 hi
2525 5739 2789 5782 areusant
2818 5744 2922 5788 nte.
2957 5743 3115 5780 nemo
3173 5736 3352 5796 potest
3403 5740 3490 5779 nm

1933 5826 2039 5877 illis
2065 5822 2289 5878 donare.
2321 5822 2586 5876 (lxsarcm
2637 5821 2868 5888 appello.
2908 5815 3062 5874 'l‘uuc
3113 5818 3305 5876 Festus
3367 5829 3488 5872 cum
