  <div class='ocr_page' id='page_1' title='image "/cluster/home/n/w/nwhite01/storage/ocr_20150623/125/nnc1.0046979794/523.png"; bbox 0 0 4164 6444; ppageno 0'>
   <div class='ocr_carea' id='block_1_1' title="bbox 689 428 829 497">
    <p class='ocr_par' dir='ltr' id='par_1_1' title="bbox 689 428 829 497">
     <span class='ocr_line' id='line_1_1' title="bbox 689 428 829 497; baseline -0.014 -2"><span class='ocrx_word' id='word_1_1' title='bbox 689 428 829 497; x_wconf 73' lang='grc'><strong>1039</strong></span> 
     </span>
    </p>
   </div>
   <div class='ocr_carea' id='block_1_2' title="bbox 1609 418 3029 484">
    <p class='ocr_par' dir='ltr' id='par_1_2' title="bbox 1609 418 3029 484">
     <span class='ocr_line' id='line_1_2' title="bbox 1609 418 3029 484; baseline -0.005 0"><span class='ocrx_word' id='word_1_2' title='bbox 1609 421 2181 484; x_wconf 72' lang='grc' dir='ltr'><strong>ΤΙΙΕΟΙἮὶἸιΑΟΤΙ</strong></span> <span class='ocrx_word' id='word_1_3' title='bbox 2229 418 2641 480; x_wconf 72' lang='grc' dir='ltr'><strong>ΒυιοΑιιυΕ</strong></span> <span class='ocrx_word' id='word_1_4' title='bbox 2679 419 3029 479; x_wconf 76' lang='lat' dir='ltr'><strong>ARCHIEP.</strong></span> 
     </span>
    </p>
   </div>
   <div class='ocr_carea' id='block_1_3' title="bbox 3799 415 3936 478">
    <p class='ocr_par' dir='ltr' id='par_1_3' title="bbox 3799 415 3936 478">
     <span class='ocr_line' id='line_1_3' title="bbox 3799 415 3936 478; baseline 0.015 -2"><span class='ocrx_word' id='word_1_5' title='bbox 3799 415 3936 478; x_wconf 64' lang='lat'><strong>1040</strong></span> 
     </span>
    </p>
   </div>
   <div class='ocr_carea' id='block_1_4' title="bbox 685 526 2261 608">
    <p class='ocr_par' dir='ltr' id='par_1_4' title="bbox 685 529 2257 608">
     <span class='ocr_line' id='line_1_4' title="bbox 685 529 2257 608; baseline -0.011 -9"><span class='ocrx_word' id='word_1_6' title='bbox 685 543 923 599; x_wconf 86' lang='lat' dir='ltr'><strong>concilio</strong></span> <span class='ocrx_word' id='word_1_7' title='bbox 977 543 1191 595; x_wconf 88' lang='lat' dir='ltr'><strong>locutus</strong></span> <span class='ocrx_word' id='word_1_8' title='bbox 1245 534 1524 608; x_wconf 99' lang='lat' dir='ltr'><strong>respondit</strong></span> <span class='ocrx_word' id='word_1_9' title='bbox 1555 551 1569 587; x_wconf 77' lang='grc' dir='ltr'><strong>ι</strong></span> <span class='ocrx_word' id='word_1_10' title='bbox 1614 532 1887 589; x_wconf 62' lang='lat' dir='ltr'><strong>Caesarem</strong></span> <span class='ocrx_word' id='word_1_11' title='bbox 1919 530 2203 602; x_wconf 74' lang='lat' dir='ltr'><strong>appellasti</strong></span> <span class='ocrx_word' id='word_1_12' title='bbox 2234 529 2257 581; x_wconf 84' lang='lat'><strong>?</strong></span> 
     </span>
    </p>
   </div>
   <div class='ocr_carea' id='block_1_5' title="bbox 2364 526 3932 608">
    <p class='ocr_par' dir='ltr' id='par_1_5' title="bbox 2364 526 3932 599">
     <span class='ocr_line' id='line_1_5' title="bbox 2364 526 3932 599; baseline 0.001 -20"><span class='ocrx_word' id='word_1_13' title='bbox 2364 530 2440 580; x_wconf 87' lang='grc' dir='ltr'><strong>τοί</strong></span> <span class='ocrx_word' id='word_1_14' title='bbox 2491 547 2591 597; x_wconf 83' lang='grc' dir='ltr'><strong>μου</strong></span> <span class='ocrx_word' id='word_1_15' title='bbox 2646 528 3064 599; x_wconf 80' lang='grc' dir='ltr'><strong>κατηγοροῦσιν,</strong></span> <span class='ocrx_word' id='word_1_16' title='bbox 3127 526 3299 588; x_wconf 69' lang='grc' dir='ltr'><strong>οὐδείς</strong></span> <span class='ocrx_word' id='word_1_17' title='bbox 3357 544 3417 594; x_wconf 81' lang='grc' dir='ltr'><strong>με</strong></span> <span class='ocrx_word' id='word_1_18' title='bbox 3469 527 3690 579; x_wconf 79' lang='grc' dir='ltr'><strong>δύναται</strong></span> <span class='ocrx_word' id='word_1_19' title='bbox 3747 530 3932 589; x_wconf 63' lang='grc' dir='ltr'><strong>αὐτοῖς</strong></span> 
     </span>
    </p>
   </div>
   <div class='ocr_carea' id='block_1_6' title="bbox 688 619 2251 693">
    <p class='ocr_par' dir='ltr' id='par_1_6' title="bbox 688 619 2251 693">
     <span class='ocr_line' id='line_1_6' title="bbox 688 619 2251 693; baseline -0.008 -8"><span class='ocrx_word' id='word_1_20' title='bbox 688 634 754 687; x_wconf 85' lang='lat' dir='ltr'><strong>ad</strong></span> <span class='ocrx_word' id='word_1_21' title='bbox 823 632 1086 686; x_wconf 60' lang='lat' dir='ltr'><strong>Cursarem</strong></span> <span class='ocrx_word' id='word_1_22' title='bbox 1145 628 1270 683; x_wconf 82' lang='lat' dir='ltr'><strong>ibis.</strong></span> <span class='ocrx_word' id='word_1_23' title='bbox 1326 626 1391 679; x_wconf 82' lang='lat' dir='ltr'><strong>Et</strong></span> <span class='ocrx_word' id='word_1_24' title='bbox 1435 639 1557 679; x_wconf 90' lang='lat' dir='ltr'><strong>cum</strong></span> <span class='ocrx_word' id='word_1_25' title='bbox 1591 625 1708 679; x_wconf 83' lang='lat' dir='ltr'><strong>dies</strong></span> <span class='ocrx_word' id='word_1_26' title='bbox 1752 625 1960 693; x_wconf 76' lang='lat' dir='ltr'><strong>aliquot</strong></span> <span class='ocrx_word' id='word_1_27' title='bbox 1988 619 2251 674; x_wconf 84' lang='lat' dir='ltr'><strong>transacti</strong></span> 
     </span>
    </p>
   </div>
   <div class='ocr_carea' id='block_1_7' title="bbox 682 736 886 789">
    <p class='ocr_par' dir='ltr' id='par_1_7' title="bbox 682 736 886 789">
     <span class='ocr_line' id='line_1_7' title="bbox 682 736 886 789; baseline -0.01 -10"><span class='ocrx_word' id='word_1_28' title='bbox 682 736 886 789; x_wconf 84' lang='lat' dir='ltr'><strong>essent,</strong></span> 
     </span>
    </p>
   </div>
   <div class='ocr_carea' id='block_1_8' title="bbox 1170 1000 1731 1058">
    <p class='ocr_par' dir='ltr' id='par_1_8' title="bbox 1170 1000 1731 1058">
     <span class='ocr_line' id='line_1_8' title="bbox 1170 1000 1731 1058; baseline -0.004 -1"><span class='ocrx_word' id='word_1_29' title='bbox 1170 1000 1731 1058; x_wconf 79' lang='lat' dir='ltr'><strong>COMMENTARIUS.</strong></span> 
     </span>
    </p>
   </div>
   <div class='ocr_carea' id='block_1_9' title="bbox 761 1115 2252 1185">
    <p class='ocr_par' dir='ltr' id='par_1_9' title="bbox 761 1115 2252 1185">
     <span class='ocr_line' id='line_1_9' title="bbox 761 1115 2252 1185; baseline -0.003 -12"><span class='ocrx_word' id='word_1_30' title='bbox 761 1141 779 1173; x_wconf 81' lang='grc' dir='ltr'><strong>ι</strong></span> <span class='ocrx_word' id='word_1_31' title='bbox 810 1120 1375 1181; x_wconf 79' lang='lat' dir='ltr'><strong>Anathematizarunt,</strong></span> <span class='ocrx_word' id='word_1_32' title='bbox 1407 1134 1503 1173; x_wconf 90' lang='lat' dir='ltr'><strong>seu</strong></span> <span class='ocrx_word' id='word_1_33' title='bbox 1534 1117 1867 1171; x_wconf 82' lang='lat' dir='ltr'><strong>devoverunt</strong></span> <span class='ocrx_word' id='word_1_34' title='bbox 1897 1132 1976 1180; x_wconf 89' lang='lat' dir='ltr'><strong>se,</strong></span> <span class='ocrx_word' id='word_1_35' title='bbox 2014 1134 2033 1166; x_wconf 73' lang='grc' dir='ltr'><strong>ι</strong></span> <span class='ocrx_word' id='word_1_36' title='bbox 2054 1115 2252 1185; x_wconf 78' lang='lat' dir='ltr'><strong>inquit,</strong></span> 
     </span>
    </p>
   </div>
   <div class='ocr_carea' id='block_1_10' title="bbox 688 1207 2252 1283">
    <p class='ocr_par' dir='ltr' id='par_1_10' title="bbox 688 1207 2252 1283">
     <span class='ocr_line' id='line_1_10' title="bbox 688 1207 2252 1283; baseline -0.004 -15"><span class='ocrx_word' id='word_1_37' title='bbox 688 1217 789 1269; x_wconf 84' lang='lat' dir='ltr'><strong>hoc</strong></span> <span class='ocrx_word' id='word_1_38' title='bbox 816 1224 901 1268; x_wconf 87' lang='lat' dir='ltr'><strong>est</strong></span> <span class='ocrx_word' id='word_1_39' title='bbox 952 1213 1183 1283; x_wconf 88' lang='lat' dir='ltr'><strong>professi</strong></span> <span class='ocrx_word' id='word_1_40' title='bbox 1212 1220 1360 1275; x_wconf 89' lang='lat' dir='ltr'><strong>sunt,</strong></span> <span class='ocrx_word' id='word_1_41' title='bbox 1393 1227 1452 1266; x_wconf 89' lang='lat' dir='ltr'><strong>se</strong></span> <span class='ocrx_word' id='word_1_42' title='bbox 1478 1219 1633 1265; x_wconf 77' lang='lat' dir='ltr'><strong>extra</strong></span> <span class='ocrx_word' id='word_1_43' title='bbox 1675 1210 1765 1262; x_wconf 90' lang='lat' dir='ltr'><strong>Dei</strong></span> <span class='ocrx_word' id='word_1_44' title='bbox 1794 1209 1953 1262; x_wconf 85' lang='lat' dir='ltr'><strong>fidem</strong></span> <span class='ocrx_word' id='word_1_45' title='bbox 1985 1207 2123 1270; x_wconf 89' lang='lat' dir='ltr'><strong>fore,</strong></span> <span class='ocrx_word' id='word_1_46' title='bbox 2146 1209 2252 1262; x_wconf 87' lang='lat' dir='ltr'><strong>nisi</strong></span> 
     </span>
    </p>
   </div>
   <div class='ocr_carea' id='block_1_11' title="bbox 590 1295 2249 1371">
    <p class='ocr_par' dir='ltr' id='par_1_11' title="bbox 590 1295 2249 1371">
     <span class='ocr_line' id='line_1_11' title="bbox 590 1295 2249 1371; baseline -0.008 -14"><span class='ocrx_word' id='word_1_47' title='bbox 590 1305 597 1311; x_wconf 70' lang='grc'>⁷</span> <span class='ocrx_word' id='word_1_48' title='bbox 685 1303 830 1371; x_wconf 78' lang='lat' dir='ltr'><strong>quod</strong></span> <span class='ocrx_word' id='word_1_49' title='bbox 893 1312 1084 1356; x_wconf 85' lang='lat' dir='ltr'><strong>contra</strong></span> <span class='ocrx_word' id='word_1_50' title='bbox 1162 1300 1387 1353; x_wconf 84' lang='lat' dir='ltr'><strong>Paulum</strong></span> <span class='ocrx_word' id='word_1_51' title='bbox 1455 1304 1807 1353; x_wconf 78' lang='lat' dir='ltr'><strong>decreverant</strong></span> <span class='ocrx_word' id='word_1_52' title='bbox 1874 1295 2249 1365; x_wconf 88' lang='lat' dir='ltr'><strong>perfecissent.</strong></span> 
     </span>
    </p>
   </div>
   <div class='ocr_carea' id='block_1_12' title="bbox 685 1388 2250 1459">
    <p class='ocr_par' dir='ltr' id='par_1_12' title="bbox 685 1388 2250 1459">
     <span class='ocr_line' id='line_1_12' title="bbox 685 1388 2250 1459; baseline -0.008 -13"><span class='ocrx_word' id='word_1_53' title='bbox 685 1394 821 1446; x_wconf 68' lang='lat' dir='ltr'><strong>tium</strong></span> <span class='ocrx_word' id='word_1_54' title='bbox 863 1400 1043 1445; x_wconf 88' lang='lat' dir='ltr'><strong>autem</strong></span> <span class='ocrx_word' id='word_1_55' title='bbox 1096 1390 1294 1459; x_wconf 83' lang='lat' dir='ltr'><strong>duplex</strong></span> <span class='ocrx_word' id='word_1_56' title='bbox 1345 1389 1417 1443; x_wconf 85' lang='lat' dir='ltr'><strong>sit</strong></span> <span class='ocrx_word' id='word_1_57' title='bbox 1480 1388 1810 1448; x_wconf 83' lang='lat' dir='ltr'><strong>anathema,</strong></span> <span class='ocrx_word' id='word_1_58' title='bbox 1859 1400 1957 1440; x_wconf 90' lang='lat' dir='ltr'><strong>seu</strong></span> <span class='ocrx_word' id='word_1_59' title='bbox 2013 1394 2197 1439; x_wconf 89' lang='lat' dir='ltr'><strong>votum</strong></span> <span class='ocrx_word' id='word_1_60' title='bbox 2238 1399 2250 1434; x_wconf 95' lang='lat'>:</span> 
     </span>
    </p>
   </div>
   <div class='ocr_carea' id='block_1_13' title="bbox 688 1477 2252 1550">
    <p class='ocr_par' dir='ltr' id='par_1_13' title="bbox 688 1477 2252 1550">
     <span class='ocr_line' id='line_1_13' title="bbox 688 1477 2252 1550; baseline -0.008 -13"><span class='ocrx_word' id='word_1_61' title='bbox 688 1500 857 1538; x_wconf 91' lang='lat' dir='ltr'><strong>unum</strong></span> <span class='ocrx_word' id='word_1_62' title='bbox 915 1483 1135 1550; x_wconf 88' lang='lat' dir='ltr'><strong>quidem</strong></span> <span class='ocrx_word' id='word_1_63' title='bbox 1192 1481 1443 1534; x_wconf 83' lang='lat' dir='ltr'><strong>munibus</strong></span> <span class='ocrx_word' id='word_1_64' title='bbox 1517 1479 1599 1533; x_wconf 88' lang='lat' dir='ltr'><strong>vel</strong></span> <span class='ocrx_word' id='word_1_65' title='bbox 1644 1478 1829 1531; x_wconf 90' lang='lat' dir='ltr'><strong>multis</strong></span> <span class='ocrx_word' id='word_1_66' title='bbox 1888 1477 2252 1539; x_wconf 88' lang='lat' dir='ltr'><strong>inaccessmn,</strong></span> 
     </span>
    </p>
   </div>
   <div class='ocr_carea' id='block_1_14' title="bbox 691 1568 2255 1635">
    <p class='ocr_par' dir='ltr' id='par_1_14' title="bbox 691 1568 2255 1635">
     <span class='ocr_line' id='line_1_14' title="bbox 691 1568 2255 1635; baseline -0.006 -5"><span class='ocrx_word' id='word_1_67' title='bbox 691 1580 803 1631; x_wconf 68' lang='lat' dir='ltr'><strong>lieo&#39;</strong></span> <span class='ocrx_word' id='word_1_68' title='bbox 830 1588 1009 1629; x_wconf 90' lang='lat' dir='ltr'><strong>autem</strong></span> <span class='ocrx_word' id='word_1_69' title='bbox 1038 1574 1138 1629; x_wconf 88' lang='lat' dir='ltr'><strong>soli</strong></span> <span class='ocrx_word' id='word_1_70' title='bbox 1166 1574 1431 1635; x_wconf 81' lang='lat' dir='ltr'><strong>oblatum;</strong></span> <span class='ocrx_word' id='word_1_71' title='bbox 1453 1571 1680 1624; x_wconf 88' lang='lat' dir='ltr'><strong>alterum</strong></span> <span class='ocrx_word' id='word_1_72' title='bbox 1701 1578 1881 1621; x_wconf 90' lang='lat' dir='ltr'><strong>autem</strong></span> <span class='ocrx_word' id='word_1_73' title='bbox 1909 1569 2057 1622; x_wconf 85' lang='lat' dir='ltr'><strong>omni</strong></span> <span class='ocrx_word' id='word_1_74' title='bbox 2084 1568 2255 1622; x_wconf 85' lang='lat' dir='ltr'><strong>ferme</strong></span> 
     </span>
    </p>
   </div>
   <div class='ocr_carea' id='block_1_15' title="bbox 685 1663 2253 1732">
    <p class='ocr_par' dir='ltr' id='par_1_15' title="bbox 685 1663 2253 1732">
     <span class='ocr_line' id='line_1_15' title="bbox 685 1663 2253 1732; baseline -0.004 -12"><span class='ocrx_word' id='word_1_75' title='bbox 685 1680 1025 1722; x_wconf 53' lang='lat' dir='ltr'><strong>(maturatae</strong></span> <span class='ocrx_word' id='word_1_76' title='bbox 1048 1676 1195 1721; x_wconf 84' lang='lat' dir='ltr'><strong>certe</strong></span> <span class='ocrx_word' id='word_1_77' title='bbox 1219 1666 1423 1717; x_wconf 80' lang='lat' dir='ltr'><strong>sanctis</strong></span> <span class='ocrx_word' id='word_1_78' title='bbox 1455 1664 1848 1732; x_wconf 79' lang='lat' dir='ltr'><strong>potestatibus,</strong></span> <span class='ocrx_word' id='word_1_79' title='bbox 1879 1663 2142 1715; x_wconf 89' lang='lat' dir='ltr'><strong>intactum</strong></span> <span class='ocrx_word' id='word_1_80' title='bbox 2198 1670 2253 1714; x_wconf 91' lang='lat' dir='ltr'><strong>et</strong></span> 
     </span>
    </p>
   </div>
   <div class='ocr_carea' id='block_1_16' title="bbox 686 1754 2255 1825">
    <p class='ocr_par' dir='ltr' id='par_1_16' title="bbox 686 1754 2255 1825">
     <span class='ocr_line' id='line_1_16' title="bbox 686 1754 2255 1825; baseline -0.003 -14"><span class='ocrx_word' id='word_1_81' title='bbox 686 1784 711 1811; x_wconf 85' lang='grc' dir='ltr'><strong>;ι</strong></span> <span class='ocrx_word' id='word_1_82' title='bbox 755 1760 863 1813; x_wconf 79' lang='lat' dir='ltr'><strong>Deo</strong></span> <span class='ocrx_word' id='word_1_83' title='bbox 928 1760 1196 1819; x_wconf 88' lang='lat' dir='ltr'><strong>alienum,</strong></span> <span class='ocrx_word' id='word_1_84' title='bbox 1258 1756 1460 1825; x_wconf 81' lang='lat' dir='ltr'><strong>quippe</strong></span> <span class='ocrx_word' id='word_1_85' title='bbox 1516 1754 1661 1823; x_wconf 89' lang='lat' dir='ltr'><strong>quod</strong></span> <span class='ocrx_word' id='word_1_86' title='bbox 1720 1754 1938 1808; x_wconf 81' lang='lat' dir='ltr'><strong>diabolo</strong></span> <span class='ocrx_word' id='word_1_87' title='bbox 1997 1754 2255 1808; x_wconf 83' lang='lat' dir='ltr'><strong>convenit</strong></span> 
     </span>
    </p>
   </div>
   <div class='ocr_carea' id='block_1_17' title="bbox 687 1843 2253 1921">
    <p class='ocr_par' dir='ltr' id='par_1_17' title="bbox 687 1843 2253 1921">
     <span class='ocr_line' id='line_1_17' title="bbox 687 1843 2253 1921; baseline -0.006 -16"><span class='ocrx_word' id='word_1_88' title='bbox 687 1860 906 1921; x_wconf 82' lang='lat' dir='ltr'><strong>pmpter</strong></span> <span class='ocrx_word' id='word_1_89' title='bbox 954 1847 1327 1903; x_wconf 87' lang='lat' dir='ltr'><strong>omnimodam</strong></span> <span class='ocrx_word' id='word_1_90' title='bbox 1387 1846 1765 1899; x_wconf 85' lang='lat' dir='ltr'><strong>alienationem</strong></span> <span class='ocrx_word' id='word_1_91' title='bbox 1830 1862 1857 1896; x_wconf 85' lang='lat' dir='ltr'><strong>a</strong></span> <span class='ocrx_word' id='word_1_92' title='bbox 1906 1846 2082 1909; x_wconf 61' lang='lat' dir='ltr'><strong>bona;</strong></span> <span class='ocrx_word' id='word_1_93' title='bbox 2127 1843 2253 1896; x_wconf 85' lang='lat' dir='ltr'><strong>huic</strong></span> 
     </span>
    </p>
   </div>
   <div class='ocr_carea' id='block_1_18' title="bbox 688 1934 2254 2012">
    <p class='ocr_par' dir='ltr' id='par_1_18' title="bbox 688 1934 2254 2012">
     <span class='ocr_line' id='line_1_18' title="bbox 688 1934 2254 2012; baseline -0.007 -17"><span class='ocrx_word' id='word_1_94' title='bbox 688 1942 974 2012; x_wconf 73' lang='lat' dir='ltr'><strong>posteriori</strong></span> <span class='ocrx_word' id='word_1_95' title='bbox 1006 1937 1337 1993; x_wconf 81' lang='lat' dir='ltr'><strong>anathemati</strong></span> <span class='ocrx_word' id='word_1_96' title='bbox 1393 1938 1479 1990; x_wconf 82' lang='lat' dir='ltr'><strong>isti</strong></span> <span class='ocrx_word' id='word_1_97' title='bbox 1519 1952 1664 1989; x_wconf 89' lang='lat' dir='ltr'><strong>nunc</strong></span> <span class='ocrx_word' id='word_1_98' title='bbox 1718 1936 2041 1990; x_wconf 84' lang='lat' dir='ltr'><strong>semetiosos</strong></span> <span class='ocrx_word' id='word_1_99' title='bbox 2084 1934 2254 2002; x_wconf 55' lang='lat' dir='ltr'><strong>subjic</strong></span> 
     </span>
    </p>
   </div>
   <div class='ocr_carea' id='block_1_19' title="bbox 685 2025 2253 2096">
    <p class='ocr_par' dir='ltr' id='par_1_19' title="bbox 685 2025 2253 2096">
     <span class='ocr_line' id='line_1_19' title="bbox 685 2025 2253 2096; baseline -0.004 -11"><span class='ocrx_word' id='word_1_100' title='bbox 685 2040 858 2088; x_wconf 70' lang='lat' dir='ltr'><strong>riunt.</strong></span> <span class='ocrx_word' id='word_1_101' title='bbox 890 2031 1278 2086; x_wconf 83' lang='lat' dir='ltr'><strong>Adnotandum</strong></span> <span class='ocrx_word' id='word_1_102' title='bbox 1312 2044 1461 2092; x_wconf 88' lang='lat' dir='ltr'><strong>vero,</strong></span> <span class='ocrx_word' id='word_1_103' title='bbox 1490 2028 1633 2096; x_wconf 87' lang='lat' dir='ltr'><strong>quod</strong></span> <span class='ocrx_word' id='word_1_104' title='bbox 1677 2025 1821 2080; x_wconf 69' lang='lat' dir='ltr'><strong>Felix</strong></span> <span class='ocrx_word' id='word_1_105' title='bbox 1855 2026 2014 2080; x_wconf 84' lang='lat' dir='ltr'><strong>fidem</strong></span> <span class='ocrx_word' id='word_1_106' title='bbox 2070 2035 2253 2079; x_wconf 89' lang='lat' dir='ltr'><strong>notam</strong></span> 
     </span>
    </p>
   </div>
   <div class='ocr_carea' id='block_1_20' title="bbox 689 2119 2255 2192">
    <p class='ocr_par' dir='ltr' id='par_1_20' title="bbox 689 2119 2255 2192">
     <span class='ocr_line' id='line_1_20' title="bbox 689 2119 2255 2192; baseline -0.004 -14"><span class='ocrx_word' id='word_1_107' title='bbox 689 2129 929 2188; x_wconf 84' lang='lat' dir='ltr'><strong>haberet,</strong></span> <span class='ocrx_word' id='word_1_108' title='bbox 961 2132 1149 2192; x_wconf 88' lang='lat' dir='ltr'><strong>utpote</strong></span> <span class='ocrx_word' id='word_1_109' title='bbox 1170 2129 1421 2175; x_wconf 84' lang='lat' dir='ltr'><strong>accurate</strong></span> <span class='ocrx_word' id='word_1_110' title='bbox 1470 2121 1774 2173; x_wconf 90' lang='lat' dir='ltr'><strong>instructus</strong></span> <span class='ocrx_word' id='word_1_111' title='bbox 1798 2119 1865 2172; x_wconf 89' lang='lat' dir='ltr'><strong>de</strong></span> <span class='ocrx_word' id='word_1_112' title='bbox 1904 2120 1973 2173; x_wconf 90' lang='lat' dir='ltr'><strong>iis</strong></span> <span class='ocrx_word' id='word_1_113' title='bbox 2020 2133 2143 2187; x_wconf 79' lang='lat' dir='ltr'><strong>qua:</strong></span> <span class='ocrx_word' id='word_1_114' title='bbox 2187 2119 2255 2172; x_wconf 85' lang='lat' dir='ltr'><strong>ad</strong></span> 
     </span>
    </p>
   </div>
   <div class='ocr_carea' id='block_1_21' title="bbox 686 2210 2257 2284">
    <p class='ocr_par' dir='ltr' id='par_1_21' title="bbox 686 2210 2257 2284">
     <span class='ocr_line' id='line_1_21' title="bbox 686 2210 2257 2284; baseline -0.005 -14"><span class='ocrx_word' id='word_1_115' title='bbox 686 2220 959 2271; x_wconf 67' lang='lat' dir='ltr'><strong>Christum</strong></span> <span class='ocrx_word' id='word_1_116' title='bbox 1002 2223 1272 2284; x_wconf 83' lang='lat' dir='ltr'><strong>spectant,</strong></span> <span class='ocrx_word' id='word_1_117' title='bbox 1308 2229 1375 2266; x_wconf 76' lang='lat' dir='ltr'><strong>ex</strong></span> <span class='ocrx_word' id='word_1_118' title='bbox 1400 2212 1576 2266; x_wconf 66' lang='lat' dir='ltr'><strong>Veteri</strong></span> <span class='ocrx_word' id='word_1_119' title='bbox 1629 2210 1999 2266; x_wconf 80' lang='lat' dir='ltr'><strong>Testamento.</strong></span> <span class='ocrx_word' id='word_1_120' title='bbox 2057 2211 2257 2264; x_wconf 79' lang='lat' dir='ltr'><strong>Nihilo-</strong></span> 
     </span>
    </p>
   </div>
   <div class='ocr_carea' id='block_1_22' title="bbox 690 2300 2254 2371">
    <p class='ocr_par' dir='ltr' id='par_1_22' title="bbox 690 2300 2254 2371">
     <span class='ocr_line' id='line_1_22' title="bbox 690 2300 2254 2371; baseline -0.003 -11"><span class='ocrx_word' id='word_1_121' title='bbox 690 2310 871 2362; x_wconf 90' lang='lat' dir='ltr'><strong>minus</strong></span> <span class='ocrx_word' id='word_1_122' title='bbox 906 2324 1013 2361; x_wconf 91' lang='lat' dir='ltr'><strong>non</strong></span> <span class='ocrx_word' id='word_1_123' title='bbox 1047 2305 1277 2359; x_wconf 89' lang='lat' dir='ltr'><strong>absolvit</strong></span> <span class='ocrx_word' id='word_1_124' title='bbox 1312 2303 1561 2365; x_wconf 85' lang='lat' dir='ltr'><strong>Paulum,</strong></span> <span class='ocrx_word' id='word_1_125' title='bbox 1585 2300 1653 2355; x_wconf 89' lang='lat' dir='ltr'><strong>ad</strong></span> <span class='ocrx_word' id='word_1_126' title='bbox 1681 2300 1993 2355; x_wconf 63' lang='lat' dir='ltr'><strong>Judmorum</strong></span> <span class='ocrx_word' id='word_1_127' title='bbox 2024 2303 2254 2371; x_wconf 75' lang='lat' dir='ltr'><strong>gratiam</strong></span> 
     </span>
    </p>
   </div>
   <div class='ocr_carea' id='block_1_23' title="bbox 688 2382 2247 2470">
    <p class='ocr_par' dir='ltr' id='par_1_23' title="bbox 688 2382 2247 2470">
     <span class='ocr_line' id='line_1_23' title="bbox 688 2382 2247 2470; baseline -0.004 -17"><span class='ocrx_word' id='word_1_128' title='bbox 688 2392 1012 2470; x_wconf 79' lang='lat' dir='ltr'><strong>captandam</strong></span> <span class='ocrx_word' id='word_1_129' title='bbox 1044 2440 1057 2464; x_wconf 92' lang='lat'><strong>,</strong></span> <span class='ocrx_word' id='word_1_130' title='bbox 1089 2399 1203 2451; x_wconf 84' lang='lat' dir='ltr'><strong>sive</strong></span> <span class='ocrx_word' id='word_1_131' title='bbox 1234 2396 1376 2467; x_wconf 86' lang='lat' dir='ltr'><strong>quod</strong></span> <span class='ocrx_word' id='word_1_132' title='bbox 1403 2382 1628 2448; x_wconf 83' lang='lat' dir='ltr'><strong>munera</strong></span> <span class='ocrx_word' id='word_1_133' title='bbox 1658 2409 1716 2448; x_wconf 85' lang='lat' dir='ltr'><strong>se</strong></span> <span class='ocrx_word' id='word_1_134' title='bbox 1749 2403 2098 2462; x_wconf 88' lang='lat' dir='ltr'><strong>accepturum</strong></span> <span class='ocrx_word' id='word_1_135' title='bbox 2123 2408 2247 2462; x_wconf 90' lang='lat' dir='ltr'><strong>spc-</strong></span> 
     </span>
    </p>
   </div>
   <div class='ocr_carea' id='block_1_24' title="bbox 688 2483 2255 2557">
    <p class='ocr_par' dir='ltr' id='par_1_24' title="bbox 688 2483 2255 2557">
     <span class='ocr_line' id='line_1_24' title="bbox 688 2483 2255 2557; baseline -0.004 -12"><span class='ocrx_word' id='word_1_136' title='bbox 688 2493 864 2553; x_wconf 89' lang='lat' dir='ltr'><strong>rabat,</strong></span> <span class='ocrx_word' id='word_1_137' title='bbox 896 2500 951 2542; x_wconf 94' lang='lat' dir='ltr'><strong>ut</strong></span> <span class='ocrx_word' id='word_1_138' title='bbox 982 2491 1034 2543; x_wconf 90' lang='lat' dir='ltr'><strong>in</strong></span> <span class='ocrx_word' id='word_1_139' title='bbox 1067 2487 1421 2557; x_wconf 87' lang='lat' dir='ltr'><strong>sequentibus</strong></span> <span class='ocrx_word' id='word_1_140' title='bbox 1452 2486 1721 2538; x_wconf 88' lang='lat' dir='ltr'><strong>iunuitur.</strong></span> <span class='ocrx_word' id='word_1_141' title='bbox 1776 2483 2012 2538; x_wconf 84' lang='lat' dir='ltr'><strong>Noverat</strong></span> <span class='ocrx_word' id='word_1_142' title='bbox 2073 2494 2255 2538; x_wconf 87' lang='lat' dir='ltr'><strong>autem</strong></span> 
     </span>
    </p>
   </div>
   <div class='ocr_carea' id='block_1_25' title="bbox 687 2575 2257 2651">
    <p class='ocr_par' dir='ltr' id='par_1_25' title="bbox 687 2575 2257 2651">
     <span class='ocr_line' id='line_1_25' title="bbox 687 2575 2257 2651; baseline -0.006 -15"><span class='ocrx_word' id='word_1_143' title='bbox 687 2584 874 2646; x_wconf 90' lang='lat' dir='ltr'><strong>etiam,</strong></span> <span class='ocrx_word' id='word_1_144' title='bbox 906 2584 1034 2651; x_wconf 87' lang='lat' dir='ltr'><strong>quia</strong></span> <span class='ocrx_word' id='word_1_145' title='bbox 1059 2593 1285 2634; x_wconf 78' lang='lat' dir='ltr'><strong>uxorem</strong></span> <span class='ocrx_word' id='word_1_146' title='bbox 1308 2576 1547 2631; x_wconf 57' lang='lat' dir='ltr'><strong>Iudaeam</strong></span> <span class='ocrx_word' id='word_1_147' title='bbox 1581 2575 1889 2637; x_wconf 89' lang='lat' dir='ltr'><strong>habebat,a</strong></span> <span class='ocrx_word' id='word_1_148' title='bbox 1912 2589 2023 2644; x_wconf 88' lang='lat' dir='ltr'><strong>qua</strong></span> <span class='ocrx_word' id='word_1_149' title='bbox 2078 2576 2257 2629; x_wconf 87' lang='lat' dir='ltr'><strong>conti-</strong></span> 
     </span>
    </p>
   </div>
   <div class='ocr_carea' id='block_1_26' title="bbox 689 2663 2256 2736">
    <p class='ocr_par' dir='ltr' id='par_1_26' title="bbox 689 2663 2256 2736">
     <span class='ocr_line' id='line_1_26' title="bbox 689 2663 2256 2736; baseline -0.006 -9"><span class='ocrx_word' id='word_1_150' title='bbox 689 2682 882 2728; x_wconf 84' lang='lat' dir='ltr'><strong>nenter</strong></span> <span class='ocrx_word' id='word_1_151' title='bbox 904 2672 1005 2725; x_wconf 88' lang='lat' dir='ltr'><strong>ista</strong></span> <span class='ocrx_word' id='word_1_152' title='bbox 1024 2668 1369 2723; x_wconf 85' lang='lat' dir='ltr'><strong>audiebat.Et</strong></span> <span class='ocrx_word' id='word_1_153' title='bbox 1388 2666 1604 2736; x_wconf 89' lang='lat' dir='ltr'><strong>quidem</strong></span> <span class='ocrx_word' id='word_1_154' title='bbox 1622 2664 1733 2729; x_wconf 89' lang='lat' dir='ltr'><strong>illa,</strong></span> <span class='ocrx_word' id='word_1_155' title='bbox 1745 2663 1933 2718; x_wconf 64' lang='lat' dir='ltr'><strong>Iudaea</strong></span> <span class='ocrx_word' id='word_1_156' title='bbox 1948 2679 2072 2718; x_wconf 89' lang='lat' dir='ltr'><strong>cum</strong></span> <span class='ocrx_word' id='word_1_157' title='bbox 2087 2674 2256 2727; x_wconf 81' lang='lat' dir='ltr'><strong>esset,</strong></span> 
     </span>
    </p>
   </div>
   <div class='ocr_carea' id='block_1_27' title="bbox 688 2752 2257 2831">
    <p class='ocr_par' dir='ltr' id='par_1_27' title="bbox 688 2752 2257 2831">
     <span class='ocr_line' id='line_1_27' title="bbox 688 2752 2257 2831; baseline -0.006 -14"><span class='ocrx_word' id='word_1_158' title='bbox 688 2773 877 2817; x_wconf 80' lang='lat' dir='ltr'><strong>contra</strong></span> <span class='ocrx_word' id='word_1_159' title='bbox 900 2762 1072 2831; x_wconf 80' lang='lat' dir='ltr'><strong>legem</strong></span> <span class='ocrx_word' id='word_1_160' title='bbox 1107 2759 1311 2815; x_wconf 88' lang='lat' dir='ltr'><strong>homini</strong></span> <span class='ocrx_word' id='word_1_161' title='bbox 1338 2755 1536 2811; x_wconf 79' lang='lat' dir='ltr'><strong>Gentili</strong></span> <span class='ocrx_word' id='word_1_162' title='bbox 1569 2763 1849 2824; x_wconf 89' lang='lat' dir='ltr'><strong>nupserat.</strong></span> <span class='ocrx_word' id='word_1_163' title='bbox 1879 2752 1977 2807; x_wconf 84' lang='lat' dir='ltr'><strong>Vel</strong></span> <span class='ocrx_word' id='word_1_164' title='bbox 2025 2754 2257 2808; x_wconf 79' lang='lat' dir='ltr'><strong>fortasse</strong></span> 
     </span>
    </p>
   </div>
   <div class='ocr_carea' id='block_1_28' title="bbox 687 2845 2254 2921">
    <p class='ocr_par' dir='ltr' id='par_1_28' title="bbox 687 2845 2254 2921">
     <span class='ocr_line' id='line_1_28' title="bbox 687 2845 2254 2921; baseline -0.008 -12"><span class='ocrx_word' id='word_1_165' title='bbox 687 2863 806 2910; x_wconf 87' lang='lat' dir='ltr'><strong>erat</strong></span> <span class='ocrx_word' id='word_1_166' title='bbox 830 2852 1051 2920; x_wconf 86' lang='lat' dir='ltr'><strong>quidem</strong></span> <span class='ocrx_word' id='word_1_167' title='bbox 1081 2852 1314 2921; x_wconf 90' lang='lat' dir='ltr'><strong>primum</strong></span> <span class='ocrx_word' id='word_1_168' title='bbox 1340 2846 1551 2912; x_wconf 68' lang='lat' dir='ltr'><strong>Iudaea,</strong></span> <span class='ocrx_word' id='word_1_169' title='bbox 1587 2855 1643 2900; x_wconf 86' lang='lat' dir='ltr'><strong>at</strong></span> <span class='ocrx_word' id='word_1_170' title='bbox 1668 2861 1793 2900; x_wconf 88' lang='lat' dir='ltr'><strong>cum</strong></span> <span class='ocrx_word' id='word_1_171' title='bbox 1823 2846 1901 2899; x_wconf 91' lang='lat' dir='ltr'><strong>illi</strong></span> <span class='ocrx_word' id='word_1_172' title='bbox 1954 2845 2254 2914; x_wconf 87' lang='lat' dir='ltr'><strong>nupsisset,</strong></span> 
     </span>
    </p>
   </div>
   <div class='ocr_carea' id='block_1_29' title="bbox 692 2937 2256 3010">
    <p class='ocr_par' dir='ltr' id='par_1_29' title="bbox 692 2937 2256 3010">
     <span class='ocr_line' id='line_1_29' title="bbox 692 2937 2256 3010; baseline -0.008 -11"><span class='ocrx_word' id='word_1_173' title='bbox 692 2952 834 3001; x_wconf 81' lang='lat' dir='ltr'><strong>tacta</strong></span> <span class='ocrx_word' id='word_1_174' title='bbox 862 2954 945 2999; x_wconf 88' lang='lat' dir='ltr'><strong>est</strong></span> <span class='ocrx_word' id='word_1_175' title='bbox 978 2942 1208 2997; x_wconf 86' lang='lat' dir='ltr'><strong>Gentilis</strong></span> <span class='ocrx_word' id='word_1_176' title='bbox 1266 2955 1482 3010; x_wconf 90' lang='lat' dir='ltr'><strong>:quare</strong></span> <span class='ocrx_word' id='word_1_177' title='bbox 1535 2940 1790 3007; x_wconf 72' lang='lat' dir='ltr'><strong>exposuit</strong></span> <span class='ocrx_word' id='word_1_178' title='bbox 1844 2938 1921 2990; x_wconf 87' lang='lat' dir='ltr'><strong>illi</strong></span> <span class='ocrx_word' id='word_1_179' title='bbox 1980 2937 2256 3007; x_wconf 86' lang='lat' dir='ltr'><strong>propriam</strong></span> 
     </span>
    </p>
   </div>
   <div class='ocr_carea' id='block_1_30' title="bbox 689 3026 2259 3101">
    <p class='ocr_par' dir='ltr' id='par_1_30' title="bbox 689 3026 2259 3101">
     <span class='ocr_line' id='line_1_30' title="bbox 689 3026 2259 3101; baseline -0.008 -10"><span class='ocrx_word' id='word_1_180' title='bbox 689 3036 875 3098; x_wconf 79' lang='lat' dir='ltr'><strong>fidem,</strong></span> <span class='ocrx_word' id='word_1_181' title='bbox 925 3043 980 3087; x_wconf 86' lang='lat' dir='ltr'><strong>et</strong></span> <span class='ocrx_word' id='word_1_182' title='bbox 1052 3035 1106 3087; x_wconf 90' lang='lat' dir='ltr'><strong>in</strong></span> <span class='ocrx_word' id='word_1_183' title='bbox 1188 3029 1688 3101; x_wconf 65' lang='lat' dir='ltr'><strong>praevaricationem</strong></span> <span class='ocrx_word' id='word_1_184' title='bbox 1742 3028 1975 3082; x_wconf 79' lang='lat' dir='ltr'><strong>induxit.</strong></span> <span class='ocrx_word' id='word_1_185' title='bbox 2037 3044 2057 3077; x_wconf 82' lang='grc' dir='ltr'><strong>ι</strong></span> <span class='ocrx_word' id='word_1_186' title='bbox 2114 3026 2259 3079; x_wconf 78' lang='lat' dir='ltr'><strong>Dixit</strong></span> 
     </span>
    </p>
   </div>
   <div class='ocr_carea' id='block_1_31' title="bbox 693 3118 2257 3192">
    <p class='ocr_par' dir='ltr' id='par_1_31' title="bbox 693 3118 2257 3192">
     <span class='ocr_line' id='line_1_31' title="bbox 693 3118 2257 3192; baseline -0.007 -10"><span class='ocrx_word' id='word_1_187' title='bbox 693 3139 872 3182; x_wconf 85' lang='lat' dir='ltr'><strong>autem</strong></span> <span class='ocrx_word' id='word_1_188' title='bbox 899 3125 1123 3179; x_wconf 83' lang='lat' dir='ltr'><strong>Paulus.</strong></span> <span class='ocrx_word' id='word_1_189' title='bbox 1157 3141 1179 3175; x_wconf 65' lang='grc' dir='ltr'><strong>θ</strong></span> <span class='ocrx_word' id='word_1_190' title='bbox 1208 3122 1323 3178; x_wconf 78' lang='lat' dir='ltr'><strong>Hoc</strong></span> <span class='ocrx_word' id='word_1_191' title='bbox 1365 3123 1605 3192; x_wconf 88' lang='lat' dir='ltr'><strong>(nempe,</strong></span> <span class='ocrx_word' id='word_1_192' title='bbox 1634 3119 1861 3175; x_wconf 69' lang='lat' dir='ltr'><strong>Romam</strong></span> <span class='ocrx_word' id='word_1_193' title='bbox 1889 3132 2113 3188; x_wconf 86' lang='lat' dir='ltr'><strong>pergere</strong></span> <span class='ocrx_word' id='word_1_194' title='bbox 2134 3118 2257 3171; x_wconf 90' lang='lat' dir='ltr'><strong>volo</strong></span> 
     </span>
    </p>
   </div>
   <div class='ocr_carea' id='block_1_32' title="bbox 691 3208 2327 3285">
    <p class='ocr_par' dir='ltr' id='par_1_32' title="bbox 691 3208 2327 3285">
     <span class='ocr_line' id='line_1_32' title="bbox 691 3208 2327 3285; baseline -0.008 -10"><span class='ocrx_word' id='word_1_195' title='bbox 691 3221 757 3274; x_wconf 79' lang='lat' dir='ltr'><strong>ad</strong></span> <span class='ocrx_word' id='word_1_196' title='bbox 792 3220 1083 3284; x_wconf 65' lang='lat' dir='ltr'><strong>Cazsarem,</strong></span> <span class='ocrx_word' id='word_1_197' title='bbox 1127 3227 1181 3271; x_wconf 88' lang='lat' dir='ltr'><strong>et</strong></span> <span class='ocrx_word' id='word_1_198' title='bbox 1217 3217 1294 3270; x_wconf 90' lang='lat' dir='ltr'><strong>ibi</strong></span> <span class='ocrx_word' id='word_1_199' title='bbox 1331 3216 1591 3285; x_wconf 72' lang='lat' dir='ltr'><strong>iudicari)</strong></span> <span class='ocrx_word' id='word_1_200' title='bbox 1632 3215 1771 3269; x_wconf 74' lang='lat' dir='ltr'><strong>dixit</strong></span> <span class='ocrx_word' id='word_1_201' title='bbox 1824 3211 2047 3275; x_wconf 81' lang='lat' dir='ltr'><strong>Paulus,</strong></span> <span class='ocrx_word' id='word_1_202' title='bbox 2074 3222 2137 3264; x_wconf 88' lang='lat' dir='ltr'><strong>ut</strong></span> <span class='ocrx_word' id='word_1_203' title='bbox 2161 3208 2256 3263; x_wconf 82' lang='lat' dir='ltr'><strong>Ju-</strong></span> <span class='ocrx_word' id='word_1_204' title='bbox 2284 3222 2327 3282; x_wconf 75' lang='grc' dir='ltr'>α</span> 
     </span>
    </p>
   </div>
   <div class='ocr_carea' id='block_1_33' title="bbox 700 3302 1472 3373">
    <p class='ocr_par' dir='ltr' id='par_1_33' title="bbox 700 3302 1472 3373">
     <span class='ocr_line' id='line_1_33' title="bbox 700 3302 1472 3373; baseline -0.01 -10"><span class='ocrx_word' id='word_1_205' title='bbox 700 3310 930 3363; x_wconf 66' lang='lat' dir='ltr'><strong>imorum</strong></span> <span class='ocrx_word' id='word_1_206' title='bbox 956 3319 1151 3360; x_wconf 86' lang='lat' dir='ltr'><strong>manus</strong></span> <span class='ocrx_word' id='word_1_207' title='bbox 1186 3302 1472 3373; x_wconf 65' lang='lat' dir='ltr'><strong>effugeret.</strong></span> 
     </span>
    </p>
   </div>
   <div class='ocr_carea' id='block_1_34' title="bbox 1110 3412 1831 3487">
    <p class='ocr_par' dir='ltr' id='par_1_34' title="bbox 1110 3412 1831 3487">
     <span class='ocr_line' id='line_1_34' title="bbox 1110 3412 1831 3487; baseline -0.007 -16"><span class='ocrx_word' id='word_1_208' title='bbox 1110 3416 1271 3487; x_wconf 82' lang='lat'><strong>305</strong></span> <span class='ocrx_word' id='word_1_209' title='bbox 1303 3412 1531 3471; x_wconf 74' lang='lat' dir='ltr'><strong>CAPUT</strong></span> <span class='ocrx_word' id='word_1_210' title='bbox 1569 3412 1831 3469; x_wconf 77' lang='lat' dir='ltr'><strong>xxxv“.</strong></span> 
     </span>
    </p>
   </div>
   <div class='ocr_carea' id='block_1_35' title="bbox 764 3526 2263 3608">
    <p class='ocr_par' dir='ltr' id='par_1_35' title="bbox 764 3526 2263 3608">
     <span class='ocr_line' id='line_1_35' title="bbox 764 3526 2263 3608; baseline -0.008 -18"><span class='ocrx_word' id='word_1_211' title='bbox 764 3537 1010 3608; x_wconf 78' lang='lat' dir='ltr'><strong>Agrippa:</strong></span> <span class='ocrx_word' id='word_1_212' title='bbox 1039 3543 1089 3588; x_wconf 81' lang='lat' dir='ltr'><strong>et</strong></span> <span class='ocrx_word' id='word_1_213' title='bbox 1118 3532 1358 3587; x_wconf 77' lang='lat' dir='ltr'><strong>Bcrnicis</strong></span> <span class='ocrx_word' id='word_1_214' title='bbox 1392 3530 1666 3590; x_wconf 70' lang='lat' dir='ltr'><strong>adventus,</strong></span> <span class='ocrx_word' id='word_1_215' title='bbox 1724 3537 1774 3581; x_wconf 85' lang='lat' dir='ltr'><strong>et</strong></span> <span class='ocrx_word' id='word_1_216' title='bbox 1832 3526 2177 3595; x_wconf 81' lang='lat' dir='ltr'><strong>interrogatio</strong></span> <span class='ocrx_word' id='word_1_217' title='bbox 2200 3526 2263 3578; x_wconf 82' lang='lat' dir='ltr'><strong>de</strong></span> 
     </span>
    </p>
   </div>
   <div class='ocr_carea' id='block_1_36' title="bbox 1284 3620 1687 3676">
    <p class='ocr_par' dir='ltr' id='par_1_36' title="bbox 1284 3620 1687 3676">
     <span class='ocr_line' id='line_1_36' title="bbox 1284 3620 1687 3676; baseline -0.007 0"><span class='ocrx_word' id='word_1_218' title='bbox 1284 3639 1449 3676; x_wconf 81' lang='lat' dir='ltr'><strong>causa</strong></span> <span class='ocrx_word' id='word_1_219' title='bbox 1505 3620 1687 3673; x_wconf 80' lang='lat' dir='ltr'><strong>Pauli.</strong></span> 
     </span>
    </p>
   </div>
   <div class='ocr_carea' id='block_1_37' title="bbox 1046 3713 1902 3782">
    <p class='ocr_par' dir='ltr' id='par_1_37' title="bbox 1046 3713 1902 3782">
     <span class='ocr_line' id='line_1_37' title="bbox 1046 3713 1902 3782; baseline -0.002 -13"><span class='ocrx_word' id='word_1_220' title='bbox 1046 3714 1203 3770; x_wconf 83' lang='lat' dir='ltr'><strong>Feria</strong></span> <span class='ocrx_word' id='word_1_221' title='bbox 1220 3714 1254 3768; x_wconf 87' lang='lat'><strong>6</strong></span> <span class='ocrx_word' id='word_1_222' title='bbox 1272 3715 1623 3769; x_wconf 73' lang='lat' dir='ltr'><strong>beddomada:</strong></span> <span class='ocrx_word' id='word_1_223' title='bbox 1640 3713 1902 3782; x_wconf 67' lang='lat' dir='ltr'><strong>septimae.</strong></span> 
     </span>
    </p>
   </div>
   <div class='ocr_carea' id='block_1_38' title="bbox 1328 3802 1628 3860">
    <p class='ocr_par' dir='ltr' id='par_1_38' title="bbox 1328 3802 1628 3860">
     <span class='ocr_line' id='line_1_38' title="bbox 1328 3802 1628 3860; baseline 0.007 -2"><span class='ocrx_word' id='word_1_224' title='bbox 1328 3802 1628 3860; x_wconf 78' lang='lat' dir='ltr'><strong>TEXTUS.</strong></span> 
     </span>
    </p>
   </div>
   <div class='ocr_carea' id='block_1_39' title="bbox 766 3896 2266 3969">
    <p class='ocr_par' dir='ltr' id='par_1_39' title="bbox 766 3896 2266 3969">
     <span class='ocr_line' id='line_1_39' title="bbox 766 3896 2266 3969; baseline 0.002 -14"><span class='ocrx_word' id='word_1_225' title='bbox 766 3900 930 3964; x_wconf 74' lang='lat' dir='ltr'><strong>XXV,</strong></span> <span class='ocrx_word' id='word_1_226' title='bbox 952 3899 1395 3969; x_wconf 74' lang='lat' dir='ltr'><strong>l3-l9.Agrippa</strong></span> <span class='ocrx_word' id='word_1_227' title='bbox 1426 3902 1517 3952; x_wconf 80' lang='lat' dir='ltr'><strong>rex</strong></span> <span class='ocrx_word' id='word_1_228' title='bbox 1534 3907 1586 3952; x_wconf 93' lang='lat' dir='ltr'><strong>et</strong></span> <span class='ocrx_word' id='word_1_229' title='bbox 1612 3896 1841 3953; x_wconf 87' lang='lat' dir='ltr'><strong>Berniee</strong></span> <span class='ocrx_word' id='word_1_230' title='bbox 1864 3898 2266 3958; x_wconf 82' lang='lat' dir='ltr'><strong>descenderunt</strong></span> 
     </span>
    </p>
   </div>
   <div class='ocr_carea' id='block_1_40' title="bbox 696 3988 2266 4063">
    <p class='ocr_par' dir='ltr' id='par_1_40' title="bbox 696 3988 2266 4063">
     <span class='ocr_line' id='line_1_40' title="bbox 696 3988 2266 4063; baseline 0.001 -14"><span class='ocrx_word' id='word_1_231' title='bbox 696 3996 996 4049; x_wconf 64' lang='lat' dir='ltr'><strong>Caesaream</strong></span> <span class='ocrx_word' id='word_1_232' title='bbox 1025 3996 1089 4045; x_wconf 91' lang='lat' dir='ltr'><strong>ad</strong></span> <span class='ocrx_word' id='word_1_233' title='bbox 1103 3990 1447 4046; x_wconf 85' lang='lat' dir='ltr'><strong>salutandum</strong></span> <span class='ocrx_word' id='word_1_234' title='bbox 1463 3988 1706 4046; x_wconf 85' lang='lat' dir='ltr'><strong>Festum.</strong></span> <span class='ocrx_word' id='word_1_235' title='bbox 1724 3992 1925 4046; x_wconf 88' lang='lat' dir='ltr'><strong>Etcum</strong></span> <span class='ocrx_word' id='word_1_236' title='bbox 1945 3994 2064 4049; x_wconf 87' lang='lat' dir='ltr'><strong>dies</strong></span> <span class='ocrx_word' id='word_1_237' title='bbox 2082 3996 2266 4063; x_wconf 85' lang='lat' dir='ltr'><strong>plures</strong></span> 
     </span>
    </p>
   </div>
   <div class='ocr_carea' id='block_1_41' title="bbox 698 4081 2265 4153">
    <p class='ocr_par' dir='ltr' id='par_1_41' title="bbox 698 4081 2265 4153">
     <span class='ocr_line' id='line_1_41' title="bbox 698 4081 2265 4153; baseline 0.001 -12"><span class='ocrx_word' id='word_1_238' title='bbox 698 4091 769 4142; x_wconf 87' lang='lat' dir='ltr'><strong>ibi</strong></span> <span class='ocrx_word' id='word_1_239' title='bbox 801 4088 1236 4149; x_wconf 84' lang='lat' dir='ltr'><strong>demorarentur,</strong></span> <span class='ocrx_word' id='word_1_240' title='bbox 1281 4081 1476 4137; x_wconf 85' lang='lat' dir='ltr'><strong>Festus</strong></span> <span class='ocrx_word' id='word_1_241' title='bbox 1525 4082 1636 4152; x_wconf 86' lang='lat' dir='ltr'><strong>regi</strong></span> <span class='ocrx_word' id='word_1_242' title='bbox 1668 4083 1932 4140; x_wconf 86' lang='lat' dir='ltr'><strong>indicavit</strong></span> <span class='ocrx_word' id='word_1_243' title='bbox 1977 4086 2046 4141; x_wconf 86' lang='lat' dir='ltr'><strong>de</strong></span> <span class='ocrx_word' id='word_1_244' title='bbox 2072 4085 2265 4153; x_wconf 86' lang='lat' dir='ltr'><strong>Paulo,</strong></span> 
     </span>
    </p>
   </div>
   <div class='ocr_carea' id='block_1_42' title="bbox 697 4173 2267 4246">
    <p class='ocr_par' dir='ltr' id='par_1_42' title="bbox 697 4173 2267 4246">
     <span class='ocr_line' id='line_1_42' title="bbox 697 4173 2267 4246; baseline -0.002 -11"><span class='ocrx_word' id='word_1_245' title='bbox 697 4180 921 4235; x_wconf 80' lang='lat' dir='ltr'><strong>dicens:</strong></span> <span class='ocrx_word' id='word_1_246' title='bbox 962 4176 1058 4231; x_wconf 74' lang='lat' dir='ltr'><strong>Vir</strong></span> <span class='ocrx_word' id='word_1_247' title='bbox 1098 4177 1315 4246; x_wconf 85' lang='lat' dir='ltr'><strong>quidam</strong></span> <span class='ocrx_word' id='word_1_248' title='bbox 1343 4184 1431 4229; x_wconf 85' lang='lat' dir='ltr'><strong>est</strong></span> <span class='ocrx_word' id='word_1_249' title='bbox 1454 4175 1749 4229; x_wconf 89' lang='lat' dir='ltr'><strong>derelictus</strong></span> <span class='ocrx_word' id='word_1_250' title='bbox 1775 4190 1805 4228; x_wconf 86' lang='lat' dir='ltr'><strong>a</strong></span> <span class='ocrx_word' id='word_1_251' title='bbox 1828 4173 2011 4231; x_wconf 77' lang='lat' dir='ltr'><strong>Felice</strong></span> <span class='ocrx_word' id='word_1_252' title='bbox 2031 4179 2267 4245; x_wconf 88' lang='lat' dir='ltr'><strong>vinctus,</strong></span> 
     </span>
    </p>
   </div>
   <div class='ocr_carea' id='block_1_43' title="bbox 702 4266 2271 4339">
    <p class='ocr_par' dir='ltr' id='par_1_43' title="bbox 702 4266 2271 4339">
     <span class='ocr_line' id='line_1_43' title="bbox 702 4266 2271 4339; baseline -0.002 -13"><span class='ocrx_word' id='word_1_253' title='bbox 702 4272 770 4326; x_wconf 90' lang='lat' dir='ltr'><strong>de</strong></span> <span class='ocrx_word' id='word_1_254' title='bbox 802 4284 910 4339; x_wconf 84' lang='lat' dir='ltr'><strong>quo</strong></span> <span class='ocrx_word' id='word_1_255' title='bbox 944 4284 1066 4323; x_wconf 89' lang='lat' dir='ltr'><strong>cum</strong></span> <span class='ocrx_word' id='word_1_256' title='bbox 1100 4283 1279 4323; x_wconf 90' lang='lat' dir='ltr'><strong>essem</strong></span> <span class='ocrx_word' id='word_1_257' title='bbox 1316 4266 1971 4339; x_wconf 74' lang='lat' dir='ltr'><strong>Jerosolymis.adierunt</strong></span> <span class='ocrx_word' id='word_1_258' title='bbox 2000 4285 2085 4324; x_wconf 90' lang='lat' dir='ltr'><strong>me</strong></span> <span class='ocrx_word' id='word_1_259' title='bbox 2117 4271 2271 4339; x_wconf 80' lang='lat' dir='ltr'><strong>prin-</strong></span> 
     </span>
    </p>
   </div>
   <div class='ocr_carea' id='block_1_44' title="bbox 700 4359 2271 4431">
    <p class='ocr_par' dir='ltr' id='par_1_44' title="bbox 700 4359 2271 4431">
     <span class='ocr_line' id='line_1_44' title="bbox 700 4359 2271 4431; baseline -0.001 -16"><span class='ocrx_word' id='word_1_260' title='bbox 700 4362 746 4415; x_wconf 91' lang='lat' dir='ltr'><strong>ci</strong></span> <span class='ocrx_word' id='word_1_261' title='bbox 757 4377 847 4430; x_wconf 86' lang='lat' dir='ltr'><strong>pes</strong></span> <span class='ocrx_word' id='word_1_262' title='bbox 873 4363 1218 4413; x_wconf 85' lang='lat' dir='ltr'><strong>sacerdotum</strong></span> <span class='ocrx_word' id='word_1_263' title='bbox 1244 4368 1297 4412; x_wconf 91' lang='lat' dir='ltr'><strong>et</strong></span> <span class='ocrx_word' id='word_1_264' title='bbox 1330 4359 1575 4413; x_wconf 88' lang='lat' dir='ltr'><strong>seniores</strong></span> <span class='ocrx_word' id='word_1_265' title='bbox 1600 4359 1933 4426; x_wconf 66' lang='lat' dir='ltr'><strong>Judaeorum,</strong></span> <span class='ocrx_word' id='word_1_266' title='bbox 1986 4362 2271 4431; x_wconf 86' lang='lat' dir='ltr'><strong>postulan-</strong></span> 
     </span>
    </p>
   </div>
   <div class='ocr_carea' id='block_1_45' title="bbox 700 4451 2270 4523">
    <p class='ocr_par' dir='ltr' id='par_1_45' title="bbox 700 4451 2270 4523">
     <span class='ocr_line' id='line_1_45' title="bbox 700 4451 2270 4523; baseline 0.001 -17"><span class='ocrx_word' id='word_1_267' title='bbox 700 4464 782 4507; x_wconf 81' lang='lat' dir='ltr'><strong>tes</strong></span> <span class='ocrx_word' id='word_1_268' title='bbox 809 4453 1074 4506; x_wconf 86' lang='lat' dir='ltr'><strong>adversus</strong></span> <span class='ocrx_word' id='word_1_269' title='bbox 1104 4451 1253 4504; x_wconf 88' lang='lat' dir='ltr'><strong>illum</strong></span> <span class='ocrx_word' id='word_1_270' title='bbox 1281 4452 1710 4506; x_wconf 85' lang='lat' dir='ltr'><strong>damnationem.</strong></span> <span class='ocrx_word' id='word_1_271' title='bbox 1745 4452 1824 4505; x_wconf 83' lang='lat' dir='ltr'><strong>Ad</strong></span> <span class='ocrx_word' id='word_1_272' title='bbox 1858 4468 1999 4520; x_wconf 84' lang='lat' dir='ltr'><strong>quos</strong></span> <span class='ocrx_word' id='word_1_273' title='bbox 2038 4470 2270 4523; x_wconf 85' lang='lat' dir='ltr'><strong>respon-</strong></span> 
     </span>
    </p>
   </div>
   <div class='ocr_carea' id='block_1_46' title="bbox 2360 618 3930 691">
    <p class='ocr_par' dir='ltr' id='par_1_46' title="bbox 2360 618 3930 691">
     <span class='ocr_line' id='line_1_46' title="bbox 2360 618 3930 691; baseline -0.001 -19"><span class='ocrx_word' id='word_1_274' title='bbox 2360 623 2712 691; x_wconf 75' lang='grc' dir='ltr'><strong>χαρίσασθαι.</strong></span> <span class='ocrx_word' id='word_1_275' title='bbox 2741 621 2998 690; x_wconf 82' lang='grc' dir='ltr'><strong>Καίσαρα</strong></span> <span class='ocrx_word' id='word_1_276' title='bbox 3045 618 3435 688; x_wconf 80' lang='grc' dir='ltr'><strong>ἐπικαλοῦμαι.</strong></span> <span class='ocrx_word' id='word_1_277' title='bbox 3496 620 3626 670; x_wconf 86' lang='grc' dir='ltr'><strong>Τότε</strong></span> <span class='ocrx_word' id='word_1_278' title='bbox 3656 621 3686 669; x_wconf 85' lang='grc' dir='ltr'>ὁ</span> <span class='ocrx_word' id='word_1_279' title='bbox 3716 620 3930 687; x_wconf 78' lang='grc' dir='ltr'><strong>Φῆστος</strong></span> 
     </span>
    </p>
   </div>
   <div class='ocr_carea' id='block_1_47' title="bbox 2360 711 3933 783">
    <p class='ocr_par' dir='ltr' id='par_1_47' title="bbox 2360 711 3933 783">
     <span class='ocr_line' id='line_1_47' title="bbox 2360 711 3933 783; baseline -0.001 -17"><span class='ocrx_word' id='word_1_280' title='bbox 2360 714 2700 782; x_wconf 79' lang='grc' dir='ltr'><strong>συλλαλήσας</strong></span> <span class='ocrx_word' id='word_1_281' title='bbox 2734 712 2875 783; x_wconf 75' lang='grc' dir='ltr'><strong>μετὰ</strong></span> <span class='ocrx_word' id='word_1_282' title='bbox 2922 713 3016 765; x_wconf 79' lang='grc' dir='ltr'><strong>τοῦ</strong></span> <span class='ocrx_word' id='word_1_283' title='bbox 3069 711 3419 781; x_wconf 78' lang='grc' dir='ltr'><strong>συμϐουλίου,</strong></span> <span class='ocrx_word' id='word_1_284' title='bbox 3448 711 3721 780; x_wconf 79' lang='grc' dir='ltr'>ἀπεκρίθη</span> <span class='ocrx_word' id='word_1_285' title='bbox 3744 728 3757 741; x_wconf 90' lang='grc'><strong>·</strong></span> <span class='ocrx_word' id='word_1_286' title='bbox 3792 712 3933 765; x_wconf 84' lang='grc' dir='ltr'><strong>Καί-</strong></span> 
     </span>
    </p>
   </div>
   <div class='ocr_carea' id='block_1_48' title="bbox 2360 803 3932 877">
    <p class='ocr_par' dir='ltr' id='par_1_48' title="bbox 2360 803 3932 877">
     <span class='ocr_line' id='line_1_48' title="bbox 2360 803 3932 877; baseline -0.003 -17"><span class='ocrx_word' id='word_1_287' title='bbox 2360 824 2501 877; x_wconf 86' lang='grc' dir='ltr'><strong>σαρα</strong></span> <span class='ocrx_word' id='word_1_288' title='bbox 2528 807 2914 873; x_wconf 78' lang='grc' dir='ltr'><strong>ἐπικέκλησαι,</strong></span> <span class='ocrx_word' id='word_1_289' title='bbox 2940 806 3031 858; x_wconf 76' lang='grc' dir='ltr'><strong>ἐπὶ</strong></span> <span class='ocrx_word' id='word_1_290' title='bbox 3064 805 3320 874; x_wconf 75' lang='grc' dir='ltr'><strong>Καίσαρα</strong></span> <span class='ocrx_word' id='word_1_291' title='bbox 3375 804 3638 875; x_wconf 75' lang='grc' dir='ltr'><strong>πορεύσῃ.</strong></span> <span class='ocrx_word' id='word_1_292' title='bbox 3678 803 3932 874; x_wconf 82' lang='grc' dir='ltr'><strong>Ἦμερῶν</strong></span> 
     </span>
    </p>
   </div>
   <div class='ocr_carea' id='block_1_49' title="bbox 2356 898 3052 968">
    <p class='ocr_par' dir='ltr' id='par_1_49' title="bbox 2356 898 3052 968">
     <span class='ocr_line' id='line_1_49' title="bbox 2356 898 3052 968; baseline -0.003 -17"><span class='ocrx_word' id='word_1_293' title='bbox 2356 900 2411 951; x_wconf 69' lang='grc' dir='ltr'><strong>δὲ</strong></span> <span class='ocrx_word' id='word_1_294' title='bbox 2441 898 2839 968; x_wconf 79' lang='grc' dir='ltr'><strong>διαγενομένων</strong></span> <span class='ocrx_word' id='word_1_295' title='bbox 2867 898 3052 961; x_wconf 86' lang='grc' dir='ltr'><strong>τινῶν,</strong></span> 
     </span>
    </p>
   </div>
   <div class='ocr_carea' id='block_1_50' title="bbox 2953 1001 3332 1062">
    <p class='ocr_par' dir='ltr' id='par_1_50' title="bbox 2953 1001 3332 1062">
     <span class='ocr_line' id='line_1_50' title="bbox 2953 1001 3332 1062; baseline -0.008 -1"><span class='ocrx_word' id='word_1_296' title='bbox 2953 1001 3332 1062; x_wconf 81' lang='grc' dir='ltr'><strong>ΕΡΜΗΝΕΙᾹ.</strong></span> 
     </span>
    </p>
   </div>
   <div class='ocr_carea' id='block_1_51' title="bbox 2436 1118 3934 1193">
    <p class='ocr_par' dir='ltr' id='par_1_51' title="bbox 2436 1118 3934 1193">
     <span class='ocr_line' id='line_1_51' title="bbox 2436 1118 3934 1193; baseline -0.004 -18"><span class='ocrx_word' id='word_1_297' title='bbox 2436 1143 2454 1175; x_wconf 85' lang='grc' dir='ltr'><strong>ι</strong></span> <span class='ocrx_word' id='word_1_298' title='bbox 2498 1123 2943 1193; x_wconf 82' lang='grc' dir='ltr'><strong>Ἀνεθεμάτισαν,</strong></span> <span class='ocrx_word' id='word_1_299' title='bbox 2966 1122 3151 1191; x_wconf 70' lang='grc' dir='ltr'><strong>φησὶν,</strong></span> <span class='ocrx_word' id='word_1_300' title='bbox 3181 1122 3435 1183; x_wconf 79' lang='grc' dir='ltr'><strong>ἑαυτοὺς,</strong></span> <span class='ocrx_word' id='word_1_301' title='bbox 3469 1139 3486 1171; x_wconf 75' lang='grc' dir='ltr'><strong>ι</strong></span> <span class='ocrx_word' id='word_1_302' title='bbox 3518 1118 3800 1172; x_wconf 82' lang='grc' dir='ltr'><strong>τουτέστιν</strong></span> <span class='ocrx_word' id='word_1_303' title='bbox 3826 1118 3934 1183; x_wconf 74' lang='grc' dir='ltr'><strong>ἔξω</strong></span> 
     </span>
    </p>
   </div>
   <div class='ocr_carea' id='block_1_52' title="bbox 2356 1203 3928 1282">
    <p class='ocr_par' dir='ltr' id='par_1_52' title="bbox 2356 1203 3928 1282">
     <span class='ocr_line' id='line_1_52' title="bbox 2356 1203 3928 1282; baseline -0.003 -19"><span class='ocrx_word' id='word_1_304' title='bbox 2356 1208 2497 1263; x_wconf 76' lang='grc' dir='ltr'><strong>εἶναι</strong></span> <span class='ocrx_word' id='word_1_305' title='bbox 2523 1213 2624 1282; x_wconf 77' lang='grc' dir='ltr'><strong>τῆς</strong></span> <span class='ocrx_word' id='word_1_306' title='bbox 2656 1214 2800 1265; x_wconf 81' lang='grc' dir='ltr'><strong>κατά</strong></span> <span class='ocrx_word' id='word_1_307' title='bbox 2840 1211 2972 1263; x_wconf 76' lang='grc' dir='ltr'><strong>Θεὸν</strong></span> <span class='ocrx_word' id='word_1_308' title='bbox 3017 1212 3256 1272; x_wconf 79' lang='grc' dir='ltr'><strong>πίστεως</strong></span> <span class='ocrx_word' id='word_1_309' title='bbox 3283 1203 3440 1261; x_wconf 79' lang='grc' dir='ltr'><strong>εἷπον</strong></span> <span class='ocrx_word' id='word_1_310' title='bbox 3472 1210 3717 1271; x_wconf 79' lang='grc' dir='ltr'><strong>ἑαυτοὺς,</strong></span> <span class='ocrx_word' id='word_1_311' title='bbox 3768 1210 3820 1259; x_wconf 82' lang='grc' dir='ltr'><strong>εί</strong></span> <span class='ocrx_word' id='word_1_312' title='bbox 3852 1210 3928 1277; x_wconf 71' lang='grc' dir='ltr'><strong>μὴ</strong></span> 
     </span>
    </p>
   </div>
   <div class='ocr_carea' id='block_1_53' title="bbox 2358 1300 3929 1375">
    <p class='ocr_par' dir='ltr' id='par_1_53' title="bbox 2358 1300 3929 1375">
     <span class='ocr_line' id='line_1_53' title="bbox 2358 1300 3929 1375; baseline -0.004 -18"><span class='ocrx_word' id='word_1_313' title='bbox 2358 1306 2643 1374; x_wconf 80' lang='grc' dir='ltr'><strong>ποιήσαιεν</strong></span> <span class='ocrx_word' id='word_1_314' title='bbox 2670 1305 2735 1357; x_wconf 87' lang='grc' dir='ltr'><strong>τὰ</strong></span> <span class='ocrx_word' id='word_1_315' title='bbox 2768 1304 3052 1367; x_wconf 75' lang='grc' dir='ltr'><strong>δόξαντα⁶¹</strong></span> <span class='ocrx_word' id='word_1_316' title='bbox 3080 1302 3247 1375; x_wconf 83' lang='grc' dir='ltr'><strong>[κατά</strong></span> <span class='ocrx_word' id='word_1_317' title='bbox 3292 1300 3565 1372; x_wconf 83' lang='grc' dir='ltr'><strong>Παύλου.]</strong></span> <span class='ocrx_word' id='word_1_318' title='bbox 3601 1300 3707 1353; x_wconf 81' lang='grc' dir='ltr'><strong>Ἰόὖ</strong></span> <span class='ocrx_word' id='word_1_319' title='bbox 3737 1301 3929 1353; x_wconf 83' lang='grc' dir='ltr'><strong>ἀναθέ-</strong></span> 
     </span>
    </p>
   </div>
   <div class='ocr_carea' id='block_1_54' title="bbox 2360 1391 3929 1463">
    <p class='ocr_par' dir='ltr' id='par_1_54' title="bbox 2360 1391 3929 1463">
     <span class='ocr_line' id='line_1_54' title="bbox 2360 1391 3929 1463; baseline -0.004 -16"><span class='ocrx_word' id='word_1_320' title='bbox 2360 1412 2526 1463; x_wconf 87' lang='grc' dir='ltr'><strong>ματος</strong></span> <span class='ocrx_word' id='word_1_321' title='bbox 2554 1394 2740 1447; x_wconf 82' lang='grc' dir='ltr'><strong>δισσοῦ</strong></span> <span class='ocrx_word' id='word_1_322' title='bbox 2775 1394 3065 1462; x_wconf 73' lang='grc' dir='ltr'><strong>νοουμένου</strong></span> <span class='ocrx_word' id='word_1_323' title='bbox 3093 1410 3109 1425; x_wconf 87' lang='grc'><strong>·</strong></span> <span class='ocrx_word' id='word_1_324' title='bbox 3152 1392 3247 1446; x_wconf 84' lang='grc' dir='ltr'><strong>τοῦ</strong></span> <span class='ocrx_word' id='word_1_325' title='bbox 3288 1392 3408 1461; x_wconf 78' lang='grc' dir='ltr'><strong>μὲν,</strong></span> <span class='ocrx_word' id='word_1_326' title='bbox 3452 1391 3526 1454; x_wconf 84' lang='grc' dir='ltr'><strong>ὡς</strong></span> <span class='ocrx_word' id='word_1_327' title='bbox 3556 1394 3667 1453; x_wconf 82' lang='grc' dir='ltr'><strong>τοῖς</strong></span> <span class='ocrx_word' id='word_1_328' title='bbox 3702 1393 3869 1443; x_wconf 84' lang='grc' dir='ltr'><strong>πᾶσιν</strong></span> <span class='ocrx_word' id='word_1_329' title='bbox 3898 1391 3929 1457; x_wconf 76' lang='grc' dir='ltr'>ἦ</span> 
     </span>
    </p>
   </div>
   <div class='ocr_carea' id='block_1_55' title="bbox 2357 1483 3931 1556">
    <p class='ocr_par' dir='ltr' id='par_1_55' title="bbox 2357 1483 3931 1556">
     <span class='ocr_line' id='line_1_55' title="bbox 2357 1483 3931 1556; baseline -0.004 -17"><span class='ocrx_word' id='word_1_330' title='bbox 2357 1489 2571 1549; x_wconf 79' lang='grc' dir='ltr'><strong>πολλοῖς</strong></span> <span class='ocrx_word' id='word_1_331' title='bbox 2606 1487 2830 1539; x_wconf 80' lang='grc' dir='ltr'><strong>ἀθίκτου</strong></span> <span class='ocrx_word' id='word_1_332' title='bbox 2852 1489 2918 1551; x_wconf 76' lang='grc'><strong>’⁸,</strong></span> <span class='ocrx_word' id='word_1_333' title='bbox 2956 1485 3076 1556; x_wconf 81' lang='grc' dir='ltr'><strong>Θεῷ</strong></span> <span class='ocrx_word' id='word_1_334' title='bbox 3105 1486 3160 1538; x_wconf 84' lang='grc' dir='ltr'><strong>δὲ</strong></span> <span class='ocrx_word' id='word_1_335' title='bbox 3216 1485 3363 1555; x_wconf 85' lang='grc' dir='ltr'><strong>μόνῳ</strong></span> <span class='ocrx_word' id='word_1_336' title='bbox 3388 1484 3780 1553; x_wconf 76' lang='grc' dir='ltr'><strong>ἀνατιθεμένου</strong></span> <span class='ocrx_word' id='word_1_337' title='bbox 3798 1500 3809 1511; x_wconf 80' lang='grc'><strong>’</strong></span> <span class='ocrx_word' id='word_1_338' title='bbox 3836 1483 3931 1535; x_wconf 77' lang='grc' dir='ltr'><strong>τοῦ</strong></span> 
     </span>
    </p>
   </div>
   <div class='ocr_carea' id='block_1_56' title="bbox 2356 1575 3932 1650">
    <p class='ocr_par' dir='ltr' id='par_1_56' title="bbox 2356 1575 3932 1650">
     <span class='ocr_line' id='line_1_56' title="bbox 2356 1575 3932 1650; baseline -0.009 -17"><span class='ocrx_word' id='word_1_339' title='bbox 2356 1579 2534 1642; x_wconf 71' lang='grc' dir='ltr'><strong>δὲ,ὼς</strong></span> <span class='ocrx_word' id='word_1_340' title='bbox 2564 1580 2715 1650; x_wconf 80' lang='grc' dir='ltr'><strong>πάσῃ</strong></span> <span class='ocrx_word' id='word_1_341' title='bbox 2765 1582 2829 1646; x_wconf 86' lang='grc' dir='ltr'><strong>τῇ</strong></span> <span class='ocrx_word' id='word_1_342' title='bbox 2882 1578 3061 1630; x_wconf 80' lang='grc' dir='ltr'><strong>κτίσει</strong></span> <span class='ocrx_word' id='word_1_343' title='bbox 3097 1578 3190 1629; x_wconf 77' lang='grc' dir='ltr'><strong>καὶ</strong></span> <span class='ocrx_word' id='word_1_344' title='bbox 3247 1580 3368 1639; x_wconf 85' lang='grc' dir='ltr'><strong>ταῖς</strong></span> <span class='ocrx_word' id='word_1_345' title='bbox 3400 1576 3587 1642; x_wconf 78' lang='grc' dir='ltr'><strong>ἁγίαις</strong></span> <span class='ocrx_word' id='word_1_346' title='bbox 3633 1575 3932 1642; x_wconf 71' lang='grc' dir='ltr'><strong>δυνάμεσιν</strong></span> 
     </span>
    </p>
   </div>
   <div class='ocr_carea' id='block_1_57' title="bbox 2356 1665 3934 1739">
    <p class='ocr_par' dir='ltr' id='par_1_57' title="bbox 2356 1665 3934 1739">
     <span class='ocr_line' id='line_1_57' title="bbox 2356 1665 3934 1739; baseline -0.004 -16"><span class='ocrx_word' id='word_1_347' title='bbox 2356 1668 2660 1738; x_wconf 60' lang='lat' dir='ltr'><strong>aquom»,</strong></span> <span class='ocrx_word' id='word_1_348' title='bbox 2690 1671 2786 1722; x_wconf 81' lang='grc' dir='ltr'><strong>καὶ</strong></span> <span class='ocrx_word' id='word_1_349' title='bbox 2829 1669 2952 1739; x_wconf 83' lang='grc' dir='ltr'><strong>Θεῷ</strong></span> <span class='ocrx_word' id='word_1_350' title='bbox 2994 1669 3303 1738; x_wconf 81' lang='grc' dir='ltr'><strong>ἀλλοτρίου,</strong></span> <span class='ocrx_word' id='word_1_351' title='bbox 3330 1668 3405 1730; x_wconf 82' lang='grc' dir='ltr'><strong>ὡς</strong></span> <span class='ocrx_word' id='word_1_352' title='bbox 3439 1667 3519 1734; x_wconf 86' lang='grc' dir='ltr'><strong>τῷ</strong></span> <span class='ocrx_word' id='word_1_353' title='bbox 3548 1665 3783 1733; x_wconf 84' lang='grc' dir='ltr'><strong>διαϐόλῳ</strong></span> <span class='ocrx_word' id='word_1_354' title='bbox 3804 1668 3934 1717; x_wconf 80' lang='grc' dir='ltr'><strong>ἀνα·</strong></span> 
     </span>
    </p>
   </div>
   <div class='ocr_carea' id='block_1_58' title="bbox 2357 1758 3929 1832">
    <p class='ocr_par' dir='ltr' id='par_1_58' title="bbox 2357 1758 3929 1832">
     <span class='ocr_line' id='line_1_58' title="bbox 2357 1758 3929 1832; baseline -0.004 -18"><span class='ocrx_word' id='word_1_355' title='bbox 2357 1763 2636 1832; x_wconf 82' lang='grc' dir='ltr'><strong>κειμένου,</strong></span> <span class='ocrx_word' id='word_1_356' title='bbox 2671 1762 2759 1815; x_wconf 84' lang='grc' dir='ltr'><strong>διὰ</strong></span> <span class='ocrx_word' id='word_1_357' title='bbox 2803 1761 2904 1830; x_wconf 81' lang='grc' dir='ltr'><strong>τὴν</strong></span> <span class='ocrx_word' id='word_1_358' title='bbox 2938 1762 3109 1831; x_wconf 82' lang='grc' dir='ltr'><strong>ἀμιγῆ</strong></span> <span class='ocrx_word' id='word_1_359' title='bbox 3167 1760 3263 1813; x_wconf 83' lang='grc' dir='ltr'><strong>τοῦ</strong></span> <span class='ocrx_word' id='word_1_360' title='bbox 3318 1759 3485 1813; x_wconf 80' lang='grc' dir='ltr'><strong>καλοῦ</strong></span> <span class='ocrx_word' id='word_1_361' title='bbox 3542 1758 3929 1827; x_wconf 75' lang='grc' dir='ltr'><strong>ἀλλοτρίωσιν·</strong></span> 
     </span>
    </p>
   </div>
   <div class='ocr_carea' id='block_1_59' title="bbox 2358 1847 3932 1923">
    <p class='ocr_par' dir='ltr' id='par_1_59' title="bbox 2358 1847 3932 1923">
     <span class='ocr_line' id='line_1_59' title="bbox 2358 1847 3932 1923; baseline -0.003 -19"><span class='ocrx_word' id='word_1_362' title='bbox 2358 1855 2587 1923; x_wconf 83' lang='grc' dir='ltr'><strong>τοιούτῳ</strong></span> <span class='ocrx_word' id='word_1_363' title='bbox 2611 1854 2705 1906; x_wconf 82' lang='grc' dir='ltr'><strong>νῦν</strong></span> <span class='ocrx_word' id='word_1_364' title='bbox 2734 1856 2829 1906; x_wconf 86' lang='grc' dir='ltr'><strong>καὶ</strong></span> <span class='ocrx_word' id='word_1_365' title='bbox 2861 1847 3007 1906; x_wconf 77' lang='grc' dir='ltr'><strong>οὗτοι</strong></span> <span class='ocrx_word' id='word_1_366' title='bbox 3036 1852 3421 1905; x_wconf 75' lang='grc' dir='ltr'><strong>ἐπιϐάλλουσιν</strong></span> <span class='ocrx_word' id='word_1_367' title='bbox 3455 1852 3681 1912; x_wconf 79' lang='grc' dir='ltr'><strong>ἑαυτοὺς</strong></span> <span class='ocrx_word' id='word_1_368' title='bbox 3732 1850 3932 1901; x_wconf 76' lang='grc' dir='ltr'><strong>ἀναθέ-</strong></span> 
     </span>
    </p>
   </div>
   <div class='ocr_carea' id='block_1_60' title="bbox 2364 1940 3931 2015">
    <p class='ocr_par' dir='ltr' id='par_1_60' title="bbox 2364 1940 3931 2015">
     <span class='ocr_line' id='line_1_60' title="bbox 2364 1940 3931 2015; baseline -0.004 -20"><span class='ocrx_word' id='word_1_369' title='bbox 2364 1963 2518 2015; x_wconf 85' lang='grc' dir='ltr'><strong>ματι.</strong></span> <span class='ocrx_word' id='word_1_370' title='bbox 2550 1944 2913 2013; x_wconf 87' lang='grc' dir='ltr'><strong>Σημειωτέον,</strong></span> <span class='ocrx_word' id='word_1_371' title='bbox 2943 1942 3155 2013; x_wconf 52' lang='lat' dir='ltr'><strong>ﬁatﬁat</strong></span> <span class='ocrx_word' id='word_1_372' title='bbox 3182 1941 3392 2011; x_wconf 71' lang='grc' dir='ltr'><strong>ὁψῆλιξ</strong></span> <span class='ocrx_word' id='word_1_373' title='bbox 3411 1942 3507 2009; x_wconf 78' lang='grc' dir='ltr'><strong>τὴν</strong></span> <span class='ocrx_word' id='word_1_374' title='bbox 3533 1941 3741 2003; x_wconf 83' lang='grc' dir='ltr'><strong>πίστιν,</strong></span> <span class='ocrx_word' id='word_1_375' title='bbox 3771 1940 3931 2006; x_wconf 82' lang='grc' dir='ltr'><strong>ἀκρι-</strong></span> 
     </span>
    </p>
   </div>
   <div class='ocr_carea' id='block_1_61' title="bbox 2358 2030 3928 2105">
    <p class='ocr_par' dir='ltr' id='par_1_61' title="bbox 2358 2030 3928 2105">
     <span class='ocr_line' id='line_1_61' title="bbox 2358 2030 3928 2105; baseline -0.004 -17"><span class='ocrx_word' id='word_1_376' title='bbox 2358 2038 2469 2097; x_wconf 76' lang='grc' dir='ltr'><strong>ϐῶς</strong></span> <span class='ocrx_word' id='word_1_377' title='bbox 2520 2036 2847 2105; x_wconf 74' lang='grc' dir='ltr'><strong>κατηχηθεὶς</strong></span> <span class='ocrx_word' id='word_1_378' title='bbox 2890 2036 2960 2087; x_wconf 82' lang='grc' dir='ltr'><strong>τὰ</strong></span> <span class='ocrx_word' id='word_1_379' title='bbox 3005 2033 3249 2102; x_wconf 73' lang='grc' dir='ltr'><strong>περὶτοῦ</strong></span> <span class='ocrx_word' id='word_1_380' title='bbox 3284 2030 3522 2103; x_wconf 82' lang='grc' dir='ltr'><strong>Χριστοῦ</strong></span> <span class='ocrx_word' id='word_1_381' title='bbox 3572 2035 3637 2084; x_wconf 81' lang='grc' dir='ltr'><strong>ἐκ</strong></span> <span class='ocrx_word' id='word_1_382' title='bbox 3664 2032 3761 2100; x_wconf 71' lang='grc' dir='ltr'><strong>τῆς</strong></span> <span class='ocrx_word' id='word_1_383' title='bbox 3812 2032 3928 2082; x_wconf 86' lang='grc' dir='ltr'><strong>Πα-</strong></span> 
     </span>
    </p>
   </div>
   <div class='ocr_carea' id='block_1_62' title="bbox 2358 2122 3931 2197">
    <p class='ocr_par' dir='ltr' id='par_1_62' title="bbox 2358 2122 3931 2197">
     <span class='ocr_line' id='line_1_62' title="bbox 2358 2122 3931 2197; baseline -0.006 -17"><span class='ocrx_word' id='word_1_384' title='bbox 2358 2129 2549 2189; x_wconf 82' lang='grc' dir='ltr'><strong>λαιᾶς·</strong></span> <span class='ocrx_word' id='word_1_385' title='bbox 2585 2128 2717 2197; x_wconf 82' lang='grc' dir='ltr'><strong>πρὸς</strong></span> <span class='ocrx_word' id='word_1_386' title='bbox 2766 2130 2925 2196; x_wconf 86' lang='grc' dir='ltr'><strong>χάριν</strong></span> <span class='ocrx_word' id='word_1_387' title='bbox 2973 2126 3027 2177; x_wconf 84' lang='grc' dir='ltr'><strong>δὲ</strong></span> <span class='ocrx_word' id='word_1_388' title='bbox 3066 2125 3177 2177; x_wconf 83' lang='grc' dir='ltr'><strong>τῶν</strong></span> <span class='ocrx_word' id='word_1_389' title='bbox 3223 2125 3493 2178; x_wconf 83' lang='grc' dir='ltr'><strong>Ἰουδαίων</strong></span> <span class='ocrx_word' id='word_1_390' title='bbox 3544 2125 3643 2174; x_wconf 78' lang='grc' dir='ltr'><strong>οὑκ</strong></span> <span class='ocrx_word' id='word_1_391' title='bbox 3688 2122 3931 2176; x_wconf 77' lang='grc' dir='ltr'><strong>ἀπέλυσε</strong></span> 
     </span>
    </p>
   </div>
   <div class='ocr_carea' id='block_1_63' title="bbox 2360 2214 3933 2289">
    <p class='ocr_par' dir='ltr' id='par_1_63' title="bbox 2360 2214 3933 2289">
     <span class='ocr_line' id='line_1_63' title="bbox 2360 2214 3933 2289; baseline -0.005 -18"><span class='ocrx_word' id='word_1_392' title='bbox 2360 2222 2451 2273; x_wconf 78' lang='grc' dir='ltr'><strong>τὸν</strong></span> <span class='ocrx_word' id='word_1_393' title='bbox 2483 2220 2717 2283; x_wconf 68' lang='grc' dir='ltr'><strong>Παζλον,</strong></span> <span class='ocrx_word' id='word_1_394' title='bbox 2751 2220 2782 2286; x_wconf 81' lang='grc' dir='ltr'>ἣ</span> <span class='ocrx_word' id='word_1_395' title='bbox 2828 2218 2920 2270; x_wconf 74' lang='grc' dir='ltr'><strong>καὶ</strong></span> <span class='ocrx_word' id='word_1_396' title='bbox 2949 2217 3038 2270; x_wconf 84' lang='grc' dir='ltr'><strong>διὰ</strong></span> <span class='ocrx_word' id='word_1_397' title='bbox 3070 2217 3433 2289; x_wconf 66' lang='grc' dir='ltr'><strong>δωροληψίαν,</strong></span> <span class='ocrx_word' id='word_1_398' title='bbox 3464 2215 3539 2277; x_wconf 86' lang='grc' dir='ltr'><strong>ὡς</strong></span> <span class='ocrx_word' id='word_1_399' title='bbox 3572 2214 3933 2283; x_wconf 84' lang='grc' dir='ltr'><strong>παρακατιὼν</strong></span> 
     </span>
    </p>
   </div>
   <div class='ocr_carea' id='block_1_64' title="bbox 2356 2306 3934 2379">
    <p class='ocr_par' dir='ltr' id='par_1_64' title="bbox 2356 2306 3934 2379">
     <span class='ocr_line' id='line_1_64' title="bbox 2356 2306 3934 2379; baseline -0.005 -16"><span class='ocrx_word' id='word_1_400' title='bbox 2356 2313 2384 2363; x_wconf 87' lang='grc' dir='ltr'>ὁ</span> <span class='ocrx_word' id='word_1_401' title='bbox 2409 2310 2564 2378; x_wconf 77' lang='grc' dir='ltr'><strong>λόγος</strong></span> <span class='ocrx_word' id='word_1_402' title='bbox 2595 2310 2816 2373; x_wconf 76' lang='grc' dir='ltr'><strong>ἔδειξεν.</strong></span> <span class='ocrx_word' id='word_1_403' title='bbox 2854 2310 3008 2379; x_wconf 82' lang='grc' dir='ltr'><strong>’ᾘδει</strong></span> <span class='ocrx_word' id='word_1_404' title='bbox 3038 2308 3095 2361; x_wconf 83' lang='grc' dir='ltr'><strong>δὲ</strong></span> <span class='ocrx_word' id='word_1_405' title='bbox 3138 2310 3234 2360; x_wconf 76' lang='grc' dir='ltr'><strong>καὶ</strong></span> <span class='ocrx_word' id='word_1_406' title='bbox 3259 2308 3334 2369; x_wconf 87' lang='grc' dir='ltr'><strong>ὼς</strong></span> <span class='ocrx_word' id='word_1_407' title='bbox 3367 2306 3507 2375; x_wconf 81' lang='grc' dir='ltr'><strong>ἔχων</strong></span> <span class='ocrx_word' id='word_1_408' title='bbox 3536 2308 3770 2372; x_wconf 82' lang='grc' dir='ltr'><strong>γυναῖκα</strong></span> <span class='ocrx_word' id='word_1_409' title='bbox 3802 2306 3934 2356; x_wconf 85' lang='grc' dir='ltr'><strong>Ἰου-</strong></span> 
     </span>
    </p>
   </div>
   <div class='ocr_carea' id='block_1_65' title="bbox 2356 2396 3921 2474">
    <p class='ocr_par' dir='ltr' id='par_1_65' title="bbox 2356 2396 3921 2474">
     <span class='ocr_line' id='line_1_65' title="bbox 2356 2396 3921 2474; baseline -0.006 -19"><span class='ocrx_word' id='word_1_410' title='bbox 2356 2404 2534 2467; x_wconf 81' lang='grc' dir='ltr'><strong>δαίαν,</strong></span> <span class='ocrx_word' id='word_1_411' title='bbox 2565 2403 2694 2473; x_wconf 87' lang='grc' dir='ltr'><strong>παρ’</strong></span> <span class='ocrx_word' id='word_1_412' title='bbox 2726 2398 2793 2474; x_wconf 80' lang='grc' dir='ltr'><strong>ἧς</strong></span> <span class='ocrx_word' id='word_1_413' title='bbox 2822 2401 3061 2471; x_wconf 85' lang='grc' dir='ltr'><strong>συνεχῶς</strong></span> <span class='ocrx_word' id='word_1_414' title='bbox 3082 2401 3248 2470; x_wconf 68' lang='lat' dir='ltr'><strong>ﬁmus</strong></span> <span class='ocrx_word' id='word_1_415' title='bbox 3282 2400 3475 2452; x_wconf 75' lang='grc' dir='ltr'><strong>ταῦτα.</strong></span> <span class='ocrx_word' id='word_1_416' title='bbox 3509 2396 3655 2465; x_wconf 79' lang='grc' dir='ltr'><strong>Αὕτη</strong></span> <span class='ocrx_word' id='word_1_417' title='bbox 3684 2398 3738 2448; x_wconf 77' lang='grc' dir='ltr'><strong>δὲ</strong></span> <span class='ocrx_word' id='word_1_418' title='bbox 3766 2398 3921 2462; x_wconf 67' lang='grc' dir='ltr'><strong>παρὰ</strong></span> 
     </span>
    </p>
   </div>
   <div class='ocr_carea' id='block_1_66' title="bbox 2355 2488 3931 2568">
    <p class='ocr_par' dir='ltr' id='par_1_66' title="bbox 2355 2488 3931 2568">
     <span class='ocr_line' id='line_1_66' title="bbox 2355 2488 3931 2568; baseline -0.01 -16"><span class='ocrx_word' id='word_1_419' title='bbox 2355 2500 2447 2552; x_wconf 82' lang='grc' dir='ltr'><strong>τὸν</strong></span> <span class='ocrx_word' id='word_1_420' title='bbox 2503 2501 2667 2568; x_wconf 87' lang='grc' dir='ltr'><strong>νόμον</strong></span> <span class='ocrx_word' id='word_1_421' title='bbox 2708 2497 2956 2567; x_wconf 79' lang='grc' dir='ltr'><strong>συνήφθη</strong></span> <span class='ocrx_word' id='word_1_422' title='bbox 3011 2494 3181 2565; x_wconf 71' lang='grc' dir='ltr'><strong>αὐτῷ,</strong></span> <span class='ocrx_word' id='word_1_423' title='bbox 3242 2493 3470 2547; x_wconf 83' lang='grc' dir='ltr'><strong>Ἰουδαία</strong></span> <span class='ocrx_word' id='word_1_424' title='bbox 3509 2488 3931 2555; x_wconf 69' lang='grc' dir='ltr'><strong>οὖσα,Ἕλληι-ι.</strong></span> 
     </span>
    </p>
   </div>
   <div class='ocr_carea' id='block_1_67' title="bbox 2359 2577 3933 2662">
    <p class='ocr_par' dir='ltr' id='par_1_67' title="bbox 2359 2577 3933 2662">
     <span class='ocr_line' id='line_1_67' title="bbox 2359 2577 3933 2662; baseline -0.012 -16"><span class='ocrx_word' id='word_1_425' title='bbox 2359 2594 2428 2645; x_wconf 86' lang='grc' dir='ltr'><strong>Ἦ</strong></span> <span class='ocrx_word' id='word_1_426' title='bbox 2448 2592 2589 2662; x_wconf 67' lang='grc' dir='ltr'><strong>τάχα</strong></span> <span class='ocrx_word' id='word_1_427' title='bbox 2624 2587 2693 2661; x_wconf 82' lang='grc' dir='ltr'><strong>ἦν</strong></span> <span class='ocrx_word' id='word_1_428' title='bbox 2720 2591 2819 2660; x_wconf 82' lang='grc' dir='ltr'><strong>μὲν</strong></span> <span class='ocrx_word' id='word_1_429' title='bbox 2863 2588 3090 2642; x_wconf 73' lang='grc' dir='ltr'><strong>Ἰουδαία</strong></span> <span class='ocrx_word' id='word_1_430' title='bbox 3110 2628 3125 2652; x_wconf 93' lang='grc'><strong>,</strong></span> <span class='ocrx_word' id='word_1_431' title='bbox 3161 2586 3474 2657; x_wconf 78' lang='grc' dir='ltr'><strong>γαμηθεῖσα</strong></span> <span class='ocrx_word' id='word_1_432' title='bbox 3524 2584 3578 2636; x_wconf 78' lang='grc' dir='ltr'><strong>δὲ</strong></span> <span class='ocrx_word' id='word_1_433' title='bbox 3607 2579 3777 2647; x_wconf 82' lang='grc' dir='ltr'><strong>αὐτῷ,</strong></span> <span class='ocrx_word' id='word_1_434' title='bbox 3808 2577 3933 2645; x_wconf 66' lang='grc' dir='ltr'><strong>ἐγί-</strong></span> 
     </span>
    </p>
   </div>
   <div class='ocr_carea' id='block_1_68' title="bbox 2358 2670 3935 2751">
    <p class='ocr_par' dir='ltr' id='par_1_68' title="bbox 2358 2670 3935 2751">
     <span class='ocr_line' id='line_1_68' title="bbox 2358 2670 3935 2751; baseline -0.011 -14"><span class='ocrx_word' id='word_1_435' title='bbox 2358 2701 2480 2737; x_wconf 85' lang='grc' dir='ltr'><strong>νετο</strong></span> <span class='ocrx_word' id='word_1_436' title='bbox 2515 2683 2786 2751; x_wconf 83' lang='grc' dir='ltr'><strong>Ἑλληνίς.</strong></span> <span class='ocrx_word' id='word_1_437' title='bbox 2824 2682 2917 2732; x_wconf 76' lang='grc' dir='ltr'><strong>Διὸ</strong></span> <span class='ocrx_word' id='word_1_438' title='bbox 2957 2681 3052 2732; x_wconf 80' lang='grc' dir='ltr'><strong>καὶ</strong></span> <span class='ocrx_word' id='word_1_439' title='bbox 3100 2679 3285 2744; x_wconf 77' lang='grc' dir='ltr'><strong>ἔλεγεν</strong></span> <span class='ocrx_word' id='word_1_440' title='bbox 3310 2676 3457 2743; x_wconf 68' lang='grc' dir='ltr'><strong>αὐτῷ</strong></span> <span class='ocrx_word' id='word_1_441' title='bbox 3496 2675 3591 2744; x_wconf 82' lang='grc' dir='ltr'><strong>τὴν</strong></span> <span class='ocrx_word' id='word_1_442' title='bbox 3610 2674 3808 2739; x_wconf 80' lang='grc' dir='ltr'><strong>ἑαυτῆς</strong></span> <span class='ocrx_word' id='word_1_443' title='bbox 3843 2670 3935 2720; x_wconf 81' lang='grc' dir='ltr'><strong>πί-</strong></span> 
     </span>
    </p>
   </div>
   <div class='ocr_carea' id='block_1_69' title="bbox 2359 2763 3931 2841">
    <p class='ocr_par' dir='ltr' id='par_1_69' title="bbox 2359 2763 3931 2841">
     <span class='ocr_line' id='line_1_69' title="bbox 2359 2763 3931 2841; baseline -0.01 -10"><span class='ocrx_word' id='word_1_444' title='bbox 2359 2794 2496 2841; x_wconf 81' lang='grc' dir='ltr'><strong>στιν,</strong></span> <span class='ocrx_word' id='word_1_445' title='bbox 2525 2776 2793 2829; x_wconf 80' lang='grc' dir='ltr'><strong>πείθουσα</strong></span> <span class='ocrx_word' id='word_1_446' title='bbox 2843 2773 3049 2827; x_wconf 80' lang='grc' dir='ltr'><strong>καὶτὸν</strong></span> <span class='ocrx_word' id='word_1_447' title='bbox 3100 2771 3268 2841; x_wconf 82' lang='grc' dir='ltr'><strong>ἄνδρα</strong></span> <span class='ocrx_word' id='word_1_448' title='bbox 3304 2768 3625 2838; x_wconf 79' lang='grc' dir='ltr'><strong>παραϐάτην</strong></span> <span class='ocrx_word' id='word_1_449' title='bbox 3655 2763 3931 2832; x_wconf 83' lang='grc' dir='ltr'><strong>γενέσθαι.</strong></span> 
     </span>
    </p>
   </div>
   <div class='ocr_carea' id='block_1_70' title="bbox 2363 2851 3934 2925">
    <p class='ocr_par' dir='ltr' id='par_1_70' title="bbox 2363 2851 3934 2925">
     <span class='ocr_line' id='line_1_70' title="bbox 2363 2851 3934 2925; baseline -0.006 -10"><span class='ocrx_word' id='word_1_450' title='bbox 2363 2884 2382 2915; x_wconf 77' lang='grc' dir='ltr'><strong>ι</strong></span> <span class='ocrx_word' id='word_1_451' title='bbox 2408 2861 2545 2917; x_wconf 81' lang='grc' dir='ltr'><strong>Εἶπε</strong></span> <span class='ocrx_word' id='word_1_452' title='bbox 2574 2864 2632 2916; x_wconf 75' lang='grc' dir='ltr'><strong>δὲ</strong></span> <span class='ocrx_word' id='word_1_453' title='bbox 2664 2866 2692 2915; x_wconf 90' lang='grc' dir='ltr'>ὁ</span> <span class='ocrx_word' id='word_1_454' title='bbox 2715 2861 2923 2925; x_wconf 80' lang='grc' dir='ltr'><strong>Παῦλος</strong></span> <span class='ocrx_word' id='word_1_455' title='bbox 2952 2861 3048 2913; x_wconf 70' lang='grc' dir='ltr'><strong>ἐπὶ</strong></span> <span class='ocrx_word' id='word_1_456' title='bbox 3068 2860 3185 2913; x_wconf 77' lang='grc' dir='ltr'><strong>τοῦ.</strong></span> <span class='ocrx_word' id='word_1_457' title='bbox 3216 2878 3234 2910; x_wconf 74' lang='grc' dir='ltr'><strong>ι</strong></span> <span class='ocrx_word' id='word_1_458' title='bbox 3265 2858 3435 2911; x_wconf 83' lang='grc' dir='ltr'><strong>Τοῦτο</strong></span> <span class='ocrx_word' id='word_1_459' title='bbox 3462 2857 3518 2909; x_wconf 83' lang='grc' dir='ltr'><strong>δὲ</strong></span> <span class='ocrx_word' id='word_1_460' title='bbox 3548 2851 3701 2908; x_wconf 77' lang='grc' dir='ltr'><strong>εἶπεν</strong></span> <span class='ocrx_word' id='word_1_461' title='bbox 3729 2856 3759 2906; x_wconf 85' lang='grc' dir='ltr'>ὁ</span> <span class='ocrx_word' id='word_1_462' title='bbox 3781 2854 3934 2907; x_wconf 80' lang='grc' dir='ltr'><strong>Παῦ-</strong></span> 
     </span>
    </p>
   </div>
   <div class='ocr_carea' id='block_1_71' title="bbox 2358 2949 3934 3025">
    <p class='ocr_par' dir='ltr' id='par_1_71' title="bbox 2358 2949 3934 3025">
     <span class='ocr_line' id='line_1_71' title="bbox 2358 2949 3934 3025; baseline -0.008 -17"><span class='ocrx_word' id='word_1_463' title='bbox 2358 2957 2470 3019; x_wconf 86' lang='grc' dir='ltr'><strong>λος,</strong></span> <span class='ocrx_word' id='word_1_464' title='bbox 2498 2956 2819 3025; x_wconf 82' lang='grc' dir='ltr'><strong>βουλόμενος</strong></span> <span class='ocrx_word' id='word_1_465' title='bbox 2850 2954 2949 3016; x_wconf 79' lang='grc' dir='ltr'><strong>τὰς</strong></span> <span class='ocrx_word' id='word_1_466' title='bbox 2978 2954 3085 3005; x_wconf 83' lang='grc' dir='ltr'><strong>τῶν</strong></span> <span class='ocrx_word' id='word_1_467' title='bbox 3126 2952 3394 3005; x_wconf 89' lang='grc' dir='ltr'><strong>Ἰουδαίων</strong></span> <span class='ocrx_word' id='word_1_468' title='bbox 3419 2952 3606 3021; x_wconf 86' lang='grc' dir='ltr'><strong>χεῖρας</strong></span> <span class='ocrx_word' id='word_1_469' title='bbox 3635 2949 3897 3016; x_wconf 76' lang='grc' dir='ltr'><strong>ἐκφυγεῖν</strong></span> <span class='ocrx_word' id='word_1_470' title='bbox 3917 2961 3934 2977; x_wconf 71' lang='grc' dir='ltr'><strong><em>υ</em></strong></span> 
     </span>
    </p>
   </div>
   <div class='ocr_carea' id='block_1_72' title="bbox 2357 3038 3935 3116">
    <p class='ocr_par' dir='ltr' id='par_1_72' title="bbox 2357 3038 3935 3116">
     <span class='ocr_line' id='line_1_72' title="bbox 2357 3038 3935 3116; baseline -0.008 -16"><span class='ocrx_word' id='word_1_471' title='bbox 2357 3048 2663 3111; x_wconf 82' lang='grc' dir='ltr'><strong>τουτέστιν,</strong></span> <span class='ocrx_word' id='word_1_472' title='bbox 2706 3047 2800 3098; x_wconf 82' lang='grc' dir='ltr'><strong>Ἐν</strong></span> <span class='ocrx_word' id='word_1_473' title='bbox 2830 3048 2897 3114; x_wconf 85' lang='grc' dir='ltr'><strong>τῇ</strong></span> <span class='ocrx_word' id='word_1_474' title='bbox 2937 3043 3126 3116; x_wconf 83' lang='grc' dir='ltr'><strong>Ῥώμῃ</strong></span> <span class='ocrx_word' id='word_1_475' title='bbox 3159 3043 3301 3096; x_wconf 83' lang='grc' dir='ltr'><strong>θέλω</strong></span> <span class='ocrx_word' id='word_1_476' title='bbox 3355 3041 3607 3095; x_wconf 81' lang='grc' dir='ltr'><strong>ἀπελθεῖν</strong></span> <span class='ocrx_word' id='word_1_477' title='bbox 3653 3040 3806 3108; x_wconf 72' lang='grc' dir='ltr'><strong>παρὰ</strong></span> <span class='ocrx_word' id='word_1_478' title='bbox 3854 3038 3935 3106; x_wconf 77' lang='grc' dir='ltr'><strong>τῷ</strong></span> 
     </span>
    </p>
   </div>
   <div class='ocr_carea' id='block_1_73' title="bbox 2360 3135 3151 3208">
    <p class='ocr_par' dir='ltr' id='par_1_73' title="bbox 2360 3135 3151 3208">
     <span class='ocr_line' id='line_1_73' title="bbox 2360 3135 3151 3208; baseline -0.006 -16"><span class='ocrx_word' id='word_1_479' title='bbox 2360 3139 2592 3208; x_wconf 84' lang='grc' dir='ltr'><strong>βασιλεῖ,</strong></span> <span class='ocrx_word' id='word_1_480' title='bbox 2623 3138 2784 3191; x_wconf 87' lang='grc' dir='ltr'><strong>κάκεῖ</strong></span> <span class='ocrx_word' id='word_1_481' title='bbox 2808 3135 3151 3189; x_wconf 78' lang='grc' dir='ltr'><strong>δικάσασθαι.</strong></span> 
     </span>
    </p>
   </div>
   <div class='ocr_carea' id='block_1_74' title="bbox 2942 3421 3355 3478">
    <p class='ocr_par' dir='ltr' id='par_1_74' title="bbox 2942 3421 3355 3478">
     <span class='ocr_line' id='line_1_74' title="bbox 2942 3421 3355 3478; baseline -0.007 0"><span class='ocrx_word' id='word_1_482' title='bbox 2942 3424 3190 3478; x_wconf 75' lang='grc' dir='ltr'><strong>ΚΕΦΑΛ.</strong></span> <span class='ocrx_word' id='word_1_483' title='bbox 3233 3421 3355 3475; x_wconf 92' lang='grc' dir='ltr'><strong>ΛΖ’.</strong></span> 
     </span>
    </p>
   </div>
   <div class='ocr_carea' id='block_1_75' title="bbox 2375 3531 3937 3609">
    <p class='ocr_par' dir='ltr' id='par_1_75' title="bbox 2375 3531 3937 3609">
     <span class='ocr_line' id='line_1_75' title="bbox 2375 3531 3937 3609; baseline -0.007 -15"><span class='ocrx_word' id='word_1_484' title='bbox 2375 3541 2668 3609; x_wconf 82' lang='grc' dir='ltr'><strong>’Λτρίππα</strong></span> <span class='ocrx_word' id='word_1_485' title='bbox 2716 3538 2815 3591; x_wconf 75' lang='grc' dir='ltr'><strong>καί</strong></span> <span class='ocrx_word' id='word_1_486' title='bbox 2867 3536 3159 3604; x_wconf 79' lang='grc' dir='ltr'><strong>Βερνίκης</strong></span> <span class='ocrx_word' id='word_1_487' title='bbox 3191 3535 3511 3601; x_wconf 80' lang='grc' dir='ltr'><strong>παρουσία,</strong></span> <span class='ocrx_word' id='word_1_488' title='bbox 3570 3532 3669 3585; x_wconf 78' lang='grc' dir='ltr'><strong>καὶ</strong></span> <span class='ocrx_word' id='word_1_489' title='bbox 3717 3531 3937 3598; x_wconf 81' lang='grc' dir='ltr'><strong>πεῦσις</strong></span> 
     </span>
    </p>
   </div>
   <div class='ocr_carea' id='block_1_76' title="bbox 2839 3626 3431 3681">
    <p class='ocr_par' dir='ltr' id='par_1_76' title="bbox 2839 3626 3431 3681">
     <span class='ocr_line' id='line_1_76' title="bbox 2839 3626 3431 3681; baseline -0.007 0"><span class='ocrx_word' id='word_1_490' title='bbox 2839 3627 2959 3681; x_wconf 82' lang='grc' dir='ltr'><strong>τῶν</strong></span> <span class='ocrx_word' id='word_1_491' title='bbox 2987 3627 3137 3679; x_wconf 81' lang='grc' dir='ltr'><strong>κατὰ</strong></span> <span class='ocrx_word' id='word_1_492' title='bbox 3167 3626 3431 3678; x_wconf 73' lang='grc' dir='ltr'><strong>Παύλου.</strong></span> 
     </span>
    </p>
   </div>
   <div class='ocr_carea' id='block_1_77' title="bbox 2794 3717 3485 3792">
    <p class='ocr_par' dir='ltr' id='par_1_77' title="bbox 2794 3717 3485 3792">
     <span class='ocr_line' id='line_1_77' title="bbox 2794 3717 3485 3792; baseline -0.007 -18"><span class='ocrx_word' id='word_1_493' title='bbox 2794 3723 2869 3792; x_wconf 81' lang='grc' dir='ltr'>Τῇ</span> <span class='ocrx_word' id='word_1_494' title='bbox 2900 3719 2941 3773; x_wconf 84' lang='grc' dir='ltr'><strong>ε’</strong></span> <span class='ocrx_word' id='word_1_495' title='bbox 2967 3721 3067 3790; x_wconf 78' lang='grc' dir='ltr'><strong>τῆς</strong></span> <span class='ocrx_word' id='word_1_496' title='bbox 3094 3718 3138 3783; x_wconf 77' lang='grc' dir='ltr'><strong>ζ’</strong></span> <span class='ocrx_word' id='word_1_497' title='bbox 3172 3717 3485 3786; x_wconf 81' lang='grc' dir='ltr'><strong>ἑϐδομάδος.</strong></span> 
     </span>
    </p>
   </div>
   <div class='ocr_carea' id='block_1_78' title="bbox 2967 3809 3355 3863">
    <p class='ocr_par' dir='ltr' id='par_1_78' title="bbox 2967 3809 3355 3863">
     <span class='ocr_line' id='line_1_78' title="bbox 2967 3809 3355 3863; baseline -0.008 0"><span class='ocrx_word' id='word_1_498' title='bbox 2967 3809 3355 3863; x_wconf 82' lang='grc' dir='ltr'><strong>ΚΕΙΜΕΝΟΝ.</strong></span> 
     </span>
    </p>
   </div>
   <div class='ocr_carea' id='block_1_79' title="bbox 2464 3898 3943 3975">
    <p class='ocr_par' dir='ltr' id='par_1_79' title="bbox 2464 3898 3943 3975">
     <span class='ocr_line' id='line_1_79' title="bbox 2464 3898 3943 3975; baseline -0.007 -16"><span class='ocrx_word' id='word_1_499' title='bbox 2464 3908 2770 3975; x_wconf 82' lang='grc' dir='ltr'><strong>Ἀγρίππας</strong></span> <span class='ocrx_word' id='word_1_500' title='bbox 2807 3909 2835 3958; x_wconf 85' lang='grc' dir='ltr'><strong>ό</strong></span> <span class='ocrx_word' id='word_1_501' title='bbox 2878 3902 3129 3973; x_wconf 78' lang='grc' dir='ltr'><strong>βασιλεὺς</strong></span> <span class='ocrx_word' id='word_1_502' title='bbox 3166 3901 3262 3953; x_wconf 83' lang='grc' dir='ltr'><strong>καὶ</strong></span> <span class='ocrx_word' id='word_1_503' title='bbox 3311 3898 3541 3969; x_wconf 82' lang='grc' dir='ltr'><strong>Βερνίκη</strong></span> <span class='ocrx_word' id='word_1_504' title='bbox 3591 3898 3943 3966; x_wconf 82' lang='grc' dir='ltr'><strong>κατήντησαν</strong></span> 
     </span>
    </p>
   </div>
   <div class='ocr_carea' id='block_1_80' title="bbox 2368 3984 3943 4065">
    <p class='ocr_par' dir='ltr' id='par_1_80' title="bbox 2368 3984 3943 4065">
     <span class='ocr_line' id='line_1_80' title="bbox 2368 3984 3943 4065; baseline -0.009 -14"><span class='ocrx_word' id='word_1_505' title='bbox 2368 3999 2448 4061; x_wconf 84' lang='grc' dir='ltr'><strong>εἰς</strong></span> <span class='ocrx_word' id='word_1_506' title='bbox 2494 3998 2861 4065; x_wconf 77' lang='grc' dir='ltr'><strong>Καισάρειαν,</strong></span> <span class='ocrx_word' id='word_1_507' title='bbox 2929 3990 3304 4059; x_wconf 84' lang='grc' dir='ltr'><strong>ἀσπασόμενοι</strong></span> <span class='ocrx_word' id='word_1_508' title='bbox 3354 3988 3445 4041; x_wconf 84' lang='grc' dir='ltr'><strong>τὸν</strong></span> <span class='ocrx_word' id='word_1_509' title='bbox 3482 3986 3709 4055; x_wconf 79' lang='grc' dir='ltr'><strong>Φῆστον.</strong></span> <span class='ocrx_word' id='word_1_510' title='bbox 3766 3984 3857 4047; x_wconf 87' lang='grc' dir='ltr'><strong>Ὧς</strong></span> <span class='ocrx_word' id='word_1_511' title='bbox 3885 3986 3943 4037; x_wconf 78' lang='grc' dir='ltr'><strong>δὲ</strong></span> 
     </span>
    </p>
   </div>
   <div class='ocr_carea' id='block_1_81' title="bbox 2369 4078 3945 4158">
    <p class='ocr_par' dir='ltr' id='par_1_81' title="bbox 2369 4078 3945 4158">
     <span class='ocr_line' id='line_1_81' title="bbox 2369 4078 3945 4158; baseline -0.01 -14"><span class='ocrx_word' id='word_1_512' title='bbox 2369 4090 2587 4151; x_wconf 82' lang='grc' dir='ltr'><strong>πλείους</strong></span> <span class='ocrx_word' id='word_1_513' title='bbox 2622 4089 2833 4158; x_wconf 79' lang='grc' dir='ltr'><strong>ἡμέρας</strong></span> <span class='ocrx_word' id='word_1_514' title='bbox 2853 4086 3121 4157; x_wconf 79' lang='grc' dir='ltr'><strong>διέτριϐον</strong></span> <span class='ocrx_word' id='word_1_515' title='bbox 3159 4085 3293 4147; x_wconf 77' lang='grc' dir='ltr'><strong>ἐκεῖ,</strong></span> <span class='ocrx_word' id='word_1_516' title='bbox 3321 4084 3350 4134; x_wconf 88' lang='grc' dir='ltr'><strong>ό</strong></span> <span class='ocrx_word' id='word_1_517' title='bbox 3380 4081 3588 4149; x_wconf 70' lang='grc' dir='ltr'><strong>Φῆστος</strong></span> <span class='ocrx_word' id='word_1_518' title='bbox 3620 4079 3699 4147; x_wconf 83' lang='grc' dir='ltr'><strong>τῷ</strong></span> <span class='ocrx_word' id='word_1_519' title='bbox 3730 4078 3945 4148; x_wconf 83' lang='grc' dir='ltr'><strong>βασιλεί</strong></span> 
     </span>
    </p>
   </div>
   <div class='ocr_carea' id='block_1_82' title="bbox 2369 4169 3937 4239">
    <p class='ocr_par' dir='ltr' id='par_1_82' title="bbox 2369 4169 3937 4239">
     <span class='ocr_line' id='line_1_82' title="bbox 2369 4169 3937 4239; baseline -0.011 -3"><span class='ocrx_word' id='word_1_520' title='bbox 2369 4183 2590 4236; x_wconf 78' lang='grc' dir='ltr'><strong>ἀνέθετο</strong></span> <span class='ocrx_word' id='word_1_521' title='bbox 2643 4181 2710 4233; x_wconf 81' lang='grc' dir='ltr'><strong>τὰ</strong></span> <span class='ocrx_word' id='word_1_522' title='bbox 2766 4178 2906 4232; x_wconf 84' lang='grc' dir='ltr'><strong>κατά</strong></span> <span class='ocrx_word' id='word_1_523' title='bbox 2942 4178 3032 4229; x_wconf 81' lang='grc' dir='ltr'><strong>τὸν</strong></span> <span class='ocrx_word' id='word_1_524' title='bbox 3072 4174 3282 4227; x_wconf 79' lang='grc' dir='ltr'><strong>Παῦλον</strong></span> <span class='ocrx_word' id='word_1_525' title='bbox 3311 4215 3326 4239; x_wconf 90' lang='grc'><strong>,</strong></span> <span class='ocrx_word' id='word_1_526' title='bbox 3374 4172 3550 4238; x_wconf 85' lang='grc' dir='ltr'><strong>λέγων</strong></span> <span class='ocrx_word' id='word_1_527' title='bbox 3579 4187 3593 4199; x_wconf 86' lang='grc'><em>’</em></span> <span class='ocrx_word' id='word_1_528' title='bbox 3649 4170 3818 4239; x_wconf 75' lang='grc' dir='ltr'><strong>Ἀνήρ</strong></span> <span class='ocrx_word' id='word_1_529' title='bbox 3852 4169 3937 4229; x_wconf 84' lang='grc' dir='ltr'><strong>τίς</strong></span> 
     </span>
    </p>
   </div>
   <div class='ocr_carea' id='block_1_83' title="bbox 2368 4257 3949 4341">
    <p class='ocr_par' dir='ltr' id='par_1_83' title="bbox 2368 4257 3949 4341">
     <span class='ocr_line' id='line_1_83' title="bbox 2368 4257 3949 4341; baseline -0.01 -13"><span class='ocrx_word' id='word_1_530' title='bbox 2368 4277 2483 4328; x_wconf 73' lang='grc' dir='ltr'><strong>ἐστι</strong></span> <span class='ocrx_word' id='word_1_531' title='bbox 2511 4270 3003 4341; x_wconf 79' lang='grc' dir='ltr'><strong>καταλελειμμένος</strong></span> <span class='ocrx_word' id='word_1_532' title='bbox 3042 4267 3147 4319; x_wconf 84' lang='grc' dir='ltr'><strong>ὑπὸ</strong></span> <span class='ocrx_word' id='word_1_533' title='bbox 3173 4266 3402 4335; x_wconf 76' lang='grc' dir='ltr'><strong>Φήλικος</strong></span> <span class='ocrx_word' id='word_1_534' title='bbox 3422 4262 3661 4331; x_wconf 81' lang='grc' dir='ltr'><strong>δέσμιος,</strong></span> <span class='ocrx_word' id='word_1_535' title='bbox 3696 4278 3759 4313; x_wconf 80' lang='grc' dir='ltr'><strong>πε</strong></span> <span class='ocrx_word' id='word_1_536' title='bbox 3772 4267 3827 4331; x_wconf 79' lang='lat' dir='ltr'><strong>pi.</strong></span> <span class='ocrx_word' id='word_1_537' title='bbox 3854 4257 3949 4321; x_wconf 71' lang='grc' dir='ltr'><strong>οἶ,</strong></span> 
     </span>
    </p>
   </div>
   <div class='ocr_carea' id='block_1_84' title="bbox 2370 4353 3947 4435">
    <p class='ocr_par' dir='ltr' id='par_1_84' title="bbox 2370 4353 3947 4435">
     <span class='ocr_line' id='line_1_84' title="bbox 2370 4353 3947 4435; baseline -0.011 -16"><span class='ocrx_word' id='word_1_538' title='bbox 2370 4365 2666 4435; x_wconf 81' lang='grc' dir='ltr'><strong>γενομένου</strong></span> <span class='ocrx_word' id='word_1_539' title='bbox 2703 4381 2807 4432; x_wconf 84' lang='grc' dir='ltr'><strong>μου</strong></span> <span class='ocrx_word' id='word_1_540' title='bbox 2844 4365 2926 4425; x_wconf 79' lang='grc' dir='ltr'><strong>εἰς</strong></span> <span class='ocrx_word' id='word_1_541' title='bbox 2967 4361 3345 4429; x_wconf 84' lang='grc' dir='ltr'><strong>Ἱεροσόλυμα,</strong></span> <span class='ocrx_word' id='word_1_542' title='bbox 3387 4355 3729 4421; x_wconf 76' lang='grc' dir='ltr'><strong>ὲνεφάνησαν</strong></span> <span class='ocrx_word' id='word_1_543' title='bbox 3758 4353 3810 4403; x_wconf 78' lang='lat' dir='ltr'><strong>o!</strong></span> <span class='ocrx_word' id='word_1_544' title='bbox 3848 4354 3947 4420; x_wconf 81' lang='grc' dir='ltr'><strong>ἀρ-</strong></span> 
     </span>
    </p>
   </div>
   <div class='ocr_carea' id='block_1_85' title="bbox 2371 4441 3944 4528">
    <p class='ocr_par' dir='ltr' id='par_1_85' title="bbox 2371 4441 3944 4528">
     <span class='ocr_line' id='line_1_85' title="bbox 2371 4441 3944 4528; baseline -0.012 -19"><span class='ocrx_word' id='word_1_545' title='bbox 2371 4459 2571 4528; x_wconf 86' lang='grc' dir='ltr'><strong>χιερεῖς</strong></span> <span class='ocrx_word' id='word_1_546' title='bbox 2605 4455 2700 4507; x_wconf 77' lang='grc' dir='ltr'><strong>καὶ</strong></span> <span class='ocrx_word' id='word_1_547' title='bbox 2734 4454 2783 4505; x_wconf 83' lang='lat' dir='ltr'><strong>oi</strong></span> <span class='ocrx_word' id='word_1_548' title='bbox 2812 4451 3177 4521; x_wconf 83' lang='grc' dir='ltr'><strong>πρεσϐύτεροι</strong></span> <span class='ocrx_word' id='word_1_549' title='bbox 3207 4447 3316 4498; x_wconf 82' lang='grc' dir='ltr'><strong>τῶν</strong></span> <span class='ocrx_word' id='word_1_550' title='bbox 3358 4444 3645 4505; x_wconf 79' lang='grc' dir='ltr'><strong>Ἰουδαίων,</strong></span> <span class='ocrx_word' id='word_1_551' title='bbox 3680 4441 3944 4509; x_wconf 73' lang='grc' dir='ltr'><strong>αἰτούμε-</strong></span> 
     </span>
    </p>
   </div>
   <div class='ocr_carea' id='block_1_86' title="bbox 701 4534 2261 4611">
    <p class='ocr_par' dir='ltr' id='par_1_86' title="bbox 701 4540 2261 4611">
     <span class='ocr_line' id='line_1_86' title="bbox 701 4540 2261 4611; baseline 0.002 -15"><span class='ocrx_word' id='word_1_552' title='bbox 701 4545 777 4606; x_wconf 75' lang='lat' dir='ltr'><strong>ili,</strong></span> <span class='ocrx_word' id='word_1_553' title='bbox 836 4545 961 4611; x_wconf 86' lang='lat' dir='ltr'><strong>quia</strong></span> <span class='ocrx_word' id='word_1_554' title='bbox 1006 4540 1123 4595; x_wconf 85' lang='lat' dir='ltr'><strong>Non</strong></span> <span class='ocrx_word' id='word_1_555' title='bbox 1174 4550 1258 4596; x_wconf 89' lang='lat' dir='ltr'><strong>est</strong></span> <span class='ocrx_word' id='word_1_556' title='bbox 1314 4542 1572 4596; x_wconf 73' lang='lat' dir='ltr'><strong>Romanis</strong></span> <span class='ocrx_word' id='word_1_557' title='bbox 1624 4543 1966 4597; x_wconf 87' lang='lat' dir='ltr'><strong>consuetudo</strong></span> <span class='ocrx_word' id='word_1_558' title='bbox 2012 4544 2261 4599; x_wconf 69' lang='lat' dir='ltr'><strong>damnare</strong></span> 
     </span>
    </p>
   </div>
   <div class='ocr_carea' id='block_1_87' title="bbox 2364 4534 3948 4611">
    <p class='ocr_par' dir='ltr' id='par_1_87' title="bbox 2375 4534 3948 4610">
     <span class='ocr_line' id='line_1_87' title="bbox 2375 4534 3948 4610; baseline -0.01 -10"><span class='ocrx_word' id='word_1_559' title='bbox 2375 4566 2457 4599; x_wconf 90' lang='grc' dir='ltr'><strong>νοι</strong></span> <span class='ocrx_word' id='word_1_560' title='bbox 2488 4546 2604 4599; x_wconf 83' lang='grc' dir='ltr'><strong>κατ’</strong></span> <span class='ocrx_word' id='word_1_561' title='bbox 2632 4544 2800 4597; x_wconf 76' lang='grc' dir='ltr'><strong>αὑτοῦ</strong></span> <span class='ocrx_word' id='word_1_562' title='bbox 2838 4542 3013 4610; x_wconf 85' lang='grc' dir='ltr'><strong>δίκην.</strong></span> <span class='ocrx_word' id='word_1_563' title='bbox 3062 4540 3204 4608; x_wconf 63' lang='grc' dir='ltr'><strong>Πρὸς</strong></span> <span class='ocrx_word' id='word_1_564' title='bbox 3233 4537 3326 4599; x_wconf 90' lang='grc' dir='ltr'><strong>οὒς</strong></span> <span class='ocrx_word' id='word_1_565' title='bbox 3356 4534 3682 4605; x_wconf 75' lang='grc' dir='ltr'><strong>ἀπεκρίθην,</strong></span> <span class='ocrx_word' id='word_1_566' title='bbox 3711 4534 3796 4586; x_wconf 83' lang='grc' dir='ltr'><strong>ὅτι</strong></span> <span class='ocrx_word' id='word_1_567' title='bbox 3834 4534 3948 4586; x_wconf 80' lang='grc' dir='ltr'><strong>Οὐκ</strong></span> 
     </span>
    </p>
   </div>
   <div class='ocr_carea' id='block_1_88' title="bbox 702 4633 2267 4703">
    <p class='ocr_par' dir='ltr' id='par_1_88' title="bbox 702 4633 2267 4703">
     <span class='ocr_line' id='line_1_88' title="bbox 702 4633 2267 4703; baseline 0.002 -17"><span class='ocrx_word' id='word_1_568' title='bbox 702 4635 936 4703; x_wconf 80' lang='lat' dir='ltr'><strong>aliquem</strong></span> <span class='ocrx_word' id='word_1_569' title='bbox 996 4633 1301 4699; x_wconf 91' lang='lat' dir='ltr'><strong>hominem,</strong></span> <span class='ocrx_word' id='word_1_570' title='bbox 1357 4633 1671 4702; x_wconf 89' lang='lat' dir='ltr'><strong>priusquam</strong></span> <span class='ocrx_word' id='word_1_571' title='bbox 1730 4635 1778 4688; x_wconf 90' lang='lat' dir='ltr'><strong>is</strong></span> <span class='ocrx_word' id='word_1_572' title='bbox 1831 4636 1923 4703; x_wconf 85' lang='lat' dir='ltr'><strong>qui</strong></span> <span class='ocrx_word' id='word_1_573' title='bbox 1972 4646 2267 4690; x_wconf 86' lang='lat' dir='ltr'><strong>accusatur</strong></span> 
     </span>
    </p>
   </div>
   <div class='ocr_carea' id='block_1_89' title="bbox 701 4725 2264 4795">
    <p class='ocr_par' dir='ltr' id='par_1_89' title="bbox 701 4725 2264 4795">
     <span class='ocr_line' id='line_1_89' title="bbox 701 4725 2264 4795; baseline 0.001 -15"><span class='ocrx_word' id='word_1_574' title='bbox 701 4734 998 4795; x_wconf 64' lang='lat' dir='ltr'><strong>praesentes</strong></span> <span class='ocrx_word' id='word_1_575' title='bbox 1016 4725 1212 4778; x_wconf 83' lang='lat' dir='ltr'><strong>habeat</strong></span> <span class='ocrx_word' id='word_1_576' title='bbox 1242 4734 1604 4789; x_wconf 79' lang='lat' dir='ltr'><strong>accusatores,</strong></span> <span class='ocrx_word' id='word_1_577' title='bbox 1639 4726 1926 4795; x_wconf 87' lang='lat' dir='ltr'><strong>locumque</strong></span> <span class='ocrx_word' id='word_1_578' title='bbox 1965 4728 2264 4782; x_wconf 77' lang='lat' dir='ltr'><strong>defenden-</strong></span> 
     </span>
    </p>
   </div>
   <div class='ocr_carea' id='block_1_90' title="bbox 702 4816 2267 4889">
    <p class='ocr_par' dir='ltr' id='par_1_90' title="bbox 702 4816 2267 4889">
     <span class='ocr_line' id='line_1_90' title="bbox 702 4816 2267 4889; baseline 0.004 -20"><span class='ocrx_word' id='word_1_579' title='bbox 702 4818 753 4872; x_wconf 91' lang='lat' dir='ltr'><strong>di</strong></span> <span class='ocrx_word' id='word_1_580' title='bbox 788 4817 1023 4886; x_wconf 87' lang='lat' dir='ltr'><strong>accipiat</strong></span> <span class='ocrx_word' id='word_1_581' title='bbox 1078 4817 1144 4869; x_wconf 91' lang='lat' dir='ltr'><strong>ad</strong></span> <span class='ocrx_word' id='word_1_582' title='bbox 1202 4816 1473 4869; x_wconf 88' lang='lat' dir='ltr'><strong>abluenda</strong></span> <span class='ocrx_word' id='word_1_583' title='bbox 1504 4817 1761 4870; x_wconf 91' lang='lat' dir='ltr'><strong>crimina.</strong></span> <span class='ocrx_word' id='word_1_584' title='bbox 1811 4818 1945 4872; x_wconf 84' lang='lat' dir='ltr'><strong>Cum</strong></span> <span class='ocrx_word' id='word_1_585' title='bbox 1977 4834 2108 4889; x_wconf 89' lang='lat' dir='ltr'><strong>ergo</strong></span> <span class='ocrx_word' id='word_1_586' title='bbox 2159 4820 2267 4875; x_wconf 86' lang='lat' dir='ltr'><strong>huc</strong></span> 
     </span>
    </p>
   </div>
   <div class='ocr_carea' id='block_1_91' title="bbox 703 4908 2269 4978">
    <p class='ocr_par' dir='ltr' id='par_1_91' title="bbox 703 4908 2269 4978">
     <span class='ocr_line' id='line_1_91' title="bbox 703 4908 2269 4978; baseline 0.003 -16"><span class='ocrx_word' id='word_1_587' title='bbox 703 4912 1096 4963; x_wconf 81' lang='lat' dir='ltr'><strong>convenissent</strong></span> <span class='ocrx_word' id='word_1_588' title='bbox 1149 4908 1269 4962; x_wconf 90' lang='lat' dir='ltr'><strong>sine</strong></span> <span class='ocrx_word' id='word_1_589' title='bbox 1296 4908 1403 4960; x_wconf 87' lang='lat' dir='ltr'><strong>ulla</strong></span> <span class='ocrx_word' id='word_1_590' title='bbox 1437 4908 1720 4974; x_wconf 89' lang='lat' dir='ltr'><strong>dilatione,</strong></span> <span class='ocrx_word' id='word_1_591' title='bbox 1770 4914 2020 4978; x_wconf 74' lang='lat' dir='ltr'><strong>sequenti</strong></span> <span class='ocrx_word' id='word_1_592' title='bbox 2049 4911 2136 4965; x_wconf 88' lang='lat' dir='ltr'><strong>die</strong></span> <span class='ocrx_word' id='word_1_593' title='bbox 2183 4927 2269 4967; x_wconf 90' lang='lat' dir='ltr'><strong>se-</strong></span> 
     </span>
    </p>
   </div>
   <div class='ocr_carea' id='block_1_92' title="bbox 704 4999 2266 5072">
    <p class='ocr_par' dir='ltr' id='par_1_92' title="bbox 704 4999 2266 5072">
     <span class='ocr_line' id='line_1_92' title="bbox 704 4999 2266 5072; baseline 0.003 -18"><span class='ocrx_word' id='word_1_594' title='bbox 704 5002 838 5055; x_wconf 88' lang='lat' dir='ltr'><strong>dens</strong></span> <span class='ocrx_word' id='word_1_595' title='bbox 889 5016 985 5069; x_wconf 89' lang='lat' dir='ltr'><strong>pro</strong></span> <span class='ocrx_word' id='word_1_596' title='bbox 1017 5000 1296 5065; x_wconf 89' lang='lat' dir='ltr'><strong>tribunali,</strong></span> <span class='ocrx_word' id='word_1_597' title='bbox 1322 4999 1462 5068; x_wconf 81' lang='lat' dir='ltr'><strong>jussi</strong></span> <span class='ocrx_word' id='word_1_598' title='bbox 1493 5000 1618 5053; x_wconf 92' lang='lat' dir='ltr'><strong>duci</strong></span> <span class='ocrx_word' id='word_1_599' title='bbox 1672 5000 1869 5055; x_wconf 87' lang='lat' dir='ltr'><strong>virum.</strong></span> <span class='ocrx_word' id='word_1_600' title='bbox 1891 5000 1966 5057; x_wconf 88' lang='lat' dir='ltr'><strong>De</strong></span> <span class='ocrx_word' id='word_1_601' title='bbox 1998 5018 2110 5072; x_wconf 77' lang='lat' dir='ltr'><strong>quo</strong></span> <span class='ocrx_word' id='word_1_602' title='bbox 2142 5018 2266 5059; x_wconf 89' lang='lat' dir='ltr'><strong>cum</strong></span> 
     </span>
    </p>
   </div>
   <div class='ocr_carea' id='block_1_93' title="bbox 706 5091 2268 5160">
    <p class='ocr_par' dir='ltr' id='par_1_93' title="bbox 706 5091 2268 5160">
     <span class='ocr_line' id='line_1_93' title="bbox 706 5091 2268 5160; baseline 0.001 -15"><span class='ocrx_word' id='word_1_603' title='bbox 706 5092 1397 5154; x_wconf 54' lang='lat' dir='ltr'><strong>stetissent‘musator&#39;es,</strong></span> <span class='ocrx_word' id='word_1_604' title='bbox 1429 5091 1630 5144; x_wconf 85' lang='lat' dir='ltr'><strong>nullam</strong></span> <span class='ocrx_word' id='word_1_605' title='bbox 1662 5105 1883 5145; x_wconf 78' lang='lat' dir='ltr'><strong>causam</strong></span> <span class='ocrx_word' id='word_1_606' title='bbox 1927 5092 2268 5160; x_wconf 79' lang='lat' dir='ltr'><strong>deferebant,</strong></span> 
     </span>
    </p>
   </div>
   <div class='ocr_carea' id='block_1_94' title="bbox 704 5181 2269 5253">
    <p class='ocr_par' dir='ltr' id='par_1_94' title="bbox 704 5181 2269 5253">
     <span class='ocr_line' id='line_1_94' title="bbox 704 5181 2269 5253; baseline 0.003 -16"><span class='ocrx_word' id='word_1_607' title='bbox 704 5186 771 5238; x_wconf 86' lang='lat' dir='ltr'><strong>de</strong></span> <span class='ocrx_word' id='word_1_608' title='bbox 798 5183 997 5253; x_wconf 84' lang='lat' dir='ltr'><strong>quibus</strong></span> <span class='ocrx_word' id='word_1_609' title='bbox 1025 5197 1123 5251; x_wconf 86' lang='lat' dir='ltr'><strong>ego</strong></span> <span class='ocrx_word' id='word_1_610' title='bbox 1144 5181 1738 5251; x_wconf 76' lang='lat' dir='ltr'><strong>suspicabar,-malam.</strong></span> <span class='ocrx_word' id='word_1_611' title='bbox 1764 5181 2105 5249; x_wconf 60' lang='lat' dir='ltr'><strong>Questioues</strong></span> <span class='ocrx_word' id='word_1_612' title='bbox 2136 5202 2269 5241; x_wconf 82' lang='lat' dir='ltr'><strong>vero</strong></span> 
     </span>
    </p>
   </div>
   <div class='ocr_carea' id='block_1_95' title="bbox 706 5273 2273 5345">
    <p class='ocr_par' dir='ltr' id='par_1_95' title="bbox 706 5273 2273 5345">
     <span class='ocr_line' id='line_1_95' title="bbox 706 5273 2273 5345; baseline 0.002 -17"><span class='ocrx_word' id='word_1_613' title='bbox 706 5273 969 5345; x_wconf 87' lang='lat' dir='ltr'><strong>quasdam</strong></span> <span class='ocrx_word' id='word_1_614' title='bbox 1018 5274 1085 5328; x_wconf 90' lang='lat' dir='ltr'><strong>de</strong></span> <span class='ocrx_word' id='word_1_615' title='bbox 1129 5289 1224 5327; x_wconf 88' lang='lat' dir='ltr'><strong>sua</strong></span> <span class='ocrx_word' id='word_1_616' title='bbox 1275 5274 1665 5343; x_wconf 84' lang='lat' dir='ltr'><strong>superstitione</strong></span> <span class='ocrx_word' id='word_1_617' title='bbox 1710 5275 1982 5329; x_wconf 89' lang='lat' dir='ltr'><strong>habebant</strong></span> <span class='ocrx_word' id='word_1_618' title='bbox 2008 5277 2273 5331; x_wconf 86' lang='lat' dir='ltr'><strong>adversus</strong></span> 
     </span>
    </p>
   </div>
   <div class='ocr_carea' id='block_1_96' title="bbox 709 5367 2274 5440">
    <p class='ocr_par' dir='ltr' id='par_1_96' title="bbox 709 5367 2274 5440">
     <span class='ocr_line' id='line_1_96' title="bbox 709 5367 2274 5440; baseline 0.002 -17"><span class='ocrx_word' id='word_1_619' title='bbox 709 5386 858 5429; x_wconf 86' lang='lat' dir='ltr'><strong>eum,</strong></span> <span class='ocrx_word' id='word_1_620' title='bbox 885 5377 938 5423; x_wconf 86' lang='lat' dir='ltr'><strong>et</strong></span> <span class='ocrx_word' id='word_1_621' title='bbox 968 5372 1035 5421; x_wconf 84' lang='lat' dir='ltr'><strong>de</strong></span> <span class='ocrx_word' id='word_1_622' title='bbox 1066 5368 1301 5438; x_wconf 79' lang='lat' dir='ltr'><strong>qundam</strong></span> <span class='ocrx_word' id='word_1_623' title='bbox 1367 5367 1494 5422; x_wconf 83' lang='lat' dir='ltr'><strong>Jesu</strong></span> <span class='ocrx_word' id='word_1_624' title='bbox 1538 5368 1821 5433; x_wconf 91' lang='lat' dir='ltr'><strong>defuncto,</strong></span> <span class='ocrx_word' id='word_1_625' title='bbox 1851 5385 2010 5440; x_wconf 88' lang='lat' dir='ltr'><strong>quem</strong></span> <span class='ocrx_word' id='word_1_626' title='bbox 2042 5371 2274 5427; x_wconf 80' lang='lat' dir='ltr'><strong>aﬂirma-</strong></span> 
     </span>
    </p>
   </div>
   <div class='ocr_carea' id='block_1_97' title="bbox 712 5462 1255 5515">
    <p class='ocr_par' dir='ltr' id='par_1_97' title="bbox 712 5462 1255 5515">
     <span class='ocr_line' id='line_1_97' title="bbox 712 5462 1255 5515; baseline -0.006 -1"><span class='ocrx_word' id='word_1_627' title='bbox 712 5464 794 5514; x_wconf 83' lang='lat' dir='ltr'><strong>bat</strong></span> <span class='ocrx_word' id='word_1_628' title='bbox 821 5462 1020 5515; x_wconf 86' lang='lat' dir='ltr'><strong>Paulus</strong></span> <span class='ocrx_word' id='word_1_629' title='bbox 1054 5462 1255 5514; x_wconf 78' lang='lat' dir='ltr'><strong>vivere.</strong></span> 
     </span>
    </p>
   </div>
   <div class='ocr_carea' id='block_1_98' title="bbox 2376 4625 3948 4703">
    <p class='ocr_par' dir='ltr' id='par_1_98' title="bbox 2376 4625 3948 4703">
     <span class='ocr_line' id='line_1_98' title="bbox 2376 4625 3948 4703; baseline -0.011 -11"><span class='ocrx_word' id='word_1_630' title='bbox 2376 4640 2522 4691; x_wconf 75' lang='grc' dir='ltr'><strong>ἔστιν</strong></span> <span class='ocrx_word' id='word_1_631' title='bbox 2543 4637 2661 4699; x_wconf 76' lang='grc' dir='ltr'><strong>ἔθος</strong></span> <span class='ocrx_word' id='word_1_632' title='bbox 2703 4633 2992 4703; x_wconf 87' lang='grc' dir='ltr'><strong>Ῥωμαίοις</strong></span> <span class='ocrx_word' id='word_1_633' title='bbox 3038 4628 3362 4700; x_wconf 81' lang='grc' dir='ltr'><strong>χαρίζεσθαί</strong></span> <span class='ocrx_word' id='word_1_634' title='bbox 3405 4643 3525 4679; x_wconf 85' lang='grc' dir='ltr'><strong>τινα</strong></span> <span class='ocrx_word' id='word_1_635' title='bbox 3556 4625 3845 4694; x_wconf 79' lang='grc' dir='ltr'><strong>ἄνθρωπον</strong></span> <span class='ocrx_word' id='word_1_636' title='bbox 3870 4625 3948 4686; x_wconf 78' lang='grc' dir='ltr'><strong>είς</strong></span> 
     </span>
    </p>
   </div>
   <div class='ocr_carea' id='block_1_99' title="bbox 2374 4716 3947 4796">
    <p class='ocr_par' dir='ltr' id='par_1_99' title="bbox 2374 4716 3947 4796">
     <span class='ocr_line' id='line_1_99' title="bbox 2374 4716 3947 4796; baseline -0.012 -12"><span class='ocrx_word' id='word_1_637' title='bbox 2374 4730 2672 4791; x_wconf 82' lang='grc' dir='ltr'><strong>ἀπώλειαν,</strong></span> <span class='ocrx_word' id='word_1_638' title='bbox 2702 4727 2833 4796; x_wconf 80' lang='grc' dir='ltr'><strong>πρὶν</strong></span> <span class='ocrx_word' id='word_1_639' title='bbox 2858 4725 2898 4795; x_wconf 77' lang='grc' dir='ltr'>ἢ</span> <span class='ocrx_word' id='word_1_640' title='bbox 2928 4727 2955 4777; x_wconf 90' lang='grc' dir='ltr'><strong>ό</strong></span> <span class='ocrx_word' id='word_1_641' title='bbox 2986 4720 3461 4791; x_wconf 81' lang='grc' dir='ltr'><strong>κατηγορούμενος</strong></span> <span class='ocrx_word' id='word_1_642' title='bbox 3490 4716 3629 4770; x_wconf 81' lang='grc' dir='ltr'><strong>κατὰ</strong></span> <span class='ocrx_word' id='word_1_643' title='bbox 3652 4716 3947 4783; x_wconf 84' lang='grc' dir='ltr'><strong>πρόσωπον</strong></span> 
     </span>
    </p>
   </div>
   <div class='ocr_carea' id='block_1_100' title="bbox 2374 4807 3947 4892">
    <p class='ocr_par' dir='ltr' id='par_1_100' title="bbox 2374 4807 3947 4892">
     <span class='ocr_line' id='line_1_100' title="bbox 2374 4807 3947 4892; baseline -0.01 -17"><span class='ocrx_word' id='word_1_644' title='bbox 2374 4823 2489 4892; x_wconf 76' lang='grc' dir='ltr'><strong>ἔχοι</strong></span> <span class='ocrx_word' id='word_1_645' title='bbox 2542 4822 2678 4881; x_wconf 86' lang='grc' dir='ltr'><strong>τοὺς</strong></span> <span class='ocrx_word' id='word_1_646' title='bbox 2719 4818 3094 4886; x_wconf 81' lang='grc' dir='ltr'><strong>κατηγόρους,</strong></span> <span class='ocrx_word' id='word_1_647' title='bbox 3146 4814 3313 4865; x_wconf 79' lang='grc' dir='ltr'><strong>τόπον</strong></span> <span class='ocrx_word' id='word_1_648' title='bbox 3346 4829 3403 4863; x_wconf 90' lang='grc' dir='ltr'><strong>τε</strong></span> <span class='ocrx_word' id='word_1_649' title='bbox 3455 4809 3751 4875; x_wconf 81' lang='grc' dir='ltr'><strong>ἀπολογίας</strong></span> <span class='ocrx_word' id='word_1_650' title='bbox 3789 4807 3947 4861; x_wconf 80' lang='grc' dir='ltr'><strong>λάϐοι</strong></span> 
     </span>
    </p>
   </div>
   <div class='ocr_carea' id='block_1_101' title="bbox 2376 4893 3944 4982">
    <p class='ocr_par' dir='ltr' id='par_1_101' title="bbox 2376 4893 3944 4982">
     <span class='ocr_line' id='line_1_101' title="bbox 2376 4893 3944 4982; baseline -0.014 -17"><span class='ocrx_word' id='word_1_651' title='bbox 2376 4909 2619 4982; x_wconf 77' lang='grc' dir='ltr'><strong>περὶτοῦ</strong></span> <span class='ocrx_word' id='word_1_652' title='bbox 2647 4909 2813 4977; x_wconf 75' lang='grc' dir='ltr'><strong>ἔγκλή</strong></span> <span class='ocrx_word' id='word_1_653' title='bbox 2824 4922 3011 4976; x_wconf 78' lang='grc' dir='ltr'><strong>ματος.</strong></span> <span class='ocrx_word' id='word_1_654' title='bbox 3046 4900 3418 4954; x_wconf 81' lang='grc' dir='ltr'><strong>Συνελθόντων</strong></span> <span class='ocrx_word' id='word_1_655' title='bbox 3439 4898 3497 4949; x_wconf 80' lang='grc' dir='ltr'><strong>δὲ</strong></span> <span class='ocrx_word' id='word_1_656' title='bbox 3524 4896 3707 4949; x_wconf 74' lang='grc' dir='ltr'><strong>αὐτῶν</strong></span> <span class='ocrx_word' id='word_1_657' title='bbox 3732 4893 3944 4953; x_wconf 74' lang='grc' dir='ltr'><strong>ἐνθάδε,</strong></span> 
     </span>
    </p>
   </div>
   <div class='ocr_carea' id='block_1_102' title="bbox 2376 4984 3949 5071">
    <p class='ocr_par' dir='ltr' id='par_1_102' title="bbox 2376 4984 3949 5071">
     <span class='ocr_line' id='line_1_102' title="bbox 2376 4984 3949 5071; baseline -0.014 -13"><span class='ocrx_word' id='word_1_658' title='bbox 2376 5001 2653 5071; x_wconf 78' lang='grc' dir='ltr'><strong>ἀναϐολὴν</strong></span> <span class='ocrx_word' id='word_1_659' title='bbox 2693 4997 2963 5069; x_wconf 82' lang='grc' dir='ltr'><strong>μηδεμίαν</strong></span> <span class='ocrx_word' id='word_1_660' title='bbox 2995 4994 3394 5063; x_wconf 84' lang='grc' dir='ltr'><strong>ποιησάμενος,</strong></span> <span class='ocrx_word' id='word_1_661' title='bbox 3438 4991 3503 5057; x_wconf 80' lang='grc' dir='ltr'><strong>τῇ</strong></span> <span class='ocrx_word' id='word_1_662' title='bbox 3547 4986 3677 5054; x_wconf 81' lang='grc' dir='ltr'><strong>ἑξῆς</strong></span> <span class='ocrx_word' id='word_1_663' title='bbox 3714 4984 3949 5044; x_wconf 79' lang='grc' dir='ltr'><strong>καθίσας</strong></span> 
     </span>
    </p>
   </div>
   <div class='ocr_carea' id='block_1_103' title="bbox 2375 5075 3951 5162">
    <p class='ocr_par' dir='ltr' id='par_1_103' title="bbox 2375 5075 3951 5162">
     <span class='ocr_line' id='line_1_103' title="bbox 2375 5075 3951 5162; baseline -0.015 -14"><span class='ocrx_word' id='word_1_664' title='bbox 2375 5096 2470 5149; x_wconf 73' lang='grc' dir='ltr'><strong>ἐπὶ</strong></span> <span class='ocrx_word' id='word_1_665' title='bbox 2498 5092 2593 5147; x_wconf 80' lang='grc' dir='ltr'><strong>τοῦ</strong></span> <span class='ocrx_word' id='word_1_666' title='bbox 2626 5092 2889 5162; x_wconf 85' lang='grc' dir='ltr'><strong>βήματος,</strong></span> <span class='ocrx_word' id='word_1_667' title='bbox 2920 5086 3183 5139; x_wconf 80' lang='grc' dir='ltr'><strong>ἐκέλευσα</strong></span> <span class='ocrx_word' id='word_1_668' title='bbox 3214 5083 3447 5152; x_wconf 75' lang='grc' dir='ltr'><strong>ἀχθῆναι</strong></span> <span class='ocrx_word' id='word_1_669' title='bbox 3476 5078 3568 5131; x_wconf 79' lang='grc' dir='ltr'><strong>τὸν</strong></span> <span class='ocrx_word' id='word_1_670' title='bbox 3594 5077 3790 5144; x_wconf 75' lang='grc' dir='ltr'><strong>ἄνδρα.</strong></span> <span class='ocrx_word' id='word_1_671' title='bbox 3815 5075 3951 5143; x_wconf 77' lang='grc' dir='ltr'><strong>Περὶ</strong></span> 
     </span>
    </p>
   </div>
   <div class='ocr_carea' id='block_1_104' title="bbox 2374 5169 3951 5249">
    <p class='ocr_par' dir='ltr' id='par_1_104' title="bbox 2374 5169 3951 5249">
     <span class='ocr_line' id='line_1_104' title="bbox 2374 5169 3951 5249; baseline -0.015 -9"><span class='ocrx_word' id='word_1_672' title='bbox 2374 5184 2436 5240; x_wconf 69' lang='grc' dir='ltr'><strong>οὗ</strong></span> <span class='ocrx_word' id='word_1_673' title='bbox 2471 5185 2761 5244; x_wconf 82' lang='grc' dir='ltr'><strong>σταθέντες</strong></span> <span class='ocrx_word' id='word_1_674' title='bbox 2808 5181 2855 5233; x_wconf 83' lang='grc' dir='ltr'><strong>οἱ</strong></span> <span class='ocrx_word' id='word_1_675' title='bbox 2888 5182 3207 5249; x_wconf 81' lang='grc' dir='ltr'><strong>κατήγοροι,</strong></span> <span class='ocrx_word' id='word_1_676' title='bbox 3238 5173 3493 5242; x_wconf 73' lang='grc' dir='ltr'><strong>οὐδεμίαν</strong></span> <span class='ocrx_word' id='word_1_677' title='bbox 3522 5169 3705 5223; x_wconf 82' lang='grc' dir='ltr'><strong>αἰτίαν</strong></span> <span class='ocrx_word' id='word_1_678' title='bbox 3748 5169 3951 5234; x_wconf 76' lang='grc' dir='ltr'><strong>ἐπέφε-</strong></span> 
     </span>
    </p>
   </div>
   <div class='ocr_carea' id='block_1_105' title="bbox 2380 5259 3953 5349">
    <p class='ocr_par' dir='ltr' id='par_1_105' title="bbox 2380 5259 3953 5349">
     <span class='ocr_line' id='line_1_105' title="bbox 2380 5259 3953 5349; baseline -0.015 -19"><span class='ocrx_word' id='word_1_679' title='bbox 2380 5296 2469 5349; x_wconf 90' lang='grc' dir='ltr'><strong>ρον</strong></span> <span class='ocrx_word' id='word_1_680' title='bbox 2516 5275 2638 5328; x_wconf 88' lang='grc' dir='ltr'><strong>κατ’</strong></span> <span class='ocrx_word' id='word_1_681' title='bbox 2677 5271 2867 5330; x_wconf 83' lang='grc' dir='ltr'><strong>αὑτοῦ,</strong></span> <span class='ocrx_word' id='word_1_682' title='bbox 2907 5263 2981 5320; x_wconf 83' lang='grc' dir='ltr'><strong>ὧν</strong></span> <span class='ocrx_word' id='word_1_683' title='bbox 3014 5268 3126 5334; x_wconf 75' lang='grc' dir='ltr'><strong>ἐγὼ</strong></span> <span class='ocrx_word' id='word_1_684' title='bbox 3156 5265 3418 5319; x_wconf 79' lang='grc' dir='ltr'><strong>ὑπενόουν</strong></span> <span class='ocrx_word' id='word_1_685' title='bbox 3449 5261 3713 5330; x_wconf 81' lang='grc' dir='ltr'><strong>πονηράν.</strong></span> <span class='ocrx_word' id='word_1_686' title='bbox 3773 5259 3953 5327; x_wconf 71' lang='grc' dir='ltr'><strong>Ζητή·</strong></span> 
     </span>
    </p>
   </div>
   <div class='ocr_carea' id='block_1_106' title="bbox 2382 5345 3954 5436">
    <p class='ocr_par' dir='ltr' id='par_1_106' title="bbox 2382 5345 3954 5436">
     <span class='ocr_line' id='line_1_106' title="bbox 2382 5345 3954 5436; baseline -0.015 -16"><span class='ocrx_word' id='word_1_687' title='bbox 2382 5345 2526 5436; x_wconf 81' lang='grc' dir='ltr'><strong>ματα</strong></span> <span class='ocrx_word' id='word_1_688' title='bbox 2566 5365 2621 5417; x_wconf 76' lang='grc' dir='ltr'><strong>δέ</strong></span> <span class='ocrx_word' id='word_1_689' title='bbox 2652 5379 2774 5414; x_wconf 88' lang='grc' dir='ltr'><strong>τινα</strong></span> <span class='ocrx_word' id='word_1_690' title='bbox 2814 5362 2943 5430; x_wconf 72' lang='grc' dir='ltr'><strong>περὶ</strong></span> <span class='ocrx_word' id='word_1_691' title='bbox 2990 5360 3090 5427; x_wconf 77' lang='grc' dir='ltr'><strong>τῆς</strong></span> <span class='ocrx_word' id='word_1_692' title='bbox 3141 5357 3276 5419; x_wconf 82' lang='grc' dir='ltr'><strong>ἰδίας</strong></span> <span class='ocrx_word' id='word_1_693' title='bbox 3324 5349 3747 5419; x_wconf 81' lang='grc' dir='ltr'><strong>δεισιδαιμονίας</strong></span> <span class='ocrx_word' id='word_1_694' title='bbox 3805 5345 3954 5416; x_wconf 82' lang='grc' dir='ltr'><strong>εἶχον</strong></span> 
     </span>
    </p>
   </div>
   <div class='ocr_carea' id='block_1_107' title="bbox 2382 5442 3961 5528">
    <p class='ocr_par' dir='ltr' id='par_1_107' title="bbox 2382 5442 3961 5528">
     <span class='ocr_line' id='line_1_107' title="bbox 2382 5442 3961 5528; baseline -0.013 -17"><span class='ocrx_word' id='word_1_695' title='bbox 2382 5462 2517 5528; x_wconf 67' lang='grc' dir='ltr'><strong>πρὸς</strong></span> <span class='ocrx_word' id='word_1_696' title='bbox 2566 5457 2747 5519; x_wconf 77' lang='grc' dir='ltr'><strong>αὐτὸν,</strong></span> <span class='ocrx_word' id='word_1_697' title='bbox 2792 5455 2886 5506; x_wconf 74' lang='grc' dir='ltr'><strong>καὶ</strong></span> <span class='ocrx_word' id='word_1_698' title='bbox 2928 5452 3053 5521; x_wconf 88' lang='grc' dir='ltr'><strong>περί</strong></span> <span class='ocrx_word' id='word_1_699' title='bbox 3096 5467 3240 5514; x_wconf 88' lang='grc' dir='ltr'><strong>τινος</strong></span> <span class='ocrx_word' id='word_1_700' title='bbox 3295 5444 3470 5517; x_wconf 81' lang='grc' dir='ltr'><strong>Ἰησοῦ</strong></span> <span class='ocrx_word' id='word_1_701' title='bbox 3513 5442 3871 5513; x_wconf 79' lang='grc' dir='ltr'><strong>τεθνηκότος,</strong></span> <span class='ocrx_word' id='word_1_702' title='bbox 3896 5442 3961 5492; x_wconf 76' lang='grc' dir='ltr'><strong>ὃν</strong></span> 
     </span>
    </p>
   </div>
   <div class='ocr_carea' id='block_1_108' title="bbox 2383 5542 3079 5619">
    <p class='ocr_par' dir='ltr' id='par_1_108' title="bbox 2383 5542 3079 5619">
     <span class='ocr_line' id='line_1_108' title="bbox 2383 5542 3079 5619; baseline -0.01 -19"><span class='ocrx_word' id='word_1_703' title='bbox 2383 5551 2617 5619; x_wconf 65' lang='grc' dir='ltr'><strong>ἔφασκεν</strong></span> <span class='ocrx_word' id='word_1_704' title='bbox 2659 5549 2684 5600; x_wconf 79' lang='grc' dir='ltr'>ὁ</span> <span class='ocrx_word' id='word_1_705' title='bbox 2724 5543 2933 5605; x_wconf 77' lang='grc' dir='ltr'><strong>ιιαῦλος</strong></span> <span class='ocrx_word' id='word_1_706' title='bbox 2959 5542 3079 5611; x_wconf 75' lang='grc' dir='ltr'><strong>ζῇν.</strong></span> 
     </span>
    </p>
   </div>
   <div class='ocr_carea' id='block_1_109' title="bbox 2006 5727 2627 5821">
    <p class='ocr_par' dir='ltr' id='par_1_109' title="bbox 2006 5727 2627 5821">
     <span class='ocr_line' id='line_1_109' title="bbox 2006 5727 2627 5821; baseline -0.003 -34"><span class='ocrx_word' id='word_1_707' title='bbox 2006 5810 2013 5821; x_wconf 30' lang='grc'>.</span> <span class='ocrx_word' id='word_1_708' title='bbox 2068 5728 2267 5788; x_wconf 76' lang='lat' dir='ltr'><strong>Varia:</strong></span> <span class='ocrx_word' id='word_1_709' title='bbox 2296 5727 2627 5790; x_wconf 79' lang='lat' dir='ltr'><strong>lectiones.</strong></span> 
     </span>
    </p>
   </div>
   <div class='ocr_carea' id='block_1_110' title="bbox 791 5847 1575 5918">
    <p class='ocr_par' dir='ltr' id='par_1_110' title="bbox 791 5847 1575 5918">
     <span class='ocr_line' id='line_1_110' title="bbox 791 5847 1575 5918; baseline -0.004 -15"><span class='ocrx_word' id='word_1_710' title='bbox 791 5854 832 5881; x_wconf 69' lang='grc' dir='ltr'><strong>υ</strong></span> <span class='ocrx_word' id='word_1_711' title='bbox 860 5852 917 5902; x_wconf 81' lang='grc' dir='ltr'><strong>τὸ</strong></span> <span class='ocrx_word' id='word_1_712' title='bbox 944 5847 1116 5912; x_wconf 74' lang='grc' dir='ltr'><strong>δόξαν.</strong></span> <span class='ocrx_word' id='word_1_713' title='bbox 1196 5854 1238 5880; x_wconf 62' lang='grc' dir='ltr'>η</span> <span class='ocrx_word' id='word_1_714' title='bbox 1267 5854 1575 5918; x_wconf 75' lang='grc' dir='ltr'><strong>ἀνεφίκτου.</strong></span> 
     </span>
    </p>
   </div>
  </div>
