4164 6444
649 422 784 482 1043

1583 429 2155 490 THEOPHYLACTI
2197 432 2443 491 BULGA
2456 435 2604 493 RI/E
2642 438 2998 497 ARCHIEP.

3746 434 3879 505 1044

639 536 715 588 De
748 550 854 604 qua
884 550 983 605 Spe
1010 549 1243 590 accusor
1276 554 1304 590 a
1329 536 1556 602 Judaeis,
1614 556 1727 594 rex.
1762 539 1901 605 Quid
1965 542 2199 595 incredi—

2319 545 2520 629 ἡμέραν
2555 547 2818 616 λατρεῦον
2857 547 3068 613 ἐλπίζει
3103 550 3462 619 καταντῆσαι.
3518 550 3653 618 Περὶ
3684 545 3751 620 ἧς
3792 552 3885 601 ἐλ-

643 627 750 680 bile
778 627 1057 695 judicatur
1086 626 1227 695 apud
1252 643 1369 692 vos,
1400 630 1446 682 si
1484 630 1628 685 Deus
1660 641 1908 687 mortuos
1939 633 2209 687 suscitat?

643 720 708 771 lit
737 734 839 787 ego
868 718 1089 788 quidem
1146 720 1609 787 existimaveram,
1639 738 1723 776 me
1752 724 2016 779 adversus
2040 724 2202 795 307

642 826 840 865 nomen
924 809 1055 865 Jesu
1119 810 1388 866 Nazareni
1442 815 1641 868 debere
1702 816 1875 870 multo
1932 817 2206 870 contraria

641 917 843 971 agere:
877 903 1021 969 quod
1050 910 1103 957 et
1136 904 1236 959 feci
1261 904 1641 975 Jerosolymis,
1673 918 1729 968 et
1756 909 1955 963 multos
1990 918 2212 963 sancto-

641 1012 760 1049 rum
784 1012 887 1067 ego
919 998 970 1049 in
999 998 1313 1053 carceribus
1358 998 1579 1065 iﬂtlllSl,
1629 1018 1657 1053 a
1726 1000 2064 1070 principibus
2124 1018 2212 1057 sa-

641 1089 924 1142 cerdotum
956 1097 1227 1159 potestate
1281 1098 1551 1159 accepta;
1608 1102 1661 1145 et
1727 1106 1850 1144 cum
1892 1093 2210 1147 occideren-

641 1187 750 1241 tur,
778 1176 948 1232 detuli
995 1162 1345 1234 sententiam.
1384 1180 1448 1232 Et
1483 1196 1580 1250 per
1632 1196 1822 1236 omnes
1899 1197 2210 1253 synagogas

647 1270 967 1339 frequenter
1000 1270 1236 1338 puniens
1265 1286 1383 1333 eos,
1425 1272 1813 1341 minipellebam
1871 1275 2213 1342 blasphema-

641 1376 732 1426 re;
765 1368 821 1416 et
857 1361 1096 1430 amplius
1135 1361 1416 1415 insaniens
1442 1363 1496 1417 in
1536 1377 1655 1425 eos,
1707 1366 2076 1434 persequebar
2113 1382 2208 1420 us—

642 1468 752 1522 que
780 1453 836 1507 in
866 1463 1085 1508 exteras
1108 1454 1379 1509 civitates.
1414 1453 1473 1508 ln
1522 1455 1724 1524 quibus
1757 1457 1885 1509 dum
1939 1458 2070 1510 irem
2106 1457 2211 1510 Da-

642 1560 887 1603 mascum
933 1561 1057 1601 eum
1128 1553 1395 1615 potestate
1447 1556 1501 1600 et
1554 1549 1825 1615 permissu
1904 1549 2209 1618 principum

641 1640 1008 1700 sacerdotum,
1045 1638 1133 1693 die
1193 1639 1368 1693 media
1404 1640 1457 1691 in
1522 1639 1607 1692 via
1641 1640 1768 1703 vidi,
1810 1658 1927 1703 rex,
1955 1642 2023 1696 de
2073 1646 2213 1697 caelo

650 1729 1192 1799 suprasplendorem
1246 1730 1378 1783 solis
1409 1729 1848 1785 circumfulsisse
1888 1749 1972 1787 me
2007 1734 2210 1797 lumen,

643 1832 697 1875 rt
721 1837 817 1877 eos
860 1822 954 1891 qui
987 1837 1195 1877 mecum
1224 1823 1387 1878 simul
1410 1834 1585 1877 erant.
1607 1823 1917 1893 Omnesque
1947 1840 2047 1881 nos
2087 1842 2210 1880 cum

644 1914 1043 1970 decidissemus
1066 1917 1119 1967 in
1158 1924 1380 1974 terram,
1443 1915 1625 1968 audivi
1659 1931 1842 1969 vocem
1899 1916 2209 1985 lecluentem

643 2009 776 2062 mihi
803 2006 1070 2061 Hebraica
1100 2007 1283 2076 lingua
1310 2024 1324 2059 :
1361 2006 1546 2071 Saule,
1574 2007 1758 2071 Saule,
1790 2008 1920 2076 quid
1950 2024 2038 2063 me
2085 2024 2211 2078 pcr—

641 2100 936 2170 sequeris?
980 2100 1180 2154 durum
1214 2108 1299 2155 est
1350 2099 1450 2153 tibi
1502 2108 1695 2154 contra
1771 2101 2054 2154 stimulum
2096 2101 2212 2154 cal-

644 2196 865 2247 citrare.
900 2191 1012 2262 Ego
1043 2200 1223 2245 autem
1250 2191 1360 2245 dixi
1392 2191 1561 2256 :Quis
1585 2200 1691 2255 est,
1726 2191 1953 2245 Domine
1982 2192 2213 2247 ?Domi-

645 2302 750 2340 nus
779 2295 960 2338 autem
993 2285 1132 2337 dixit
1169 2299 1184 2335 ι
1222 2283 1332 2350 Ego
1367 2298 1487 2337 sum
1517 2282 1679 2337 Jesus
1717 2298 1877 2353 quem
1910 2291 1967 2337 tu
2024 2299 2211 2353 perse-

644 2377 853 2448 queris.
884 2375 991 2431 Sed
1027 2390 1287 2443 exsurge,
1319 2383 1374 2428 et
1405 2384 1486 2428 sta
1518 2389 1682 2443 super
1710 2375 1873 2443 pedes
1932 2383 2056 2429 tuos
2091 2395 2102 2428 :
2143 2375 2211 2429 ad

646 2472 753 2525 hoc
783 2470 928 2523 enim
960 2468 1189 2537 apparui
1225 2466 1347 2530 tibi,
1382 2475 1440 2519 ut
1466 2467 1797 2521 constituam
1829 2476 1879 2518 te
1900 2466 2209 2520 ministrum

643 2572 699 2618 et
749 2570 942 2617 testem
995 2574 1182 2615 eorum
1242 2575 1364 2627 qua:
1414 2557 1615 2622 vidisti,
1669 2565 1723 2612 et
1765 2573 1953 2613 eorum
2010 2557 2213 2626 quibus

647 2653 923 2724 apparebo
946 2652 1068 2717 tibi,
1102 2651 1342 2717 eripiens
1378 2658 1432 2703 te
1462 2649 1530 2704 de
1566 2649 1788 2719 populo,
1842 2658 1898 2703 et
1934 2649 2210 2719 gentibus,

648 2747 703 2800 in
739 2760 877 2815 quas
917 2759 1065 2799 nunc
1095 2757 1197 2811 ego
1231 2741 1393 2795 mitto
1423 2752 1498 2804 te,
1525 2741 1748 2809 aperire
1777 2741 1969 2795 oculos
1992 2754 2208 2803 eorum,

650 2845 713 2890 ut
743 2843 1139 2891 convertantur
1169 2849 1197 2887 a
1233 2833 1478 2888 tenebris
1502 2834 1567 2886 ad
1602 2833 1803 2897 lucem,
1834 2842 1886 2886 et
1915 2832 1983 2885 de
2035 2844 2217 2900 potes-

650 2935 760 2979 tate
795 2922 1016 2978 Satana:
1043 2924 1112 2978 ad
1145 2924 1335 2987 Deum,
1397 2932 1455 2975 ut
1488 2921 1759 2991 accipiant
1824 2922 2211 2975 remissionem

649 3026 997 3083 peccatorum
1048 3024 1103 3072 et
1154 3023 1357 3070 sortem
1412 3015 1555 3069 inter
1602 3022 1825 3069 sanctos
1880 3028 1975 3083 per
2030 3014 2210 3078 ﬁdem,

649 3124 770 3180 quze
800 3118 886 3165 est
911 3110 963 3163 in
996 3124 1101 3167 me.
1135 3108 1312 3175 Unde,
1354 3123 1450 3162 rex
1493 3108 1751 3178 Agrippa,
1783 3120 1891 3161 non
1924 3104 2001 3159 l'ui
2033 3106 2211 3160 incre-

2313 636 2461 698 πίδος
2501 638 2834 709 ἐγκαλοῦμαι
2880 640 2987 692 ὑπὸ
3030 640 3317 701 Ἰουδαίων,
3346 638 3588 707 βασιλεῦ.
3638 639 3703 690 Τί
3750 640 3881 692 ἄπι-

2314 746 2436 783 στον
2466 732 2711 801 κρίνεται
2742 734 2872 802 παρ’
2899 733 3050 802 ὑμῖν,
3079 734 3128 784 εἰ
3154 734 3182 784 ό
3215 733 3349 796 Θεὸς
3374 734 3603 801 νεκροὺς
3639 732 3843 801 ἐγείρει
3868 751 3881 795 ;

2326 821 2468 887 Ἐγὼ
2508 823 2605 890 μὲν
2638 818 2731 875 οὖν
2779 823 2934 888 ἔδοξα
2986 824 3207 893 ἐμαυτῷ
3235 824 3370 892 πρὸς
3405 825 3468 876 τὸ
3500 824 3672 893 ὄνομα
3700 823 3880 893 Ἰησοῦ

2312 914 2405 967 τοῦ
2433 914 2756 985 Ναζωραίου
2783 916 2893 968 δεῖν
2921 916 3093 969 πολλὰ
3139 916 3356 969 ἐναντία
3388 913 3623 986 πρᾶξαι.
3691 918 3757 967 '0
3788 916 3885 967 καὶ

2313 1007 2546 1076 ἐποίησα
2597 1009 2655 1058 ἐν
2698 1006 3091 1077 Ἰεροσολύμοις
3117 1022 3132 1037 ο
3179 1006 3408 1067 πολλούς
3452 1023 3510 1058 τε
3558 1005 3665 1060 τῶν
3704 1006 3882 1071 ἁγίων

2315 1098 2426 1164 ἐγὼ
2459 1100 2728 1167 φυλακαῖς
2755 1099 3107 1160 κατέκλεισα,
3137 1100 3239 1168 τὴν
3265 1097 3420 1169 παρὰ
3443 1097 3552 1149 τῶν
3577 1097 3883 1167 ἀρχιερέων

2313 1190 2563 1253 ἐξουσίαν
2598 1190 2808 1243 λαϐὼν·
2838 1189 3247 1258 ἀναιρουμένων
3276 1189 3334 1241 δὲ
3362 1187 3538 1240 αὐτῶν
3568 1187 3883 1254 κατήνεγκα

2314 1280 2495 1349 ψῆφον
2530 1294 2562 1312 ··
2598 1282 2693 1333 καὶ
2728 1282 2870 1334 κατὰ
2922 1281 3105 1350 πάσας
3133 1281 3233 1341 τὰς
3264 1278 3590 1345 συναγωγὰς
3622 1276 3888 1339 πολλάκις

2313 1372 2572 1442 τιμωρῶν
2625 1374 2845 1435 αὐτοὺς,
2899 1371 3214 1442 ἠνάγκαζον
3267 1371 3649 1443 βλασφημεῖν·
3691 1385 3889 1437 περισ-

2317 1467 2424 1528 σῶς
2465 1482 2523 1516 τε
2583 1465 2986 1534 ἐμμαινόμενος
3036 1464 3218 1526 αὐτοῖς
3245 1504 3258 1527 ,
3289 1463 3514 1514 ἐδίωκον
3549 1462 3655 1522 ἕως
3684 1458 3781 1513 καὶ
3802 1461 3887 1521 είς

2315 1555 2409 1617 τὰς
2438 1555 2541 1617 ἔξω
2574 1555 2779 1616 πόλεις.
2851 1555 2939 1607 Ἐν
2964 1549 3044 1616 οἷς
3077 1553 3441 1621 πορευόμενος
3470 1553 3549 1614 είς
3573 1549 3671 1619 τὴν
3698 1552 3887 1618 Δαμα-

2318 1649 2444 1698 σκὸν
2476 1646 2591 1711 μετ’
2618 1645 2868 1711 ἐξουσίας
2902 1645 2997 1697 καὶ
3035 1643 3338 1712 ἐπιτροπῆς
3367 1640 3521 1709 παρὰ
3561 1641 3670 1693 τῶν
3696 1641 3886 1709 ἀρχιε-

2318 1737 2476 1806 ρέων,
2514 1736 2726 1808 ἡμέρας
2768 1737 2961 1805 μέσης,
3002 1736 3141 1788 κατὰ
3171 1736 3272 1805 τὴν
3295 1734 3414 1787 ὁδὸν
3441 1731 3603 1798 εἶδον,
3630 1731 3885 1801 βασιλεῦ,

2314 1828 2605 1898 οὐρανόθεν
2651 1827 2794 1898 ὑπὲρ
2837 1827 2936 1897 τὴν
2989 1825 3354 1896 λαμπρότητα
3400 1824 3496 1877 τοῦ
3529 1824 3684 1892 ἡλίου
3726 1839 3890 1890 περι-

2314 1919 2536 1988 λάμψαν
2582 1934 2649 1988 με
2697 1917 2834 1986 φῶς,
2869 1917 2965 1970 καὶ
2998 1916 3125 1978 τοὺς
3179 1915 3278 1968 σὺν
3306 1914 3429 1983 ἐμοὶ
3460 1912 3883 1983 πορευομένους.

2316 2011 2538 2064 Πάντων
2557 2025 2618 2061 τε
2646 2009 3065 2061 καταπεσόντων
3098 2005 3254 2074 ἡμῶν
3282 2006 3363 2066 είς
3385 2004 3483 2071 τὴν
3514 2003 3638 2073 γῆν,
3670 2002 3887 2071 ηκουσα

2328 2102 2510 2168 φωνῆς
2556 2098 2820 2167 λεγούσης
2871 2098 3006 2167 πρός
3055 2113 3123 2165 με
3175 2097 3240 2163 τῇ
3288 2093 3531 2162 Ἐϐραΐδι
3574 2090 3884 2157 διαλέκτῳ·

2315 2192 2504 2258 Σαοὺλ,
2533 2191 2723 2253 Σαοὺλ,
2754 2191 2807 2242 τί
2837 2206 2903 2258 με
2927 2188 3174 2252 διώκεις
3209 2185 3442 2254 σκληρόν
3475 2200 3558 2236 σοι
3589 2182 3726 2251 πρὸς
3754 2181 3885 2232 κένο

2312 2303 2416 2355 τρα
2445 2285 2741 2348 λακτίζειν.
2794 2284 2935 2348 Ἐγὼ
2962 2284 3017 2335 δὲ
3048 2278 3179 2335 εἶπα
3200 2296 3213 2309 ο
3245 2278 3342 2340 Τίς
3374 2274 3444 2340 εί,
3486 2276 3694 2345 Κύριε;
3738 2275 3799 2326 '0
3829 2273 3887 2325 δὲ

2321 2377 2523 2447 Κύριος
2554 2372 2707 2428 εἶπεν
2740 2391 2752 2403 ·
2825 2373 2964 2440 Ἐγώ
3004 2373 3122 2440 εἰμι
3175 2369 3385 2439 Ἰησοῦς
3432 2367 3492 2418 ὃν
3533 2365 3596 2417 σὺ
3643 2362 3886 2422 διώκεις.

2325 2469 2464 2523 Ἀλλ’
2514 2467 2800 2533 ἀνάστηθι,
2830 2466 2923 2517 καὶ
2955 2462 3112 2530 στῆθι
3148 2462 3243 2513 ἐπὶ
3279 2460 3405 2519 τοὺς
3440 2456 3608 2517 πόδας
3634 2471 3729 2506 σου
3751 2469 3765 2482 ο
3803 2453 3887 2514 εἰς

2312 2562 2471 2614 τοῦτο
2506 2560 2615 2627 γὰρ
2639 2557 2829 2626 ὤφθην
2867 2572 2973 2619 σοι,
3016 2547 3467 2621 προχειρίσασθαί
3496 2564 3557 2598 σε
3601 2544 3887 2614 ὑπηρέτην

2314 2655 2408 2707 καὶ
2443 2652 2716 2725 μάρτυρα,
2767 2645 2843 2702 ὧν
2893 2666 2951 2701 τε
2994 2642 3154 2709 εἶδες,
3195 2640 3270 2698 ὧν
3317 2660 3377 2695 τε
3406 2638 3717 2711 ὀφθήσομαί
3752 2654 3836 2689 σοι
3868 2651 3883 2665 °

2313 2743 2700 2813 ἐξαιρούμενός
2735 2758 2791 2794 σε
2832 2742 2894 2793 ἐκ
2927 2738 3020 2792 τοῦ
3048 2738 3177 2790 λαοῦ
3218 2735 3327 2787 τῶν
3368 2731 3663 2792 Ἰουδαίων,
3697 2729 3791 2780 καὶ
3819 2728 3887 2777 ἐκ

2313 2839 2421 2894 τῶν
2457 2836 2647 2896 ἐθνῶν,
2684 2835 2762 2896 εἰς
2792 2831 2886 2895 οὒς
2916 2831 3010 2884 νῦν
3040 2827 3152 2895 ἐγὼ
3181 2822 3528 2890 ἐξαποστελῶ
3556 2837 3637 2884 σε,
3665 2816 3884 2880 ἀνοῖξαι

2313 2928 2626 2997 ὀφθαλμοὺς
2659 2925 2838 2977 αὐτῶν
2865 2962 2878 2985 ,
2912 2920 3006 2973 τοῦ
3048 2917 3373 2989 ἐπιπρέψαι
3412 2912 3520 2965 ἀπὸ
3547 2915 3771 2970 σκότους
3804 2907 3888 2967 είς

2316 3023 2451 3091 φῶς,
2474 3022 2569 3075 καὶ
2602 3019 2709 3071 ἀπὸ
2734 3018 2832 3084 τῆς
2859 3013 3109 3078 ἐξουσίας
3138 3009 3233 3063 τοῦ
3266 3006 3481 3060 Σατανᾶ
3504 3002 3594 3054 ἐπὶ
3616 3001 3707 3052 τὸν
3725 2997 3883 3051 Θεόν’

2314 3115 2408 3169 τοῦ
2435 3114 2617 3168 λαϐεῖν
2656 3108 2852 3170 αὐτοὺς
2883 3108 3075 3174 ἄφεσιν
3105 3100 3419 3171 ἁμαρτιῶν,
3464 3097 3559 3149 καὶ
3602 3092 3802 3159 κλῆρον
3828 3091 3886 3139 ἐν

650 3203 811 3257 ilnlns
838 3202 1052 3257 coalein
1085 3200 1278 3256 visioni
1315 3216 1329 3253 :
1369 3200 1466 3254 sed
1516 3199 1626 3264 bis,
1649 3198 1743 3268 qui
1807 3207 1938 3253 sunt
1969 3197 2213 3251 Damasci

2319 3209 2428 3269 τοῖς
2454 3202 2831 3276 ἡγιασμένοις,
2867 3198 3145 3264 πίστειτῇ
3174 3196 3252 3255 είς
3286 3191 3409 3260 ἐμέ.
3440 3186 3625 3247 Ὅθεν,
3661 3178 3888 3253 βασιλεῦ

656 3295 891 3360 primum
952 3302 1007 3346 et
1062 3289 1441 3361 Jerosolymis,
1491 3298 1546 3344 ct
1586 3291 1639 3344 in
1688 3304 1903 3343 omnem
1938 3288 2213 3357 regionem

650 3379 873 3446 Judteaz,
904 3388 961 3433 et
987 3378 1242 3450 gentibus
1279 3377 1694 3440 annuntiabam,
1731 3384 1790 3431 ut
1836 3377 2212 3445 pwnitcutiam

648 3480 895 3540 agerent,
929 3480 983 3525 et
1007 3478 1462 3525 converterentur
1492 3468 1557 3522 ad
1592 3467 1783 3532 Deum,
1832 3468 1994 3539 digna
2044 3468 2216 3537 paeni-

650 3563 831 3618 tentiae
860 3578 1025 3634 opera
1057 3562 1087 3615 [ε
1113 3560 1338 3617 cientes.

1144 3822 1715 3881 COMMENTARIUS.

724 3917 844 3972 Duo
866 3916 934 3971 ad
989 3917 1451 3972 resurrectionem
1502 3914 1849 3970 astruendam
1895 3924 2215 3985 argumenta

654 4008 1149 4079 proponitzunum
1205 4023 1272 4062 ex
1326 4006 1629 4076 prophetis,
1678 4022 1747 4060 ex
1792 4005 1991 4075 quibus
2037 4014 2216 4058 tamen

652 4099 861 4157 nullum
898 4097 1128 4169 profert,
1176 4095 1273 4152 sed
1304 4104 1513 4151 tantum
1544 4095 1639 4158 ait,
1663 4094 1824 4148 talem
1859 4108 1980 4148 esse
2006 4092 2221 4147 Judaeu-

656 4207 774 4245 rum
843 4190 1199 4260 Opinionem;
1234 4188 1487 4250 alterum,
1534 4186 1783 4255 illudque
1828 4185 2031 4239 clarius
2060 4199 2125 4238 ex
2161 4198 2218 4237 re

655 4283 771 4351 ipsa
805 4297 819 4333 :
852 4281 981 4351 quia
1010 4294 1205 4349 nempe
1233 4277 1509 4341 Christus,
1542 4288 1827 4345 postquam
1888 4275 2158 4330 sum-exit
2187 4289 2217 4326 a

656 4372 911 4435 mortuis,
945 4372 1122 4446 ipsum
1147 4371 1420 4424 allocutus
1448 4378 1553 4423 est.
1592 4368 1658 4421 Et
1692 4360 1795 4421 lioc
1828 4368 2014 4431 etiam,
2066 4383 2217 4422 suam

657 4462 1056 4532 praecedentem
1085 4474 1352 4513 cnarrans
1371 4458 1662 4520 insaniam,
1692 4456 1904 4511 duobus
1928 4471 2219 4526 argumen-

655 4555 728 4610 tis
754 4554 1068 4609 conllrmat.
1120 4550 1363 4617 Quorum
1420 4551 1693 4620 primum:
1736 4568 1755 4599 ι
1798 4549 1962 4615 Quid,
2023 4549 2219 4618 inquit,
2257 4534 2297 4587 ί)

655 4645 977 4701 incredibile
1009 4650 1113 4706 est,
1143 4643 1190 4697 si
1225 4640 1369 4696 Deus
1399 4648 1642 4695 mortuos
1677 4640 1906 4695 suscitat
1935 4640 1959 4691 ?
2002 4658 2019 4690 ι
2060 4638 2217 4693 Alte-

659 4754 780 4793 rum
812 4751 828 4789 :
860 4736 918 4789 Si
951 4735 1097 4789 enim
1138 4734 1265 4788 talis
1300 4748 1407 4787 non
1441 4742 1588 4788 esset
1646 4731 1956 4786 Iudaeorum
2013 4730 2217 4798 opinio,

658 4831 705 4885 si
741 4830 796 4883 in
834 4829 941 4883 hoc
985 4829 1236 4897 dogmate
1286 4826 1537 4880 innutriti
1572 4839 1676 4878 non
1708 4830 1915 4885 essent,
1951 4823 2043 4877 sed
2076 4836 2221 4875 nunc

660 4923 893 4989 primum
925 4927 1342 4988 proponeretur,
1378 4918 1523 4986 juste
1549 4926 1729 4982 posset
1778 4916 2049 4985 quispiam
2076 4916 2218 4968 hunc

659 5025 969 5066 sermonem
1000 5024 1107 5064 non
1136 5011 1366 5079 probare
1390 5047 1404 5061 .
1428 5008 1612 5078 308‘
1648 5008 1876 5077 Propter
1910 5006 2219 5074 hujusmodi

658 5109 840 5156 autem
871 5099 1067 5169 dogma
1101 5115 1222 5169 ego,
1252 5099 1447 5167 inquit,
1480 5113 1727 5162 accusor,
1758 5098 1901 5167 quod
1941 5098 2079 5151 inter
2104 5096 2225 5151 illos

662 5197 843 5263 viget:
906 5201 1131 5262 propter
1170 5194 1275 5245 hoc
1334 5191 1671 5261 gloriantur:
1702 5199 1921 5260 propter
1957 5190 2058 5243 hoc
2112 5204 2227 5244 ser-

660 5287 812 5339 viunt
846 5284 977 5349 Deo,
1016 5292 1075 5338 ut
1108 5285 1282 5353 ipsam
1319 5283 1774 5338 resurrectionem
1798 5293 2223 5350 consequantur.

660 5377 724 5429 Et
760 5390 861 5443 ego
884 5375 1022 5427 lianc
1044 5374 1329 5427 annuntio.
1367 5391 1385 5422 ι
1424 5372 1673 5426 Caelestis
1700 5371 1838 5425 visio
1871 5391 1887 5421 ι
1925 5381 2008 5425 est
2036 5386 2225 5441 purus,

664 5480 727 5520 ac
787 5466 1083 5519 humanam
1124 5480 1391 5534 superans
1426 5464 1793 5518 condiiionem
1826 5463 2055 5517 intuitus
2126 5464 2223 5527 rei,

663 5571 827 5627 quam
857 5570 1019 5610 nemo
1039 5557 1312 5611 exsistens
1377 5558 1429 5609 in
1460 5570 1623 5610 carne
1647 5556 1830 5610 videre
1858 5565 2055 5624 potest,
2119 5556 2225 5615 nisi

664 5647 809 5704 oculi
842 5649 963 5717 ejus
987 5649 1256 5719 superiori
1308 5648 1513 5703 lumine
1536 5648 1941 5705 collus-tremor.

2330 3300 2630 3369 Ἀγρίππα,
2662 3296 2762 3347 οὐκ
2790 3290 3062 3359 ἐγενόμην
3085 3285 3316 3355 ἀπειθὴς
3352 3286 3418 3353 τῇ
3446 3280 3685 3369 οὐρανίῳ
3707 3278 3887 3329 ὀπτα-

2319 3368 2449 3463 σίᾳ-ν’
2493 3389 2631 3444 ἀλλὰ
2659 3389 2769 3447 τοῖς
2809 3385 2865 3436 ἐν
2897 3378 3176 3451 Δαμασκῷ
3202 3376 3419 3446 πρῶτον
3445 3372 3536 3424 καὶ
3562 3373 3619 3421 ἐν
3655 3368 3891 3463 Ἰεροσοῗ

2316 3457 2526 3554 λύμοις,
2564 3482 2645 3543 εις
2674 3477 2853 3531 πᾶσάν
2881 3492 2939 3526 τε
2967 3474 3065 3541 τὴν
3093 3468 3275 3541 χώραν
3318 3466 3419 3534 τῆς
3470 3460 3759 3554 Ἰουδαίας,
3792 3457 3886 3507 καὶ

2317 3581 2429 3639 τοῖς
2459 3576 2669 3628 ἔθνεσιν
2700 3567 3046 3639 ἀπήγγελλον
3081 3560 3383 3632 μετανοεῖν,
3419 3554 3514 3606 καὶ
3536 3548 3892 3618 ἐπιστρέφειν

2320 3672 2413 3724 ἐπὶ
2461 3669 2553 3721 τὸν
2605 3664 2737 3717 Θεὸν
2772 3701 2786 3725 ,
2856 3660 2981 3725 ἄξια
3024 3657 3121 3726 τῆς
3180 3650 3469 3723 μετανοίας
3522 3646 3660 3714 ἔργα
3709 3654 3894 3708 πρασ-

2322 3781 2533 3821 σοντας.

2918 3838 3295 3900 EPMHNEIA.

2392 3952 2495 4004 Δύο
2514 3948 2697 4015 τίθησι
2735 3941 2865 4011 περὶ
2895 3934 3242 3994 ἀναστάσεως
3274 3922 3565 3995 λογισμούς
3594 3938 3606 3949 υ
3637 3919 3745 4015 ’ἐνα-
3765 3914 3892 3982 μὲν,

2320 4044 2411 4098 τὸν
2452 4040 2560 4097 ἀπὸ
2591 4010 2700 4093 τίῦν
2730 4010 3023 4104 προφητῶν
3055 4046 3070 4059 ο
3109 4024 3202 4079 καὶ
3222 4022 3281 4076 οὐ
3308 4017 3547 4088 παράγει
3570 4010 3889 4104 προφητην,

2320 4096 2642 4199 αλλἀύτὴν
2686 4096 2796 4180 τῶν
2832 4096 3104 4176 ἰοὶδδαίων
3142 4114 3241 4184 τὴν
3287 4110 3481 4174 δόξαν·
3525 4096 3894 4199 arrogat-=21?

2325 4190 2691 4297 ἰσχυρότερον,
2715 4218 2806 4271 τὸν
2829 4216 2937 4269 ἀπὸ
2962 4212 3071 4265 τῶν
3096 4201 3554 4297 πραγμάτωνξτιι
3575 4192 3823 4259 διελέχθη
3843 4190 3892 4220 ⁸³

2502 4316 2529 4367 ὁ
2562 4289 2794 4381 κριστὸς
2818 4303 3055 4363 ἀναστὰς
3078 4302 3142 4352 ἐκ
3177 4295 3408 4365 νεκρῶν.
3445 4289 3552 4343 Καὶ
3582 4297 3895 4386 κατασκευὶ

2324 4411 2443 4475 άζει
2478 4408 2573 4460 καὶ
2610 4402 2797 4457 τοῦτον
2825 4398 2933 4451 ἀπὸ
2960 4391 3258 4461 λογισμῶν,
3292 4387 3392 4455 τὴν
3422 4378 3698 4451 προτέραν
3723 4374 3897 4480 animo

2330 4499 2528 4570 μανίαν
2575 4490 2947 4564 διηγούμενος.
3011 4482 3233 4553 Πρῶτος
3275 4473 3572 4543 λογισμός·
3617 4466 3899 4570 (Sitis-:1.-

2332 4555 2477 4650 στον,
2505 4555 2692 4657 φησὶν,
2714 4555 2821 4635 είίὁ
2848 4579 2979 4641 Θεὸς
3004 4573 3241 4645 νεκροὺςι
3256 4568 3496 4657 ἐγείρεη
3524 4581 3541 4611 ι
3576 4559 3672 4657 καὶ
3694 4555 3896 4657 ἄλλως·

2331 4682 2391 4735 Εἰ
2552 4644 2626 4746 μὴ
2650 4644 2869 4738 τοιαύτη
2898 4668 3023 4732 δόξα
3160 4660 3211 4713 εἴ
3233 4676 3295 4728 γε
3325 4657 3399 4726 μὴ
3421 4644 3900 4747 ἀνατεθραμμένοι

2328 4768 2467 4843 ἦσαν
2494 4771 2551 4820 ἐν
2588 4765 2795 4825 τούτοις
2831 4762 2941 4821 τοῖς
2968 4757 3231 4823 δόγμασιν
3252 4768 3265 4781 ·
3311 4750 3369 4800 ὃν
3404 4747 3458 4797 δὲ
3488 4734 3899 4843 εἰσεφέρετοῗ,

2327 4823 2410 4921 τιίς
2439 4857 2538 4908 οὐκ
2578 4853 2643 4907 ἂν
2679 4850 2896 4916 ἐδέξατο
2960 4846 3051 4899 τὸν
3116 4842 3313 4907 λόγον;
3362 4835 3534 4901 Ὑπὲρ
3590 4829 3688 4897 τῆς
3747 4823 3905 4921 αἱρέῗ

2330 4966 2466 5011 σεως
2508 4946 2709 5014 ταύτης
2735 4983 2749 5005 ,
2800 4940 2964 5011 φησιν
2987 4978 2999 5001 ,
3046 4931 3421 5002 ἐγκαλοῦμαι,
3464 4926 3557 4979 καὶ
3590 4920 3730 4989 αὕτη
3764 4916 3897 4985 παρ’

2331 5040 2512 5100 αὐτοῖς
2551 5032 2933 5105 πρεσὸεύεται.
2975 5028 3073 5081 Διὰ
3101 5025 3303 5094 ταύτην
3333 5020 3602 5089 εὔχονται,
3644 5013 3737 5066 διὰ
3762 5009 3900 5062 ταύ-

2327 5145 2427 5195 την
2471 5122 2847 5192 λατρεύουσιν,
2898 5119 2982 5171 ἵνα
3035 5114 3239 5181 ταύτης
3276 5110 3503 5179 τύχωσι.
3557 5105 3669 5155 Και
3688 5099 3900 5195 ταύτην

2335 5188 2445 5285 ἐγὼ
2481 5188 2856 5282 καταγγέλλω.
2907 5208 3171 5262 Ὀπτασία
3199 5205 3366 5264 ἐστὶν,
3399 5202 3433 5267 ἡ
3466 5192 3681 5263 καθαρὰ
3718 5191 3837 5285 ῥέοι,
3866 5188 3901 5256 ἡ

2340 5278 2747 5379 ὑπερϐαίνουσα
2792 5301 3100 5371 ἄνθρωπον,
3142 5298 3319 5366 ἤνπερ
3358 5307 3439 5352 τις
3474 5289 3533 5379 ἐν
3573 5283 3755 5379 σαρκὶ
3799 5278 3898 5379 διν.

2333 5400 2455 5469 δίχα
2485 5398 2578 5450 τοῦ
2608 5392 3059 5461 ἀποκαλυφθῆναι
3087 5386 3251 5442 αὐτοῦ
3278 5386 3401 5446 τοὺς
3430 5377 3765 5447 ὀφθαλμοὺς,
3796 5372 3903 5424 οὐκ

2332 5492 2479 5543 ἐστιν
2511 5489 2637 5543 ἰδεῖν
2668 5484 2908 5547 δυνατός.

2022 5772 2214 5833 Varia:
2255 5773 2576 5835 lectiones.

740 5842 786 5877 ⁵³
812 5842 1091 5917 Mli/ﬁn.
1171 5846 1213 5875 ”
1242 5845 1392 5899 locus
1415 5846 1654 5900 vitiatus.
