4164 6444
251 439 389 513 1015

834 554 1223 608 KEIMENON.

323 644 529 696 Ἕνεκα
558 643 762 695 τούτων
788 682 802 705 ,
846 644 1088 697 Ἰουδαῖοί
1132 661 1198 712 με
1229 643 1646 714 συλλαϐόμενοι,
1692 645 1823 697 ὄντα

250 739 310 790 ὲν
331 736 413 807 τῷ
440 736 593 806 ἱερῷ,
626 735 927 807 ἐπειρῶντο
957 735 1418 806 διαχειρίσασθαι.
1475 736 1826 806 Ἐπικουρίας

251 828 347 882 οὖν
364 828 545 899 τυχὼν
580 828 678 899 τῆς
702 827 812 881 ἀπὸ
836 826 931 881 τοῦ
968 826 1127 893 Θεοῦ,
1166 828 1294 899 ἄχρι
1322 829 1419 898 τῆς
1448 828 1663 900 ἡμέρας
1689 827 1827 880 ταύ-

251 937 354 989 της
388 920 599 987 ἕστηκα
647 916 1092 988 μαρτυρούμενος
1136 917 1318 989 μικρῷ
1349 935 1410 970 τε
1444 919 1539 970 καὶ
1570 917 1825 986 μεγάλῳο

254 1012 411 1064 οὐδὲν
458 1011 615 1073 ικτὸς
669 1010 869 1077 λέγων,
906 1004 982 1062 ὧν
1020 1025 1079 1061 τε
1126 1010 1175 1060 οἱ
1226 1010 1506 1080 προφῆται
1558 1009 1829 1078 ἐλάλησαν

260 1103 568 1171 μελλόντων
621 1100 886 1169 γίνεσθαι,
937 1102 1032 1155 καὶ
1080 1100 1325 1171 Μωϋσῆς
1355 1142 1371 1167 ,
1411 1103 1462 1154 εί
1513 1101 1753 1171 παθητὸς
1801 1100 1830 1152 6

258 1195 531 1264 Χριστὸς,
578 1195 627 1247 εί
672 1192 889 1263 πρῶτος
920 1192 981 1257 ὶξ
1012 1193 1361 1257 ἀναστάσεως
1411 1193 1656 1263 νεκρῶν,
1715 1191 1830 1260 φῶς

262 1287 452 1352 μέλλει
504 1284 898 1352 καταγγέλλειν
942 1284 1021 1354 τῷ
1062 1302 1123 1337 τε
1177 1284 1292 1353 λαῷ
1338 1285 1434 1336 καὶ
1469 1286 1583 1346 τοῖς
1626 1283 1827 1336 ἔθνεσι.

260 1375 449 1433 Ταῦτα
475 1376 533 1429 δὲ
559 1374 725 1428 αὐτοῦ
749 1374 1217 1444 ἀπολογουμένου,
1248 1376 1277 1427 6
1298 1376 1504 1443 1ιῆστος
1537 1375 1746 1445 μεγάλῃ
1764 1376 1831 1445 τῇ

260 1470 416 1536 φωνῇ
449 1483 583 1536 φησι
606 1482 620 1497 ·
656 1464 864 1534 Μαίνῃ,
897 1464 1077 1519 Παῦλε
1100 1480 1113 1494 ·
1147 1465 1214 1518 τὰ
1238 1465 1408 1520 πολλά
1438 1483 1494 1519 σε
1531 1466 1836 1536 γράμματα

262 1559 340 1619 sl;
376 1557 572 1627 μανίαν
599 1556 952 1627 περιτρέπει.
995 1557 1054 1610 ⁸0
1082 1558 1139 1611 δὲ
1173 1557 1412 1623 Παῦλος,
1446 1558 1523 1612 Οὐ
1549 1557 1832 1627 μαίνομαι,

769 436 1304 501 EXPOSITIONIS
1344 434 1427 497 IN
1451 434 1637 498 ACTA
1673 435 1978 499 TEXTUS
2008 435 2273 498 ALTER.
2308 458 2377 471 -
2414 435 2572 496 CAP.
2616 432 2821 497 XXVI.

1847 555 1897 616 Δ

3359 433 3503 506 τοισ

2561 548 2859 605 ΤσΕΧΤυε.

1998 642 2189 709 XXVI,
2210 642 2399 697 21-32.
2426 640 2614 696 Hacex
2637 655 2803 695 causa
2836 654 2922 695 me
2944 639 3139 703 Judaei,
3167 654 3290 693 cum
3317 656 3493 696 essem

1929 734 1981 788 in
2006 732 2226 800 templo,
2254 731 2709 801 comprehensum
2735 730 3017 784 tentabant
3034 729 3361 784 interﬁcere.
3388 733 3499 784 Au-

1926 828 2058 881 xilio
2083 832 2264 880 autem
2281 824 2496 894 adjutus
2522 823 2614 878 Dei
2629 838 2801 893 usque
2820 822 2873 876 in
2890 824 3209 878 hodiernum
3224 822 3369 877 diem
3387 832 3495 878 sto.

1931 917 2233 973 testiﬁcans
2265 915 2465 969 minori
2499 924 2665 985 atque
2686 913 2904 983 majori,
2940 914 3073 968 nihil
3112 923 3265 970 extra
3307 913 3498 969 dicens

1929 1023 2091 1078 quam
2123 1022 2186 1063 ea
2214 1022 2336 1078 quae
2368 1006 2641 1077 prophetae
2674 1005 2840 1061 locuti
2871 1013 3000 1062 sunt
3030 1004 3211 1060 futura
3267 1011 3414 1069 esse,
3444 1012 3500 1058 et

1933 1097 2170 1169 Moyses,
2207 1098 2253 1153 si
2292 1095 2570 1167 passibilis
2595 1095 2870 1160 Christus,
2904 1096 2952 1152 si
2983 1098 3195 1166 primus
3226 1110 3289 1151 ex
3316 1111 3499 1152 resurv

1933 1191 2176 1247 rectione
2234 1201 2600 1251 mortuorum.
2690 1189 2869 1246 lumen
2930 1189 3361 1245 annuntiaturus
3416 1198 3502 1244 est

1933 1282 2129 1351 popqu
2159 1288 2212 1335 et
2241 1281 2516 1349 gentibus.
2548 1280 2672 1335 Haec
2718 1280 2972 1350 loquente
3002 1295 3068 1335 eo
3142 1289 3198 1336 et
3227 1280 3498 1337 rationem

1933 1374 2209 1437 reddente,
2226 1373 2422 1427 Festus
2450 1387 2642 1441 magna
2674 1387 2802 1427 voce
2831 1372 2966 1427 dixit
2992 1390 3006 1425 :
3031 1372 3267 1436 Insanis,
3295 1370 3500 1441 Paule;

1931 1466 2119 1521 multa:
2140 1474 2192 1520 te
2221 1466 2418 1520 littera:
2452 1465 2518 1519 ad
2573 1465 2843 1519 insaniam
2876 1472 3228 1520 convertunt.
3260 1464 3328 1518 Et.
3363 1465 3505 1519 Pau-

1936 1558 2020 1613 lus
2058 1574 2074 1612 :
2100 1556 2218 1612 Non
2252 1558 2491 1622 insanio,
2520 1557 2717 1624 inquit,
2748 1562 2953 1626 optime
2983 1554 3165 1623 Feste,
3196 1556 3292 1611 sed
3314 1557 3508 1611 verita—

262 1650 420 1716 φησὶ,
470 1648 730 1718 κράτιστε
770 1648 977 1715 Φῆστε,
1014 1648 1152 1701 ἀλλὰ
1195 1648 1453 1718 ἀληθείας
1494 1650 1588 1703 καὶ
1618 1665 1835 1717 σωφρο⁴

1940 1649 2007 1703 tis
2034 1658 2088 1704 et
2123 1647 2439 1703 sobrietatis
2461 1648 2627 1701 verba
2695 1647 2907 1714 loquor.
2946 1646 3064 1702 Scit
3108 1647 3253 1703 enim
3290 1647 3360 1702 de
3419 1647 3507 1702 his

264 1741 431 1810 σύνης
458 1741 683 1810 ῥήματα
706 1739 1157 1809 ἀποφθέγγομαι.
1202 1739 1524 1795 Ἐπίσταται
1558 1740 1669 1810 γὰρ
1706 1741 1836 1810 περὶ

1940 1755 2060 1805 rex,
2092 1739 2160 1793 ad
2195 1753 2358 1808 quem
2408 1746 2465 1793 et
2496 1746 2819 1793 constanter
2852 1739 3087 1809 loquor:
3152 1740 3321 1796 latere
3358 1740 3506 1795 enim

260 1816 470 1883 τοῦτων
497 1832 527 1882 6
578 1830 835 1900 βασιλεὺς
856 1870 873 1895 ,
928 1830 1064 1901 πρὸς
1107 1832 1167 1885 ὃν
1198 1832 1290 1885 καὶ
1322 1831 1836 1904 παρρησιαζόμενος

1940 1846 2060 1887 eum
2092 1831 2229 1885 nihil
2262 1830 2459 1885 horum
2493 1831 2753 1886 arbitror.
2782 1828 2971 1902 Neque
2991 1832 3138 1888 enim
3192 1833 3249 1888 in
3307 1834 3508 1903 angulo

262 1922 434 1975 λαλῶ.
486 1922 788 1976 Λανθάνειν
809 1923 924 1992 γάρ
953 1923 1117 1977 αὐτόν
1141 1940 1194 1976 τι
1232 1903 1441 1976 τούτων
1477 1922 1540 1975 οὐ
1566 1921 1834 1993 πείθομαι

1940 1923 2240 1994 quidquam
2268 1924 2465 1978 horum
2500 1932 2714 1993 gestum
2747 1934 2852 1980 est.
2874 1924 3094 1991 Credis,
3119 1940 3217 1982 rex
3245 1927 3507 1999 Agrippa,

263 2013 437 2066 οὐδέν.
487 2015 565 2067 υῦ
596 2013 707 2083 γάρ
735 2016 883 2067 ἐστιν
914 2015 973 2068 ὲν
1016 2014 1192 2085 γωνία
1233 2014 1623 2084 πεπραγμένον
1654 2016 1832 2069 τοῦτο.

1940 2015 2271 2086 prophetis?
2326 2014 2455 2075 Scio
2509 2017 2636 2086 quia
2694 2016 2895 2073 credis.
2932 2017 3168 2087 Agrippa
3226 2026 3408 2074 autem
3440 2020 3508 2075 ad

267 2103 575 2167 Πιστεύεις,
607 2104 830 2173 βασιλεῦ
863 2104 1163 2175 ’Δγρίππα,
1183 2107 1296 2169 τοῖς
1327 2108 1635 2176 προφήταις
1661 2123 1677 2172 ;
1709 2102 1836 2159 Οἶδα

1940 2103 2165 2160 Paulum
2200 2120 2214 2158 :
2242 2103 2303 2158 In
2328 2103 2545 2159 modico
2596 2105 2791 2158 suades
2822 2120 2907 2159 me
2935 2104 3309 2162 Christianum
3368 2106 3506 2161 ﬁeri.

266 2198 352 2247 ὅτι
398 2196 700 2258 πιστεύεις.
759 2196 818 2248 '0
863 2195 922 2248 δὲ
967 2195 1280 2264 Ἀγρίππας
1323 2196 1465 2267 πρὸς
1502 2196 1594 2250 τὸν
1623 2196 1836 2249 Παῦλον

1940 2194 2004 2248 Et
2028 2192 2235 2247 Paulus
2265 2210 2277 2246 :
2308 2192 2453 2262 Opto
2478 2193 2625 2263 apud
2676 2192 2870 2257 Deum,
2897 2202 2949 2247 et
3002 2195 3055 2248 in
3110 2196 3327 2251 modico
3354 2206 3409 2252 et
3453 2197 3508 2252 in

269 2293 371 2357 ἔφη
400 2308 417 2321 ·
463 2290 551 2343 Ἐν
584 2291 751 2361 ὀλίγῳ
791 2308 859 2359 με
885 2290 1097 2353 πείθεις
1117 2291 1442 2360 Χριστιανὸν
1467 2289 1742 2359 γενέσθαι.
1780 2289 1836 2343 ’0

1944 2298 2167 2355 magno,
2198 2298 2309 2339 non
2334 2290 2549 2339 tantum
2578 2291 2655 2350 te,
2685 2284 2781 2340 sed
2825 2285 2992 2340 etiam
3045 2301 3236 2343 omnes
3263 2288 3357 2360 qui
3409 2303 3511 2344 au-

267 2384 325 2435 δὲ
378 2380 590 2444 Παῦλος
636 2378 791 2435 εἶπεν
818 2400 834 2415 ο
883 2382 1164 2451 Εὐξαίμην
1213 2382 1281 2436 ἂν
1331 2380 1412 2451 τῷ
1444 2380 1599 2451 Θεῷ.
1642 2384 1740 2434 καὶ
1784 2382 1836 2434 ἑν

1945 2375 2129 2438 diunt,
2159 2375 2322 2430 hodie
2352 2375 2469 2430 Iieri
2492 2375 2856 2446 tales,-qualis
2881 2386 2937 2433 et
2964 2392 3066 2448 ego
3098 2393 3242 2444 sum,
3267 2380 3513 2451 exceptis

264 2471 457 2541 ὀλίγῳ,
486 2472 588 2524 καὶ
617 2474 675 2525 ὲν
706 2471 908 2542 πολλῷ,
942 2472 1005 2525 οὐ
1038 2471 1202 2540 μόνον
1231 2471 1318 2537 σι,
1342 2471 1483 2525 ἀλλὰ
1508 2471 1609 2525 καὶ
1629 2472 1836 2536 πάντας

1943 2467 2182 2522 vinculis
2209 2467 2318 2522 bis.
2344 2465 2412 2521 Et
2445 2468 2757 2524 exsurrexit
2780 2483 2899 2532 rex,
2919 2479 2968 2524 et
2994 2484 3219 2539 praeses,
3240 2480 3296 2528 et
3326 2473 3516 2528 Βίετηί-

264 2562 396 2623 τοὺς
438 2562 742 2636 ἀκούοντάς
788 2580 890 2632 μου
937 2563 1209 2633 σήμερον,
1254 2560 1512 2629 γενέσθαι
1548 2560 1836 2627 τοιούτους,

1940 2573 2029 2622 ce,
2082 2567 2137 2613 et
2193 2559 2289 2627 qui
2336 2558 2658 2615 assidebam
2691 2560 2795 2616 eis.
2856 2559 3071 2616 Etcum
3126 2562 3511 2628 recessissent,

266 2655 454 2716 ὁποῖος
486 2653 644 2721 κάγὼ
689 2656 842 2723 είμι,
883 2653 1159 2724 παρεκτὸς
1206 2654 1314 2706 τῶν
1358 2652 1573 2723 δεσμῶν
1617 2654 1836 2710 τούτων.

1945 2652 2308 2722 loquebantur
2369 2654 2439 2709 ad
2502 2655 2756 2724 invicem,
2828 2657 3091 2724 dicentes,
3168 2661 3296 2729 quia
3364 2660 3513 2714 Nihil

271 2743 383 2795 Καὶ
414 2742 590 2795 ταῦτα
634 2742 883 2805 εἰπόντος
920 2741 1090 2795 αὑτοῦ
1113 2780 1128 2806 ,
1165 2742 1366 2810 ἀνέστη
1401 2758 1462 2794 τε
1505 2744 1534 2794 6
1565 2740 1836 2810 βασιλεὺς,

1951 2751 2148 2807 morte,
2178 2753 2272 2798 aut
2302 2744 2539 2800 vinculis
2574 2746 2798 2817 dignum
2831 2747 2962 2816 quid
3008 2747 3139 2804 l‘ecit
3186 2751 3350 2805 homo
3389 2752 3515 2805 iste.

273 2835 367 2886 καὶ
392 2837 420 2887 6
462 2834 687 2905 ἡγεμὼν
708 2873 723 2899 ,
748 2835 783 2896 ἢ
828 2851 889 2888 τε
914 2833 1172 2904 Βερνίκη,
1218 2835 1316 2887 καὶ
1349 2836 1398 2887 al
1434 2833 1836 2903 συγκαθήμενοι

1954 2834 2189 2903 Agrippa
2244 2844 2424 2889 autem
2461 2835 2624 2891 Festo
2653 2836 2831 2893 dixit:
2857 2835 3061 2892 Dimitti
3104 2847 3323 2909 poterat
3354 2839 3516 2894 homo

272 2926 457 2988 αὐτοῖς
492 2942 506 2955 ·
554 2927 652 2980 καὶ
703 2926 1165 2995 ἀναχωρήσαντες
1220 2924 1443 2977 ἐλάλουν
1493 2925 1630 2996 πρὸς
1670 2924 1841 2994 ἀλλή-

1952 2924 2063 2991 hic,
2089 2924 2136 2978 si
2165 2939 2273 2978 non
2304 2925 2633 2994 appellasset
2652 2925 2944 2982 Caesarem.

272 3014 430 3077 λους,
470 3015 719 3082 λέγοντες
743 3056 759 3080 ,
802 3016 885 3069 ὃτι
915 3015 1083 3069 οὐδὲν
1112 3015 1344 3069 θανάτου
1375 3015 1524 3081 ἀξιόν
1562 3033 1648 3080 τι,
1680 3017 1713 3086 ἢ
1743 3014 1963 3085 δεσμῶν
2030 3015 2269 3086 πράσσει
2300 3015 2328 3066 6
2353 3016 2643 3087 ἄνθρωπος
2708 3011 2883 3084 οὗτος.
2962 3020 3270 3092 ’Δγρίππας
3328 3020 3387 3075 δι
3440 3020 3518 3092 τῷ

272 3106 467 3175 Φήστῳ
502 3106 607 3177 εφη
630 3123 644 3138 ο
703 3107 1099 3162 Ἀπολελύσθαι
1127 3107 1359 3178 ἠδύνατο
1382 3110 1410 3161 6
1438 3107 1724 3175 ἄνθρωπος
1752 3101 1930 3173 οὗτος,
1958 3108 2007 3161 εί
2038 3107 2115 3179 μὴ
2140 3108 2471 3180 ἑπικίκλητο
2492 3109 2766 3181 Καίσαρα.

869 3223 1256 3277 EPMHNEIA.

349 3311 470 3371 Ἵνα
522 3313 597 3388 μὴ
661 3313 784 3391 δόξῃ
846 3316 1008 3378 αὐτὸς
1065 3316 1391 3379 διδάσκαλος
1436 3312 1577 3368 εἶναι
1628 3315 1841 3378 τούτου,

282 3408 480 3475 ἐπάγει
538 3411 824 3478 προφήτας
862 3405 959 3464 καὶ
1003 3406 1095 3465 τὸν
1124 3407 1366 3467 Μωῦσέα
1396 3406 1625 3479 λέγοντα
1655 3407 1677 3437 ’⁸
1732 3425 1749 3457 ι
1782 3406 1845 3458 Εί

274 3497 520 3567 παθητὸς
560 3500 590 3551 ό
618 3500 879 3570 Χριστὸς,
917 3502 964 3553 εί
1007 3499 1223 3570 πρῶτος
1270 3501 1329 3566 ἐξ
1373 3499 1726 3561 ἀναστάσεως
1757 3512 1844 3551 νε-

277 3589 449 3655 κρῶν,
477 3607 497 3640 ι
533 3591 631 3643 καὶ
667 3590 737 3643 τά
775 3591 927 3659 ἑξῆς.
970 3592 1044 3644 Τὸ
1081 3591 1159 3654 δὲ,
1209 3608 1229 3642 ι
1260 3591 1339 3655 εί,
1370 3608 1389 3642 ι
1424 3590 1694 3655 ἐνταῦθα,
1725 3592 1849 3645 ἀντί

279 3677 394 3741 τσῦ,
426 3678 536 3743 ὅτι,
554 3680 691 3733 ἐστί.
713 3682 976 3749 Μωῦσῆς,
1004 3684 1189 3751 φησὶν,
1218 3677 1363 3746 εἷπε,
1391 3682 1474 3734 ὅτι
1507 3700 1526 3733 ι
1551 3680 1791 3751 παθητὸς
1823 3699 1841 3731 ι

278 3777 305 3824 ὀ
340 3773 573 3841 Χριστὸς
617 3772 875 3845 [πρῶτος
927 3774 985 3837 ἐξ
1035 3771 1472 3846 ἀναστάσεωςσι]
1494 3772 1711 3845 πρῶτος
1740 3773 1848 3841 γὰρ

279 3860 433 3926 οὗτος
460 3865 685 3935 ἀνέστη,
728 3869 824 3920 καὶ
849 3867 949 3919 οὐκ
983 3865 1063 3919 ἔτι
1094 3865 1457 3936 ἀποθνήσκει.
1492 3866 1557 3919 Ol
1586 3864 1694 3933 γάρ
1721 3866 1851 3918 ἀνα-

2461 3224 3028 3282 COMMENTARIUS.

2025 3316 2105 3372 Ne
2137 3316 2342 3372 Paulus
2370 3325 2567 3372 auctor
2593 3318 2872 3372 videretur
2895 3320 3162 3375 doctrinae
3188 3334 3349 3390 quam
3378 3336 3520 3390 prae-

1953 3408 2196 3474 dicabat,
2222 3409 2447 3464 adducit
2467 3410 2522 3464 in
2544 3410 2919 3465 testimonium
2945 3412 3239 3480 prophetas
3258 3422 3311 3467 et
3334 3414 3518 3470 Mosen

1952 3496 2222 3553 dicean
2261 3515 2275 3551 :
2316 3515 2335 3547 ι
2378 3497 2436 3552 Si
2475 3498 2752 3567 passibilis
2805 3499 3081 3565 Christus,
3108 3502 3152 3554 si
3180 3501 3393 3571 primus
3453 3517 3517 3558 ex

1956 3590 2355 3646 resurrectione
2414 3598 2839 3656 mortuorump
2899 3600 3004 3645 etc.
3050 3590 3150 3645 Ubi
3206 3593 3387 3649 illudc
3418 3595 3462 3649 si
3496 3603 3545 3646 ιτ

1952 3690 2038 3736 est
2079 3695 2177 3751 pro
2227 3682 2388 3751 quod,
2441 3680 2525 3735 vel
2578 3682 2850 3748 quoniam.
2909 3681 3108 3750 Moses,
3133 3686 3329 3756 inquit,
3359 3685 3517 3751 dixit,

1955 3775 2101 3845 quod
2135 3792 2154 3825 ι
2192 3771 2445 3829 Christus
2472 3773 2753 3842 passibilis
2787 3792 2806 3825 ι
2841 3782 3008 3838 esset,
3070 3791 3133 3832 ac
3173 3794 3192 3827 ι
3226 3778 3436 3847 primus
3458 3794 3521 3832 ex

1961 3864 2390 3921 resurrectione.
2431 3883 2447 3916 ι
2488 3862 2623 3917 Nam
2676 3864 2887 3935 primus
2951 3866 3043 3921 ille
3093 3870 3417 3931 resurrexit,
3470 3878 3526 3923 et

284 3954 510 4017 στάντες
543 3946 625 4007 δι’Δ
659 3956 850 4020 αὑτοῦ,
883 3957 915 4025 ἢ
946 3957 1035 4010 διά
1066 3957 1179 4011 τῶν
1230 3957 1518 4027 μαθητῶν,
1546 3957 1643 4009 καὶ
1686 3958 1734 4008 οἱ
1763 3957 1836 4009 διὰ

1964 3975 1981 4006 ι
2006 3956 2115 4024 jau:
2153 3970 2258 4009 non
2301 3954 2534 4025 amplius
2580 3955 2877 4010 moritur.»
2906 3954 2963 4010 SI
2988 3957 3132 4012 enim
3164 3957 3258 4028 qui
3282 3960 3349 4012 ab
3381 3960 3523 4029 ipso,

281 4046 388 4095 τῖιν
416 4045 734 4113 προφητῶν,
779 4046 945 4099 πάλιν
998 4046 1289 4111 ἀπέθανον,
1339 4048 1446 4111 ἓως
1472 4048 1574 4117 τῆς
1619 4047 1836 4100 καθόλοι

1951 4046 2120 4117 309
2167 4047 2249 4101 vel
2279 4047 2347 4101 ab
2402 4047 2519 4117 ejus
2547 4048 2851 4117 discipulis,
2876 4050 2956 4104 vel
2986 4065 3016 4102 a
3041 4051 3321 4121 prophetis
3360 4067 3523 4107 exsu-

283 4135 630 4199 ἀναστάσεως
660 4137 935 4203 μένοντες.
985 4139 1204 4209 Ἐπειδὴ
1228 4140 1322 4193 ἀεὶ
1346 4143 1491 4210 πρὸς
1511 4140 1603 4192 τὸν
1626 4139 1836 4208 βασιλέα

1960 4140 2142 4193 scitati
2176 4146 2324 4201 sunt,
2360 4138 2552 4193 iterum
2583 4140 2783 4193 mortui
2809 4148 2977 4208 sunt,
3010 4142 3317 4211 mortuique
3343 4160 3528 4198 mane-

284 4225 574 4293 διελέγετο,
608 4227 796 4297 ῶσπερ
842 4228 1016 4283 ἔπαθέ
1044 4248 1099 4283 τι
1144 4232 1173 4283 6
1195 4230 1431 4299 φῆστος,
1464 4232 1558 4284 καὶ
1596 4230 1719 4284 ίδὼν
1754 4232 1836 4300 τὴπ

1960 4230 2096 4284 bunt
2127 4244 2303 4298 usque
2335 4230 2400 4283 ad
2428 4229 2797 4285 univcrsalem
2848 4234 3334 4289 resurrectionem.
3388 4234 3531 4302 Quo-

288 4318 621 4386 παρῥησίαν,
658 4318 768 4373 ἀπὸ
816 4317 990 4389 θυμοῦ
1030 4321 1126 4375 καὶ
1170 4321 1340 4391 ὀργῆς
1380 4339 1512 4392 φησι
1537 4341 1550 4351 ·
1590 4339 1608 4372 ι
1645 4321 1828 4392 Μαίνῃ

1968 4321 2112 4374 niam
2145 4335 2276 4374 vero
2300 4320 2505 4375 Paulus
2534 4336 2751 4391 semper
2782 4321 2851 4376 ad
2907 4338 3088 4394 regem
3115 4325 3277 4379 verba
3326 4326 3530 4396 dirige-

291 4407 489 4462 [Ιιῦλε.
521 4429 539 4459 ι
589 4409 650 4462 Ὅ
694 4409 751 4463 δὲ
794 4410 1009 4473 Παῦλος
1042 4413 1141 4481 τὴν
1172 4412 1349 4465 αἰτίαν
1386 4411 1647 4477 διδάσκει,
1678 4411 1745 4464 δι’
1790 4412 1836 4479 ἡ¹

1969 4414 2078 4473 bat,
2115 4411 2312 4467 Festus
2332 4412 2502 4466 veluti
2531 4427 2652 4467 sese
2682 4412 2944 4469 olIensum
2963 4417 3171 4485 putavit
3201 4418 3531 4487 ;videusquc

291 4501 425 4569 πρὸς
449 4502 541 4553 τὸν
584 4500 811 4571 βασιλέα
854 4503 950 4555 τὸν
992 4503 1147 4570 λόγον
1175 4504 1507 4574 ἀπέστρεψε.
1563 4500 1721 4576 [Εἶτα
1746 4504 1836 4557 δει-

1964 4504 2086 4571 ejus
2140 4502 2449 4557 libertatem
2514 4503 2813 4571 loquendi,
2873 4504 2953 4558 ira
3034 4513 3088 4559 et
3161 4506 3532 4577 indignatione

286 4593 439 4664 κνὺς]
474 4596 557 4646 ὅτι
637 4594 918 4664 πανταχοῦ
962 4595 1065 4666 τῆς
1097 4598 1422 4667 οίκουμένης
1474 4597 1631 4650 τοῦτο
1663 4596 1836 4665 γέγονε

1966 4590 2205 4659 percitus
2240 4607 2251 4641 :
2285 4608 2302 4640 ι
2337 4588 2573 4656 Insanis,
2601 4593 2799 4661 inquit,
2834 4593 3018 4649 Paule.
3056 4612 3074 4643 ι
3117 4594 3318 4653 Paulus
3352 4606 3529 4651 autem

285 4686 344 4736 τὸ
374 4685 574 4753 δόγμα,
609 4686 890 4755 ἐπήγαγεν
916 4704 930 4718 ⁸
968 4684 1016 4758 [ι
1056 4688 1132 4740 Οὐ
1156 4689 1263 4758 γὰρ
1289 4688 1347 4740 ὲν
1387 4688 1557 4759 γωνίᾳ
1604 4705 1836 4757 πεπραγ-

1958 4695 2182 4735 causam
2231 4682 2457 4748 profert,
2513 4683 2587 4736 ob
2634 4698 2794 4751 quam
2840 4685 2907 4739 ad
2984 4702 3166 4754 regem
3221 4703 3531 4744 sermonem

292 4776 450 4843 μένον
478 4776 634 4827 τοῦτο
658 4790 675 4807 ’
707 4795 726 4828 ι
758 4775 777 4847 ]
816 4779 1067 4831 τουτέστι
1095 4779 1155 4830 τὸ
1184 4779 1314 4847 περὶ
1343 4778 1437 4830 τοῦ
1485 4777 1720 4847 σταυροῦ
1761 4779 1836 4830 κα

1962 4780 2330 4827 converterat.
2363 4771 2593 4839 Deinde,
2618 4781 2675 4826 ut
2707 4775 3017 4830 ostenderet
3048 4792 3142 4846 per
3163 4786 3333 4831 totum
3358 4786 3531 4831 terra-

284 4867 383 4933 τῆς
433 4868 781 4929 ἀναστάσεως
837 4868 928 4921 τοῦ
976 4867 1209 4936 Χριστοῦ
1259 4869 1446 4934 λέγων.
1489 4868 1536 4938 [ι
1580 4868 1836 4937 Παρεκτὸ.

1963 4877 2084 4915 rum
2132 4863 2322 4916 orbem
2383 4862 2662 4931 vulgatum
2713 4878 2833 4918 esse
2861 4865 3052 4935 dogma
3104 4867 3270 4931 istud,
3303 4868 3487 4923 subdit
3516 4887 3533 4929 ι,

286 4958 397 5009 τῶν
457 4957 674 5026 δεσμῶν
732 4958 956 5011 τούτων.
995 4977 1013 5009 ι
1056 4959 1218 5031 Ιούκ
1286 4959 1657 5027 ἀπευχόμενος
1733 4960 1836 5011 ὲαυ

1970 4958 1988 5003 ι
2024 4952 2210 5023 Neque
2236 4953 2381 5011 enim
2416 4956 2469 5007 in
2498 4956 2697 5023 angulo
2749 4956 3045 5026 quidquam
3082 4958 3289 5015 horum.
3318 4962 3543 5029 gestum

285 5047 364 5117 τῷ
420 5050 491 5101 τά
539 5050 750 5116 δεσμὰ,
795 5050 913 5102 οὐδὲ
980 5050 1369 5119 αἰσχυνόμενος
1399 5092 1411 5111 ,
1465 5049 1623 5101 τοῦτο
1675 5050 1836 5117 ἔλεγε

1967 5052 2081 5098 est:
2118 5068 2137 5096 ι
2166 5044 2650 5113 loquitur‘scilicet
2692 5047 2759 5101 de
2799 5058 2974 5104 morte
3023 5058 3077 5104 et
3132 5053 3535 5107 resurrectione

289 5140 470 5209 (τοῦτο
494 5140 604 5210 γάρ
624 5136 692 5209 ἦν
727 5141 899 5211 αὐτῷ,
941 5143 1099 5212 εἴπερ
1122 5142 1251 5195 ἀλλο
1294 5160 1369 5204 τι,
1395 5141 1547 5204 ἀξιον
1574 5140 1732 5210 δόξης
1772 5159 1836 5195 κα

1972 5136 2178 5190 Christi
2233 5136 2470 5190 Domini.
2529 5155 2546 5188 ι
2588 5139 2843 5208 Exceptis
2908 5142 3143 5198 vinculis
3198 5144 3303 5198 his.
3367 5143 3532 5199 aNon

291 5229 611 5299 καύχημα)⁶
651 5230 789 5285 ἀλλά
846 5232 982 5300 πρὸς
1029 5232 1132 5301 τὴν
1193 5233 1421 5284 ἐκείνων
1464 5231 1731 5301 ὑπόληψιν
1766 5232 1836 5297 ἀφ

1968 5226 2111 5295 quod
2138 5226 2351 5279 vincula
2400 5234 2495 5280 aut
2547 5229 2987 5285 abhorreret-aut
3012 5236 3384 5297 erubesceret,
3433 5235 3537 5289 hoc

290 5322 433 5390 ορῶν
465 5362 481 5385 ,
516 5322 698 5393 καὶτῇ
725 5324 947 5376 ἐκείνων
963 5323 1214 5394 ἀσθενείᾳ
1237 5322 1707 5390 συγκαταόαίνων,
1740 5341 1758 5372 ι
1779 5322 1836 5373 Γέ

1972 5318 2103 5371 dicit
2152 5317 2463 5387 (siquidem
2492 5320 2581 5373 illa
2638 5322 2747 5389 pati
2788 5322 2957 5391 gloria
2989 5330 3045 5376 et
3070 5324 3457 5390 exsultatione,
3489 5328 3537 5381 si

293 5412 436 5464 νοιτό
488 5429 618 5482 μοι,
666 5414 830 5483 φησὶ,
879 5415 1084 5476 πάντας
1132 5413 1404 5475 τοιούτους
1463 5412 1715 5480 γενέσθαι
1759 5408 1836 5464 οἷο

1972 5408 2272 5478 quidquam
2326 5410 2495 5472 aliud,
2545 5409 2767 5479 dignum
2801 5413 3252 5486 existimabat);
3320 5416 3416 5472 sed
3464 5418 3532 5472 ad

292 5500 402 5565 ἐγώ
424 5503 560 5569 εἰμι,
591 5501 859 5570 παρεκτὸς
889 5501 996 5555 τῶν
1022 5501 1234 5571 δεσμῶν
1264 5501 1488 5555 τούτων.
1526 5518 1545 5551 ι

1968 5499 2187 5554 illorum
2215 5508 2449 5553 mentem
2481 5501 2834 5573 animumque
2868 5505 3189 5575 respiciens,
3213 5517 3267 5563 et
3296 5510 3539 5578 ipsorum

292 5595 651 5651 imbecillitati
719 5610 838 5651 sese
893 5596 1317 5651 accommodans
1349 5616 1361 5651 :
1408 5615 1425 5647 ι
1463 5593 1625 5666 Οριο,
1660 5595 1856 5665 inquit,
1891 5607 2082 5649 omnes
2108 5592 2224 5647 lieri
2260 5592 2425 5657 tales,
2474 5594 2655 5663 qualis
2701 5604 2754 5650 et
2797 5611 2897 5665 ego
2914 5612 3070 5665 sum,
3094 5602 3542 5671 exceptisvincu-

294 5691 361 5741 Iis
388 5688 492 5742 his.
533 5705 551 5737 ι

359 5804 405 5842 υ
435 5804 592 5859 Πυιιι.
617 5820 693 5863 vt.
716 5807 763 5862 9.
