4164 6444
1122 542 1353 599 CAPUT
1415 545 1704 602 XXXVIII.

628 637 917 708 Naeigatio
944 635 1105 688 Pauli
1137 634 1382 701 Romam,
1425 640 1675 693 maximis
1702 640 2053 709 plurimisque
2104 658 2193 711 pe-

695 730 882 783 riculis
918 729 1072 795 plena
1112 745 1131 780 :
1170 727 1261 780 ubi
1290 738 1337 780 et
1376 729 1677 783 adhortatio
1700 731 1871 791 Pauli,
1890 737 1959 786 ad
1985 750 2074 789 eas
2101 736 2195 805 qui

695 837 815 873 cum
846 820 960 885 ipso
985 826 1161 881 erant,
1196 829 1252 870 ut
1295 835 1439 887 spem
1496 821 1686 874 salutis
1725 822 1993 877 haberent.
2036 823 2192 877 Nau-

697 914 925 981 fragium
952 909 1132 972 Pauli,
1172 920 1222 964 et
1247 911 1506 977 quantodo
1541 914 1828 970 incolumes
1850 918 2108 970 evaserint
2138 919 2195 971 in

694 1004 936 1058 Melitam
978 1004 1256 1069 insulam;
1297 1020 1473 1070 quave
1509 1006 1772 1060 miracula
1808 1008 1862 1060 in
1896 1009 2013 1076 ipsa
2043 1009 2190 1063 Past-

694 1096 778 1149 lus
812 1096 1124 1163 patraverit.

919 1183 1076 1238 Feria
1136 1182 1171 1236 6
1216 1183 1571 1241 hebdomadas
1621 1185 1886 1257 septimae.

1255 1276 1556 1333 TEXTUS.

696 1366 914 1432 XXVII,
935 1369 1102 1434 l-M;
1131 1367 1376 1434 XXVIII,
1411 1370 1462 1425 I.
1489 1369 1557 1425 Ut
1574 1379 1757 1426 autem
1787 1372 2089 1441 judicatum
2109 1382 2195 1427 est

626 1459 883 1524 navigare
917 1472 1043 1512 eum
1065 1458 1120 1512 in
1150 1458 1385 1525 Italiam,
1411 1467 1465 1514 et
1493 1460 1635 1515 tradi
1664 1462 1896 1516 Paulum
1925 1478 2047 1516 cum
2069 1464 2195 1517 reli—

623 1550 748 1617 quis
773 1547 1042 1605 custodiis
1057 1551 1366 1605 centurioni
1388 1551 1608 1607 nomine
1633 1550 1802 1617 .Iulio,
1823 1554 2068 1609 cohortis
2084 1555 2197 1608 Au-

625 1650 820 1708 gustae,
837 1645 1195 1697 ascendentes
1212 1656 1402 1696 navem
1416 1642 1850 1708 Adrumetinam,
1869 1645 2196 1715 incipientes

628 1732 884 1801 navigare
909 1733 1052 1785 circa
1074 1733 1217 1787 Asia:
1249 1734 1390 1796 loca,
1417 1736 1777 1799 sustulimus,
1813 1740 2196 1806 perseverante

628 1824 913 1879 nobiscum
933 1827 1255 1880 Aristarcho
1272 1826 1566 1883 Macedone
1581 1827 2075 1886 Thessalonicensi.
2099 1828 2197 1884 Se-

1548 438 2118 498 TIIEOI’IIYLACTI
2164 442 2573 501 BULGARIEE
2612 440 2963 500 ARCIIIEP.

2224 557 2273 614 A

3727 430 3865 496 1048

2863 550 3114 604 ΚΕΦΔΛ.
3153 546 3280 601 ΑΠ’.

2294 643 2489 709 Πλοῦς
2529 645 2778 698 Παύλου
2836 642 2938 695 ἐπὶ
2978 639 3212 707 Ῥώμην
3234 637 3531 691 κινδύνων
3560 637 3866 689 πλείστων

2366 751 2431 787 τε
2462 736 2557 789 καί
2581 737 2884 804 μεγίστων
2904 732 3252 800 πάμπλεως.
3286 729 3391 782 Ἐν
3424 720 3475 792 ᾧ
3509 728 3865 794 παραίνεσις

2366 828 2613 881 Παύλου
2664 827 2814 893 πρὸς
2860 825 3003 895 τοὺς
3059 824 3185 875 σὺν
3232 819 3394 884 αὐτῷ
3428 821 3559 886 περὶ
3617 817 3870 881 ἐλπίδος

2364 920 2680 986 σωτηρίας.
2714 917 3017 986 [ναυάγιον
3060 915 3324 977 Παύλου,
3359 912 3524 978 ὄπῶς
3552 928 3615 964 τε
3663 910 3872 965 διεσώ-

2366 1013 2569 1077 θησαν
2588 1013 2676 1076 εις
2704 1011 2972 1075 Μελίτην
3002 1008 3114 1074 τὴν
3136 1004 3355 1074 νῆσον,
3381 1006 3479 1058 καί
3521 1004 3641 1058 ὅσα
3670 1003 3741 1057 ἐν
3760 1004 3871 1059 αὺ-

2364 1100 2440 1169 τῆ
2471 1102 2505 1155 ό
2542 1100 2784 1165 Παῦλος
2809 1098 3393 1166 ἐθαυματούρπησεν.

2730 1192 2812 1263 Τῇ
2845 1198 2898 1255 ς’
2929 1191 3027 1258 τῆς
3048 1187 3093 1251 ζ’
3127 1187 3445 1257 ἑϐδομάδος.

2899 1279 3286 1336 ΚΕΙΜΕΝΟΝ.

2374 1376 2465 1437 Ὦς
2536 1376 2593 1428 δὲ
2667 1373 2859 1445 ἐκρίθη
2931 1372 3028 1425 τοῦ
3092 1370 3358 1425 ἀποπλεῖν
3412 1371 3560 1438 ἡμᾶς
3622 1369 3702 1429 είς
3770 1367 3879 1439 τὴν

2296 1447 2544 1531 ⁹Ιταλίαν,
2595 1464 2910 1535 παρεδίδουν
2954 1463 3045 1515 τόν
3097 1477 3159 1514 τε
3237 1458 3448 1513 Παῦλον
3475 1499 3492 1524 ,
3558 1460 3652 1510 καί
3726 1475 3878 1520 τινας

2296 1559 2513 1626 ἐτέρους
2566 1555 2846 1625 δεσμώτας
2878 1593 2893 1615 ,
2957 1549 3330 1619 ἑκατοντάρχῃ
3369 1588 3384 1612 ,
3443 1547 3668 1616 ὀνόματι
3729 1548 3865 1598 Ἰου-

2296 1649 2413 1715 λίφ,
2441 1647 2668 1718 σπείρης
2698 1643 2993 1710 Σεϐαστῆς.
3026 1642 3349 1702 Ἐπιϐάντες
3386 1639 3443 1691 δὲ
3475 1638 3644 1709 πλοίῳ
3680 1638 3873 1707 Ἀδρα-

2301 1740 2539 1811 μυττινῷ
2566 1781 2581 1803 ,
2637 1739 2921 1809 μέλλοντες
2985 1737 3138 1788 πλεῖν
3195 1736 3275 1797 εἰς
3365 1731 3491 1795 τοὺς
3569 1731 3712 1783 κατὰ
3774 1731 3876 1799 τὴν

2298 1830 2488 1883 Ἀσίαν
2516 1829 2734 1893 τόπους,
2757 1825 3094 1895 ἀνήχθημεν,
3130 1824 3281 1886 ϐντος
3303 1824 3400 1876 σὺν
3424 1823 3555 1892 ήμῖν
3580 1822 3637 1872 Ἀ
3649 1822 3878 1890 ριστάρ-

627 1915 814 1979 quanti
845 1924 1027 1969 autem
1070 1916 1160 1970 die
1193 1917 1512 1972 devenimus
1536 1918 1819 1974 Sidonem.
1842 1920 2088 1974 [Inmane
2103 1934 2198 1973 au-

2305 1940 2398 1992 χου
2428 1920 2735 1982 Μακεδόνος
2772 1917 3238 1978 Θεσσαλονικέως.
3280 1916 3359 1986 Τῇ
3389 1931 3449 1966 τε
3520 1913 3685 1983 ἑτέρα
3740 1929 3877 1964 κατ-

628 2017 733 2062 tem
755 2018 998 2064 tractans
1016 2007 1195 2064 Julius
1220 2007 1473 2072 Paulum,
1498 2011 1746 2079 permisit
1771 2012 1839 2066 ad
1860 2013 2063 2065 amicos
2092 2012 2191 2077 ire,

626 2109 679 2152 et
700 2114 891 2153 curam
917 2101 1002 2155 sui
1029 2115 1209 2169 agere.
1236 2102 1300 2153 Et
1320 2102 1583 2156 indecum
1610 2102 2048 2168 sustulissemus,
2067 2105 2198 2159 sub-

629 2192 953 2261 navigamus
980 2191 1242 2261 Cyprum,
1283 2202 1572 2262 propterea
1620 2195 1764 2264 quod
1816 2202 2005 2251 essent
2048 2196 2195 2250 venti

626 2283 915 2336 contrarii.
961 2283 1029 2338 Et
1059 2285 1282 2354 pelagus
1320 2285 1527 2339 Cilicia:
1583 2295 1640 2340 et
1672 2286 2004 2356 Pamphyliae
2036 2287 2197 2340 navi-

626 2385 841 2442 gantes,
877 2376 1129 2429 venimus
1187 2376 1461 2445 Lystram,
1495 2392 1617 2446 quae
1667 2387 1753 2432 est
1792 2376 1969 2447 Lyciae
1994 2394 2008 2431 :
2034 2388 2085 2433 et
2121 2378 2196 2431 ibi

628 2464 914 2518 inveniens
942 2465 1198 2519 centurio
1231 2482 1422 2520 navem
1473 2468 1901 2523 Alexandrinam
1933 2469 2197 2539 navigan-

629 2562 736 2606 tem
770 2553 823 2607 in
855 2553 1088 2616 Italiam,
1129 2555 1473 2625 transposuit
1516 2571 1618 2611 nos
1671 2556 1727 2610 in
1757 2572 1901 2612 eam.
1949 2555 2017 2610 Et
2069 2572 2195 2611 cum

630 2644 819 2698 midtis
852 2643 1048 2699 diebus
1082 2648 1237 2701 tarde
1276 2649 1681 2715 navigaremus,
1714 2658 1770 2704 et
1800 2650 1888 2703 vix
1944 2648 2199 2704 devenis-

629 2751 812 2789 semus
846 2746 1037 2791 contra
1068 2736 1304 2791 Cnidum
1332 2739 1656 2807 prohibente
1686 2754 1785 2796 nos
1812 2750 1994 2804 vento,
2028 2740 2201 2795 adna-

632 2826 877 2891 vigamus
900 2823 1073 2881 Creta:
1101 2827 1257 2896 juxta
1291 2826 1602 2882 Sulmonem
1638 2846 1652 2881 :
1694 2839 1750 2882 et
1777 2828 1861 2882 vix
1891 2828 2050 2898 juxta
2085 2846 2196 2883 na-

631 2919 899 2986 vigantes,
924 2920 1176 2973 venimus
1206 2921 1259 2974 in
1289 2921 1469 2975 locum
1496 2923 1811 2990 quemdam,
1840 2922 1934 2990 qui
1972 2933 2199 2975 vocatur

634 3007 985 3079 Itoniportus,
1018 3011 1106 3064 cui
1130 3012 1290 3080 juxta
1329 3022 1449 3067 erat
1476 3014 1675 3069 civitas
1711 3014 1997 3069 Thalassa.
2033 3014 2201 3069 Multo

634 3112 815 3157 autem
874 3104 1040 3173 310
1091 3114 1334 3174 tempore
1389 3117 1635 3176 peracto,
1671 3119 1885 3162 etcum
1936 3109 2045 3175 jam
2084 3125 2194 3161 non

631 3203 778 3248 esset
812 3203 929 3248 tuta
968 3195 1267 3266 navigatio,
1315 3212 1383 3251 eo
1438 3200 1585 3267 quod
1650 3209 1706 3253 et
1755 3199 2023 3269 jejunium
2088 3200 2197 3267 jam

636 3289 1008 3357 prteteriisset,
1046 3292 1441 3346 consolabatur
1465 3308 1561 3347 eos
1588 3292 1792 3349 I’aulus
1839 3295 2030 3349 dicens
2061 3295 2146 3347 eis
2182 3311 2197 3346 :

636 3383 769 3445 Viri,
792 3383 953 3437 video
976 3383 1235 3451 quoniam
1269 3400 1394 3438 cum
1422 3385 1624 3454 injuria
1666 3395 1721 3440 et
1776 3387 1950 3439 multo
2000 3385 2201 3440 damno

636 3488 740 3526 ¹ιοη
776 3476 955 3527 solum
996 3475 1185 3527 oneris
1206 3483 1262 3527 et
1295 3476 1475 3538 navis,
1528 3476 1625 3530 sed
1682 3476 1847 3529 etiam
1892 3477 2198 3529 animarum

634 3573 947 3617 nostrarum
984 3564 1325 3634 incipitesse
1355 3567 1653 3637 navigatio.
1700 3568 1963 3621 Centurio
2018 3576 2199 3622 autem

634 3655 986 3722 gubernatori
1019 3667 1073 3709 et
1102 3658 1368 3711 nauclero
1395 3660 1569 3727 magis
1609 3658 1885 3719 credebat.
1911 3675 2073 3729 quam
2115 3660 2200 3713 his

634 3762 754 3815 quae
778 3762 807 3799 a
840 3745 1011 3801 Paulo
1038 3748 1387 3802 dicebantur.
1418 3749 1481 3802 Et
1513 3766 1638 3803 cum
1678 3758 1839 3819 aptus
1865 3760 2056 3820 portus
2089 3765 2197 3804 non

634 3847 783 3891 ossa-t
808 3839 874 3891 ad
909 3841 1285 3902 biemandum,
1317 3843 1533 3910 plurimi
1566 3851 1881 3897 statuerunt
1911 3842 2201 3897 consilium

639 3930 892 3998 navigare
926 3930 1073 3991 inde.
1124 3933 1169 3983 si
1211 3933 1489 3998 quomodo
1555 3942 1799 4002 possent,
1849 3934 2203 3987 devenientes

639 4019 954 4081 Plimnicen,
982 4019 1241 4084 hiemare,
1273 4034 1486 4089 portum
1508 4023 1687 4077 Cretae
1722 4026 2101 4092 respicientem
2136 4025 2201 4079 ad

636 4109 881 4163 Africum
933 4119 990 4164 et
1028 4110 1094 4162 ad
1129 4111 1351 4164 Corum.
1404 4114 1693 4181 Aspirante
1748 4125 1929 4168 autem
1979 4116 2200 4179 Austro,

637 4200 973 4255 aestimantes
996 4204 1329 4269 prepositum
1358 4218 1416 4257 se
1448 4213 1653 4270 tenere,
1691 4221 1816 4259 cum
1851 4208 2204 4260 sustulissent

640 4292 703 4342 de
730 4291 931 4354 Asson,
968 4290 1219 4361 legebant
1255 4292 1494 4347 Cretam.
1528 4294 1643 4349 Non
1674 4304 1798 4364 post
1845 4297 2077 4349 multum
2103 4312 2201 4349 au-

640 4392 746 4434 tem
777 4382 924 4435 misit
957 4398 1015 4437 se
1044 4393 1235 4435 contra
1275 4385 1450 4452 ipsam
1477 4395 1673 4439 ventus
1709 4386 2079 4455 Typhonicus,
2109 4387 2201 4454 qui

639 4485 868 4528 vocatur
901 4475 1258 4545 Euroaquilo.
1285 4476 1532 4547 Cumque
1563 4487 1779 4547 arrepta
1819 4489 1965 4533 esset
2017 4480 2197 4541 navis,

634 4576 685 4616 rt
714 4582 823 4619 non
858 4575 1040 4634 posset
1085 4568 1357 4636 respicere
1394 4567 1408 4638 Ι
1439 4570 1625 4623 conari
1660 4569 1669 4639 |
1713 4578 1902 4624 contra
1957 4580 2199 4633 ventum,

635 4660 758 4711 data
814 4673 952 4713 nave
991 4657 1234 4725 ﬂatibus,
1270 4660 1595 4715 ferebamur.
1632 4662 1691 4713 In
1726 4661 1957 4715 insulam
2014 4670 2197 4716 autem

633 4754 923 4823 quamdam
946 4754 1305 4812 decurrentes
1336 4770 1456 4821 qua:
1505 4765 1728 4809 vocatur
1779 4756 1989 4819 Cauda,
2024 4755 2201 4825 potui—

636 4862 758 4899 mus
786 4845 875 4898 vix
901 4847 1151 4899 obtinere
1180 4846 1462 4915 scapham.
1487 4845 1605 4911 Qua
1634 4847 1875 4911 sublata,
1909 4846 2200 4915 adjutoriis

634 4936 929 4987 utebantur
953 4935 1303 5002 accingentes
1336 4950 1550 5000 navem,
1587 4936 1842 4991 timentes
1875 4952 1941 4991 ne
1986 4938 2040 4990 in
2068 4936 2193 5006 Syr-

634 5028 728 5077 tim
749 5026 1069 5089 inciderent,
1089 5027 1363 5082 submisso
1386 5043 1511 5081 vase
1531 5027 1613 5082 sic
1638 5029 1972 5084 ferebantur.
2004 5029 2191 5084 Valida

634 5129 813 5171 autem
841 5120 998 5173 nobis
1032 5129 1352 5187 tempestate
1400 5120 1656 5187 jactatis,
1715 5123 1965 5192 sequenti
1998 5123 2086 5176 die
2113 5122 2200 5191 ja-

634 5218 781 5263 ctum
819 5208 1101 5278 fecerunt;
1134 5220 1187 5264 et
1214 5214 1373 5265 tertia
1418 5213 1507 5266 die
1548 5214 1663 5267 suis
1704 5216 1964 5269 manibus
2019 5230 2195 5268 arma.

634 5312 817 5354 menta
850 5300 1003 5355 navis
1036 5303 1407 5371 projeceruut.
1436 5303 1626 5374 Neque
1656 5316 1841 5362 autem
1867 5308 2001 5370 sole,
2023 5322 2200 5375 neque

636 5392 914 5449 sideribus
946 5395 1341 5463 apparentibus
1377 5413 1472 5464 per
1503 5388 1684 5465 plures
1729 5398 1868 5461 dies,
1902 5412 1954 5453 et
1988 5408 2197 5467 tempe—

635 5495 775 5538 state
813 5502 919 5539 non
947 5487 1144 5555 exigua
1191 5487 1526 5553 imminente,
1552 5488 1663 5555 jam
1695 5489 1875 5543 ablata
1928 5500 2045 5543 erat
2075 5504 2200 5556 spes

636 5580 817 5630 omnis
847 5578 1045 5631 salutis
1072 5586 1293 5633 nostrae.
1328 5577 1394 5631 Et
1424 5593 1548 5633 cum
1582 5579 1749 5633 multa
1781 5580 2049 5649 jejunatio
2077 5580 2205 5633 fuis-

641 5676 747 5729 ενι,
780 5680 911 5723 tunc
941 5678 1098 5723 stans
1156 5671 1359 5723 Paulus
1404 5671 1457 5722 in
1517 5672 1695 5723 medio
1745 5685 1957 5734 eorum,
2016 5671 2197 5723 dixit:

636 5759 934 5825 Oportebat
959 5760 1203 5827 quidem,
1234 5778 1267 5812 o
1308 5761 1430 5811 viri.
1460 5761 1645 5813 audito
1678 5775 1782 5823 me,
1816 5776 1922 5813 non
1957 5761 2144 5813 tolli-re
2172 5778 2199 5813 a

639 5853 816 5915 facta,
851 5850 1097 5921 Iucrique
1148 5853 1322 5907 facere
1353 5853 1608 5923 injuriam
1656 5854 1797 5909 hanc
1829 5864 1877 5908 et
1909 5854 2197 5922 iacturam,

2306 2012 2551 2085 ήχθημεν
2590 2012 2672 2075 είς
2717 2010 2945 2064 Σιδῶνα.
2974 2004 3375 2077 Φιλανθρῶπως
3402 2022 3462 2057 τε
3490 2005 3520 2055 ὁ
3553 2003 3771 2063 Ἰούλιος
3798 2002 3882 2069 τῷ

2307 2105 2508 2175 Παύλῳ
2567 2103 2936 2175 χρησάμενος,
2984 2099 3277 2169 ἐπέτρεψε,
3330 2098 3469 2166 πρὸς
3513 2096 3641 2156 τοὺς
3690 2094 3882 2162 φίλους

2304 2196 2650 2268 πορευθέντι,
2686 2192 3006 2263 ἐπιμελείας
3034 2193 3238 2260 τυχεῖν.
3292 2188 3564 2241 Κάκεῖθεν
3618 2184 3884 2254 ἀναχθέν-

2302 2307 2417 2353 τες,
2448 2286 2868 2354 ἐπεπλεύσαμεν
2901 2283 3077 2356 [νοις.
3135 2279 3331 2351 ὑπεπ]
3362 2282 3460 2349 τὴν
3507 2278 3731 2349 Κύπρον
3791 2276 3887 2328 διὰ

2304 2381 2370 2434 τὸ
2406 2381 2531 2443 τοὺς
2553 2379 2789 2448 ἀνέμους
2815 2377 3091 2436 ἐναντίους
3117 2370 3278 2427 εῖναι.
3321 2370 3395 2425 Τό
3419 2387 3478 2422 τε
3523 2368 3758 2436 πέλαγος
3816 2369 3882 2418 τὸ

2306 2471 2448 2526 κατὰ
2474 2472 2577 2542 τὴν
2614 2470 2867 2523 Κιλικίαν
2918 2470 3012 2521 καὶ
3050 2464 3364 2535 Παμφιλίαν
3423 2461 3878 2524 διαπλεύσαντες,

2304 2562 2647 2634 κατήλθομεν
2675 2563 2755 2623 είς
2784 2560 2947 2630 Μύρα
3002 2559 3102 2626 τῆς
3149 2556 3373 2618 Λυκίας.
3410 2555 3585 2607 Κάκεῖ
3635 2550 3813 2620 εὑρὼν
3848 2551 3879 2601 ό

2307 2654 2715 2725 ἑκατοντάρχης
2742 2651 2925 2705 πλοῖον
2974 2647 3376 2716 Ἀλεξανδρινὸν
3422 2645 3588 2697 πλέον
3632 2644 3713 2703 είς
3767 2642 3875 2709 τὴν

2319 2745 2573 2809 Ἰταλίαν,
2634 2742 2960 2798 ἀνεϐίϐασεν
3005 2742 3153 2810 ἡμᾶς
3186 2741 3268 2801 είς
3317 2736 3469 2791 αὑτό.
3514 2736 3602 2787 Ἐν
3661 2734 3883 2795 ἱκαναῖς

2305 2838 2361 2891 δὲ
2388 2836 2623 2907 ἡμέραις
2650 2833 3102 2907 βραδυπλοῦντες,
3120 2832 3212 2884 καὶ
3239 2828 3390 2897 μόλις
3409 2826 3692 2895 γενόμενοι
3734 2826 3884 2877 κατὰ

2305 2932 2406 2997 τὴν
2444 2929 2658 2991 Κνίδον,
2686 2927 2760 2997 μὴ
2789 2926 3105 2995 προσιόντος
3131 2923 3302 2995 [νοις.
3331 2916 3699 2989 προσεῶντος]
3728 2918 3883 2985 ἡμᾶς

2306 3020 2402 3074 τοῦ
2429 3021 2654 3089 ἀνέμου,
2679 3018 3099 3085 ὑπεπλεύσαμεν
3128 3014 3229 3085 τὴν
3266 3014 3492 3082 Κρήτην
3540 3008 3689 3063 κατὰ
3735 3009 3880 3060 Σαλ-

2312 3111 2527 3181 μώνηνο
2566 3110 2719 3180 μόλις
2744 3127 2804 3162 τε
2831 3107 3269 3179 παραλεγόμενοι
3303 3103 3493 3173 αὐτὴν,
3522 3101 3763 3173 ἧλθομεν
3798 3101 3884 3160 είς

2309 3206 2474 3257 τόπον
2518 3204 2640 3255 τινὰ
2700 3202 3032 3270 καλούμενον
3080 3197 3293 3258 Καλοὺς
3328 3195 3588 3263 λιμένας,
3706 3191 3880 3257 ἐγγὺς

2306 3289 2374 3364 ἦν
2408 3293 2558 3355 πόλις
2608 3291 2841 3344 Λασαία.
2886 3287 3091 3342 Ἱκανοῦ
3130 3288 3187 3339 δὲ
3212 3286 3405 3356 χρόνου
3453 3282 3867 3350 διαγενομένου,

2309 3386 2406 3438 καὶ
2448 3384 2601 3445 ὄντος
2635 3382 2737 3452 ήδη
2769 3378 3105 3447 ἐπισφαλοῦς
3132 3378 3225 3431 τοῦ
3257 3377 3437 3440 πλοὸς,
3469 3376 3554 3428 διὰ
3579 3373 3640 3425 τὸ
3665 3371 3882 3441 καὶτὴν

2308 3473 2563 3544 νηστείαν
2596 3471 2696 3539 ήδη
2722 3466 3174 3538 παρεληλυθέναι,
3203 3463 3434 3534 παρῄνει
3461 3463 3489 3513 ὁ
3520 3458 3726 3520 Παῦλος
3749 3499 3764 3521 ,
3791 3456 3884 3508 λέ-

2303 3583 2415 3633 γων
2455 3566 2668 3626 αὐτοῖς·
2709 3561 2955 3630 Ἄνδρες,
2999 3557 3210 3628 θεωρῶ,
3241 3558 3322 3608 ὅτι
3374 3552 3495 3623 μεθ’
3532 3551 3743 3621 ὕϐρεως
3784 3549 3885 3601 καὶ

2304 3659 2503 3725 πολλῆς
2526 3655 2749 3725 ζημίας,
2771 3654 2832 3704 ού
2871 3653 3029 3720 μόνον
3052 3650 3147 3704 τοῦ
3175 3648 3373 3719 φόρτου
3406 3647 3503 3698 καὶ
3526 3644 3621 3695 τοῦ
3668 3640 3884 3702 πλοίου,

2306 3748 2442 3802 ἀλλὰ
2473 3748 2568 3797 καὶ
2589 3743 2698 3797 τῶν
2714 3742 2899 3813 ψυχῶν
2919 3741 3073 3812 ἡμῶν
3095 3741 3311 3809 μέλλειν
3331 3738 3548 3791 ἔσεσθαι
3578 3736 3669 3786 τὸν
3688 3734 3881 3787 πλοῦν.

2317 3843 2375 3895 Ὀ
2395 3842 2451 3895 δὲ
2471 3837 2997 3909 ἑκατοντάρχης,,τῷ
3016 3836 3344 3905 κυϐερνήτῃ,
3374 3832 3468 3885 καὶ
3496 3830 3573 3900 τῷ
3594 3828 3795 3895 ναυκλή
3806 3844 3891 3896 ρῳ

2308 3934 2510 4003 μᾶλλον
2544 3931 2814 3995 ἐπείθετο,
2843 3930 2877 3999 ἦ
2911 3931 3025 3991 τοῖς
3054 3928 3157 3980 ὑπὸ
3175 3926 3268 3979 τοῦ
3294 3925 3506 3978 Παύλου
3538 3922 3881 3989 λεγομένοις.

2316 4024 2633 4077 Ἀνευθέτου
2661 4022 2719 4075 δὲ
2746 4019 2841 4073 τοῦ
2877 4020 3093 4088 λιμένος
3129 4017 3468 4085 ὑπάρχοντος
3518 4012 3654 4080 πρὸς
3691 4028 3887 4071 παρα-ν

2303 4115 2620 4184 χειμασίαν,
2655 4116 2705 4166 οἱ
2744 4113 2961 4174 πλείους
2988 4112 3173 4163 ἔθεντο
3205 4108 3401 4177 βουλὴν
3429 4104 3731 4174 ἀναχθῆναι
3778 4103 3885 4153 κ-Σι-

2304 4208 2504 4268 κεῖθεν,
2534 4205 2588 4258 εἴ
2618 4223 2732 4266 πως
2760 4203 3008 4257 δύναιντο
3044 4200 3483 4269 καταντήσαντες
3529 4198 3608 4257 εἰς
3660 4193 3888 4245 Φοίνικα

2306 4297 2741 4367 παραχειμάσαι,
2777 4297 2969 4364 λιμένα
2997 4296 3094 4362 τῆς
3119 4294 3365 4360 Κρήτης,
3418 4288 3684 4356 βλέποντα
3740 4287 3887 4335 κατὰ

2304 4390 2474 4445 Λίϐαν
2504 4389 2675 4460 [νυΙε.
2701 4385 2867 4456 Λίϐα]
2898 4386 2994 4438 καὶ
3027 4384 3168 4436 κατὰ
3192 4381 3403 4450 Χῶρον.
3467 4375 3849 4430 ’Υποπνεύσαν
3868 4405 3886 4415 ς

2304 4502 2394 4547 τος
2428 4484 2486 4536 δὲ
2522 4485 2696 4545 νότου,
2724 4481 2975 4545 δόξαντες
3032 4478 3130 4547 τῆς
3166 4475 3477 4547 προθέσεως
3532 4471 3883 4539 κεκρατηκέ-

2304 4593 2414 4636 ναι,
2444 4574 2671 4643 ἄραντες
2693 4557 2896 4624 ’Ἀσσον
2946 4568 3308 4637 παρελέγοντο
3338 4565 3437 4632 τὴν
3472 4564 3717 4632 Κρήτην.
3742 4562 3883 4613 Μετ’

2306 4666 2364 4717 οὑ
2416 4663 2548 4716 πολὺ
2582 4663 2639 4715 δὲ
2685 4662 2847 4714 ἔϐαλε
2902 4661 3022 4713 κατ’
3055 4659 3225 4728 αὐτῆς
3273 4657 3474 4725 ἄνεμος
3516 4652 3822 4720 τυφωνικὸς
3854 4652 3885 4701 ὁ

2307 4754 2640 4822 καλούμενος
2697 4750 3072 4821 Εὑροκλύδων.
3124 4745 3608 4817 Συναρπασθέντος
3661 4743 3717 4793 δὲ
3783 4741 3881 4793 τοῦ

2306 4844 2515 4907 πλοίου,
2557 4842 2653 4896 καὶ
2683 4841 2761 4911 μὴ
2783 4842 3086 4909 δυναμένου
3112 4836 3516 4906 ἀντοφθαλμεῖν
3543 4833 3623 4901 τῷ
3667 4831 3883 4899 ἀνέμῳ,

2306 4936 2577 4997 ἐπιδόντες
2623 4932 2950 5003 ἐφερόμεθα.
3014 4930 3219 4999 Νησίον
3270 4928 3328 4981 δέ
3376 4946 3427 4980 τι
3472 4924 3885 4995 ὑποδραμόντες

2307 5028 2637 5097 καλούμενον
2663 5026 2930 5096 Κλαύδην,
2975 5025 3126 5094 μόλις
3162 5023 3462 5093 ἰσχύσαμεν
3514 5021 3879 5088 περικρατεῖς

2305 5121 2557 5190 γενέσθαι
2568 5119 2666 5187 τῆς
2690 5119 2902 5189 σκάφης
2922 5134 2936 5146 ·
2964 5118 3027 5186 ἢν
3046 5116 3301 5186 ἄραντες,
3320 5112 3595 5183 βοηθείαις
3614 5109 3880 5179 ἐχρῶντο,

2308 5212 2711 5275 ὑποζωννύντες
2734 5211 2795 5262 τὸ
2827 5211 3012 5262 πλοῖον
3032 5226 3045 5239 ·
3085 5205 3411 5275 φοϐούμενοί
3440 5222 3498 5256 τε
3536 5203 3612 5272 μὴ
3640 5204 3721 5264 εἰς
3780 5200 3883 5269 τὴν

2306 5303 2520 5373 Σύρτην
2570 5301 2587 5373 [
2612 5304 2755 5371 vulg.
2803 5299 3024 5371 Σύρτιν]
3065 5298 3364 5360 ὶκπέσωσι,
3427 5294 3766 5362 χαλάσαντες
3816 5292 3883 5342 τὸ

2308 5394 2518 5459 σκεῦος,
2549 5392 2719 5455 οὕτως
2762 5392 3036 5461 ἐφέροντο.
3076 5388 3328 5458 Στοδρῶς
3350 5388 3407 5439 δὲ
3462 5382 3881 5455 χειμαζομένων

2307 5487 2481 5555 ήμῶν,
2509 5488 2575 5555 τῇ
2637 5484 2765 5553 ἑξῆς
2817 5483 3043 5553 ἐκϐολὴν
3103 5480 3400 5539 ἐποιοῦντο,
3461 5480 3555 5531 καὶ
3606 5479 3672 5545 τῇ
3715 5475 3885 5543 τρίτῃ

2306 5578 2618 5645 αὐτόχειρες
2659 5576 2755 5645 τὴν
2808 5575 3006 5645 σκευὴν
3058 5572 3152 5626 τοῦ
3198 5573 3381 5625 πλοίου
3405 5568 3733 5639 ὲρῤίψαμεν.
3760 5567 3885 5634 Μή-

2308 5688 2365 5722 τε
2390 5671 2446 5721 δὲ
2482 5670 2654 5737 ἡλίου,
2688 5671 2823 5738 μήτε
2856 5668 3071 5735 ἄστρων
3127 5667 3520 5732 ἐπιφαινόντων
3558 5664 3651 5715 ἐπὶ
3698 5660 3885 5713 πλείο-

2308 5782 2401 5826 νας
2430 5765 2659 5832 ἡμέρας,
2711 5762 2975 5832 χειμῶνός
3022 5779 3081 5813 τε
3116 5763 3213 5813 οὐκ
3266 5760 3448 5827 ὀλίγου
3505 5757 3883 5823 ἐπικειμένου,

2308 5857 2494 5912 istro
2530 5859 2841 5924 περιηρείτο
2876 5857 3022 5907 πᾶσα
3052 5855 3208 5915 ἐλπὶς
3270 5853 3363 5905 τοῦ
3392 5850 3661 5912 οὼζπθαι
3710 5848 3879 5917 ἡμᾶς,
