4164 6444
222 457 361 521 10119

783 457 1321 520 EXPOSITIONIS
1365 459 1440 519 [Ν
1477 460 1665 518 ACTA
1701 459 2002 521 TEXTUS
2033 461 2305 520 ALTER.
2341 485 2407 496 --
2435 461 2592 521 CAP.
2634 462 2907 522 XXVIII.

3328 460 3467 526 1050

220 574 423 640 πολλῆς
461 589 518 624 τε
547 571 757 633 ἀσιτίας
797 572 1147 642 ὑπαρχούσης
1167 611 1182 635 ,
1217 573 1338 625 τότε
1363 574 1576 638 σταθεὶς
1601 575 1790 628 60a?)-

1896 572 1956 627 Et
1990 589 2136 628 nunc
2162 574 2367 628 suadeo
2395 575 2550 627 vobis
2603 575 2746 627 bono
2779 575 2962 627 animo
3018 587 3177 635 esse;
3239 575 3466 630 amissio

216 667 303 730 λος
337 672 398 720 ὲν
423 667 573 736 μέσῳ
606 665 806 728 αὑτῶν,
837 663 953 718 εἷπε
973 683 988 698 ο
1020 668 1166 719 Ἐδει
1191 669 1308 738 μὲν,
1335 665 1379 722 ὦ
1406 669 1616 740 ἄνδρες,
1645 671 1793 724 πειο-

215 759 571 830 αρχήσαντὰς
618 775 730 825 μοι.
781 758 855 828 μὴ
905 759 1202 825 ἀνάγεσθαι
1245 761 1353 813 ἀπὸ
1395 763 1492 829 τῆς
1546 764 1791 832 Κρήτης,

217 851 484 920 κερδῆσαί
511 867 570 902 τε
595 851 695 917 τὴν
729 849 885 918 ὕϐριν
917 851 1012 902 καὶ
1030 851 1132 919 τὴν
1161 851 1364 920 ζημίαν
1421 853 1644 922 ταύτην.
1683 856 1793 908 Καὶ

218 943 390 996 τανῦν
407 943 659 1012 παραινῶ
695 943 841 1009 ὑμᾶς
875 944 1133 1012 εὐθυμεῖν
1156 960 1169 972 -
1194 944 1435 1014 ἀποϐολὴ
1467 946 1576 1014 γὰρ
1611 947 1788 1016 ψυχῆς

215 1035 444 1103 οὐδεμία
492 1035 643 1087 ἔσται
675 1035 733 1100 ἐξ
780 1035 951 1106 ὑμῶν,
983 1037 1123 1108 πλὴν
1153 1037 1247 1089 τοῦ
1281 1037 1489 1091 πλοίου.
1538 1039 1787 1110 Παρέστη

214 1128 325 1197 γάρ
353 1143 445 1195 μοι
475 1127 646 1196 ταύτῃ
679 1127 831 1178 νυκτὶ
857 1126 1089 1194 ἄγγελος
1111 1128 1205 1181 τοῦ
1223 1122 1437 1198 Θεοῦ.οὗ
1464 1131 1598 1198 εἰμι,
1623 1123 1666 1195 ᾧ
1701 1130 1794 1182 καὶ

217 1217 489 1287 λατρεύω,
515 1217 690 1286 λέγων
711 1235 724 1249 ·
752 1218 844 1289 Μὴ
877 1218 1067 1287 φοϐοῦ,
1117 1221 1318 1283 Παῦλε,
1363 1222 1602 1290 Καίσαρί
1628 1238 1687 1273 σε
1713 1223 1794 1275 δεῖ

219 1312 574 1380 παραστῆναι
596 1329 612 1344 ο
641 1311 735 1363 καὶ
773 1313 880 1365 ἰδοὺ
911 1314 1233 1383 κεχάρισταί
1267 1331 1349 1367 σοι
1379 1317 1408 1367 δ
1433 1315 1566 1378 Θεὸς
1587 1315 1795 1379 πάντας

213 1406 338 1465 τοὺς
380 1405 644 1465 πλέοντας
693 1405 830 1471 μετὰ
885 1404 1000 1457 σοῦ.
1038 1404 1127 1456 Διὸ
1187 1405 1504 1476 εὐθυμεῖτε,
1556 1408 1748 1478 ἄνδρες
1776 1425 1791 1439 ο

213 1493 461 1544 πιστεύω
493 1492 601 1560 γὰρ
631 1491 709 1561 τῷ
744 1492 883 1559 Θεῷ,
905 1493 987 1544 ὃτι
1015 1491 1188 1555 οὕτως
1221 1493 1395 1556 ἔσται,
1422 1494 1544 1547 καθ’
1569 1493 1629 1546 δν
1667 1495 1794 1562 τρό-

212 1600 318 1636 πον
345 1583 638 1652 λελάληταί
666 1601 774 1651 μοι.
800 1583 893 1644 Είς
923 1582 1084 1652 νῆσον
1111 1582 1165 1636 δέ
1195 1601 1313 1635 τινα
1342 1585 1426 1635 δεῖ
1447 1583 1593 1652 ἡμᾶς
1627 1585 1793 1637 ἐκπεσ-

214 1676 357 1728 σεῖν.
405 1674 491 1737 Ὠς
521 1673 576 1726 δὲ
601 1674 1176 1743 τεσσαρεσκαιδεκάτη
1207 1673 1306 1738 νὺξ
1329 1675 1567 1741 ἐγένετο,
1607 1675 1797 1742 διαφε-

214 1763 465 1831 ρομένων
487 1761 646 1830 ἡμῶν
678 1763 738 1813 ὲν
784 1759 866 1830 τῷ
919 1761 1121 1832 Ἀδρίᾳ,
1176 1761 1318 1816 κατὰ
1359 1761 1420 1815 τδ
1471 1763 1636 1832 μέσον
1694 1764 1794 1833 τῆς

213 1853 436 1917 νυκτὸς,
469 1853 730 1906 ὑπενόουν
750 1855 798 1906 ei
833 1851 1026 1906 ναῦται
1060 1850 1404 1922 προῘσῙάγειν
1438 1853 1561 1906 τινὰ
1610 1855 1793 1919 αὐτοῖς

207 1946 419 2016 χώραν,
451 1945 548 1998 καὶ
577 1945 907 2015 βολίσαντες,
934 1937 1092 2014 εῦρον
1120 1943 1348 2014 ὀργυιὰς
1369 1944 1543 1997 εῖκοσι
1567 1961 1583 1976 ο
1618 1944 1791 2016 βραχὺ

206 2040 263 2092 δὲ
283 2039 697 2108 διαστήσαντες,
718 2039 810 2090 καὶ
834 2037 995 2089 πάλιν
1019 2036 1352 2106 βολίσαντες,
1382 2030 1539 2106 εῦρον
1563 2037 1793 2106 ὀργυιὰς

207 2132 509 2185 δεκαπέντε
535 2148 548 2162 ·
583 2130 907 2199 φοϐούμενοί
939 2145 1020 2194 τε,
1049 2129 1124 2197 μή
1165 2145 1282 2191 πως
1324 2131 1403 2190 εἰς
1427 2131 1649 2198 τραχεῖς
1697 2128 1793 2181 τόο

209 2241 348 2284 πους
377 2221 704 2285 ἐκπέσωσιν,
729 2222 793 2274 ἐκ
847 2219 1102 2291 πρύμνης
1137 2219 1389 2288 ῥίψαντες
1403 2218 1652 2289 ἀγκύρας
1668 2219 1794 2272 τέσ-

213 2332 414 2383 σαρας,
443 2313 672 2384 ηὔχοντο
694 2313 906 2384 ἡμέραν
927 2313 1204 2380 γενέσθαι.
1228 2311 1424 2364 Τῶνδὲ
1461 2311 1670 2365 ναυτῶν
1688 2310 1788 2380 ξη-

206 2405 456 2457 τούντων
482 2405 679 2471 φυγεῖν
706 2405 770 2455 ὲκ
807 2403 901 2456 τοῦ
928 2404 1136 2469 πλοίου,
1170 2403 1267 2458 καὶ
1297 2401 1648 2473 χαλασάντων
1691 2402 1791 2472 τὴν

210 2495 433 2562 σκάφην
455 2495 536 2556 είς
555 2493 657 2564 τὴν
705 2493 1004 2556 θάλασσαν,
1033 2494 1306 2563 προφάσει
1352 2496 1426 2558 ὡς
1453 2497 1517 2547 ἐκ
1562 2493 1790 2562 πρώρας

213 2587 522 2652 μελλόντων
565 2584 814 2654 ἀγκύρας
865 2583 1154 2647 ὲκτείνειν,
1213 2582 1365 2638 εἶπεν
1401 2586 1429 2638 ὁ
1473 2585 1682 2649 Παῦλος
1712 2584 1791 2655 τῷ

211 2677 590 2746 ἑκανοντὰρχῃ
617 2679 709 2728 καὶ
738 2679 850 2738 τοῖς
895 2675 1252 2744 στρατιώταις
1273 2693 1288 2708 ·
1352 2677 1482 2730 Ἐὰν
1520 2678 1593 2745 μὴ
1642 2668 1790 2730 οῦτοι

213 2770 479 2837 μείνωσιν
513 2767 574 2819 ὲν
595 2767 676 2836 τῷ
703 2767 898 2832 πλοίῳ,
938 2768 1100 2836 ὑμεῖς
1149 2767 1390 2838 σωθῆναι
1440 2769 1501 2822 οὐ
1538 2769 1786 2822 δύνασθε.

210 2857 346 2913 Τότε
379 2859 434 2910 oi
465 2856 799 2926 στρατιῶται
828 2855 1113 2925 ἀπέκοψαν
1149 2855 1218 2908 τὰ
1263 2855 1473 2924 σχοινία
1510 2856 1609 2923 τῆς
1656 2856 1790 2908 σκά-

211 2965 340 3020 φης,
368 2948 465 3000 καὶ
487 2948 674 3000 εῐασαν
705 2946 876 3016 αὑτὴν
903 2948 1178 3000 ἐκπεσεῖν.
1211 2947 1374 3015 Ἀχρι
1433 2946 1490 2998 δὲ
1530 2938 1591 3000 οῦ
1627 2946 1788 3015 ἔμελ-

213 3042 305 3093 λεν
335 3040 553 3110 ἡμέραν
579 3039 856 3108 γενέσθαι,
887 3039 1189 3108 παρεκάλει
1209 3041 1238 3092 ὁ
1285 3037 1498 3102 Παῦλος
1541 3038 1789 3102 ἅπαντας

222 3133 551 3208 μεταλαϐεῖν
609 3133 839 3202 τροφῆς,
909 3133 1122 3200 λέγων’
1179 3132 1788 3202 Τεσσαρεσκαιδεκάτην

1894 666 2041 722 enim
2102 667 2308 720 nullius
2357 666 2554 720 animae
2603 668 2705 720 erit
2753 681 2818 720 ex
2855 666 3034 730 vobis,
3099 677 3464 735 praeterquam

1895 756 2074 812 navis.
2110 756 2298 811 Astitit
2315 758 2460 810 enim
2489 755 2619 808 mihi
2653 756 2752 810 hac
2777 764 2936 811 nocte
2961 757 3185 826 angelus
3217 758 3332 819 Dei,
3361 773 3462 810 cu-

1891 849 1984 918 jus
2007 865 2127 905 sum
2161 865 2264 920 ego
2297 858 2350 905 et
2383 851 2471 904 cui
2507 849 2784 911 deservio,
2843 849 3037 905 dicens
3067 867 3081 904 :
3109 849 3186 904 Ne
3247 850 3460 914 timeas,

1895 941 2076 1006 Paule,
2101 940 2297 996 Caesari
2333 950 2386 996 te
2419 951 2634 1011 oportet
2665 942 2925 996 assistere
2951 959 2964 994 :
2993 953 3048 996 et
3081 956 3209 996 ecce
3241 940 3467 995 donavit

1895 1035 1990 1089 tibi
2019 1035 2161 1090 Deus
2195 1049 2386 1089 omnes
2423 1035 2514 1104 qui
2545 1036 2806 1104 navigant
2829 1047 3028 1089 tecum.
3063 1035 3291 1099 Propter
3315 1033 3462 1105 quod

1896 1127 2038 1180 bono
2067 1126 2252 1178 animo
2284 1133 2484 1186 estote,
2521 1123 2624 1177 viri
2655 1142 2668 1177 :
2694 1125 2857 1179 credo
2890 1125 3032 1179 enim
3074 1125 3202 1187 Deo,
3228 1125 3353 1193 quia
3382 1126 3466 1178 sic

1894 1217 2020 1282 erit,
2051 1217 2510 1286 quemadmodum
2537 1215 2746 1270 dictum
2787 1223 2871 1270 est
2903 1216 3058 1276 mihi.
3119 1215 3174 1270 ln
3230 1216 3464 1269 insulam

1894 1319 2075 1364 autem
2097 1307 2388 1378 quamdam
2426 1316 2639 1376 oportet
2664 1321 2764 1362 nos
2789 1308 3066 1361 devenire.
3094 1306 3200 1361 Sed
3251 1317 3466 1376 postea-

1894 1417 2056 1471 quam
2088 1412 2282 1471 quarta
2310 1400 2520 1455 decima
2556 1414 2662 1453 nox
2697 1401 3041 1468 supervenit,
3077 1399 3464 1468 navigantibus

1895 1491 2054 1546 nobis
2080 1492 2134 1546 in
2164 1490 2329 1545 Adria
2363 1491 2510 1545 circa
2555 1491 2789 1545 mediam
2819 1498 3058 1553 noctem,
3099 1491 3465 1558 suspicaban-

1893 1591 1982 1638 tur
2019 1592 2194 1638 nauta:
2247 1597 2508 1653 apparere
2535 1574 2660 1636 “sibi
2693 1583 2929 1652 aliquam
2962 1583 3260 1653 regionem.
3290 1581 3468 1646 Quiet

1892 1674 2277 1731 submittentes
2313 1674 2571 1736 bolidem,
2601 1673 2930 1727 invenerunt
2983 1687 3184 1741 passus
3234 1673 3449 1743 viginti,

1894 1771 1948 1818 et
1985 1765 2243 1832 pusillum
2275 1765 2399 1817 inde
2431 1764 2668 1831 separati
2729 1765 3058 1818 invenerunt
3081 1780 3275 1834 passus
3299 1765 3464 1834 quin-

1895 1855 2093 1909 decim.
2124 1853 2404 1908 Timentes
2437 1863 2617 1909 autem
2650 1869 2720 1907 ne
2741 1855 2795 1908 in
2820 1870 3011 1923 aspera
3046 1857 3166 1908 loca
3190 1857 3463 1912 incidere-

1894 1960 2039 2005 mus.
2065 1943 2134 1998 de
2165 1944 2328 2013 puppi
2373 1943 2660 1998 mittentes
2701 1943 2969 1998 anchoras
3019 1953 3277 2012 quatuor,
3309 1951 3465 2013 Opta-

1895 2037 2023 2091 bant
2072 2035 2217 2090 diem
2268 2035 2405 2088 ﬁeri.
2444 2033 2630 2090 Nautis
2670 2049 2804 2090 vero
2854 2035 3228 2105 quaerentibus
3283 2035 3467 2103 fugere

1893 2130 1960 2184 de
1999 2129 2144 2188 navi.
2173 2143 2297 2182 cum
2328 2128 2609 2183 misissent
2635 2129 2895 2196 scapham
2925 2127 2980 2181 in
3029 2143 3200 2188 mare.
3235 2127 3339 2181 sub
3365 2129 3467 2182 ob-

1891 2229 2046 2275 tentu
2072 2221 2230 2288 quasi
2270 2219 2576 2287 inciperent
2613 2232 2644 2271 a
2675 2231 2836 2286 prora
2856 2218 3128 2271 anchoras
3144 2216 3464 2281 extendere,

1891 2311 2029 2366 dixit
2053 2309 2256 2364 Paulus
2279 2308 2588 2362 centurioni
2612 2318 2668 2362 et
2697 2308 2964 2362 militibus
2991 2327 3004 2360 :
3029 2305 3146 2362 Nisi
3179 2307 3230 2360 hi
3255 2308 3309 2360 in
3339 2308 3464 2360 navi

1892 2402 2217 2472 manserint,
2274 2417 2374 2456 vos
2424 2401 2560 2454 salvi
2621 2399 2736 2454 ﬁeri
2805 2415 2914 2453 non
2989 2399 3242 2468 potestis.
3303 2397 3461 2467 311

1892 2495 2046 2550 Tunc
2076 2494 2433 2549 absciderunt
2470 2492 2675 2546 milites
2737 2491 2899 2546 futiles
2947 2491 3185 2561 scaphae,
3215 2499 3268 2545 ct
3316 2489 3464 2558 passi

1892 2597 2017 2642 sunt
2041 2601 2161 2640 eam
2190 2585 2465 2639 excidere.
2494 2583 2560 2637 Et
2589 2599 2714 2637 eum
2750 2583 2836 2636 lux
2882 2583 3152 2651 inciperet
3202 2582 3341 2646 lleri,
3377 2595 3465 2634 ro-

1891 2676 2050 2745 gabat
2070 2674 2270 2727 Paulus
2294 2687 2488 2725 omnes
2509 2685 2727 2725 sumere
2757 2669 2963 2734 cibum,
2990 2669 3182 2723 dicens
3210 2685 3224 2723 :
3257 2668 3464 2734 Quarta

1890 2765 2100 2822 decima
2123 2765 2210 2819 die
2248 2763 2408 2818 hodie
2453 2770 2836 2832 exspectantes
2882 2761 3056 2831 jejuni
3113 2762 3464 2828 permanetis,

1888 2858 2024 2914 nihil
2052 2857 2418 2926 accipientes:
2452 2864 2676 2926 propter
2723 2857 2869 2924 quod
2910 2869 3044 2924 rogo
3074 2870 3173 2908 vos
3211 2853 3466 2923 accipere

1891 2950 2072 3004 cibum
2101 2962 2200 3016 pro
2219 2948 2396 3003 salute
2423 2955 2598 3001 vestra
2631 2947 2801 3012 ;-quia
2844 2946 3046 2999 nullius
3075 2953 3316 3000 vestrum
3369 2959 3468 2998 ca-

1890 3043 2058 3109 pillus
2093 3041 2159 3095 de
2192 3040 2369 3108 capite
2424 3040 2642 3108 peribit.
2673 3039 2740 3093 Et
2772 3054 2894 3094 cum
2941 3038 3057 3092 haec
3097 3037 3341 3100 dixisset,
3373 3052 3467 3090 su-

1892 3145 2046 3184 mens
2081 3144 2302 3199 panem,
2346 3131 2557 3199 gratias
2585 3131 2693 3200 egit
2744 3129 2854 3183 Deo
2894 3129 2948 3182 in
2998 3137 3297 3196 conspectu
3350 3143 3467 3181 om-

213 3224 429 3292 ἡμὲραν
503 3222 741 3290 σήμερον
795 3222 1204 3291 προσδοκῶντες
1238 3261 1254 3286 ,
1321 3222 1489 3291 μηδὲν
1555 3222 1791 3292 προσλα-

1894 3223 2092 3289 nium;
2155 3229 2211 3275 et
2291 3236 2418 3275 cum
2499 3220 2779 3289 fregisset.
2853 3220 3024 3289 coapit
3107 3219 3466 3273 manducare.

214 3317 474 3385 ϐύμενοι,
530 3317 705 3367 ἄσιτοι
749 3315 1077 3367 διατελεῖτεο
1134 3315 1214 3366 διὸ
1280 3313 1586 3382 παρακαλῶ
1646 3314 1790 3380 ὑμᾶς

220 3403 550 3470 μεταλαϐεῖν
590 3405 794 3474 τροφῆς
817 3419 830 3432 ’
871 3403 1026 3454 τοῦτο
1057 3400 1165 3471 γὰρ
1222 3402 1358 3471 πρὸς
1387 3401 1486 3470 τῆς
1521 3401 1791 3470 ὑμετέρας

216 3491 492 3560 σωτηρίας
526 3491 782 3559 ὑπάρχει.
813 3489 1040 3552 Οὐδενὸς
1071 3491 1180 3559 γὰρ
1217 3489 1371 3558 ὑμῶν
1417 3489 1540 3558 θρὶξ
1589 3490 1652 3540 ἐκ
1693 3490 1792 3556 τῆς

213 3583 462 3650 κεφαλῆς
498 3582 796 3637 ἀπολεῖται.
833 3581 1017 3634 Είπὼν
1045 3581 1102 3634 δὲ
1127 3581 1325 3645 ταῦτα,
1356 3582 1452 3634 καὶ
1480 3581 1659 3634 λαϐὼν
1687 3580 1789 3650 ἄρ-

211 3693 323 3732 τον,
358 3674 724 3743 εὐχαρίστησε
753 3673 831 3742 τῷ
865 3671 982 3741 Θεῷ
1011 3671 1236 3724 ἐνώπιον
1267 3672 1503 3731 πάντων,
1534 3674 1628 3724 καὶ
1661 3671 1793 3723 κλὰο

214 3785 310 3826 σας
341 3765 548 3835 ἧρξατο
584 3765 802 3818 ἐσθίειν.
857 3763 1099 3832 Εὑθυμοι
1142 3764 1198 3814 δὲ
1244 3763 1526 3830 γενόμενοι
1570 3763 1790 3825 πάντες,

217 3857 307 3906 καί
337 3855 494 3906 αὑτοὶ
529 3853 823 3921 μετέλαϐον
849 3857 1072 3924 τροφῆς.
1103 3851 1176 3904 'tl
1187 3871 1284 3922 μεν
1309 3853 1365 3904 δὲ
1413 3855 1468 3904 αἱ
1495 3853 1666 3906 πᾶσαι
1691 3855 1791 3920 ψυο

214 3948 308 4016 χαὶ
331 3948 390 3998 ἐν
423 3946 502 4012 τῷ
540 3947 732 4014 πλοῳ,
779 3946 1046 3997 διακόσιαι
1076 3945 1445 4014 ἑϐδομήκοντα
1488 3945 1566 4008 ἓξ.
1625 3946 1795 4015 Κορε-

219 4035 436 4098 σῡέντες
463 4037 520 4088 δὲ
552 4036 779 4104 τροφῆς,
814 4035 1102 4102 ἐκούφιζον
1132 4035 1193 4086 τὸ
1223 4035 1405 4086 πλοῖον
1457 4035 1787 4103 ἐκϐαλλόμε-

217 4146 299 4181 νοι
323 4129 418 4180 τὸν
447 4131 593 4180 σῖτον
627 4130 707 4188 εἰς
733 4129 831 4196 τὴν
863 4111 1173 4180 θάλασσαν)
1194 4127 1321 4178 Ὅτε
1349 4126 1404 4178 δὲ
1457 4129 1633 4197 ἡμέρα
1673 4129 1792 4193 ἐγέ-

214 4237 356 4282 νετο,
381 4221 479 4288 τὴν
509 4219 612 4290 γῆν
637 4221 738 4274 οὐκ
767 4222 1138 4289 ἐπεγνιυσκον
1158 4239 1173 4252 ·
1201 4223 1400 4276 κᾷλπον
1429 4222 1484 4274 δέ
1517 4239 1638 4273 τινα
1665 4239 1794 4272 κατ-

216 4313 399 4365 ενόουν
447 4312 640 4380 ἔχοντα
693 4313 958 4378 αἰγιαλὸν,
1011 4318 1090 4376 εἰς
1152 4315 1210 4367 ὃν
1274 4315 1684 4376 ἐϐουλεύσαντο,
1743 4314 1792 4366 εἰ

217 4403 488 4466 δύναιντο,
514 4402 711 4466 ἐξῶσαι
740 4404 800 4456 τὸ
831 4404 1034 4460 πλοῖον.
1062 4407 1168 4459 Kal
1223 4407 1319 4467 τὰς
1358 4405 1605 4472 ἀγκύρας
1649 4423 1796 4474 περι-

222 4497 275 4546 εὶ
289 4495 439 4552 ὀντες
472 4493 600 4545 εἴων
624 4495 702 4556 είς
737 4495 833 4565 τὴν
855 4494 1144 4556 θάλασσαν,
1167 4495 1281 4564 ἅμα
1312 4495 1528 4557 Nam
1559 4495 1653 4556 τὰς
1671 4495 1794 4558 ζευο

1891 3315 2324 3385 Λιιίητεειίυίοτοε
2381 3323 2563 3367 autem
2590 3313 2718 3366 facti
2754 3327 2967 3372 omnes,
3002 3319 3057 3364 et
3086 3310 3188 3381 ipsi
3217 3323 3469 3377 sumpse-

1893 3415 2019 3461 runt
2046 3408 2248 3463 cibum.
2309 3406 2536 3459 Eramus
2569 3419 2700 3460 vero
2731 3404 3003 3457 universae
3033 3404 3229 3456 animae
3261 3402 3313 3454 in
3345 3400 3468 3455 navi

1891 3497 2144 3552 ducentae.
2193 3497 2538 3565 septuaginta
2572 3511 2688 3550 sex.
2721 3495 2788 3547 Et
2824 3494 3008 3549 satiati
3048 3493 3194 3554 cibo,
3241 3493 3466 3545 allevia-

1894 3590 2024 3643 baut
2047 3603 2265 3650 navem,
2295 3588 2571 3656 iactantes
2621 3587 2868 3640 triticum
2901 3586 2955 3638 in
2990 3601 3158 3638 mare.
3193 3582 3329 3638 Cum
3363 3598 3465 3636 au-

1895 3689 2002 3733 tem
2026 3679 2144 3733 dies
2179 3678 2355 3732 lactus
2388 3686 2559 3743 esset,
2619 3685 2822 3732 terram
2875 3691 2984 3729 non
3040 3676 3411 3746 agnoscebant
3448 3693 3464 3728 :

1896 3770 2078 3824 sinum
2116 3784 2246 3822 vero
2282 3773 2572 3838 (piemdam
2603 3767 3022 3823 considerabant
3056 3766 3351 3818 habentem
3382 3765 3467 3816 lil-

1897 3869 2008 3925 tus,
2036 3860 2090 3914 in
2127 3875 2287 3929 quem
2307 3861 2644 3930 cogitabant,
2671 3860 2717 3912 si
2745 3869 2989 3928 possent,
3013 3857 3216 3926 ejicere
3251 3869 3466 3910 navem.

1895 3953 1964 4006 Et
2016 3968 2141 4006 cum
2191 3953 2468 4008 anchoras
2518 3951 2893 4008 sustulissent,
2957 3947 3370 4004 cmnmittzbant
3409 3960 3470 3997 se

1897 4046 2060 4108 mari,
2087 4045 2251 4097 simul
2297 4045 2549 4097 laxantes
2591 4041 2878 4109 iuncturas
2925 4039 3467 4109 gubernaculorum:

1895 4145 1947 4190 et
1973 4135 2150 4189 levato
2187 4145 2466 4189 artemone
2512 4133 2811 4188 secundum
2848 4147 2994 4186 aura:
3047 4131 3232 4184 [latum
3284 4128 3472 4183 tende-

1901 4229 2036 4280 bant
2083 4227 2151 4282 ad
2194 4227 2370 4280 littus.
2431 4225 2496 4278 Et
2559 4241 2683 4279 cum
2742 4223 3129 4279 inetdissemus
3183 4222 3236 4274 in
3290 4221 3469 4274 locum

1896 4315 2281 4378 dithalassum,
2330 4315 2677 4384 impegerunt
2713 4331 2943 4381 navem;
2979 4326 3032 4370 et
3056 4328 3215 4385 prora
3241 4312 3464 4381 quidem

1899 4409 2001 4462 iixa
2029 4407 2284 4461 manebat
2333 4407 2652 4471 immobilis,
2679 4410 2874 4478 puppis
2916 4423 3045 4463 vero
3091 4405 3403 4461 solvebatur
3436 4418 3466 4456 a

1898 4500 1947 4553 vi
1982 4499 2173 4553 maris.
2208 4499 2437 4552 Militum
2471 4510 2652 4554 autem
2689 4500 2983 4554 consilium
3035 4499 3160 4561 fuit,
3193 4509 3250 4552 ttt
3275 4505 3466 4552 custo-

230 4599 264 4634 κ
300 4582 464 4650 ηρίας
494 4583 605 4635 τῶν
637 4584 930 4654 πηδαλίωνσ
966 4587 1058 4638 καὶ
1087 4587 1389 4656 ἐπάραντες
1417 4587 1505 4636 τὸν
1521 4587 1791 4654 ἁρτέμονα

1901 4590 2020 4644 dias
2048 4590 2381 4653 occiderent,
2435 4605 2503 4644 ne
2536 4591 2678 4659 quis,
2701 4605 2825 4644 cum
2849 4597 3146 4651 enatassct,
3187 4586 3468 4653 eﬂugcret.

213 4675 280 4740 τῇ
325 4673 589 4746 πνεούσῃ,
623 4676 874 4744 κατεῖχον
905 4677 984 4736 εἰς
1009 4675 1099 4728 τὸν
1135 4675 1401 4743 αἰγιαλόν.
1453 4675 1790 4743 Περιπεσὸν-

220 4779 312 4824 τες
359 4763 416 4815 δὲ
456 4766 536 4832 εἰς
595 4765 759 4817 τόπον
801 4765 1144 4830 διθάλασσον,
1178 4766 1484 4818 ἐπώκειλαν
1518 4767 1615 4836 τὴν
1639 4767 1791 4819 ναῦν.

220 4855 330 4905 Καὶ
364 4857 398 4923 ἠ
455 4855 556 4924 μὲν
607 4856 803 4927 πρώρα
848 4857 1128 4926 ἐρείσασα,
1160 4857 1370 4927 ἔμεινεν
1414 4857 1731 4918 ἀσάλευτος·
1760 4859 1794 4927 ἠ

219 4947 276 5001 δὲ
306 4945 534 5015 πρύμνα
553 4947 738 5001 ἐλύετο
766 4949 871 5001 ὑπὸ
897 4950 995 5016 τῆς
1034 4949 1150 5019 βίας
1181 4948 1290 5002 τῶν
1339 4950 1619 5018 κυμάτων.
1675 4947 1795 5002 Τῶν

217 5040 276 5095 δὲ
304 5041 657 5111 στρατιωτῶν
692 5041 852 5111 βουλὴ
912 5043 1149 5108 ἐγένετο,
1193 5043 1278 5095 ἵνα
1329 5042 1457 5104 τοὺς
1517 5040 1797 5110 δεσμώτας

218 5131 608 5195 ἀποκτείνωσι,
656 5134 842 5202 μήτις
873 5132 1292 5202 ἐκκολυμϐήσας
1341 5130 1597 5201 διαφύγῃ.
1644 5130 1702 5182 Ὁ
1741 5131 1798 5183 δὲ

219 5222 652 5290 ἑκατοντάρχης,
715 5222 1032 5290 βουλόμενος
1103 5221 1368 5274 διασῶσαι
1421 5223 1513 5273 τὸν
1562 5219 1795 5282 Παῦλον,

218 5318 492 5369 ἐκώλυσεν
525 5319 723 5380 αὑτοὺς
757 5319 848 5370 τοῦ
885 5317 1220 5386 βουλήματος
1245 5331 1259 5344 ·
1293 5313 1550 5367 ἐκέλευσέ
1580 5331 1637 5366 τε
1672 5315 1797 5376 τοὺς

1898 4683 2159 4739 Centurio
2191 4691 2372 4735 autem
2409 4683 2596 4737 volens
2629 4698 2850 4737 servare
2902 4682 3156 4743 Paulum,
3191 4675 3471 4748 prohibuit

1903 4774 2057 4836 licri;
2095 4770 2370 4840 jussitque
2400 4788 2514 4837 eos,
2557 4773 2649 4841 qui
2704 4782 2922 4841 possent
2952 4781 3162 4832 natare,
3220 4766 3472 4820 emittere

1901 4878 1960 4917 se
1987 4863 2214 4931 primos,
2234 4873 2287 4918 et
2312 4864 2562 4928 evadere,
2601 4873 2655 4917 ct
2683 4863 2748 4916 ad
2785 4875 2984 4916 terram
3013 4861 3200 4922 exire;
3234 4869 3285 4911 et
3315 4867 3471 4908 caete-

1903 4968 1993 5006 ros
2023 4955 2160 5007 alios
2191 4956 2478 5010 intabulis
2534 4955 2777 5008 ferebant
2813 4972 2826 5018 ;
2857 4953 3122 5022 quosdam
3182 4964 3347 5016 super
3406 4963 3470 5004 ea

1903 5061 2022 5114 qua:
2048 5045 2114 5097 de
2149 5047 2270 5098 navi
2303 5056 2478 5098 erant.
2511 5047 2579 5098 Et
2631 5048 2707 5099 sic
2753 5045 2952 5098 factum
3002 5051 3107 5104 est,
3168 5051 3225 5094 ut
3278 5053 3471 5092 omnes

1904 5139 2096 5192 animae
2143 5137 2436 5191 evaderent
2500 5139 2563 5191 ad
2617 5147 2842 5192 terram.
2901 5136 2963 5188 Et
3017 5151 3138 5189 cum
3200 5132 3472 5186 evasisse-

1911 5240 2052 5287 Inus,
2090 5233 2222 5279 tunc
2272 5227 2652 5295 cognovimus,
2709 5227 2836 5295 quia
2868 5224 3051 5278 Melita
3091 5221 3267 5275 insula
3303 5234 3469 5272 voca-

1906 5319 2082 5368 batur.

215 5406 548 5477 δυναμένους
603 5409 875 5479 κυλυμτὶᾷν
926 5408 1333 5480 ἀποῤῥίψαντας
1390 5405 1639 5476 πρώτους
1704 5406 1796 5458 ἐπὶ
1832 5406 1932 5476 τὴν
1978 5405 2082 5472 γῆν
2129 5406 2365 5471 ἐξιέναι*
2433 5409 2526 5461 καὶ
2583 5409 2708 5470 τοὺς
2765 5409 3006 5469 λοιποὺς,
3077 5406 3169 5466 οὓς
3230 5402 3325 5472 μὲν
3377 5403 3471 5458 ἐπὶ

220 5499 454 5561 σανίσιν,
483 5499 576 5562 οὒς
597 5501 654 5554 δὲ
684 5502 773 5552 ἐπί
809 5519 968 5554 τινων
998 5500 1107 5552 τῶν
1146 5500 1256 5553 ἀπὸ
1325 5499 1418 5551 τοῦ
1467 5499 1678 5554 πλοίου.
1723 5500 1830 5552 Καὶ
1865 5499 2036 5564 οὕτως
2061 5502 2276 5569 ἐγένετο
2306 5502 2511 5563 πάντας
2540 5502 2868 5572 διασωθῆναι
2901 5501 2991 5552 ἐπὶ
3022 5500 3120 5568 τὴν
3184 5497 3306 5565 γῆν.
3362 5495 3469 5568 Καὶ

217 5590 599 5657 διασωθέντες,
670 5592 789 5644 τότε
840 5591 1155 5655 ἐπέγνωσαν
1196 5591 1276 5642 ὅτι
1326 5589 1530 5658 Μελίτη
1583 5591 1614 5658 ἡ
1665 5591 1824 5659 vico;
1865 5591 2124 5644 καλεῖται.

842 5682 1076 5734 EI’MIIN
1089 5681 1191 5732 ΙῖῐΛ
1204 5721 1216 5731 .

286 5773 562 5841 Νηστείαν
582 5771 814 5826 ἐνταῦθα
847 5771 942 5842 τὴν
976 5773 1082 5823 τῶν
1111 5772 1384 5824 Ἰουδαίων
1426 5772 1594 5838 λέγει.
1633 5773 1785 5825 Μετὰ

2390 5681 2952 5736 COMMENTARIUS.

1972 5796 1990 5826 ι
2023 5777 2100 5829 llo
2126 5775 2268 5844 quod
2292 5776 2683 5844 jrjuuiumjatn
2718 5774 3123 5843 praeteriisse“
3163 5771 3236 5823 De
3260 5768 3468 5837 jejunio

1893 5866 2204 5920 ludatur-um
2245 5869 2325 5920 liii;
2358 5869 2620 5936 loquitur.
2667 5865 2798 5920 Nam
2837 5865 3004 5920 multo
3035 5871 3161 5936 post
3194 5863 3464 5919 Penteco-

217 5864 324 5934 γὰρ
364 5865 462 5931 τήν
487 5866 862 5933 Ηεντηκοστὴν
915 5863 1136 5933 ἐξῆλθεν
1179 5865 1384 5915 ἐκεῖθεν
1443 5864 1577 5933 μετὰ
1618 5866 1783 5916 πολὺν
