4164 6444
698 403 833 470 1051

1580 404 2160 466 TIlEOPHYLACTl
2203 403 2298 462 BU
2311 403 2613 462 LGARIIE
2645 404 2998 465 ARCHIEP.

3788 399 3928 463 105?.

687 527 809 574 sten
841 529 1085 589 tempore
1113 516 1310 574 exinde
1343 515 1536 582 exivit,
1592 529 1649 571 ιιι
1703 518 1814 586 jam
1861 519 2031 572 ferme
2085 517 2263 571 hiems

2368 514 2576 584 χρόνον,
2614 505 2690 576 ὡς
2721 517 2779 568 ἐν
2831 515 2985 584 αὐτῷ
3018 513 3206 583 σχεδὸν
3234 511 3313 583 τῷ
3362 513 3589 582 χειμῶνι
3641 515 3940 581 παραγενό-

675 617 854 676 esset,
890 625 1015 663 cum
1044 610 1096 663 in
1121 616 1308 678 partes
1332 607 1507 662 ϐιαία»
1540 608 1867 675 perveniret.
1897 607 2098 662 lterum
2130 621 2259 660 vero

689 718 837 756 nunc
888 703 1172 771 pr0phetat
1207 700 1406 755 Paulus
1459 713 1556 754 eos
1587 698 1934 766 naufragium
1997 698 2256 751 facturos.

691 791 757 844 Et
795 792 922 845 licet
957 800 1143 858 postea
1174 790 1337 860 312
1373 788 1639 858 ejusmodi
1671 788 2020 858 naufragium
2049 789 2260 853 absque

691 883 862 936 ullius
893 889 1087 945 morte,
1127 891 1184 935 ut
1216 883 1332 952 ipse
1375 881 1576 935 Paulus
1607 879 1882 950 praedixit,
1921 879 2212 948 contigerit
2243 893 2258 940 ;

690 983 931 1026 attamen
985 974 1145 1042 juxta
1173 983 1387 1027 natura;
1439 986 1666 1027 cursum
1715 971 2008 1041 periissem
2044 983 2258 1032 omnes,

691 1063 793 1117 nisi
819 1064 959 1120 Deus
993 1073 1047 1120 et
1071 1065 1222 1119 illum
1244 1063 1486 1127 salvum,
1516 1072 1568 1118 et
1587 1078 1695 1132 per
1714 1077 1840 1116 eum
1878 1076 2070 1115 omnes
2104 1062 2260 1115 inco-

692 1157 865 1211 lumes
939 1171 1064 1210 esse
1118 1155 1402 1211 voluisset.
1454 1155 1718 1209 Centurio
1788 1168 1899 1207 non
1985 1153 2259 1217 credebat,

689 1261 811 1314 qua
859 1262 888 1300 a
937 1247 1107 1300 Paulo
1158 1247 1504 1309 dicebantur,
1549 1255 1608 1298 ut
1658 1246 1750 1312 qui
1779 1243 1956 1311 magis
1987 1243 2260 1296 fldendum

691 1337 916 1403 putabat
964 1336 1034 1390 iis
1087 1337 1178 1406 qui
1218 1335 1508 1404 navigandi
1556 1334 1716 1404 periti
1757 1341 1915 1386 erant
1957 1347 2117 1401 quam
2168 1331 2264 1386 ho-

691 1425 825 1478 mini
859 1426 1109 1481 nautices
1132 1426 1416 1494 inexperto
1447 1442 1461 1490 ;
1495 1432 1548 1478 et
1573 1438 1638 1477 ex
1675 1423 1776 1476 hoc
1810 1422 2070 1488 ostendit,
2106 1438 2258 1474 men-

693 1517 764 1568 tis
821 1531 1067 1570 errorem
1134 1515 1306 1570 fuisse
1359 1517 1545 1584 p0tius
1586 1530 1749 1585 quam
1797 1514 2052 1567 fortunae.
2107 1513 2261 1576 Quod

686 1606 835 1660 enim
880 1608 1128 1661 naturale
1177 1606 1250 1660 sit
1291 1608 1591 1676 periculum
1663 1605 1874 1672 fugere,
1929 1605 2262 1674 experientia

690 1700 809 1766 ipsa
837 1699 996 1754 docet
1026 1740 1040 1762 ,
1075 1713 1198 1752 cum
1228 1713 1386 1752 nemo
1423 1713 1543 1752 sese
1580 1697 1912 1766 pracipitein
1945 1698 2057 1760 del,
2115 1697 2264 1764 quod

692 1791 796 1845 hoc
826 1790 1054 1844 evidens
1105 1791 1408 1860 periculum
1446 1790 1658 1854 alierat,
1695 1789 1912 1842 fortuna
1949 1797 2002 1842 et
2033 1787 2144 1840 fato
2176 1804 2264 1840 ve-

693 1882 791 1936 luti
817 1881 1298 1937 obdormientibus
1348 1883 1402 1935 in
1433 1883 1598 1937 rebus
1634 1880 1941 1934 manifestis
1981 1896 2043 1932 ac
2075 1880 2264 1934 visibi-
2296 1862 2338 1913 Β

689 1973 834 2027 libus
872 1992 885 2038 ;
920 1989 1232 2043 quanquam
1257 1974 1302 2028 si
1336 1975 1500 2028 etiam
1545 1973 1851 2042 vigilarent,
1887 1973 2100 2026 nihilea
2137 1987 2263 2040 pos-

689 2073 812 2118 sent
863 2074 1051 2118 contra
1085 2075 1437 2132 spontaneam
1468 2065 1813 2130 electionem,
1848 2080 1954 2133 qua
2013 2066 2264 2119 homines

690 2170 788 2209 sua
818 2155 1177 2224 sibimetipsis
1218 2157 1387 2210 libere
1432 2155 1786 2210 moderantur
1817 2173 1830 2220 ;
1875 2165 1942 2210 ut
1973 2156 2158 2210 videre
2180 2163 2265 2210 est

695 2247 749 2298 in
775 2247 841 2298 iis
869 2247 1032 2300 etiam
1067 2249 1159 2315 qui
1219 2261 1345 2300 cum
1377 2245 1546 2299 Paulo
1568 2246 1920 2315 navigabant.
1947 2245 2096 2299 Adeo
2117 2246 2262 2299 enini

691 2337 770 2390 illi
810 2337 1030 2406 propria
1067 2338 1320 2390 libertate
1343 2337 1663 2401 utebantur,
1695 2345 1753 2390 ut
1787 2337 1949 2406 paulo
1979 2346 2102 2406 post
2135 2352 2264 2405 pro-

690 2443 913 2497 sperum
953 2435 1173 2482 ventum
1230 2429 1400 2494 nacti,
1436 2425 1839 2498 nal'igationem
1889 2429 1991 2482 laeti
2030 2429 2266 2481 contice-

693 2529 837 2574 rent.
861 2519 1418 2574 Animadvertendum
1458 2535 1612 2584 vero,
1645 2520 1788 2590 quod
1824 2537 1842 2569 ι
1877 2527 2066 2572 contra
2095 2517 2266 2586 respi-

691 2624 820 2664 cere
872 2627 891 2660 ι
954 2610 1254 2679 improprie
1301 2610 1369 2664 de
1421 2611 1636 2678 navigio
1677 2611 1930 2667 dicatur:
1989 2611 2263 2678 respicere

693 2702 838 2756 enim
861 2701 964 2756 soli
995 2701 1201 2756 homini
1231 2704 1448 2772 proprie
1471 2703 1746 2757 convenit.
1779 2702 1959 2768 Quare
1980 2719 2087 2755 non
2125 2717 2267 2755 sem-

695 2810 792 2862 per
824 2794 878 2847 in
911 2808 1073 2848 sacra
1129 2794 1416 2865 Scriptura
1476 2797 1694 2865 propria
1754 2795 1954 2849 locutio
1981 2794 2266 2863 .exigcnda

694 2893 801 2938 est.
839 2905 857 2936 ι
889 2883 1076 2938 Valida
1109 2893 1289 2939 autem
1322 2895 1664 2956 tempestate.
1701 2903 1719 2937 ι
1752 2885 1908 2950 Quod
1949 2886 2114 2955 igitur
2135 2899 2268 2938 con-

694 2976 836 3044 tigit,
874 2973 1216 3044 naufragium
1253 2975 1364 3045 (40)
1393 2991 1418 3027 a
1449 2984 1699 3044 tempore
1738 2976 1948 3029 factum
2008 2984 2094 3030 est
2130 2991 2268 3046 quo-

694 3067 840 3120 niam
869 3081 1062 3137 magna
1109 3073 1227 3121 erat
1260 3075 1585 3136 tempestas.
1613 3068 1682 3120 At
1713 3067 2037 3120 miraculum
2093 3069 2268 3134 majus

695 3162 818 3225 fuit,
848 3159 993 3229 quod
1026 3161 1119 3214 tali
1142 3168 1385 3230 tempore
1413 3175 1444 3215 e
1474 3160 1667 3215 mediis
1695 3160 1950 3228 periculis
1981 3169 2092 3214 tum
2125 3159 2268 3229 Apo-

694 3254 871 3308 stolus
898 3254 1036 3322 ipse,
1077 3262 1191 3306 tum
1220 3253 1313 3307 alii
1352 3261 1576 3323 propter
1607 3253 1782 3321 ipsum
1820 3253 1992 3320 erepti
2019 3252 2259 3307 fuerint:

695 3359 868 3414 quare
905 3345 1167 3412 deceptus
1207 3359 1316 3398 non
1347 3353 1450 3398 est.
1491 3362 1509 3395 ι
1547 3343 1609 3396 Et
1641 3358 1766 3398 ecce
1804 3343 2028 3396 donavit
2077 3343 2194 3396 tibi.
2237 3361 2255 3393 ι

694 3436 770 3491 Ex
807 3437 909 3490 hoc
939 3436 1146 3490 falsitas
1179 3445 1328 3504 patet
1353 3435 1622 3489 Homerici
1656 3437 1800 3489 illius
1833 3436 1962 3490 dicti
1992 3437 2104 3503 (41)
2142 3452 2157 3488 :

767 3527 968 3584 Fatum
1017 3545 1134 3584 vero
1154 3531 1388 3582 arbitror
1417 3530 1672 3581 neminem
1699 3528 1969 3583 hominum
1997 3529 2262 3597 effugisse,

766 3663 887 3718 Sin
922 3663 1123 3716 malum
1151 3663 1258 3716 sive
1290 3662 1502 3726 bonum,
1525 3672 1803 3731 postquam
1835 3664 2061 3802 primtlifm
2108 3671 2264 3745 natus

2029 3743 2183 3786 ueni.

2029 3743 2183 3786 uerit.

697 3825 810 3879 Hoc
865 3833 971 3888 est,
1019 3825 1369 3893 [inpossibile
1399 3833 1484 3878 est
1539 3823 1778 3893 eﬂugere
1831 3825 2024 3877 mortis
2070 3823 2266 3889 fatum,

696 3917 844 3983 quod
879 3915 932 3968 in
961 3917 1079 3985 ipsa
1109 3915 1466 3984 generatione
1487 3914 1725 3969 hominis
1753 3924 1982 3968 mortem
2003 3915 2266 3970 determi-

697 4016 812 4061 nat.
842 4006 980 4062 Ecce
1029 4007 1198 4069 enim,
1235 4007 1351 4059 nisi
1397 4007 1449 4059 hi
1501 4008 1555 4060 in
1605 4007 1760 4060 Pauli
1787 4006 2022 4076 gratiam
2066 4007 2269 4060 servati

700 4098 954 4162 fuissent,
1015 4114 1211 4153 omnes
1243 4099 1309 4152 ad
1369 4115 1533 4153 unum
1575 4101 1628 4152 in
1683 4099 1807 4152 navi
1855 4100 2144 4167 periissent
2176 4116 2190 4163 ;
2217 4106 2270 4150 at

700 4190 844 4245 Deus
876 4191 1018 4255 illos,
1053 4200 1111 4243 ut
1137 4189 1350 4258 justum
1388 4191 1702 4252 honoraret,
1739 4190 2011 4243 liberavit.
2040 4189 2266 4252 Deinde,

699 4283 745 4335 si
791 4280 962 4348 fatum
997 4289 1114 4336 erat
1157 4295 1346 4337 omnes
1381 4281 1585 4350 perire.
1619 4282 1781 4335 etiam
1812 4281 1984 4334 Paulo
2035 4295 2272 4348 pereun-

697 4374 828 4427 dum
868 4380 1023 4438 erat;
1050 4372 1131 4430 ait
1156 4372 1302 4427 enim
1342 4371 1628 4435 Homerus,
1659 4391 1678 4424 ι
1714 4387 1886 4440 neque
1918 4374 2147 4433 malum,
2172 4387 2271 4424 ne-

697 4481 806 4534 que
830 4466 1033 4518 bonum
1063 4481 1078 4528 ;
1118 4483 1136 4516 ι
1171 4464 1460 4532 oportebat
1510 4464 1698 4532 igitur,
1734 4474 1794 4516 ut
1824 4472 1937 4515 tum
1982 4463 2109 4515 boni
2156 4472 2268 4514 tum

2365 606 2489 657 σθαι
2521 607 2599 666 είς
2624 606 2691 656 τὰ
2725 605 2865 676 μέρη
2895 606 2994 673 τῆς
3018 606 3266 674 Κρήτης.
3296 605 3432 656 Ἰδοὺ
3478 601 3814 673 προφητεύει
3848 602 3940 656 καὶ

2361 697 2456 750 νῦν
2491 700 2517 750 6
2547 698 2778 760 Παῦλος,
2817 697 3127 765 ναυαγῆσαι
3178 696 3351 761 λέγων
3397 695 3602 758 αὐτοῖς,
3659 693 3732 764 [εί
3757 695 3855 746 καὶ
3881 694 3939 746 ού

2360 791 2586 858 γέγονεν
2633 789 2872 861 αὐτοῖς]
2899 789 3048 858 τατά
3083 788 3287 857 ζημίας
3334 787 3522 856 ψυχῶν
3574 787 3638 838 τὺ
3683 787 3941 852 ναυάγιον

2359 880 2504 932 κατὰ
2531 881 2622 932 τὸν
2683 879 2843 946 λόγον
2886 878 3073 932 αὐτοῦ.
3143 879 3318 931 Τοῦτο
3366 879 3466 948 μὲν
3497 877 3628 947 γὰρ,
3655 878 3778 930 ὅσον
3805 876 3942 930 κατά

2361 973 2460 1039 τὴν
2497 971 2658 1036 φύσιν
2684 971 2778 1023 τοῦ
2803 972 3146 1039 πράγματος,
3192 971 3409 1037 ἐγένετο
3429 969 3518 1029 ἂν,
3551 971 3601 1021 εἰ
3642 968 3717 1037 μὴ
3755 968 3944 1030 ύΘεὸς

2361 1063 2605 1116 διέσωσε.
2632 1063 2709 1116 Δι’
2723 1063 2888 1116 αὐτὸν
2916 1063 3026 1132 γὰρ
3050 1063 3143 1116 καὶ
3161 1062 3406 1123 ἐκείνους
3441 1061 3732 1128 διωθῆναι
3755 1059 3944 1127 ἐποίη-

2366 1173 2477 1209 σεν.
2512 1157 2585 1208 Ob
2615 1158 2876 1226 προσέχει
2914 1159 3028 1218 τοῖς
3059 1155 3282 1208 ὑπὸτοῦ
3314 1154 3531 1207 Παύλου
3583 1151 3895 1222 λεγομένοις
3916 1151 3946 1203 6

2359 1249 2801 1318 ἑκατοντάρχης,
2855 1248 3182 1316 πειθόμενος
3244 1246 3447 1314 μᾶλλον
3497 1249 3610 1307 τοῖς
3663 1245 3946 1311 ἐμπείρως

2364 1339 2546 1406 ἔχουσι
2574 1337 2708 1404 πρὸς
2733 1337 2797 1389 τὸ
2827 1337 3003 1400 πλεῖν,
3037 1337 3069 1406 ἡ
3108 1335 3344 1405 ὲπιὸάτῃ
3387 1335 3600 1401 ἀπείρῳ
3644 1331 3908 1400 ναυτικῆς
3929 1345 3946 1359 ⁸

2368 1430 2460 1481 καὶ
2491 1430 2554 1479 ἐκ
2585 1427 2776 1480 τούτου
2803 1428 3067 1490 διδάσκει,
3103 1429 3184 1480 ὅτι
3218 1425 3441 1494 γνώμης
3476 1426 3615 1488 ἐστὶ,
3645 1425 3740 1476 καὶ
3760 1423 3820 1474 οὑ
3847 1421 3948 1474 τύ-

2365 1536 2483 1588 χης,
2512 1519 2574 1570 τὸ
2601 1518 2928 1586 ἁμάρτημα.
2962 1518 3087 1570 Ὅτι
3114 1518 3231 1587 τὰρ
3261 1517 3378 1569 ἐστι
3413 1516 3560 1569 κατά
3591 1514 3751 1582 φύσιν
3775 1517 3951 1583 ἐκφυ-

2364 1615 2480 1678 γεῖν
2509 1611 2598 1672 τὸν
2623 1612 2885 1674 κίνδυνον,
2919 1610 3058 1678 αὓτη
3091 1613 3122 1680 ὴ
3155 1613 3319 1680 πεῖρα
3344 1609 3608 1670 διδάσκει,
3635 1607 3710 1676 μὴ
3774 1624 3948 1659 κατα-

2365 1704 2690 1772 κρημνίζειν
2727 1704 2920 1755 ἑαυτόν
2958 1721 3100 1768 τινα,
3129 1706 3203 1764 ὡς
3247 1701 3630 1771 ἀναμφιϐόλως
3656 1701 3748 1753 τοῦ
3801 1700 3947 1768 πρά-

2366 1813 2574 1861 γματος
2597 1794 2841 1847 κίνδυνον
2861 1795 3142 1863 φέροντος,
3161 1795 3262 1862 τῆς
3288 1794 3458 1863 τύχης
3479 1793 3572 1846 καὶ
3595 1794 3950 1860 εἱμαρμένης

2367 1888 2460 1938 ἐπὶ
2521 1886 2632 1938 τῶν
2687 1886 2984 1956 προῦπτων
3046 1885 3442 1955 κοιμωμένηςο
3484 1885 3517 1952 ἢ
3560 1883 3949 1953 γρηγορούσης

2369 1978 2487 2046 μὲν,
2547 1977 2714 2046 μηδὲν
2753 1978 2809 2030 δὲ
2856 1977 3160 2044 δυναμένης
3181 1975 3618 2045 ἀντιπράξασθαι
3654 1974 3796 2027 κατά
3846 1976 3948 2039 τῆς

2363 2072 2738 2140 προαιρέσεως
2767 2071 2878 2122 τῶν
2917 2069 3240 2140 ἀνθρώπων,
3296 2069 3419 2122 καθ’
3445 2068 3516 2138 ἢν
3555 2068 3620 2120 ἂν
3645 2066 3948 2136 βούλωνται

2364 2160 2432 2212 τὰ
2461 2159 2547 2227 ἐφ’
2585 2159 2769 2215 αὐτοῖς
2815 2161 3120 2228 πράγματα
3177 2160 3369 2227 ἄγουσι
3401 2159 3494 2210 καὶ
3552 2159 3831 2226 φέρουσιν,
3873 2157 3952 2218 ὡς

2365 2253 2456 2304 καὶ
2485 2254 2535 2302 οἱ
2572 2253 2668 2303 σὺν
2694 2251 2771 2321 τῷ
2802 2252 2998 2322 Παύλῳ
3024 2252 3410 2322 ἐκδημοῦντες.
3444 2249 3601 2303 Οὕτω
3656 2250 3765 2317 γὰρ
3805 2249 3952 2305 κατὰ

2365 2342 2690 2412 προαίρεσιν
2718 2344 3009 2412 ἔπραττον,
3045 2344 3127 2395 ὅτι
3180 2343 3382 2404 εὐθέως
3408 2341 3714 2409 ἐπιτηδείου
3758 2343 3952 2392 ἐπιτυ-

2366 2434 2548 2502 χόντες
2575 2432 2807 2502 ἀνέμου,
2833 2433 3113 2503 χαίροντες
3140 2432 3355 2502 διήνυον
3386 2431 3477 2484 τὸν
3509 2430 3700 2483 πλοῦν.
3748 2428 3953 2483 ’ἰστέον

2368 2525 2447 2591 δὲ,
2473 2527 2553 2578 ὅτι
2587 2544 2604 2576 ι
2638 2527 2697 2578 τὸ
2720 2526 3181 2594 ἀντοφθαλμεῖν.»
3218 2525 3314 2576 ἐπὶ
3362 2523 3553 2576 πλοίου
3603 2523 3801 2589 λέγειν,
3848 2521 3953 2572 οὐκ

2367 2615 2484 2670 ἐστι
2521 2616 2898 2687 κυριολιξίας·
2952 2614 3114 2668 τοῦτο
3157 2617 3268 2685 γὰρ
3317 2615 3409 2667 ἐπὶ
3446 2612 3736 2682 ἀνθρώπου
3787 2609 3953 2679 μόνον

2366 2708 2616 2777 ἁρμόζει.
2650 2708 2813 2759 Ὥστε
2845 2707 2905 2758 ού
2932 2707 3018 2760 δεῖ
3047 2706 3421 2776 κυριολεκτεῖν
3445 2705 3697 2756 ἀπαιτεῖν
3741 2702 3830 2754 ἀεὶ
3850 2701 3958 2768 τὴν

2373 2800 2620 2869 Γραφήν.
2671 2819 2689 2850 ι
2724 2799 2980 2869 Σφοδρῶς
3032 2797 3155 2850 δέ.»
3228 2798 3302 2850 Τὸ
3364 2798 3464 2865 μὲν
3515 2791 3608 2847 οὖν
3657 2793 3958 2862 γενόμενον

2375 2892 2653 2956 ναυάγιον,
2681 2891 2790 2942 ἀπὸ
2821 2889 2917 2941 τοῦ
2949 2891 3139 2957 καιροῦ
3197 2889 3434 2954 ἐγένετο,
3480 2885 3669 2953 ἐπειδὴ
3706 2883 3882 2952 μέγας
3927 2885 3958 2933 ὁ

2369 2980 2700 3051 χειμὼνοτὸ
2759 2981 2818 3032 δὲ
2862 2979 3050 3047 θαῦμα
3084 2978 3292 3047 μεῖζον,
3341 2979 3422 3030 ὃτι
3472 2977 3652 3044 καιρῷ
3714 2976 3951 3043 τοιούτῳ

2373 3075 2436 3124 ὲκ
2463 3073 2643 3139 μέσων
2693 3072 2981 3138 ἐσώθησαν
3027 3068 3136 3121 τῶν
3163 3067 3424 3120 κινδύνων
3446 3067 3612 3127 αὐτός
3639 3082 3698 3115 τε
3733 3067 3761 3115 6
3789 3064 3960 3116 Ἀπό-

2373 3164 2582 3228 στολος,
2615 3164 2708 3215 καὶ⁵
2738 3163 2804 3216 δι’
2845 3163 3011 3215 αὐτὸν
3045 3163 3096 3214 oi
3119 3161 3322 3213 λοιποί·
3357 3159 3497 3212 ὥστε
3525 3159 3585 3210 οὐ
3617 3157 3953 3226 διέψευσται.

2376 3272 2395 3306 ι
2430 3255 2537 3307 Καὶ
2562 3255 2669 3306 ἰδοὺ
2698 3253 3080 3322 κεχάρισται.»
3119 3250 3401 3304 Ἐντεῦθεν
3427 3250 3704 3301 δείκνυται
3755 3245 3957 3315 ψευδὲς

2365 3346 2429 3398 τὸ
2460 3347 2592 3415 παρ’
2637 3345 2860 3415 Ὁμήρῳ
2885 3344 3174 3414 εἰρημένον
3208 3358 3222 3373 ο

2363 3529 2591 3597 Μοῖραν
2625 3527 2677 3579 δ’
2708 3528 2778 3581 οὔ
2803 3525 2936 3580 τινά
2985 3543 3136 3594 φημι
3160 3521 3542 3593 πεφυγμένον
3573 3520 3958 3643 ἀν-

2371 3669 2452 3722 Οὺ
2487 3667 2674 3721 κακὸν
2705 3667 2847 3720 οὐδὲ
2871 3666 2988 3735 μὲν
3012 3665 3259 3728 ἐσθλὸν,
3295 3663 3454 3733 ἐπὴν
3485 3664 3555 3717 τὰ
3599 3610 3957 3735 πρὲξιξυνγέ-

3764 3749 3878 3783 ται.

3764 3749 3878 3783 ται.

2437 3829 2724 3882 Τουτέστιν
2748 3871 2762 3892 ,
2803 3827 3092 3880 ’Δδύνατον
3122 3828 3382 3894 ἐκφυγεῖν
3418 3825 3519 3894 τὴν
3559 3733 3956 3876 muli-gravatae

2370 3921 2735 3991 εἱμαρμένην,
2755 3919 2869 3987 ἅμα
2890 3921 2958 3987 τῇ
2980 3917 3233 3987 γεννήσει
3251 3914 3643 3987 ὀρίζουσαντοῦ
3661 3912 3957 3982 ἀνθρώπου

2365 4014 2466 4064 τὸν
2499 4012 2747 4065 θάνατον.
2775 4011 2906 4064 Ἰδοὺ
2923 4009 3055 4080 γὰρ,
3079 4011 3128 4062 εί
3151 4009 3326 4080 μὴδιά
3347 4007 3566 4059 Παύλου
3592 4003 3956 4076 [iubenda],

2375 4105 2574 4165 πάντες
2593 4099 2737 4172 εἶχον
2758 4105 2814 4155 ὲν
2835 4101 2913 4172 τῷ
2931 4103 3101 4172 πλοίῳ
3116 4101 3434 4163 ἀπολέσθαι⁸
3462 4098 3555 4150 τοῦ
3571 4096 3712 4149 Θεοῦ
3725 4095 3956 4159 τούτους

2383 4195 2708 4266 ῥυσαμένου,
2727 4195 2857 4262 τιμῇ
2872 4193 2965 4244 τοῦ
2986 4193 3218 4246 δικαίου.
3248 4192 3476 4244 Ἔπειτα
3493 4190 3551 4242 δὲ
3571 4192 3619 4242 εἰ
3637 4189 3957 4257 εἱμαρμένη

2375 4282 2443 4354 ἦν
2464 4285 2525 4334 τὸ
2543 4283 2762 4341 πάντας
2785 4282 3109 4344 ἀπολέσθαι,
3135 4278 3281 4351 εῖχεν
3313 4281 3378 4334 ἂν
3405 4282 3501 4333 καὶ
3520 4282 3547 4332 6
3578 4279 3792 4340 Παῦλος
3822 4281 3959 4331 ἀπο·

2371 4377 2556 4428 λέσθαι
2584 4383 2601 4405 ⁶
2642 4377 2778 4444 φησὶ
2804 4375 2908 4445 γάρ
2935 4392 2949 4404 ·
2983 4393 3002 4425 ι
3027 4374 3102 4426 Οὐ
3143 4373 3332 4436 κακὸν,
3392 4371 3512 4424 οὐδὲ
3557 4371 3656 4440 μὲν
3705 4370 3952 4423 ἐσθλόν.»

2379 4469 2525 4520 Ἔδει
2557 4468 2666 4537 γὰρ
2695 4469 2822 4529 τοὺς
2867 4467 3066 4528 καλοὺς
3091 4466 3338 4528 καὶτοὺς
3358 4466 3586 4526 κακοὺς,
3619 4467 3676 4515 ὲν
3731 4464 3812 4514 ἑνὶ
3857 4482 3958 4516 πε-

699 4554 830 4607 mali
862 4554 1142 4607 communi
1172 4568 1327 4618 casu,
1351 4555 1444 4622 qui
1469 4553 1749 4606 indubiam
1779 4560 2006 4606 mortem
2039 4550 2266 4615 ferebat,

2377 4559 2565 4619 σόντας
2631 4559 2887 4624 πτώματι
2951 4554 3319 4624 ἀναμφίὸολον
3409 4553 3631 4622 φέροντι
3694 4551 3954 4611 θάνατον,

700 4647 1108 4700 occumberent.
1157 4647 1227 4699 At
1274 4647 1612 4700 contrarium
1683 4653 1907 4712 apparet
1947 4663 1958 4696 :
1995 4645 2264 4713 siquidem

697 4738 880 4804 justus
916 4743 1168 4791 servatus
1211 4745 1356 4790 esset
1411 4736 1480 4790 ab
1517 4735 1935 4790 evidentissimo
1996 4735 2266 4803 periculo,

704 4827 923 4882 tametsi
957 4843 1171 4892 omnes,
1201 4828 1292 4896 qui
1319 4842 1446 4881 cum
1468 4827 1587 4895 ipso
1616 4834 1794 4889 erant,
1825 4826 2140 4894 periissem.
2175 4825 2269 4879 Sic

701 4917 846 4972 enim
879 4916 1025 4972 Deus
1047 4916 1400 4983 decreverat;
1434 4918 1510 4970 ait
1543 4916 1690 4971 enim
1726 4931 1738 4966 :
1794 4932 1811 4965 ι
1863 4913 2004 4969 Ecce
2043 4915 2271 4967 donavit

2377 4647 2692 4701 ἀποθανεῖν.
2744 4647 2904 4699 Ἀλλὰ
2941 4647 3253 4698 τούναντίον
3315 4646 3586 4697 δείκνυται
3616 4643 3711 4697 νῦν
3740 4662 3752 4673 ·
3810 4645 3893 4694 ὅτι
3931 4647 3959 4696 6

2375 4739 2580 4800 δίκαιος
2611 4738 2847 4801 ἐσώζετο
2892 4739 2950 4803 ἐξ
2985 4737 3420 4806 ὁμολογουμένου
3449 4734 3716 4799 κινδύνου,
3745 4734 3838 4785 καί
3875 4752 3960 4788 τοι

2376 4830 2594 4880 πάντων
2634 4829 2743 4878 τῶν
2783 4829 2880 4880 σὺν
2901 4827 3051 4895 αὐτῷ
3076 4826 3527 4894 ἀποθνησκόντων
3546 4841 3560 4856 ’
3587 4824 3730 4876 οὕτω
3751 4824 3859 4892 γὰρ
3891 4819 3962 4893 ἦν

2374 4916 2452 4986 τῷ
2483 4917 2600 4986 Θεῷ
2629 4918 2806 4982 δόξαν.
2843 4919 2984 4987 ⁴Ιδησὶ
3022 4918 3156 4984 γάρ’
3191 4934 3210 4966 ι
3247 4917 3377 4967 Ἰδοὺ
3435 4915 3760 4986 κεχάρισταί
3823 4918 3962 4968 σοιό

1880 5051 2078 5112 Variae
2106 5052 2408 5118 lectiones
2454 5067 2514 5118 et
2562 5066 2751 5119 nota).

773 5171 885 5240 (ιο)
907 5170 1084 5225 Lorus
1110 5173 1211 5226 iste
1241 5173 1464 5226 mutilus
1498 5182 1551 5224 et
1582 5183 1875 5239 corruptus
1908 5172 1978 5225 ita
2021 5175 2262 5226 sarcien-

706 5246 831 5303 dus,
866 5251 919 5294 et
942 5243 1294 5312 corrigendus
1319 5259 1384 5296 ex
1411 5244 1804 5312 Chrysostomo
1836 5258 1852 5312 _;
1915 5243 2057 5302 Πῶς,
2105 5244 2258 5309 φησὶ,

704 5313 895 5380 ἔφερον
929 5310 1107 5364 ἄσιτοι
1133 5312 1283 5373 ὄντες
1311 5314 1404 5364 καὶ
1435 5311 1656 5379 μηδενὸς
1697 5310 2123 5380 μεταλαόὁμενοι
2153 5328 2166 5373 ;
2197 5313 2257 5363 Ὀ

707 5381 868 5445 util/30¢
893 5385 1143 5449 κατεῖχεν
1166 5383 1382 5441 αὐτοὺς,
1409 5383 1507 5432 οὐκ
1545 5382 1628 5431 εἶα
1688 5383 1766 5441 εἰς
1805 5380 2097 5447 ἐπιθυμίαν
2142 5398 2262 5449 τρο-

705 5451 809 5517 φῆς
844 5451 1122 5518 ἐμπεσεῖν,
1155 5451 1444 5518 μέλλοντας
1472 5451 1611 5517 ὑπὲρ
1639 5450 1883 5517 ἐσχάτων
1913 5451 2258 5503 κινδυνεύειν.

715 5516 788 5568 Τὸ
817 5516 916 5585 μέν
944 5516 1036 5572 οὖν
1074 5516 1381 5587 γενόμενον,
1405 5521 1510 5570 ἀπὸ
1554 5516 1644 5570 τοῦ
1674 5516 1864 5586 καιροῦ
1906 5521 2123 5585 ἐγένετο
2159 5537 2170 5548 ·
2206 5522 2266 5572 τὸ

705 5589 760 5639 δὲ
788 5589 969 5656 θαῦμα
1001 5591 1203 5657 μεῖζον,
1235 5607 1286 5640 κ.
1316 5607 1365 5639 τ.
1399 5589 1446 5640 λ.
1480 5588 1547 5640 Et
1582 5590 1858 5653 quomodo,
1895 5591 2113 5655 inquies.
2135 5590 2268 5656 fere-

708 5659 834 5708 bant
857 5659 1047 5724 jejuni,
1097 5675 1214 5710 cum
1251 5659 1454 5709 nullum
1516 5658 1686 5709 cibum
1742 5660 2052 5710 sumerent?
2089 5659 2268 5710 Timor

711 5727 911 5780 tenebat
944 5729 1083 5793 illos,
1118 5745 1209 5780 nec
1235 5728 1433 5779 sinebat
1466 5729 1516 5779 in
1549 5729 1648 5779 cibi
1703 5730 1986 5794 appetitum
2044 5731 2269 5781 incidere

709 5798 770 5848 de
800 5799 1043 5850 extremis
1085 5797 1497 5865 periclitaturos.
1524 5798 1689 5866 Igitur
1729 5800 1863 5866 quod
1889 5801 2085 5864 factum
2111 5810 2208 5866 est,
2242 5817 2272 5849 α

2370 5187 2597 5242 tempore
2624 5179 2742 5246 fuit.
2782 5177 2962 5245 Hujus
2996 5188 3171 5231 autem
3204 5177 3552 5235 miraculum,
3621 5183 3740 5246 etc.
3765 5173 3948 5228 Cate-

2373 5263 2494 5300 rum
2520 5259 2699 5301 textus
2721 5249 2822 5300 iste
2843 5263 2948 5301 non
2968 5258 3144 5301 exstat
3169 5249 3221 5301 in
3242 5247 3486 5301 editione
3511 5245 3788 5310 Heutenii,
3807 5245 3957 5299 sicut

2372 5326 2426 5369 et
2469 5318 2702 5369 maxima
2732 5333 2858 5386 pars
2899 5318 3000 5370 loci
3032 5323 3337 5385 sequentis.

2442 5387 2552 5452 (61)
2606 5384 2753 5438 Iliad.
2780 5387 2868 5448 Vl,
2901 5403 2952 5438 v.
2989 5388 3094 5440 488
3117 5384 3177 5440 et
3206 5389 3329 5441 489.
3385 5384 3615 5438 Exstant
3644 5384 3806 5436 etiam
3867 5384 3959 5436 hic

2375 5473 2568 5511 versus
2595 5456 2736 5524 apud
2770 5456 3046 5510 Stobaeum
3075 5459 3125 5509 in
3151 5457 3422 5524 excerptis
3452 5455 3525 5507 De
3556 5470 3734 5507 rerum
3762 5464 3957 5505 natura

2377 5528 2463 5581 tit.
2496 5527 2588 5586 ιχ,
2624 5543 2762 5594 quos
2819 5528 2894 5579 ita
2931 5528 3112 5580 reddit
3151 5527 3350 5580 ibidem
3387 5524 3538 5592 llugo
3583 5524 3809 5577 Grotius
3840 5539 3958 5575 ser-

2379 5606 2500 5650 vata
2539 5605 2746 5649 ratione
2782 5599 3042 5649 carminis
3084 5615 3097 5650 :

2486 5687 2654 5741 Nemo
2703 5706 2888 5742 nocens
2913 5699 2960 5740 et
2990 5706 3136 5741 nemo
3169 5688 3333 5740 bonus
3370 5687 3464 5738 has
3506 5688 3557 5738 in
3588 5686 3805 5739 luminis
3837 5701 3958 5737 ora:

2490 5758 2675 5812 Editus
2695 5760 2879 5812 evades
2910 5760 3009 5828 [uti
3043 5758 3180 5829 quod
3213 5760 3318 5828 lege
3351 5767 3592 5825 paratur.
