4164 6444
212 365 358 432 1053

789 381 1320 450 EXPOSITIONIS
1358 385 1438 446 IN
1479 383 1666 444 ACTA
1707 382 2011 445 TEXTUS
2048 387 2297 452 ALTER
2335 418 2400 427 --
2441 392 2597 452 CAP.
2635 391 2911 451 XXVIII.

3341 386 3475 452 1054

209 488 342 550 Θεος
367 491 579 553 πάντας
607 494 730 553 τοὺς
764 496 1026 561 πλέοντας
1062 503 1197 569 μετὰ
1229 501 1347 556 σοῦ.
1385 522 1402 553 ι
1429 502 1537 554 Καὶ
1569 497 1672 553 ὦδε
1704 501 1780 568 μὲε

1907 501 2006 555 tibi
2039 504 2181 562 Deus
2206 523 2400 563 omnes
2425 508 2515 576 qui
2568 515 2746 561 tecum
2771 509 3050 574 navigant.
3094 526 3112 558 ι
3153 508 3214 562 Et
3253 509 3471 576 quidem

211 580 298 632 διὰ
327 581 426 632 τὸν
453 581 663 637 δίκαιον
692 584 859 647 ζῶσιν
891 591 940 642 οἱ
990 593 1206 654 ἀσεϐεῖς
1231 612 1245 625 ο
1284 595 1400 646 ἐστι
1445 593 1500 644 δὲ
1533 594 1620 644 ὅτε
1679 592 1802 644 τοὺς

211 671 435 723 ναντίον
469 675 562 726 καὶ
613 676 720 745 πρὸ
767 676 918 749 ὥρας
965 685 992 733 6
1021 684 1223 751 ἀσεϐὴς
1245 683 1562 747 ἀπόλλυται,
1591 683 1679 734 διὰ
1703 683 1802 753 τὴν

209 764 417 816 ἑαυτοῦ
447 767 670 832 κακίαν,
699 771 844 825 κατά
876 772 938 826 τὸ
965 776 1255 844 εἰρημένον
1277 794 1291 809 ο
1332 795 1350 826 ι
1391 777 1482 845 Μὴ
1525 777 1802 846 ἀσεϐήσῃς

211 855 378 916 πολὺ,
418 856 556 926 μηδὲ
582 858 735 925 γίνου
769 861 1022 932 σκληρὸς,
1071 866 1158 918 ἵνα
1193 864 1269 936 μὴ
1309 865 1584 938 ἀποθάνῃς
1636 870 1693 920 ὲν
1737 865 1797 918 οὐ

212 945 396 1014 καιρῷ
424 963 540 1000 σου.
572 966 592 999 ι
620 949 736 1002 Ἰνα
757 950 850 1004 οὖν
869 954 1118 1025 κατάσχῃ
1153 957 1351 1019 αὐτοὺς
1373 959 1402 1010 6
1433 957 1665 1019 Παῦλος,
1700 948 1798 1011 καὶ

216 1043 287 1106 μὴ
309 1038 550 1110 διαπέσῃ
570 1041 737 1094 αὑτοῦ
759 1045 792 1111 ἡ
818 1049 1146 1115 προφητεία,
1165 1050 1525 1119 οἰκονομικῶς
1557 1051 1747 1116 ἔλεγεν
1781 1066 1795 1080 ⁸

219 1151 236 1180 ι
277 1131 407 1184 Ἐάν
426 1134 503 1202 μὴ
523 1128 668 1188 οὗτοι
693 1138 951 1205 μείνωσιν
969 1140 1027 1192 ἐν
1047 1140 1124 1210 τῷ
1149 1141 1316 1210 πλοίῳ
1335 1141 1483 1212 (τοὺς
1499 1144 1700 1204 ναύτας
1712 1141 1799 1192 λέ-

211 1225 382 1291 raw.)
417 1226 574 1294 ὑμεῖς
630 1229 866 1297 σωθῆναι
918 1231 980 1283 ού
1025 1230 1276 1288 δύνασθε.
1315 1233 1480 1286 »Ὀτε
1524 1231 1618 1287 οῦν
1657 1230 1797 1286 εἶδον

210 1318 291 1369 ὅτι
319 1319 352 1387 ἠ
398 1319 626 1372 ἀϐουλία
661 1321 842 1374 αὐτῶν
891 1323 1148 1392 ἐποίησεν
1181 1327 1381 1387 αὐτοὺς
1431 1327 1792 1387 κινδυνεῦσαι,

208 1410 332 1460 τότε
361 1409 602 1479 ἤρξαντο
645 1412 794 1483 αύτῷ
846 1414 1130 1468 πείθεσθαι
1154 1433 1169 1449 ο
1205 1418 1282 1480 ὡς
1320 1419 1518 1485 μᾶλλον
1548 1419 1647 1487 τῆς
1707 1419 1793 1470 εὐ-

210 1501 410 1568 καίρου
447 1502 802 1571 συμσουλίας,
837 1506 933 1573 τῆς
957 1507 1108 1579 παρὰ
1151 1509 1308 1574 ἁγίου
1335 1509 1526 1579 ἀνδρὸς
1572 1511 1798 1579 γινομέ-

208 1609 326 1659 νης,
343 1590 651 1660 δυναμένης
679 1594 872 1660 σῶσαι,
890 1597 924 1666 ἢ
947 1598 1047 1666 τῆς
1067 1599 1428 1669 εἱμαρμένης,
1456 1599 1556 1668 τῆς
1580 1603 1638 1654 ἐν
1680 1621 1793 1658 κιν-

207 1682 349 1750 δύνῳ
368 1682 503 1752 μηδὲ
525 1683 694 1752 ὄνομα
713 1686 961 1755 ἐχούσης.
988 1688 1049 1740 Ei
1065 1687 1174 1755 γὰρ
1190 1689 1499 1763 εἱμαρμένῃ
1515 1693 1793 1748 ἐπείθοντο

209 1771 431 1830 ἐκεῖνοι,
487 1771 665 1824 καίτοι
703 1774 855 1836 ὄντες
902 1775 1128 1841 ἐθνικοὶ,
1159 1779 1474 1846 παρειόντες
1502 1779 1521 1850 [
1545 1781 1585 1850 f.
1617 1799 1785 1853 παρι-

1907 609 2049 647 nunc
2075 607 2296 666 propter
2323 600 2534 666 justum
2567 599 2759 652 vivunt
2796 598 2968 666 impii.
3009 599 3318 666 Aliquando
3348 616 3475 653 vero

1905 687 2196 740 immature
2251 690 2392 758 perit
2439 689 2642 758 impius
2693 698 2916 758 propter
2966 688 3230 742 malitiam
3293 703 3472 754 suam,

1900 778 2061 850 313
2091 779 2248 847 juxta
2281 780 2458 834 illud:
2498 800 2515 831 ι
2567 779 2646 835 Ne
2693 780 2859 847 impie
2906 794 3041 848 agas
3093 782 3324 833 multum
3373 790 3475 834 :et

1903 872 2012 924 noli
2059 886 2181 925 esse
2239 872 2466 935 stultus,
2519 887 2588 926 ne
2645 870 2900 925 moriaris
2953 869 3008 923 in
3066 879 3311 940 tempore
3365 885 3472 924 non

1904 973 1996 1017 tuo
2030 964 2097 1016 ⁸⁵.
2139 983 2157 1015 ι
2185 963 2388 1018 Paulus
2427 965 2595 1033 igitur
2643 974 2700 1018 ut
2758 977 2855 1018 eos
2904 963 3194 1028 detineret,
3238 963 3473 1032 ejusque

1900 1056 2180 1124 prophetia
2225 1057 2565 1126 impleretur,
2612 1056 2832 1110 dicebat
2877 1073 2890 1108 :
2935 1072 2953 1105 ι
2990 1053 3104 1108 Nisi
3155 1054 3211 1108 bi
3261 1055 3315 1108 in
3345 1057 3469 1108 nini

1901 1149 2231 1211 manserint,
2269 1165 2364 1205 vos
2400 1149 2536 1204 salvi
2572 1148 2688 1202 ﬁeri
2722 1164 2827 1201 non
2861 1148 3116 1217 potestis.
3148 1165 3168 1199 ι
3201 1145 3271 1202 Ut
3308 1147 3472 1216 igitur

1898 1229 2268 1305 cognoverunt
2328 1255 2388 1293 se
2433 1256 2464 1292 a
2512 1238 2730 1308 propria
2765 1237 3127 1306 imprudentia
3186 1237 3252 1291 ad
3293 1245 3472 1292 extre-

1899 1346 2046 1382 mum
2075 1331 2269 1385 adduci
2292 1333 2617 1400 periculum,
2647 1341 2780 1384 tunc
2809 1339 3093 1397 cmperunt
3128 1330 3306 1384 eidem
3353 1345 3474 1382 crc-

1897 1420 2046 1486 dere,
2078 1421 2278 1490 quippe
2307 1422 2450 1489 quod
2484 1430 2857 1490 opportunum
2882 1418 3177 1472 consilium
3214 1434 3241 1470 a
3276 1426 3469 1472 sancto

1895 1511 2014 1567 viro
2053 1511 2240 1566 datum
2270 1513 2440 1582 magis
2465 1526 2560 1568 eos
2587 1525 2805 1566 servare
2836 1519 3044 1580 posset,
3077 1524 3241 1578 quam
3297 1507 3467 1564 fotum

1893 1606 2037 1674 quod
2069 1605 2122 1658 in
2167 1604 2406 1671 periculo
2437 1620 2506 1658 ne
2548 1619 2747 1658 nomen
2784 1603 3002 1671 quidem
3049 1616 3212 1656 suum
3244 1600 3462 1654 retinet.

1900 1697 1957 1749 Si
1992 1696 2139 1748 enim
2169 1694 2251 1748 illi
2294 1693 2430 1757 fato,
2463 1694 2612 1747 velut
2641 1694 2890 1762 gentiles,
2921 1691 3307 1754 credidissent,
3343 1704 3468 1759 pro-

1897 1788 2058 1852 fecto,
2089 1787 2280 1842 relicto
2325 1786 2396 1854 pii
2427 1786 2527 1839 viri
2579 1785 2829 1845 consilio,
2861 1783 3125 1838 sivissent
3154 1783 3306 1837 abire
3335 1799 3466 1836 nau-

207 1858 391 1920 δὸντες
417 1859 497 1912 vel
520 1859 861 1932 παρεῶντες]
889 1863 988 1932 τὴν
1015 1864 1110 1916 τοῦ
1133 1845 1421 1929 θεοσεϐοῦς
1452 1845 1780 1937 συμϐουλὴν,

1891 1890 1994 1942 tas,
2028 1880 2270 1934 dicentes
2298 1895 2314 1933 :
2345 1877 2400 1931 Si
2427 1877 2512 1931 his
2533 1877 2694 1931 etiam
2728 1874 3076 1933 abeuntibus.
3117 1879 3334 1940 oportet
3368 1887 3467 1926 nos

207 1949 336 2001 εἴων
368 1949 438 2002 ἂν
462 1949 721 2003 ἀπελθεῖν
751 1953 878 2016 τοὺς
932 1954 1155 2018 ναύτας,
1207 1956 1476 2023 λέγοντες,
1511 1959 1614 2022 ὅτι,
1663 1959 1785 2013 Κᾶν

206 2034 353 2092 οὗτοι
394 2040 691 2107 ἀπέλθωσι,
737 2044 1006 2114 συμφέρει
1037 2046 1092 2099 δὲ
1123 2048 1273 2116 ἡμᾶς
1301 2047 1784 2113 άποθανεῖν,ούδε-

210 2133 307 2201 μία
330 2132 518 2201 ὄνησις
547 2135 682 2203 ἡμῖν
705 2137 994 2202 γενήσεται
1023 2139 1086 2189 ὲκ
1125 2139 1220 2191 τοῦ
1254 2139 1328 2209 μὴ
1363 2141 1619 2195 ἀπελθεῖν
1663 2144 1785 2195 τού-

204 2239 349 2286 τους.
396 2223 539 2275 Ἀλλ’
588 2224 688 2276 ούκ
729 2219 882 2279 εἶπον
953 2227 1132 2291 τοῦτο,
1187 2231 1306 2283 οὐδὲ
1343 2233 1531 2284 εἴασαν
1589 2235 1786 2296 αὐτοὺς

205 2313 479 2369 ἀπελθεῖν.
507 2315 598 2368 Διὸ
629 2317 692 2368 ἐκ
723 2317 930 2370 πολλῶν
959 2319 1253 2389 ἐκθλητέος
1284 2323 1312 2373 6
1341 2325 1471 2392 περὶ
1514 2326 1786 2396 εἱμαρμέ-

204 2424 297 2473 νης
325 2407 359 2476 ἢ
382 2405 552 2476 τύχης
592 2407 768 2475 λόγος.
803 2411 1061 2480 Παραινεῖ
1085 2411 1295 2474 Παῦλος
1312 2414 1635 2482 μεταλαϐεῖν
1651 2434 1778 2487 τρο-

205 2498 349 2564 φῆς·
408 2499 502 2550 καὶ
548 2499 710 2560 αὐτὸς
746 2499 960 2568 πρῶτος
1041 2503 1557 2572 μεταλαμῆάνες,ού
1604 2507 1779 2577 λόγῳ,

206 2591 322 2652 ἀλλ’
357 2592 507 2661 ἔργῳ
537 2593 742 2646 πείθων
763 2611 776 2626 ·
807 2596 976 2650 Τοῦτο
1004 2599 1132 2669 γὰρ,
1168 2603 1321 2668 φησὶ,
1347 2605 1485 2674 πρὸς
1509 2605 1608 2675 τῆς
1648 2607 1782 2676 ὑμε-

204 2684 368 2754 τέρας
399 2685 674 2755 σωτηρίας
700 2687 818 2739 ἐστὶ
857 2689 1143 2757 (τουτέστι,
1193 2695 1253 2746 τὸ
1283 2698 1522 2765 φαγεῖν),
1575 2700 1783 2767 μήποτε

209 2773 357 2842 λιμῷ
395 2773 761 2856 διαφθαρῆτε.
822 2780 898 2832 Ού
927 2781 1036 2850 γὰρ
1059 2778 1128 2850 ἦν
1168 2786 1352 2848 αὐτοῖς
1385 2790 1593 2858 τροφῆς
1623 2807 1785 2858 φρον-

203 2864 306 2924 τὶς.
354 2864 451 2917 ἅτε
483 2866 542 2916 οὗ
582 2867 711 2935 περὶ
742 2867 850 2921 τῶν
889 2872 1161 2940 τυχόντων
1189 2873 1341 2938 ὄντος
1390 2881 1484 2934 τοῦ
1516 2881 1782 2937 κινδύνου.

207 2954 376 3007 Πόθεν
419 2955 478 3008 δὲ
529 2956 753 3024 γέγονεν
812 2961 998 3024 αὐτοῖς
1042 2964 1197 3031 δῆλος
1235 2967 1345 3020 τῶν
1395 2973 1784 3038 συμπλεόντων

202 3046 230 3096 6
269 3045 505 3114 ἀριθμός
533 3065 548 3112 ;
579 3046 740 3112 Εἰκὸς
766 3045 833 3120 ἦν
861 3051 1060 3116 αὐτοὺς
1085 3055 1297 3128 ἐρωτᾷν
1345 3061 1443 3130 τὴν
1479 3062 1678 3127 αἰτίαν,
1717 3066 1783 3118 δι’

1890 1972 2048 2034 mori,
2086 1971 2218 2026 nihil
2243 1968 2593 2024 emolumenti
2625 1968 2783 2021 nobis
2810 1968 2937 2028 erit,
2972 1967 3186 2020 etiamsi
3215 1980 3321 2018 non
3349 1964 3467 2019 dis-

1887 2064 2077 2117 cedant
2110 2063 2257 2132 (nam
2292 2061 2647 2115 niltilominus
2689 2061 2796 2112 fato
2831 2058 3081 2125 adigente
3119 2055 3460 2127 peribimus).

1886 2155 2136 2207 Attamen
2154 2167 2264 2206 non
2290 2152 2360 2205 ita
2383 2151 2657 2212 dixerunt,
2680 2163 2857 2216 neque
2879 2156 3202 2218 potestatem
3224 2146 3462 2200 abeundi

1888 2247 1994 2300 illis
2029 2245 2292 2299 fecerunt.
2324 2243 2510 2309 Quare
2544 2257 2611 2296 ex
2647 2240 2932 2310 multiplici
2965 2238 3145 2308 capite
3200 2237 3465 2305 abjicien-

1886 2337 2015 2391 dum
2046 2351 2270 2406 prorsus
2317 2344 2402 2389 est
2429 2341 2796 2388 commentum
2834 2333 2902 2386 de
2951 2331 3064 2384 fato
3109 2339 3164 2385 et
3217 2331 3460 2384 fortuna.

1887 2431 2148 2484 llortatur
2170 2443 2298 2482 vero
2330 2426 2532 2481 Paulus
2555 2434 2786 2479 cunctos
2815 2425 2908 2493 qui
2941 2430 3101 2476 erant
3135 2423 3186 2474 in
3231 2421 3374 2483 navi,
3400 2430 3460 2474 ut

1887 2530 2166 2577 sumerent
2201 2521 2408 2585 cibum,
2449 2530 2499 2572 et
2548 2520 2662 2588 ipse
2697 2517 2907 2587 primus
2959 2515 3216 2584 sumpsit,
3254 2522 3312 2569 ut
3349 2529 3459 2568 non

1887 2624 1997 2668 tam
2025 2614 2188 2668 verbo
2222 2628 2384 2682 quam
2413 2625 2574 2680 Opere
2597 2610 2947 2678 persuaderet
2980 2626 2994 2662 :
3027 2608 3136 2661 Hoc
3171 2607 3342 2668 enim,
3372 2607 3460 2660 in-

1885 2703 2126 2771 quiebat,
2156 2701 2222 2756 ad
2255 2710 2490 2755 vestram
2524 2697 2758 2752 salutem
2809 2696 3185 2751 necessarium
3240 2704 3346 2757 est,
3391 2707 3461 2747 ne

1887 2795 2030 2848 fame
2058 2791 2294 2862 pereatis
2330 2808 2342 2844 :
2377 2803 2555 2859 neque
2599 2789 2746 2843 enim
2777 2787 2933 2840 cibus
2969 2801 3114 2839 cura:
3164 2785 3275 2839 illis
3316 2791 3457 2846 erat,

1887 2885 2032 2956 quod
2060 2886 2113 2939 in
2154 2897 2372 2938 summo
2400 2883 2525 2935 vita!
2562 2880 2802 2948 periculo
2853 2888 3221 2934 versarentur.
3262 2893 3283 2926 ι
3322 2874 3457 2927 Era-

1886 2993 2006 3032 mus
2025 2991 2170 3032 vero.
2213 2993 2232 3026 ι
2273 2972 2427 3028 Unde
2451 2971 2778 3026 manifestus
2810 2969 2988 3024 factus
3011 2975 3094 3021 est
3119 2967 3229 3020 illis
3244 2980 3454 3028 eorum,

1885 3072 1978 3139 qui
2013 3071 2066 3123 in
2103 3067 2230 3121 navi
2258 3077 2436 3129 erant,
2471 3065 2776 3120 numerus?
2808 3063 3067 3118 Fortasse
3099 3076 3222 3117 sese
3259 3069 3451 3113 mutuo

203 3138 266 3204 ἣν
318 3137 565 3203 πλέουσι,
621 3143 716 3194 καὶ
771 3145 960 3212 μαθεῖν
1009 3150 1207 3204 πάντα.
1244 3152 1414 3205 Πάλιν
1463 3155 1528 3207 ἐκ
1586 3157 1780 3210 τούτου

1887 3164 2380 3228 interrogas-erant,
2415 3173 2522 3228 qua
2553 3158 2622 3212 de
2654 3171 2821 3210 causa
2868 3156 3210 3224 navigarent,
3266 3152 3456 3220 sicque

201 3228 500 3293 δείκνυται,
523 3231 604 3283 ὅτι
646 3233 725 3302 τῷ
759 3235 954 3306 Παύλῳ
982 3238 1383 3311 εὐχαρίστησαν
1432 3245 1498 3311 ⁸⁵,
1538 3248 1620 3300 ὅτι
1680 3249 1775 3303 καί

200 3339 280 3376 τοι
312 3322 660 3392 βουλομένων
680 3330 833 3392 τινὰς
864 3332 1130 3402 ἀναιρεῖν,
1169 3335 1254 3388 ἵνα
1285 3336 1358 3407 μὴ
1393 3338 1533 3412 πέσῃ
1559 3342 1592 3410 ἡ
1639 3361 1772 3413 προ-

200 3415 400 3481 φητεία
443 3415 680 3481 Παύλου,
730 3421 832 3473 ούκ
895 3422 1079 3478 είασεν
1113 3426 1314 3491 αὐτοὺς
1364 3431 1776 3503 ἀναιρεθῆναιό

200 3505 627 3579 ἑκατοντάρχης,
664 3510 750 3564 ἵνα
769 3511 862 3563 τὸν
894 3511 1103 3570 Παῦλον
1135 3517 1308 3590 σώσῃ.

656 3691 745 3761 Τῷ
800 3693 1061 3766 Σασθάτῳ
1098 3699 1196 3766 τῆς
1235 3707 1298 3758 ν’.

784 3785 1168 3844 KEIMENUN.

266 3869 336 3921 Οῖ
362 3885 424 3921 τε
462 3870 738 3942 Βάρόαροι
767 3880 1029 3946 παρεῖχον
1054 3881 1117 3933 ού
1145 3881 1243 3952 τὴν
1266 3885 1536 3954 τυχοῦσαν
1576 3891 1767 3958 φιλαν-

197 3959 442 4028 θρωπίαν
481 3961 635 4029 ἡμῖν.
686 3962 1019 4033 Ἀνάψαντες
1074 3971 1184 4039 γὰρ
1237 3975 1438 4043 πυράν,
1495 3979 1765 4046 προσελά-

197 4053 352 4104 ϐοντο
403 4053 610 4116 πάντας
655 4055 824 4124 ἡμᾶς,
878 4058 968 4112 διὰ
999 4061 1090 4113 τὸν
1141 4063 1294 4116 ὑετὸν
1327 4066 1418 4118 τὸν
1460 4071 1763 4138 ἐφεστῶτα,

195 4144 288 4195 καὶ
342 4142 432 4194 διὰ
484 4143 546 4196 τὸ
588 4144 782 4215 ψύχος.
836 4150 1246 4222 Σῦς-τρέψαντος
1294 4157 1352 4210 δὲ
1409 4159 1503 4212 τοῦ
1550 4162 1764 4215 Παύλου

195 4234 492 4303 φρυγάνων
526 4253 580 4288 τι
610 4235 840 4324 πλῆθος,
876 4243 966 4294 καὶ
1005 4244 1284 4310 ἐπιθέντος
1319 4250 1410 4302 ἐπὶ
1441 4251 1539 4322 τὴν
1564 4255 1764 4324 πυρὰν,

195 4327 377 4399 ἔχιδνα
408 4325 518 4378 ἀπὸ
547 4323 884 4399 τῆῗθέρμης
923 4333 1237 4401 ἐξελθοῦσα,
1273 4339 1488 4410 καθῆψε
1519 4343 1619 4412 τῆς
1648 4323 1763 4414 χει-

197 4421 285 4486 ρδλς
313 4419 502 4473 αὑτοῦ.
542 4421 632 4484 Ὠς
656 4422 712 4475 δὲ
755 4419 897 4482 εἶδον
944 4426 993 4477 oi
1027 4426 1301 4498 Βάρσαροι
1325 4434 1670 4503 κρεμάμενον
1701 4440 1762 4490 τὸ

195 4507 384 4577 θηρίον
416 4508 476 4560 ὲν
509 4511 577 4579 τῇ
613 4511 977 4581 χειρῖαύτοῦ,
1026 4497 1168 4586 προς
1217 4497 1478 4590 άλλήλους
1514 4497 1715 4592 ’ἔλεγον
1746 4544 1757 4556 ·
1795 4497 1837 4550 D

195 4599 419 4662 Πάντως
452 4601 648 4669 φονεύς
702 4603 852 4658 ἐστιν
894 4609 922 4659 6
950 4607 1236 4678 ἄνθρωπος
1263 4605 1441 4680 οὗτος,
1472 4614 1532 4667 ὃν
1568 4617 1766 4670 διασω-

195 4691 357 4742 θέντα
389 4693 455 4743 ὲκ
489 4693 586 4762 τῆς
629 4693 875 4766 θαλάσση
894 4715 930 4761 τ,
968 4699 1000 4767 ὴ
1044 4700 1169 4770 δίκη
1205 4701 1305 4773 ζῇν
1334 4705 1433 4759 οὐκ
1462 4707 1664 4766 εἴασεν.
1710 4709 1768 4763 '0

196 4783 293 4849 μὲν
321 4777 439 4847 οῦν,
470 4785 935 4855 ἁποτιναξοὶμενος
965 4791 1026 4842 τὸ
1059 4791 1248 4861 θηρίον
1274 4797 1353 4857 εἰς
1376 4798 1437 4849 τὸ
1469 4797 1600 4868 πῦρ,
1631 4800 1765 4853 ἐπα-

192 4873 282 4926 θεν
330 4875 488 4927 οὐδὲν
543 4877 746 4929 κακόν·
775 4881 823 4931 oi
859 4880 914 4932 δὲ
959 4885 1305 4952 προσεδόκων
1338 4889 1498 4941 αὑτὸν
1552 4893 1764 4958 μέλλειν

190 4965 291 5026 πίμ
309 4964 565 5034 πρασθαι,
600 4966 632 5036 ἢ
661 4971 1021 5024 καταπίπτειν
1048 4973 1201 5040 ἄφνω
1230 4977 1446 5047 νεκρόν.
1480 4980 1603 5033 Ἐπὶ
1629 4983 1762 5036 πολὺ

187 5055 239 5107 δὲ
267 5057 455 5108 αὐτῶν
483 5059 927 5127 προσδοκώντων,
965 5065 1056 5117 καὶ
1085 5065 1436 5136 θεωρούντων
1471 5073 1638 5141 μηδὲν
1682 5076 1762 5138 είς

188 5148 352 5200 αὐτὸν
408 5149 704 5217 γενόμενον
761 5152 1000 5220 ἄτοπον,
1057 5158 1522 5231 μεταϐαλλόμενοι
1575 5165 1761 5231 ἔλεγον

187 5237 348 5288 αὑτὸν
402 5233 542 5289 εἶναι
571 5239 709 5293 θεόν.
745 5240 834 5294 Ἐν
861 5243 916 5295 δὲ
949 5247 1060 5308 τοῖς
1093 5249 1220 5317 περὶ
1239 5249 1331 5302 τὸν
1359 5253 1522 5304 τόπον
1556 5255 1762 5307 ἐκεῖνον

187 5328 403 5396 ὑπῆρχε
435 5331 610 5397 χωρία
660 5331 736 5399 τῷ
769 5333 970 5404 πρώτῳ
996 5336 1095 5406 τῆς
1127 5340 1293 5408 νήσου
1333 5343 1506 5412 ἀνδρὶ,
1534 5346 1756 5414 ὀνόματι

189 5418 428 5487 Ποπλίῳ.
469 5420 564 5481 ’ος
594 5422 992 5493 ἀναδεξάμενος
1033 5429 1201 5497 ἡμᾶς,
1235 5435 1384 5500 τρεῖς
1424 5436 1634 5506 ἡμέρας
1665 5459 1753 5506 φι-

264 5600 310 5632 ⁸³
339 5599 520 5655 Eccle.
558 5619 652 5665 vn,
681 5604 766 5659 18.

1882 3260 2145 3308 noverant
2173 3251 2376 3305 omnia.
2418 3269 2439 3301 ι
2473 3249 2703 3304 Militum
2733 3257 2916 3303 autem
2941 3247 3228 3303 consilium
3253 3253 3390 3299 erat.
3428 3261 3449 3296 ι

1881 3344 1955 3397 Ex
1989 3345 2091 3399 hoc
2120 3345 2286 3398 etiam
2316 3343 2492 3411 palam
2529 3341 2610 3406 fit,
2654 3355 2751 3396 cos
2816 3338 2988 3392 Paulo
3033 3337 3269 3392 donatos
3303 3349 3450 3391 esse.

1878 3435 2048 3506 quod,
2077 3450 2200 3488 cum
2228 3435 2430 3488 vellent
2456 3433 2724 3502 quosdam
2755 3431 3030 3490 occidere.
3067 3443 3136 3483 ne
3172 3426 3453 3482 excideret

1875 3528 2028 3583 Pauli
2067 3526 2369 3597 prophetia.
2409 3526 2678 3590 centurio,
2711 3531 2770 3578 ut
2800 3523 3028 3577 Paulum
3051 3526 3314 3580 servaret.
3338 3533 3453 3575 non

1877 3621 2145 3691 permisit,
2174 3627 2232 3673 ut
2265 3619 2408 3673 ullus
2437 3617 2857 3672 interficeretur.

2342 3709 2581 3764 Sabbato
2619 3707 2992 3762 Peutecostes.

2511 3798 2814 3855 TEXTUS.

1942 3894 2182 3957 XXVIII,
2217 3893 2363 3948 H0.
2383 3892 2606 3946 Barbari
2637 3907 2767 3946 vero
2787 3889 3114 3960 praestabant
3140 3904 3244 3941 non
3271 3887 3448 3941 modi-

1871 4004 1989 4044 cam
2025 3986 2420 4041 humanitatem
2450 3984 2632 4041 nobis.
2667 3984 2909 4037 Accensa
2939 3983 3087 4036 enim
3137 3996 3286 4050 pyra,
3323 3980 3448 4033 reli-

1871 4079 2088 4133 ciebaut
2116 4093 2217 4132 nos
2245 4091 2436 4131 omnes
2462 4083 2681 4144 propter
2712 4073 2940 4127 imbrem
2983 4073 3076 4141 qui
3108 4071 3441 4125 imminebat.

1867 4179 1919 4226 et
1944 4173 2128 4240 frigus.
2153 4169 2289 4224 Cum
2306 4177 2696 4238 congregasset
2711 4174 2889 4220 autem
2911 4166 3113 4218 Paulus
3140 4172 3448 4218 sarmento-

1869 4279 1986 4314 rum
2017 4263 2364 4330 aliquantam
2394 4259 2792 4312 multitudinem
2828 4267 2880 4310 et
2909 4257 3255 4324 imposuisset
3281 4269 3449 4323 super

1869 4353 2073 4425 ignem,
2099 4352 2307 4421 vipera,
2330 4351 2551 4404 acalore
2565 4364 2688 4403 cum
2710 4349 3091 4418 processisset,
3110 4345 3308 4398 invasit
3331 4360 3447 4396 ma-

1868 4460 1992 4498 mun
2008 4441 2364 4513 ejus.Utvero
2379 4442 2629 4495 viderunt
2642 4440 2861 4494 Barbari
2879 4439 3201 4508 pendentem
3219 4436 3444 4490 bestiam

1872 4537 1939 4589 de
1971 4550 2129 4586 manu
2159 4533 2299 4601 ejus,
2343 4533 2409 4586 ad
2453 4532 2683 4585 invicem
2717 4528 2881 4600 314
2908 4529 3164 4583 dicebant
3197 4545 3209 4581 :
3248 4526 3444 4595 Utique

1878 4625 2151 4678 homicida
2189 4630 2274 4678 est
2310 4623 2472 4677 homo
2498 4622 2608 4686 hic,
2645 4622 2735 4689 qui
2771 4635 2895 4673 eum
2921 4619 3162 4674 evaserit
3189 4618 3256 4670 de
3283 4617 3444 4679 mari,

1872 4717 2006 4770 ultio
2032 4731 2138 4769 non
2163 4716 2292 4770 sinit
2313 4729 2436 4768 eum
2467 4715 2671 4766 vivere.
2703 4710 2766 4763 Et
2807 4711 2894 4762 ille
2917 4710 3137 4779 quidem
3162 4708 3446 4762 excutiens

1871 4808 2100 4863 bestiam
2127 4808 2180 4860 in
2209 4809 2409 4876 ignem,
2449 4805 2580 4858 nihil
2642 4803 2766 4857 mali
2827 4817 3024 4872 passus
3081 4809 3186 4855 est.
3251 4800 3322 4853 At
3368 4799 3443 4853 illi

1868 4903 2253 4959 existimabant
2288 4917 2410 4957 eum
2449 4901 2499 4953 in
2556 4909 2824 4954 tumorem
2888 4896 3338 4956 convertendum,
3389 4902 3443 4948 ct

1871 4993 2050 5047 subito
2077 5007 2355 5054 casurum,
2387 4999 2442 5044 et
2473 4991 2631 5043 tnori.
2669 4989 2767 5042 Diu
2791 5000 2970 5042 autem
2995 4989 3102 5040 illis
3119 4994 3445 5053 exspectan-

1873 5083 2018 5136 tibus
2055 5091 2109 5137 et
2141 5082 2454 5136 videntibus
2490 5083 2625 5134 nihil
2659 5081 2781 5134 mali
2821 5081 2872 5132 in
2901 5095 2966 5132 eo
3018 5078 3155 5139 ﬁeri,
3210 5091 3440 5130 conver-

1871 5182 2047 5228 tentes
2077 5190 2135 5229 sc
2187 5173 2440 5228 dicebant
2469 5188 2592 5226 eum
2625 5186 2746 5225 esse
2774 5170 2959 5223 deum.
2996 5167 3054 5222 In
3091 5169 3226 5220 locis
3255 5173 3435 5217 autem

1872 5263 1980 5317 illis
2012 5270 2170 5317 erant
2198 5260 2393 5330 praedia
2429 5261 2690 5329 principis
2724 5259 2939 5320 insulae,
2983 5255 3200 5308 nomine
3235 5251 3434 5314 Publii,

1869 5354 1959 5421 qui
1995 5367 2093 5405 nos
2123 5352 2445 5421 suspiciens,
2479 5351 2660 5404 triduo
2721 5350 2954 5417 benigne
3001 5345 3429 5415 hospitalitatem

1866 5444 2131 5500 exhibuit.
2157 5443 2396 5513 Contigit
2424 5451 2604 5498 autem
2633 5451 2838 5512 patrem
2889 5439 3068 5494 Publii
3099 5438 3341 5494 febribus
3374 5443 3430 5490 et

1528 5707 1716 5767 Υιιιξιο
1755 5707 2081 5771 lectiones.

260 5792 304 5822 “
336 5792 715 5862 ἑχιγρίσίιιτγταν⁴
