4164 6444
734 396 877 467 1055

1649 390 2221 457 THEOPHYLACTI
2257 386 2665 451 BULGARLE
2707 386 3060 449 ARCHIEP.

3847 381 4003 450 1056

732 507 1074 581 dyssenteria
1115 516 1329 563 ventum
1370 506 1577 575 jacere.
1612 506 1690 560 Ad
1721 521 1882 575 quem
1922 502 2125 557 Paulus
2173 500 2317 555 intra

2422 498 2693 567 λοφρόνως
2742 498 2999 562 ὲξίνισιν.
3068 493 3317 563 Ἐγίνετο
3366 491 3423 547 δι
3473 491 3565 546 τὸν
3627 491 3840 562 πατίρα
3891 492 3997 545 τοῦ

734 602 866 655 vit:
916 610 971 653 et
1046 614 1169 653 cum
1231 605 1443 651 orasset
1481 608 1533 651 et
1582 597 1934 666 imposuisset
1988 594 2040 649 ei
2096 608 2311 656 manus,

733 690 963 746 salvavit
988 704 1135 742 enim.
1157 687 1275 753 Quo
1303 688 1467 750 facto,
1500 702 1691 742 omnes
1724 688 1813 756 qui
1848 687 1899 740 in
1938 686 2113 739 insula
2147 685 2314 737 habe-

736 787 865 839 bant
898 782 1094 836 infirmi
1138 790 1297 845 lates,
1322 780 1655 834 accedebant
1714 788 1768 832 et
1805 765 2143 831 curabantur
2178 792 2190 827 :
2220 774 2312 841 qui

739 874 865 926 tiam
912 873 1097 926 ιιιυιιίε
1143 870 1441 925 honoribus
1476 886 1574 925 nos
1616 869 2042 933 bonoraverunt,
2074 876 2126 922 et
2155 866 2309 921 navi-

737 964 988 1032 gantibus
1028 962 1408 1032 imposuerunt
1458 975 1578 1030 quae
1598 960 1907 1017 necessaria
1932 967 2107 1014 erant.

1257 1228 1486 1285 CAPUT
1544 1229 1784 1285 XXXIX.

842 1322 1118 1387 Quomodo
1148 1323 1351 1378 Paulus
1399 1322 1586 1378 Melita
1640 1324 1860 1379 Romam
1892 1327 2202 1394 pervenerit.

787 1504 824 1555 Χ
839 1502 1022 1577 XVIII,
1048 1505 1228 1557 11-15.
1246 1503 1374 1557 Post
1388 1518 1606 1558 menses
1620 1512 1798 1557 autem
1816 1512 1925 1558 tres
1938 1503 2309 1570 navigavimus

736 1595 791 1648 iu
818 1596 940 1648 navi
968 1595 1359 1658 Alexandrina,
1391 1610 1511 1663 quae
1539 1596 1593 1648 in
1624 1594 1796 1649 insula
1832 1595 2187 1656 hiemaverat,
2219 1593 2306 1646 cui

738 1696 858 1740 erat
881 1687 1089 1754 insigne
1109 1686 1422 1740 Castorum.
1448 1685 1513 1738 Et
1548 1701 1669 1739 cum
1697 1686 2039 1741 venissemus
2068 1685 2303 1755 Syracu-

739 1788 877 1838 sam,
904 1774 1205 1829 mansimus
1230 1775 1300 1827 ibi
1331 1774 1535 1828 triduo.
1565 1773 1699 1829 Inde
1732 1775 2185 1844 circumlegentes
2213 1774 2307 1829 de-

740 1866 987 1920 venimus
1011 1866 1272 1933 Rhegium
1308 1883 1322 1920 :
1360 1876 1413 1919 et
1454 1874 1576 1934 post
1608 1882 1777 1919 unum
1813 1867 1978 1929 diem,
2008 1864 2171 1919 ﬂattte
2202 1864 2310 1918 Δυ-

742 1967 882 2019 stro,
915 1958 1153 2010 secunda
1199 1957 1285 2010 die
1324 1950 1895 2019 venimus‘Puteolos;
1933 1958 2045 2022 ubi,
2080 1954 2314 2011 inventis

743 2046 1026 2113 fratribus,
1068 2049 1241 2117 rogati
1282 2064 1472 2102 sumus
1522 2064 1745 2103 manere
1794 2047 1935 2117 apud
1965 2064 2059 2103 eos
2082 2048 2201 2103 dies
2229 2062 2313 2104 se-

747 2149 889 2206 ptem
924 2156 937 2190 :
968 2151 1025 2193 et
1051 2140 1414 2195 sic-venimus
1440 2140 1691 2193 Romam.
1723 2139 1789 2192 Et
1819 2140 1944 2194 inde
1969 2156 2093 2194 cum
2124 2139 2313 2193 audis-

742 2237 865 2281 sent
917 2228 1140 2293 fratres,
1193 2237 1552 2284 occurrernnt
1604 2231 1766 2283 nobis
1822 2243 1994 2295 usque
2039 2228 2105 2281 ad
2151 2228 2311 2297 Appii

745 2321 941 2379 forum,
965 2333 1029 2372 ac
1052 2316 1185 2373 Tres
1208 2320 1505 2373 Tabernas.
1529 2318 1677 2383 Quos
1691 2333 1813 2372 cum
1837 2320 2061 2373 vidisset
2088 2319 2310 2386 Paulus,

750 2409 956 2479 gratias
992 2424 1158 2478 agens
1180 2410 1314 2473 Deo,
1358 2411 1565 2479 accepit
1595 2411 1874 2465 fiduciam.

1331 2588 1560 2644 CAPUT
1598 2590 1636 2643 Χ
1653 2588 1710 2642 L.

744 2680 821 2733 De
869 2680 1190 2735 allocutione
1237 2680 1394 2735 Pauli
1444 2682 1513 2735 ad
1546 2679 1766 2734 ludam:
1799 2682 1889 2751 qui
1918 2680 2099 2736 Romae
2135 2692 2309 2737 erant.

813 2852 1053 2919 XXVIII,
1085 2854 1274 2911 I6-5l.
1300 2856 1435 2910 Cum
1481 2865 1660 2909 autem
1691 2857 2033 2913 venissemus
2061 2856 2311 2924 Romam,

746 2948 1070 3018 permissum
1087 2957 1171 3002 est
1187 2947 1351 3001 Paulo
1365 2963 1584 3003 manere
1598 2948 1818 3002 sibimet
1833 2964 1956 3003 cum
1974 2951 2315 3006 custodiente

747 3055 805 3094 sc
822 3040 1009 3094 milite.
1027 3037 1157 3095 Post
1174 3039 1394 3093 tertium
1416 3049 1597 3093 autem
1615 3040 1755 3093 diem
1774 3043 2092 3095 convocavit
2110 3044 2316 3111 primos

741 3129 1075 3188 Judcorum.
1094 3130 1754 3199 Cumqueconvenissent,
1787 3132 2001 3185 dicebat
2028 3133 2107 3187 eis
2142 3152 2155 3188 :
2180 3133 2313 3202 Ego,

749 3224 851 3277 viri
909 3222 1132 3286 fratres,
1166 3221 1300 3276 nihil
1356 3222 1622 3276 adversus
1677 3222 1885 3292 plebem
1936 3222 2146 3278 faciens
2225 3233 2319 3278 aut

749 3330 951 3370 morem
982 3322 1296 3383 paternum,
1333 3313 1553 3367 vinctus
1584 3314 1653 3367 ab
1680 3313 2039 3385 Jerosolymis
2089 3317 2319 3372 traditus

747 3404 908 3477 315
943 3420 1061 3458 sum
1092 3403 1145 3457 in
1173 3418 1365 3459 manus
1402 3403 1809 3469 Romanorum;
1845 3405 1961 3475 qui,
1988 3420 2111 3459 cum
2147 3406 2318 3459 inter-

751 3495 1083 3565 rogationem
1120 3496 1186 3550 de
1226 3511 1310 3550 me
1341 3495 1684 3559 habuissent,
1709 3496 2001 3550 voluerunt
2031 3512 2115 3551 me
2140 3498 2320 3551 dimit-

752 3597 888 3663 tere,
929 3600 995 3640 eo
1027 3586 1172 3654 quod
1228 3586 1378 3639 nulla
1428 3596 1578 3641 esset
1638 3603 1802 3643 causa
1864 3590 2059 3643 mortis
2099 3589 2153 3642 in
2210 3606 2316 3643 me.

751 3678 1270 3733 Contradicentibus
1297 3688 1478 3733 autem
1519 3678 1746 3744 Judzuis,
1792 3692 2016 3735 coactus
2060 3698 2177 3735 sum
2226 3698 2322 3751 ap-

755 3770 954 3839 pellare
977 3769 1243 3825 Caesarem
1268 3812 1281 3834 ,
1314 3787 1422 3825 non
1448 3773 1603 3840 quasi
1643 3782 1858 3840 gentem
1897 3789 2069 3827 meam
2116 3777 2320 3831 habens

754 3860 960 3927 aliquid
989 3874 1272 3914 accusare.
1312 3862 1540 3931 I'ropter
1589 3865 1730 3917 hanc
1756 3865 1920 3934 igitur
1955 3881 2177 3918 causam
2238 3884 2320 3919 ro-

754 3953 875 4021 gavi
911 3967 1006 4007 vos
1048 3954 1233 4007 videre
1281 3962 1335 4007 ct
1389 3954 1632 4023 alloqui;
1690 3967 1908 4027 prapter
1971 3974 2119 4027 spem
2175 3961 2317 4011 enim

756 4044 919 4100 Israel
948 4052 1141 4099 catena
1173 4046 1273 4099 hac
1294 4047 1666 4101 circumdatus
1696 4065 1838 4101 sum.
1866 4050 1933 4101 At
1962 4051 2035 4102 illi
2069 4051 2321 4103 dixerunt

753 4136 822 4193 ad
843 4152 969 4193 eum
1004 4156 1017 4191 :
1051 4137 1161 4193 Nos
1183 4154 1361 4207 neque
1392 4140 1601 4194 litteras
1626 4142 1939 4210 accepimus
1972 4142 2037 4196 de
2075 4151 2125 4195 tc
2160 4158 2187 4194 a
2223 4140 2320 4195 Ju-

754 4231 892 4291 ιΙςιτο,
936 4243 1116 4298 neque
1156 4228 1453 4282 adveniens
1505 4231 1702 4298 aliquis
1768 4232 1996 4286 fratrum
2050 4234 2321 4287 rntnliavit

755 4330 848 4373 aut
883 4320 1097 4374 locutus
1127 4331 1209 4373 est
1239 4320 1368 4388 quid
1401 4320 1467 4374 de
1501 4327 1552 4374 te
1584 4321 1804 4375 malum.
1835 4321 2111 4389 Rogamus
2138 4335 2316 4378 autem

757 4431 785 4466 a
823 4420 876 4466 te
908 4411 1096 4466 audire
1132 4427 1253 4481 quae
1302 4415 1471 4468 sentis
1507 4432 1518 4465 :
1553 4429 1677 4467 nam
1717 4415 1786 4469 de
1824 4423 1973 4469 Secta
1997 4416 2097 4470 hac
2132 4428 2316 4471 notum

2418 588 2655 641 Ποπλίου
2700 590 2953 656 πυρετοῖς
2988 586 3081 640 καὶ
3122 585 3443 654 δυσεντερίῳ
3491 582 3851 651 συνεχόμενον
3883 598 4001 634 κα-

2412 680 2719 731 τακεῖσθαι.
2756 679 2898 749 Πρὸς
2942 678 3001 731 ὃν
3032 677 3062 728 ὁ
3090 676 3299 737 Παῦλος
3330 674 3587 727 εἰσελθὼν
3627 672 3720 725 καὶ
3748 688 3998 742 προσευ-

2415 774 2667 838 ξάμενος,
2702 770 2910 831 ἐπιθείς
2932 788 2998 822 τε
3020 768 3174 838 αὐτῷ
3199 770 3297 829 τὰς
3337 770 3547 836 χεῖρας,
3578 766 3767 819 ἰάσατο
3797 764 3993 817 αὐτόν.

2413 862 2618 916 Τούτου
2648 858 2740 915 οὖν
2773 862 3093 930 γενομένου,
3147 860 3241 912 καὶ
3270 859 3319 912 οί
3366 859 3544 911 λοιποὶ⁸
3577 858 3627 910 οί
3654 856 3713 909 ὲν
3746 859 3809 925 τῇ
3839 859 3999 923 νήσῳ

2412 954 2627 1023 ἔχοντες
2661 954 2969 1016 ἀσθενείας,
3008 953 3392 1022 προσήρχοντο
3422 951 3518 1001 καὶ
3556 948 3992 1017 ἐθεραπεύοντο.

2413 1047 2478 1099 Οἳ
2528 1048 2622 1098 καὶ
2673 1045 2893 1107 πολλαῖς
2924 1047 3113 1114 τιμαῖς
3154 1044 3425 1112 ἐτίμησαν
3464 1042 3631 1111 ἡμᾶς,
3665 1044 3758 1095 καὶ
3786 1042 3996 1106 ἀναγο-

2416 1139 2591 1209 μένοις
2625 1136 2880 1189 ὲπέθεντο
2905 1136 2971 1188 τὰ
3000 1136 3141 1205 πρὸς
3173 1134 3277 1200 τὴν
3313 1133 3525 1203 χρείαν.

2989 1228 3239 1282 ΚΕΦΑΛ.
3281 1227 3403 1279 AB’.

2413 1322 2611 1387 Ὅπως
2657 1320 2776 1377 ἀπὸ
2820 1323 3083 1385 Μελίτης
3112 1321 3200 1383 είς
3251 1318 3488 1387 Ῥώμην
3532 1315 3917 1381 κατήντησεν
3960 1320 3994 1368 ό

3052 1410 3315 1474 Παῦλος.

2482 1502 2631 1557 Μετὰ
2673 1502 2729 1555 δὲ
2759 1503 2905 1572 τρεῖς
2940 1500 3114 1570 μῆνας
3135 1502 3448 1569 ἀνήχθημεν
3473 1500 3531 1551 ἐν
3563 1514 3993 1567 παρακεχειμα-

2413 1596 2532 1649 κότι
2588 1598 2644 1647 ὲν
2679 1598 2743 1664 τῇ
2785 1595 2933 1664 νήσῳ
2957 1635 2971 1658 ,
3005 1593 3174 1661 πλοίῳ
3214 1591 3596 1661 Ἀλεξανδρινῷ
3662 1591 3988 1659 παρασήμῳ

2418 1686 2782 1755 Διοσκούροις.
2842 1686 2952 1737 Καὶ
3010 1683 3381 1752 καταχθέντες
3445 1684 3524 1743 είς
3580 1679 3989 1749 Συρακούσας.

2418 1778 2783 1847 ἐπεμείναμεν
2833 1778 3050 1846 ἡμέρας
3113 1778 3282 1843 τρεῖς.
3346 1774 3505 1827 Ὅθεν
3584 1771 3992 1840 περιελθόντες,

2416 1868 2839 1937 κατηντήσαμεν
2870 1866 2949 1928 είς
2993 1864 3235 1934 Ῥήγιον·
3284 1864 3377 1915 καὶ
3416 1862 3554 1929 μετὰ
3590 1862 3719 1930 μίαν
3747 1860 3989 1929 ἡμέραν,

2414 1958 2803 2026 ἐπιγενομένου
2844 1956 3019 2019 νότου,
3066 1956 3367 2023 δευτεραῖοι
3402 1954 3637 2022 ήλθομεν
3677 1954 3757 2013 εἰς
3800 1952 3991 2004 Ποτιό-

2414 2047 2559 2109 λους.
2607 2043 2681 2102 Οῦ
2728 2047 2981 2115 εὑρόντες
3032 2045 3335 2113 ἀδελφοὺς,
3370 2044 3798 2113 παρεκλήθημεν
3858 2044 3989 2111 παρ’

2414 2141 2599 2202 αὐτοῖς
2626 2141 3003 2208 ἐπιμείναντες
3027 2138 3241 2207 ἡμέρας
3284 2137 3445 2189 ἑπτά·
3482 2138 3574 2187 καὶ
3603 2134 3778 2195 οὕτως
3811 2135 3982 2203 ἦλθο-

2418 2248 2516 2301 μεν
2541 2233 2620 2292 εἰς
2660 2231 2897 2300 Ῥώμην.
2930 2229 3199 2285 Κάκεῖθεν
3231 2229 3280 2280 οἱ
3306 2228 3525 2295 ἀδελφοὶ
3550 2224 3888 2285 ἀκούσαντες
3922 2224 3990 2275 τὰ

2415 2325 2543 2393 περὶ
2591 2321 2768 2392 ήμῶν,
2836 2320 3057 2390 ἐξῆλθον
3116 2320 3197 2381 είς
3255 2320 3559 2388 ἀπάντησιν
3618 2318 3751 2386 ἡμῖν
3808 2315 3973 2384 ἄχρι;

2428 2412 2657 2466 Ἀππίου
2707 2412 2877 2482 Φόρου
2922 2414 3017 2465 καὶ
3061 2410 3239 2481 Τριῶν
3283 2409 3593 2478 Ταϐερνῶν.
3627 2405 3733 2471 Οὓς
3783 2407 3914 2459 ίδὼν
3955 2406 3984 2457 ὁ

2416 2503 2651 2566 Παῦλος,
2694 2504 3095 2573 εὐχαριστήσας
3140 2502 3218 2571 τῷ
3249 2500 3391 2571 Θεῷ,
3429 2501 3586 2554 ἔλαϐε
3623 2501 3845 2570 θάρσος.

3018 2595 3268 2649 ΚΕΦΔΛ.
3296 2594 3387 2648 Μ’.

2417 2686 2555 2755 Περὶ
2586 2685 2904 2752 διαλέξεως
2932 2686 3173 2740 Παύλου
3195 2687 3304 2753 τῆς
3329 2686 3481 2753 πρὸς
3510 2684 3651 2751 τοὺς
3688 2684 3761 2739 ἐν
3794 2683 3993 2755 Ῥώμῃ

3019 2778 3342 2845 Ἰουδαίους

2487 2870 2615 2924 Ὅτε
2662 2869 2721 2923 δὲ
2770 2870 3005 2939 ἤλθομεν
3052 2872 3132 2931 είς
3209 2869 3446 2940 Ῥώμην,
3497 2871 3525 2921 ό
3592 2871 3991 2939 ἑκατόνταρχος

2414 2960 2705 3031 παρέδωκε
2735 2962 2865 3021 τοὺς
2902 2960 3155 3027 δεσμίους
3188 2961 3264 3029 τῷ
3313 2962 3787 3031 στρατοπεδάρχῃ.
3830 2962 3990 3012 Ἐπε-

2414 3050 2602 3121 τράπη
2624 3050 2682 3103 δὲ
2711 3049 2788 3119 τῷ
2837 3051 3035 3120 Παύλῳ
3069 3051 3253 3119 μένειν
3282 3051 3404 3104 καθ’
3432 3053 3621 3103 ἑαυτὸν
3652 3054 3747 3105 σὺν
3772 3053 3849 3121 τῷ
3888 3071 3991 3119 ςυ-

2346 3169 2389 3227 C
2420 3143 2673 3197 λάσσοντι
2705 3143 2869 3196 αὐτὸν
2918 3142 3247 3213 στρατιώτῃ.
3290 3142 3537 3212 Ἐγένετο
3582 3144 3637 3197 δὲ
3674 3146 3815 3213 μετὰ
3846 3146 3989 3215 ἠμέ-

2422 3250 2521 3305 ρας
2552 3237 2702 3303 τρεῖς
2756 3235 3191 3303 συγκαλέσασθαι
3252 3236 3344 3289 τὸν
3399 3237 3610 3289 Παῦλον
3666 3238 3793 3300 τοὺς
3826 3240 3989 3301 ὄντας

2418 3326 2528 3379 τῶν
2586 3326 2857 3379 Ἰουδαίων
2922 3326 3191 3397 πρώτους.
3253 3329 3623 3381 Συνελθόντων
3672 3329 3730 3382 δὲ
3788 3330 3989 3393 αὐτῶν,

2419 3419 2571 3486 ἔλεγε
2623 3420 2761 3489 πρὸς
2820 3421 3048 3482 αὐτούς’
3088 3420 3262 3487 Ἐγὼ,
3296 3421 3487 3489 ἄνδρες
3538 3422 3779 3491 ἀδελφοὶ,
3832 3424 3991 3477 οὐδὲν

2420 3511 2661 3563 ἐναντίον
2710 3512 2943 3579 ποιήσας
2990 3512 3068 3580 τῷ
3113 3512 3246 3580 λαῷ,
3297 3512 3331 3583 ἢ
3372 3516 3485 3575 τοῖς
3541 3514 3688 3567 ἔθεσι
3738 3517 3854 3578 τοῖς
3885 3533 3993 3569 πα-

2419 3599 2637 3668 τρῴοις,
2670 3599 2889 3668 δέσμιος
2923 3599 2983 3663 ἐξ
3021 3601 3413 3671 Ἱεροσολύμων
3441 3602 3747 3674 παρεδόθην
3783 3605 3864 3665 είς
3890 3606 3992 3665 τὰς

2421 3694 2609 3758 χεῖρας
2662 3690 2773 3742 τῶν
2835 3692 3145 3759 Ῥωμαίων.
3204 3692 3414 3755 Οἴτινες
3466 3694 3855 3763 ἀνακρίναντές
3900 3713 3991 3761 με,

2420 3783 2703 3834 ὲῢούλοντο
2743 3783 3037 3847 ἀπολῦσαι,
3086 3784 3173 3835 δια
3199 3783 3261 3835 τὸ
3297 3784 3567 3853 μηδεμίαν
3613 3786 3792 3836 αἰτίαν
3823 3785 3993 3839 θανά-

2422 3891 2516 3925 του
2546 3874 2813 3942 ὑπάρχειν
2858 3877 2913 3927 ὲν
2967 3874 3108 3942 ἐμοί.
3155 3874 3571 3941 Ἀντιλεγόντων
3598 3876 3653 3926 δὲ
3703 3875 3812 3926 τῶν
3860 3875 3992 3928 Ἰου-

2428 3966 2615 4028 δαῖων,
2648 3967 3001 4035 ἠναγκάσθην
3024 3966 3451 4019 ἐπικαλέσασθαι
3481 3968 3757 4037 Καίσαρα,
3792 3970 3891 4037 οὐχ
3917 3970 3994 4031 ὠς

2420 4059 2514 4111 τοῦ
2566 4059 2747 4121 ἔθνους
2792 4076 2889 4127 μου
2923 4058 3067 4127 ἔχων
3096 4076 3145 4111 τι
3191 4059 3592 4129 κατηγορῆσαι.
3632 4058 3732 4109 Διά
3773 4060 3981 4128 ταύτην

2423 4144 2515 4201 οὖν
2542 4148 2641 4218 τὴν
2672 4148 2853 4201 αἰτίαν
2885 4149 3239 4217 παρεκάλεσα
3280 4148 3423 4213 ὑμᾶς
3455 4148 3581 4202 ἰδεῖν
3621 4152 3716 4203 καὶ
3745 4154 3989 4218 προσλα-

2422 4238 2605 4307 λῆσαι·
2639 4238 2825 4291 ἕνεκεν
2875 4239 2984 4308 γὰρ
3038 4240 3133 4307 τῆς
3181 4239 3394 4299 ἐλπίδος
3433 4239 3528 4291 τοῦ
3584 4239 3838 4307 Ἰσραὴλ,
3895 4243 3993 4309 τὴν

2423 4330 2618 4382 ἅλυσιν
2658 4328 2861 4397 ταύτην
2916 4328 3258 4397 περίκειμαι.
3291 4332 3353 4380 Oi
3386 4329 3443 4381 δὲ
3471 4329 3607 4398 πρὸς
3634 4330 3792 4381 αὑτὸν
3818 4325 3991 4381 εἷπον·

2432 4420 2623 4489 ’Πμεϊς
2650 4418 2774 4472 οὔτε
2819 4421 3122 4489 γράμματα
3148 4420 3443 4488 ἐδεξάμεθα
3464 4423 3590 4490 περὶ
3620 4421 3712 4473 σοῦ
3746 4422 3852 4473 ἀπὸ
3895 4424 3993 4490 τῆς

753 4514 836 4557 est
868 4502 1047 4566 nobis,
1086 4504 1211 4572 quia
1241 4504 1439 4573 ubique
1466 4504 1515 4557 ci
1551 4505 1968 4560 contradicitur.
2012 4506 2152 4558 Cum
2187 4524 2317 4561 eou-

2435 4512 2713 4577 Ἰουδαίας,
2776 4512 2899 4564 οὔτε
2939 4513 3378 4583 παραγενόμενός
3441 4531 3522 4575 τις
3583 4514 3691 4564 τῶν
3725 4513 3991 4581 ἀδελφῶν,

752 4596 1068 4650 stituisseut
1106 4607 1289 4651 autem
1339 4596 1413 4649 illi
1458 4595 1623 4658 diem,
1668 4606 1937 4649 venerunt
1989 4598 2055 4650 ad
2110 4614 2233 4650 eum
2269 4599 2318 4650 in

756 4684 1056 4753 hospitium
1112 4684 1357 4755 plurimi,
1395 4685 1597 4753 quibus
1649 4686 1958 4752 exponebat
2016 4688 2321 4741 testificaris

754 4796 983 4850 regnum
1020 4780 1134 4845 Dei,
1163 4782 1507 4850 suadensque
1536 4782 1617 4837 eis
1646 4782 1712 4835 de
1744 4781 1873 4837 Jesu
1906 4799 1969 4837 ex
2002 4783 2117 4853 lege
2155 4784 2320 4855 Moysi

756 4879 813 4924 et
849 4870 1129 4939 prophetis
1161 4885 1193 4924 a
1229 4886 1386 4925 mane
1420 4887 1593 4941 usque
1625 4872 1691 4926 ad
1723 4888 2029 4942 vesperam.
2076 4874 2143 4926 Et
2198 4879 2323 4944 qui—

756 4962 884 5015 dam
915 4963 1214 5019 credebant
1256 4964 1341 5019 his
1375 4980 1495 5033 qua:
1525 4964 1891 5031 dicebantur;
1941 4966 2159 5034 quidam
2197 4983 2325 5021 vero

761 5068 869 5107 non
913 5054 1225 5110 credebant.
1255 5054 1501 5125 Cumque
1554 5056 1786 5109 invicem
1831 5072 1938 5109 nou
1974 5068 2160 5111 essent
2196 5074 2328 5112 con-

763 5148 1088 5212 sentientes,
1130 5148 1503 5213 discedebant,
1535 5148 1753 5202 dicente
1793 5147 1960 5202 Paulo
2007 5165 2171 5201 unum
2207 5165 2327 5203 ver-

764 5237 915 5302 bum,
974 5240 1101 5307 quia
1182 5237 1326 5293 Bene
1384 5239 1622 5308 Spiritus
1706 5250 1930 5295 sanctus
1997 5243 2208 5294 locutus
2245 5250 2328 5295 est

764 5342 861 5395 per
890 5328 1083 5383 Isaiam
1136 5331 1455 5399 prophetam
1496 5329 1561 5384 ad
1597 5340 1779 5399 patres
1822 5339 2057 5411 nostros,
2088 5331 2277 5385 dicens
2313 5351 2324 5385 :

770 5421 917 5477 Vade
940 5424 1005 5477 ad
1028 5424 1283 5491 populum
1326 5424 1510 5486 istum,
1545 5435 1599 5477 et
1628 5424 1717 5476 dic
1748 5422 1813 5475 ad
1837 5438 1933 5477 eos
1966 5441 1979 5477 :
2006 5442 2025 5474 ι
2058 5424 2201 5476 Aure
2230 5438 2328 5475 au-

767 5511 929 5566 dietis
992 5520 1046 5564 et
1073 5527 1180 5565 non
1214 5513 1548 5582 intelligetis,
1577 5522 1630 5565 et
1687 5514 1933 5568 videntes
1980 5512 2229 5566 videbitis
2278 5521 2331 5565 et

773 5618 882 5657 non
937 5604 1296 5673 perspicietis.
1331 5604 1694 5659 Inerassatum
1723 5615 1805 5659 est
1854 5606 1996 5659 enim
2027 5622 2122 5658 cur
2151 5607 2331 5675 populi

773 5694 958 5763 hujus,
989 5696 1282 5753 etauribus
1308 5698 1541 5766 graviter
1566 5698 1853 5751 audierunt
1914 5707 1967 5751 et
1996 5700 2186 5752 oculos
2206 5714 2335 5753 suos

776 5796 1245 5855 compressi-runt,
1282 5805 1347 5843 nc
1382 5788 1525 5842 forte
1553 5789 1765 5842 videant
1802 5790 1997 5851 oculis,
2030 5801 2080 5842 et
2112 5790 2335 5844 auribus

2426 4603 2776 4673 ἀπήγγειλενο
2805 4605 2836 4673 ἢ
2866 4605 3089 4670 ἐλάλησε
3125 4607 3253 4673 περὶ
3286 4605 3378 4656 σοῦ
3409 4622 3461 4656 τι
3491 4608 3742 4674 πονηρόν.
3789 4607 3995 4671 ’Δξιοζμ

2432 4713 2528 4764 μεν
2560 4696 2615 4747 δὲ
2644 4697 2792 4764 παρὰ
2824 4696 2914 4747 σοῦ
2943 4695 3172 4748 ἀκοῦσαι
3198 4697 3233 4749 ἂ
3279 4700 3493 4765 φρονεῖς
3518 4714 3532 4727 ο
3568 4698 3693 4766 περὶ
3726 4698 3823 4765 μὲν
3875 4700 3978 4767 γὰρ

2428 4790 2527 4855 τῆς
2556 4787 2818 4855 αἱρέσεως
2853 4787 3079 4854 ταύτης,
3114 4789 3351 4852 γνωστξν
3380 4788 3509 4856 ήμῖν
3544 4790 3711 4850 ἐστιν,
3741 4790 3821 4839 ὅτι
3862 4806 3996 4843 παν-

2430 4878 2603 4946 ταχοῦ
2647 4878 3008 4944 ἀντιλέγεται.
3073 4878 3380 4945 Ταξάμενοι
3442 4878 3498 4929 δὲ
3553 4877 3701 4943 αὐτῷ
3757 4878 3993 4948 ἡμέραν,

2430 4964 2563 5039 ἦγον
2596 4970 2729 5039 πρὸς
2756 4970 2917 5021 αὑτὸν
2944 4972 3021 5030 εἰς
3051 4969 3150 5037 τὴν
3185 4968 3365 5032 ξενίαν
3400 4969 3666 5029 πλείονες.
3700 4964 3793 5030 υἴς
3824 4970 3997 5032 ἐξετίυ

2433 5058 2553 5109 θετο
2608 5058 3149 5128 διαμαρτυρούμενος
3213 5058 3311 5127 τὴν
3352 5058 3627 5127 βασιλείαν
3683 5058 3777 5110 τοῦ
3819 5058 3953 5112 Θεοῦ
3982 5102 3997 5122 ,

2434 5148 2635 5201 πείθων
2666 5165 2723 5200 τε
2756 5150 2952 5212 αὐτοὺς
3011 5150 3078 5202 τὰ
3126 5155 3254 5218 περὶ
3289 5149 3383 5201 τοῦ
3418 5151 3646 5219 Κυρίου,
3676 5151 3785 5201 ἀπό
3815 5167 3871 5202 τε
3905 5154 3997 5205 τοῦ

2436 5242 2599 5307 νόμου
2638 5241 2877 5303 Μωσέως
2931 5243 3023 5294 καὶ
3074 5241 3182 5293 τῶν
3235 5241 3549 5311 προφητῶν,
3576 5243 3682 5293 ἀπὸ
3713 5242 3861 5311 πρωϊ
3894 5244 4000 5306 ἕως

2436 5332 2694 5401 ἑσπέρας.
2733 5333 2841 5384 Καὶ
2884 5334 2930 5384 οἱ
2979 5332 3077 5401 μὲν
3114 5331 3392 5384 ἐπείθοντο
3424 5334 3534 5393 τοῖς
3573 5332 3912 5400 λεγομένοις,
3950 5337 3999 5385 oi

2438 5425 2491 5477 δὲ
2546 5427 2825 5491 ἠπίστουν.
2873 5423 3219 5493 Ἀσύμφωνοι
3261 5426 3316 5477 δὲ
3350 5425 3502 5487 ὄντες
3550 5425 3686 5491 πρὸς
3716 5426 3996 5492 ἀλλήλους.

2440 5514 2754 5578 ἀπελύοντο,
2786 5515 3029 5574 είπὸντος
3059 5514 3149 5564 τοῦ
3177 5512 3387 5564 Παύλου
3415 5512 3572 5580 ῥῆμα
3594 5511 3672 5565 ἓν.
3704 5513 3786 5562 ὅτι
3812 5512 3999 5573 Καλῶς

2440 5608 2499 5658 τὸ
2540 5605 2763 5674 Πνεῦμα
2821 5606 2881 5655 τὸ
2916 5604 3337 5673 ἆγιον.ὲλὰλησε
3371 5604 3458 5655 διὰ
3492 5603 3714 5655 Ἡσαΐου
3743 5602 3834 5653 τοῦ
3865 5619 3998 5668 προς

2442 5701 2613 5764 φήτου
2644 5696 2776 5764 πρὸς
2802 5696 2922 5755 τοὺς
2954 5694 3192 5763 πατέρας
3223 5694 3399 5763 ἡμῶν,
3435 5694 3613 5759 λέγον·
3646 5711 3664 5742 ι
3699 5691 3995 5762 Πορεύθητι

2447 5789 2580 5857 πρὶς
2606 5787 2697 5838 τδν
2725 5786 2849 5839 λαὸν
2873 5785 3076 5850 τοῦτον,
3106 5786 3355 5839 καὶείπὲ·
3399 5784 3561 5855 Ἀκοῇ
3600 5784 3733 5837 ἀκού
3746 5800 3883 5846 τετε,
3911 5784 4001 5833 καὶ
