4164 6444
269 448 405 514 Ῑθ5ῖ

862 443 1400 507 EXPOSITIONIS
1440 445 1523 506 IN
1563 443 1747 502 ACTA
1781 444 2082 506 TEXTUS
2110 446 2453 507 ALTER.—
2495 448 2652 507 CAP.
2696 448 2973 508 XXVIII.

3377 450 3517 517 1058

261 563 323 616 ού
369 564 444 631 μὴ
486 560 704 630 συνῆτευ
747 561 840 612 καὶ
892 558 1179 627 βλέποντες
1219 558 1466 626 βλέψετε,
1503 556 1602 608 καὶ
1653 558 1713 607 οὐ
1765 558 1830 624 μὴ

1945 558 2195 623 audiant,
2243 569 2295 613 ct
2328 560 2497 614 corde
2555 560 2884 631 intelligant,
2918 572 2972 614 et
3008 569 3406 618 convertantur
3465 580 3521 622 ct

263 654 435 721 ἴδητε.
487 651 796 720 Ἐπαχύνθη
848 653 956 720 γὰρ
1007 653 1040 721 ἡ
1093 651 1289 720 καρδία
1319 649 1414 701 τοῦ
1446 647 1575 700 λαοῦ
1621 648 1837 708 τούτου,

259 747 359 796 καὶ
403 746 519 806 τοῖς
558 743 693 796 ὠσὶν
740 743 921 795 αὐτῶν
960 742 1171 812 βαρέως
1223 742 1497 811 ἥκουσαν,
1563 742 1656 792 καὶ
1713 743 1840 802 τοὺς

257 836 582 905 ὀφθαλμοὺς
624 835 804 887 αὐτῶν
851 834 1184 904 ἐκάμμυσαν
1211 849 1226 863 ο
1275 831 1484 901 μήποτε
1530 830 1680 882 ίδωσι
1727 832 1841 891 τοῖς

1942 661 2127 700 sanem
2168 663 2318 701 eos.»
2346 647 2542 702 Notum
2573 663 2704 718 engo
2742 652 2814 702 sit
2846 651 3022 714 vobis,
3049 653 3308 720 quoniam
3341 659 3518 720 genu-

1945 740 2045 793 bus
2083 740 2311 793 missum
2344 749 2424 793 est
2463 740 2562 794 hoc
2599 739 2851 795 Salutare
2885 741 2998 805 Dei,
3035 753 3090 798 et
3129 743 3234 812 ipsi
3276 746 3514 799 audienl.

1946 829 2150 884 Etcum
2176 830 2290 882 hare
2316 830 2570 893 dixisset,
2603 831 2859 884 exierunt
2881 832 2949 884 ab
2975 848 3040 886 eo
3065 833 3260 899 Judzei,
3294 837 3518 890 multam

259 927 589 996 ὀφθαλμοῖς,
623 927 718 981 καὶ
753 929 866 990 τοῖς
894 927 1026 979 ώσὶν
1082 924 1379 988 ἀκούσωσι,
1412 923 1506 976 καὶ
1541 926 1606 994 τῇ
1644 923 1830 993 καρδὲς

1944 921 2210 977 habentes
2243 923 2384 975 inter
2421 936 2481 975 se
2518 924 2903 992 quaestionem.
2929 923 3126 977 Mansit
3155 938 3332 981 autem
3368 929 3519 982 bien-

259 1021 488 1074 συνιῶσι
541 1019 705 1092 [vulg.
745 1019 988 1091 συνώσι],
1024 1019 1120 1070 καὶ
1173 1017 1579 1088 ὲπιστρέψωσι,
1615 1017 1709 1067 καὶ
1763 1017 1845 1068 ιά-

1948 1014 2038 1067 ιιὶυ
2077 1022 2194 1067 ιοιο
2235 1016 2286 1066 in
2321 1026 2423 1066 suo
2458 1013 2775 1067 conducto:
2835 1022 2890 1068 ct
2941 1016 3278 1085 suscipiebat
3327 1033 3519 1071 omnes

259 1131 444 1184 σωμαι
471 1114 686 1175 αὐτούς.
713 1133 731 1165 ι
755 1112 998 1165 Γνωστὸν
1024 1111 1266 1164 οὗνέστω
1293 1113 1437 1180 ὑμῖν.
1463 1115 1543 1166 ὅτι
1563 1113 1674 1171 τοῖς
1695 1108 1830 1161 ἔθνε-

1944 1109 2037 1177 qui
2100 1107 2546 1176 ingrediebantur
2601 1109 2667 1160 ad
2722 1123 2867 1172 eum,
2931 1109 3232 1178 pranlieans
3290 1127 3514 1180 regnum

261 1221 348 1255 σιν
409 1204 694 1272 ἀπεστάλη
748 1204 806 1257 τὸ
849 1205 1130 1272 Σωτήρων
1173 1203 1269 1254 τοῦ
1319 1203 1456 1256 Θεοῦ
1483 1219 1498 1234 °
1553 1202 1709 1256 αὐτοὶ
1749 1200 1830 1252 καῖ

1941 1199 2059 1260 Dei,
2089 1208 2144 1254 et
2182 1201 2384 1252 docens
2428 1214 2548 1268 qua:
2593 1210 2721 1254 sunt
2755 1202 2821 1255 de
2857 1201 3086 1256 Domino
3120 1201 3247 1256 Jcsu
3300 1203 3516 1258 Christo

258 1296 610 1347 ἀκούσονται.
646 1297 756 1348 Καὶ
795 1294 968 1347 ταῦτα
1001 1293 1167 1346 αὑτοῦ
1205 1293 1474 1358 εἰπόντος,
1513 1291 1758 1362 ἀπῆλθον
1787 1291 1830 1342 οΙ

1935 1304 2059 1343 cum
2083 1292 2228 1344 omni
2255 1290 2470 1352 lidncia,
2496 1290 2614 1344 sine
2648 1292 3033 1359 prohibitione.

270 1389 541 1452 Ἰουδαῖοι,
584 1387 786 1456 πολλὴν
842 1387 1058 1457 ἔχοντες
1120 1388 1177 1438 ὲν
1237 1388 1451 1449 ἑαυτοῖς
1507 1386 1826 1456 συζήτησιν.
1873 1383 2094 1452 Ἔμεινε
2138 1382 2197 1436 δὲ
2241 1385 2271 1435 ὁ
2306 1381 2521 1445 Παῦλος
2584 1384 2702 1436 ἐκεῖ
2729 1383 2931 1435 διετίαν
2965 1384 3093 1453 ὃλην
3169 1387 3225 1436 ὲν
3273 1385 3388 1456 ίδέῳ
3425 1405 3518 1455 μι-

260 1477 534 1547 σθώματι.
603 1479 716 1530 Καὶ
785 1478 1084 1548 ἀπεδέχετο
1146 1479 1352 1540 πάντας
1411 1479 1538 1542 τοὺς
1576 1477 2066 1546 εἰσπορευομένους
2090 1475 2225 1544 πρὸς
2258 1475 2443 1538 αὐτὸν,
2478 1475 2772 1544 κηρύσσων
2799 1475 2897 1544 τὴν
2924 1475 3198 1544 βασιλείαν
3222 1477 3317 1529 τοῦ
3353 1479 3516 1544 Θεοῦ,

256 1573 353 1626 καὶ
393 1572 662 1624 διδάσκων
718 1569 788 1622 τὰ
844 1569 1095 1642 περὶτοῦ
1149 1570 1357 1638 Κυρίου
1397 1568 1574 1640 Ἰησοῦ
1602 1567 1840 1636 Χριστοῦ
1881 1566 2020 1636 μετά
2040 1566 2220 1634 πάσης
2257 1566 2573 1636 παρρησίας
2599 1566 2913 1628 ἀκωλύτως.

853 1659 1242 1713 ΕΡΜΗΝΕΙΔ.

341 1755 404 1807 Ὀ
429 1754 568 1823 ἔχις,
593 1755 661 1823 τῇ
683 1752 779 1805 τοῦ
815 1752 1137 1806 Ἀποστόλου
1163 1753 1309 1822 χειρὶ
1337 1751 1464 1814 τοὺς
1491 1751 1707 1814 ὀδόντας
1734 1753 1838 1819 ἐμ·

257 1845 463 1909 ϐαλὼν,
498 1845 707 1912 καὶτῆς
727 1845 1003 1914 ἁμαρτίας
1027 1843 1086 1896 τὸ
1113 1843 1308 1913 χαῦνον
1343 1846 1441 1912 ούχ
1502 1845 1700 1914 εὑρών,
1732 1846 1840 1897 ἀπ·

258 1937 504 2006 επήδησε
539 1935 884 2006 παραυτίκα,
932 1936 1024 1988 καὶ
1077 1935 1220 1988 κατά
1268 1936 1367 2005 τῆς
1402 1937 1578 2007 πυρᾶς
1629 1936 1832 2006 ἥλατο,

257 2027 452 2097 ὥσπερ
483 2025 636 2088 δίκας
666 2026 850 2094 ἐαυτῷ
889 2025 1373 2095 εἰσπραττόμενος,
1407 2027 1490 2077 ὅτι
1551 2026 1628 2094 τῷ
1662 2026 1833 2094 μηδα-

2429 1655 3002 1711 COMMENTARIUS.

2009 1749 2205 1817 Vipera
2235 1763 2358 1802 cum
2391 1750 2634 1818 Apostoli
2689 1751 2872 1803 manui
2904 1750 3094 1805 dentes
3130 1751 3430 1818 injecisset,
3459 1762 3512 1809 et

1935 1839 2145 1906 peccati
2172 1854 2280 1892 non
2310 1841 2606 1908 reperisset
2636 1841 2944 1906 mollitiem,
2977 1841 3159 1894 statim
3190 1843 3405 1904 resiliit,
3447 1859 3512 1896 ac

1932 1930 2102 1985 veluti
2136 1930 2235 1984 sia
2267 1946 2326 1984 se
2354 1931 2469 2000 ipsa
2500 1944 2714 2000 pmnam
2766 1931 3025 2000 exigeret,
3062 1947 3128 1987 e0
3164 1933 3308 2002 quod
3351 1933 3518 2005 316

1935 2037 2138 2092 corpus
2162 2023 2474 2078 nullatenus
2509 2022 2614 2078 sibi
2647 2023 2982 2077 conveniens
3009 2024 3355 2092 impetiisset,
3393 2041 3514 2080 sesc

262 2120 428 2187 μάθεν
470 2119 808 2187 προσήκοντι
837 2117 1142 2188 προσέϐαλε
1180 2121 1411 2187 σώματι.
1459 2119 1651 2188 Ἡμεῖς
1678 2119 1734 2170 δὲ
1769 2117 1830 2170 τὰ

1940 2111 1996 2164 in
2056 2113 2232 2179 ignem
2269 2113 2652 2180 prmcipitavit.
2713 2111 2821 2167 Nos
2858 2129 2986 2167 vero
3051 2114 3195 2170 feras
3233 2117 3510 2178 timemus.

257 2210 426 2280 θηρία
457 2210 798 2278 δεδοίκαμεν,
832 2209 1020 2278 ἐπειδὴ
1057 2210 1158 2278 τῆς
1179 2211 1380 2280 ἀρετῆς
1405 2211 1504 2280 τὴν
1539 2210 1836 2262 πανοπλίαν

257 2303 358 2352 οὐκ
395 2300 612 2369 ἔχομεν.
665 2299 888 2361 Ἰδόντες
938 2296 1034 2351 οὖν
1067 2299 1229 2352 τοῦτο
1282 2301 1331 2351 οἱ
1375 2299 1689 2368 Βάρϐαροι,
1743 2298 1836 2350 καὶ

259 2390 574 2457 ἐκφυγόντα
603 2388 695 2442 τὸν
717 2389 1088 2458 ἀναμφίὸολον
1118 2390 1367 2454 θάνατον,
1397 2390 1516 2441 θεὸν
1542 2389 1704 2442 αὑτὸν
1730 2389 1836 2440 ἐνύ-

261 2498 431 2551 μισιαν
465 2477 630 2545 εἷναι,
663 2479 738 2542 ὡς
780 2479 900 2542 ἔθος
950 2482 1186 2549 ἔχοντες,
1219 2482 1400 2533 πάντα
1442 2481 1533 2534 τὸν
1579 2480 1834 2533 ποιοῦντά.

258 2589 312 2624 τι
332 2571 657 2641 παράδοξον,
689 2571 810 2623 θεὸν
842 2572 1104 2641 νομίζειν,
1134 2575 1167 2642 ἦ
1204 2572 1272 2624 δι’
1313 2575 1467 2643 ἰσχὺν
1498 2575 1754 2642 περισσόν
1781 2590 1832 2624 τι

259 2664 371 2716 τῶν
416 2663 541 2715 καθ’
575 2664 796 2724 ἑαυτοὺς
827 2664 1107 2726 ποιοῦντα,
1148 2659 1258 2726 οἷος
1291 2660 1359 2732 ἦν
1391 2666 1416 2716 ό
1462 2663 1757 2732 Ἡρακλῆς·
1799 2663 1832 2733 ἢ

259 2757 347 2808 διὰ
385 2756 622 2824 μαγείας
658 2755 1002 2819 ἐξιστάνοντα
1024 2757 1150 2818 τοὺς
1179 2758 1449 2826 όρωντας,
1479 2751 1591 2818 οἷος
1614 2751 1680 2826 ἧν
1717 2757 1745 2807 ὁ
1778 2755 1834 2806 ἐν

261 2848 552 2916 Σαμαρείᾳ
583 2846 788 2916 Σίμων.
821 2847 982 2908 Ἕθος
1014 2843 1085 2917 ἦν
1110 2864 1249 2910 πως,
1302 2849 1362 2898 ὲν
1413 2849 1532 2907 ταῖς
1581 2846 1836 2908 Ἀλεξαν-

260 2939 436 3007 δρέων
468 2938 705 3007 μάλιστα
725 2940 903 3003 ναυσὶ,
935 2940 1072 3007 πρός
1104 2955 1168 3004 γε
1199 2941 1265 3007 τῇ
1292 2937 1506 3007 πρώρᾳ,
1533 2935 1659 3008 [είς]
1685 2936 1835 3001 δεξιά

267 3030 364 3081 καὶ
399 3031 481 3092 εἰς
512 3029 787 3099 εὐώνυμα,
814 3031 1029 3099 γραφὰς
1055 3025 1195 3082 εἶναι
1224 3030 1498 3090 τοιαύτας.
1523 3028 1740 3096 Ἐπειδὴ
1777 3028 1833 3080 δὲ

261 3119 332 3193 ἦν
379 3123 554 3190 είκός,
607 3123 1050 3193 είδωλολατρείας
1096 3121 1405 3193 κρατούσης
1449 3122 1566 3173 κατ’
1618 3121 1831 3174 ἐκείνου

263 3215 483 3284 καιροῦ,
526 3215 839 3284 γεγράφθαι
876 3219 942 3285 τῇ
979 3215 1069 3284 νηῒ
1093 3216 1220 3276 τοὺς
1261 3213 1607 3283 Διοσκόρους,
1647 3213 1740 3264 καὶ
1769 3213 1833 3264 ὲκ

261 3307 451 3359 τούτου
492 3308 635 3358 νοεῖν
663 3305 980 3369 ἀκόλουθον,
1011 3304 1330 3373 ἀλλόφυλον,
1362 3302 1643 3355 τουτέστιν
1678 3301 1832 3354 είδωο

1937 2202 2217 2272 quodnon
2267 2203 2534 2272 integrann
2569 2204 2792 2260 virtutis
2825 2213 3156 2258 armaturam
3192 2206 3509 2261 habeamus.

1936 2295 2204 2349 (lictorum
2238 2293 2464 2348 Barbari
2507 2295 2759 2351 videntes
2789 2296 2934 2364 quod
2969 2297 3169 2350 Paulus
3201 2297 3508 2363 indubiam,

1937 2397 1996 2438 ut
2053 2384 2274 2454 quidem
2333 2387 2640 2454 putabant,
2693 2395 2923 2442 mortem
2980 2390 3267 2452 evasisset,
3331 2392 3508 2460 ipsum

1936 2478 2098 2531 deum
2142 2492 2263 2531 esse
2292 2476 2394 2532 sibi
2423 2488 2834 2545 persuaserunt,
2875 2480 3017 2533 velut
3051 2480 3087 2532 ii
3152 2482 3244 2550 qui
3285 2482 3338 2535 in
3376 2500 3504 2536 con-

1935 2567 2225 2621 suetudine
2256 2567 2556 2630 habebant,
2580 2577 2639 2622 ut
2662 2571 2979 2640 quicunque
3015 2574 3220 2642 aliquid
3253 2575 3512 2643 opinione

1937 2659 2116 2728 majus
2158 2658 2470 2722 eﬂ'ecisset,
2517 2676 2712 2730 nempe
2740 2663 2825 2716 vel
2880 2663 3078 2716 robore
3123 2673 3349 2725 caeteros
3400 2683 3512 2721 sua:

1937 2749 2271 2805 conditionis
2312 2751 2567 2805 homines
2617 2761 2957 2822 superasset,
2999 2763 3058 2808 ut
3090 2753 3350 2810 Hercules
3375 2798 3390 2822 ,
3429 2758 3510 2811 vel

1937 2841 2127 2907 magia:
2147 2854 2250 2908 ope
2274 2849 2607 2909 spectatores
2627 2841 2682 2895 in
2698 2843 3108 2898 admirationem
3131 2849 3421 2913 rapuisset,
3452 2857 3510 2902 ut

1936 2933 1989 2984 in
2021 2930 2266 2985 Samaria
2301 2930 2514 2996 Simon,
2549 2947 2672 2986 eum
2715 2947 2813 3002 pro
2845 2935 2948 2988 deo
2983 2935 3269 2991 haberent.
3299 2957 3316 2988 ι
3361 2938 3502 2993 lusi-

1935 3038 2039 3091 gne
2064 3024 2374 3079 Castorum.
2409 3043 2430 3075 ι
2465 3023 2582 3080 Mos
2611 3034 2732 3079 erat
2783 3027 3081 3095 przcsertim
3129 3029 3510 3084 Alexandrinis

1937 3114 1992 3166 in
2025 3115 2256 3167 navibus
2289 3114 2357 3168 ad
2384 3115 2666 3169 dexteram
2691 3125 2747 3169 et
2781 3118 3061 3171 sinistram
3100 3134 3276 3188 prora:
3316 3122 3508 3188 hujus-

1935 3203 2080 3257 modi
2105 3206 2347 3270 picturas
2370 3204 2591 3260 habere.
2620 3205 2891 3272 Quoniam
2924 3224 3053 3262 vero
3081 3220 3507 3266 consentaneum

1937 3303 2056 3348 erat
2090 3295 2416 3351 idololatria:
2459 3306 2588 3351 tunc
2637 3299 2827 3363 viginti
2861 3299 2914 3352 in
2946 3301 3178 3357 navibus
3233 3301 3512 3359 Diuscoris

259 3395 575 3464 λολάτρην,
631 3391 794 3466 [εῖναι
872 3392 1224 3464 ναύκληρον].
1289 3393 1428 3463 Περὶ
1485 3391 1678 3444 τούτου
1735 3391 1830 3443 καὶ

1935 3402 2029 3442 seu
2056 3387 2337 3443 Castorem
2369 3398 2423 3442 et
2453 3390 2727 3444 Pollucem
2771 3391 3086 3462 depingere,
3117 3395 3247 3449 hinc
3274 3409 3506 3464 pronum

269 3484 504 3546 Ἡσαΐας
539 3483 667 3554 ἔφη’
729 3502 747 3535 ι
777 3483 1216 3552 Πετασθήσονται
1257 3483 1314 3533 ὲν
1352 3480 1558 3540 πλοίοις
1600 3477 1830 3546 ἀλλοφύ-

259 3578 390 3641 λων,
425 3575 700 3630 θάλασσαν
730 3575 850 3644 ἅμα
881 3575 1336 3644 προνομεύσουσι.
1375 3591 1393 3624 ι
1433 3572 1646 3635 Τόπους
1675 3569 1830 3634 τινὰς

262 3668 692 3736 ἐπισημαίνεται
733 3667 840 3734 πρὸ
881 3667 985 3737 τῆς
1041 3665 1299 3736 Ῥώμης·
1340 3665 1432 3717 τὸν
1491 3665 1590 3734 μὲν
1644 3662 1831 3716 είκόνα

260 3761 380 3814 τινὰ
429 3760 667 3814 ’Δππίου
713 3758 927 3829 ἔχοντα,
961 3758 1038 3821 ὡς
1075 3758 1244 3822 εἰκὸς,
1271 3757 1367 3810 καὶ
1418 3757 1584 3827 φόρον
1620 3755 1828 3808 ἐκείνου

261 3851 612 3921 καλουμένην
655 3849 722 3922 [Γ.
776 3847 1159 3920 καλούμενον],
1191 3845 1269 3910 ὡς
1299 3847 1462 3916 μέχρι
1495 3845 1588 3898 νῦν
1631 3846 1688 3896 αἱ
1717 3842 1829 3896 τῶν

261 3943 529 4010 βασιλέων
551 3943 782 4005 εἰκόνες,
814 3939 968 4010 παρὰ
1013 3937 1327 4008 Ῥωμαίοις,
1356 3939 1512 4007 φόροι
1553 3951 1832 4006 προσαγο-

257 4034 514 4101 ρεύονται
537 4047 551 4061 ·
585 4031 654 4086 τά
685 4031 741 4084 δὲ
763 4031 875 4084 τῶν
899 4029 1210 4098 Ταϐερνῶν,
1241 4027 1573 4098 πανδοχείων
1606 4025 1768 4080 τινῶν
1791 4023 1825 4094 ἢ

259 4121 575 4192 καπηλείων
608 4124 807 4193 χρῆσιν
843 4124 1198 4186 αίνίσσονται,
1229 4123 1296 4191 τῇ
1343 4118 1632 4190 Ῥωμαίων
1670 4118 1824 4187 φωνῇ

255 4212 431 4275 οὕτως
465 4211 863 4280 ὀνομαζόμενα.

328 4387 499 4450 Εἰδὼς
528 4388 555 4438 ό
586 4386 816 4451 Παῦλος,
864 4386 947 4439 ὃτι
998 4388 1199 4440 ἄτοπον
1231 4383 1297 4458 ἦν
1325 4388 1461 4450 ὅλως
1501 4387 1561 4440 τὸ
1598 4387 1828 4440 δικάσα·

257 4477 404 4538 σθαι,
440 4477 536 4528 καὶ
572 4477 803 4538 μάλιστα
843 4477 996 4546 παρά
1037 4479 1272 4547 ἀπίστῳ,
1314 4478 1453 4531 ὥστε
1500 4477 1576 4548 μὴ
1619 4480 1827 4548 προλη-

256 4567 458 4635 φθῆναι
519 4568 617 4627 τὰς
674 4565 866 4630 ἀκοὰς,
908 4567 1037 4636 περὶ
1082 4567 1410 4638 ἀμφοτέρων
1453 4568 1822 4635 ἀπολογεῖται.

262 4677 280 4707 ι
332 4659 431 4709 Διά
483 4655 690 4725 ταύτην
743 4656 874 4726 γὰρ,
927 4658 1101 4727 φησὶ,
1141 4657 1241 4728 τὴν
1282 4659 1464 4712 αἰτίαν
1525 4659 1824 4729 ἐϐουλόμην

1931 3489 2017 3533 est
2061 3481 2320 3550 colligere
2360 3481 2725 3550 alienigenam
2785 3497 2882 3538 seu
2945 3484 3287 3540 idololatram
3342 3487 3512 3541 fuisse

1930 3570 2269 3625 nauclerum.
2301 3570 2416 3636 Qua
2444 3571 2512 3626 de
2546 3587 2603 3626 re
2627 3573 2701 3625 ait
2725 3572 2928 3629 Isaias:
2967 3593 2985 3626 ι
3012 3573 3278 3632 Volabnnt
3306 3576 3358 3630 in
3385 3578 3506 3630 navi

1931 3660 2256 3731 alienigena,
2287 3677 2438 3717 mare
2471 3663 2634 3718 simul
2669 3663 3149 3734 depopulabuntnr
3168 3667 3239 3720 ⁸⁸.
3264 3683 3284 3716 ›
3344 3685 3364 3718 ι
3395 3667 3507 3737 Ap-

1929 3751 2002 3822 pii
2027 3751 2226 3816 t’orum,
2245 3761 2296 3808 et
2313 3753 2448 3808 Tres
2469 3753 2730 3810 Tabernas
2753 3774 2772 3808 ι
2793 3769 2949 3813 erant
2971 3760 3086 3817 loca
3108 3760 3354 3830 quaedam
3384 3771 3507 3817 ante

1933 3843 2236 3914 ingressum
2259 3845 2463 3901 Romae.
2489 3844 2714 3904 Primus
2737 3850 2984 3920 quidem,
3015 3854 3159 3922 quod
3188 3855 3242 3908 in
3272 3871 3338 3910 eo
3357 3867 3506 3911 esset

1931 3943 2114 3990 statua
2153 3937 2336 4006 Appii,
2367 3937 2544 4006 forum
2582 3941 2742 4008 Appii
2775 3944 3070 3998 vocabatur
3103 3962 3118 4000 :
3150 3946 3507 4015 quemadmo-

1929 4026 2058 4080 dum
2097 4027 2260 4080 etiam
2290 4042 2435 4083 nunc
2464 4029 2605 4094 loca,
2636 4032 2728 4084 ubi
2781 4032 3170 4102 imperatorum
3206 4045 3401 4093 statuae
3425 4039 3506 4093 Io-

1929 4125 2066 4171 catae
2086 4127 2238 4180 sunt,
2271 4118 2395 4187 [ora
2425 4135 2454 4172 a
2485 4118 2750 4176 Romanis
2815 4125 3181 4194 appellantur.
3237 4125 3501 4183 Taberna:

1929 4216 2113 4260 autem
2151 4207 2270 4261 loca
2315 4218 2468 4263 erant
2509 4209 2937 4266 diversoriorum
2989 4224 3042 4269 et
3074 4229 3444 4285 caupouarum
3483 4234 3500 4282 ;

1927 4294 2010 4347 sic
2033 4295 2178 4349 enim
2199 4295 2311 4352 baac
2333 4295 2579 4351 Romana
2607 4297 2788 4370 lingua
2827 4311 3111 4356 vocantur.

2004 4403 2023 4434 ι
2059 4385 2193 4454 Ego,
2247 4387 2347 4440 viri
2389 4385 2604 4466 fratres.
2652 4405 2671 4439 ι
2705 4388 2896 4444 Sciens
2929 4389 3152 4456 Paulus,
3201 4392 3498 4449 absurdum

1926 4491 2049 4531 esse
2079 4477 2287 4545 judicio
2308 4479 2630 4548 (praesertim
2676 4481 2818 4549 apud
2850 4481 3118 4552 inﬁdeles)
3145 4484 3500 4547 contendere,

1927 4581 1996 4621 ne
2021 4565 2336 4622 ludam-um
2363 4583 2527 4623 aures
2556 4581 2950 4640 praeoccupatae
2976 4584 3166 4627 contra
3196 4575 3375 4642 ipsum
3409 4590 3499 4628 es-

1928 4667 2070 4721 sent,
2101 4671 2223 4710 sese
2253 4657 2322 4711 de
2357 4665 2590 4726 utraque
2618 4659 2720 4714 hac
2777 4675 2836 4714 re
2886 4675 3118 4730 purgare
3159 4663 3495 4732 aggreditur.

255 4751 398 4816 ὑμεῖς
436 4748 586 4808 ἰδεῖν,
631 4767 648 4800 ι
684 4746 824 4800 ὥστε
858 4749 936 4818 μὴ
963 4749 1163 4813 ἐξεῖναί
1205 4767 1310 4802 τινι
1344 4754 1688 4822 κατηγορεῖν.
1715 4751 1822 4803 Καὶ

1932 4745 2082 4802 Unde
2116 4747 2194 4800 ait
2223 4733 2243 4800 :‘
2273 4767 2293 4799 ι
2326 4748 2554 4818 Propter
2585 4749 2724 4804 hanc
2772 4765 2996 4806 causam
3039 4753 3347 4807 desideravi
3402 4769 3497 4809 vos

256 4840 323 4890 τὰ
382 4838 770 4907 παριστάμενα
816 4838 988 4905 λέγει,
1022 4840 1237 4902 ὃτιΤάς
1259 4843 1447 4910 χείρας
1475 4841 1655 4893 αὐτῶν
1697 4841 1814 4894 δια-

256 4931 450 4996 φυγεῖν
533 4927 856 4998 βουλόμενος
885 4969 899 4993 ,
967 4931 1320 4999 ἠναγκάσθην
1391 4930 1824 4984 ἐπικαλέσασθαι

258 5019 533 5088 Καίσαρα·
570 5020 668 5090 οὐχ
708 5021 785 5082 ὼς
817 5020 1024 5090 ἑτέροις
1064 5022 1240 5084 διδοὺς
1277 5022 1446 5087 κακὰ,
1475 5023 1592 5075 ἀλλ’
1619 5022 1694 5081 ὠς
1729 5022 1822 5075 αύ·

252 5109 341 5171 τὸς
386 5108 606 5176 φεύγων
657 5110 822 5164 κακά.
874 5112 1010 5182 Πρὶν
1061 5113 1394 5182 ἐπιδημῆσαι
1425 5110 1632 5165 Παῦλον
1665 5113 1722 5164 ὲν
1754 5114 1820 5182 τῇ

264 5199 451 5270 Ῥώμῃ
481 5204 953 5271 ,παρηγγελμένα
973 5200 1114 5274 ἦσαν
1154 5206 1204 5257 οἱ
1246 5206 1509 5270 Ἰουδαῖοι,
1544 5204 1619 5274 μὴ
1650 5223 1826 5275 παρα-

1923 4836 2113 4890 videre
2139 4847 2194 4890 et
2221 4836 2498 4907 alloqui,»
2533 4854 2601 4893 ne
2630 4840 2839 4894 scilicet
2870 4851 3055 4911 posset
3090 4858 3175 4896 me
3223 4843 3495 4911 quispiam

1924 4928 2274 4982 calumniari.
2308 4929 2442 4983 Rem
2477 4931 2670 4999 igitur,
2715 4940 2772 4985 ut
2821 4947 2880 4988 se
2938 4933 3190 4997 habebat,
3247 4935 3498 5002 exponit,

1927 5020 2180 5088 inquiens
2212 5036 2228 5073 :
2268 5018 2338 5075 Ut
2373 5021 2735 5076 inimicorum
2773 5038 3020 5077 meorum
3052 5040 3246 5079 manus
3289 5025 3495 5095 ell‘ugc-

1927 5126 2065 5174 rem,
2097 5119 2262 5179 atque
2310 5112 2447 5166 adeo
2479 5127 2583 5166 non
2613 5122 2673 5166 ut
2703 5115 2837 5168 alios
2894 5128 3235 5179 accusarem,
3286 5117 3378 5169 sed
3434 5125 3494 5169 ut

1927 5200 2193 5268 meipsum
2233 5200 2603 5263 defenderem,
2636 5214 2863 5259 coactus
2896 5221 3014 5258 sum
3049 5206 3321 5275 appellare
3371 5207 3490 5260 Ca:-

251 5290 508 5354 δέξασθαι
557 5293 618 5345 τὸ
653 5295 780 5364 περὶ
835 5293 931 5346 τοῦ
960 5294 1199 5365 Χριστοῦ
1233 5299 1514 5365 κήρυγμα·
1542 5297 1642 5348 οὐκ
1670 5297 1824 5348 αὐτοὶ

1932 5307 2119 5347 sarem.
2158 5295 2226 5346 At
2261 5308 2390 5347 vero
2411 5303 2702 5365 antequam
2737 5296 2937 5350 Paulus
2976 5295 3203 5352 Romam
3239 5299 3490 5367 perveni-

254 5380 306 5431 δὲ
343 5382 520 5448 μόνοι,
553 5381 686 5434 ἀλλὰ
732 5385 826 5435 καὶ
856 5384 904 5436 οἱ
935 5384 1208 5454 πανταχοῦ
1259 5387 1382 5456 γῆς.
1419 5385 1589 5438 Πόθεν
1638 5387 1696 5437 δὲ
1725 5385 1820 5453 δῆο

253 5471 340 5521 ὶον
367 5485 381 5535 ;
427 5469 675 5541 Εὖρομεν
707 5476 764 5526 ἐν
792 5477 904 5537 τοῖς
934 5475 1042 5528 τῶν
1077 5477 1324 5530 παλαιῶν
1366 5477 1818 5545 συγγράμμασιν,

1923 5393 2027 5444 ret,
2057 5383 2255 5448 Judazi,
2299 5401 2405 5438 non
2438 5389 2613 5440 solum
2649 5388 2739 5455 qui
2776 5385 2960 5441 Roma:
2980 5393 3484 5452 commorabantur,

1918 5477 2010 5530 sed
2047 5476 2206 5529 etiam
2237 5478 2328 5546 qui
2359 5479 2557 5548 ubique
2588 5487 2855 5531 terrarum
2887 5479 3115 5548 dispersi
3145 5488 3323 5541 erant,
3351 5494 3490 5547 prae-

250 5561 325 5624 ὡς
355 5563 404 5614 οί
435 5562 538 5632 τὴν
584 5563 938 5637 Ἰερουσαλὴμ
975 5567 1247 5632 οἰκοῦντες
1298 5571 1464 5638 ἱερεῖς
1500 5569 1592 5620 καὶ
1631 5569 1820 5639 Γραμ-

1937 5568 2106 5621 noniti
2149 5566 2387 5632 fuerant,
2424 5583 2490 5622 ne
2552 5569 2837 5639 Evangelii
2893 5571 3332 5638 praedicationem
3388 5587 3486 5624 su-

253 5653 445 5718 ματείς
479 5651 574 5704 καὶ
611 5655 993 5727 πρεσϐύτερος,
1027 5660 1328 5730 γράμματα
1358 5660 1806 5730 διαχαράξιντες,

313 5834 358 5861 ’ί
391 5833 496 5888 lsa.
523 5849 596 5896 at,
627 5835 711 5888 li.

1921 5661 2215 5728 sciperenl.
2254 5660 2406 5717 Unde
2431 5675 2558 5716 vero
2615 5662 2716 5716 hoc
2768 5660 3085 5717 notum‘lln
3134 5662 3487 5733 antiquorum
