4164 6444
683 417 829 484 ΐθῦθ

1567 413 2135 476 THEOPHYLACT]
2174 404 2580 472 BULGARl/E
2623 402 2976 465 ARCHIEP.

3794 392 3933 458 1060

689 534 912 605 scriptis
970 534 1297 603 reperimus,
1350 533 1494 599 quod
1549 532 1859 585 .Iudzeorum
1925 526 2260 589 sacerdotes,

2377 526 2448 587 είς
2499 524 2681 576 πάντα
2732 522 3106 591 διεπέμψαντυ
3165 519 3231 571 τὰ
3283 518 3429 585 ἔθνη.
3492 519 3605 577 τοῖς
3660 515 3934 585 πανταχοῦ

690 626 898 680 Scriba:
926 635 979 679 et
1005 625 1276 688 seniores,
1321 625 1415 694 qui
1477 622 1871 691 Hierosolymis
1917 619 2257 683 habitabant,

690 719 956 787 epistolas
991 718 1054 769 ad
1105 713 1322 770 Judaos
1371 716 1569 784 ubique
1631 716 1875 783 gentium
1931 712 2261 766 exsistentes

691 814 964 875 miserint,
1047 813 1252 879 quibus
1298 810 1605 865 doctrinam
1659 808 1865 863 Christi
1923 816 2181 874 tanquam
2230 820 2260 857 a

689 902 800 955 Deo
830 904 1066 955 alienam
1094 902 1596 962 calumniabantur,
1627 902 1817 967 eisque
1851 897 2258 967 pimcipiebant,

689 1010 756 1046 ne
789 1008 909 1046 eam
944 994 1425 1061 amplecterentur.
1489 992 1552 1043 Et
1596 975 1815 1058 quidem
1874 989 1974 1041 hoc
2015 986 2262 1039 indicare

688 1086 906 1138 videtur
926 1086 1089 1138 etiam
1123 1084 1275 1137 Isaiae
1308 1083 1588 1151 prephetia
1616 1098 1734 1150 qua:
1765 1084 1839 1134 ait
1872 1098 1887 1135 :
1916 1099 1933 1130 ι
1962 1078 2049 1133 Va:
2080 1089 2260 1139 terrm,

692 1176 920 1228 navium
957 1175 1055 1226 ala:
1087 1184 1239 1228 trans
1288 1158 1511 1225 ﬂumina
1545 1172 1858 1239 Ethiopiar,
1890 1172 1980 1239 qni
2018 1169 2182 1222 mittit
2210 1171 2261 1221 in

695 1279 843 1318 mare
899 1264 1142 1329 obsides,
1198 1273 1254 1318 et
1341 1265 1602 1331 epistolas
1680 1277 2016 1332 papyraceas
2100 1276 2262 1330 supra

691 1371 888 1422 aquam
919 1355 990 1408 ⁸⁷.
1038 1374 1057 1405 ι
1106 1356 1225 1421 Quo
1276 1356 1530 1407 videlicet
1573 1355 1866 1424 signiﬁcat,
1897 1355 2061 1406 etiam
2124 1358 2263 1406 ultra

694 1442 1015 1512 zEthiopum
1060 1444 1337 1513 regionem
1388 1454 1444 1497 et
1474 1458 1648 1511 usque
1694 1443 1761 1496 ad
1805 1444 2069 1497 terminos
2098 1443 2260 1511 317

695 1548 882 1605 teri-ie,
920 1534 1219 1604 malignum
1249 1534 1492 1589 Judaeam
1534 1535 1886 1589 incolentium
1913 1549 2132 1597 sonum,
2170 1551 2265 1586 na-

694 1626 852 1679 vibus
884 1627 1043 1694 quasi
1075 1626 1385 1679 volantibus
1406 1633 1641 1688 vectum,
1666 1623 2016 1692 praivenisse,
2047 1638 2265 1676 eorum-

696 1733 801 1786 que
823 1718 1102 1786 apostolos
1130 1718 1391 1785 epistolas
1422 1730 1756 1786 papyraceas
1780 1729 1968 1769 secum
2006 1714 2264 1777 lercntes,

697 1830 862 1883 supra
910 1829 1083 1882 aquas
1126 1814 1361 1882 navigiis
1420 1820 1632 1875 vectos,
1690 1820 1745 1864 et
1808 1824 1959 1863 mare
2000 1810 2267 1877 navigan-

2364 618 2639 678 Ἰουδαίοις
2670 615 3043 677 διαϐάλλοντες
3069 613 3167 680 τὴν
3188 610 3280 663 τοῦ
3304 608 3539 679 Χριστοῦ
3564 607 3933 665 διδασκαλίαν,

2363 714 2438 773 ὡς
2468 710 2755 779 ἀλλοτρίαν
2798 706 2894 759 τοῦ
2924 706 3079 757 Θεοῦ·
3117 702 3493 772 παρήγγειλάν
3524 717 3584 751 τε
3619 698 3688 750 δι’
3715 700 3935 750 ἐπιστο-

2362 802 2470 855 λῶν
2515 801 2589 870 μὴ
2621 797 3026 868 παραδέξασθαι
3056 795 3249 863 αὑτήν.
3282 793 3453 845 Τοῦτο
3476 791 3531 843 δὲ
3570 788 3699 842 αύτδ
3733 788 3935 856 σημαί-

2365 912 2484 947 νειν
2514 892 2679 954 ἔοικε,
2708 893 2802 943 καὶ
2825 893 2856 956 ἡ
2888 890 3120 957 λέγουσα
3143 885 3446 955 προφητεία
3466 882 3686 933 Ἠσαίου
3712 896 3726 910 ·
3766 899 3782 928 ι
3802 879 3937 930 Οὐαὶ

2365 987 2490 1054 γῆς,
2521 985 2722 1036 πλοίων
2752 985 3023 1050 πτέρυγες
3048 980 3303 1031 ἐπέκεινα
3333 975 3594 1044 ποταμῶν
3623 972 3935 1031 Αἰθιοπίας.

2367 1076 2713 1130 ἀποστέλλων
2744 1075 2801 1125 ὲν
2852 1072 3098 1141 θαλάσσῃ
3145 1071 3329 1138 ὅμηρα
3379 1068 3475 1119 καὶ
3526 1064 3819 1125 ἐπιστολὰς
3852 1062 3935 1130 βι-

2365 1170 2549 1229 ϐλίνας
2574 1168 2759 1219 ἐπάνω
2788 1164 2881 1217 τοῦ
2910 1164 3120 1223 ὓδατος.
3163 1180 3180 1210 ι
3222 1159 3298 1211 Δι’
3328 1153 3388 1212 οὗ
3422 1157 3703 1225 σημαίνει,
3740 1155 3814 1214 ὼς
3846 1155 3940 1204 καὶ

2366 1262 2541 1328 πέραν
2587 1260 2685 1326 τῆς
2730 1257 3006 1309 Αἰθιόπων
3061 1253 3264 1323 χώρας,
3300 1252 3392 1302 καὶ
3423 1249 3529 1301 τῶν
3558 1247 3804 1315 ἐσχάτων
3840 1244 3937 1310 τῆς

2368 1354 2491 1418 γῆς,
2519 1351 2548 1401 ὁ
2572 1351 2668 1416 τῆς
2696 1349 2962 1415 πονηρίας
2990 1342 3121 1415 ἦχος
3160 1345 3267 1396 τῶν
3299 1343 3396 1412 τὴν
3430 1340 3693 1393 Ἰουδαίαν
3724 1339 3911 1389 οίκούν

2366 1458 2491 1501 των,
2530 1439 2619 1492 διά
2648 1456 2809 1490 τινων
2844 1437 3031 1505 ὥσπερ
3070 1436 3382 1503 ἱπταμένων
3414 1432 3612 1484 πλοίων
3643 1430 3937 1500 προῆλθεν·

2364 1533 2420 1584 οἵ
2449 1548 2508 1583 τε
2541 1530 2828 1584 ἀπόστολοι
2854 1529 3057 1593 αὐτῶν,
3081 1527 3371 1586 ἐπιστολὰς
3403 1523 3645 1593 βιϐλίνας
3683 1524 3944 1588 ἐπικομι-

2370 1614 2608 1694 ζόμενοι,
2638 1624 2895 1693 ὑπεράνω
2924 1640 2981 1674 τε
3012 1622 3120 1673 τῶν
3148 1620 3356 1673 ὑδάτων
3387 1615 3815 1683 ναυτιλλόμενοι,
3849 1612 3941 1663 καί

2368 1717 2467 1785 τὴν
2529 1717 2805 1769 θάλασσαν
2859 1714 3136 1777 πλέοντες,
3174 1709 3451 1779 πανταχοῦ
3503 1709 3606 1776 γῆς
3642 1705 3944 1774 διέτρεχεν,

2367 1810 2461 1860 τὸν
2498 1810 2627 1877 περὶ
2660 1809 2754 1860 τοῦ
2811 1808 3063 1875 Σωτῆρος
3118 1806 3274 1874 ὴμῶν
3331 1802 3709 1859 διαϐάλλοντες
3764 1797 3945 1861 λόγον.

700 1918 781 1960 tes
851 1906 965 1977 (42)
1032 1907 1234 1975 ubique
1289 1915 1561 1958 terrarum
1612 1903 1960 1965 discurrisse,
2034 1915 2156 1969 qua:
2199 1900 2267 1955 de

2377 1900 2730 1960 ’Δποστὸλους
2766 1899 2823 1951 δὲ
2852 1900 2930 1960 εἰς
2960 1899 3042 1949 ἔτι
3072 1898 3169 1949 καὶ
3214 1895 3310 1948 νῦν
3337 1895 3457 1956 ἔθος
3491 1893 3640 1945 ἐστὶν
3665 1888 3949 1947 Ἰουδαίοις

701 2000 990 2052 Salvatore
1036 2007 1227 2052 nostro
1280 1996 1773 2059 annuntiahantur,
1841 1993 2266 2047 calumniantes.

700 2083 974 2137 Caeterum
1007 2084 1172 2137 etiam
1201 2100 1346 2137 nunc
1372 2084 1543 2137 moris
1570 2093 1655 2137 est
1693 2082 1835 2152 apud
1866 2081 2086 2138 Judaaos
2143 2097 2277 2151 apo-

700 2175 872 2231 stolos
913 2177 1187 2245 appellare
1214 2190 1311 2231 eos
1346 2176 1439 2245 qui
1502 2174 1801 2229 circulares
1846 2188 2073 2229 suorum
2126 2173 2281 2243 prin-

700 2268 880 2335 cipum
957 2269 1218 2336 epistolas
1300 2267 1572 2322 deferunt.

779 2379 795 2410 ι
834 2360 976 2414 Bene
1008 2360 1244 2427 Spiritus
1264 2368 1488 2414 sanctus
1516 2361 1732 2415 locutus
1752 2368 1860 2415 est.
1888 2378 1907 2411 ι
1939 2360 2012 2415 lis
2030 2358 2123 2428 qui
2148 2357 2273 2428 Spi-

705 2455 867 2506 ritum
926 2461 1177 2508 sanctqu
1237 2451 1416 2506 Patris
1480 2452 1793 2505 ministrum
1870 2467 1994 2508 esse
2042 2452 2272 2515 dicunt,

704 2546 900 2600 lethale
951 2546 1150 2599 vulnus
1196 2543 1286 2597 hic
1315 2544 1514 2599 Paulus
1546 2544 1760 2613 inﬂigit.
1785 2543 2072 2599 Dominum
2104 2545 2275 2609 enim,

704 2653 865 2705 quem
927 2637 1100 2691 Isaias
1163 2637 1301 2690 vidit
1367 2639 1647 2691 sedentem
1701 2656 1721 2687 ε
1789 2652 1953 2705 supra
2018 2637 2277 2689 thronum

706 2728 981 2780 excelsum
1032 2727 1117 2787 ⁸³,
1160 2746 1178 2777 ι
1238 2727 1344 2779 hoc
1400 2727 1522 2780 loco
1577 2727 1839 2793 Spiritum
1900 2734 2148 2781 sanctum
2193 2725 2278 2778 di-

706 2824 779 2875 cit
814 2841 827 2876 :
860 2822 1350 2877 consubstantialis
1370 2830 1457 2876 est
1500 2824 1669 2891 igitur
1721 2822 1868 2876 Patri
1924 2831 1979 2877 et
2009 2821 2171 2887 Filio,
2220 2830 2277 2876 et

708 2914 956 2983 ejusdem
999 2929 1126 2968 cum
1165 2922 1399 2982 utroque
1446 2915 1758 2982 potestatis.
1804 2914 1895 2968 Ait
1951 2929 2104 2979 vero,
2148 2928 2277 2983 pro-

711 3009 926 3075 pbotam
959 3007 1225 3060 divinitus
1275 3006 1601 3074 inspiratum
1637 3006 1847 3061 dictum
1882 3007 1987 3061 hoc
2022 3007 2093 3059 de
2144 3005 2271 3060 Jesu

712 3097 1030 3165 protulisse.
1062 3094 1516 3163 Quandoquidem
1563 3093 1830 3150 Judaicus
1883 3096 2122 3165 populus
2146 3092 2274 3146 Jesu

709 3189 913 3245 Christi
940 3189 1105 3242 verba
1140 3187 1373 3253 audivit,
1426 3186 1522 3242 sed
1557 3202 1665 3241 non
1692 3187 1983 3251 intellexit,
2017 3195 2071 3239 et
2091 3185 2282 3238 videns

2374 1991 2685 2060 ὀνομάζειν.
2718 1992 2845 2053 τοὺς
2876 1988 3142 2057 ἐγκύκλια
3174 1989 3477 2058 γράμματα
3502 1983 3654 2055 παρὰ
3694 1981 3805 2034 τῶν
3851 1980 3949 2047 ἀρ’-

2384 2084 2589 2153 χόντων
2622 2082 2804 2136 αὑτῶν
2844 2083 3350 2152 ἐπικομιζομένους.

2448 2361 2576 2423 Τοῖς
2609 2359 2887 2428 ὑπουργὸν
2916 2359 3136 2423 λέγουσι
3165 2355 3259 2408 τοῦ
3290 2353 3503 2424 Πατρδς
3536 2350 3598 2404 τὸ
3624 2350 3851 2418 Πνεῦμα
3890 2350 3953 2401 τὸ

2380 2453 2561 2519 ἅγιον,
2600 2453 2629 2504 ὁ
2657 2450 2865 2513 Παῦλος
2912 2448 3145 2502 ἐνταῦθα
3193 2446 3419 2514 καιρίαν
3477 2443 3661 2497 δίδωσι
3707 2442 3950 2510 πληγήν.

2380 2545 2486 2595 Τὸν
2516 2541 2625 2611 γὰρ
2649 2541 2853 2609 Κύριον
2881 2540 2971 2592 τὸν
3006 2538 3319 2607 καθήμενον
3364 2536 3457 2587 ἐπὶ
3509 2533 3700 2602 θρόνου
3740 2529 3954 2600 ὑψηλοῦ

2378 2631 2476 2685 καὶ
2526 2632 2865 2699 ἐπηρμένου,
2921 2628 2980 2680 ὃν
3036 2622 3177 2679 εἶδεν
3236 2624 3484 2688 Ἡσαΐας,
3528 2616 3632 2676 ὦδε
3680 2622 3828 2688 λέγει
3892 2624 3957 2672 τ),

2382 2721 2608 2791 Πνεῦμα
2637 2720 2699 2773 τὸ
2727 2719 2903 2786 ἅγιον·
2939 2714 3225 2787 ὁμοούσιον
3256 2716 3363 2783 γάρ
3391 2716 3507 2766 ἐστι
3539 2712 3617 2779 τῷ
3647 2709 3827 2777 Πατρὶ
3857 2712 3957 2761 καὶ

2381 2814 2457 2884 τῷ
2489 2813 2625 2882 Υἰῷ,
2658 2813 2751 2864 καὶ
2783 2811 2879 2878 τῆς
2921 2810 3043 2877 ἴσης
3083 2807 3334 2871 ἐξουσίας
3381 2804 3621 2874 μετέχει.
3660 2801 3769 2852 Καὶ
3794 2798 3959 2851 τοῦτο

2378 2908 2440 2960 τὸ
2464 2908 2646 2977 ῥητὸν,
2671 2905 2763 2957 τὸν
2796 2903 3081 2974 προφήτην
3114 2900 3191 2962 ὡς
3237 2898 3422 2950 θεόθεν
3449 2892 3955 2961 ἀποφθεγγόμενον,

2382 3003 2411 3054 ὁ
2436 2999 2646 3061 Παῦλος
2678 2998 2808 3065 περὶ
2851 2995 2959 3047 τῶν
2996 2992 3139 3045 κατὰ
3171 2990 3263 3043 τὸν
3300 2988 3510 3058 Ἰησοῦν
3553 2986 3734 3053 λέγειν
3771 3000 3960 3053 παρα-

2388 3092 2666 3153 σκευάζει·
2699 3087 2932 3155 ἐπείπερ
2961 3084 3193 3153 ἡκουσεν
3218 3084 3246 3134 ὀ
3275 3081 3400 3142 λαὸς
3440 3078 3531 3131 τὸν
3565 3074 3739 3145 Ἰησοῦ
3769 3074 3960 3140 λόγον,

2384 3184 2479 3236 καὶ
2515 3184 2577 3234 οὑ
2608 3181 2826 3249 συνῆκε·
2853 3179 2948 3231 καὶ
2984 3176 3199 3243 βλέπων
3250 3172 3322 3224 τὰ
3370 3171 3461 3224 ὑπ’
3491 3167 3657 3221 αὑτοῦ
3689 3166 3961 3233 γινόμενα

711 3282 781 3334 ab
810 3296 873 3335 eo
896 3288 1051 3350 gesta
1086 3288 1358 3347 portenta.
1417 3293 1529 3332 non
1582 3276 1973 3348 perspiciebat.
2022 3274 2159 3327 Nam
2210 3273 2273 3327 ad

2381 3277 2663 3347 τεράστια,
2684 3274 2781 3340 οὑχ
2810 3271 2977 3341 ἐώρα.
3007 3270 3099 3331 Ek
3123 3266 3385 3337 μέλλοντα
3410 3262 3517 3331 γὰρ
3547 3262 3736 3330 χρόνον
3767 3256 3927 3310 ἐκκλί
3952 3286 3959 3287 ί

714 3372 960 3425 futurum
994 3383 1210 3440 tempus
1239 3370 1445 3424 dictum
1490 3369 1629 3422 illud
1659 3367 1927 3429 referens,
1976 3367 2183 3419 indicat
2212 3365 2281 3418 ad

710 3464 816 3518 alia
850 3473 1092 3531 tempora
1118 3476 1183 3516 ea
1209 3475 1331 3530 quae
1380 3459 1518 3513 inibi
1552 3458 1949 3527 prophetautur
1986 3466 2281 3523 spectasse.

713 3555 1106 3610 Animadverte
1135 3568 1271 3608 vero
1297 3561 1620 3607 accuratum
1683 3549 1922 3619 Spiritus
1977 3548 2154 3601 sancti
2202 3545 2284 3599 lo-

715 3648 915 3719 quendi
941 3648 1183 3701 modum.
1214 3645 1335 3699 Non
1366 3644 1513 3699 enim
1565 3642 1705 3697 dixit
1760 3643 2013 3696 absolute
2062 3641 2128 3693 Et
2175 3652 2283 3691 non

718 3739 994 3802 videbitis,
1045 3739 1140 3793 sed
1213 3756 1233 3789 ι
1268 3738 1555 3803 Videbitis,
1590 3746 1647 3791 et
1698 3752 1808 3791 non
1856 3731 2220 3803 perspicietis.
2262 3749 2279 3781 ι

715 3832 917 3899 Sicque
944 3844 1053 3884 non
1078 3828 1235 3894 dixit,
1277 3827 1395 3883 Non
1426 3827 1695 3891 audietis;
1724 3826 1840 3889 sed,
1881 3845 1899 3876 ι
1931 3824 2049 3878 Non
2087 3822 2288 3875 intelli-

717 3923 876 3992 getis.
935 3940 955 3973 ι
1009 3921 1117 3989 Ipsi
1180 3920 1327 3974 enim
1397 3920 1501 3973 hoc
1563 3917 1920 3986 sibimetipsis
1972 3914 2290 3983 eripuerunt

720 4015 901 4083 primi,
931 4032 950 4065 ι
986 4013 1322 4068 Obturantes
1350 4012 1465 4067 sibi
1490 4025 1675 4075 aures,
1710 4009 1909 4065 oculos
1925 4007 2289 4076 comprimen-

722 4121 802 4161 tes
823 4119 878 4160 et
906 4122 1000 4160 cor
1016 4115 1399 4175 aggravantes.
1438 4122 1458 4155 ι
1500 4102 1619 4156 Non
1644 4102 1820 4154 solum
1857 4101 2005 4155 enim
2047 4112 2154 4151 non
2192 4111 2292 4149 au-

720 4198 959 4259 dierunt,
983 4198 1078 4250 sed
1101 4214 1121 4246 ι
1154 4196 1393 4265 graviter
1417 4194 1728 4248 audierunt.
1762 4208 1781 4241 ι
1811 4189 2081 4244 Fecerunt
2107 4197 2289 4241 autem

724 4290 845 4352 hoc,
874 4288 1068 4356 inquit,
1100 4307 1118 4337 ι
1147 4286 1224 4341 Ne
1245 4288 1385 4341 forte
1406 4292 1816 4347 convertantur,
1837 4291 1894 4337 et
1924 4294 2113 4336 sanem
2136 4293 2286 4333 eos.»

723 4376 936 4442 Quibus
969 4377 1153 4431 verbis
1191 4377 1316 4430 illos
1362 4376 1567 4438 allicit,
1597 4374 1895 4428 ostendens
1944 4386 2006 4425 se
2051 4384 2176 4425 esse
2224 4367 2293 4420 ad

722 4482 818 4521 eos
843 4467 1121 4523 sanandos
1141 4475 1411 4535 paratum,
1443 4466 1492 4519 si
1524 4464 1767 4518 converti
1808 4477 1918 4517 non
1953 4467 2231 4516 recusent.

794 4652 840 4684 ⁸⁷
872 4652 976 4707 lsa.
1003 4667 1159 4716 mu,
1193 4652 1247 4705 1.
1329 4649 1379 4683 ⁸⁸
1404 4648 1511 4705 lsa.
1549 4662 1626 4712 Vt,
1656 4648 1708 4701 1.

2384 3385 2492 3421 νων
2522 3369 2583 3421 τὸ
2616 3367 2802 3436 ῥητὸν,
2853 3362 3111 3432 ἐμφαίνει
3170 3358 3270 3427 τὴν
3321 3360 3400 3419 εἰς
3432 3355 3695 3423 ὑστέρους
3726 3351 3961 3421 χρόνους

2386 3458 2492 3511 τῶν
2531 3455 3026 3529 προφητεύομένων
3065 3448 3367 3519 ἀναφοράν.
3394 3445 3604 3497 Σκόπει
3626 3442 3686 3495 δὲ
3727 3442 3827 3509 τὴν
3860 3439 3964 3491 τοὺ

2387 3551 2705 3620 Πνεύματος
2719 3545 3029 3616 ἀκρίϐειαν.
3064 3543 3179 3596 Οὑκ
3207 3536 3352 3603 εἷπε,
3382 3537 3490 3591 Καὶ
3514 3537 3573 3588 οὑ
3608 3534 3681 3604 μὴ
3701 3532 3932 3620 βλέψητε
3950 3572 3965 3588 ,

2395 3640 2510 3693 ἀλλ’
2541 3619 2636 3692 ίδτι
2675 3657 2692 3687 ι
2734 3631 3195 3701 Βλέψετε,καιοὺ
3237 3629 3310 3697 μὴ
3334 3628 3503 3695 ιδητε.
3536 3643 3554 3675 ι
3582 3623 3703 3675 Οὐδ’
3729 3622 3809 3671 ὅτι
3843 3619 3969 3672 oc:

2386 3732 2709 3792 ἀκούσεσθε,
2735 3729 2847 3781 ἀλλ’
2880 3729 2963 3779 ὅτι
2984 3743 3003 3775 ι
3034 3723 3347 3783 ’Δκοὺσετε,
3378 3719 3476 3771 καὶ
3500 3717 3560 3768 οὑ
3592 3714 3668 3784 μὴ
3704 3712 3904 3779 συνῆτε
3944 3732 3963 3757 ι

2389 3823 2551 3875 Αὐτοὶ
2600 3818 2826 3881 ἑαυτοὺς
2863 3816 3106 3885 ἀφεῖλον,
3143 3811 3360 3881 πρῶτον
3409 3808 3479 3859 τὰ
3526 3800 3643 3859 ὦτα
3676 3802 3969 3872 βύσαντες,

2389 3915 2517 3976 τοὺς
2568 3910 2880 3978 ὀφθαλμοὺς
2934 3903 3347 3975 καμμύσαντες,
3399 3899 3497 3967 τὴν
3542 3895 3764 3964 καρδίαν
3795 3892 3972 3962 βαρύ-

2390 4022 2600 4068 ναντες.
2631 4004 2707 4057 Οὑ
2734 4001 2844 4070 γὰρ
2876 4000 3037 4067 μόνον
3065 3995 3167 4048 οὑκ
3204 3994 3422 4063 ἢκουον,
3448 3988 3583 4043 ἀλλὰ
3614 3987 3711 4040 καὶ
3750 3986 3972 4054 βαρέως

2390 4101 2613 4169 ἢκουον.
2679 4092 2980 4161 Ἐποίησαν
3032 4089 3088 4140 δὲ
3129 4085 3310 4150 τοῦτο,
3342 4084 3499 4152 φησὶ,
3534 4101 3552 4133 ι
3585 4082 3814 4169 Μήποτε
3838 4078 3973 4169 ἐπι-

2394 4166 2670 4259 στρέψωσι
2701 4224 2716 4245 ,
2773 4184 2870 4235 καὶ
2922 4181 3165 4247 ίάσωμαι
3213 4173 3432 4235 αὑτούς.
3499 4189 3516 4223 ι
3568 4171 3678 4223 Καὶ
3698 4166 3972 4235 ἐρεθίζων

2391 4279 2625 4335 δεικνύει
2646 4318 2662 4341 ,
2698 4278 2780 4330 ὅτι
2828 4275 2893 4328 ἂν
2925 4268 3353 4341 ἐπιστρέψωσιν,
3388 4264 3603 4317 ἰάσεται
3636 4258 3851 4319 αὑτούς.

1856 4787 2061 4852 Varia;
2104 4784 2408 4848 lectiones
2451 4785 2514 4842 et
2555 4783 2750 4841 noue.

802 4964 913 5036 (42)
943 4961 1245 5019 Hentenius
1269 4960 1431 5015 vertit
1447 4958 1634 5022 hic,’et
1656 4970 1798 5009 mare
1815 4952 2105 5021 implentes.
2134 4948 2273 5004 Fort;

2377 4963 2390 5002 ξ
2416 4960 2514 5016 pro
2538 4943 2789 5003 πλέοντες
2818 4940 2943 5011 legit
2966 4938 3317 5008 πληροῦντες.

2320 5120 2395 5132 .-

2163 5258 2568 5321 MONITUM.

797 5448 1003 5499 Tertius
1018 5444 1102 5505 qni
1124 5439 1353 5502 sequitur
1376 5441 1543 5487 textus
1570 5431 1910 5485 commentarii
1936 5430 1985 5476 in
2012 5428 2127 5475 Acta
2148 5438 2176 5473 a
2195 5423 2389 5472 duobus
2414 5417 2586 5505 primils
2616 5419 2662 5467 in
2694 5414 3146 5505 editiones/cncta,
3176 5407 3350 5493 multis
3373 5404 3667 5505 interfectis,
3687 5403 3960 5463 sejungtur

1664 5498 1675 5505 .
1739 5497 1747 5504 .
1990 5504 1995 5505 ,
2023 5492 2061 5505 ,ᾼ
2088 5501 2163 5505 ---Α
2190 5494 2283 5505 μ-.
2306 5498 2317 5505 .
2343 5497 2432 5505 -..η
2461 5496 2516 5505 --
2576 5494 2663 5505 ...υι
2687 5493 2782 5505 ..ηπ
2808 5491 2895 5505 ...Α
2952 5488 3009 5505 ..ο
3028 5484 3363 5505 ιιοιηιηηιπιιιε
3415 5482 3469 5505 «ρ
3525 5468 3638 5505 unde
3664 5465 3757 5505 hoc
3796 5470 3960 5505 unum

742 5492 1050 5574 ηυῑιῖέέίίυέ
1074 5492 1323 5574 “uni-""9
1353 5506 1630 5549 ευηιοτυπ·
1664 5492 2318 5574 “Pisis-'f‘ﬂ‘ﬂniil‘l'ﬁﬂ‘j
2343 5496 2518 5574 223.2."

2556 5464 2663 5529 loco
2687 5464 2896 5528 noni—suo
2918 5477 3009 5523 huc
3028 5464 3390 5526 revocavimus;
3415 5468 3500 5515 sed
3525 5468 3638 5514 inde
3664 5465 3757 5513 hoc
3796 5464 3981 5510 ortum'

743 5530 854 5574 QUI!
880 5530 1044 5557 scrlua
1077 5530 1123 5551 III
1151 5530 1323 5551 lui-luo
1353 5530 1538 5549 ιιι-υνυ-
1553 5530 1630 5547 um
1664 5530 1810 5554 ιιι-,μισ
1832 5530 2064 5567 νων-η.--
2095 5530 2318 5561 ..v_-.'._-,
2416 5530 2425 5531 ,
3087 5538 3096 5548 .
3903 5537 3915 5553 ι

743 5581 823 5622 est
856 5567 1166 5626 incommodi}
1181 5563 1315 5626 quod
1347 5574 1665 5610 numerorum
1694 5568 1990 5607 crustarum
2020 5563 2178 5600 senes
2197 5550 2312 5597 inde
2344 5557 2499 5607 usque
2530 5544 2589 5594 ad
2615 5544 2891 5592 columnam
2927 5538 3037 5585 llﬁl
3084 5541 3488 5591 mterrumpatur.
3526 5530 3600 5578 De
3626 5540 3729 5589 quo
3749 5534 3983 5585 unumn-

742 5638 833 5683 dus
856 5638 966 5681 erat
988 5631 1181 5679 Lector.
1195 5626 1327 5675 Ευιτ.
1356 5626 1505 5674 Pan.
