4164 6444
734 418 869 483 Ῑῶ3

1624 407 2195 472 THEOPHYLAC’I‘I
2242 404 2485 463 BULGA
2500 403 2647 462 RLE
2676 402 3025 464 ARCHIEP.

3822 397 3966 462 1064

800 531 1046 583 Δείκνυσι
1072 528 1264 597 ⁵λοιπὸν
1289 527 1347 578 τὸ
1374 528 1537 594 μέσον
1563 526 1722 579 αὐτοῦ
1760 527 1852 577 καὶ
1880 525 1976 578 τοῦ
2020 525 2295 587 Ἰωάννου,
2326 528 2369 583 Α
2472 521 2688 583 Καλῶς,
2716 522 2816 573 οὐκ
2852 523 2908 573 ἐν
2932 519 3007 588 τῷ
3029 520 3412 589 ἁμαρτήματι,
3439 520 3554 569 ἀλλ’
3595 520 3653 570 ἐν
3689 520 3753 586 τῇ
3796 534 3978 585 τιμω-

731 621 853 697 [οὐκ
888 622 990 679 ἔτι.
1016 622 1091 681 ὡς
1125 620 1228 688 πρὸ
1255 617 1468 677 τούτου,
1498 617 1507 687 ι
1538 618 2033 685 συνεσκιασμένως,
2064 619 2151 669 ὅτε
2186 618 2297 667 ἕλε-

729 729 857 780 γεν·
918 731 935 762 ι
978 710 1035 763 Ὀ
1065 710 1120 762 δὲ
1163 710 1483 778 μικρότερος
1515 708 1571 758 ἐν
1604 710 1667 776 τῇ
1702 707 1947 775 βασιλείᾳ
1976 707 2084 758 τῶν
2137 707 2301 777 οὐρα-

733 804 836 855 νῶν
869 800 1066 870 μείζων
1099 798 1285 869 [αὐτοῦ
1324 802 1457 850 ἐστι.
1494 795 1538 866 ι]
1570 798 1688 857 Πῶς
1731 796 1785 847 δὲ
1837 797 2004 861 λέγει,
2040 813 2057 846 ι
2096 796 2337 847 Βαπτι-.

732 891 1017 960 σθήσεσθε,
1050 910 1067 941 ι
1110 890 1298 951 ὓδατος
1342 888 1414 957 μὴ
1446 888 1597 949 όντος
1656 892 1711 937 ἐν
1760 888 1836 956 τῷ
1872 886 2140 956 ὐπερῲῳς
2178 886 2301 937 ’Ότι

735 983 1065 1052 κυριώτερον
1120 981 1199 1052 [τὸ
1244 979 1462 1047 Πνεῦμά
1498 977 1642 1048 ἐστι]
1696 980 1763 1031 δι’
1817 974 1877 1033 οὐ
1912 980 2005 1031 καὶ
2061 979 2121 1030 τὸ
2158 976 2301 1045 ὕδωρ

734 1075 967 1141 ἐνεργεῖ.
1006 1072 1199 1143 [”Ο;αν
1227 1070 1301 1140 οἱ]
1333 1072 1575 1139 μαθηταί
1613 1071 1687 1140 [τι
1727 1070 2016 1138 μέλλουσιν
2044 1067 2300 1139 ἐρωτᾷν,]

734 1165 871 1234 ὁμοῦ
926 1164 1344 1234 προσέρχονται,
1397 1164 1481 1214 ἵνα
1532 1163 1898 1230 δυσωπήσωσι
1945 1162 2023 1227 τῷ
2080 1161 2294 1231 πλήθει.

743 1257 994 1327 ᾜδῖισαν
1054 1257 1185 1324 ιγάρ
1236 1255 1295 1305 τὸ
1333 1254 1545 1323 πρώ]ην
1606 1256 1733 1322 παρ’
1763 1254 1928 1305 αὐτοῦ
1975 1254 2299 1323 είρημένοπν

744 1369 759 1399 ι
800 1348 989 1408 Ηύδεὶς
1048 1342 1155 1398 οἶδε
1192 1347 1289 1415 τήν
1322 1346 1555 1413 ἡμέραν,
1595 1363 1612 1395 ι
1660 1344 2083 1413 διακρουομένου
2110 1338 2196 1410 ἦν.
2240 1341 2306 1393 Τί

738 1439 913 1490 τοίνυν
938 1436 1171 1507 θα[ῦμα,
1204 1435 1271 1505 εἰ]
1306 1437 1403 1504 τὴν
1436 1436 1647 1503 ἡμέραν
1674 1436 1773 1502 τῆς
1800 1435 2106 1493 συντελείας
2126 1435 2185 1485 οὐ
2216 1432 2305 1485 λέ-

740 1548 845 1593 γει,
882 1531 1017 1581 ὅπου
1049 1529 1253 1595 ταύτην
1312 1529 1408 1595 τὴν
1460 1528 1625 1593 ἐγγὺς
1658 1522 1842 1587 οὖσαν,
1904 1526 2206 1594 κατάδηλον
2245 1526 2305 1577 οὐ

740 1625 902 1683 ποιεῖ,
930 1622 1023 1671 καὶ
1056 1618 1189 1690 [ἵνα]
1217 1618 1574 1689 ἐγρηγορότες
1605 1610 1742 1681 ὧσι;

809 1713 961 1764 Διατί
1002 1730 1018 1761 ι
1059 1712 1254 1778 νεφέλη
1291 1710 1560 1761 ὑπέλαϐεν
1579 1698 1786 1769 ἀύτόνς
1827 1728 1845 1760 ι
1896 1711 2006 1762 Καὶ
2037 1710 2194 1763 τοῦτο
2215 1729 2307 1763 τε-

740 1811 979 1874 κμήριον
1006 1806 1087 1856 ὅτι
1121 1807 1198 1865 εἰς
1227 1804 1317 1854 τὸν
1349 1803 1578 1871 οὐρανὸν
1606 1801 1854 1871 ἀνῆλθεν·
1883 1803 1910 1853 ὃ
1948 1802 2042 1853 τοῦ
2070 1802 2303 1870 οὐρανοῦ

744 1896 1009 1964 σύμϐολον
1032 1892 1121 1965 ἦν,
1154 1895 1214 1945 οὐ
1254 1892 1386 1957 πῦρ,
1432 1892 1551 1943 οὐδέ
1607 1892 1781 1959 ἅρμα,
1835 1891 1909 1952 ὡς
1956 1893 2048 1942 ἐπὶ
2084 1891 2263 1943 Ἡλίου
2293 1907 2307 1921 ·

743 1988 984 2055 ἀκριϐῶς
1016 1990 1121 2054 γάρ
1151 1986 1376 2047 ἑαυτοὺς
1408 1984 1787 2044 ἀπετύπωσεν,
1839 1984 1910 2043 ὡς
1948 1984 2022 2052 μὴ
2072 1983 2313 2051 πτοηθῆ-

743 2098 847 2131 ναι.
885 2079 946 2130 Οἳ
972 2078 1065 2131 καὶ
1093 2074 1245 2130 εἷπον
1274 2077 1389 2145 ἅμα
1429 2079 1524 2129 καὶ
1571 2076 1981 2128 κολακευόντων
2010 2071 2077 2146 ἦν
2113 2078 2178 2128 τὰ
2218 2078 2315 2147 ρή-

746 2189 910 2239 ματα.

860 2262 1015 2313 Τότε.
1055 2280 1073 2311 ι
1112 2261 1245 2311 Πότε
1272 2278 1284 2320 ;
1314 2260 1439 2311 Ὂτε
1472 2261 1710 2329 ἥκουσαν
1731 2276 1744 2289 ·
1776 2260 1836 2311 οὐ
1873 2262 1978 2328 γὰρ
2005 2260 2310 2329 ἠνέσχοντο,

744 2354 791 2401 εἰ
831 2351 904 2416 μὴ
929 2352 1121 2420 ἑτέραν
1145 2352 1340 2413 αὐτοὺς
1376 2351 1679 2419 παρουσίαν
1719 2351 2040 2418 ὑπερέθετο.
2067 2355 2229 2404 Δοκεῖ
2258 2353 2314 2404 δέ

750 2460 839 2510 μοι
886 2444 977 2493 καὶ
1044 2442 1323 2494 Σάϐϐατον
1355 2443 1641 2508 γεγονέναι
1664 2459 1677 2471 ·
1732 2444 1792 2493 οὐ
1824 2444 1932 2511 γὰρ
1964 2443 2028 2495 ἂν
2062 2430 2205 2496 ἇύτω
2255 2445 2316 2495 τὸ

746 2534 1020 2603 διάστημα
1052 2535 1341 2601 ἐδήλωσεν,
1376 2535 1567 2593 εἰπὼν,
1607 2552 1624 2584 ι
1654 2535 1933 2588 Σαϐϐάτου
1972 2534 2093 2604 ἕχον
2124 2537 2263 2598 ὁδὸν,
2293 2554 2310 2586 ι

748 2628 794 2676 εἰ
828 2626 902 2693 μὴ
946 2625 1255 2694 ὡρισμένον
1304 2642 1356 2675 τι
1390 2626 1559 2694 μῆκος
1594 2626 1907 2694 ὁδοιπορίας
1940 2626 2209 2691 ἐϐάδιζον,
2245 2632 2312 2697 τῇ

745 2719 931 2787 ἡμέρα
956 2718 1049 2769 τοῦ
1087 2716 1387 2775 Σαϐϐάτου,
1438 2720 1503 2786 τῇ
1546 2717 1771 2786 δευτέρᾳ
1818 2718 1917 2784 τῆς
1972 2720 2318 2786 Διακαινησί-

754 2828 875 2876 μου.
918 2807 1069 2875 Τάχα
1096 2807 1233 2860 ἑπτὰ
1264 2806 1507 2869 σταδίους
1543 2806 1713 2871 λέγει,
1746 2808 1826 2857 δτι
1858 2809 2049 2876 ἀπεῖχε
2076 2810 2176 2878 τῆς
2219 2810 2316 2860 πό-

751 2900 886 2959 λεως
928 2896 1288 2967 Ἰερουσαλὴμ
1323 2898 1383 2949 τὸ
1413 2897 1537 2966 ὅρος
1571 2897 1678 2947 τῶν
1721 2896 2202 2967 Ἐλαιῶν.’Δπέχει
2229 2896 2321 2952 05v

749 2991 824 3051 ὡς
859 2988 1032 3057 μίλιον
1055 2988 1134 3050 ἓν,
1170 2988 1197 3040 ὃ
1236 2990 1380 3040 ποιεῖ
1418 2988 1670 3047 σταδίους
1701 2987 1861 3051 ἑπτὰ,
1905 2989 2024 3058 ἦτοι
2067 2992 2322 3044 τοσοῦτον

750 3082 942 3145 ἀπεῖχε
999 3080 1062 3131 τὸ
1114 3079 1391 3147 διάστημα
1446 3078 1551 3144 ἐξω
1596 3079 1701 3130 τῶν
1753 3083 1971 3147 τειχῶν.
2021 3084 2143 3134 ὅσον
2196 3085 2322 3153 ἐξῆν

2341 1860 2382 1915 Β

2402 614 2493 683 pia
2524 612 2612 663 τὸν
2644 614 2797 677 λόγον
2854 613 3076 680 ἐπῆρεν.
3136 612 3251 662 Οὐκ
3305 611 3607 661 ἐναπέθανε
3664 612 3731 677 τῇ
3764 610 3978 679 ἀγχόνῃ

2419 703 2640 765 Ἰούδας,
2690 703 2806 755 ἀλλ’
2855 701 3059 753 ἐπεϐίω
3088 700 3434 769 καθαιρεθεὶς
3474 700 3581 768 πρὸ
3614 698 3707 750 τοῦ
3740 701 3980 753 ἀποπνι-

2404 797 2589 864 γῆναι.
2626 796 2734 848 Καὶ
2760 794 2922 847 τοῦτο
2948 793 3203 861 δηλοῦσιν
3227 795 3282 844 αἱ
3318 793 3574 861 Πράξεις,
3610 793 3691 844 ὅτι
3725 791 3984 860 «Πρηνὴς

2404 890 2695 959 γενόμενος
2751 887 3008 940 ἐλάκκισε
3044 885 3206 956 [τηειρ.
3238 884 3499 955 ἐλάκησε]
3532 886 3718 951 μέσος,
3766 886 3862 936 καὶ
3902 890 3975 935 τα

2404 982 2686 1051 σπλάγχνα
2719 980 2886 1034 αὐτοῦ
2914 977 3163 1048 ἐξεχύθη,
3200 997 3217 1029 ι
3255 979 3364 1030 Καὶ
3395 977 3502 1048 γὰρ
3525 977 3778 1030 τοσοῦτον
3804 979 3983 1046 ἐπρή-

2406 1074 2505 1143 σθη
2532 1076 2564 1143 ἡ
2596 1074 2730 1142 σὰρξ
2759 1071 2945 1138 αὐτοῦ,
2976 1072 3139 1131 ὥστε,
3178 1069 3303 1138 μηδ’
3333 1071 3528 1122 ὁπόθεν
3561 1070 3744 1137 ἅμαξα
3772 1070 3979 1138 ρξᾶως

2407 1166 2701 1234 διέρχεται,
2728 1168 2933 1217 ἐκεῖνον
2961 1163 3221 1216 δύνασθαι
3247 1160 3498 1214 διελθεῖν.
3524 1162 3695 1214 Τοῦτο
3717 1180 3782 1213 πε
3794 1165 3845 1229 ρί
3874 1162 3978 1213 τοῦ

2406 1258 2605 1325 χωρίου
2638 1258 2731 1308 καὶ
2778 1257 2877 1323 τῆς
2935 1256 3144 1317 οἰκίας·
3204 1257 3447 1309 τουτέστι
3503 1256 3600 1322 τὴν
3648 1254 3821 1324 ἀρχὴν
3879 1255 3986 1321 τὴν

2411 1348 2732 1417 ἱερωσύνην.
2759 1350 2921 1400 Ὥστε
2980 1349 3079 1400 οὐκ
3101 1349 3209 1416 ἐμὴ
3251 1346 3442 1416 γνώμη
3483 1346 3660 1399 ταῦτα
3692 1346 3981 1413 τυγχάνει,

2409 1442 2522 1492 ἀλλ’
2553 1442 2764 1492 ἐκείνου
2797 1439 2892 1491 τοῦ
2922 1439 3096 1492 ταῦτα
3149 1439 3564 1509 προειρηκότος.
3602 1438 3720 1489 Ἵνα
3750 1438 3859 1506 γὰρ
3905 1439 3984 1506 μὴ

2411 1534 2537 1604 δόξῃ
2573 1533 2793 1603 μεγάλῳ
2823 1533 3109 1600 πράγματι
3147 1533 3473 1602 ἐπιχαίρειν,
3507 1531 3601 1581 καὶ
3650 1530 3828 1598 τούτῳ
3882 1531 3988 1595 οἴῳ

2411 1628 2436 1677 6
2476 1627 2731 1697 Χριστὸς,
2765 1628 3014 1694 ἐπήγαγε
3072 1625 3328 1694 μάρτυρα
3362 1626 3454 1674 τὸν
3482 1623 3796 1691 προφήτην.
3837 1621 3987 1686 Ὅρα

2410 1717 2491 1768 ὅτι
2543 1716 2637 1769 καὶ
2681 1716 2919 1768 διάκονοι
2975 1715 3270 1768 ἐκαλοῦντο
3322 1716 3371 1767 οἱ
3428 1713 3668 1783 μαθηταὶ
3719 1713 3814 1765 καὶ
3860 1712 3986 1763 ἐπί-

2412 1824 2624 1860 σκοποι.

2486 1897 2585 1948 Διὰ
2637 1897 2687 1948 τί
2738 1896 3046 1958 κοινοῦταις
3084 1896 3203 1949 ’Ἰνα
3239 1895 3313 1963 μὴ
3340 1894 3717 1963 περιμάχητον
3747 1892 3809 1945 τὸ
3841 1896 3987 1960 πρᾶ-

2414 2006 2530 2059 γμα
2560 1991 2809 2058 γένηται,
2863 1990 2958 2041 καὶ
2988 1992 3068 2048 εἰς
3116 1988 3451 2055 φιλονεικίαν
3481 1986 3820 2055 ἐμπέσωσιν,
3848 1985 3988 2038 ἀλλὰ

2414 2080 2491 2147 τῷ
2514 2081 2706 2147 πλήθει
2729 2082 2827 2147 τὴν
2862 2080 3147 2139 ἐπίκλησιν
3176 2079 3480 2144 ἐπιτρέπει.
3512 2077 3626 2129 Οὐκ
3674 2072 3822 2139 εἷπε,
3864 2077 3991 2127 Τῶν

2415 2174 2587 2228 ἄλλων
2620 2175 2932 2243 μαρτύρων,
2962 2172 3115 2231 ἀλλὰ,
3155 2192 3172 2223 ι
3204 2172 3313 2238 Τῆς
3336 2170 3741 2230 ἀναστάσεως»
3772 2170 3831 2219 τὸ
3878 2170 3991 2236 γὰρ

2418 2268 2750 2337 ζητούμενον
2809 2267 2967 2319 τοῦτο
3007 2262 3108 2336 ἦν,
3158 2265 3205 2316 τ’
3247 2264 3382 2318 ἄλλα
3444 2265 3500 2316 δὲ
3562 2264 3985 2332 ὡμολογημένα.

2423 2360 2578 2420 «Σῦ,›
2610 2361 2681 2427 μὴ
2718 2360 2901 2426 ἡμεῖς.
2956 2358 3063 2408 Καὶ
3096 2355 3369 2425 εὐκαίρως
3406 2355 3852 2425 καρδιογνώστην
3892 2372 3991 2404 κα-

2417 2450 2599 2500 λοῦσιν
2625 2464 2637 2478 ·
2674 2449 2781 2499 ἀπὸ
2812 2446 2921 2514 γὰρ
2946 2446 3154 2497 τούτων
3206 2447 3479 2513 αἱρεῖσθαι
3524 2446 3711 2512 ἐχρῆν.
3762 2445 3878 2495 Οὐκ
3912 2439 3991 2493 εἴη

2423 2552 2542 2597 πεν,
2572 2534 2633 2603 If.
2670 2531 2847 2603 εἷπον]
2880 2533 3157 2597 Ἔκλεξαι,
3192 2534 3350 2594 ἀλλὰ,
3383 2553 3400 2583 ι
3443 2533 3769 2595 Ἀνάδειξον,
3803 2551 3821 2583 ι
3857 2533 3995 2583 εἰδό-

2414 2644 2509 2688 τες
2534 2628 2711 2679 πάντα
2737 2624 3077 2695 προωρίσθαι
3104 2623 3183 2693 τῷ
3216 2624 3355 2693 Θεῷ.
3393 2626 3538 2686 Ἕως
3580 2625 3677 2693 μέν
3697 2623 3789 2676 05v
3821 2623 3996 2675 Πνεύ·

2424 2733 2591 2785 ματος
2621 2717 2839 2784 ἄμοιροι
2889 2716 3027 2785 ἦσαν
3074 2716 3123 2766 οἱ
3168 2715 3480 2775 ἀπόστολοι,
3528 2716 3715 2783 κλήρῳ
3745 2715 3814 2765 τὰ
3854 2715 4003 2782 πρά-

2419 2825 2605 2877 γματα
2639 2807 2944 2876 ἐπέτρεπον
2977 2824 2992 2838 ο
3046 2805 3273 2874 ὕστερον
3300 2807 3377 2869 δέ,
3435 2807 3525 2859 καὶ
3558 2808 3634 2875 τῷ
3672 2806 3868 2876 πλήθει
3905 2809 4003 2858 κεὶ

2420 2902 2484 2967 τῇ
2509 2899 2685 2967 οἰκεία
2712 2898 2913 2967 χάριτι.

2491 2992 2784 3043 Τουτέστιν
2814 2992 2872 3042 ἐν
2903 2991 3038 3059 αὐτῇ
3099 2994 3163 3060 τῇ
3207 2991 3593 3059 ΙΙεντηκοστῇ⁸
3633 2991 3740 3041 ἔδει
3778 2992 3887 3058 γὰρ
3922 2992 4005 3051 εἰς

2417 3082 2518 3150 τὴν
2540 3081 2731 3150 ἑορτὴν
2781 3081 2956 3133 ταῦτα
3023 3081 3291 3147 γίνεσθαι,
3355 3082 3441 3133 ἵνα
3498 3083 3546 3133 οἱ
3600 3082 3873 3148 παρόντες
3925 3084 4007 3149 τῷ

770 3172 1011 3240 Ἰουδαίῳ
1045 3172 1103 3222 ἐν
1133 3170 1396 3239 Σαϐϐάτῳ
1437 3173 1836 3241 περιπατῆσαι,
1869 3173 2005 3243 πρὸς
2042 3176 2103 3225 τὸ
2143 3174 2325 3227 ἀδολε-
2352 3200 2394 3255 C
2428 3174 2647 3243 σταυρῷ
2673 3172 2765 3225 τοῦ
2796 3173 3059 3241 Χριστοῦ,
3087 3174 3179 3225 καὶ
3211 3173 3382 3225 ταῦτα
3422 3172 3622 3224 ἴδωσιν.
3669 3172 3726 3223 Ὀ
3766 3174 4006 3239 Χριστὰς

759 3279 962 3331 σχησαι
991 3262 1190 3312 ὡσανεὶ
1241 3261 1610 3315 διακινοῦντα.
1652 3265 1795 3333 ’Λρα
1827 3267 1883 3316 ἐν
1926 3265 2323 3333 Ἰεροσολύμοις

755 3355 951 3422 ἔμενον
993 3351 1133 3421 μετὰ
1167 3353 1265 3421 τὴν
1296 3352 1617 3407 ἀνάστασιν.
1659 3352 1722 3405 Ἢ
1748 3353 1844 3406 τοῦ
1873 3354 2151 3406 Σαϐϐάτου
2183 3355 2321 3417 ὁδὸς,

755 3446 1028 3514 δισχιλίων
1064 3444 1253 3512 πηχῶν
1292 3443 1531 3512 ὑπῆρχε,
1554 3443 1809 3496 τοσοῦτον
1837 3445 1894 3496 δέ
1925 3444 2200 3513 διάστημα
2231 3447 2325 3496 καὶ

758 3540 790 3604 ἡ
823 3536 1052 3595 κιϐωτὸς
1078 3531 1459 3601 προελάμϐανε
1476 3532 1575 3601 τὴν
1596 3531 1970 3601 παρεμϐολὴν,
2002 3532 2030 3584 δ
2052 3533 2326 3601 διάστημα

757 3627 1003 3690 ἐϐάδιζον
1032 3628 1079 3677 οἱ
1121 3626 1363 3677 Ἰουδαῖοι
1390 3626 1447 3676 ἐν
1491 3624 1774 3693 Σαϐϐάτῳ.

846 3718 1133 3787 Ὠριγένης
1162 3719 1220 3769 ἐν
1255 3715 1332 3785 τῷ
1361 3722 1400 3767 ε’
1433 3716 1797 3784 Στρωματεῖ·
1821 3715 2107 3783 Δισχιλίων
2139 3716 2328 3785 πηχῶν

761 3813 993 3878 ὑπῆρχε,
1022 3810 1118 3860 καὶ
1148 3808 1348 3876 μᾶλλον
1382 3808 1417 3876 ἡ
1455 3807 1587 3872 ἁγία
1623 3806 1799 3875 σκηνὴ
1824 3807 1918 3857 καὶ
1952 3805 2180 3867 κιϐωτὸς
2209 3823 2332 3857 τοσ-

760 3901 915 3952 οῦτον
948 3899 1224 3965 διάστημα
1253 3897 1635 3966 προελάμϐανε
1662 3898 1759 3965 τὴν
1801 3896 2179 3965 παρεμϐολὴν,
2234 3899 2330 3950 καὶ

761 3993 869 4043 ἀπὸ
922 3988 1179 4041 τοσούτου
1239 3988 1609 4057 διαστήματος
1663 3988 1918 4057 ἐσκήνου,
1976 3988 2004 4041 δ
2059 3986 2331 4054 διάστημα

764 4082 893 4150 ἐξῆν
914 4084 1028 4141 τοῖς
1053 4080 1425 4149 προσκυνοῦσι
1455 4080 1553 4148 τὴν
1574 4080 1740 4146 ἁγίαν
1770 4079 1978 4147 σκηνὴν
2009 4076 2249 4145 βαδίζειν
2274 4079 2331 4128 ἐν

768 4174 1051 4242 Σαϐϐάτῳ.
1126 4172 1322 4234 Καλῶς
1391 4173 1501 4224 τῶν
1578 4170 1837 4240 μαθητῶν
1908 4169 2330 4238 ἐμνημόνευσεν.

778 4265 994 4334 Ἐπειδὴ
1023 4264 1133 4333 γὰρ
1163 4267 1191 4318 6
1225 4264 1324 4332 μὲν
1358 4264 1637 4333 προέδωκε
1665 4263 1761 4315 καὶ
1789 4262 2085 4331 ἠπίστησε,
2119 4261 2335 4314 δείκνυ-

764 4374 849 4409 σιν
900 4357 983 4409 ὃτι
1040 4356 1182 4425 πλὴν
1244 4356 1456 4407 ἐκείνου
1506 4356 1707 4416 πάντες
1748 4349 1889 4423 ἦσαν
1925 4353 2073 4404 σῶοι.
2126 4352 2336 4421 Σφόδρα

767 4450 1129 4503 ἐδεδοίκεισαν
1159 4450 1287 4509 τοὺς
1321 4447 1634 4509 Ἰουδαίους.
1680 4464 1698 4496 ι
1733 4446 1839 4497 Σὺν
1888 4447 2006 4505 ταῖς
2035 4443 2270 4510 γυναιξὶ,
2310 4462 2328 4493 ι

2424 3266 2682 3338 ἀναστὰς,
2723 3265 2785 3317 τὸ
2822 3266 2928 3315 τῶν
2988 3264 3257 3332 δαιμόνων
3315 3263 3515 3333 κράτῖς
3552 3264 3813 3314 κατέλυσε
3853 3280 3868 3293 ·
3914 3264 4007 3314 διὰ

2420 3355 2580 3406 τοῦτο
2623 3354 2784 3423 μέχρι
2829 3354 2929 3423 τῆς
2989 3354 3368 3422 Πεντήκοστῆς
3418 3356 3497 3416 εἰς
3559 3357 3662 3423 γῆν
3699 3354 3761 3405 οὐ
3822 3355 4008 3405 κλινό-

2432 3446 2591 3517 μεθα,
2631 3447 2911 3516 εὐχόμενοι
2972 3447 3113 3499 κατὰ
3178 3446 3287 3497 τῶν
3339 3444 3549 3514 ἐχθρῶν
3614 3446 3811 3513 ήμῶν,
3862 3446 4006 3513 ψάλ-

2427 3542 2629 3599 λοντες·
2672 3558 2689 3591 ι
2719 3541 2879 3593 Αὐτοὶ
2910 3540 3366 3609 συνεποδίσθησαν
3390 3542 3483 3592 καὶ
3516 3540 3731 3598 ἔπεσον,
3754 3559 3773 3591 ι
3810 3541 3908 3591 καὶ
3936 3544 4011 3592 τὰ

2427 3633 2607 3685 λοιπά.
2634 3632 2741 3682 Τοῦ
2793 3631 2849 3682 δέ
2908 3629 3223 3699 Πνεύματος
3271 3630 3528 3697 φανέντος
3558 3630 3904 3698 θεοπρεπῶς,
3947 3634 4012 3684 τὸ

2431 3725 2557 3791 γόνυ
2580 3724 2929 3793 κάμπτομεν,
2964 3722 3063 3789 τὴν
3090 3722 3223 3773 θέαν
3252 3721 3313 3773 οὐ
3337 3722 3617 3791 φέροντες,
3652 3724 3748 3774 καὶ
3779 3724 4012 3790 δηλοῦν-

2430 3833 2523 3877 τες
2562 3817 2643 3867 ὅτι
2673 3815 2760 3867 διὰ
2784 3815 2879 3866 τοῦ
2911 3815 3230 3882 Πνεύματος
3255 3813 3354 3883 τὴν
3382 3817 3439 3866 ἐν
3476 3815 3666 3884 Τριάδι
3694 3815 4014 3884 προσκύνη-

2434 3925 2518 3959 σιν
2556 3905 2992 3975 μεμάθὴκαμεψ
3031 3922 3049 3954 ‹
3091 3905 3317 3973 Πνεῦμα
3350 3906 3460 3974 γὰρ
3500 3908 3527 3957 ὁ
3566 3906 3699 3967 Θεὸς
3754 3906 3846 3957 καὶ
3882 3909 4014 3967 τοῦς

2433 3991 2875 4062 προσκυνοῦντας
2916 3992 3100 4055 αὐτὸν,
3148 4011 3167 4042 ι
3202 3996 3294 4044 καὶ
3323 3995 3393 4045 τὰ
3418 3993 3566 4062 ἑξῆς.

2503 4086 2591 4137 Ἐν
2613 4087 2679 4153 τῇ
2698 4083 2874 4135 τοίνυν
2895 4083 3077 4154 ἡμέρᾳ
3120 4082 3218 4151 τῆς
3265 4085 3643 4153 Πεντήκοστῆς
3677 4085 3831 4153 ἐδόθη
3870 4087 3900 4137 6
3923 4088 4018 4139 νό-

2438 4191 2537 4242 μος
2570 4175 2781 4235 Μωσεῖ,
2836 4175 2933 4225 καὶ
2989 4174 3096 4225 ἔδει
3116 4213 3130 4235 ,
3160 4174 3281 4227 καθ’
3312 4175 3380 4245 ἢν
3405 4176 3616 4244 ἡμέραν
3649 4176 3803 4245 ἐδόθη
3834 4178 3864 4229 6
3902 4195 4016 4230 πα-

2435 4264 2581 4327 λαιὸς
2610 4264 2796 4333 νόμος,
2824 4265 2945 4317 κατ’
2970 4265 3139 4333 αὐτὴν
3170 4264 3394 4333 δοθῆναι
3449 4268 3546 4318 καὶ
3583 4266 3683 4337 τήν
3708 4267 3801 4319 τοῦ
3834 4269 4017 4321 Πνεύ-

2440 4374 2607 4426 ματος
2660 4356 2857 4425 χάριν*
2912 4357 3000 4409 ἵνα
3021 4356 3116 4409 καὶ
3163 4358 3197 4426 ἡ
3238 4357 3491 4410 αὐθεντία
3539 4358 3635 4410 τοῦ
3667 4358 4018 4428 Πνεύματος,

2439 4453 2532 4504 καὶ
2563 4454 2595 4518 ἡ
2638 4452 2942 4521 ἀδιαίρετος
2998 4450 3159 4521 φύσις
3191 4453 3289 4520 τῆς
3346 4452 3534 4521 θεῖκῆς
3571 4454 3927 4516 ὑποστάσεως
3956 4456 4017 4505 ἐν

769 4541 952 4609 φησίν.
988 4536 1121 4591 Εἷπε
1152 4539 1259 4608 γὰρ
1283 4539 1366 4590 δτι
1389 4537 1767 4605 ἠκολούθησαν
1816 4535 1990 4604 αὐτῷ,
2017 4534 2111 4586 καὶ
2145 4534 2332 4604 Μαρία
2366 4523 2408 4575 Ῑ)
2441 4542 2647 4612 Παλαιᾷ
2684 4542 2775 4595 καὶ
2808 4543 2923 4612 Νέᾳ
2953 4542 3163 4612 δειχθῇ,
3217 4543 3346 4612 μίαν
3379 4544 3486 4595 τῶν
3514 4544 3672 4596 οείων
3712 4544 3889 4611 λόγων
3921 4548 4021 4614 ὲρ-

767 4635 800 4701 ἡ
838 4634 1017 4701 μήτηρ
1044 4631 1139 4684 τοῦ
1177 4631 1375 4699 Ἰησοῦ.
1452 4630 1574 4692 Πῶς
1623 4628 1720 4683 οὐν
1748 4629 1919 4695 λέγει,
1968 4628 2050 4679 ὅτι
2091 4646 2110 4678 ‹
2140 4629 2232 4689 Εἰς
2270 4628 2338 4679 τά

770 4724 881 4775 ῐδια
941 4722 1133 4775 ἐλαϐεν
1188 4722 1358 4791 αὐτὴν
1392 4739 1410 4771 ι
1458 4722 1621 4784 τότες
1673 4721 1843 4773 Πάλιν
1885 4720 1942 4772 δέ
1985 4719 2186 4780 αὐτοὺς
2216 4736 2338 4770 συν-

772 4814 993 4879 αγαγὼν
1026 4812 1201 4874 οὕτως
1230 4809 1463 4882 [ἐκείνη]
1517 4810 1751 4880 κατῆλθε
1779 4811 1878 4862 καὶ
1910 4811 2008 4862 σὺν
2042 4812 2153 4873 τοῖς
2185 4808 2339 4861 ἁδελ-

771 4913 892 4971 ωοίς
927 4910 1115 4962 αὐτοῦ.

860 5000 948 5061 Ὠς
983 5000 1183 5070 θερμὸς
1231 4999 1327 5052 καὶ
1372 4999 1451 5063 ὡς
1500 4999 1814 5061 πιστευθεὶς
1846 4998 1938 5051 τοῦ
1968 4996 2205 5067 Χριστοῦ
2244 4998 2341 5067 τὴν

778 5087 1032 5155 ποίμνην,
1059 5090 1153 5139 καὶ
1194 5087 1270 5150 ὼς
1328 5089 1723 5159 προτιμότερος
1758 5090 1844 5141 ἀεὶ
1871 5090 2100 5157 ἄρχεται
2132 5089 2225 5140 τοῦ
2258 5088 2343 5140 λό-

778 5192 896 5241 γου,
928 5179 1028 5246 τὴν
1060 5178 1451 5247 ἀναπλήρωσιν
1485 5180 1593 5231 τῶν
1625 5184 1681 5231 ἐν
1714 5179 1791 5248 τῷ
1812 5180 1983 5231 Δαϐὶδ
2041 5180 2345 5251 εἰρημένων

781 5267 1125 5333 ποιούμενος.
1151 5270 1210 5320 EE
1241 5272 1348 5337 γὰρ
1380 5271 1408 5321 ὁ
1438 5270 1570 5332 Θεὸς
1589 5270 1855 5338 ἀδελφοὺς
1886 5270 2134 5333 ἐκάλεσε,
2165 5268 2344 5339 πολλῷ

783 5358 981 5425 μᾶλλον
1015 5355 1166 5422 οὗτος
1202 5361 1506 5430 παρόντων.
1545 5362 1759 5431 κλῆρον
1790 5362 1845 5413 δέ
1883 5364 2045 5414 αὐτὸν
2070 5362 2344 5431 πανταχοῦ

785 5451 956 5511 καλεῖ,
993 5449 1202 5513 δεικνὺς
1230 5454 1327 5521 τῆς
1356 5451 1448 5502 τοῦ
1493 5451 1629 5503 Θεοῦ
1664 5455 1888 5522 χάριτος
1936 5453 1995 5504 τὸ
2023 5454 2128 5504 πᾶν
2156 5452 2212 5505 ὃν
2255 5455 2347 5504 καὶ

782 5541 881 5609 τῆς
912 5542 1163 5610 ἐκλογῆς,
1214 5547 1309 5595 καὶ
1341 5544 1773 5613 ἀναμιμνήσκων
1829 5546 2025 5605 αὐτοὺς
2080 5545 2191 5597 τῶν
2243 5562 2350 5597 πα-

781 5634 970 5693 λαιῶν,
1024 5637 1101 5686 ὅτι
1139 5638 1165 5686 ὁ
1196 5638 1324 5695 Θεὸς
1369 5638 1529 5688 αὐτὸν
1566 5638 1934 5705 ἐκληρώσατο,
1970 5637 2218 5707 καθάπερ
2257 5640 2351 5691 καὶ

785 5722 935 5793 τ[οὺς
969 5726 1222 5794 Λευιῖτας
1250 5743 1263 5755 ·
1303 5727 1383 5778 ὅτι
1416 5730 1443 5779 ὁ
1474 5730 1572 5796 τῆς
1613 5730 1901 5798 προδοσίας
1947 5730 2157 5798 μισθὸς,
2190 5732 2349 5793 αὐτὸς

788 5815 880 5863 καὶ
913 5814 1010 5882 τῆς
1036 5817 1302 5885 τιμωρίας
1337 5819 1525 5885 γέγονε
1559 5821 1749 5888 κῆρυξ.

2438 4634 2748 4703 γαζομένην
2797 4634 2895 4705 τήν
2954 4636 3294 4704 συμφωνίαν.
3327 4636 3539 4704 Ὥσπερ
3585 4636 3692 4706 γὰρ
3742 4638 3769 4687 6
3820 4638 4022 4709 Σωτὴρ

2444 4726 2653 4793 μέλλων
2674 4727 2735 4779 τὸ
2763 4728 2919 4793 ἅγιον
2976 4727 3149 4789 πάθος
3207 4728 3509 4789 ἐπιτελεῖν,
3552 4731 3654 4780 οὐκ
3696 4730 3921 4797 ἠνέχετο
3960 4732 4026 4782 ἐν

2441 4816 2585 4886 ἄλλῳ
2615 4818 2792 4886 καιρῷ
2845 4818 3037 4870 ἑαυτὸν
3083 4818 3333 4871 ἐκδοῦναι
3381 4819 3461 4889 τῷ
3499 4821 3681 4881 πάθει,
3727 4821 3759 4888 ἢ
3807 4822 3932 4872 καθ’
3960 4823 4025 4873 ὃν

2445 4910 2653 4977 καιρὸν
2665 4908 2853 4962 ἐθύετο
2882 4909 3174 4980 πρόϐατον.

2515 5001 2711 5062 Καλῶς
2765 5000 2845 5065 τὸ,
2881 5019 2900 5051 ι
2959 5001 3049 5063 Ἐξ
3101 5001 3358 5071 οὐρανοῦ,
3409 5019 3426 5050 ι
3456 5002 3643 5068 ἐπειδὴ
3688 5004 3783 5052 καὶ
3831 5002 3955 5054 τότε
3988 5006 4023 5070 ἡ

2445 5094 2635 5165 πρώτη
2669 5095 2819 5163 φωνὴ
2846 5093 2941 5146 τοῦ
3000 5095 3135 5147 Θεοῦ
3189 5097 3245 5146 ἐν
3274 5094 3350 5163 τῷ
3402 5095 3516 5163 ὄρει
3545 5095 3610 5145 ἐκ
3656 5095 3748 5146 τοῦ
3789 5097 4027 5161 οὐρανοῦ

2446 5187 2682 5253 ἐγένετο,
2718 5189 2810 5238 καὶ
2864 5187 2985 5238 τότε
3027 5182 3189 5255 ἦλθεν
3240 5189 3318 5248 εἰς
3374 5187 3435 5238 τὸ
3484 5187 3608 5254 δρος
3648 5186 3706 5237 τὸ
3757 5188 3908 5247 Σινὰ,
3951 5189 4028 5245 ῶς

2452 5281 2724 5349 μαρτυρεῖ
2760 5280 3000 5345 Μωῦσῆς
3023 5277 3194 5344 λέγων
3215 5295 3230 5309 ο
3282 5297 3300 5327 ι
3356 5279 3446 5329 Ἐκ
3479 5278 3569 5330 105
3596 5278 3826 5345 οὐρανοῦ
3859 5283 4029 5329 ἀκου-

2452 5368 2550 5431 στὴ
2579 5368 2844 5434 ἐγένετοή
2884 5366 3033 5434 φωνὴ
3098 5366 3285 5427 αὐτοῦ,
3346 5367 3440 5417 καὶ
3496 5367 3663 5430 ἔδειξέ
3713 5383 3793 5417 σοι
3826 5370 3884 5418 τὸ
3914 5369 4029 5433 πῦρ

2450 5457 2615 5510 αὐτοῦ
2650 5460 2708 5509 τὸ
2746 5460 2907 5526 μέγα.
2949 5478 2965 5508 ι
3012 5458 3170 5509 Οὕτω
3230 5459 3325 5511 καὶ
3382 5459 3508 5519 νῦν,
3550 5461 3769 5528 πρῶτον
3826 5461 4029 5528 ἔρρηξε

2452 5552 2656 5619 φωνὴν,
2682 5550 2775 5601 καὶ
2805 5550 2923 5601 τότε
2950 5552 3008 5601 τὸ
3041 5550 3149 5614 πῦρ
3194 5553 3388 5619 ἐφάνη.
3432 5552 3529 5602 Διὰ
3584 5550 3637 5601 τί
3666 5568 3680 5609 ;
3718 5552 3831 5602 Ἰνα
3878 5555 3971 5602 καὶ
3994 5554 4031 5620 ἠ

2450 5640 2655 5708 ἀρχαία
2687 5639 2807 5706 ὄψις
2832 5640 2981 5709 δείξῃ
3008 5640 3097 5691 τὸν
3119 5641 3281 5691 αὐτὸν
3310 5642 3464 5701 Θεὸν,
3499 5641 3589 5690 καὶ
3621 5642 3766 5694 τότε,
3799 5640 3896 5690 καὶ
3933 5640 4032 5690 νῦν

2454 5734 2903 5799 ἐπιφοιτήσαντα.
2975 5732 3167 5792 Καλῶς
3224 5730 3499 5798 πανταχοῦ
3543 5732 3620 5789 τὸ,
3669 5750 3686 5778 ι
3738 5732 3846 5792 Ὡς,
3892 5752 3906 5780 ι
3942 5733 4031 5781 ἵνα

2468 5824 2631 5891 μηδὲν
2664 5825 2921 5892 αἰσθητὸν
2951 5832 3077 5892 περὶ
3129 5822 3223 5874 τοῦ
3281 5824 3593 5892 ιινεύματος
3623 5825 3881 5892 νομίσῃς,
3943 5827 4034 5874 καὶ
