4164 6444
127 411 275 480 1065

1006 413 1534 475 EXPOSITIONIS
1573 411 1647 472 IN
1691 414 1874 472 ACTA
1910 413 2205 475 TEXTUS
2247 419 2592 482 TERTIUS.

3266 415 3399 483 1006

140 543 161 578 ι
211 528 367 578 Ὠσεὶ
406 529 590 595 πνοῆς,
631 547 648 578 ι
678 527 775 579 οὐκ
798 527 904 595 ἄρα
931 527 1130 594 ἄνεμος
1159 521 1247 593 ἦν.
1273 543 1290 574 ι
1327 522 1466 578 ’ωτι
1497 523 1716 592 πυρός.»
1756 529 1797 582 Α
1831 526 1972 589 στὸν,
2011 527 2092 580 ὅτι
2123 529 2325 592 ἐκεῖνος
2380 530 2745 597 ἐπηγγείλατο
2785 531 2952 584 ταῦτα
2982 532 3122 601 μετὰ
3145 533 3204 584 τὸ
3234 547 3399 585 σταυ-

139 617 274 670 ⁶οτε
311 619 416 690 μὲν
444 619 549 689 γάρ
582 618 691 686 Υἱῷ
714 618 1020 686 γνωσθῆναι
1048 617 1150 668 ἔδει
1193 617 1253 667 τὸ
1291 613 1530 683 Πνεῦμα,
1558 617 1632 676 ὼς
1663 616 1720 666 ἐν

141 709 274 761 εῖδει
304 711 644 779 περιστερᾶς
690 705 852 778 ἦλθεν
899 709 993 760 ἐπὶ
1042 707 1141 777 τὴν
1194 706 1436 774 κεφαλὴν
1467 707 1560 758 τοῦ
1590 708 1722 776 Χρι-

143 803 270 855 στοῦ
292 819 307 831 ⁸
335 804 434 856 νῦν
460 805 517 857 δέ
565 805 654 857 ὅτε
691 804 892 874 πλῆθος
929 803 1052 856 ὅλον
1091 803 1496 872 ἐπιστραφῆναι
1531 802 1716 873 ἐχρῆν,

147 913 165 944 ι
192 895 330 948 ὡσεὶ
366 897 560 965 πυρός.
603 915 620 948 ι

211 987 289 1038 Τὸ
324 986 550 1038 καθίσαι
611 985 709 1038 τοῦ
740 986 961 1054 ἐδραίου
1014 987 1130 1038 ἐστὶ
1169 987 1536 1054 σημαντικόν·
1575 985 1722 1053 Παρ-

145 1080 387 1145 ἑμεινεν,
449 1078 918 1132 Ἐπανεπαύσατο.
975 1079 1119 1148 Ἀρα
1180 1077 1274 1129 ἐπὶ
1323 1077 1452 1136 τοὺς
1509 1074 1720 1128 δώδεκα

143 1166 308 1236 ἦλθεν
333 1188 349 1233 ;
380 1172 536 1240 Οὐχὶ,
565 1171 681 1222 ἀλλ’
703 1171 793 1222 ἐπὶ
847 1170 976 1233 τοὺς
1016 1169 1212 1222 ἐκατὸν
1257 1166 1492 1220 εἴκοσιν·
1525 1167 1586 1219 ού
1614 1165 1722 1236 γὰρ

145 1263 209 1313 ἂν
233 1262 424 1322 ἁπλῶς
446 1265 736 1330 παρήγαγε
782 1261 882 1330 τήν
915 1259 1225 1330 μαρτυρίαν
1255 1257 1350 1311 τοῦ
1386 1259 1662 1326 προφήτου
1694 1258 1722 1308 ό

148 1353 356 1422 Πέτρος
383 1351 592 1419 λέγων’
632 1371 651 1402 ε
711 1351 918 1420 Ἐκχεῶ
967 1350 1075 1404 ἀπὸ
1126 1348 1444 1417 Πνεύματός
1498 1365 1598 1417 μου
1629 1347 1722 1400 ἐπὶ

149 1446 330 1496 πᾶσαν
358 1443 559 1512 σάρκα,
605 1461 624 1493 ι
661 1444 754 1494 καὶ
781 1443 849 1494 τά
896 1441 1045 1510 ἑξῆς.
1075 1440 1230 1502 Τίνος
1263 1440 1446 1491 ἒνεκεν
1476 1439 1584 1509 πρὸ
1612 1438 1722 1489 τῶν

145 1533 320 1584 ἄλλων
352 1531 712 1600 χαρισμάτων
759 1533 820 1582 τὸ
853 1530 960 1582 τῶν
991 1529 1250 1597 γλωσσῶν
1288 1527 1477 1582 ἔλαϐον
1514 1529 1562 1579 οἱ
1589 1526 1723 1579 ἀπό-

149 1624 358 1685 στολοις
399 1619 620 1690 Ἐπειδὴ
659 1619 938 1689 πανταχοῦ
977 1618 1286 1688 διέρχεσθαι
1319 1618 1576 1689 ῆμελλον.
1613 1617 1722 1670 Καὶ

146 1715 334 1782 ὥσπερ
358 1715 417 1765 ἐν
437 1713 514 1781 τῷ
548 1712 726 1783 καιρῷ
753 1714 848 1774 τῆς
885 1712 1248 1781 πυργοποιίας
1278 1715 1310 1781 ή
1361 1711 1458 1781 μία
1499 1710 1720 1778 γλῶσσα

146 1808 223 1869 εἰς
256 1806 465 1868 πολλὰς
483 1806 760 1874 διενέμετο
778 1843 794 1868 ,
818 1805 960 1857 οὕτω
979 1805 1101 1856 τότε
1144 1804 1201 1854 αἱ
1232 1803 1422 1854 πολλαὶ
1481 1801 1721 1868 γλῶσσαι

1835 613 2091 681 ρωθῆναι.
2114 612 2188 668 Ἶι
2212 618 2318 688 γὰρ
2345 618 2413 671 ἄν
2439 618 2617 671 πάντα
2635 622 2732 673 ἀνέ
2744 620 2952 689 τρεψεν.

1903 705 2038 758 Οὔτε
2063 707 2217 776 ήμῶν
2251 709 2309 759 τὸ
2342 709 2674 780 κατόρθωμα
2719 709 2904 776 τοῦτος
2933 710 3054 765 οὔτε
3096 713 3395 784 ἐγκώμιον,

1831 797 1908 858 εἰς
1939 797 2004 849 τὰ
2039 797 2228 850 παιδία
2254 798 2321 850 τὰ
2351 800 2593 870 ἡμέτερα
2621 801 2771 871 διέϐη
2805 803 2836 870 ή
2869 804 3049 872 χάρις,
3089 807 3190 873 ή...
3232 807 3396 870 οὺς...

1829 889 1966 956 αὐτὴ
1996 889 2177 942 αὐτῶν
2200 890 2374 953 καλεῖ,
2406 892 2500 943 καὶ
2525 893 2649 953 τοὺς
2674 893 2915 964 πατέρας
2947 895 3206 958 ἐκείνους.

1901 981 2085 1034 Ταῦτα
2137 985 2226 1036 καὶ
2285 986 2413 1054 περὶ
2471 985 2768 1056 μελλούσης
2831 990 3082 1057 κρίσεως,
3136 992 3398 1062 καὶπερὶ

1830 1071 1938 1122 τῶν
1977 1071 2362 1145 Ἰεροσολύμων
2413 1078 2570 1146 φησι,
2616 1080 2708 1132 καὶ
2765 1081 2863 1149 τῆς
2892 1083 3305 1151 αἰχμαλωσίας·
3363 1089 3396 1156 ἢ

1831 1163 1900 1214 τὰ
1964 1165 2305 1234 γενησόμενα
2375 1170 2466 1220 ἐπὶ
2537 1170 2614 1239 τῷ
2673 1173 2894 1243 σταυρῷ
2964 1175 3060 1226 τοῦ
3131 1177 3397 1246 Χριστοῦ.

1839 1274 1856 1304 ι
1907 1255 2148 1327 Ἢμέραν
2202 1259 2260 1310 δὲ
2349 1261 2590 1330 ἐπιφανῆ
2660 1281 2678 1314 ι
2737 1265 2836 1336 τὴν
2894 1267 2991 1336 τῆς
3051 1267 3402 1335 ἀναστάσεως

1833 1344 2000 1411 λέγει.

1905 1438 2098 1490 Πολλοί¹
2127 1441 2402 1508 ἐνόμισαν,
2441 1441 2523 1495 ὅτι
2561 1437 2702 1514 αἷμα
2735 1447 2976 1516 περὶτῆς
2999 1451 3228 1520 σελήνης
3251 1449 3396 1516 εἷπε,

1832 1529 1925 1580 καὶ
1964 1531 2024 1582 οὐ
2059 1531 2186 1600 περὶ
2214 1533 2314 1602 τῆς
2336 1535 2594 1605 πλευρᾶς.
2654 1531 2804 1606 Αἷμα
2833 1539 2886 1592 δὲ
2923 1541 3088 1608 λέγει,
3126 1541 3400 1614 δέξέχεαν

1830 1619 1880 1672 οἱ
1899 1620 2140 1674 Ἰουδαῖοι
2181 1625 2275 1676 καὶ
2303 1627 2426 1677 καθ’
2453 1629 2659 1682 ἑαυτῶν
2686 1631 3086 1695 ἐπεσπάσαντο,
3126 1635 3396 1702 λέγοντεςο

1839 1713 1955 1764 ε’Τί
1997 1713 2250 1782 βούλεσθε
2309 1719 2607 1786 ἐπαγαγεῖν
2658 1723 2718 1774 τὸ
2768 1719 2909 1793 αἷμα
2967 1724 3062 1778 τοῦ
3111 1728 3399 1800 ἀνθρώπου

1830 1803 2020 1856 τούτου
2055 1806 2139 1873 ἐφ’
2166 1809 2312 1876 ἡμᾶς
2337 1826 2350 1868 ;
2403 1831 2421 1861 ο

149 1899 411 1960 πολλάκις
441 1899 519 1959 εἰς
544 1898 640 1948 ἐνα
674 1897 961 1965 ἄνθρωπον
984 1891 1158 1963 ἦσαν’
1208 1895 1302 1946 καὶ
1336 1893 1497 1954 αὐτὸς
1534 1894 1626 1945 καὶ
1659 1894 1723 1962 τῇ
1763 1885 1800 1936 Β
1900 1895 2010 1965 Οὐχ
2039 1897 2242 1962 ἁπλῶς.
2279 1919 2296 1950 ι
2337 1902 2410 1954 Οὐ
2451 1903 2558 1972 γὰρ
2605 1906 2711 1968 πᾶς
2759 1908 2787 1960 ό
2833 1907 3004 1978 λέγων
3046 1930 3170 1981 μοι’
3203 1915 3398 1983 Κύριε,

153 1990 396 2056 Περσῶν,
451 1988 548 2039 καὶ
601 1990 672 2056 τῇ
753 1985 950 2049 Ἰνδῶν,
1007 1985 1102 2036 καὶ
1141 1986 1204 2053 τῇ
1271 1983 1579 2050 Ῥωμαίων,
1626 1985 1720 2035 καὶ

145 2083 231 2133 ἑτέ
241 2097 365 2148 ραις
386 2078 607 2141 πολλαῖς
632 2077 906 2144 διελέγετο
931 2073 1203 2144 γλώσσαις
1230 2091 1242 2102 ·
1277 2075 1451 2128 καὶτὸ
1473 2075 1720 2147 χάρισμα

150 2171 400 2222 ἐκαλεῖτο
421 2171 666 2239 χάρισμα
701 2167 984 2236 γλωσσῶν.

216 2262 290 2312 Τὸ
313 2263 592 2313 κατοικεῖν
641 2261 922 2322 εὐλαϐείας
955 2255 1023 2329 ῆν
1044 2261 1288 2329 σημεῖον,
1311 2257 1418 2310 ἀπὸ
1454 2259 1722 2310 τοσούτων

154 2353 318 2404 ἐθνῶν
361 2354 627 2422 πατρίδας
675 2352 935 2419 ἀφέντας,
967 2352 1060 2401 καλ⁵
1079 2351 1332 2410 οἰκείους,
1379 2350 1494 2399 ἐκεῖ
1538 2365 1722 2400 κατοι-

155 2447 285 2496 κεῖν.
331 2442 554 2512 Ἐπειδὴ
606 2442 714 2511 γὰρ
766 2443 822 2494 ἐν
861 2443 1006 2510 οἰκίᾳ
1061 2440 1276 2507 ἐγένετο
1321 2441 1382 2492 τὸ
1407 2440 1720 2507 γενόμενον,

155 2535 376 2596 εἰκότως
413 2532 611 2597 ἔξωθεν
643 2531 996 2601 συνέδραμον.
1025 2549 1042 2582 ι
1077 2531 1150 2582 Τὸ
1189 2530 1390 2598 πλῆθος
1423 2527 1718 2598 συνεχύθη»

156 2627 240 2678 διὰ
271 2627 365 2677 τὸν
389 2625 580 2693 φόϐον,
608 2625 702 2677 καὶ
755 2623 840 2675 ἵνα
891 2622 1035 2692 δείξῃ
1070 2624 1150 2675 ὅτι
1188 2622 1286 2691 τὴν
1328 2621 1585 2688 σύγχυσιν
1613 2620 1725 2687 είρ·

158 2721 361 2782 γάσατο
390 2719 418 2770 ὁ
442 2717 605 2784 φόϐος
657 2715 838 2768 καὶτὸ
879 2715 1028 2778 ξένον
1080 2714 1173 2766 τοῦ
1219 2713 1509 2780 Θεάματος,
1541 2711 1718 2777 λέγει·

158 2809 537 2879 Συνεχύίῗθλάν
582 2808 661 2877 τῷ
717 2808 887 2876 φόϐῳ.
935 2807 1125 2860 Ἔστιν
1164 2801 1725 2873 οὖν’σύγχυσις,’ήτοι

161 2903 348 2954 στάσιν
386 2900 754 2970 ἐργαζομένη.
788 2900 957 2950 Ὅταν
985 2898 1189 2968 συγχέῃ
1217 2913 1275 2948 σε
1323 2898 1350 2947 ὀ
1373 2894 1536 2962 φόϐος
1566 2893 1722 2957 Θεοῦ,

159 2997 234 3058 είς
260 2995 558 3058 κατάνυξιν
603 2995 779 3062 φέρει.
813 2991 1142 3060 Συνεχύθης,
1176 2990 1264 3042 διὰ
1294 2990 1392 3058 τὴν
1424 2989 1726 3056 συνείδησιν

157 3089 262 3138 τῶν
293 3086 742 3156 ἁμαρτημάτωνο
773 3084 1062 3156 κατέστης,
1109 3082 1199 3134 διά
1247 3082 1346 3151 τὴν
1399 3080 1586 3132 ἐλπίδα
1626 3079 1726 3147 τῆς

163 3180 472 3249 μετανοίας.

229 3228 664 3338 -ἀπλῶς
697 3267 942 3332 ἐλάλουν,
979 3267 1114 3319 ἀλλὰ
1142 3269 1263 3320 τινὰ
1289 3266 1578 3334 Θαυμαστὰ
1608 3263 1727 3316 ἕλε·
1759 3228 1800 3284 C

157 3376 270 3429 γον.
303 3361 546 3422 Εἰκότως
597 3361 856 3430 ἠπόρουν,
888 3360 1142 3411 οὐδέποτε
1189 3358 1298 3426 γὰρ
1323 3357 1515 3426 γέγονέ
1541 3362 1730 3410 τιτοι-

156 3451 334 3506 οῦτον.
369 3451 515 3522 Ὀρα
545 3450 966 3521 εὐγνωμοσύνην
998 3447 1321 3518 ἀνθρώπων.

228 3544 294 3596 Ὠ
323 3544 423 3611 τῆς
453 3541 866 3611 ἀναισχυντίαςί
902 3540 1012 3593 Καὶ
1035 3541 1089 3592 τί
1136 3539 1470 3608 θαυμαστὸν,
1502 3539 1635 3590 ὅπου
1668 3553 1729 3604 γε

161 3637 253 3690 καὶ
282 3635 447 3688 αὐτὸν
473 3634 564 3686 τὸν
590 3631 870 3700 Δεσπότην
929 3632 1192 3698 δαίμονας
1237 3629 1564 3682 ἐκϐάλλοντα
1614 3629 1730 3681 δαί-

165 3744 300 3798 μονα
321 3727 571 3792 λέγουσιν
623 3725 807 3792 ἐχεινς
843 3721 1012 3775 Ἔνθα
1046 3720 1154 3790 γάρ
1185 3720 1467 3790 ἰταμότης,
1494 3721 1552 3770 ἐν
1579 3718 1732 3788 ζητεῖ

164 3819 358 3887 μόνον·
417 3817 590 3868 εἰπεῖν
635 3815 717 3867 ὄτι
759 3813 980 3882 δήποτε,
1021 3814 1116 3865 καὶ
1162 3813 1258 3881 οὐχ
1301 3813 1447 3875 ὅπως
1477 3829 1529 3864 τι
1570 3811 1727 3877 λόγου

162 3907 395 3974 πρᾶγμα
428 3904 685 3972 ἐχόμενον
714 3903 909 3956 εἰπεῖν.

226 3997 293 4047 Τί
323 3999 461 4058 ἐστι,
498 4011 516 4043 ι
544 3996 643 4045 σὺν
671 3997 782 4055 τοῖς
809 3992 1036 4058 ἐνδεκα;
1063 4011 1081 4043 ι
1113 3993 1312 4062 Κοινὴν
1338 3993 1730 4061 προεϐάλλοντο

163 4085 365 4154 φωνὴν,
395 4085 488 4137 καὶ
520 4084 734 4136 πάντων
761 4085 890 4137 αὑτὸ
913 4083 978 4156 [Ῑ.
1001 4085 1061 4137 τὸ
1083 4083 1239 4155 αὐτὸ]
1267 4080 1335 4154 ῆν
1358 4084 1554 4153 στόμα.
1587 4087 1732 4154 Παρ-

162 4178 423 4244 εστήκασι
458 4173 513 4226 δὲ
533 4175 582 4226 οἱ
605 4173 796 4226 ἕνδεκα
835 4174 1235 4246 μαρτυροῦντες
1261 4177 1374 4237 τοῖς
1397 4172 1728 4244 λεγομένοις.

165 4265 399 4333 «Ἐπῆρε
427 4265 527 4332 τὴν
557 4264 738 4334 φωνὴν
766 4266 931 4316 αὑτοῦ
957 4282 973 4298 ο
1005 4285 1023 4315 ι
1052 4266 1321 4329 τουτέστι,
1360 4265 1498 4331 μετά
1531 4264 1730 4334 πολλῆς

163 4355 475 4426 παρρησίας
535 4356 630 4406 καὶ
669 4354 869 4416 εὐθέως
926 4355 1032 4407 ἀπὸ
1081 4357 1180 4423 τῆς
1217 4356 1404 4424 φωνῆς
1440 4355 1728 4424 ἐδήλωσεν,

159 4450 240 4500 ὃτι
259 4448 360 4516 οὐχ
390 4447 653 4515 ἑστήκασι
675 4445 926 4513 καθάπερ
951 4450 998 4499 οἱ
1024 4450 1270 4517 μάντεις.

1830 1985 2024 2078 Κύριε,
2067 2007 2085 2036 ι
2120 1989 2253 2042 ἀλλά
2289 1994 2425 2060 μετὰ
2455 1994 2762 2060 διαθέσεως.
2781 1999 2894 2052 Οὐκ
2915 1998 3399 2078 εἷπε,[Πείσθητε,]

1829 2077 1966 2144 ἀλλ’,
2008 2098 2025 2129 ι
2078 2081 2390 2144 Ἀκούσατε,
2431 2086 2568 2157 ὅπερ
2619 2086 2687 2159 ἦν
2741 2092 3066 2162 ἀνεπαχθὲς.
3127 2098 3269 2168 Ὅρα
3316 2101 3397 2164 δὲ,

1832 2168 1948 2229 πῶς
1983 2169 2134 2221 οὐδὲν
2160 2170 2305 2238 λέγει
2343 2174 2449 2226 τῶν
2473 2175 2711 2244 ὑψηλῶν,
2757 2180 2869 2231 ἀλλ’
2900 2183 3008 2235 ἀπὸ
3033 2183 3141 2237 τῶν
3193 2189 3399 2258 σφόδρα

1830 2260 2102 2312 ταπεινῶν
2132 2261 2356 2332 ἄρχεται
2385 2307 2400 2332 ,
2456 2268 2550 2320 καὶ
2583 2268 2702 2321 οὐδὲ
2746 2266 2857 2324 οἷον
2885 2273 2949 2326 ἄν
2969 2293 3053 2337 τις
3097 2277 3239 2331 εἴποι
3271 2283 3400 2350 περὶ

1833 2352 2134 2416 προφήτου,
2165 2352 2280 2402 ἀλλ’
2303 2353 2411 2407 ἀπὸ
2439 2357 2697 2426 πατρίδος
2726 2358 2968 2430 ἄρχεται,
3012 2383 3030 2416 ι
3073 2363 3279 2436 Ἰησοῦν
3305 2370 3397 2423 τὸν

1832 2437 2162 2507 Ναζαραῖον.
2201 2461 2220 2492 ο

1907 2526 2035 2582 Εἶτα
2088 2533 2144 2583 ἐν
2185 2536 2334 2604 μέσῳ
2385 2533 2497 2595 θεὶς
2526 2537 2586 2588 τὸ
2615 2539 2871 2609 τόλμημα
2912 2543 3110 2610 αὐτῶν,
3139 2545 3240 2616 δρα
3281 2550 3398 2607 πῶς

1834 2622 2086 2687 πειρᾶται
2111 2623 2306 2686 αὐτοὺς
2341 2625 2644 2690 ἀπαλλάξαι
2669 2628 2762 2681 τοῦ
2783 2633 3142 2701 ἐγκλήματος.
3169 2657 3186 2687 ι
3210 2638 3271 2690 Εἰ
3290 2641 3398 2711 γὰρ

1833 2713 1929 2763 καὶ
1959 2710 2262 2780 ὡρισμένον
2323 2710 2411 2785 ἦν,
2440 2718 2602 2786 φησίν
2623 2735 2637 2750 ο
2672 2721 2835 2774 ὠδῖνα
2892 2723 3124 2778 θανάτου
3155 2710 3400 2783 κίνδυνον

1831 2803 1865 2870 ἠ
1902 2803 2112 2856 Παλαιά
2142 2821 2293 2874 φησι,
2331 2809 2422 2858 καὶ
2454 2811 2759 2881 συμφοράν.
2805 2813 2862 2865 Ὀ
2906 2815 3110 2870 ὠδίνων
3166 2821 3226 2872 ού
3262 2839 3398 2874 κατ-

1836 2897 1947 2963 έχει
1976 2897 2036 2948 τὸ
2057 2898 2440 2968 κατεχόμενον,
2469 2901 2604 2956 ἀλλὰ
2628 2903 2824 2973 πάσχει
2855 2908 2948 2958 καὶ
2972 2911 3122 2978 ῥῖψαι
3155 2914 3396 2966 σπεύδει.

1833 2983 1907 3038 Εὖ
1955 2989 2011 3040 δέ
2065 2992 2156 3042 καὶ
2198 2989 2347 3042 λύσιν
2403 2992 2608 3046 ὠδίνων
2659 2995 2753 3047 τοῦ
2809 2997 3078 3064 Θανάτου,
3129 3004 3227 3074 τὴν
3271 2995 3402 3060 ἀνά-

1836 3097 1970 3133 στασ
1991 3099 2025 3133 ν
2056 3083 2460 3151 προηγόρευσεν
2486 3083 2551 3155 Π.
2587 3088 2874 3160 προσηγ.],
2920 3091 3106 3162 ῶσπερ
3137 3097 3195 3147 ἐν
3221 3097 3402 3171 κοιλίᾳ

1833 3174 1974 3236 τινὸς
2009 3173 2324 3245 ὼδινούσης,
2356 3179 2499 3246 φημὶ
2528 3179 2591 3249 δὴ
2644 3181 2752 3233 τῶν
2771 3183 2865 3236 τοῦ
2896 3185 3128 3240 θανάτου
3161 3191 3397 3260 δεσμῶν,

1834 3264 1927 3355 καὶ
1959 3265 2067 3316 τῶν
2086 3265 2180 3316 τοῦ
2213 3265 2340 3336 ᾇδου
2389 3269 2576 3337 μυχῶν
2619 3270 2940 3338 ἀναδοῦντος
2990 3277 3054 3346 [Ι.
3085 3281 3398 3355 ἀναδύντος]

1831 3354 1924 3405 τοῦ
1954 3355 2208 3425 Σωτῆρος
2238 3357 2498 3428 Χριστοῦ,
2531 3362 2627 3412 καὶ
2657 3364 3009 3434 προελθόντος
3029 3369 3105 3431 ὡς
3143 3372 3206 3423 ἐκ
3235 3354 3397 3426 ton?

1831 3445 1924 3495 τοῦ
1956 3445 2107 3508 ξένου
2158 3447 2258 3514 τῆς
2310 3449 2678 3512 ἀναστάσεως.
2719 3453 2903 3528 Ταύτῃ
2956 3474 3038 3509 τοι
3068 3461 3161 3512 καὶ
3185 3463 3401 3532 ὠνόμα-

1833 3554 1954 3590 σται
2007 3541 2404 3608 ι-πρωτότοκος
2443 3543 2508 3594 ἐκ
2537 3544 2744 3611 νεκρῶν
2765 3561 2779 3576 ’
2817 3565 2836 3598 ι
2869 3549 3039 3614 οὕτως
3071 3552 3291 3626 ἀνέστη.
3324 3557 3402 3620 ὠς

1834 3631 2029 3696 μηκέτι
2062 3630 2224 3683 πάλιν
2275 3631 2586 3685 ἀποθανεῖν.
2622 3634 2792 3689 Τοῦτο
2824 3639 2933 3707 γάρ
2958 3641 3073 3693 ἐστι
3112 3641 3194 3705 τὸ,
3229 3660 3248 3694 ι
3286 3637 3401 3700 Οὐκ

1829 3713 1897 3788 ἦν
1933 3718 2158 3772 δυνατὸν
2214 3721 2556 3786 κρατεῖσθαι,
2597 3743 2617 3775 ι
2645 3723 2724 3778 ὅτι
2763 3726 2824 3779 οὗ
2864 3729 3019 3799 κοινὴ
3057 3734 3167 3794 τοῖς
3216 3735 3398 3800 ἄλλοις

1831 3810 2051 3876 γέγονεν
2077 3812 2108 3878 ή
2140 3811 2454 3874 ἀνάστασις.

1904 3901 1978 3952 Τὸ
2011 3901 2073 3953 ἐκ
2095 3901 2282 3968 δεξιῶν
2331 3894 2552 3958 ἐστάνάι
2584 3907 2673 3960 τὸν
2723 3909 2942 3981 Πατέρα
2999 3910 3254 3981 λέγεσθαι
3303 3918 3399 3971 τοῦ

1834 3991 1961 4042 Υἱοῦ
1996 3990 2107 4058 νῦν,
2142 3994 2270 4046 ποτὲ
2301 3995 2357 4047 δὲ
2393 3999 2458 4048 ἐκ
2506 3996 2695 4062 δεξιῶν
2726 3999 2817 4052 τοῦ
2874 4003 3084 4073 Πατρὸς
3127 4007 3404 4076 καθῆσθαι

1829 4085 1920 4134 τὸν
1953 4082 2098 4148 Υἱὸν,
2123 4085 2276 4136 οὐδὲν
2303 4085 2536 4156 ἐτέρονῆ
2561 4089 2658 4157 τὴν
2691 4091 2911 4160 ἰσότητα
2931 4096 3062 4162 ἡμῖν
3101 4101 3360 4168 σημαίνει
3383 4118 3400 4136 ⁸

1834 4190 1851 4220 ι
1895 4170 2096 4240 Κύριον
2129 4191 2147 4221 ι
2175 4173 2229 4224 δὲ
2289 4175 2458 4227 αὐτοῦ
2514 4177 2605 4230 τὸν
2641 4180 2860 4250 Πατέρα
2898 4182 3072 4244 καλεῖ,
3105 4185 3194 4247 διά
3235 4204 3297 4256 γε
3340 4192 3402 4242 τὸ

1832 4263 2013 4315 λαϐεῖν
2049 4264 2209 4316 αὑτὸν
2245 4266 2429 4319 δούλου
2471 4272 2714 4340 μορφήν.

1901 4357 1998 4410 Διά
2027 4357 2184 4410 τοῦτο
2208 4362 2501 4431 τριήμερος
2518 4363 2733 4428 ἀνεϐίω,
2761 4365 3060 4420 καθότιοὺκ
3084 4365 3152 4440 ῆν
3174 4371 3399 4427 δυνατὸν

1833 4449 1978 4520 ζωήν
2007 4451 2135 4504 ὄντα
2164 4452 2306 4504 κατὰ
2326 4453 2484 4520 φύσιν
2531 4455 2692 4508 αὑτὸν
2722 4461 2834 4520 τοῖς
2866 4458 2959 4511 τοῦ
3000 4461 3230 4516 θανάτου
3259 4483 3398 4536 κρα-

226 4538 367 4599 Τοὺς
399 4537 578 4600 ξένους
606 4533 760 4591 εἶπεν
807 4540 1108 4607 ἀνώτερονο
1153 4538 1384 4591 ἐνταῦθα
1420 4538 1554 4606 πρὸς
1583 4540 1730 4608 ,ἐκείο
1761 4563 1807 4622 D
1834 4541 2042 4594 τεῖσθαι
2061 4542 2300 4611 δεσμοῖς.
2350 4544 2426 4596 Οὐ
2457 4546 2561 4615 γὰρ
2584 4545 2742 4615 θέμις
2775 4550 2951 4602 εἰπεῖν
2975 4541 3234 4608 δύνασθαι
3261 4533 3396 4626 κρα-

161 4647 284 4694 Vw;
317 4630 485 4682 τείνει
512 4630 604 4682 τὸν
625 4630 802 4697 λόγον,
845 4630 969 4693 τοὺς
1003 4631 1447 4700 διαχλευάζοντας
1469 4646 1485 4665 ο
1520 4634 1612 4684 καί
1642 4633 1729 4684 δο·

163 4721 249 4770 κεῖ
272 4718 375 4787 μὲν
414 4719 654 4781 ἐκείνους
705 4718 769 4790 [Ῑ.
809 4719 1061 4790 ἐκείνοις]
1104 4720 1468 4789 διαλέγεσθαι,
1503 4723 1728 4795 όρθοίδὲ

159 4810 324 4878 τούτη
355 4809 422 4881 [Ῑ.
450 4809 721 4881 τούτους].

228 4902 304 4953 Τὸ
351 4903 411 4954 ἐν
457 4903 617 4974 τρίτῃ
648 4903 766 4972 ὥρα
815 4904 986 4957 ταῦτα
1044 4905 1318 4972 γενέσθαι,
1373 4909 1470 4977 οὐχ
1521 4905 1726 4968 ἀτελῶς.

161 4991 294 5042 Τότε
329 4991 439 5059 γάρ
460 4991 520 5042 τὸ
539 4991 790 5060 λαμπρὸν
829 4991 926 5042 τοῦ
957 4993 1132 5060 φωτὸς
1167 4993 1464 5056 δείκνυται,
1492 4993 1579 5045 ὅτε
1603 4992 1728 5061 περὶ

157 5082 296 5151 ἔργα
323 5081 540 5149 ἔχουσιν
599 5082 650 5134 οἱ
697 5083 996 5150 ἄνθρωποι,
1046 5084 1134 5134 ὅτε
1185 5084 1311 5152 περὶ
1358 5085 1600 5152 ἄριστον,
1639 5083 1726 5134 ὅτε

158 5171 388 5238 λαμπρά
416 5171 448 5238 ή
482 5171 683 5240 ἡμέρα,
714 5170 800 5222 ὅτε
825 5173 1024 5234 πάντες
1057 5169 1146 5222 ἐπ’
1166 5173 1390 5239 ἀγοράς.

242 5261 304 5314 '0
337 5259 430 5314 οῦν
467 5261 554 5314 διὰ
607 5260 701 5313 τοῦ
759 5265 1041 5332 προφήτου
1094 5262 1562 5332 ἐπαγγειλάμενος
1597 5261 1728 5324 Θεὸς

159 5352 398 5422 πέμψειν
423 5352 484 5405 τὸ
517 5352 740 5420 Πνεῦμα
795 5354 960 5406 αὑτοῦ
1024 5354 1116 5406 ἐπὶ
1171 5355 1270 5421 τὴν
1310 5353 1722 5424 ἀνθρωπότητα,

158 5437 313 5505 οὗτος
351 5444 446 5495 καὶ
487 5443 698 5512 ἔπεμψε
721 5461 735 5475 ο
781 5446 875 5496 καὶ
910 5445 938 5495 ό
971 5444 1102 5507 Θεὸς
1144 5445 1250 5496 ἀπὸ
1289 5445 1497 5514 Πέτρου
1522 5434 1728 5512 xum-

157 5537 432 5603 γέλλεται,
465 5539 565 5607 τὴν
591 5537 726 5590 ίδίαν
753 5538 1084 5606 ἐπαγγελίαν
1116 5539 1510 5610 πεπληρωκὼς.

226 5625 480 5696 Οὐδαμοῦ
511 5629 645 5690 τέως
663 5630 832 5698 ὄνομα
868 5631 959 5682 τοῦ
992 5631 1249 5700 Χριστοῦ,
1282 5631 1400 5684 οὐδέ
1428 5631 1726 5698 ἐπαγγελία

159 5720 343 5784 αὐτοῦ,
376 5721 510 5772 ἀλλὰ
538 5721 632 5795 τοῦ
673 5721 983 5790 Πνεύματος
1024 5725 1055 5790 ὴ
1082 5722 1400 5796 ἐπαγγελία.
1435 5722 1578 5790 Ὅρα
1603 5724 1725 5774 σύν-

161 5827 273 5864 εσιν
296 5829 308 5841 ·
342 5812 420 5865 Οὐ
446 5812 712 5882 παρῆλθε,
769 5813 863 5864 καὶ
904 5808 1054 5864 εἶπεν
1079 5814 1276 5876 εὐθέως
1322 5813 1387 5865 τὰ
1417 5813 1558 5866 κατὰ
1591 5814 1723 5881 X9:-

479 5910 753 5969 l’u'nOL.
796 5911 841 5968 Cu
856 5929 915 5968 ιι.
961 5911 1056 5968 CX
1072 5910 1172 5969 XV

1831 4633 2038 4688 τείσθαί
2068 4651 2196 4686 ποτε
2217 4635 2315 4704 τὴν
2335 4635 2630 4690 ἐνωθεῖσαν
2655 4637 2733 4706 τῷ
2750 4640 2908 4710 Λόγῳ
2936 4641 3136 4710 σάρκα,
3168 4646 3398 4716 κάτοχον

1831 4727 1888 4779 δὲ
1923 4727 2112 4789 αὑταῖς
2145 4725 2270 4796 ᾅδου
2306 4726 2502 4790 πύλαις
2522 4728 2620 4798 τὴν
2647 4728 2797 4783 θείαν
2827 4731 3124 4798 γεύσασθαι
3153 4733 3218 4806 [ι’.
3241 4737 3395 4805 γενέ-

1833 4818 2228 4889 σθαι]·ψυχὴν(
2263 4839 2278 4868 ι
2312 4819 2421 4870 Οὐκ
2477 4821 2870 4892 ἐγκατελείφθη
2916 4824 3023 4896 γὰρ
3055 4827 3135 4888 είς
3174 4826 3300 4899 ᾅδου
3323 4844 3337 4858 ο
3371 4849 3389 4880 ι

1830 4911 1972 4962 καθά
2031 4911 2127 4961 καὶ
2186 4911 2215 4961 ό
2265 4909 2551 4974 θεσπέσιος
2614 4911 2720 4983 ἔφη
2778 4915 3006 4985 Πέτρος,
3037 4917 3261 4985 ἀνεϐίωΙ
3285 4920 3395 4988 γὰρ

1834 4999 2132 5062 σκυλεύσας
2178 5001 2270 5052 τὸν
2315 4999 2491 5070 ᾅδην),
2535 5002 2626 5055 καὶ
2690 5023 2706 5054 ι
2743 5009 2853 5069 τοῖς
2883 5008 2939 5058 ἐν
2959 5007 3174 5081 δεσμοῖς
3197 5013 3390 5074 εἰπεῖν,

1845 5092 2149 5157 Ἐξέλθετε’
2192 5096 2284 5144 καὶ
2306 5097 2417 5156 τοῖς
2454 5096 2509 5148 ἐν
2529 5094 2606 5164 τῷ
2636 5097 2835 5163 σκότει,
2880 5100 3338 5174 Ἀνακαλύφθητε.
3372 5127 3387 5154 ι

1834 5185 2008 5251 Ἀπερ
2058 5186 2111 5235 αἱ
2143 5185 2313 5251 ψυχαὶ
2343 5185 2447 5237 τῶν
2470 5187 2690 5239 δικαίων
2738 5189 2876 5256 μετὰ
2929 5191 3020 5243 τοῦ
3060 5193 3310 5262 Σωτῆρος
3332 5197 3393 5246 ἐκ

1829 5276 1936 5328 τῶν
1951 5275 2102 5326 κάτω
2125 5275 2567 5347 χωρίωνέτριψαν
2595 5275 2661 5348 [Ῑ.
2693 5277 2956 5350 ἔπραξαν]
2991 5281 3389 5337 ἀναϐαίνουσαι.

1903 5367 2110 5420 Ἐκεῖνο
2143 5367 2406 5420 διδάσκων
2452 5369 2532 5420 ὅτι
2575 5369 2634 5420 τὸ
2663 5371 2762 5438 τῆς
2811 5371 3226 5442 άνθρωπότητος
3254 5375 3393 5444 ἔχων

1831 5459 2141 5528 πρόσωπον,
2179 5458 2250 5520 ὡς
2283 5460 2404 5511 καθ’
2449 5461 2599 5529 ήμᾶς
2633 5461 2893 5528 γεγονὼς,
2923 5463 3046 5525 τοὺς
3092 5465 3224 5532 ἡμῖν
3257 5468 3392 5533 μᾶλ-

1831 5546 1943 5607 λον,
1974 5547 2069 5597 καὶ
2098 5548 2197 5598 οὐκ
2246 5547 2393 5616 αὑτῷ
2451 5550 2782 5617 πρέποντας,
2817 5550 2953 5602 καθὸ
3000 5555 3201 5606 νοεῖται
3237 5555 3390 5618 Θεὸς,

1829 5632 2010 5701 ἀνίησι
2063 5632 2270 5698 λόγους,
2342 5633 2416 5695 ὡς
2472 5636 2556 5703 ἐφ’
2588 5636 2784 5705 ἐαυτῷ,
2829 5639 2922 5692 καὶ
2971 5639 3184 5707 πρῶτον
3214 5641 3395 5695 καλῶν

1829 5725 1913 5792 ἐφ’
1951 5725 2118 5793 ἡμᾶς,
2178 5726 2273 5791 τὴν
2318 5725 2422 5777 τῶν
2482 5727 2812 5795 οὐρανίων...
2868 5730 2982 5794 ’ἐξιν
3038 5731 3275 5798 ἀγαθῶν.
3324 5735 3388 5784 Ὃ

1829 5815 1934 5883 γὰρ
1994 5814 2170 5884 ἐαυτῷ
2212 5816 2452 5869 δεδόσθαι
2488 5820 2639 5886 φησι,
2668 5821 2733 5888 τῇ
2788 5819 2878 5870 τοῦ
2911 5821 3196 5890 ἀνθρώπου
3225 5823 3384 5892 φύσει
