  <div class='ocr_page' id='page_1' title='image "/cluster/home/n/w/nwhite01/storage/ocr_20150623/125/nnc1.0046979794/558.png"; bbox 0 0 4162 6442; ppageno 0'>
   <div class='ocr_carea' id='block_1_1' title="bbox 209 404 353 471">
    <p class='ocr_par' dir='ltr' id='par_1_1' title="bbox 209 404 353 471">
     <span class='ocr_line' id='line_1_1' title="bbox 209 404 353 471; baseline 0.007 -1"><span class='ocrx_word' id='word_1_1' title='bbox 209 404 353 471; x_wconf 83' lang='lat'>1109</span> 
     </span>
    </p>
   </div>
   <div class='ocr_carea' id='block_1_2' title="bbox 1030 416 2660 494">
    <p class='ocr_par' dir='ltr' id='par_1_2' title="bbox 1030 416 2660 494">
     <span class='ocr_line' id='line_1_2' title="bbox 1030 416 2660 494; baseline 0.01 -17"><span class='ocrx_word' id='word_1_2' title='bbox 1030 416 1568 483; x_wconf 76' lang='lat' dir='ltr'>EXPOSITIONIS</span> <span class='ocrx_word' id='word_1_3' title='bbox 1599 423 1679 485; x_wconf 78' lang='grc' dir='ltr'>ΙΝ</span> <span class='ocrx_word' id='word_1_4' title='bbox 1720 425 1916 486; x_wconf 83' lang='lat' dir='ltr'>ACTA</span> <span class='ocrx_word' id='word_1_5' title='bbox 1955 428 2259 491; x_wconf 85' lang='lat' dir='ltr'>TEXTUS</span> <span class='ocrx_word' id='word_1_6' title='bbox 2299 431 2660 494; x_wconf 79' lang='lat' dir='ltr'>TERTIUS.</span> 
     </span>
    </p>
   </div>
   <div class='ocr_carea' id='block_1_3' title="bbox 3344 425 3480 503">
    <p class='ocr_par' dir='ltr' id='par_1_3' title="bbox 3344 425 3480 503">
     <span class='ocr_line' id='line_1_3' title="bbox 3344 425 3480 503; baseline 0.022 -2"><span class='ocrx_word' id='word_1_7' title='bbox 3344 425 3480 503; x_wconf 83' lang='lat'><strong>1110</strong></span> 
     </span>
    </p>
   </div>
   <div class='ocr_carea' id='block_1_4' title="bbox 206 520 3480 620">
    <p class='ocr_par' dir='ltr' id='par_1_4' title="bbox 206 520 3480 620">
     <span class='ocr_line' id='line_1_4' title="bbox 206 520 3480 620; baseline 0.01 -50"><span class='ocrx_word' id='word_1_8' title='bbox 206 520 455 589; x_wconf 69' lang='grc' dir='ltr'>ἐστησαν</span> <span class='ocrx_word' id='word_1_9' title='bbox 479 520 570 573; x_wconf 83' lang='grc' dir='ltr'>τδν</span> <span class='ocrx_word' id='word_1_10' title='bbox 592 520 776 593; x_wconf 78' lang='grc' dir='ltr'>βωμὸν</span> <span class='ocrx_word' id='word_1_11' title='bbox 806 522 1034 590; x_wconf 87' lang='grc' dir='ltr'>ἐκεῖνον,</span> <span class='ocrx_word' id='word_1_12' title='bbox 1058 528 1468 598; x_wconf 72' lang='grc' dir='ltr'>ἐπιγράψαντες</span> <span class='ocrx_word' id='word_1_13' title='bbox 1492 548 1505 563; x_wconf 91' lang='grc'><strong>·</strong></span> <span class='ocrx_word' id='word_1_14' title='bbox 1534 550 1553 583; x_wconf 79' lang='grc' dir='ltr'>ι</span> <span class='ocrx_word' id='word_1_15' title='bbox 1593 534 1800 601; x_wconf 84' lang='grc' dir='ltr'>Ἀγνώ-</span> <span class='ocrx_word' id='word_1_16' title='bbox 1832 541 1874 595; x_wconf 75' lang='grc' dir='ltr'>Α</span> <span class='ocrx_word' id='word_1_17' title='bbox 1904 534 2043 591; x_wconf 78' lang='grc' dir='ltr'>εἰναι</span> <span class='ocrx_word' id='word_1_18' title='bbox 2080 541 2286 606; x_wconf 82' lang='grc' dir='ltr'>ὅμοιον,</span> <span class='ocrx_word' id='word_1_19' title='bbox 2341 542 2436 593; x_wconf 74' lang='grc' dir='ltr'>καὶ</span> <span class='ocrx_word' id='word_1_20' title='bbox 2470 543 2659 612; x_wconf 85' lang='grc' dir='ltr'>μιαροί</span> <span class='ocrx_word' id='word_1_21' title='bbox 2691 543 2835 607; x_wconf 83' lang='grc' dir='ltr'>ἐστε,</span> <span class='ocrx_word' id='word_1_22' title='bbox 2885 546 3024 601; x_wconf 86' lang='grc' dir='ltr'>ἀλλά</span> <span class='ocrx_word' id='word_1_23' title='bbox 3072 548 3480 620; x_wconf 75' lang='grc' dir='ltr'>ταπεινότερον,</span> 
     </span>
    </p>
   </div>
   <div class='ocr_carea' id='block_1_5' title="bbox 210 612 1795 696">
    <p class='ocr_par' dir='ltr' id='par_1_5' title="bbox 210 612 1795 696">
     <span class='ocr_line' id='line_1_5' title="bbox 210 612 1795 696; baseline 0.009 -32"><span class='ocrx_word' id='word_1_24' title='bbox 210 629 325 681; x_wconf 82' lang='grc' dir='ltr'>στῳ</span> <span class='ocrx_word' id='word_1_25' title='bbox 360 612 469 683; x_wconf 85' lang='grc' dir='ltr'>θεῷ</span> <span class='ocrx_word' id='word_1_26' title='bbox 500 632 513 645; x_wconf 71' lang='grc'><strong><em>⁸</em></strong></span> <span class='ocrx_word' id='word_1_27' title='bbox 566 634 584 666; x_wconf 77' lang='grc' dir='ltr'>ι</span> <span class='ocrx_word' id='word_1_28' title='bbox 617 615 776 670; x_wconf 87' lang='grc' dir='ltr'>τοῦτο</span> <span class='ocrx_word' id='word_1_29' title='bbox 817 617 872 671; x_wconf 84' lang='grc' dir='ltr'>δὲ</span> <span class='ocrx_word' id='word_1_30' title='bbox 918 618 1184 687; x_wconf 74' lang='grc' dir='ltr'>λέγοντες,</span> <span class='ocrx_word' id='word_1_31' title='bbox 1206 622 1284 675; x_wconf 86' lang='grc' dir='ltr'>ὅτι</span> <span class='ocrx_word' id='word_1_32' title='bbox 1304 624 1411 676; x_wconf 82' lang='grc' dir='ltr'>Καὶ</span> <span class='ocrx_word' id='word_1_33' title='bbox 1436 626 1581 689; x_wconf 81' lang='grc' dir='ltr'>είτις</span> <span class='ocrx_word' id='word_1_34' title='bbox 1609 626 1795 696; x_wconf 72' lang='grc' dir='ltr'>ἔτερος</span> 
     </span>
    </p>
   </div>
   <div class='ocr_carea' id='block_1_6' title="bbox 208 705 1791 791">
    <p class='ocr_par' dir='ltr' id='par_1_6' title="bbox 208 705 1791 791">
     <span class='ocr_line' id='line_1_6' title="bbox 208 705 1791 791; baseline 0.01 -34"><span class='ocrx_word' id='word_1_35' title='bbox 208 705 471 773; x_wconf 77' lang='grc' dir='ltr'><strong>ἀγνοοῖτο</strong></span> <span class='ocrx_word' id='word_1_36' title='bbox 525 708 667 775; x_wconf 76' lang='grc' dir='ltr'>θεὸς,</span> <span class='ocrx_word' id='word_1_37' title='bbox 716 714 796 775; x_wconf 88' lang='grc' dir='ltr'>εἰς</span> <span class='ocrx_word' id='word_1_38' title='bbox 848 714 1017 785; x_wconf 75' lang='grc' dir='ltr'>τιμὴν</span> <span class='ocrx_word' id='word_1_39' title='bbox 1087 716 1299 769; x_wconf 80' lang='grc' dir='ltr'>ἐκείνου</span> <span class='ocrx_word' id='word_1_40' title='bbox 1341 714 1495 782; x_wconf 74' lang='grc' dir='ltr'>οὗτος</span> <span class='ocrx_word' id='word_1_41' title='bbox 1543 720 1607 791; x_wconf 80' lang='grc' dir='ltr'>δὴ</span> <span class='ocrx_word' id='word_1_42' title='bbox 1660 723 1791 789; x_wconf 84' lang='grc' dir='ltr'>παρ’</span> 
     </span>
    </p>
   </div>
   <div class='ocr_carea' id='block_1_7' title="bbox 205 797 1787 882">
    <p class='ocr_par' dir='ltr' id='par_1_7' title="bbox 205 797 1787 882">
     <span class='ocr_line' id='line_1_7' title="bbox 205 797 1787 882; baseline 0.011 -33"><span class='ocrx_word' id='word_1_43' title='bbox 205 797 370 866; x_wconf 77' lang='grc' dir='ltr'>ἡμῶν</span> <span class='ocrx_word' id='word_1_44' title='bbox 401 800 712 870; x_wconf 81' lang='grc' dir='ltr'>ἐγηγέρθω,</span> <span class='ocrx_word' id='word_1_45' title='bbox 752 803 827 868; x_wconf 84' lang='grc' dir='ltr'>ὡς</span> <span class='ocrx_word' id='word_1_46' title='bbox 853 804 919 859; x_wconf 83' lang='grc' dir='ltr'>ἂν</span> <span class='ocrx_word' id='word_1_47' title='bbox 948 806 1105 871; x_wconf 78' lang='grc' dir='ltr'>ἵλεως</span> <span class='ocrx_word' id='word_1_48' title='bbox 1137 809 1223 879; x_wconf 79' lang='grc' dir='ltr'>εἴη</span> <span class='ocrx_word' id='word_1_49' title='bbox 1256 814 1410 882; x_wconf 76' lang='grc' dir='ltr'>ἡμῖν,</span> <span class='ocrx_word' id='word_1_50' title='bbox 1438 813 1595 882; x_wconf 78' lang='grc' dir='ltr'>εἰπερ</span> <span class='ocrx_word' id='word_1_51' title='bbox 1620 812 1787 880; x_wconf 82' lang='grc' dir='ltr'>ἀγνο-</span> 
     </span>
    </p>
   </div>
   <div class='ocr_carea' id='block_1_8' title="bbox 205 890 1790 976">
    <p class='ocr_par' dir='ltr' id='par_1_8' title="bbox 205 890 1790 976">
     <span class='ocr_line' id='line_1_8' title="bbox 205 890 1790 976; baseline 0.012 -35"><span class='ocrx_word' id='word_1_52' title='bbox 205 890 449 959; x_wconf 79' lang='grc' dir='ltr'>ούμενος</span> <span class='ocrx_word' id='word_1_53' title='bbox 489 893 568 946; x_wconf 82' lang='grc' dir='ltr'>ὢν</span> <span class='ocrx_word' id='word_1_54' title='bbox 604 896 680 966; x_wconf 82' lang='grc' dir='ltr'>μὴ</span> <span class='ocrx_word' id='word_1_55' title='bbox 709 897 1087 968; x_wconf 75' lang='grc' dir='ltr'>θεραπεύοιτο.</span> <span class='ocrx_word' id='word_1_56' title='bbox 1142 904 1297 958; x_wconf 80' lang='grc' dir='ltr'>Ἔστι</span> <span class='ocrx_word' id='word_1_57' title='bbox 1344 907 1399 960; x_wconf 77' lang='grc' dir='ltr'>δὲ</span> <span class='ocrx_word' id='word_1_58' title='bbox 1431 908 1462 976; x_wconf 79' lang='grc' dir='ltr'><strong>ἡ</strong></span> <span class='ocrx_word' id='word_1_59' title='bbox 1489 908 1636 961; x_wconf 80' lang='grc' dir='ltr'>πᾶσα</span> <span class='ocrx_word' id='word_1_60' title='bbox 1695 907 1790 960; x_wconf 87' lang='grc' dir='ltr'>τοῦ</span> 
     </span>
    </p>
   </div>
   <div class='ocr_carea' id='block_1_9' title="bbox 207 983 1792 1072">
    <p class='ocr_par' dir='ltr' id='par_1_9' title="bbox 207 983 1792 1072">
     <span class='ocr_line' id='line_1_9' title="bbox 207 983 1792 1072; baseline 0.013 -38"><span class='ocrx_word' id='word_1_61' title='bbox 207 983 403 1052; x_wconf 82' lang='grc' dir='ltr'>βωμοῦ</span> <span class='ocrx_word' id='word_1_62' title='bbox 431 988 711 1058; x_wconf 78' lang='grc' dir='ltr'>ἐπιγραφή</span> <span class='ocrx_word' id='word_1_63' title='bbox 740 1006 755 1022; x_wconf 77' lang='grc'><strong>⁸</strong></span> <span class='ocrx_word' id='word_1_64' title='bbox 792 1010 811 1042; x_wconf 76' lang='grc' dir='ltr'>ι</span> <span class='ocrx_word' id='word_1_65' title='bbox 845 992 999 1058; x_wconf 81' lang='grc' dir='ltr'>Θεοῖς</span> <span class='ocrx_word' id='word_1_66' title='bbox 1056 997 1364 1070; x_wconf 54' lang='grc' dir='ltr'>Ἀσίας⁴καὶ</span> <span class='ocrx_word' id='word_1_67' title='bbox 1428 1000 1634 1072; x_wconf 83' lang='grc' dir='ltr'>Λιϐύης</span> <span class='ocrx_word' id='word_1_68' title='bbox 1697 1003 1792 1054; x_wconf 77' lang='grc' dir='ltr'>καὶ</span> 
     </span>
    </p>
   </div>
   <div class='ocr_carea' id='block_1_10' title="bbox 202 1076 1337 1161">
    <p class='ocr_par' dir='ltr' id='par_1_10' title="bbox 202 1076 1337 1161">
     <span class='ocr_line' id='line_1_10' title="bbox 202 1076 1337 1161; baseline 0.016 -35"><span class='ocrx_word' id='word_1_69' title='bbox 202 1076 503 1149; x_wconf 80' lang='grc' dir='ltr'>Εὐρώπης,</span> <span class='ocrx_word' id='word_1_70' title='bbox 539 1080 660 1151; x_wconf 83' lang='grc' dir='ltr'>Θεῷ</span> <span class='ocrx_word' id='word_1_71' title='bbox 693 1082 957 1156; x_wconf 85' lang='grc' dir='ltr'>ἀγνώστῳ</span> <span class='ocrx_word' id='word_1_72' title='bbox 993 1089 1088 1143; x_wconf 83' lang='grc' dir='ltr'>καὶ</span> <span class='ocrx_word' id='word_1_73' title='bbox 1117 1090 1273 1161; x_wconf 81' lang='grc' dir='ltr'>ξένῳ.</span> <span class='ocrx_word' id='word_1_74' title='bbox 1323 1111 1337 1142; x_wconf 81' lang='grc' dir='ltr'>ι</span> 
     </span>
    </p>
   </div>
   <div class='ocr_carea' id='block_1_11' title="bbox 275 1167 1790 1257">
    <p class='ocr_par' dir='ltr' id='par_1_11' title="bbox 275 1167 1790 1257">
     <span class='ocr_line' id='line_1_11' title="bbox 275 1167 1790 1257; baseline 0.012 -36"><span class='ocrx_word' id='word_1_75' title='bbox 275 1171 359 1221; x_wconf 77' lang='grc' dir='ltr'>Οὐ</span> <span class='ocrx_word' id='word_1_76' title='bbox 397 1172 508 1241; x_wconf 84' lang='grc' dir='ltr'>γάρ</span> <span class='ocrx_word' id='word_1_77' title='bbox 550 1167 618 1243; x_wconf 81' lang='grc' dir='ltr'>ῆν</span> <span class='ocrx_word' id='word_1_78' title='bbox 672 1174 897 1229; x_wconf 83' lang='grc' dir='ltr'>δυνατὸν</span> <span class='ocrx_word' id='word_1_79' title='bbox 948 1179 1036 1232; x_wconf 72' lang='grc' dir='ltr'>διά</span> <span class='ocrx_word' id='word_1_80' title='bbox 1076 1182 1173 1251; x_wconf 85' lang='grc' dir='ltr'>τῆς</span> <span class='ocrx_word' id='word_1_81' title='bbox 1216 1184 1442 1257; x_wconf 35' lang='grc' dir='ltr'>ἔξωθεν,</span> <span class='ocrx_word' id='word_1_82' title='bbox 1466 1187 1659 1256; x_wconf 79' lang='grc' dir='ltr'>σοφίας</span> <span class='ocrx_word' id='word_1_83' title='bbox 1691 1190 1790 1257; x_wconf 76' lang='grc' dir='ltr'>τὴν</span> 
     </span>
    </p>
   </div>
   <div class='ocr_carea' id='block_1_12' title="bbox 206 1261 1791 1350">
    <p class='ocr_par' dir='ltr' id='par_1_12' title="bbox 206 1261 1791 1350">
     <span class='ocr_line' id='line_1_12' title="bbox 206 1261 1791 1350; baseline 0.015 -39"><span class='ocrx_word' id='word_1_84' title='bbox 206 1261 504 1330; x_wconf 74' lang='grc' dir='ltr'>ἀκρίϐειαν</span> <span class='ocrx_word' id='word_1_85' title='bbox 528 1264 844 1331; x_wconf 81' lang='grc' dir='ltr'>γινώσκειν.</span> <span class='ocrx_word' id='word_1_86' title='bbox 882 1270 1031 1340; x_wconf 80' lang='grc' dir='ltr'>Αὕτη</span> <span class='ocrx_word' id='word_1_87' title='bbox 1062 1273 1170 1343; x_wconf 83' lang='grc' dir='ltr'>γάρ</span> <span class='ocrx_word' id='word_1_88' title='bbox 1198 1261 1447 1347; x_wconf 59' lang='grc' dir='ltr'>καθάπερ</span> <span class='ocrx_word' id='word_1_89' title='bbox 1491 1296 1576 1341; x_wconf 91' lang='grc' dir='ltr'>τις</span> <span class='ocrx_word' id='word_1_90' title='bbox 1630 1279 1791 1350; x_wconf 87' lang='grc' dir='ltr'>θερα-</span> 
     </span>
    </p>
   </div>
   <div class='ocr_carea' id='block_1_13' title="bbox 202 1357 1791 1437">
    <p class='ocr_par' dir='ltr' id='par_1_13' title="bbox 202 1357 1791 1437">
     <span class='ocr_line' id='line_1_13' title="bbox 202 1357 1791 1437; baseline 0.014 -33"><span class='ocrx_word' id='word_1_91' title='bbox 202 1357 395 1419; x_wconf 71' lang='grc' dir='ltr'>παινὶς</span> <span class='ocrx_word' id='word_1_92' title='bbox 444 1359 772 1430; x_wconf 71' lang='grc' dir='ltr'>ἡτιμωμένη</span> <span class='ocrx_word' id='word_1_93' title='bbox 820 1362 920 1416; x_wconf 74' lang='grc' dir='ltr'>οὐκ</span> <span class='ocrx_word' id='word_1_94' title='bbox 954 1364 1150 1437; x_wconf 71' lang='grc' dir='ltr'>ἀφείθη</span> <span class='ocrx_word' id='word_1_95' title='bbox 1185 1366 1334 1422; x_wconf 92' lang='grc' dir='ltr'>ἔνδον</span> <span class='ocrx_word' id='word_1_96' title='bbox 1374 1370 1657 1437; x_wconf 76' lang='grc' dir='ltr'>εἰσελθεῖν,</span> <span class='ocrx_word' id='word_1_97' title='bbox 1696 1373 1791 1427; x_wconf 79' lang='grc' dir='ltr'>καὶ</span> 
     </span>
    </p>
   </div>
   <div class='ocr_carea' id='block_1_14' title="bbox 204 1446 1792 1533">
    <p class='ocr_par' dir='ltr' id='par_1_14' title="bbox 204 1446 1792 1533">
     <span class='ocr_line' id='line_1_14' title="bbox 204 1446 1792 1533; baseline 0.013 -37"><span class='ocrx_word' id='word_1_98' title='bbox 204 1446 539 1516; x_wconf 69' lang='grc' dir='ltr'>παρακύψαι</span> <span class='ocrx_word' id='word_1_99' title='bbox 565 1450 645 1513; x_wconf 84' lang='grc' dir='ltr'>είς</span> <span class='ocrx_word' id='word_1_100' title='bbox 674 1450 742 1504; x_wconf 82' lang='grc' dir='ltr'>τά</span> <span class='ocrx_word' id='word_1_101' title='bbox 772 1455 1080 1508; x_wconf 85' lang='grc' dir='ltr'>Δεσποτικά</span> <span class='ocrx_word' id='word_1_102' title='bbox 1111 1460 1411 1530; x_wconf 86' lang='grc' dir='ltr'>μυστήρια.</span> <span class='ocrx_word' id='word_1_103' title='bbox 1450 1460 1566 1513; x_wconf 83' lang='grc' dir='ltr'>Ἵνα</span> <span class='ocrx_word' id='word_1_104' title='bbox 1598 1462 1673 1533; x_wconf 82' lang='grc' dir='ltr'>μὴ</span> <span class='ocrx_word' id='word_1_105' title='bbox 1706 1478 1792 1515; x_wconf 81' lang='grc' dir='ltr'>νο·-</span> 
     </span>
    </p>
   </div>
   <div class='ocr_carea' id='block_1_15' title="bbox 205 1538 1789 1607">
    <p class='ocr_par' dir='ltr' id='par_1_15' title="bbox 205 1538 1789 1607">
     <span class='ocr_line' id='line_1_15' title="bbox 205 1538 1789 1607; baseline 0.013 -21"><span class='ocrx_word' id='word_1_106' title='bbox 205 1538 446 1603; x_wconf 79' lang='grc' dir='ltr'>μίσωσιν</span> <span class='ocrx_word' id='word_1_107' title='bbox 498 1540 592 1592; x_wconf 77' lang='grc' dir='ltr'>ἕνα</span> <span class='ocrx_word' id='word_1_108' title='bbox 638 1543 745 1594; x_wconf 84' lang='grc' dir='ltr'>τῶν</span> <span class='ocrx_word' id='word_1_109' title='bbox 781 1543 996 1598; x_wconf 81' lang='grc' dir='ltr'>πολλῶν</span> <span class='ocrx_word' id='word_1_110' title='bbox 1034 1542 1175 1602; x_wconf 78' lang='grc' dir='ltr'>εἶναι</span> <span class='ocrx_word' id='word_1_111' title='bbox 1219 1548 1339 1603; x_wconf 83' lang='grc' dir='ltr'>θεὸν</span> <span class='ocrx_word' id='word_1_112' title='bbox 1373 1551 1463 1603; x_wconf 73' lang='grc' dir='ltr'>τὸν</span> <span class='ocrx_word' id='word_1_113' title='bbox 1497 1553 1589 1605; x_wconf 83' lang='grc' dir='ltr'>ὑπ’</span> <span class='ocrx_word' id='word_1_114' title='bbox 1621 1553 1789 1607; x_wconf 82' lang='grc' dir='ltr'>αὐτοῦ</span> 
     </span>
    </p>
   </div>
   <div class='ocr_carea' id='block_1_16' title="bbox 197 1631 1789 1717">
    <p class='ocr_par' dir='ltr' id='par_1_16' title="bbox 197 1631 1789 1717">
     <span class='ocr_line' id='line_1_16' title="bbox 197 1631 1789 1717; baseline 0.013 -38"><span class='ocrx_word' id='word_1_115' title='bbox 197 1631 634 1699; x_wconf 58' lang='grc' dir='ltr'>κηρυττόμενον,</span> <span class='ocrx_word' id='word_1_116' title='bbox 662 1634 971 1701; x_wconf 83' lang='grc' dir='ltr'>διορθοῦται</span> <span class='ocrx_word' id='word_1_117' title='bbox 1013 1640 1238 1708; x_wconf 87' lang='grc' dir='ltr'>ἐπάγων</span> <span class='ocrx_word' id='word_1_118' title='bbox 1263 1655 1278 1670; x_wconf 73' lang='grc' dir='ltr'><strong>ο</strong></span> <span class='ocrx_word' id='word_1_119' title='bbox 1325 1661 1343 1693; x_wconf 80' lang='grc' dir='ltr'>ι</span> <span class='ocrx_word' id='word_1_120' title='bbox 1368 1644 1483 1697; x_wconf 80' lang='grc' dir='ltr'>Οὐκ</span> <span class='ocrx_word' id='word_1_121' title='bbox 1519 1644 1577 1696; x_wconf 84' lang='grc' dir='ltr'>ἐν</span> <span class='ocrx_word' id='word_1_122' title='bbox 1608 1663 1789 1717; x_wconf 79' lang='grc' dir='ltr'>χειρο·</span> 
     </span>
    </p>
   </div>
   <div class='ocr_carea' id='block_1_17' title="bbox 196 1719 1792 1806">
    <p class='ocr_par' dir='ltr' id='par_1_17' title="bbox 196 1719 1792 1806">
     <span class='ocr_line' id='line_1_17' title="bbox 196 1719 1792 1806; baseline 0.016 -41"><span class='ocrx_word' id='word_1_123' title='bbox 196 1719 457 1785; x_wconf 73' lang='grc' dir='ltr'>ποιήτοις</span> <span class='ocrx_word' id='word_1_124' title='bbox 482 1722 631 1784; x_wconf 81' lang='grc' dir='ltr'>ναοῖς</span> <span class='ocrx_word' id='word_1_125' title='bbox 661 1727 932 1778; x_wconf 81' lang='grc' dir='ltr'>κατοικεῖ.</span> <span class='ocrx_word' id='word_1_126' title='bbox 963 1744 982 1777; x_wconf 73' lang='grc' dir='ltr'>ι</span> <span class='ocrx_word' id='word_1_127' title='bbox 1031 1728 1296 1783; x_wconf 77' lang='grc' dir='ltr'>Ἐνταῦθα</span> <span class='ocrx_word' id='word_1_128' title='bbox 1326 1732 1509 1787; x_wconf 84' lang='grc' dir='ltr'>λοιπὸν</span> <span class='ocrx_word' id='word_1_129' title='bbox 1535 1735 1792 1806; x_wconf 90' lang='grc' dir='ltr'>αἰνιγμα-</span> 
     </span>
    </p>
   </div>
   <div class='ocr_carea' id='block_1_18' title="bbox 202 1805 1792 1897">
    <p class='ocr_par' dir='ltr' id='par_1_18' title="bbox 202 1805 1792 1897">
     <span class='ocr_line' id='line_1_18' title="bbox 202 1805 1792 1897; baseline 0.014 -40"><span class='ocrx_word' id='word_1_130' title='bbox 202 1807 399 1869; x_wconf 85' lang='grc' dir='ltr'>τωδῶς</span> <span class='ocrx_word' id='word_1_131' title='bbox 424 1805 547 1862; x_wconf 84' lang='grc' dir='ltr'>εἶπε</span> <span class='ocrx_word' id='word_1_132' title='bbox 582 1812 641 1865; x_wconf 82' lang='grc' dir='ltr'>τὸ</span> <span class='ocrx_word' id='word_1_133' title='bbox 684 1814 876 1869; x_wconf 78' lang='grc' dir='ltr'>ἑαυτοῦ</span> <span class='ocrx_word' id='word_1_134' title='bbox 915 1818 1009 1872; x_wconf 80' lang='grc' dir='ltr'>καί</span> <span class='ocrx_word' id='word_1_135' title='bbox 1057 1819 1275 1892; x_wconf 88' lang='grc' dir='ltr'>ἔστησε,</span> <span class='ocrx_word' id='word_1_136' title='bbox 1303 1825 1418 1891; x_wconf 75' lang='grc' dir='ltr'>ξκαὶ</span> <span class='ocrx_word' id='word_1_137' title='bbox 1445 1805 1701 1897; x_wconf 84' lang='grc' dir='ltr'>καθαιρεῖ</span> <span class='ocrx_word' id='word_1_138' title='bbox 1731 1828 1792 1880; x_wconf 80' lang='grc' dir='ltr'>τὸ</span> 
     </span>
    </p>
   </div>
   <div class='ocr_carea' id='block_1_19' title="bbox 204 1900 1864 2006">
    <p class='ocr_par' dir='ltr' id='par_1_19' title="bbox 204 1900 1864 2006">
     <span class='ocr_line' id='line_1_19' title="bbox 204 1900 1864 2006; baseline 0.014 -57"><span class='ocrx_word' id='word_1_139' title='bbox 204 1900 460 1954; x_wconf 85' lang='grc' dir='ltr'>ἐκείνων.</span> <span class='ocrx_word' id='word_1_140' title='bbox 499 1904 656 1956; x_wconf 85' lang='grc' dir='ltr'>Οίκεῖ</span> <span class='ocrx_word' id='word_1_141' title='bbox 701 1906 801 1974; x_wconf 82' lang='grc' dir='ltr'>μὲν</span> <span class='ocrx_word' id='word_1_142' title='bbox 832 1908 942 1977; x_wconf 75' lang='grc' dir='ltr'>γάρ</span> <span class='ocrx_word' id='word_1_143' title='bbox 974 1911 1033 1961; x_wconf 91' lang='grc' dir='ltr'>ἐν</span> <span class='ocrx_word' id='word_1_144' title='bbox 1062 1914 1231 1977; x_wconf 75' lang='grc' dir='ltr'>ναοῖς,</span> <span class='ocrx_word' id='word_1_145' title='bbox 1259 1914 1375 1967; x_wconf 86' lang='grc' dir='ltr'>ἀλλ’</span> <span class='ocrx_word' id='word_1_146' title='bbox 1402 1916 1501 1969; x_wconf 87' lang='grc' dir='ltr'>οὐκ</span> <span class='ocrx_word' id='word_1_147' title='bbox 1531 1918 1588 1969; x_wconf 79' lang='grc' dir='ltr'>ἐν</span> <span class='ocrx_word' id='word_1_148' title='bbox 1616 1917 1789 1971; x_wconf 83' lang='grc' dir='ltr'>τοιού·</span> <span class='ocrx_word' id='word_1_149' title='bbox 1816 1945 1864 2006; x_wconf 73' lang='grc' dir='ltr'><strong>Β</strong></span> 
     </span>
    </p>
   </div>
   <div class='ocr_carea' id='block_1_20' title="bbox 196 1993 1788 2081">
    <p class='ocr_par' dir='ltr' id='par_1_20' title="bbox 196 1993 1788 2081">
     <span class='ocr_line' id='line_1_20' title="bbox 196 1993 1788 2081; baseline 0.015 -40"><span class='ocrx_word' id='word_1_150' title='bbox 196 2008 338 2054; x_wconf 79' lang='grc' dir='ltr'>τοις,</span> <span class='ocrx_word' id='word_1_151' title='bbox 370 1993 490 2045; x_wconf 82' lang='grc' dir='ltr'>ἀλλ’</span> <span class='ocrx_word' id='word_1_152' title='bbox 519 1996 578 2047; x_wconf 81' lang='grc' dir='ltr'>ὲν</span> <span class='ocrx_word' id='word_1_153' title='bbox 605 1996 923 2070; x_wconf 82' lang='grc' dir='ltr'>ἀνθρωπίνῃ</span> <span class='ocrx_word' id='word_1_154' title='bbox 972 2000 1142 2073; x_wconf 80' lang='grc' dir='ltr'>ψυχῇ,</span> <span class='ocrx_word' id='word_1_155' title='bbox 1174 2004 1273 2075; x_wconf 80' lang='grc' dir='ltr'>τὴν</span> <span class='ocrx_word' id='word_1_156' title='bbox 1303 2009 1623 2081; x_wconf 80' lang='grc' dir='ltr'>σωματικὴν</span> <span class='ocrx_word' id='word_1_157' title='bbox 1653 2011 1788 2066; x_wconf 86' lang='grc' dir='ltr'>καθ-</span> 
     </span>
    </p>
   </div>
   <div class='ocr_carea' id='block_1_21' title="bbox 198 2084 1788 2171">
    <p class='ocr_par' dir='ltr' id='par_1_21' title="bbox 198 2084 1788 2171">
     <span class='ocr_line' id='line_1_21' title="bbox 198 2084 1788 2171; baseline 0.014 -37"><span class='ocrx_word' id='word_1_158' title='bbox 198 2084 335 2137; x_wconf 81' lang='grc' dir='ltr'>εῖλε.</span> <span class='ocrx_word' id='word_1_159' title='bbox 368 2084 437 2136; x_wconf 86' lang='grc' dir='ltr'>Τί</span> <span class='ocrx_word' id='word_1_160' title='bbox 470 2084 592 2151; x_wconf 79' lang='grc' dir='ltr'>ούν;</span> <span class='ocrx_word' id='word_1_161' title='bbox 619 2088 679 2140; x_wconf 88' lang='grc' dir='ltr'>ού</span> <span class='ocrx_word' id='word_1_162' title='bbox 711 2095 957 2144; x_wconf 81' lang='grc' dir='ltr'>κατοικεῖ</span> <span class='ocrx_word' id='word_1_163' title='bbox 996 2093 1053 2145; x_wconf 91' lang='grc' dir='ltr'>ἐν</span> <span class='ocrx_word' id='word_1_164' title='bbox 1086 2095 1164 2165; x_wconf 86' lang='grc' dir='ltr'>τῷ</span> <span class='ocrx_word' id='word_1_165' title='bbox 1200 2096 1312 2167; x_wconf 88' lang='grc' dir='ltr'>ναῷ</span> <span class='ocrx_word' id='word_1_166' title='bbox 1344 2098 1453 2152; x_wconf 87' lang='grc' dir='ltr'>τῶν</span> <span class='ocrx_word' id='word_1_167' title='bbox 1493 2100 1788 2171; x_wconf 84' lang='grc' dir='ltr'>Ἰεροσολύ-</span> 
     </span>
    </p>
   </div>
   <div class='ocr_carea' id='block_1_22' title="bbox 202 2178 1787 2264">
    <p class='ocr_par' dir='ltr' id='par_1_22' title="bbox 202 2178 1787 2264">
     <span class='ocr_line' id='line_1_22' title="bbox 202 2178 1787 2264; baseline 0.016 -40"><span class='ocrx_word' id='word_1_168' title='bbox 202 2192 322 2243; x_wconf 85' lang='grc' dir='ltr'>μων</span> <span class='ocrx_word' id='word_1_169' title='bbox 348 2192 364 2241; x_wconf 87' lang='grc'><strong>;</strong></span> <span class='ocrx_word' id='word_1_170' title='bbox 422 2178 497 2229; x_wconf 90' lang='grc' dir='ltr'>Ού</span> <span class='ocrx_word' id='word_1_171' title='bbox 551 2178 710 2247; x_wconf 86' lang='grc' dir='ltr'>δῆτα,</span> <span class='ocrx_word' id='word_1_172' title='bbox 744 2181 860 2233; x_wconf 86' lang='grc' dir='ltr'>ἀλλ’</span> <span class='ocrx_word' id='word_1_173' title='bbox 886 2184 1117 2255; x_wconf 88' lang='grc' dir='ltr'>ἐνεργεῖ.</span> <span class='ocrx_word' id='word_1_174' title='bbox 1155 2187 1279 2252; x_wconf 83' lang='grc' dir='ltr'>Πῶς</span> <span class='ocrx_word' id='word_1_175' title='bbox 1306 2186 1399 2244; x_wconf 82' lang='grc' dir='ltr'>οὖν</span> <span class='ocrx_word' id='word_1_176' title='bbox 1420 2193 1787 2264; x_wconf 71' lang='grc' dir='ltr'>ἐθεραπεύετο</span> 
     </span>
    </p>
   </div>
   <div class='ocr_carea' id='block_1_23' title="bbox 197 2265 1789 2354">
    <p class='ocr_par' dir='ltr' id='par_1_23' title="bbox 197 2265 1789 2354">
     <span class='ocr_line' id='line_1_23' title="bbox 197 2265 1789 2354; baseline 0.015 -39"><span class='ocrx_word' id='word_1_177' title='bbox 197 2265 306 2317; x_wconf 78' lang='grc' dir='ltr'>ὑπὸ</span> <span class='ocrx_word' id='word_1_178' title='bbox 349 2268 554 2337; x_wconf 84' lang='grc' dir='ltr'>χειρῶν</span> <span class='ocrx_word' id='word_1_179' title='bbox 600 2271 907 2341; x_wconf 86' lang='grc' dir='ltr'>ἀνθρώπων</span> <span class='ocrx_word' id='word_1_180' title='bbox 968 2278 1119 2348; x_wconf 84' lang='grc' dir='ltr'>παρά</span> <span class='ocrx_word' id='word_1_181' title='bbox 1162 2279 1476 2347; x_wconf 84' lang='grc' dir='ltr'>Ἰουδαίοις;</span> <span class='ocrx_word' id='word_1_182' title='bbox 1528 2284 1639 2354; x_wconf 87' lang='grc' dir='ltr'>Οὐχ</span> <span class='ocrx_word' id='word_1_183' title='bbox 1682 2285 1789 2339; x_wconf 81' lang='grc' dir='ltr'>ὑπὸ</span> 
     </span>
    </p>
   </div>
   <div class='ocr_carea' id='block_1_24' title="bbox 197 2356 1786 2448">
    <p class='ocr_par' dir='ltr' id='par_1_24' title="bbox 197 2356 1786 2448">
     <span class='ocr_line' id='line_1_24' title="bbox 197 2356 1786 2448; baseline 0.018 -44"><span class='ocrx_word' id='word_1_184' title='bbox 197 2356 427 2424; x_wconf 79' lang='grc' dir='ltr'>χειρῶν,</span> <span class='ocrx_word' id='word_1_185' title='bbox 460 2360 576 2412; x_wconf 81' lang='grc' dir='ltr'>ἀλλ’</span> <span class='ocrx_word' id='word_1_186' title='bbox 626 2362 731 2415; x_wconf 85' lang='grc' dir='ltr'>ὑπὸ</span> <span class='ocrx_word' id='word_1_187' title='bbox 768 2365 1031 2431; x_wconf 81' lang='grc' dir='ltr'>διανοίας,</span> <span class='ocrx_word' id='word_1_188' title='bbox 1081 2371 1207 2424; x_wconf 81' lang='grc' dir='ltr'>ἐπεὶ</span> <span class='ocrx_word' id='word_1_189' title='bbox 1236 2373 1421 2429; x_wconf 82' lang='grc' dir='ltr'>ἐκεῖνά</span> <span class='ocrx_word' id='word_1_190' title='bbox 1446 2391 1510 2443; x_wconf 85' lang='grc' dir='ltr'>γε</span> <span class='ocrx_word' id='word_1_191' title='bbox 1538 2377 1638 2430; x_wconf 86' lang='grc' dir='ltr'>ούκ</span> <span class='ocrx_word' id='word_1_192' title='bbox 1657 2378 1786 2448; x_wconf 71' lang='grc' dir='ltr'>ἐζή-</span> 
     </span>
    </p>
   </div>
   <div class='ocr_carea' id='block_1_25' title="bbox 201 2450 1783 2539">
    <p class='ocr_par' dir='ltr' id='par_1_25' title="bbox 201 2450 1783 2539">
     <span class='ocr_line' id='line_1_25' title="bbox 201 2450 1783 2539; baseline 0.016 -42"><span class='ocrx_word' id='word_1_193' title='bbox 201 2450 494 2539; x_wconf 79' lang='grc' dir='ltr'>τειοῦτως</span> <span class='ocrx_word' id='word_1_194' title='bbox 538 2452 615 2515; x_wconf 82' lang='grc' dir='ltr'>ὡς</span> <span class='ocrx_word' id='word_1_195' title='bbox 646 2457 1065 2528; x_wconf 86' lang='grc' dir='ltr'>προσδεόμενος.</span> <span class='ocrx_word' id='word_1_196' title='bbox 1107 2480 1125 2512; x_wconf 80' lang='grc' dir='ltr'>ι</span> <span class='ocrx_word' id='word_1_197' title='bbox 1165 2463 1258 2534; x_wconf 86' lang='grc' dir='ltr'>Μὴ</span> <span class='ocrx_word' id='word_1_198' title='bbox 1302 2467 1588 2538; x_wconf 83' lang='grc' dir='ltr'>φάγωμαι,</span> <span class='ocrx_word' id='word_1_199' title='bbox 1628 2472 1783 2539; x_wconf 78' lang='grc' dir='ltr'>φησί,</span> 
     </span>
    </p>
   </div>
   <div class='ocr_carea' id='block_1_26' title="bbox 202 2538 1409 2621">
    <p class='ocr_par' dir='ltr' id='par_1_26' title="bbox 202 2538 1409 2621">
     <span class='ocr_line' id='line_1_26' title="bbox 202 2538 1409 2621; baseline 0.014 -33"><span class='ocrx_word' id='word_1_200' title='bbox 202 2538 343 2605; x_wconf 83' lang='grc' dir='ltr'>κρέα</span> <span class='ocrx_word' id='word_1_201' title='bbox 367 2539 611 2610; x_wconf 83' lang='grc' dir='ltr'>ταύρων,</span> <span class='ocrx_word' id='word_1_202' title='bbox 640 2543 674 2613; x_wconf 78' lang='grc' dir='ltr'>ἢ</span> <span class='ocrx_word' id='word_1_203' title='bbox 702 2541 845 2613; x_wconf 77' lang='grc' dir='ltr'>αἷμα</span> <span class='ocrx_word' id='word_1_204' title='bbox 864 2546 1082 2617; x_wconf 82' lang='grc' dir='ltr'>τράγων</span> <span class='ocrx_word' id='word_1_205' title='bbox 1106 2550 1318 2621; x_wconf 86' lang='grc' dir='ltr'>πίωμαι</span> <span class='ocrx_word' id='word_1_206' title='bbox 1343 2570 1358 2619; x_wconf 87' lang='lat'>;</span> <span class='ocrx_word' id='word_1_207' title='bbox 1389 2572 1409 2605; x_wconf 74' lang='grc' dir='ltr'>ι</span> 
     </span>
    </p>
   </div>
   <div class='ocr_carea' id='block_1_27' title="bbox 273 2629 1789 2717">
    <p class='ocr_par' dir='ltr' id='par_1_27' title="bbox 273 2629 1789 2717">
     <span class='ocr_line' id='line_1_27' title="bbox 273 2629 1789 2717; baseline 0.016 -37"><span class='ocrx_word' id='word_1_208' title='bbox 273 2629 384 2682; x_wconf 87' lang='grc' dir='ltr'>Δύο</span> <span class='ocrx_word' id='word_1_209' title='bbox 413 2634 691 2703; x_wconf 87' lang='grc' dir='ltr'>τεκμήρια</span> <span class='ocrx_word' id='word_1_210' title='bbox 730 2636 1005 2708; x_wconf 81' lang='grc' dir='ltr'>θεότητος,</span> <span class='ocrx_word' id='word_1_211' title='bbox 1026 2643 1089 2693; x_wconf 85' lang='grc' dir='ltr'>τὸ</span> <span class='ocrx_word' id='word_1_212' title='bbox 1119 2643 1283 2707; x_wconf 83' lang='grc' dir='ltr'>αὐτός</span> <span class='ocrx_word' id='word_1_213' title='bbox 1305 2661 1364 2697; x_wconf 91' lang='grc' dir='ltr'>τε</span> <span class='ocrx_word' id='word_1_214' title='bbox 1414 2648 1644 2717; x_wconf 79' lang='grc' dir='ltr'>μηδενὸς</span> <span class='ocrx_word' id='word_1_215' title='bbox 1682 2650 1789 2704; x_wconf 86' lang='grc' dir='ltr'>δεῖ-</span> 
     </span>
    </p>
   </div>
   <div class='ocr_carea' id='block_1_28' title="bbox 206 2720 1783 2811">
    <p class='ocr_par' dir='ltr' id='par_1_28' title="bbox 206 2720 1783 2811">
     <span class='ocr_line' id='line_1_28' title="bbox 206 2720 1783 2811; baseline 0.015 -41"><span class='ocrx_word' id='word_1_216' title='bbox 206 2720 358 2787; x_wconf 88' lang='grc' dir='ltr'>σθαι,</span> <span class='ocrx_word' id='word_1_217' title='bbox 408 2724 507 2775; x_wconf 75' lang='grc' dir='ltr'>καὶ</span> <span class='ocrx_word' id='word_1_218' title='bbox 559 2726 693 2779; x_wconf 78' lang='grc' dir='ltr'>πᾶσι</span> <span class='ocrx_word' id='word_1_219' title='bbox 743 2730 920 2782; x_wconf 87' lang='grc' dir='ltr'>πάντα</span> <span class='ocrx_word' id='word_1_220' title='bbox 972 2732 1256 2803; x_wconf 85' lang='grc' dir='ltr'>παρέχειν.</span> <span class='ocrx_word' id='word_1_221' title='bbox 1321 2755 1340 2788; x_wconf 79' lang='grc' dir='ltr'>ι</span> <span class='ocrx_word' id='word_1_222' title='bbox 1370 2739 1595 2806; x_wconf 77' lang='grc' dir='ltr'>Διδοῦς,</span> <span class='ocrx_word' id='word_1_223' title='bbox 1627 2745 1783 2811; x_wconf 68' lang='grc' dir='ltr'>φησί,</span> 
     </span>
    </p>
   </div>
   <div class='ocr_carea' id='block_1_29' title="bbox 207 2808 1787 2899">
    <p class='ocr_par' dir='ltr' id='par_1_29' title="bbox 207 2808 1787 2899">
     <span class='ocr_line' id='line_1_29' title="bbox 207 2808 1787 2899; baseline 0.016 -41"><span class='ocrx_word' id='word_1_224' title='bbox 207 2808 357 2876; x_wconf 78' lang='grc' dir='ltr'>ζωὴν</span> <span class='ocrx_word' id='word_1_225' title='bbox 393 2811 491 2862; x_wconf 80' lang='grc' dir='ltr'>καὶ</span> <span class='ocrx_word' id='word_1_226' title='bbox 529 2814 718 2884; x_wconf 77' lang='grc' dir='ltr'>πνοήν.</span> <span class='ocrx_word' id='word_1_227' title='bbox 752 2834 771 2865; x_wconf 73' lang='grc' dir='ltr'>ι</span> <span class='ocrx_word' id='word_1_228' title='bbox 844 2818 976 2871; x_wconf 84' lang='grc' dir='ltr'>Ἰδοὺ</span> <span class='ocrx_word' id='word_1_229' title='bbox 1002 2821 1099 2873; x_wconf 76' lang='grc' dir='ltr'>καὶ</span> <span class='ocrx_word' id='word_1_230' title='bbox 1129 2822 1228 2891; x_wconf 88' lang='grc' dir='ltr'>τῆς</span> <span class='ocrx_word' id='word_1_231' title='bbox 1254 2823 1431 2894; x_wconf 76' lang='grc' dir='ltr'>ψυχῆς</span> <span class='ocrx_word' id='word_1_232' title='bbox 1452 2808 1787 2899; x_wconf 73' lang='grc' dir='ltr'>δημιουργὸν</span> 
     </span>
    </p>
   </div>
   <div class='ocr_carea' id='block_1_30' title="bbox 204 2900 1023 2980">
    <p class='ocr_par' dir='ltr' id='par_1_30' title="bbox 204 2900 1023 2980">
     <span class='ocr_line' id='line_1_30' title="bbox 204 2900 1023 2980; baseline 0.015 -29"><span class='ocrx_word' id='word_1_233' title='bbox 204 2900 370 2953; x_wconf 73' lang='grc' dir='ltr'>αὐτὸν</span> <span class='ocrx_word' id='word_1_234' title='bbox 406 2905 574 2967; x_wconf 87' lang='grc' dir='ltr'>ποιεῖ,</span> <span class='ocrx_word' id='word_1_235' title='bbox 601 2906 662 2957; x_wconf 88' lang='grc' dir='ltr'>ού</span> <span class='ocrx_word' id='word_1_236' title='bbox 702 2910 1023 2980; x_wconf 88' lang='grc' dir='ltr'>γεννήτορα.</span> 
     </span>
    </p>
   </div>
   <div class='ocr_carea' id='block_1_31' title="bbox 272 2993 1786 3080">
    <p class='ocr_par' dir='ltr' id='par_1_31' title="bbox 272 2993 1786 3080">
     <span class='ocr_line' id='line_1_31' title="bbox 272 2993 1786 3080; baseline 0.013 -34"><span class='ocrx_word' id='word_1_237' title='bbox 272 2993 469 3047; x_wconf 85' lang='grc' dir='ltr'>Ταῦτα</span> <span class='ocrx_word' id='word_1_238' title='bbox 500 2997 695 3069; x_wconf 86' lang='grc' dir='ltr'>βελτίῳ</span> <span class='ocrx_word' id='word_1_239' title='bbox 723 3003 971 3068; x_wconf 89' lang='grc' dir='ltr'>ἐκείνων,</span> <span class='ocrx_word' id='word_1_240' title='bbox 1005 3007 1100 3059; x_wconf 80' lang='grc' dir='ltr'>καὶ</span> <span class='ocrx_word' id='word_1_241' title='bbox 1148 3005 1288 3078; x_wconf 77' lang='grc' dir='ltr'>πόση</span> <span class='ocrx_word' id='word_1_242' title='bbox 1333 3012 1637 3080; x_wconf 83' lang='grc' dir='ltr'>κατηγορία</span> <span class='ocrx_word' id='word_1_243' title='bbox 1677 3012 1786 3066; x_wconf 85' lang='grc' dir='ltr'>τῶν</span> 
     </span>
    </p>
   </div>
   <div class='ocr_carea' id='block_1_32' title="bbox 204 3087 1785 3175">
    <p class='ocr_par' dir='ltr' id='par_1_32' title="bbox 204 3087 1785 3175">
     <span class='ocr_line' id='line_1_32' title="bbox 204 3087 1785 3175; baseline 0.013 -39"><span class='ocrx_word' id='word_1_244' title='bbox 204 3102 261 3136; x_wconf 83' lang='grc' dir='ltr'>τε</span> <span class='ocrx_word' id='word_1_245' title='bbox 301 3087 527 3156; x_wconf 80' lang='grc' dir='ltr'>ἀτόμων</span> <span class='ocrx_word' id='word_1_246' title='bbox 556 3094 650 3143; x_wconf 80' lang='grc' dir='ltr'>κα“ι</span> <span class='ocrx_word' id='word_1_247' title='bbox 696 3096 795 3158; x_wconf 78' lang='grc' dir='ltr'>τῆς</span> <span class='ocrx_word' id='word_1_248' title='bbox 834 3093 1007 3163; x_wconf 84' lang='grc' dir='ltr'>ὖλης;</span> <span class='ocrx_word' id='word_1_249' title='bbox 1045 3096 1160 3150; x_wconf 88' lang='grc' dir='ltr'>Ούκ</span> <span class='ocrx_word' id='word_1_250' title='bbox 1197 3099 1277 3151; x_wconf 83' lang='grc' dir='ltr'>ἔτι</span> <span class='ocrx_word' id='word_1_251' title='bbox 1327 3102 1530 3173; x_wconf 84' lang='grc' dir='ltr'>μερικὴ</span> <span class='ocrx_word' id='word_1_252' title='bbox 1569 3105 1601 3173; x_wconf 82' lang='grc' dir='ltr'><strong>ή</strong></span> <span class='ocrx_word' id='word_1_253' title='bbox 1635 3104 1785 3175; x_wconf 80' lang='grc' dir='ltr'>ψυχὴ</span> 
     </span>
    </p>
   </div>
   <div class='ocr_carea' id='block_1_33' title="bbox 208 3177 1783 3260">
    <p class='ocr_par' dir='ltr' id='par_1_33' title="bbox 208 3177 1783 3260">
     <span class='ocr_line' id='line_1_33' title="bbox 208 3177 1783 3260; baseline 0.011 -33"><span class='ocrx_word' id='word_1_254' title='bbox 208 3177 305 3228; x_wconf 86' lang='grc' dir='ltr'>τοῦ</span> <span class='ocrx_word' id='word_1_255' title='bbox 338 3178 653 3246; x_wconf 81' lang='grc' dir='ltr'>ἀνθρώπου,</span> <span class='ocrx_word' id='word_1_256' title='bbox 684 3181 842 3234; x_wconf 90' lang='grc' dir='ltr'>τοῦτο</span> <span class='ocrx_word' id='word_1_257' title='bbox 873 3184 929 3236; x_wconf 77' lang='grc' dir='ltr'>δὲ</span> <span class='ocrx_word' id='word_1_258' title='bbox 972 3184 1074 3238; x_wconf 86' lang='grc' dir='ltr'>ούκ</span> <span class='ocrx_word' id='word_1_259' title='bbox 1100 3186 1217 3239; x_wconf 85' lang='grc' dir='ltr'>ἔστι</span> <span class='ocrx_word' id='word_1_260' title='bbox 1247 3190 1591 3260; x_wconf 85' lang='grc' dir='ltr'>Δημιουργδν</span> <span class='ocrx_word' id='word_1_261' title='bbox 1624 3187 1783 3257; x_wconf 86' lang='grc' dir='ltr'>εἰναι,</span> 
     </span>
    </p>
   </div>
   <div class='ocr_carea' id='block_1_34' title="bbox 1912 631 3481 713">
    <p class='ocr_par' dir='ltr' id='par_1_34' title="bbox 1912 631 3481 713">
     <span class='ocr_line' id='line_1_34' title="bbox 1912 631 3481 713; baseline 0.01 -31"><span class='ocrx_word' id='word_1_262' title='bbox 1912 650 1929 681; x_wconf 80' lang='grc' dir='ltr'>ι</span> <span class='ocrx_word' id='word_1_263' title='bbox 1966 631 2078 683; x_wconf 83' lang='grc' dir='ltr'>οὐκ</span> <span class='ocrx_word' id='word_1_264' title='bbox 2100 631 2388 703; x_wconf 74' lang='grc' dir='ltr'>ὀφείλομεν</span> <span class='ocrx_word' id='word_1_265' title='bbox 2417 634 2681 704; x_wconf 86' lang='grc' dir='ltr'>νομίζειν.</span> <span class='ocrx_word' id='word_1_266' title='bbox 2716 654 2735 687; x_wconf 70' lang='grc' dir='ltr'>ι</span> <span class='ocrx_word' id='word_1_267' title='bbox 2774 638 2920 711; x_wconf 85' lang='grc' dir='ltr'>Ὅρα</span> <span class='ocrx_word' id='word_1_268' title='bbox 2947 640 3065 705; x_wconf 84' lang='grc' dir='ltr'>πῶς</span> <span class='ocrx_word' id='word_1_269' title='bbox 3090 639 3153 695; x_wconf 82' lang='grc' dir='ltr'>τδ</span> <span class='ocrx_word' id='word_1_270' title='bbox 3189 642 3481 713; x_wconf 83' lang='grc' dir='ltr'>ἀσώματον</span> 
     </span>
    </p>
   </div>
   <div class='ocr_carea' id='block_1_35' title="bbox 1894 723 3481 807">
    <p class='ocr_par' dir='ltr' id='par_1_35' title="bbox 1894 723 3481 807">
     <span class='ocr_line' id='line_1_35' title="bbox 1894 723 3481 807; baseline 0.009 -32"><span class='ocrx_word' id='word_1_271' title='bbox 1894 723 2198 792; x_wconf 83' lang='grc' dir='ltr'>εἰσήγαγεν</span> <span class='ocrx_word' id='word_1_272' title='bbox 2226 740 2241 757; x_wconf 79' lang='grc' dir='ltr'><strong><em>ο</em></strong></span> <span class='ocrx_word' id='word_1_273' title='bbox 2275 728 2307 794; x_wconf 82' lang='grc' dir='ltr'>ἠ</span> <span class='ocrx_word' id='word_1_274' title='bbox 2332 728 2439 799; x_wconf 78' lang='grc' dir='ltr'>γὰρ</span> <span class='ocrx_word' id='word_1_275' title='bbox 2458 728 2671 783; x_wconf 82' lang='grc' dir='ltr'>διάνοια</span> <span class='ocrx_word' id='word_1_276' title='bbox 2688 730 2819 784; x_wconf 86' lang='grc' dir='ltr'>ὅταν</span> <span class='ocrx_word' id='word_1_277' title='bbox 2839 732 3156 807; x_wconf 70' lang='grc' dir='ltr'>ὑποπτεύσῃ</span> <span class='ocrx_word' id='word_1_278' title='bbox 3177 734 3358 806; x_wconf 84' lang='grc' dir='ltr'>σῶμα,</span> <span class='ocrx_word' id='word_1_279' title='bbox 3385 737 3481 791; x_wconf 76' lang='grc' dir='ltr'>καὶ</span> 
     </span>
    </p>
   </div>
   <div class='ocr_carea' id='block_1_36' title="bbox 1893 813 3478 895">
    <p class='ocr_par' dir='ltr' id='par_1_36' title="bbox 1893 813 3478 895">
     <span class='ocr_line' id='line_1_36' title="bbox 1893 813 3478 895; baseline 0.011 -30"><span class='ocrx_word' id='word_1_280' title='bbox 1893 813 2168 885; x_wconf 85' lang='grc' dir='ltr'>διάστημα</span> <span class='ocrx_word' id='word_1_281' title='bbox 2187 816 2515 872; x_wconf 83' lang='grc' dir='ltr'>ύπονοεῖται.</span> <span class='ocrx_word' id='word_1_282' title='bbox 2533 820 2599 873; x_wconf 87' lang='grc' dir='ltr'>Τί</span> <span class='ocrx_word' id='word_1_283' title='bbox 2612 816 2726 889; x_wconf 82' lang='grc' dir='ltr'>οὗν;</span> <span class='ocrx_word' id='word_1_284' title='bbox 2744 823 2921 888; x_wconf 80' lang='grc' dir='ltr'>οὐδεὶς</span> <span class='ocrx_word' id='word_1_285' title='bbox 2941 825 3228 892; x_wconf 74' lang='grc' dir='ltr'>κολάζεται</span> <span class='ocrx_word' id='word_1_286' title='bbox 3247 828 3478 895; x_wconf 85' lang='grc' dir='ltr'>τούτων;</span> 
     </span>
    </p>
   </div>
   <div class='ocr_carea' id='block_1_37' title="bbox 1895 903 3478 992">
    <p class='ocr_par' dir='ltr' id='par_1_37' title="bbox 1895 903 3478 992">
     <span class='ocr_line' id='line_1_37' title="bbox 1895 903 3478 992; baseline 0.014 -37"><span class='ocrx_word' id='word_1_287' title='bbox 1895 903 2081 969; x_wconf 71' lang='grc' dir='ltr'>Οὐδεὶς</span> <span class='ocrx_word' id='word_1_288' title='bbox 2104 908 2213 960; x_wconf 83' lang='grc' dir='ltr'>τῶν</span> <span class='ocrx_word' id='word_1_289' title='bbox 2244 907 2506 963; x_wconf 80' lang='grc' dir='ltr'>θελόντων</span> <span class='ocrx_word' id='word_1_290' title='bbox 2535 917 2837 981; x_wconf 84' lang='grc' dir='ltr'>μετανοεῖν.</span> <span class='ocrx_word' id='word_1_291' title='bbox 2896 917 3033 987; x_wconf 79' lang='grc' dir='ltr'>Περὶ</span> <span class='ocrx_word' id='word_1_292' title='bbox 3064 918 3269 975; x_wconf 90' lang='grc' dir='ltr'>τούτων</span> <span class='ocrx_word' id='word_1_293' title='bbox 3287 922 3478 992; x_wconf 79' lang='grc' dir='ltr'>φησὶν.</span> 
     </span>
    </p>
   </div>
   <div class='ocr_carea' id='block_1_38' title="bbox 1894 993 3480 1098">
    <p class='ocr_par' dir='ltr' id='par_1_38' title="bbox 1894 993 3480 1098">
     <span class='ocr_line' id='line_1_38' title="bbox 1894 993 3480 1098; baseline 0.015 -53"><span class='ocrx_word' id='word_1_294' title='bbox 1894 993 1954 1046; x_wconf 87' lang='grc' dir='ltr'>ού</span> <span class='ocrx_word' id='word_1_295' title='bbox 1981 997 2109 1065; x_wconf 85' lang='grc' dir='ltr'>περί</span> <span class='ocrx_word' id='word_1_296' title='bbox 2133 999 2242 1052; x_wconf 86' lang='grc' dir='ltr'>τῶν</span> <span class='ocrx_word' id='word_1_297' title='bbox 2273 1001 2638 1069; x_wconf 81' lang='grc' dir='ltr'>ἀπελθόντων,</span> <span class='ocrx_word' id='word_1_298' title='bbox 2662 1006 2776 1059; x_wconf 87' lang='grc' dir='ltr'>ἀλλ’</span> <span class='ocrx_word' id='word_1_299' title='bbox 2798 1002 2880 1098; x_wconf 61' lang='grc' dir='ltr'>οἷς</span> <span class='ocrx_word' id='word_1_300' title='bbox 2918 1012 3315 1079; x_wconf 70' lang='grc' dir='ltr'>παραγγέλλει.</span> <span class='ocrx_word' id='word_1_301' title='bbox 3362 1015 3480 1068; x_wconf 82' lang='grc' dir='ltr'>Οὐκ</span> 
     </span>
    </p>
   </div>
   <div class='ocr_carea' id='block_1_39' title="bbox 1893 1084 3477 1172">
    <p class='ocr_par' dir='ltr' id='par_1_39' title="bbox 1893 1084 3477 1172">
     <span class='ocr_line' id='line_1_39' title="bbox 1893 1084 3477 1172; baseline 0.015 -37"><span class='ocrx_word' id='word_1_302' title='bbox 1893 1084 2113 1140; x_wconf 84' lang='grc' dir='ltr'>ἀπαιτεῖ</span> <span class='ocrx_word' id='word_1_303' title='bbox 2153 1089 2308 1157; x_wconf 87' lang='grc' dir='ltr'>λόγον</span> <span class='ocrx_word' id='word_1_304' title='bbox 2339 1094 2511 1162; x_wconf 78' lang='grc' dir='ltr'>ἡμᾶς,</span> <span class='ocrx_word' id='word_1_305' title='bbox 2553 1095 2737 1164; x_wconf 84' lang='grc' dir='ltr'>φησιν.</span> <span class='ocrx_word' id='word_1_306' title='bbox 2776 1084 2888 1151; x_wconf 73' lang='grc' dir='ltr'>σύκ</span> <span class='ocrx_word' id='word_1_307' title='bbox 2928 1095 3070 1165; x_wconf 79' lang='grc' dir='ltr'>εἰπε,</span> <span class='ocrx_word' id='word_1_308' title='bbox 3115 1098 3393 1171; x_wconf 80' lang='grc' dir='ltr'>Παρείδεν,</span> <span class='ocrx_word' id='word_1_309' title='bbox 3417 1104 3477 1172; x_wconf 79' lang='grc' dir='ltr'>ἢ,</span> 
     </span>
    </p>
   </div>
   <div class='ocr_carea' id='block_1_40' title="bbox 1894 1176 3474 1259">
    <p class='ocr_par' dir='ltr' id='par_1_40' title="bbox 1894 1176 3474 1259">
     <span class='ocr_line' id='line_1_40' title="bbox 1894 1176 3474 1259; baseline 0.012 -30"><span class='ocrx_word' id='word_1_310' title='bbox 1894 1176 2131 1244; x_wconf 76' lang='grc' dir='ltr'>Εἴασεν,</span> <span class='ocrx_word' id='word_1_311' title='bbox 2175 1182 2313 1246; x_wconf 82' lang='grc' dir='ltr'>ἀλλ’,</span> <span class='ocrx_word' id='word_1_312' title='bbox 2380 1184 2715 1256; x_wconf 83' lang='grc' dir='ltr'>Ἠγνοὴσατε</span> <span class='ocrx_word' id='word_1_313' title='bbox 2740 1225 2755 1251; x_wconf 91' lang='grc'>,</span> <span class='ocrx_word' id='word_1_314' title='bbox 2814 1189 3064 1258; x_wconf 83' lang='grc' dir='ltr'>ὑπερεῖδε</span> <span class='ocrx_word' id='word_1_315' title='bbox 3095 1207 3112 1224; x_wconf 79' lang='grc' dir='ltr'><strong><em>ο</em></strong></span> <span class='ocrx_word' id='word_1_316' title='bbox 3173 1192 3474 1259; x_wconf 74' lang='grc' dir='ltr'>τουτέστιν,</span> 
     </span>
    </p>
   </div>
   <div class='ocr_carea' id='block_1_41' title="bbox 1894 1269 3474 1351">
    <p class='ocr_par' dir='ltr' id='par_1_41' title="bbox 1894 1269 3474 1351">
     <span class='ocr_line' id='line_1_41' title="bbox 1894 1269 3474 1351; baseline 0.012 -31"><span class='ocrx_word' id='word_1_317' title='bbox 1894 1269 2009 1322; x_wconf 86' lang='grc' dir='ltr'>Ούκ</span> <span class='ocrx_word' id='word_1_318' title='bbox 2038 1271 2262 1325; x_wconf 85' lang='grc' dir='ltr'>ἀπαιτεῖ</span> <span class='ocrx_word' id='word_1_319' title='bbox 2282 1274 2525 1341; x_wconf 86' lang='grc' dir='ltr'>κόλασιν,</span> <span class='ocrx_word' id='word_1_320' title='bbox 2555 1278 2745 1351; x_wconf 86' lang='grc' dir='ltr'>ὥσπερ</span> <span class='ocrx_word' id='word_1_321' title='bbox 2768 1279 2954 1345; x_wconf 80' lang='grc' dir='ltr'>ἀξίους</span> <span class='ocrx_word' id='word_1_322' title='bbox 2983 1283 3145 1348; x_wconf 78' lang='grc' dir='ltr'>ὖντας</span> <span class='ocrx_word' id='word_1_323' title='bbox 3175 1284 3474 1346; x_wconf 82' lang='grc' dir='ltr'>κολάσεως·</span> 
     </span>
    </p>
   </div>
   <div class='ocr_carea' id='block_1_42' title="bbox 1893 1362 3475 1447">
    <p class='ocr_par' dir='ltr' id='par_1_42' title="bbox 1893 1362 3475 1447">
     <span class='ocr_line' id='line_1_42' title="bbox 1893 1362 3475 1447; baseline 0.012 -34"><span class='ocrx_word' id='word_1_324' title='bbox 1893 1362 2218 1431; x_wconf 83' lang='grc' dir='ltr'>ὴγνοήσατε.</span> <span class='ocrx_word' id='word_1_325' title='bbox 2272 1367 2382 1419; x_wconf 82' lang='grc' dir='ltr'>Καὶ</span> <span class='ocrx_word' id='word_1_326' title='bbox 2415 1369 2477 1422; x_wconf 82' lang='grc' dir='ltr'>οὐ</span> <span class='ocrx_word' id='word_1_327' title='bbox 2502 1370 2671 1438; x_wconf 83' lang='grc' dir='ltr'>λέγει,</span> <span class='ocrx_word' id='word_1_328' title='bbox 2719 1372 2978 1435; x_wconf 86' lang='grc' dir='ltr'>Ἐκόντες</span> <span class='ocrx_word' id='word_1_329' title='bbox 3005 1376 3475 1447; x_wconf 82' lang='grc' dir='ltr'>ἐκακουργήσατε,</span> 
     </span>
    </p>
   </div>
   <div class='ocr_carea' id='block_1_43' title="bbox 1892 1452 3477 1535">
    <p class='ocr_par' dir='ltr' id='par_1_43' title="bbox 1892 1452 3477 1535">
     <span class='ocr_line' id='line_1_43' title="bbox 1892 1452 3477 1535; baseline 0.011 -31"><span class='ocrx_word' id='word_1_330' title='bbox 1892 1452 2029 1506; x_wconf 85' lang='grc' dir='ltr'>ἀλλά</span> <span class='ocrx_word' id='word_1_331' title='bbox 2049 1452 2206 1508; x_wconf 90' lang='grc' dir='ltr'>τοῦτο</span> <span class='ocrx_word' id='word_1_332' title='bbox 2228 1455 2315 1510; x_wconf 77' lang='grc' dir='ltr'>διὰ</span> <span class='ocrx_word' id='word_1_333' title='bbox 2346 1458 2454 1512; x_wconf 84' lang='grc' dir='ltr'>τῶν</span> <span class='ocrx_word' id='word_1_334' title='bbox 2488 1459 2602 1513; x_wconf 83' lang='grc' dir='ltr'>ἀνω</span> <span class='ocrx_word' id='word_1_335' title='bbox 2636 1461 2826 1528; x_wconf 80' lang='grc' dir='ltr'>ἔδειξε.</span> <span class='ocrx_word' id='word_1_336' title='bbox 2860 1462 2925 1515; x_wconf 89' lang='grc' dir='ltr'>Τί</span> <span class='ocrx_word' id='word_1_337' title='bbox 2948 1464 3152 1535; x_wconf 85' lang='grc' dir='ltr'>δήποτε</span> <span class='ocrx_word' id='word_1_338' title='bbox 3184 1466 3477 1531; x_wconf 83' lang='grc' dir='ltr'>πείσαντες</span> 
     </span>
    </p>
   </div>
   <div class='ocr_carea' id='block_1_44' title="bbox 1892 1543 3479 1624">
    <p class='ocr_par' dir='ltr' id='par_1_44' title="bbox 1892 1543 3479 1624">
     <span class='ocr_line' id='line_1_44' title="bbox 1892 1543 3479 1624; baseline 0.008 -26"><span class='ocrx_word' id='word_1_339' title='bbox 1892 1543 2113 1608; x_wconf 83' lang='grc' dir='ltr'>αὐτοὺς,</span> <span class='ocrx_word' id='word_1_340' title='bbox 2164 1547 2263 1600; x_wconf 69' lang='grc' dir='ltr'>καὶ</span> <span class='ocrx_word' id='word_1_341' title='bbox 2300 1548 2465 1603; x_wconf 87' lang='grc' dir='ltr'>πάλιν</span> <span class='ocrx_word' id='word_1_342' title='bbox 2491 1551 2673 1606; x_wconf 81' lang='grc' dir='ltr'>αὐτῶν</span> <span class='ocrx_word' id='word_1_343' title='bbox 2707 1550 2770 1624; x_wconf 76' lang='grc' dir='ltr'>[Ῑ.</span> <span class='ocrx_word' id='word_1_344' title='bbox 2806 1554 2975 1607; x_wconf 83' lang='grc' dir='ltr'>αὐτοῦ</span> <span class='ocrx_word' id='word_1_345' title='bbox 3015 1554 3096 1609; x_wconf 82' lang='lat' dir='ltr'>vel</span> <span class='ocrx_word' id='word_1_346' title='bbox 3123 1555 3233 1609; x_wconf 84' lang='grc' dir='ltr'>τῶν</span> <span class='ocrx_word' id='word_1_347' title='bbox 3272 1558 3479 1623; x_wconf 79' lang='grc' dir='ltr'>αὐτῶν]</span> 
     </span>
    </p>
   </div>
   <div class='ocr_carea' id='block_1_45' title="bbox 1894 1637 3477 1720">
    <p class='ocr_par' dir='ltr' id='par_1_45' title="bbox 1894 1637 3477 1720">
     <span class='ocr_line' id='line_1_45' title="bbox 1894 1637 3477 1720; baseline 0.008 -28"><span class='ocrx_word' id='word_1_348' title='bbox 1894 1637 2247 1709; x_wconf 86' lang='grc' dir='ltr'>ἀκούσεσθαι,</span> <span class='ocrx_word' id='word_1_349' title='bbox 2277 1647 2373 1698; x_wconf 80' lang='grc' dir='ltr'>καὶ</span> <span class='ocrx_word' id='word_1_350' title='bbox 2402 1647 2664 1701; x_wconf 83' lang='grc' dir='ltr'>κινδύνων</span> <span class='ocrx_word' id='word_1_351' title='bbox 2713 1649 2815 1703; x_wconf 82' lang='grc' dir='ltr'>οὐκ</span> <span class='ocrx_word' id='word_1_352' title='bbox 2846 1648 3036 1713; x_wconf 77' lang='grc' dir='ltr'>ὄντων,</span> <span class='ocrx_word' id='word_1_353' title='bbox 3087 1648 3263 1714; x_wconf 82' lang='grc' dir='ltr'>οὕτως</span> <span class='ocrx_word' id='word_1_354' title='bbox 3313 1650 3477 1720; x_wconf 74' lang='grc' dir='ltr'>ἠπεί-</span> 
     </span>
    </p>
   </div>
   <div class='ocr_carea' id='block_1_46' title="bbox 1894 1733 3473 1812">
    <p class='ocr_par' dir='ltr' id='par_1_46' title="bbox 1894 1733 3473 1812">
     <span class='ocr_line' id='line_1_46' title="bbox 1894 1733 3473 1812; baseline 0.008 -29"><span class='ocrx_word' id='word_1_355' title='bbox 1894 1746 2020 1799; x_wconf 88' lang='grc' dir='ltr'>γετο</span> <span class='ocrx_word' id='word_1_356' title='bbox 2047 1733 2147 1795; x_wconf 84' lang='grc' dir='ltr'>τὰς</span> <span class='ocrx_word' id='word_1_357' title='bbox 2185 1734 2426 1805; x_wconf 84' lang='grc' dir='ltr'>Ἀθήνας</span> <span class='ocrx_word' id='word_1_358' title='bbox 2455 1739 2676 1805; x_wconf 86' lang='grc' dir='ltr'>ἀφεῖναι</span> <span class='ocrx_word' id='word_1_359' title='bbox 2697 1741 2725 1793; x_wconf 87' lang='grc' dir='ltr'>ό</span> <span class='ocrx_word' id='word_1_360' title='bbox 2756 1741 3009 1807; x_wconf 78' lang='grc' dir='ltr'>Παῦλοςς</span> <span class='ocrx_word' id='word_1_361' title='bbox 3050 1742 3213 1805; x_wconf 83' lang='grc' dir='ltr'>Ἴσως</span> <span class='ocrx_word' id='word_1_362' title='bbox 3246 1741 3365 1812; x_wconf 78' lang='grc' dir='ltr'>ᾔδει</span> <span class='ocrx_word' id='word_1_363' title='bbox 3410 1742 3473 1794; x_wconf 81' lang='grc' dir='ltr'>οὐ</span> 
     </span>
    </p>
   </div>
   <div class='ocr_carea' id='block_1_47' title="bbox 1898 1825 3477 1902">
    <p class='ocr_par' dir='ltr' id='par_1_47' title="bbox 1898 1825 3477 1902">
     <span class='ocr_line' id='line_1_47' title="bbox 1898 1825 3477 1902; baseline 0.005 -25"><span class='ocrx_word' id='word_1_364' title='bbox 1898 1825 2040 1894; x_wconf 86' lang='grc' dir='ltr'>μέγα</span> <span class='ocrx_word' id='word_1_365' title='bbox 2066 1826 2300 1894; x_wconf 80' lang='grc' dir='ltr'>ὀνήσων,</span> <span class='ocrx_word' id='word_1_366' title='bbox 2336 1830 2429 1882; x_wconf 77' lang='grc' dir='ltr'>καί</span> <span class='ocrx_word' id='word_1_367' title='bbox 2455 1830 2561 1884; x_wconf 82' lang='grc' dir='ltr'>ὑπὸ</span> <span class='ocrx_word' id='word_1_368' title='bbox 2588 1832 2685 1885; x_wconf 88' lang='grc' dir='ltr'>τοῦ</span> <span class='ocrx_word' id='word_1_369' title='bbox 2736 1832 3055 1902; x_wconf 87' lang='grc' dir='ltr'>Πνεύματος</span> <span class='ocrx_word' id='word_1_370' title='bbox 3097 1835 3178 1896; x_wconf 90' lang='grc' dir='ltr'>εἰς</span> <span class='ocrx_word' id='word_1_371' title='bbox 3204 1833 3477 1902; x_wconf 86' lang='grc' dir='ltr'>Κόρινθον</span> 
     </span>
    </p>
   </div>
   <div class='ocr_carea' id='block_1_48' title="bbox 1895 1917 3475 1994">
    <p class='ocr_par' dir='ltr' id='par_1_48' title="bbox 1895 1917 3475 1994">
     <span class='ocr_line' id='line_1_48' title="bbox 1895 1917 3475 1994; baseline 0.008 -27"><span class='ocrx_word' id='word_1_372' title='bbox 1895 1917 2079 1986; x_wconf 74' lang='grc' dir='ltr'>ῆγετο.</span> <span class='ocrx_word' id='word_1_373' title='bbox 2124 1919 2218 1981; x_wconf 82' lang='grc' dir='ltr'>Εἰς</span> <span class='ocrx_word' id='word_1_374' title='bbox 2261 1920 2547 1991; x_wconf 87' lang='grc' dir='ltr'>Κόρινθον,</span> <span class='ocrx_word' id='word_1_375' title='bbox 2591 1923 2668 1986; x_wconf 85' lang='grc' dir='ltr'>ὡς</span> <span class='ocrx_word' id='word_1_376' title='bbox 2696 1923 2857 1993; x_wconf 80' lang='grc' dir='ltr'>ἔφην,</span> <span class='ocrx_word' id='word_1_377' title='bbox 2905 1923 3010 1977; x_wconf 85' lang='grc' dir='ltr'>ύπδ</span> <span class='ocrx_word' id='word_1_378' title='bbox 3032 1923 3126 1978; x_wconf 84' lang='grc' dir='ltr'>τοῦ</span> <span class='ocrx_word' id='word_1_379' title='bbox 3155 1923 3475 1994; x_wconf 86' lang='grc' dir='ltr'>Πνεύματος</span> 
     </span>
    </p>
   </div>
   <div class='ocr_carea' id='block_1_49' title="bbox 1891 2005 3471 2087">
    <p class='ocr_par' dir='ltr' id='par_1_49' title="bbox 1891 2005 3471 2087">
     <span class='ocr_line' id='line_1_49' title="bbox 1891 2005 3471 2087; baseline 0.005 -26"><span class='ocrx_word' id='word_1_380' title='bbox 1891 2008 2077 2076; x_wconf 74' lang='grc' dir='ltr'>ἧγετο,</span> <span class='ocrx_word' id='word_1_381' title='bbox 2125 2009 2185 2063; x_wconf 89' lang='grc' dir='ltr'>ἐν</span> <span class='ocrx_word' id='word_1_382' title='bbox 2297 2012 2479 2082; x_wconf 77' lang='grc' dir='ltr'>μένειν</span> <span class='ocrx_word' id='word_1_383' title='bbox 2503 2014 2632 2070; x_wconf 81' lang='grc' dir='ltr'>ἔδει.</span> <span class='ocrx_word' id='word_1_384' title='bbox 2694 2017 2756 2069; x_wconf 71' lang='lat' dir='ltr'>Ol</span> <span class='ocrx_word' id='word_1_385' title='bbox 2786 2017 2895 2087; x_wconf 82' lang='grc' dir='ltr'>γάρ</span> <span class='ocrx_word' id='word_1_386' title='bbox 2932 2016 3233 2087; x_wconf 80' lang='grc' dir='ltr'>Ἀθηναῖοι,</span> <span class='ocrx_word' id='word_1_387' title='bbox 3288 2016 3471 2070; x_wconf 89' lang='grc' dir='ltr'>καίτοι</span> 
     </span>
    </p>
   </div>
   <div class='ocr_carea' id='block_1_50' title="bbox 1889 2099 3468 2181">
    <p class='ocr_par' dir='ltr' id='par_1_50' title="bbox 1889 2099 3468 2181">
     <span class='ocr_line' id='line_1_50' title="bbox 1889 2099 3468 2181; baseline 0.006 -29"><span class='ocrx_word' id='word_1_388' title='bbox 1889 2099 2047 2171; x_wconf 79' lang='grc' dir='ltr'>ξένης</span> <span class='ocrx_word' id='word_1_389' title='bbox 2070 2100 2225 2166; x_wconf 75' lang='grc' dir='ltr'>ὄντες</span> <span class='ocrx_word' id='word_1_390' title='bbox 2255 2104 2574 2174; x_wconf 76' lang='grc' dir='ltr'>ἀκροάσεως</span> <span class='ocrx_word' id='word_1_391' title='bbox 2605 2108 2852 2177; x_wconf 72' lang='grc' dir='ltr'>ἐρασταὶ,</span> <span class='ocrx_word' id='word_1_392' title='bbox 2885 2110 3037 2179; x_wconf 81' lang='grc' dir='ltr'>ὅμως</span> <span class='ocrx_word' id='word_1_393' title='bbox 3062 2110 3123 2162; x_wconf 88' lang='grc' dir='ltr'>ού</span> <span class='ocrx_word' id='word_1_394' title='bbox 3153 2112 3468 2181; x_wconf 80' lang='grc' dir='ltr'>προσεῖχον-</span> 
     </span>
    </p>
   </div>
   <div class='ocr_carea' id='block_1_51' title="bbox 1887 2189 3471 2270">
    <p class='ocr_par' dir='ltr' id='par_1_51' title="bbox 1887 2189 3471 2270">
     <span class='ocr_line' id='line_1_51' title="bbox 1887 2189 3471 2270; baseline 0.008 -28"><span class='ocrx_word' id='word_1_395' title='bbox 1887 2189 1950 2242; x_wconf 86' lang='grc' dir='ltr'>οὐ</span> <span class='ocrx_word' id='word_1_396' title='bbox 1985 2192 2094 2262; x_wconf 77' lang='grc' dir='ltr'>γὰρ</span> <span class='ocrx_word' id='word_1_397' title='bbox 2133 2192 2290 2246; x_wconf 88' lang='grc' dir='ltr'>τοῦτο</span> <span class='ocrx_word' id='word_1_398' title='bbox 2335 2196 2695 2264; x_wconf 77' lang='grc' dir='ltr'>ἐσπούδαζον,</span> <span class='ocrx_word' id='word_1_399' title='bbox 2742 2198 2857 2252; x_wconf 86' lang='grc' dir='ltr'>ἀλλ’</span> <span class='ocrx_word' id='word_1_400' title='bbox 2905 2199 3048 2252; x_wconf 83' lang='grc' dir='ltr'>ὥστε</span> <span class='ocrx_word' id='word_1_401' title='bbox 3085 2200 3171 2254; x_wconf 86' lang='grc' dir='ltr'>ἀεί</span> <span class='ocrx_word' id='word_1_402' title='bbox 3215 2217 3270 2253; x_wconf 89' lang='grc' dir='ltr'>τι</span> <span class='ocrx_word' id='word_1_403' title='bbox 3325 2200 3471 2270; x_wconf 80' lang='grc' dir='ltr'>ἔχειν</span> 
     </span>
    </p>
   </div>
   <div class='ocr_carea' id='block_1_52' title="bbox 1888 2281 3471 2364">
    <p class='ocr_par' dir='ltr' id='par_1_52' title="bbox 1888 2281 3471 2364">
     <span class='ocr_line' id='line_1_52' title="bbox 1888 2281 3471 2364; baseline 0.007 -29"><span class='ocrx_word' id='word_1_404' title='bbox 1888 2281 2084 2337; x_wconf 82' lang='grc' dir='ltr'>εἰπεῖν.</span> <span class='ocrx_word' id='word_1_405' title='bbox 2118 2284 2244 2339; x_wconf 79' lang='grc' dir='ltr'>Ἐπὶ</span> <span class='ocrx_word' id='word_1_406' title='bbox 2274 2287 2375 2357; x_wconf 83' lang='grc' dir='ltr'>μὲν</span> <span class='ocrx_word' id='word_1_407' title='bbox 2398 2287 2507 2357; x_wconf 83' lang='grc' dir='ltr'>γὰρ</span> <span class='ocrx_word' id='word_1_408' title='bbox 2535 2289 2791 2361; x_wconf 85' lang='grc' dir='ltr'>Νέρωνος</span> <span class='ocrx_word' id='word_1_409' title='bbox 2828 2290 3120 2364; x_wconf 83' lang='grc' dir='ltr'>ἐτελειώθη</span> <span class='ocrx_word' id='word_1_410' title='bbox 3172 2294 3202 2348; x_wconf 92' lang='grc' dir='ltr'>ό</span> <span class='ocrx_word' id='word_1_411' title='bbox 3237 2291 3471 2357; x_wconf 80' lang='grc' dir='ltr'>Παῦλος,</span> 
     </span>
    </p>
   </div>
   <div class='ocr_carea' id='block_1_53' title="bbox 1888 2372 3474 2454">
    <p class='ocr_par' dir='ltr' id='par_1_53' title="bbox 1888 2372 3474 2454">
     <span class='ocr_line' id='line_1_53' title="bbox 1888 2372 3474 2454; baseline 0.008 -29"><span class='ocrx_word' id='word_1_412' title='bbox 1888 2372 1983 2427; x_wconf 82' lang='grc' dir='ltr'>ἐπὶ</span> <span class='ocrx_word' id='word_1_413' title='bbox 2005 2373 2065 2427; x_wconf 81' lang='grc' dir='ltr'>δὲ</span> <span class='ocrx_word' id='word_1_414' title='bbox 2094 2375 2366 2431; x_wconf 84' lang='grc' dir='ltr'>Κλαυδίου</span> <span class='ocrx_word' id='word_1_415' title='bbox 2392 2380 2781 2452; x_wconf 73' lang='grc' dir='ltr'>ἀνερριπίζετο</span> <span class='ocrx_word' id='word_1_416' title='bbox 2807 2383 2999 2438; x_wconf 83' lang='grc' dir='ltr'>λοιπὸν</span> <span class='ocrx_word' id='word_1_417' title='bbox 3018 2384 3048 2437; x_wconf 89' lang='grc' dir='ltr'>ό</span> <span class='ocrx_word' id='word_1_418' title='bbox 3075 2385 3210 2454; x_wconf 78' lang='grc' dir='ltr'>πρὸς</span> <span class='ocrx_word' id='word_1_419' title='bbox 3250 2384 3474 2439; x_wconf 81' lang='grc' dir='ltr'>ἰουδαί-</span> 
     </span>
    </p>
   </div>
   <div class='ocr_carea' id='block_1_54' title="bbox 1886 2465 3475 2545">
    <p class='ocr_par' dir='ltr' id='par_1_54' title="bbox 1886 2465 3475 2545">
     <span class='ocr_line' id='line_1_54' title="bbox 1886 2465 3475 2545; baseline 0.006 -26"><span class='ocrx_word' id='word_1_420' title='bbox 1886 2481 1981 2529; x_wconf 89' lang='grc' dir='ltr'>ους</span> <span class='ocrx_word' id='word_1_421' title='bbox 2007 2465 2266 2535; x_wconf 80' lang='grc' dir='ltr'>πόλεμος,</span> <span class='ocrx_word' id='word_1_422' title='bbox 2297 2471 2573 2540; x_wconf 84' lang='grc' dir='ltr'>μακρόθεν</span> <span class='ocrx_word' id='word_1_423' title='bbox 2605 2473 2724 2542; x_wconf 84' lang='grc' dir='ltr'>μὲν,</span> <span class='ocrx_word' id='word_1_424' title='bbox 2754 2473 2896 2527; x_wconf 86' lang='grc' dir='ltr'>ὥστε</span> <span class='ocrx_word' id='word_1_425' title='bbox 2939 2475 3042 2528; x_wconf 87' lang='grc' dir='ltr'>κάν</span> <span class='ocrx_word' id='word_1_426' title='bbox 3071 2474 3225 2545; x_wconf 87' lang='grc' dir='ltr'>αύτῷ</span> <span class='ocrx_word' id='word_1_427' title='bbox 3258 2491 3475 2545; x_wconf 82' lang='grc' dir='ltr'>σωφρο-</span> 
     </span>
    </p>
   </div>
   <div class='ocr_carea' id='block_1_55' title="bbox 1887 2558 3471 2640">
    <p class='ocr_par' dir='ltr' id='par_1_55' title="bbox 1887 2558 3471 2640">
     <span class='ocr_line' id='line_1_55' title="bbox 1887 2558 3471 2640; baseline 0.006 -29"><span class='ocrx_word' id='word_1_428' title='bbox 1887 2558 2058 2623; x_wconf 89' lang='grc' dir='ltr'>νίσαι,</span> <span class='ocrx_word' id='word_1_429' title='bbox 2080 2560 2305 2640; x_wconf 30' lang='grc' dir='ltr'>καὶδάπὺ</span> <span class='ocrx_word' id='word_1_430' title='bbox 2354 2561 2576 2633; x_wconf 85' lang='grc' dir='ltr'>Ῥώμης</span> <span class='ocrx_word' id='word_1_431' title='bbox 2600 2565 2675 2627; x_wconf 83' lang='grc' dir='ltr'>ὡς</span> <span class='ocrx_word' id='word_1_432' title='bbox 2708 2565 2988 2637; x_wconf 84' lang='grc' dir='ltr'>λυμεῶνες</span> <span class='ocrx_word' id='word_1_433' title='bbox 3012 2567 3329 2637; x_wconf 66' lang='grc' dir='ltr'>¹ἠλαύνοντο.</span> <span class='ocrx_word' id='word_1_434' title='bbox 3372 2569 3471 2621; x_wconf 85' lang='grc' dir='ltr'>Διά</span> 
     </span>
    </p>
   </div>
   <div class='ocr_carea' id='block_1_56' title="bbox 1885 2645 3470 2729">
    <p class='ocr_par' dir='ltr' id='par_1_56' title="bbox 1885 2645 3470 2729">
     <span class='ocr_line' id='line_1_56' title="bbox 1885 2645 3470 2729; baseline 0.008 -29"><span class='ocrx_word' id='word_1_435' title='bbox 1885 2645 2049 2702; x_wconf 86' lang='grc' dir='ltr'>τοῦτο</span> <span class='ocrx_word' id='word_1_436' title='bbox 2096 2652 2468 2722; x_wconf 80' lang='grc' dir='ltr'>οἰκονομεῖται</span> <span class='ocrx_word' id='word_1_437' title='bbox 2523 2654 2714 2712; x_wconf 85' lang='grc' dir='ltr'>τοῦτον</span> <span class='ocrx_word' id='word_1_438' title='bbox 2754 2658 2830 2723; x_wconf 87' lang='grc' dir='ltr'>ὡς</span> <span class='ocrx_word' id='word_1_439' title='bbox 2883 2658 3110 2729; x_wconf 87' lang='grc' dir='ltr'>δέσμιον</span> <span class='ocrx_word' id='word_1_440' title='bbox 3154 2660 3470 2729; x_wconf 78' lang='grc' dir='ltr'>ἀπαχθῆναι</span> 
     </span>
    </p>
   </div>
   <div class='ocr_carea' id='block_1_57' title="bbox 1888 2738 3471 2819">
    <p class='ocr_par' dir='ltr' id='par_1_57' title="bbox 1888 2738 3471 2819">
     <span class='ocr_line' id='line_1_57' title="bbox 1888 2738 3471 2819; baseline 0.007 -28"><span class='ocrx_word' id='word_1_441' title='bbox 1888 2738 2025 2803; x_wconf 87' lang='grc' dir='ltr'>ἐκεῖ,</span> <span class='ocrx_word' id='word_1_442' title='bbox 2057 2739 2145 2794; x_wconf 89' lang='grc' dir='ltr'>ῖνα</span> <span class='ocrx_word' id='word_1_443' title='bbox 2180 2740 2255 2812; x_wconf 83' lang='grc' dir='ltr'>μὴ</span> <span class='ocrx_word' id='word_1_444' title='bbox 2285 2742 2362 2805; x_wconf 85' lang='grc' dir='ltr'>ὡς</span> <span class='ocrx_word' id='word_1_445' title='bbox 2408 2743 2660 2809; x_wconf 85' lang='grc' dir='ltr'>Ἰουδαῖος</span> <span class='ocrx_word' id='word_1_446' title='bbox 2689 2747 3089 2819; x_wconf 84' lang='grc' dir='ltr'>άπελαύνηται,</span> <span class='ocrx_word' id='word_1_447' title='bbox 3119 2747 3237 2803; x_wconf 79' lang='grc' dir='ltr'>ἀλλ’</span> <span class='ocrx_word' id='word_1_448' title='bbox 3260 2746 3336 2811; x_wconf 77' lang='grc' dir='ltr'>ὡς</span> <span class='ocrx_word' id='word_1_449' title='bbox 3364 2748 3471 2803; x_wconf 77' lang='grc' dir='ltr'>ὑπὸ</span> 
     </span>
    </p>
   </div>
   <div class='ocr_carea' id='block_1_58' title="bbox 1886 2830 3103 2906">
    <p class='ocr_par' dir='ltr' id='par_1_58' title="bbox 1886 2830 3103 2906">
     <span class='ocr_line' id='line_1_58' title="bbox 1886 2830 3103 2906; baseline 0.01 -24"><span class='ocrx_word' id='word_1_450' title='bbox 1886 2831 1953 2900; x_wconf 84' lang='grc' dir='ltr'>τῇ</span> <span class='ocrx_word' id='word_1_451' title='bbox 1973 2830 2127 2895; x_wconf 79' lang='grc' dir='ltr'>τάξει</span> <span class='ocrx_word' id='word_1_452' title='bbox 2157 2834 2437 2902; x_wconf 76' lang='grc' dir='ltr'>πράττων,</span> <span class='ocrx_word' id='word_1_453' title='bbox 2462 2836 2561 2888; x_wconf 76' lang='grc' dir='ltr'>καὶ</span> <span class='ocrx_word' id='word_1_454' title='bbox 2600 2836 2940 2906; x_wconf 82' lang='grc' dir='ltr'>φυλάττηται</span> <span class='ocrx_word' id='word_1_455' title='bbox 2966 2840 3103 2894; x_wconf 81' lang='grc' dir='ltr'>ἐκεῖ.</span> 
     </span>
    </p>
   </div>
   <div class='ocr_carea' id='block_1_59' title="bbox 1971 2921 3470 2998">
    <p class='ocr_par' dir='ltr' id='par_1_59' title="bbox 1971 2921 3470 2998">
     <span class='ocr_line' id='line_1_59' title="bbox 1971 2921 3470 2998; baseline 0.007 -24"><span class='ocrx_word' id='word_1_456' title='bbox 1971 2921 2204 2990; x_wconf 80' lang='grc' dir='ltr'>Ἀσαφές</span> <span class='ocrx_word' id='word_1_457' title='bbox 2234 2924 2352 2977; x_wconf 82' lang='grc' dir='ltr'>ἐστι</span> <span class='ocrx_word' id='word_1_458' title='bbox 2378 2925 2437 2979; x_wconf 80' lang='grc' dir='ltr'>τὸ</span> <span class='ocrx_word' id='word_1_459' title='bbox 2471 2926 2640 2995; x_wconf 79' lang='grc' dir='ltr'>ῥητόν</span> <span class='ocrx_word' id='word_1_460' title='bbox 2675 2943 2690 2959; x_wconf 78' lang='grc' dir='ltr'><strong>ο</strong></span> <span class='ocrx_word' id='word_1_461' title='bbox 2724 2922 2882 2998; x_wconf 73' lang='grc' dir='ltr'>οἴμαι</span> <span class='ocrx_word' id='word_1_462' title='bbox 2911 2929 2969 2983; x_wconf 86' lang='grc' dir='ltr'>δὲ</span> <span class='ocrx_word' id='word_1_463' title='bbox 2991 2930 3155 2984; x_wconf 85' lang='grc' dir='ltr'>αὐτὸν</span> <span class='ocrx_word' id='word_1_464' title='bbox 3187 2930 3348 2985; x_wconf 89' lang='grc' dir='ltr'>τοῦτο</span> <span class='ocrx_word' id='word_1_465' title='bbox 3380 2931 3470 2985; x_wconf 83' lang='grc' dir='ltr'>λέ-</span> 
     </span>
    </p>
   </div>
   <div class='ocr_carea' id='block_1_60' title="bbox 1886 3014 3465 3093">
    <p class='ocr_par' dir='ltr' id='par_1_60' title="bbox 1886 3014 3465 3093">
     <span class='ocr_line' id='line_1_60' title="bbox 1886 3014 3465 3093; baseline 0.008 -28"><span class='ocrx_word' id='word_1_466' title='bbox 1886 3027 2007 3081; x_wconf 88' lang='grc' dir='ltr'>γειν</span> <span class='ocrx_word' id='word_1_467' title='bbox 2028 3031 2043 3045; x_wconf 74' lang='grc' dir='ltr'><strong>ο</strong></span> <span class='ocrx_word' id='word_1_468' title='bbox 2075 3014 2347 3080; x_wconf 85' lang='grc' dir='ltr'>Ἕκαστος</span> <span class='ocrx_word' id='word_1_469' title='bbox 2367 3018 2475 3071; x_wconf 87' lang='grc' dir='ltr'>τῶν</span> <span class='ocrx_word' id='word_1_470' title='bbox 2500 3019 2954 3076; x_wconf 86' lang='grc' dir='ltr'>ἀποστατούντων</span> <span class='ocrx_word' id='word_1_471' title='bbox 2985 3022 3232 3093; x_wconf 82' lang='grc' dir='ltr'>Χριστῷ,</span> <span class='ocrx_word' id='word_1_472' title='bbox 3263 3024 3322 3086; x_wconf 86' lang='grc' dir='ltr'>ὃς</span> <span class='ocrx_word' id='word_1_473' title='bbox 3347 3025 3465 3077; x_wconf 82' lang='grc' dir='ltr'>ἐστι</span> 
     </span>
    </p>
   </div>
   <div class='ocr_carea' id='block_1_61' title="bbox 1887 3106 3469 3185">
    <p class='ocr_par' dir='ltr' id='par_1_61' title="bbox 1887 3106 3469 3185">
     <span class='ocr_line' id='line_1_61' title="bbox 1887 3106 3469 3185; baseline 0.006 -26"><span class='ocrx_word' id='word_1_474' title='bbox 1887 3106 2022 3177; x_wconf 83' lang='grc' dir='ltr'>ζωὴ,</span> <span class='ocrx_word' id='word_1_475' title='bbox 2045 3107 2194 3162; x_wconf 85' lang='grc' dir='ltr'>δοκεῖ</span> <span class='ocrx_word' id='word_1_476' title='bbox 2218 3108 2415 3163; x_wconf 81' lang='grc' dir='ltr'>ἑαυτὸν</span> <span class='ocrx_word' id='word_1_477' title='bbox 2444 3112 2715 3179; x_wconf 81' lang='grc' dir='ltr'>φονεύειν,</span> <span class='ocrx_word' id='word_1_478' title='bbox 2749 3111 2994 3185; x_wconf 14' lang='grc' dir='ltr'>ἀπὸθτῆς</span> <span class='ocrx_word' id='word_1_479' title='bbox 3023 3114 3170 3184; x_wconf 90' lang='grc' dir='ltr'>ζωῆς</span> <span class='ocrx_word' id='word_1_480' title='bbox 3202 3114 3469 3184; x_wconf 84' lang='grc' dir='ltr'>μεταϐαί-</span> 
     </span>
    </p>
   </div>
   <div class='ocr_carea' id='block_1_62' title="bbox 1887 3194 3471 3275">
    <p class='ocr_par' dir='ltr' id='par_1_62' title="bbox 1887 3194 3471 3275">
     <span class='ocr_line' id='line_1_62' title="bbox 1887 3194 3471 3275; baseline 0.006 -26"><span class='ocrx_word' id='word_1_481' title='bbox 1887 3214 2000 3250; x_wconf 89' lang='grc' dir='ltr'>νειν</span> <span class='ocrx_word' id='word_1_482' title='bbox 2024 3199 2106 3262; x_wconf 86' lang='grc' dir='ltr'>εἰς</span> <span class='ocrx_word' id='word_1_483' title='bbox 2128 3198 2380 3267; x_wconf 87' lang='grc' dir='ltr'>θάνατον,</span> <span class='ocrx_word' id='word_1_484' title='bbox 2406 3200 2467 3253; x_wconf 82' lang='grc' dir='ltr'>τὸ</span> <span class='ocrx_word' id='word_1_485' title='bbox 2498 3194 2645 3271; x_wconf 76' lang='grc' dir='ltr'>αἷμα</span> <span class='ocrx_word' id='word_1_486' title='bbox 2675 3200 2842 3256; x_wconf 85' lang='grc' dir='ltr'>αὐτοῦ</span> <span class='ocrx_word' id='word_1_487' title='bbox 2865 3202 3073 3273; x_wconf 81' lang='grc' dir='ltr'>ἐκχέων</span> <span class='ocrx_word' id='word_1_488' title='bbox 3111 3204 3315 3275; x_wconf 86' lang='grc' dir='ltr'>τρόπον</span> <span class='ocrx_word' id='word_1_489' title='bbox 3347 3204 3471 3258; x_wconf 83' lang='grc' dir='ltr'>τινά</span> 
     </span>
    </p>
   </div>
   <div class='ocr_carea' id='block_1_63' title="bbox 205 3268 3470 3366">
    <p class='ocr_par' dir='ltr' id='par_1_63' title="bbox 205 3268 3470 3366">
     <span class='ocr_line' id='line_1_63' title="bbox 205 3268 3470 3366; baseline 0.009 -46"><span class='ocrx_word' id='word_1_490' title='bbox 205 3268 346 3339; x_wconf 69' lang='grc' dir='ltr'>ὅπερ</span> <span class='ocrx_word' id='word_1_491' title='bbox 378 3270 578 3323; x_wconf 82' lang='grc' dir='ltr'>ἐκεῖνοί</span> <span class='ocrx_word' id='word_1_492' title='bbox 633 3288 824 3339; x_wconf 87' lang='grc' dir='ltr'>φασιν,</span> <span class='ocrx_word' id='word_1_493' title='bbox 871 3273 1010 3329; x_wconf 80' lang='grc' dir='ltr'>ἀλλὰ</span> <span class='ocrx_word' id='word_1_494' title='bbox 1056 3279 1153 3329; x_wconf 69' lang='grc' dir='ltr'>καὶ</span> <span class='ocrx_word' id='word_1_495' title='bbox 1179 3278 1387 3350; x_wconf 76' lang='grc' dir='ltr'>διανοίᾳ</span> <span class='ocrx_word' id='word_1_496' title='bbox 1421 3280 1786 3350; x_wconf 69' lang='grc' dir='ltr'>θεραπεύεται</span> <span class='ocrx_word' id='word_1_497' title='bbox 1814 3280 1857 3340; x_wconf 84' lang='lat' dir='ltr'><strong><em>C</em></strong></span> <span class='ocrx_word' id='word_1_498' title='bbox 1888 3288 1977 3343; x_wconf 86' lang='grc' dir='ltr'>διά</span> <span class='ocrx_word' id='word_1_499' title='bbox 2006 3292 2104 3360; x_wconf 88' lang='grc' dir='ltr'>τῆς</span> <span class='ocrx_word' id='word_1_500' title='bbox 2144 3295 2382 3362; x_wconf 75' lang='grc' dir='ltr'>σφαγῆς,</span> <span class='ocrx_word' id='word_1_501' title='bbox 2420 3294 2487 3364; x_wconf 78' lang='grc' dir='ltr'>ῆν</span> <span class='ocrx_word' id='word_1_502' title='bbox 2535 3268 2792 3364; x_wconf 72' lang='grc' dir='ltr'>ἐπιφέρει</span> <span class='ocrx_word' id='word_1_503' title='bbox 2820 3297 2904 3364; x_wconf 83' lang='grc' dir='ltr'>ἐφ’</span> <span class='ocrx_word' id='word_1_504' title='bbox 2935 3268 3346 3366; x_wconf 35' lang='grc' dir='ltr'>ἔαυτῷίΤοῦτο</span> <span class='ocrx_word' id='word_1_505' title='bbox 3373 3296 3470 3351; x_wconf 79' lang='grc' dir='ltr'>οὖν</span> 
     </span>
    </p>
   </div>
   <div class='ocr_carea' id='block_1_64' title="bbox 203 3360 1780 3444">
    <p class='ocr_par' dir='ltr' id='par_1_64' title="bbox 203 3360 1780 3444">
     <span class='ocr_line' id='line_1_64' title="bbox 203 3360 1780 3444; baseline 0.009 -32"><span class='ocrx_word' id='word_1_506' title='bbox 203 3360 390 3425; x_wconf 73' lang='grc' dir='ltr'>αὐτὸς,</span> <span class='ocrx_word' id='word_1_507' title='bbox 425 3364 519 3413; x_wconf 71' lang='grc' dir='ltr'>καὶ</span> <span class='ocrx_word' id='word_1_508' title='bbox 559 3363 624 3416; x_wconf 81' lang='grc' dir='ltr'>τά</span> <span class='ocrx_word' id='word_1_509' title='bbox 655 3363 833 3416; x_wconf 81' lang='grc' dir='ltr'>πάντα</span> <span class='ocrx_word' id='word_1_510' title='bbox 871 3365 1037 3419; x_wconf 82' lang='grc' dir='ltr'>αὑτοῦ</span> <span class='ocrx_word' id='word_1_511' title='bbox 1081 3370 1218 3434; x_wconf 77' lang='grc' dir='ltr'>ἐστι,</span> <span class='ocrx_word' id='word_1_512' title='bbox 1260 3373 1411 3441; x_wconf 88' lang='grc' dir='ltr'>φησί.</span> <span class='ocrx_word' id='word_1_513' title='bbox 1450 3372 1639 3443; x_wconf 81' lang='grc' dir='ltr'>Ὅρισε</span> <span class='ocrx_word' id='word_1_514' title='bbox 1681 3376 1780 3444; x_wconf 87' lang='grc' dir='ltr'>ζη-</span> 
     </span>
    </p>
   </div>
   <div class='ocr_carea' id='block_1_65' title="bbox 196 3455 1776 3536">
    <p class='ocr_par' dir='ltr' id='par_1_65' title="bbox 196 3455 1776 3536">
     <span class='ocr_line' id='line_1_65' title="bbox 196 3455 1776 3536; baseline 0.008 -31"><span class='ocrx_word' id='word_1_515' title='bbox 196 3455 366 3522; x_wconf 85' lang='grc' dir='ltr'>τῆσαι</span> <span class='ocrx_word' id='word_1_516' title='bbox 421 3457 516 3508; x_wconf 61' lang='grc' dir='ltr'>τὸν</span> <span class='ocrx_word' id='word_1_517' title='bbox 554 3456 709 3520; x_wconf 77' lang='grc' dir='ltr'>Θεὸν,</span> <span class='ocrx_word' id='word_1_518' title='bbox 758 3458 873 3510; x_wconf 85' lang='grc' dir='ltr'>ἀλλ’</span> <span class='ocrx_word' id='word_1_519' title='bbox 913 3460 974 3512; x_wconf 81' lang='grc' dir='ltr'>οὐ</span> <span class='ocrx_word' id='word_1_520' title='bbox 1008 3460 1099 3513; x_wconf 78' lang='grc' dir='ltr'>διὰ</span> <span class='ocrx_word' id='word_1_521' title='bbox 1139 3464 1341 3523; x_wconf 64' lang='grc' dir='ltr'>παντὸς</span> <span class='ocrx_word' id='word_1_522' title='bbox 1372 3463 1531 3517; x_wconf 87' lang='grc' dir='ltr'>τοῦτο</span> <span class='ocrx_word' id='word_1_523' title='bbox 1558 3464 1776 3536; x_wconf 83' lang='grc' dir='ltr'>ὥρισεν,</span> 
     </span>
    </p>
   </div>
   <div class='ocr_carea' id='block_1_66' title="bbox 199 3548 1782 3623">
    <p class='ocr_par' dir='ltr' id='par_1_66' title="bbox 199 3548 1782 3623">
     <span class='ocr_line' id='line_1_66' title="bbox 199 3548 1782 3623; baseline 0.008 -24"><span class='ocrx_word' id='word_1_524' title='bbox 199 3548 339 3599; x_wconf 69' lang='grc' dir='ltr'>ἀλλὰ</span> <span class='ocrx_word' id='word_1_525' title='bbox 380 3567 398 3599; x_wconf 79' lang='grc' dir='ltr'>ι</span> <span class='ocrx_word' id='word_1_526' title='bbox 436 3551 950 3619; x_wconf 79' lang='grc' dir='ltr'>προστεταγμένους</span> <span class='ocrx_word' id='word_1_527' title='bbox 979 3552 1205 3623; x_wconf 89' lang='grc' dir='ltr'>καιρούς</span> <span class='ocrx_word' id='word_1_528' title='bbox 1230 3571 1243 3584; x_wconf 93' lang='grc'><strong>·</strong></span> <span class='ocrx_word' id='word_1_529' title='bbox 1287 3574 1307 3607; x_wconf 74' lang='grc' dir='ltr'>ι</span> <span class='ocrx_word' id='word_1_530' title='bbox 1341 3554 1553 3620; x_wconf 87' lang='grc' dir='ltr'>δεικνὺς</span> <span class='ocrx_word' id='word_1_531' title='bbox 1584 3560 1666 3611; x_wconf 85' lang='grc' dir='ltr'>ὅτι</span> <span class='ocrx_word' id='word_1_532' title='bbox 1687 3558 1782 3612; x_wconf 86' lang='grc' dir='ltr'>νῦν</span> 
     </span>
    </p>
   </div>
   <div class='ocr_carea' id='block_1_67' title="bbox 197 3634 1783 3720">
    <p class='ocr_par' dir='ltr' id='par_1_67' title="bbox 197 3634 1783 3720">
     <span class='ocr_line' id='line_1_67' title="bbox 197 3634 1783 3720; baseline 0.006 -27"><span class='ocrx_word' id='word_1_533' title='bbox 197 3640 318 3709; x_wconf 58' lang='grc' dir='ltr'>οὕλὶ</span> <span class='ocrx_word' id='word_1_534' title='bbox 348 3642 689 3709; x_wconf 78' lang='grc' dir='ltr'>ζητήσαντες</span> <span class='ocrx_word' id='word_1_535' title='bbox 717 3634 899 3712; x_wconf 74' lang='grc' dir='ltr'>εὖρον.</span> <span class='ocrx_word' id='word_1_536' title='bbox 939 3644 1159 3715; x_wconf 81' lang='grc' dir='ltr'>Ἐπειδὴ</span> <span class='ocrx_word' id='word_1_537' title='bbox 1194 3647 1304 3716; x_wconf 81' lang='grc' dir='ltr'>γάρ</span> <span class='ocrx_word' id='word_1_538' title='bbox 1334 3648 1668 3717; x_wconf 80' lang='grc' dir='ltr'>ζητήσαντες</span> <span class='ocrx_word' id='word_1_539' title='bbox 1685 3651 1783 3720; x_wconf 83' lang='grc' dir='ltr'>οὐχ</span> 
     </span>
    </p>
   </div>
   <div class='ocr_carea' id='block_1_68' title="bbox 199 3726 1784 3809">
    <p class='ocr_par' dir='ltr' id='par_1_68' title="bbox 199 3726 1784 3809">
     <span class='ocr_line' id='line_1_68' title="bbox 199 3726 1784 3809; baseline 0.006 -27"><span class='ocrx_word' id='word_1_540' title='bbox 199 3726 379 3800; x_wconf 65' lang='grc' dir='ltr'>εἶρε-ι,</span> <span class='ocrx_word' id='word_1_541' title='bbox 407 3732 681 3785; x_wconf 81' lang='grc' dir='ltr'>δείκνυσιν</span> <span class='ocrx_word' id='word_1_542' title='bbox 708 3734 792 3785; x_wconf 85' lang='grc' dir='ltr'>ὅτι</span> <span class='ocrx_word' id='word_1_543' title='bbox 820 3733 997 3798; x_wconf 76' lang='grc' dir='ltr'>οὕτως</span> <span class='ocrx_word' id='word_1_544' title='bbox 1021 3731 1089 3805; x_wconf 83' lang='grc' dir='ltr'>ἦν</span> <span class='ocrx_word' id='word_1_545' title='bbox 1111 3737 1369 3807; x_wconf 82' lang='grc' dir='ltr'>φανερὸς,</span> <span class='ocrx_word' id='word_1_546' title='bbox 1390 3738 1580 3809; x_wconf 80' lang='grc' dir='ltr'>ὥσπερ</span> <span class='ocrx_word' id='word_1_547' title='bbox 1604 3741 1670 3794; x_wconf 78' lang='grc' dir='ltr'>ἂν</span> <span class='ocrx_word' id='word_1_548' title='bbox 1703 3742 1784 3803; x_wconf 85' lang='grc' dir='ltr'>εἰς</span> 
     </span>
    </p>
   </div>
   <div class='ocr_carea' id='block_1_69' title="bbox 203 3824 1782 3905">
    <p class='ocr_par' dir='ltr' id='par_1_69' title="bbox 203 3824 1782 3905">
     <span class='ocr_line' id='line_1_69' title="bbox 203 3824 1782 3905; baseline 0.008 -30"><span class='ocrx_word' id='word_1_549' title='bbox 203 3825 371 3889; x_wconf 76' lang='grc' dir='ltr'>μέσον</span> <span class='ocrx_word' id='word_1_550' title='bbox 394 3842 449 3876; x_wconf 88' lang='grc' dir='ltr'>τι</span> <span class='ocrx_word' id='word_1_551' title='bbox 480 3824 902 3895; x_wconf 77' lang='grc' dir='ltr'>ψηλαφώμενον.</span> <span class='ocrx_word' id='word_1_552' title='bbox 935 3829 1010 3880; x_wconf 89' lang='grc' dir='ltr'>Ού</span> <span class='ocrx_word' id='word_1_553' title='bbox 1044 3829 1152 3900; x_wconf 84' lang='grc' dir='ltr'>γάρ</span> <span class='ocrx_word' id='word_1_554' title='bbox 1177 3830 1411 3884; x_wconf 86' lang='grc' dir='ltr'>ἐνταῦθα</span> <span class='ocrx_word' id='word_1_555' title='bbox 1434 3827 1502 3903; x_wconf 62' lang='grc' dir='ltr'>ῆν</span> <span class='ocrx_word' id='word_1_556' title='bbox 1530 3834 1782 3905; x_wconf 81' lang='grc' dir='ltr'>οὐρανὸς,</span> 
     </span>
    </p>
   </div>
   <div class='ocr_carea' id='block_1_70' title="bbox 202 3916 1783 3995">
    <p class='ocr_par' dir='ltr' id='par_1_70' title="bbox 202 3916 1783 3995">
     <span class='ocr_line' id='line_1_70' title="bbox 202 3916 1783 3995; baseline 0.008 -28"><span class='ocrx_word' id='word_1_557' title='bbox 202 3916 442 3985; x_wconf 67' lang='grc' dir='ltr'>ἀλλαχοῦ</span> <span class='ocrx_word' id='word_1_558' title='bbox 462 3916 515 3969; x_wconf 77' lang='grc' dir='ltr'>δὲ</span> <span class='ocrx_word' id='word_1_559' title='bbox 546 3916 604 3969; x_wconf 84' lang='grc' dir='ltr'>οῦ</span> <span class='ocrx_word' id='word_1_560' title='bbox 624 3932 641 3949; x_wconf 78' lang='grc'><strong><em>⁸</em></strong></span> <span class='ocrx_word' id='word_1_561' title='bbox 662 3918 782 3971; x_wconf 82' lang='grc' dir='ltr'>ούδέ</span> <span class='ocrx_word' id='word_1_562' title='bbox 814 3921 873 3972; x_wconf 87' lang='grc' dir='ltr'>ὲν</span> <span class='ocrx_word' id='word_1_563' title='bbox 892 3920 1065 3991; x_wconf 86' lang='grc' dir='ltr'>τούτῳ</span> <span class='ocrx_word' id='word_1_564' title='bbox 1083 3921 1161 3990; x_wconf 81' lang='grc' dir='ltr'>τῷ</span> <span class='ocrx_word' id='word_1_565' title='bbox 1181 3922 1358 3993; x_wconf 85' lang='grc' dir='ltr'>χρόνῳ</span> <span class='ocrx_word' id='word_1_566' title='bbox 1384 3920 1451 3993; x_wconf 81' lang='grc' dir='ltr'>ἦν</span> <span class='ocrx_word' id='word_1_567' title='bbox 1484 3926 1601 3995; x_wconf 76' lang='grc' dir='ltr'>μὲν,</span> <span class='ocrx_word' id='word_1_568' title='bbox 1636 3926 1783 3994; x_wconf 77' lang='grc' dir='ltr'>ἄλλῳ</span> 
     </span>
    </p>
   </div>
   <div class='ocr_carea' id='block_1_71' title="bbox 202 4012 1782 4089">
    <p class='ocr_par' dir='ltr' id='par_1_71' title="bbox 202 4012 1782 4089">
     <span class='ocr_line' id='line_1_71' title="bbox 202 4012 1782 4089; baseline 0.008 -26"><span class='ocrx_word' id='word_1_569' title='bbox 202 4013 256 4064; x_wconf 76' lang='grc' dir='ltr'>δὲ</span> <span class='ocrx_word' id='word_1_570' title='bbox 287 4012 371 4065; x_wconf 72' lang='grc' dir='ltr'>οὗ.</span> <span class='ocrx_word' id='word_1_571' title='bbox 405 4014 572 4065; x_wconf 76' lang='grc' dir='ltr'>Ὥστε</span> <span class='ocrx_word' id='word_1_572' title='bbox 600 4016 692 4066; x_wconf 72' lang='grc' dir='ltr'>καὶ</span> <span class='ocrx_word' id='word_1_573' title='bbox 716 4016 857 4069; x_wconf 74' lang='grc' dir='ltr'>κατὰ</span> <span class='ocrx_word' id='word_1_574' title='bbox 887 4018 1065 4070; x_wconf 87' lang='grc' dir='ltr'>πάντα</span> <span class='ocrx_word' id='word_1_575' title='bbox 1092 4020 1302 4088; x_wconf 76' lang='grc' dir='ltr'>καιρὸν,</span> <span class='ocrx_word' id='word_1_576' title='bbox 1331 4022 1428 4072; x_wconf 77' lang='grc' dir='ltr'>καὶ</span> <span class='ocrx_word' id='word_1_577' title='bbox 1452 4021 1589 4089; x_wconf 83' lang='grc' dir='ltr'>κατᾲ</span> <span class='ocrx_word' id='word_1_578' title='bbox 1603 4025 1782 4076; x_wconf 81' lang='grc' dir='ltr'>πᾶσαν</span> 
     </span>
    </p>
   </div>
   <div class='ocr_carea' id='block_1_72' title="bbox 200 4105 1780 4184">
    <p class='ocr_par' dir='ltr' id='par_1_72' title="bbox 200 4105 1780 4184">
     <span class='ocr_line' id='line_1_72' title="bbox 200 4105 1780 4184; baseline 0.007 -27"><span class='ocrx_word' id='word_1_579' title='bbox 200 4105 487 4174; x_wconf 72' lang='grc' dir='ltr'>ὁροθεσίαν</span> <span class='ocrx_word' id='word_1_580' title='bbox 516 4107 741 4160; x_wconf 77' lang='grc' dir='ltr'>δυνατὸν</span> <span class='ocrx_word' id='word_1_581' title='bbox 772 4108 938 4162; x_wconf 78' lang='grc' dir='ltr'>αὐτὸν</span> <span class='ocrx_word' id='word_1_582' title='bbox 966 4110 1170 4179; x_wconf 84' lang='grc' dir='ltr'>εὑρεῖν.</span> <span class='ocrx_word' id='word_1_583' title='bbox 1220 4109 1409 4173; x_wconf 77' lang='grc' dir='ltr'>Οὕτως</span> <span class='ocrx_word' id='word_1_584' title='bbox 1438 4113 1546 4182; x_wconf 84' lang='grc' dir='ltr'>γὰρ</span> <span class='ocrx_word' id='word_1_585' title='bbox 1576 4114 1780 4184; x_wconf 83' lang='grc' dir='ltr'>ᾠκονό-</span> 
     </span>
    </p>
   </div>
   <div class='ocr_carea' id='block_1_73' title="bbox 205 4194 1777 4275">
    <p class='ocr_par' dir='ltr' id='par_1_73' title="bbox 205 4194 1777 4275">
     <span class='ocr_line' id='line_1_73' title="bbox 205 4194 1777 4275; baseline 0.006 -28"><span class='ocrx_word' id='word_1_586' title='bbox 205 4213 404 4264; x_wconf 78' lang='grc' dir='ltr'>μησεν,</span> <span class='ocrx_word' id='word_1_587' title='bbox 453 4194 596 4247; x_wconf 83' lang='grc' dir='ltr'>ὥστε</span> <span class='ocrx_word' id='word_1_588' title='bbox 644 4196 784 4266; x_wconf 83' lang='grc' dir='ltr'>μήτε</span> <span class='ocrx_word' id='word_1_589' title='bbox 821 4198 972 4267; x_wconf 86' lang='grc' dir='ltr'>τόπῳ</span> <span class='ocrx_word' id='word_1_590' title='bbox 1022 4199 1374 4266; x_wconf 89' lang='grc' dir='ltr'>κωλύεσθαι,</span> <span class='ocrx_word' id='word_1_591' title='bbox 1416 4204 1552 4272; x_wconf 86' lang='grc' dir='ltr'>μήτε</span> <span class='ocrx_word' id='word_1_592' title='bbox 1580 4205 1777 4275; x_wconf 82' lang='grc' dir='ltr'>χρόνῳ.</span> 
     </span>
    </p>
   </div>
   <div class='ocr_carea' id='block_1_74' title="bbox 204 4287 1784 4358">
    <p class='ocr_par' dir='ltr' id='par_1_74' title="bbox 204 4287 1784 4358">
     <span class='ocr_line' id='line_1_74' title="bbox 204 4287 1784 4358; baseline 0.007 -20"><span class='ocrx_word' id='word_1_593' title='bbox 204 4289 345 4339; x_wconf 71' lang='grc' dir='ltr'>Αὐτὸ</span> <span class='ocrx_word' id='word_1_594' title='bbox 380 4287 492 4356; x_wconf 83' lang='grc' dir='ltr'>γὰρ</span> <span class='ocrx_word' id='word_1_595' title='bbox 526 4288 591 4358; x_wconf 82' lang='grc' dir='ltr'>δὴ</span> <span class='ocrx_word' id='word_1_596' title='bbox 621 4290 781 4341; x_wconf 85' lang='grc' dir='ltr'>τοῦτο</span> <span class='ocrx_word' id='word_1_597' title='bbox 816 4290 1054 4358; x_wconf 88' lang='grc' dir='ltr'>μάλιστα</span> <span class='ocrx_word' id='word_1_598' title='bbox 1084 4292 1270 4355; x_wconf 85' lang='grc' dir='ltr'>αὐτοῖς</span> <span class='ocrx_word' id='word_1_599' title='bbox 1312 4294 1689 4358; x_wconf 90' lang='grc' dir='ltr'>συνεϐάλλετο,</span> <span class='ocrx_word' id='word_1_600' title='bbox 1722 4296 1784 4349; x_wconf 86' lang='grc' dir='ltr'>τδ</span> 
     </span>
    </p>
   </div>
   <div class='ocr_carea' id='block_1_75' title="bbox 202 4375 1783 4458">
    <p class='ocr_par' dir='ltr' id='par_1_75' title="bbox 202 4375 1783 4458">
     <span class='ocr_line' id='line_1_75' title="bbox 202 4375 1783 4458; baseline 0.009 -33"><span class='ocrx_word' id='word_1_601' title='bbox 202 4377 484 4446; x_wconf 78' lang='grc' dir='ltr'>τανταχοῦ</span> <span class='ocrx_word' id='word_1_602' title='bbox 545 4375 687 4432; x_wconf 85' lang='grc' dir='ltr'>εἶναι</span> <span class='ocrx_word' id='word_1_603' title='bbox 734 4380 827 4434; x_wconf 78' lang='grc' dir='ltr'>τὸν</span> <span class='ocrx_word' id='word_1_604' title='bbox 876 4382 1145 4450; x_wconf 77' lang='grc' dir='ltr'>οὐρανὸν,</span> <span class='ocrx_word' id='word_1_605' title='bbox 1200 4384 1262 4437; x_wconf 81' lang='grc' dir='ltr'>τὸ</span> <span class='ocrx_word' id='word_1_606' title='bbox 1311 4386 1369 4437; x_wconf 83' lang='grc' dir='ltr'>ἐν</span> <span class='ocrx_word' id='word_1_607' title='bbox 1402 4388 1564 4439; x_wconf 84' lang='grc' dir='ltr'>παντί</span> <span class='ocrx_word' id='word_1_608' title='bbox 1604 4389 1783 4458; x_wconf 85' lang='grc' dir='ltr'>χρόνῳ</span> 
     </span>
    </p>
   </div>
   <div class='ocr_carea' id='block_1_76' title="bbox 203 4467 1781 4547">
    <p class='ocr_par' dir='ltr' id='par_1_76' title="bbox 203 4467 1781 4547">
     <span class='ocr_line' id='line_1_76' title="bbox 203 4467 1781 4547; baseline 0.007 -28"><span class='ocrx_word' id='word_1_609' title='bbox 203 4470 453 4523; x_wconf 78' lang='grc' dir='ltr'>ἑστάναι.</span> <span class='ocrx_word' id='word_1_610' title='bbox 518 4469 663 4538; x_wconf 82' lang='grc' dir='ltr'>Ὅρα</span> <span class='ocrx_word' id='word_1_611' title='bbox 693 4467 797 4523; x_wconf 86' lang='grc' dir='ltr'>ποῦ</span> <span class='ocrx_word' id='word_1_612' title='bbox 828 4470 1082 4542; x_wconf 81' lang='grc' dir='ltr'>καθαίρει</span> <span class='ocrx_word' id='word_1_613' title='bbox 1114 4471 1180 4544; x_wconf 77' lang='grc' dir='ltr'>[Ῑ.</span> <span class='ocrx_word' id='word_1_614' title='bbox 1212 4474 1489 4547; x_wconf 87' lang='grc' dir='ltr'>καθαιρεῖ]</span> <span class='ocrx_word' id='word_1_615' title='bbox 1525 4478 1648 4540; x_wconf 75' lang='grc' dir='ltr'>τοὺς</span> <span class='ocrx_word' id='word_1_616' title='bbox 1682 4494 1781 4547; x_wconf 83' lang='grc' dir='ltr'>με-</span> 
     </span>
    </p>
   </div>
   <div class='ocr_carea' id='block_1_77' title="bbox 202 4560 1779 4635">
    <p class='ocr_par' dir='ltr' id='par_1_77' title="bbox 202 4560 1779 4635">
     <span class='ocr_line' id='line_1_77' title="bbox 202 4560 1779 4635; baseline 0.006 -22"><span class='ocrx_word' id='word_1_617' title='bbox 202 4560 413 4632; x_wconf 64' lang='lat' dir='ltr'>pauco-3;.</span> <span class='ocrx_word' id='word_1_618' title='bbox 473 4561 538 4612; x_wconf 87' lang='grc' dir='ltr'>Τί</span> <span class='ocrx_word' id='word_1_619' title='bbox 589 4562 732 4628; x_wconf 79' lang='grc' dir='ltr'>λέγω</span> <span class='ocrx_word' id='word_1_620' title='bbox 777 4565 1030 4633; x_wconf 82' lang='grc' dir='ltr'>μακράν;</span> <span class='ocrx_word' id='word_1_621' title='bbox 1078 4564 1251 4627; x_wconf 80' lang='grc' dir='ltr'>οὕτως</span> <span class='ocrx_word' id='word_1_622' title='bbox 1291 4567 1457 4635; x_wconf 82' lang='grc' dir='ltr'>ἐγγύς</span> <span class='ocrx_word' id='word_1_623' title='bbox 1503 4571 1652 4622; x_wconf 88' lang='grc' dir='ltr'>ἐστιν</span> <span class='ocrx_word' id='word_1_624' title='bbox 1703 4570 1779 4633; x_wconf 81' lang='grc' dir='ltr'>ὡς</span> 
     </span>
    </p>
   </div>
   <div class='ocr_carea' id='block_1_78' title="bbox 200 4657 1782 4733">
    <p class='ocr_par' dir='ltr' id='par_1_78' title="bbox 200 4657 1782 4733">
     <span class='ocr_line' id='line_1_78' title="bbox 200 4657 1782 4733; baseline 0.003 -22"><span class='ocrx_word' id='word_1_625' title='bbox 200 4659 374 4730; x_wconf 73' lang='grc' dir='ltr'>χωρὶς</span> <span class='ocrx_word' id='word_1_626' title='bbox 408 4657 575 4712; x_wconf 77' lang='grc' dir='ltr'>αὐτοῦ</span> <span class='ocrx_word' id='word_1_627' title='bbox 620 4657 695 4729; x_wconf 79' lang='grc' dir='ltr'>μὴ</span> <span class='ocrx_word' id='word_1_628' title='bbox 731 4658 854 4727; x_wconf 77' lang='grc' dir='ltr'>ζῇν.</span> <span class='ocrx_word' id='word_1_629' title='bbox 918 4677 936 4709; x_wconf 80' lang='grc' dir='ltr'>ι</span> <span class='ocrx_word' id='word_1_630' title='bbox 986 4662 1073 4713; x_wconf 82' lang='grc' dir='ltr'>Ἐν</span> <span class='ocrx_word' id='word_1_631' title='bbox 1114 4662 1261 4731; x_wconf 81' lang='grc' dir='ltr'>αὐτῷ</span> <span class='ocrx_word' id='word_1_632' title='bbox 1290 4662 1398 4731; x_wconf 85' lang='grc' dir='ltr'>γὰρ</span> <span class='ocrx_word' id='word_1_633' title='bbox 1440 4662 1645 4733; x_wconf 83' lang='grc' dir='ltr'>ζῶμεν,</span> <span class='ocrx_word' id='word_1_634' title='bbox 1686 4665 1782 4716; x_wconf 73' lang='grc' dir='ltr'>καὶ</span> 
     </span>
    </p>
   </div>
   <div class='ocr_carea' id='block_1_79' title="bbox 199 4747 1781 4824">
    <p class='ocr_par' dir='ltr' id='par_1_79' title="bbox 199 4747 1781 4824">
     <span class='ocr_line' id='line_1_79' title="bbox 199 4747 1781 4824; baseline 0.005 -23"><span class='ocrx_word' id='word_1_635' title='bbox 199 4747 527 4818; x_wconf 73' lang='grc' dir='ltr'>κινούμεθα,</span> <span class='ocrx_word' id='word_1_636' title='bbox 567 4750 661 4800; x_wconf 79' lang='grc' dir='ltr'>καὶ</span> <span class='ocrx_word' id='word_1_637' title='bbox 684 4750 850 4817; x_wconf 74' lang='grc' dir='ltr'>ἐσμέν</span> <span class='ocrx_word' id='word_1_638' title='bbox 887 4766 901 4781; x_wconf 79' lang='grc'><em>’</em></span> <span class='ocrx_word' id='word_1_639' title='bbox 928 4770 946 4801; x_wconf 75' lang='grc' dir='ltr'>ι</span> <span class='ocrx_word' id='word_1_640' title='bbox 982 4751 1172 4821; x_wconf 85' lang='grc' dir='ltr'>ὥσπερ</span> <span class='ocrx_word' id='word_1_641' title='bbox 1203 4755 1262 4805; x_wconf 83' lang='grc' dir='ltr'>ἐν</span> <span class='ocrx_word' id='word_1_642' title='bbox 1316 4755 1614 4824; x_wconf 83' lang='grc' dir='ltr'>σωματικῷ</span> <span class='ocrx_word' id='word_1_643' title='bbox 1646 4757 1781 4809; x_wconf 79' lang='grc' dir='ltr'>ὑποο</span> 
     </span>
    </p>
   </div>
   <div class='ocr_carea' id='block_1_80' title="bbox 199 4838 1783 4916">
    <p class='ocr_par' dir='ltr' id='par_1_80' title="bbox 199 4838 1783 4916">
     <span class='ocr_line' id='line_1_80' title="bbox 199 4838 1783 4916; baseline 0.005 -25"><span class='ocrx_word' id='word_1_644' title='bbox 199 4838 485 4906; x_wconf 81' lang='grc' dir='ltr'>δείγματι,</span> <span class='ocrx_word' id='word_1_645' title='bbox 518 4838 707 4908; x_wconf 84' lang='grc' dir='ltr'>ὥσπερ</span> <span class='ocrx_word' id='word_1_646' title='bbox 738 4839 1002 4895; x_wconf 83' lang='grc' dir='ltr'>ἀδύνατον</span> <span class='ocrx_word' id='word_1_647' title='bbox 1044 4843 1309 4913; x_wconf 86' lang='grc' dir='ltr'>ἀγνοῆσαι</span> <span class='ocrx_word' id='word_1_648' title='bbox 1341 4846 1431 4898; x_wconf 81' lang='grc' dir='ltr'>τὸν</span> <span class='ocrx_word' id='word_1_649' title='bbox 1470 4847 1610 4916; x_wconf 85' lang='grc' dir='ltr'>ἀέρα</span> <span class='ocrx_word' id='word_1_650' title='bbox 1651 4865 1783 4899; x_wconf 82' lang='grc' dir='ltr'>παν-</span> 
     </span>
    </p>
   </div>
   <div class='ocr_carea' id='block_1_81' title="bbox 199 4928 1779 5005">
    <p class='ocr_par' dir='ltr' id='par_1_81' title="bbox 199 4928 1779 5005">
     <span class='ocr_line' id='line_1_81' title="bbox 199 4928 1779 5005; baseline 0.007 -25"><span class='ocrx_word' id='word_1_651' title='bbox 199 4928 368 4997; x_wconf 80' lang='grc' dir='ltr'>ταχοῦ</span> <span class='ocrx_word' id='word_1_652' title='bbox 404 4931 726 4998; x_wconf 83' lang='grc' dir='ltr'>κεχυμένον,</span> <span class='ocrx_word' id='word_1_653' title='bbox 771 4933 864 4984; x_wconf 73' lang='grc' dir='ltr'>καὶ</span> <span class='ocrx_word' id='word_1_654' title='bbox 886 4934 948 4985; x_wconf 76' lang='grc' dir='ltr'>οὐ</span> <span class='ocrx_word' id='word_1_655' title='bbox 985 4936 1204 5005; x_wconf 72' lang='grc' dir='ltr'>μακράν</span> <span class='ocrx_word' id='word_1_656' title='bbox 1234 4939 1342 4990; x_wconf 71' lang='grc' dir='ltr'>ἀπὸ</span> <span class='ocrx_word' id='word_1_657' title='bbox 1386 4938 1504 5001; x_wconf 78' lang='grc' dir='ltr'>ἐνὸς</span> <span class='ocrx_word' id='word_1_658' title='bbox 1545 4941 1779 4993; x_wconf 80' lang='grc' dir='ltr'>ἑκάστου</span> 
     </span>
    </p>
   </div>
   <div class='ocr_carea' id='block_1_82' title="bbox 201 5020 1780 5099">
    <p class='ocr_par' dir='ltr' id='par_1_82' title="bbox 201 5020 1780 5099">
     <span class='ocr_line' id='line_1_82' title="bbox 201 5020 1780 5099; baseline 0.009 -29"><span class='ocrx_word' id='word_1_659' title='bbox 201 5020 361 5088; x_wconf 73' lang='grc' dir='ltr'>ἡμῶν</span> <span class='ocrx_word' id='word_1_660' title='bbox 392 5020 731 5090; x_wconf 83' lang='grc' dir='ltr'>ὑπάρχοντα,</span> <span class='ocrx_word' id='word_1_661' title='bbox 774 5024 976 5092; x_wconf 80' lang='grc' dir='ltr'>μᾶλλον</span> <span class='ocrx_word' id='word_1_662' title='bbox 1005 5027 1062 5079; x_wconf 89' lang='grc' dir='ltr'>δέ</span> <span class='ocrx_word' id='word_1_663' title='bbox 1095 5030 1185 5080; x_wconf 76' lang='grc' dir='ltr'>καὶ</span> <span class='ocrx_word' id='word_1_664' title='bbox 1213 5031 1270 5080; x_wconf 84' lang='grc' dir='ltr'>ἐν</span> <span class='ocrx_word' id='word_1_665' title='bbox 1305 5031 1436 5099; x_wconf 82' lang='grc' dir='ltr'>ἡμῖν</span> <span class='ocrx_word' id='word_1_666' title='bbox 1459 5030 1607 5085; x_wconf 75' lang='grc' dir='ltr'>ὅντα.</span> <span class='ocrx_word' id='word_1_667' title='bbox 1639 5031 1780 5084; x_wconf 84' lang='grc' dir='ltr'>Ἀλλ’</span> 
     </span>
    </p>
   </div>
   <div class='ocr_carea' id='block_1_83' title="bbox 201 5110 1781 5191">
    <p class='ocr_par' dir='ltr' id='par_1_83' title="bbox 201 5110 1781 5191">
     <span class='ocr_line' id='line_1_83' title="bbox 201 5110 1781 5191; baseline 0.008 -26"><span class='ocrx_word' id='word_1_668' title='bbox 201 5113 358 5165; x_wconf 69' lang='grc' dir='ltr'>οὐδὲν</span> <span class='ocrx_word' id='word_1_669' title='bbox 385 5112 499 5165; x_wconf 79' lang='grc' dir='ltr'>ἴσον</span> <span class='ocrx_word' id='word_1_670' title='bbox 528 5110 684 5167; x_wconf 72' lang='grc' dir='ltr'>εἶπεν</span> <span class='ocrx_word' id='word_1_671' title='bbox 715 5116 743 5168; x_wconf 83' lang='grc' dir='ltr'>δ</span> <span class='ocrx_word' id='word_1_672' title='bbox 783 5117 1015 5188; x_wconf 79' lang='grc' dir='ltr'>ποιητὴς</span> <span class='ocrx_word' id='word_1_673' title='bbox 1065 5122 1274 5183; x_wconf 75' lang='grc' dir='ltr'>ἐκεῖνος</span> <span class='ocrx_word' id='word_1_674' title='bbox 1296 5138 1309 5151; x_wconf 91' lang='grc'><strong>·</strong></span> <span class='ocrx_word' id='word_1_675' title='bbox 1356 5141 1373 5173; x_wconf 82' lang='grc' dir='ltr'>ι</span> <span class='ocrx_word' id='word_1_676' title='bbox 1409 5121 1515 5175; x_wconf 86' lang='grc' dir='ltr'>Τοῦ</span> <span class='ocrx_word' id='word_1_677' title='bbox 1549 5125 1657 5191; x_wconf 81' lang='grc' dir='ltr'>γάρ</span> <span class='ocrx_word' id='word_1_678' title='bbox 1686 5126 1781 5178; x_wconf 70' lang='grc' dir='ltr'>καὶ</span> 
     </span>
    </p>
   </div>
   <div class='ocr_carea' id='block_1_84' title="bbox 202 5204 1781 5284">
    <p class='ocr_par' dir='ltr' id='par_1_84' title="bbox 202 5204 1781 5284">
     <span class='ocr_line' id='line_1_84' title="bbox 202 5204 1781 5284; baseline 0.008 -27"><span class='ocrx_word' id='word_1_679' title='bbox 202 5204 360 5272; x_wconf 77' lang='grc' dir='ltr'>γένος</span> <span class='ocrx_word' id='word_1_680' title='bbox 405 5206 592 5272; x_wconf 78' lang='grc' dir='ltr'>ἐσμέν.</span> <span class='ocrx_word' id='word_1_681' title='bbox 627 5225 646 5258; x_wconf 74' lang='grc' dir='ltr'>ι</span> <span class='ocrx_word' id='word_1_682' title='bbox 722 5208 864 5261; x_wconf 82' lang='grc' dir='ltr'>Ἀλλ’</span> <span class='ocrx_word' id='word_1_683' title='bbox 902 5211 1109 5273; x_wconf 80' lang='grc' dir='ltr'>ἐκεῖνος</span> <span class='ocrx_word' id='word_1_684' title='bbox 1144 5213 1241 5281; x_wconf 82' lang='grc' dir='ltr'>μὲν</span> <span class='ocrx_word' id='word_1_685' title='bbox 1277 5216 1404 5284; x_wconf 76' lang='grc' dir='ltr'>περὶ</span> <span class='ocrx_word' id='word_1_686' title='bbox 1436 5215 1531 5269; x_wconf 85' lang='grc' dir='ltr'>τοῦ</span> <span class='ocrx_word' id='word_1_687' title='bbox 1558 5216 1677 5280; x_wconf 82' lang='grc' dir='ltr'>Διὸς</span> <span class='ocrx_word' id='word_1_688' title='bbox 1706 5213 1781 5270; x_wconf 77' lang='grc' dir='ltr'>εἷ-</span> 
     </span>
    </p>
   </div>
   <div class='ocr_carea' id='block_1_85' title="bbox 204 5289 1777 5376">
    <p class='ocr_par' dir='ltr' id='par_1_85' title="bbox 204 5289 1777 5376">
     <span class='ocr_line' id='line_1_85' title="bbox 204 5289 1777 5376; baseline 0.01 -30"><span class='ocrx_word' id='word_1_689' title='bbox 204 5312 305 5347; x_wconf 83' lang='grc' dir='ltr'>πεν</span> <span class='ocrx_word' id='word_1_690' title='bbox 328 5311 346 5327; x_wconf 77' lang='grc'><strong><em>⁸</em></strong></span> <span class='ocrx_word' id='word_1_691' title='bbox 371 5289 525 5359; x_wconf 75' lang='grc' dir='ltr'>οὗτος</span> <span class='ocrx_word' id='word_1_692' title='bbox 553 5296 611 5348; x_wconf 79' lang='grc' dir='ltr'>δὲ</span> <span class='ocrx_word' id='word_1_693' title='bbox 645 5299 771 5368; x_wconf 74' lang='grc' dir='ltr'>περὶ</span> <span class='ocrx_word' id='word_1_694' title='bbox 798 5299 893 5352; x_wconf 83' lang='grc' dir='ltr'>τοῦ</span> <span class='ocrx_word' id='word_1_695' title='bbox 919 5302 1269 5372; x_wconf 87' lang='grc' dir='ltr'>Δημιουργοῦ</span> <span class='ocrx_word' id='word_1_696' title='bbox 1311 5306 1442 5358; x_wconf 82' lang='grc' dir='ltr'>αὐτὸ</span> <span class='ocrx_word' id='word_1_697' title='bbox 1487 5307 1777 5376; x_wconf 87' lang='grc' dir='ltr'>λαμϐάνει,</span> 
     </span>
    </p>
   </div>
   <div class='ocr_carea' id='block_1_86' title="bbox 201 5389 1780 5465">
    <p class='ocr_par' dir='ltr' id='par_1_86' title="bbox 201 5389 1780 5465">
     <span class='ocr_line' id='line_1_86' title="bbox 201 5389 1780 5465; baseline 0.008 -26"><span class='ocrx_word' id='word_1_698' title='bbox 201 5389 262 5440; x_wconf 74' lang='grc' dir='ltr'>οὐ</span> <span class='ocrx_word' id='word_1_699' title='bbox 295 5389 390 5440; x_wconf 85' lang='grc' dir='ltr'>τὸν</span> <span class='ocrx_word' id='word_1_700' title='bbox 438 5389 601 5442; x_wconf 82' lang='grc' dir='ltr'>αὐτὸν</span> <span class='ocrx_word' id='word_1_701' title='bbox 639 5391 833 5461; x_wconf 83' lang='grc' dir='ltr'>ἐκείνῳ</span> <span class='ocrx_word' id='word_1_702' title='bbox 877 5392 1051 5460; x_wconf 81' lang='grc' dir='ltr'>λέγων</span> <span class='ocrx_word' id='word_1_703' title='bbox 1076 5434 1091 5457; x_wconf 89' lang='grc'>,</span> <span class='ocrx_word' id='word_1_704' title='bbox 1132 5395 1206 5465; x_wconf 82' lang='grc' dir='ltr'>μὴ</span> <span class='ocrx_word' id='word_1_705' title='bbox 1236 5396 1481 5462; x_wconf 82' lang='grc' dir='ltr'>γένοιτοί</span> <span class='ocrx_word' id='word_1_706' title='bbox 1533 5399 1669 5452; x_wconf 88' lang='grc' dir='ltr'>ἀλλά</span> <span class='ocrx_word' id='word_1_707' title='bbox 1718 5401 1780 5452; x_wconf 88' lang='grc' dir='ltr'>τὸ</span> 
     </span>
    </p>
   </div>
   <div class='ocr_carea' id='block_1_87' title="bbox 204 5480 1782 5561">
    <p class='ocr_par' dir='ltr' id='par_1_87' title="bbox 204 5480 1782 5561">
     <span class='ocr_line' id='line_1_87' title="bbox 204 5480 1782 5561; baseline 0.009 -30"><span class='ocrx_word' id='word_1_708' title='bbox 204 5480 411 5550; x_wconf 66' lang='grc' dir='ltr'>κυρίως</span> <span class='ocrx_word' id='word_1_709' title='bbox 462 5482 549 5533; x_wconf 78' lang='grc' dir='ltr'>ἐπ’</span> <span class='ocrx_word' id='word_1_710' title='bbox 601 5482 749 5552; x_wconf 81' lang='grc' dir='ltr'>αὐτῷ</span> <span class='ocrx_word' id='word_1_711' title='bbox 793 5483 967 5552; x_wconf 85' lang='grc' dir='ltr'>λέγων</span> <span class='ocrx_word' id='word_1_712' title='bbox 1019 5500 1033 5515; x_wconf 85' lang='grc'><strong>·</strong></span> <span class='ocrx_word' id='word_1_713' title='bbox 1076 5487 1197 5539; x_wconf 77' lang='grc' dir='ltr'>ἐπεὶ</span> <span class='ocrx_word' id='word_1_714' title='bbox 1245 5487 1301 5541; x_wconf 81' lang='grc' dir='ltr'>δὲ</span> <span class='ocrx_word' id='word_1_715' title='bbox 1340 5487 1403 5559; x_wconf 83' lang='lat' dir='ltr'>[f.</span> <span class='ocrx_word' id='word_1_716' title='bbox 1445 5488 1563 5561; x_wconf 73' lang='grc' dir='ltr'>καὶ]</span> <span class='ocrx_word' id='word_1_717' title='bbox 1599 5490 1782 5561; x_wconf 82' lang='grc' dir='ltr'>βωμὸν</span> 
     </span>
    </p>
   </div>
   <div class='ocr_carea' id='block_1_88' title="bbox 202 5569 1779 5652">
    <p class='ocr_par' dir='ltr' id='par_1_88' title="bbox 202 5569 1779 5652">
     <span class='ocr_line' id='line_1_88' title="bbox 202 5569 1779 5652; baseline 0.007 -27"><span class='ocrx_word' id='word_1_718' title='bbox 202 5572 397 5625; x_wconf 79' lang='grc' dir='ltr'>τούτου</span> <span class='ocrx_word' id='word_1_719' title='bbox 426 5569 599 5641; x_wconf 75' lang='grc' dir='ltr'>εἶπεν,</span> <span class='ocrx_word' id='word_1_720' title='bbox 630 5575 730 5629; x_wconf 84' lang='grc' dir='ltr'>οὐκ</span> <span class='ocrx_word' id='word_1_721' title='bbox 758 5578 967 5631; x_wconf 85' lang='grc' dir='ltr'>ἐκείνου</span> <span class='ocrx_word' id='word_1_722' title='bbox 1000 5572 1062 5632; x_wconf 77' lang='grc' dir='ltr'>οὗ</span> <span class='ocrx_word' id='word_1_723' title='bbox 1090 5579 1299 5635; x_wconf 89' lang='grc' dir='ltr'>ἔσεϐον.</span> <span class='ocrx_word' id='word_1_724' title='bbox 1332 5581 1372 5634; x_wconf 90' lang='grc' dir='ltr'><strong>Γ</strong></span> <span class='ocrx_word' id='word_1_725' title='bbox 1376 5582 1493 5645; x_wconf 88' lang='grc' dir='ltr'>ἐνος</span> <span class='ocrx_word' id='word_1_726' title='bbox 1511 5583 1618 5652; x_wconf 84' lang='grc' dir='ltr'>γάρ</span> <span class='ocrx_word' id='word_1_727' title='bbox 1642 5582 1779 5636; x_wconf 84' lang='grc' dir='ltr'>Θεοῦ</span> 
     </span>
    </p>
   </div>
   <div class='ocr_carea' id='block_1_89' title="bbox 201 5660 1779 5741">
    <p class='ocr_par' dir='ltr' id='par_1_89' title="bbox 201 5660 1779 5741">
     <span class='ocr_line' id='line_1_89' title="bbox 201 5660 1779 5741; baseline 0.006 -25"><span class='ocrx_word' id='word_1_728' title='bbox 201 5660 357 5717; x_wconf 83' lang='grc' dir='ltr'>εἶπεν</span> <span class='ocrx_word' id='word_1_729' title='bbox 395 5666 543 5735; x_wconf 79' lang='grc' dir='ltr'>ἡμᾶς</span> <span class='ocrx_word' id='word_1_730' title='bbox 587 5663 746 5731; x_wconf 81' lang='grc' dir='ltr'>εἶναι,</span> <span class='ocrx_word' id='word_1_731' title='bbox 788 5670 1071 5722; x_wconf 80' lang='grc' dir='ltr'>τουτέστιν</span> <span class='ocrx_word' id='word_1_732' title='bbox 1100 5672 1371 5737; x_wconf 86' lang='grc' dir='ltr'>οἰκείους,</span> <span class='ocrx_word' id='word_1_733' title='bbox 1418 5672 1779 5741; x_wconf 84' lang='grc' dir='ltr'>ἐγγυτάτους,</span> 
     </span>
    </p>
   </div>
   <div class='ocr_carea' id='block_1_90' title="bbox 206 5758 1779 5836">
    <p class='ocr_par' dir='ltr' id='par_1_90' title="bbox 206 5758 1779 5836">
     <span class='ocr_line' id='line_1_90' title="bbox 206 5758 1779 5836; baseline 0.004 -25"><span class='ocrx_word' id='word_1_734' title='bbox 206 5758 398 5827; x_wconf 84' lang='grc' dir='ltr'>ὥσπερ</span> <span class='ocrx_word' id='word_1_735' title='bbox 431 5758 726 5829; x_wconf 85' lang='grc' dir='ltr'>παροίκους</span> <span class='ocrx_word' id='word_1_736' title='bbox 746 5761 841 5813; x_wconf 72' lang='grc' dir='ltr'>καί⁸</span> <span class='ocrx_word' id='word_1_737' title='bbox 863 5762 1105 5829; x_wconf 88' lang='grc' dir='ltr'>γείτονας</span> <span class='ocrx_word' id='word_1_738' title='bbox 1130 5764 1257 5817; x_wconf 81' lang='grc' dir='ltr'>ὅταν</span> <span class='ocrx_word' id='word_1_739' title='bbox 1282 5764 1430 5836; x_wconf 76' lang='grc' dir='ltr'>λέγῃ.</span> <span class='ocrx_word' id='word_1_740' title='bbox 1458 5764 1573 5818; x_wconf 88' lang='grc' dir='ltr'>Ούκ</span> <span class='ocrx_word' id='word_1_741' title='bbox 1602 5759 1779 5832; x_wconf 75' lang='grc' dir='ltr'>εἶπεν,</span> 
     </span>
    </p>
   </div>
   <div class='ocr_carea' id='block_1_91' title="bbox 207 5847 1780 5927">
    <p class='ocr_par' dir='ltr' id='par_1_91' title="bbox 207 5847 1780 5927">
     <span class='ocr_line' id='line_1_91' title="bbox 207 5847 1780 5927; baseline 0.006 -26"><span class='ocrx_word' id='word_1_742' title='bbox 207 5848 320 5902; x_wconf 80' lang='grc' dir='ltr'>Οὐκ</span> <span class='ocrx_word' id='word_1_743' title='bbox 355 5847 600 5917; x_wconf 77' lang='grc' dir='ltr'>ὀφείλετε</span> <span class='ocrx_word' id='word_1_744' title='bbox 625 5850 867 5922; x_wconf 76' lang='grc' dir='ltr'>νομίζειν</span> <span class='ocrx_word' id='word_1_745' title='bbox 920 5853 1125 5926; x_wconf 81' lang='grc' dir='ltr'>χρυσῷ,</span> <span class='ocrx_word' id='word_1_746' title='bbox 1172 5854 1205 5926; x_wconf 83' lang='grc' dir='ltr'>ῆ</span> <span class='ocrx_word' id='word_1_747' title='bbox 1240 5853 1474 5927; x_wconf 80' lang='grc' dir='ltr'>ἀργύρῳ</span> <span class='ocrx_word' id='word_1_748' title='bbox 1518 5854 1579 5910; x_wconf 82' lang='grc' dir='ltr'>τδ</span> <span class='ocrx_word' id='word_1_749' title='bbox 1626 5855 1780 5912; x_wconf 79' lang='grc' dir='ltr'>Θείον</span> 
     </span>
    </p>
   </div>
   <div class='ocr_carea' id='block_1_92' title="bbox 1887 3373 3466 3454">
    <p class='ocr_par' dir='ltr' id='par_1_92' title="bbox 1887 3373 3466 3454">
     <span class='ocr_line' id='line_1_92' title="bbox 1887 3373 3466 3454; baseline 0.007 -26"><span class='ocrx_word' id='word_1_750' title='bbox 1887 3395 2051 3447; x_wconf 87' lang='grc' dir='ltr'>φησιν</span> <span class='ocrx_word' id='word_1_751' title='bbox 2072 3395 2086 3409; x_wconf 73' lang='grc' dir='ltr'><strong><em>ο</em></strong></span> <span class='ocrx_word' id='word_1_752' title='bbox 2135 3379 2277 3433; x_wconf 76' lang='grc' dir='ltr'>’Δνθ’</span> <span class='ocrx_word' id='word_1_753' title='bbox 2312 3373 2387 3434; x_wconf 83' lang='grc' dir='ltr'>ὧν</span> <span class='ocrx_word' id='word_1_754' title='bbox 2427 3381 2661 3449; x_wconf 75' lang='grc' dir='ltr'>σφάξετε</span> <span class='ocrx_word' id='word_1_755' title='bbox 2694 3383 2923 3445; x_wconf 78' lang='grc' dir='ltr'>ἑαυτοὺς</span> <span class='ocrx_word' id='word_1_756' title='bbox 2953 3382 3042 3436; x_wconf 81' lang='grc' dir='ltr'>διὰ</span> <span class='ocrx_word' id='word_1_757' title='bbox 3062 3384 3160 3454; x_wconf 88' lang='grc' dir='ltr'>τῆς</span> <span class='ocrx_word' id='word_1_758' title='bbox 3183 3384 3466 3452; x_wconf 82' lang='grc' dir='ltr'>ἀπιστίας,</span> 
     </span>
    </p>
   </div>
   <div class='ocr_carea' id='block_1_93' title="bbox 1883 3468 3460 3544">
    <p class='ocr_par' dir='ltr' id='par_1_93' title="bbox 1883 3468 3460 3544">
     <span class='ocr_line' id='line_1_93' title="bbox 1883 3468 3460 3544; baseline 0.005 -24"><span class='ocrx_word' id='word_1_759' title='bbox 1883 3468 2051 3521; x_wconf 88' lang='grc' dir='ltr'>αὐτοῦ</span> <span class='ocrx_word' id='word_1_760' title='bbox 2098 3470 2293 3523; x_wconf 90' lang='grc' dir='ltr'>τούτου</span> <span class='ocrx_word' id='word_1_761' title='bbox 2348 3471 2509 3541; x_wconf 79' lang='grc' dir='ltr'>ὑμεῖς</span> <span class='ocrx_word' id='word_1_762' title='bbox 2558 3472 2836 3543; x_wconf 84' lang='grc' dir='ltr'>ὑπόσχητε</span> <span class='ocrx_word' id='word_1_763' title='bbox 2864 3473 3046 3543; x_wconf 81' lang='grc' dir='ltr'>δίκην,</span> <span class='ocrx_word' id='word_1_764' title='bbox 3091 3473 3226 3544; x_wconf 82' lang='grc' dir='ltr'>ἐμοῦ</span> <span class='ocrx_word' id='word_1_765' title='bbox 3277 3474 3460 3528; x_wconf 84' lang='grc' dir='ltr'>ἀθώου</span> 
     </span>
    </p>
   </div>
   <div class='ocr_carea' id='block_1_94' title="bbox 1883 3559 3467 3637">
    <p class='ocr_par' dir='ltr' id='par_1_94' title="bbox 1883 3559 3467 3637">
     <span class='ocr_line' id='line_1_94' title="bbox 1883 3559 3467 3637; baseline 0.005 -25"><span class='ocrx_word' id='word_1_766' title='bbox 1883 3559 2058 3625; x_wconf 75' lang='grc' dir='ltr'>ὄντος.</span> <span class='ocrx_word' id='word_1_767' title='bbox 2104 3562 2199 3616; x_wconf 84' lang='grc' dir='ltr'>Ἐκ</span> <span class='ocrx_word' id='word_1_768' title='bbox 2228 3562 2432 3633; x_wconf 89' lang='grc' dir='ltr'>ταύτης</span> <span class='ocrx_word' id='word_1_769' title='bbox 2466 3564 2524 3617; x_wconf 78' lang='grc' dir='ltr'>δέ</span> <span class='ocrx_word' id='word_1_770' title='bbox 2556 3564 2654 3634; x_wconf 88' lang='grc' dir='ltr'>τῆς</span> <span class='ocrx_word' id='word_1_771' title='bbox 2704 3564 3058 3635; x_wconf 81' lang='grc' dir='ltr'>σημειώσεως</span> <span class='ocrx_word' id='word_1_772' title='bbox 3080 3565 3304 3620; x_wconf 82' lang='grc' dir='ltr'>δυνατὸν</span> <span class='ocrx_word' id='word_1_773' title='bbox 3324 3566 3467 3637; x_wconf 85' lang='grc' dir='ltr'>τάχα</span> 
     </span>
    </p>
   </div>
   <div class='ocr_carea' id='block_1_95' title="bbox 1884 3653 3467 3737">
    <p class='ocr_par' dir='ltr' id='par_1_95' title="bbox 1884 3653 3467 3737">
     <span class='ocr_line' id='line_1_95' title="bbox 1884 3653 3467 3737; baseline 0.004 -33"><span class='ocrx_word' id='word_1_774' title='bbox 1884 3653 2076 3714; x_wconf 84' lang='grc' dir='ltr'>εἰπεῖν,</span> <span class='ocrx_word' id='word_1_775' title='bbox 2110 3654 2193 3706; x_wconf 84' lang='grc' dir='ltr'>ὅτι</span> <span class='ocrx_word' id='word_1_776' title='bbox 2224 3655 2255 3707; x_wconf 90' lang='grc' dir='ltr'>ό</span> <span class='ocrx_word' id='word_1_777' title='bbox 2289 3655 2509 3721; x_wconf 84' lang='grc' dir='ltr'>σφάζων</span> <span class='ocrx_word' id='word_1_778' title='bbox 2540 3655 2734 3709; x_wconf 80' lang='grc' dir='ltr'>ἐαυτὸν</span> <span class='ocrx_word' id='word_1_779' title='bbox 2792 3660 3115 3737; x_wconf 85' lang='grc' dir='ltr'>τιμωρεῖται</span> <span class='ocrx_word' id='word_1_780' title='bbox 3150 3656 3224 3720; x_wconf 83' lang='grc' dir='ltr'>ὡς</span> <span class='ocrx_word' id='word_1_781' title='bbox 3268 3657 3467 3725; x_wconf 83' lang='grc' dir='ltr'>φονεὺς</span> 
     </span>
    </p>
   </div>
   <div class='ocr_carea' id='block_1_96' title="bbox 1887 3744 2324 3815">
    <p class='ocr_par' dir='ltr' id='par_1_96' title="bbox 1887 3744 2324 3815">
     <span class='ocr_line' id='line_1_96' title="bbox 1887 3744 2324 3815; baseline 0.002 -18"><span class='ocrx_word' id='word_1_782' title='bbox 1887 3744 2040 3814; x_wconf 77' lang='grc' dir='ltr'>παρὰ</span> <span class='ocrx_word' id='word_1_783' title='bbox 2075 3744 2152 3815; x_wconf 87' lang='grc' dir='ltr'>τῷ</span> <span class='ocrx_word' id='word_1_784' title='bbox 2180 3744 2324 3813; x_wconf 83' lang='grc' dir='ltr'>Θεῷ.</span> 
     </span>
    </p>
   </div>
   <div class='ocr_carea' id='block_1_97' title="bbox 1958 3836 3465 3909">
    <p class='ocr_par' dir='ltr' id='par_1_97' title="bbox 1958 3836 3465 3909">
     <span class='ocr_line' id='line_1_97' title="bbox 1958 3836 3465 3909; baseline 0.004 -19"><span class='ocrx_word' id='word_1_785' title='bbox 1958 3837 2103 3906; x_wconf 88' lang='grc' dir='ltr'>Ὅρα</span> <span class='ocrx_word' id='word_1_786' title='bbox 2146 3836 2265 3901; x_wconf 82' lang='grc' dir='ltr'>πῶς</span> <span class='ocrx_word' id='word_1_787' title='bbox 2304 3839 2469 3899; x_wconf 83' lang='grc' dir='ltr'>πάλιν</span> <span class='ocrx_word' id='word_1_788' title='bbox 2517 3836 2726 3905; x_wconf 82' lang='grc' dir='ltr'>εἰπὼν,</span> <span class='ocrx_word' id='word_1_789' title='bbox 2762 3858 2783 3891; x_wconf 76' lang='grc' dir='ltr'>ι</span> <span class='ocrx_word' id='word_1_790' title='bbox 2810 3840 2921 3895; x_wconf 78' lang='grc' dir='ltr'>ἀπὸ</span> <span class='ocrx_word' id='word_1_791' title='bbox 2970 3842 3071 3894; x_wconf 81' lang='grc' dir='ltr'>τοῦ</span> <span class='ocrx_word' id='word_1_792' title='bbox 3120 3840 3216 3895; x_wconf 88' lang='grc' dir='ltr'>νῦν</span> <span class='ocrx_word' id='word_1_793' title='bbox 3242 3883 3257 3909; x_wconf 94' lang='grc'>,</span> <span class='ocrx_word' id='word_1_794' title='bbox 3291 3861 3310 3894; x_wconf 77' lang='grc' dir='ltr'>ι</span> <span class='ocrx_word' id='word_1_795' title='bbox 3342 3843 3465 3896; x_wconf 83' lang='grc' dir='ltr'>ούδέ</span> 
     </span>
    </p>
   </div>
   <div class='ocr_carea' id='block_1_98' title="bbox 1884 3928 3462 4006">
    <p class='ocr_par' dir='ltr' id='par_1_98' title="bbox 1884 3928 3462 4006">
     <span class='ocr_line' id='line_1_98' title="bbox 1884 3928 3462 4006; baseline 0.003 -21"><span class='ocrx_word' id='word_1_796' title='bbox 1884 3928 1980 3985; x_wconf 90' lang='grc' dir='ltr'>νῦν</span> <span class='ocrx_word' id='word_1_797' title='bbox 2018 3930 2193 3994; x_wconf 70' lang='grc' dir='ltr'>οὕτως</span> <span class='ocrx_word' id='word_1_798' title='bbox 2222 3932 2405 3985; x_wconf 80' lang='grc' dir='ltr'>αὐτῶν</span> <span class='ocrx_word' id='word_1_799' title='bbox 2427 3932 2642 4001; x_wconf 84' lang='grc' dir='ltr'>ἀμελεῖ,</span> <span class='ocrx_word' id='word_1_800' title='bbox 2668 3933 2814 3987; x_wconf 83' lang='grc' dir='ltr'>ὥστε</span> <span class='ocrx_word' id='word_1_801' title='bbox 2850 3934 2945 3987; x_wconf 91' lang='grc' dir='ltr'>τοῦ</span> <span class='ocrx_word' id='word_1_802' title='bbox 2979 3936 3244 4004; x_wconf 85' lang='grc' dir='ltr'>διεγεῖραι</span> <span class='ocrx_word' id='word_1_803' title='bbox 3269 3935 3462 4006; x_wconf 84' lang='grc' dir='ltr'>ἔμελλε</span> 
     </span>
    </p>
   </div>
   <div class='ocr_carea' id='block_1_99' title="bbox 1882 4020 3463 4097">
    <p class='ocr_par' dir='ltr' id='par_1_99' title="bbox 1882 4020 3463 4097">
     <span class='ocr_line' id='line_1_99' title="bbox 1882 4020 3463 4097; baseline 0.004 -23"><span class='ocrx_word' id='word_1_804' title='bbox 1882 4020 2065 4086; x_wconf 84' lang='grc' dir='ltr'>τοῦτο,</span> <span class='ocrx_word' id='word_1_805' title='bbox 2108 4021 2251 4075; x_wconf 76' lang='grc' dir='ltr'>ὥστε</span> <span class='ocrx_word' id='word_1_806' title='bbox 2307 4024 2401 4075; x_wconf 79' lang='grc' dir='ltr'>καὶ</span> <span class='ocrx_word' id='word_1_807' title='bbox 2441 4022 2550 4079; x_wconf 80' lang='grc' dir='ltr'>ἀπὸ</span> <span class='ocrx_word' id='word_1_808' title='bbox 2595 4022 2789 4078; x_wconf 86' lang='grc' dir='ltr'>τούτου</span> <span class='ocrx_word' id='word_1_809' title='bbox 2840 4024 3003 4096; x_wconf 80' lang='grc' dir='ltr'>ζῆλον</span> <span class='ocrx_word' id='word_1_810' title='bbox 3048 4026 3195 4097; x_wconf 84' lang='grc' dir='ltr'>ἔχειν</span> <span class='ocrx_word' id='word_1_811' title='bbox 3226 4028 3335 4082; x_wconf 82' lang='grc' dir='ltr'>ἀπὸ</span> <span class='ocrx_word' id='word_1_812' title='bbox 3361 4027 3463 4097; x_wconf 88' lang='grc' dir='ltr'>τῆς</span> 
     </span>
    </p>
   </div>
   <div class='ocr_carea' id='block_1_100' title="bbox 1883 4110 2256 4178">
    <p class='ocr_par' dir='ltr' id='par_1_100' title="bbox 1883 4110 2256 4178">
     <span class='ocr_line' id='line_1_100' title="bbox 1883 4110 2256 4178; baseline 0.013 -17"><span class='ocrx_word' id='word_1_813' title='bbox 1883 4110 2256 4178; x_wconf 63' lang='grc' dir='ltr'>γειτνιάσεως.</span> 
     </span>
    </p>
   </div>
   <div class='ocr_carea' id='block_1_101' title="bbox 1953 4200 3467 4279">
    <p class='ocr_par' dir='ltr' id='par_1_101' title="bbox 1953 4200 3467 4279">
     <span class='ocr_line' id='line_1_101' title="bbox 1953 4200 3467 4279; baseline 0.007 -24"><span class='ocrx_word' id='word_1_814' title='bbox 1953 4200 2123 4265; x_wconf 78' lang='grc' dir='ltr'>Οὗτός</span> <span class='ocrx_word' id='word_1_815' title='bbox 2154 4204 2307 4257; x_wconf 87' lang='grc' dir='ltr'>ἐστιν</span> <span class='ocrx_word' id='word_1_816' title='bbox 2341 4206 2370 4257; x_wconf 89' lang='grc' dir='ltr'>ό</span> <span class='ocrx_word' id='word_1_817' title='bbox 2416 4205 2668 4275; x_wconf 82' lang='grc' dir='ltr'>Κρίσπος</span> <span class='ocrx_word' id='word_1_818' title='bbox 2701 4206 2761 4270; x_wconf 81' lang='grc' dir='ltr'>ὃς</span> <span class='ocrx_word' id='word_1_819' title='bbox 2787 4208 3016 4279; x_wconf 86' lang='grc' dir='ltr'>γράφων</span> <span class='ocrx_word' id='word_1_820' title='bbox 3060 4210 3227 4279; x_wconf 80' lang='grc' dir='ltr'>φησίν</span> <span class='ocrx_word' id='word_1_821' title='bbox 3258 4227 3272 4241; x_wconf 87' lang='grc'><strong>·</strong></span> <span class='ocrx_word' id='word_1_822' title='bbox 3314 4229 3333 4262; x_wconf 80' lang='grc' dir='ltr'>ι</span> <span class='ocrx_word' id='word_1_823' title='bbox 3361 4211 3467 4265; x_wconf 84' lang='grc' dir='ltr'>Οὐ-</span> 
     </span>
    </p>
   </div>
   <div class='ocr_carea' id='block_1_102' title="bbox 1881 4293 3462 4370">
    <p class='ocr_par' dir='ltr' id='par_1_102' title="bbox 1881 4293 3462 4370">
     <span class='ocr_line' id='line_1_102' title="bbox 1881 4293 3462 4370; baseline 0.005 -23"><span class='ocrx_word' id='word_1_824' title='bbox 1881 4293 2011 4347; x_wconf 87' lang='grc' dir='ltr'>δένα</span> <span class='ocrx_word' id='word_1_825' title='bbox 2039 4294 2310 4349; x_wconf 85' lang='grc' dir='ltr'>ἐϐάπτισα</span> <span class='ocrx_word' id='word_1_826' title='bbox 2343 4299 2392 4351; x_wconf 90' lang='grc' dir='ltr'>εἰ</span> <span class='ocrx_word' id='word_1_827' title='bbox 2432 4298 2507 4369; x_wconf 82' lang='grc' dir='ltr'>μὴ</span> <span class='ocrx_word' id='word_1_828' title='bbox 2539 4300 2789 4370; x_wconf 85' lang='grc' dir='ltr'>Κρίσπον</span> <span class='ocrx_word' id='word_1_829' title='bbox 2836 4301 2932 4355; x_wconf 81' lang='grc' dir='ltr'>καὶ</span> <span class='ocrx_word' id='word_1_830' title='bbox 2969 4301 3151 4356; x_wconf 84' lang='grc' dir='ltr'>Γάϊον.</span> <span class='ocrx_word' id='word_1_831' title='bbox 3186 4321 3206 4355; x_wconf 73' lang='grc' dir='ltr'>ι</span> <span class='ocrx_word' id='word_1_832' title='bbox 3257 4302 3462 4357; x_wconf 89' lang='grc' dir='ltr'>Τοῦτον</span> 
     </span>
    </p>
   </div>
   <div class='ocr_carea' id='block_1_103' title="bbox 1882 4381 3462 4466">
    <p class='ocr_par' dir='ltr' id='par_1_103' title="bbox 1882 4381 3462 4466">
     <span class='ocr_line' id='line_1_103' title="bbox 1882 4381 3462 4466; baseline 0.007 -28"><span class='ocrx_word' id='word_1_833' title='bbox 1882 4381 2037 4455; x_wconf 82' lang='grc' dir='ltr'>οἶμαι</span> <span class='ocrx_word' id='word_1_834' title='bbox 2071 4387 2163 4440; x_wconf 82' lang='grc' dir='ltr'>καὶ</span> <span class='ocrx_word' id='word_1_835' title='bbox 2192 4387 2478 4459; x_wconf 89' lang='grc' dir='ltr'>Σωσθένην</span> <span class='ocrx_word' id='word_1_836' title='bbox 2506 4390 2725 4458; x_wconf 85' lang='grc' dir='ltr'>λέγεται</span> <span class='ocrx_word' id='word_1_837' title='bbox 2754 4391 2773 4463; x_wconf 95' lang='grc'><strong>[</strong></span> <span class='ocrx_word' id='word_1_838' title='bbox 2790 4393 2830 4462; x_wconf 78' lang='lat' dir='ltr'>f.</span> <span class='ocrx_word' id='word_1_839' title='bbox 2856 4391 3136 4461; x_wconf 79' lang='grc' dir='ltr'>λέγεσθαι]</span> <span class='ocrx_word' id='word_1_840' title='bbox 3167 4394 3337 4466; x_wconf 73' lang='grc' dir='ltr'>ἄνδρα</span> <span class='ocrx_word' id='word_1_841' title='bbox 3373 4412 3462 4448; x_wconf 77' lang='lat' dir='ltr'>m-</span> 
     </span>
    </p>
   </div>
   <div class='ocr_carea' id='block_1_104' title="bbox 1886 4475 3463 4556">
    <p class='ocr_par' dir='ltr' id='par_1_104' title="bbox 1886 4475 3463 4556">
     <span class='ocr_line' id='line_1_104' title="bbox 1886 4475 3463 4556; baseline 0.006 -28"><span class='ocrx_word' id='word_1_842' title='bbox 1886 4476 2030 4539; x_wconf 84' lang='grc' dir='ltr'>στὸν,</span> <span class='ocrx_word' id='word_1_843' title='bbox 2073 4475 2213 4529; x_wconf 78' lang='grc' dir='ltr'>ὥστε</span> <span class='ocrx_word' id='word_1_844' title='bbox 2253 4480 2349 4531; x_wconf 68' lang='grc' dir='ltr'>καὶ</span> <span class='ocrx_word' id='word_1_845' title='bbox 2379 4478 2688 4533; x_wconf 86' lang='grc' dir='ltr'>τύπτεσθαι</span> <span class='ocrx_word' id='word_1_846' title='bbox 2722 4482 2818 4535; x_wconf 77' lang='grc' dir='ltr'>καὶ</span> <span class='ocrx_word' id='word_1_847' title='bbox 2844 4481 2934 4535; x_wconf 80' lang='grc' dir='ltr'>ἀεὶ</span> <span class='ocrx_word' id='word_1_848' title='bbox 2961 4486 3348 4555; x_wconf 88' lang='grc' dir='ltr'>συμπαρεῖναι·</span> <span class='ocrx_word' id='word_1_849' title='bbox 3382 4486 3463 4556; x_wconf 83' lang='grc' dir='ltr'>τῷ</span> 
     </span>
    </p>
   </div>
   <div class='ocr_carea' id='block_1_105' title="bbox 1885 4567 3457 4648">
    <p class='ocr_par' dir='ltr' id='par_1_105' title="bbox 1885 4567 3457 4648">
     <span class='ocr_line' id='line_1_105' title="bbox 1885 4567 3457 4648; baseline 0.01 -30"><span class='ocrx_word' id='word_1_850' title='bbox 1885 4567 2102 4638; x_wconf 84' lang='grc' dir='ltr'>Παύλῳ.</span> <span class='ocrx_word' id='word_1_851' title='bbox 2153 4568 2533 4639; x_wconf 89' lang='grc' dir='ltr'>Σημειωτέον,</span> <span class='ocrx_word' id='word_1_852' title='bbox 2579 4572 2661 4626; x_wconf 88' lang='grc' dir='ltr'>ὃτι</span> <span class='ocrx_word' id='word_1_853' title='bbox 2706 4569 2816 4627; x_wconf 86' lang='grc' dir='ltr'>εἶδε</span> <span class='ocrx_word' id='word_1_854' title='bbox 2847 4576 2942 4627; x_wconf 89' lang='grc' dir='ltr'>τὸν</span> <span class='ocrx_word' id='word_1_855' title='bbox 2980 4576 3189 4647; x_wconf 83' lang='grc' dir='ltr'>Κύριον</span> <span class='ocrx_word' id='word_1_856' title='bbox 3248 4578 3457 4648; x_wconf 78' lang='grc' dir='ltr'>’ἰησοῦι</span> 
     </span>
    </p>
   </div>
   <div class='ocr_carea' id='block_1_106' title="bbox 1882 4658 3462 4742">
    <p class='ocr_par' dir='ltr' id='par_1_106' title="bbox 1882 4658 3462 4742">
     <span class='ocr_line' id='line_1_106' title="bbox 1882 4658 3462 4742; baseline 0.008 -30"><span class='ocrx_word' id='word_1_857' title='bbox 1882 4662 1912 4712; x_wconf 90' lang='grc' dir='ltr'>ό</span> <span class='ocrx_word' id='word_1_858' title='bbox 1940 4658 2147 4722; x_wconf 82' lang='grc' dir='ltr'>Παῦλος</span> <span class='ocrx_word' id='word_1_859' title='bbox 2172 4660 2242 4712; x_wconf 77' lang='grc' dir='ltr'>δι’</span> <span class='ocrx_word' id='word_1_860' title='bbox 2270 4662 2516 4732; x_wconf 86' lang='grc' dir='ltr'>ὀνείρων,</span> <span class='ocrx_word' id='word_1_861' title='bbox 2541 4663 2621 4716; x_wconf 86' lang='grc' dir='ltr'>διὸ</span> <span class='ocrx_word' id='word_1_862' title='bbox 2648 4666 2739 4717; x_wconf 83' lang='grc' dir='ltr'>καὶ</span> <span class='ocrx_word' id='word_1_863' title='bbox 2772 4665 2963 4734; x_wconf 84' lang='grc' dir='ltr'>ἔλεγεν</span> <span class='ocrx_word' id='word_1_864' title='bbox 2983 4684 2997 4698; x_wconf 76' lang='grc'><strong><em>⁸</em></strong></span> <span class='ocrx_word' id='word_1_865' title='bbox 3038 4684 3057 4718; x_wconf 79' lang='grc' dir='ltr'>ι</span> <span class='ocrx_word' id='word_1_866' title='bbox 3085 4670 3219 4739; x_wconf 84' lang='grc' dir='ltr'>υύχὶ</span> <span class='ocrx_word' id='word_1_867' title='bbox 3254 4669 3462 4742; x_wconf 84' lang='grc' dir='ltr'>Ἰησοῦν</span> 
     </span>
    </p>
   </div>
   <div class='ocr_carea' id='block_1_107' title="bbox 1882 4748 3459 4830">
    <p class='ocr_par' dir='ltr' id='par_1_107' title="bbox 1882 4748 3459 4830">
     <span class='ocr_line' id='line_1_107' title="bbox 1882 4748 3459 4830; baseline 0.009 -29"><span class='ocrx_word' id='word_1_868' title='bbox 1882 4750 1974 4803; x_wconf 84' lang='grc' dir='ltr'>τὸν</span> <span class='ocrx_word' id='word_1_869' title='bbox 2007 4748 2207 4819; x_wconf 90' lang='grc' dir='ltr'>Κύριον</span> <span class='ocrx_word' id='word_1_870' title='bbox 2241 4751 2567 4821; x_wconf 35' lang='grc' dir='ltr'>ἑώρακας»</span> <span class='ocrx_word' id='word_1_871' title='bbox 2612 4755 2734 4808; x_wconf 81' lang='grc' dir='ltr'>Εἴτε</span> <span class='ocrx_word' id='word_1_872' title='bbox 2763 4756 2819 4809; x_wconf 85' lang='grc' dir='ltr'>δέ</span> <span class='ocrx_word' id='word_1_873' title='bbox 2858 4756 2923 4808; x_wconf 84' lang='grc' dir='ltr'>δι’</span> <span class='ocrx_word' id='word_1_874' title='bbox 2973 4758 3222 4830; x_wconf 81' lang='grc' dir='ltr'>ὀνείρων,</span> <span class='ocrx_word' id='word_1_875' title='bbox 3266 4762 3376 4814; x_wconf 86' lang='grc' dir='ltr'>είτε</span> <span class='ocrx_word' id='word_1_876' title='bbox 3400 4761 3459 4815; x_wconf 79' lang='grc' dir='ltr'>δὲ</span> 
     </span>
    </p>
   </div>
   <div class='ocr_carea' id='block_1_108' title="bbox 1884 4839 3459 4923">
    <p class='ocr_par' dir='ltr' id='par_1_108' title="bbox 1884 4839 3459 4923">
     <span class='ocr_line' id='line_1_108' title="bbox 1884 4839 3459 4923; baseline 0.009 -31"><span class='ocrx_word' id='word_1_877' title='bbox 1884 4842 2202 4911; x_wconf 85' lang='grc' dir='ltr'>ἐγρηγορῶν</span> <span class='ocrx_word' id='word_1_878' title='bbox 2231 4839 2338 4895; x_wconf 83' lang='grc' dir='ltr'>εἶδε</span> <span class='ocrx_word' id='word_1_879' title='bbox 2366 4843 2456 4896; x_wconf 83' lang='grc' dir='ltr'>τὸν</span> <span class='ocrx_word' id='word_1_880' title='bbox 2503 4845 2733 4915; x_wconf 83' lang='grc' dir='ltr'>Ἰησοῦν,</span> <span class='ocrx_word' id='word_1_881' title='bbox 2762 4847 2991 4917; x_wconf 78' lang='grc' dir='ltr'>οὐδεμία</span> <span class='ocrx_word' id='word_1_882' title='bbox 3023 4849 3257 4921; x_wconf 84' lang='grc' dir='ltr'>διαφορά</span> <span class='ocrx_word' id='word_1_883' title='bbox 3276 4868 3289 4881; x_wconf 88' lang='grc'>·</span> <span class='ocrx_word' id='word_1_884' title='bbox 3317 4853 3459 4923; x_wconf 81' lang='grc' dir='ltr'>πλὴν</span> 
     </span>
    </p>
   </div>
   <div class='ocr_carea' id='block_1_109' title="bbox 1884 4932 3457 5009">
    <p class='ocr_par' dir='ltr' id='par_1_109' title="bbox 1884 4932 3457 5009">
     <span class='ocr_line' id='line_1_109' title="bbox 1884 4932 3457 5009; baseline 0.007 -22"><span class='ocrx_word' id='word_1_885' title='bbox 1884 4936 1942 4987; x_wconf 90' lang='grc' dir='ltr'>ἐν</span> <span class='ocrx_word' id='word_1_886' title='bbox 1972 4934 2153 5003; x_wconf 77' lang='grc' dir='ltr'>ἡμέρᾳ</span> <span class='ocrx_word' id='word_1_887' title='bbox 2193 4932 2352 5006; x_wconf 81' lang='grc' dir='ltr'>ὤφθη</span> <span class='ocrx_word' id='word_1_888' title='bbox 2394 4935 2564 5006; x_wconf 83' lang='grc' dir='ltr'>αὐτῷ.</span> <span class='ocrx_word' id='word_1_889' title='bbox 2591 4939 2711 5001; x_wconf 82' lang='grc' dir='ltr'>Πῶς</span> <span class='ocrx_word' id='word_1_890' title='bbox 2748 4936 2842 4993; x_wconf 72' lang='grc' dir='ltr'>οὗν</span> <span class='ocrx_word' id='word_1_891' title='bbox 2877 4942 3259 5009; x_wconf 79' lang='grc' dir='ltr'>συνεπέθεντο,</span> <span class='ocrx_word' id='word_1_892' title='bbox 3310 4946 3457 4999; x_wconf 77' lang='grc' dir='ltr'>εἴποι</span> 
     </span>
    </p>
   </div>
   <div class='ocr_carea' id='block_1_110' title="bbox 1881 5027 3457 5111">
    <p class='ocr_par' dir='ltr' id='par_1_110' title="bbox 1881 5027 3457 5111">
     <span class='ocr_line' id='line_1_110' title="bbox 1881 5027 3457 5111; baseline 0.008 -31"><span class='ocrx_word' id='word_1_893' title='bbox 1881 5045 1965 5092; x_wconf 91' lang='grc' dir='ltr'>τις</span> <span class='ocrx_word' id='word_1_894' title='bbox 1988 5029 2080 5094; x_wconf 86' lang='grc' dir='ltr'>άν;</span> <span class='ocrx_word' id='word_1_895' title='bbox 2119 5027 2211 5082; x_wconf 78' lang='grc' dir='ltr'>καὶ</span> <span class='ocrx_word' id='word_1_896' title='bbox 2236 5031 2344 5101; x_wconf 78' lang='grc' dir='ltr'>μὴν</span> <span class='ocrx_word' id='word_1_897' title='bbox 2366 5031 2517 5083; x_wconf 77' lang='grc' dir='ltr'>οὐδὲν</span> <span class='ocrx_word' id='word_1_898' title='bbox 2544 5032 2790 5101; x_wconf 77' lang='grc' dir='ltr'>ἴσχυσαν,</span> <span class='ocrx_word' id='word_1_899' title='bbox 2828 5033 2942 5087; x_wconf 80' lang='grc' dir='ltr'>ἀλλ’</span> <span class='ocrx_word' id='word_1_900' title='bbox 2973 5030 3110 5105; x_wconf 86' lang='grc' dir='ltr'>ἦγον</span> <span class='ocrx_word' id='word_1_901' title='bbox 3135 5036 3297 5091; x_wconf 83' lang='grc' dir='ltr'>αὑτὸν</span> <span class='ocrx_word' id='word_1_902' title='bbox 3320 5039 3457 5111; x_wconf 77' lang='grc' dir='ltr'>πρὸς</span> 
     </span>
    </p>
   </div>
   <div class='ocr_carea' id='block_1_111' title="bbox 1883 5119 3458 5201">
    <p class='ocr_par' dir='ltr' id='par_1_111' title="bbox 1883 5119 3458 5201">
     <span class='ocr_line' id='line_1_111' title="bbox 1883 5119 3458 5201; baseline 0.007 -29"><span class='ocrx_word' id='word_1_903' title='bbox 1883 5120 1976 5173; x_wconf 80' lang='grc' dir='ltr'>τὸν</span> <span class='ocrx_word' id='word_1_904' title='bbox 2013 5119 2350 5176; x_wconf 88' lang='grc' dir='ltr'>ἀνθύπατον.</span> <span class='ocrx_word' id='word_1_905' title='bbox 2403 5122 2684 5195; x_wconf 85' lang='grc' dir='ltr'>Ἐπιεικής</span> <span class='ocrx_word' id='word_1_906' title='bbox 2726 5143 2813 5189; x_wconf 92' lang='grc' dir='ltr'>τις</span> <span class='ocrx_word' id='word_1_907' title='bbox 2860 5126 3143 5196; x_wconf 79' lang='grc' dir='ltr'>ἄνθρωπος</span> <span class='ocrx_word' id='word_1_908' title='bbox 3193 5125 3333 5185; x_wconf 84' lang='grc' dir='ltr'>εἶναί</span> <span class='ocrx_word' id='word_1_909' title='bbox 3367 5148 3458 5201; x_wconf 86' lang='grc' dir='ltr'>μοι</span> 
     </span>
    </p>
   </div>
   <div class='ocr_carea' id='block_1_112' title="bbox 1882 5211 3454 5292">
    <p class='ocr_par' dir='ltr' id='par_1_112' title="bbox 1882 5211 3454 5292">
     <span class='ocr_line' id='line_1_112' title="bbox 1882 5211 3454 5292; baseline 0.006 -29"><span class='ocrx_word' id='word_1_910' title='bbox 1882 5211 2048 5265; x_wconf 87' lang='grc' dir='ltr'>δοκεῖ.</span> <span class='ocrx_word' id='word_1_911' title='bbox 2092 5212 2463 5282; x_wconf 78' lang='grc' dir='ltr'>Ἀπετείχισεν</span> <span class='ocrx_word' id='word_1_912' title='bbox 2494 5214 2677 5279; x_wconf 78' lang='grc' dir='ltr'>αὐτοῖς</span> <span class='ocrx_word' id='word_1_913' title='bbox 2708 5220 2769 5267; x_wconf 88' lang='grc' dir='ltr'>τὸ</span> <span class='ocrx_word' id='word_1_914' title='bbox 2806 5215 3182 5289; x_wconf 83' lang='grc' dir='ltr'>δικαστήριον,</span> <span class='ocrx_word' id='word_1_915' title='bbox 3224 5220 3454 5292; x_wconf 87' lang='grc' dir='ltr'>λαμπρά</span> 
     </span>
    </p>
   </div>
   <div class='ocr_carea' id='block_1_113' title="bbox 1883 5300 2343 5372">
    <p class='ocr_par' dir='ltr' id='par_1_113' title="bbox 1883 5300 2343 5372">
     <span class='ocr_line' id='line_1_113' title="bbox 1883 5300 2343 5372; baseline 0.004 -19"><span class='ocrx_word' id='word_1_916' title='bbox 1883 5301 2103 5369; x_wconf 70' lang='grc' dir='ltr'>γέγονεν</span> <span class='ocrx_word' id='word_1_917' title='bbox 2129 5301 2162 5371; x_wconf 77' lang='grc' dir='ltr'><strong>ἡ</strong></span> <span class='ocrx_word' id='word_1_918' title='bbox 2195 5300 2343 5372; x_wconf 89' lang='grc' dir='ltr'>δίκη.</span> 
     </span>
    </p>
   </div>
   <div class='ocr_carea' id='block_1_114' title="bbox 1956 5393 3459 5473">
    <p class='ocr_par' dir='ltr' id='par_1_114' title="bbox 1956 5393 3459 5473">
     <span class='ocr_line' id='line_1_114' title="bbox 1956 5393 3459 5473; baseline 0.009 -28"><span class='ocrx_word' id='word_1_919' title='bbox 1956 5393 2304 5459; x_wconf 83' lang='grc' dir='ltr'>Τυπτομένου</span> <span class='ocrx_word' id='word_1_920' title='bbox 2334 5393 2442 5464; x_wconf 85' lang='grc' dir='ltr'>γάρ</span> <span class='ocrx_word' id='word_1_921' title='bbox 2471 5394 2658 5460; x_wconf 84' lang='grc' dir='ltr'>αὐτοῦ,</span> <span class='ocrx_word' id='word_1_922' title='bbox 2686 5398 2783 5467; x_wconf 84' lang='grc' dir='ltr'>οὐχ</span> <span class='ocrx_word' id='word_1_923' title='bbox 2833 5399 3107 5469; x_wconf 78' lang='grc' dir='ltr'>ἡγήσαντο</span> <span class='ocrx_word' id='word_1_924' title='bbox 3137 5401 3274 5455; x_wconf 89' lang='grc' dir='ltr'>ἰδίαν</span> <span class='ocrx_word' id='word_1_925' title='bbox 3299 5401 3459 5473; x_wconf 78' lang='grc' dir='ltr'>ὕϐριν</span> 
     </span>
    </p>
   </div>
   <div class='ocr_carea' id='block_1_115' title="bbox 1884 5481 3453 5566">
    <p class='ocr_par' dir='ltr' id='par_1_115' title="bbox 1884 5481 3453 5566">
     <span class='ocr_line' id='line_1_115' title="bbox 1884 5481 3453 5566; baseline 0.007 -29"><span class='ocrx_word' id='word_1_926' title='bbox 1884 5481 2021 5538; x_wconf 82' lang='grc' dir='ltr'>εἶναι</span> <span class='ocrx_word' id='word_1_927' title='bbox 2043 5524 2059 5550; x_wconf 91' lang='grc'>,</span> <span class='ocrx_word' id='word_1_928' title='bbox 2113 5484 2289 5549; x_wconf 78' lang='grc' dir='ltr'>οὕτως</span> <span class='ocrx_word' id='word_1_929' title='bbox 2324 5482 2467 5556; x_wconf 82' lang='grc' dir='ltr'>ἦσαν</span> <span class='ocrx_word' id='word_1_930' title='bbox 2500 5487 2684 5558; x_wconf 78' lang='grc' dir='ltr'>ἰταμοὶ</span> <span class='ocrx_word' id='word_1_931' title='bbox 2712 5491 2979 5546; x_wconf 82' lang='grc' dir='ltr'>Ἰουδαῖοι.</span> <span class='ocrx_word' id='word_1_932' title='bbox 3037 5492 3100 5544; x_wconf 84' lang='grc' dir='ltr'>’Ὠ</span> <span class='ocrx_word' id='word_1_933' title='bbox 3129 5493 3227 5563; x_wconf 82' lang='grc' dir='ltr'>τῆς</span> <span class='ocrx_word' id='word_1_934' title='bbox 3260 5495 3453 5566; x_wconf 82' lang='grc' dir='ltr'>αἰσχύ-</span> 
     </span>
    </p>
   </div>
   <div class='ocr_carea' id='block_1_116' title="bbox 1885 5577 3456 5657">
    <p class='ocr_par' dir='ltr' id='par_1_116' title="bbox 1885 5577 3456 5657">
     <span class='ocr_line' id='line_1_116' title="bbox 1885 5577 3456 5657; baseline 0.007 -28"><span class='ocrx_word' id='word_1_935' title='bbox 1885 5595 1981 5646; x_wconf 87' lang='grc' dir='ltr'>νης</span> <span class='ocrx_word' id='word_1_936' title='bbox 2008 5579 2020 5630; x_wconf 74' lang='grc' dir='ltr'>ί</span> <span class='ocrx_word' id='word_1_937' title='bbox 2054 5577 2511 5649; x_wconf 86' lang='grc' dir='ltr'>ἀναισχύντησαν,</span> <span class='ocrx_word' id='word_1_938' title='bbox 2556 5582 2651 5634; x_wconf 75' lang='grc' dir='ltr'>καὶ</span> <span class='ocrx_word' id='word_1_939' title='bbox 2680 5581 2832 5636; x_wconf 76' lang='grc' dir='ltr'>οὐδὲν</span> <span class='ocrx_word' id='word_1_940' title='bbox 2856 5583 2935 5653; x_wconf 83' lang='grc' dir='ltr'>τῷ</span> <span class='ocrx_word' id='word_1_941' title='bbox 2964 5585 3229 5639; x_wconf 87' lang='grc' dir='ltr'>Γαλλίωνι</span> <span class='ocrx_word' id='word_1_942' title='bbox 3262 5587 3456 5657; x_wconf 83' lang='grc' dir='ltr'>ἔμελλε</span> 
     </span>
    </p>
   </div>
   <div class='ocr_carea' id='block_1_117' title="bbox 1887 5668 3454 5749">
    <p class='ocr_par' dir='ltr' id='par_1_117' title="bbox 1887 5668 3454 5749">
     <span class='ocr_line' id='line_1_117' title="bbox 1887 5668 3454 5749; baseline 0.007 -25"><span class='ocrx_word' id='word_1_943' title='bbox 1887 5668 1961 5742; x_wconf 61' lang='grc' dir='ltr'>[ιγ.</span> <span class='ocrx_word' id='word_1_944' title='bbox 1991 5669 2175 5742; x_wconf 82' lang='grc' dir='ltr'>ἔμελε]</span> <span class='ocrx_word' id='word_1_945' title='bbox 2197 5687 2209 5700; x_wconf 92' lang='grc'><strong>·</strong></span> <span class='ocrx_word' id='word_1_946' title='bbox 2242 5672 2418 5724; x_wconf 86' lang='grc' dir='ltr'>καίτοι</span> <span class='ocrx_word' id='word_1_947' title='bbox 2467 5672 2547 5735; x_wconf 88' lang='grc' dir='ltr'>εἰς</span> <span class='ocrx_word' id='word_1_948' title='bbox 2602 5672 2700 5744; x_wconf 83' lang='grc' dir='ltr'>τὴν</span> <span class='ocrx_word' id='word_1_949' title='bbox 2743 5675 2908 5728; x_wconf 81' lang='grc' dir='ltr'>αὐτοῦ</span> <span class='ocrx_word' id='word_1_950' title='bbox 2939 5675 3097 5747; x_wconf 75' lang='grc' dir='ltr'>ὓϐριν</span> <span class='ocrx_word' id='word_1_951' title='bbox 3121 5680 3183 5730; x_wconf 83' lang='grc' dir='ltr'>τὸ</span> <span class='ocrx_word' id='word_1_952' title='bbox 3218 5688 3454 5749; x_wconf 69' lang='grc' dir='ltr'>πρᾶγμα</span> 
     </span>
    </p>
   </div>
   <div class='ocr_carea' id='block_1_118' title="bbox 1881 5760 3454 5833">
    <p class='ocr_par' dir='ltr' id='par_1_118' title="bbox 1881 5760 3454 5833">
     <span class='ocr_line' id='line_1_118' title="bbox 1881 5760 3454 5833; baseline 0.006 -16"><span class='ocrx_word' id='word_1_953' title='bbox 1881 5760 1971 5833; x_wconf 83' lang='grc' dir='ltr'>ἦν,</span> <span class='ocrx_word' id='word_1_954' title='bbox 2011 5763 2126 5817; x_wconf 83' lang='grc' dir='ltr'>ἀλλ’</span> <span class='ocrx_word' id='word_1_955' title='bbox 2154 5763 2228 5826; x_wconf 83' lang='grc' dir='ltr'>ὡς</span> <span class='ocrx_word' id='word_1_956' title='bbox 2260 5762 2417 5833; x_wconf 84' lang='grc' dir='ltr'>δῆθεν</span> <span class='ocrx_word' id='word_1_957' title='bbox 2470 5764 2719 5831; x_wconf 78' lang='grc' dir='ltr'>ἐξουσίαν</span> <span class='ocrx_word' id='word_1_958' title='bbox 2751 5766 3007 5831; x_wconf 87' lang='grc' dir='ltr'>λαϐόντες</span> <span class='ocrx_word' id='word_1_959' title='bbox 3052 5768 3306 5824; x_wconf 84' lang='grc' dir='ltr'>ἔτυπτον.</span> <span class='ocrx_word' id='word_1_960' title='bbox 3354 5774 3454 5827; x_wconf 80' lang='grc' dir='ltr'>Διὰ</span> 
     </span>
    </p>
   </div>
   <div class='ocr_carea' id='block_1_119' title="bbox 1884 5854 3449 5937">
    <p class='ocr_par' dir='ltr' id='par_1_119' title="bbox 1884 5854 3449 5937">
     <span class='ocr_line' id='line_1_119' title="bbox 1884 5854 3449 5937; baseline 0.004 -26"><span class='ocrx_word' id='word_1_961' title='bbox 1884 5855 1935 5911; x_wconf 85' lang='grc' dir='ltr'>τί</span> <span class='ocrx_word' id='word_1_962' title='bbox 1991 5854 2067 5927; x_wconf 76' lang='grc' dir='ltr'>μὴ</span> <span class='ocrx_word' id='word_1_963' title='bbox 2117 5856 2322 5921; x_wconf 84' lang='grc' dir='ltr'>ἐκεῖνος</span> <span class='ocrx_word' id='word_1_964' title='bbox 2364 5856 2677 5927; x_wconf 84' lang='grc' dir='ltr'>ἐτύπτησε;</span> <span class='ocrx_word' id='word_1_965' title='bbox 2740 5859 2930 5915; x_wconf 83' lang='grc' dir='ltr'>Καίτοι</span> <span class='ocrx_word' id='word_1_966' title='bbox 2989 5861 3449 5937; x_wconf 16' lang='grc' dir='ltr'>αύτδςηέξουσίαν</span> 
     </span>
    </p>
   </div>
  </div>
