4162 6442
740 425 871 493 1111

1548 426 2126 485 ΤΗΕΟΡΙΙΥΙ.ΑΩΤ[
2164 424 2573 483 BULGARIE
2611 425 2958 485 ARCIllEP.

3840 421 3986 488 1112

737 535 901 606 εἶχεν,
932 534 1048 588 ἀλλ’
1082 531 1448 595 ἐπαιδεύοντο,
1486 531 1627 584 ὥστε
1668 533 1761 584 καὶ
1797 531 1888 583 τὸν
1920 529 2178 598 δικαστὴν
2201 546 2308 596 μα-
2340 544 2383 597 Α
2416 529 2570 595 ἅγιόν
2603 530 2753 581 ἐστιν
2785 529 3009 591 εἰδότες.
3061 528 3180 581 Ὅτι
3211 527 3320 597 γὰρ
3347 528 3465 581 οὑδὲ
3489 529 3567 592 είς
3594 529 3831 596 Χριστὸν
3864 532 3984 583 ἐπε-

735 629 851 680 θεῖν
876 627 960 689 τίς
993 622 1060 697 ἦν
1089 624 1518 691 ἐπιεικέστερος.
1574 623 1673 676 Διά
1727 621 1887 672 τοῦτο
1928 620 2158 672 ἔτυπτον
2209 619 2302 669 τὸν

732 718 1041 786 Σωσθένην,
1074 716 1269 786 ἐπειδὴ
1312 717 1404 768 καὶ
1424 713 1584 777 αὑτὸς
1619 709 1689 782 ἦν
1715 712 1917 782 μᾶλλον
1945 709 2305 782 προστιθέμε-

733 830 823 876 νος
856 810 935 880 τῷ
965 808 1183 878 Παύλῳ,
1220 808 1254 880 ἦ
1285 810 1367 872 εἰς
1394 805 1649 860 τοσοῦτον
1673 802 1816 875 ἦσαν
1842 803 2167 873 ἐληλακότες
2197 819 2305 870 μα·-

732 904 869 965 νίας,
897 902 980 955 ὅτι
1011 900 1374 969 ἀποτυχόντες
1418 897 1513 951 τοῦ
1550 896 1757 949 σκοποῦ
1786 895 2015 957 ἑαυτῶν,
2055 892 2177 944 ἀντὶ
2209 890 2303 943 τοῦ

731 993 954 1047 τύπτειν
1001 993 1093 1045 τὸν
1136 990 1347 1044 Παῦλον
1369 1029 1383 1053 ,
1412 988 1702 1057 Σωσθένην
1735 985 2304 1055 τὸν.ἀρχισυνάγωγον

731 1087 961 1139 ἔτυπτον
987 1102 1001 1116 ·
1035 1085 1069 1155 ἢ
1101 1085 1186 1136 διὰ
1226 1084 1287 1135 τὸ
1333 1081 1686 1151 βουλευθῆναι
1731 1079 1822 1130 τὸν
1853 1078 2065 1130 Παῦλον
2117 1074 2305 1143 ιρονεῦ-

732 1196 844 1245 σαι,
876 1180 970 1231 καὶ
996 1177 1280 1246 Σωσθένης
1304 1174 1594 1227 διεκώλυεν
1623 1172 1843 1233 αὑτοὺς,
1869 1170 2098 1222 ἔτυπτον
2118 1169 2300 1221 αὑτόν.

732 1274 875 1343 Ὅρα
900 1273 1014 1334 πῶς
1044 1272 1072 1323 6
1105 1269 1269 1340 νόμος
1298 1268 1590 1321 κατελύετο
1621 1283 1635 1297 ο
1667 1266 1830 1317 τοῦτο
1862 1264 1968 1332 γὰρ
2016 1262 2305 1315 Ἰουδαϊκὸν

730 1377 797 1430 ην
847 1361 909 1414 τὸ
943 1360 1223 1431 κείρεσθαι
1266 1360 1384 1410 κατ’
1415 1354 1580 1426 εὐχὴν
1635 1355 1734 1416 τὰς
1779 1351 2055 1421 κεφαλάς·
2100 1350 2207 1403 ἔδει
2246 1350 2303 1402 δὲ

731 1454 827 1506 καὶ
877 1453 1068 1506 θυσίαν
1114 1448 1392 1519 γενέσθαι,
1441 1450 1563 1517 ἣτις
1609 1447 1707 1500 οὐκ
1747 1446 1983 1514 ἐγένετο.
2024 1442 2303 1511 Ἔδειγὰρ

731 1547 894 1600 αὑτὸν
924 1547 1003 1599 ἐτι
1040 1546 1223 1614 μένειν
1252 1544 1348 1597 καὶ
1393 1541 1773 1611 παρακαλέσαι
1806 1539 1932 1604 περὶ
1961 1535 2165 1591 τούτων
2188 1578 2203 1602 ,
2250 1536 2302 1588 τί

730 1639 896 1692 πάλιν
947 1636 1206 1706 ἐπιθυμεῖ
1256 1636 1354 1707 τὴν
1411 1634 1608 1705 Συρίαν
1656 1632 2025 1693 καταλαϐεῖν;
2082 1632 2301 1701 Ἐπειδὴ

730 1729 962 1783 ἐνταῦθα
982 1727 1207 1782 τοιαῦτα
1244 1729 1411 1796 ἧνυσε
1441 1727 1745 1795 πράγματα
1777 1726 1917 1778 κατά
1948 1725 2008 1777 τὸ
2030 1725 2224 1793 δόγμα.

809 1820 1049 1885 Τούτους
1074 1821 1285 1889 ἀφῆκεν
1306 1820 1386 1885 εἰς
1421 1820 1653 1886 Ἔφεσον
1683 1818 1757 1879 ώς
1786 1818 2156 1878 διδάσκοντας
2187 1832 2306 1868 τοσ-

2414 630 2625 685 στευον,
2655 622 2811 690 δῆλον
2838 624 2902 674 ἐκ
2933 621 3026 674 τοῦ
3055 622 3231 674 εἰπεῖν
3264 642 3283 674 ι
3313 623 3405 684 Et;
3424 623 3514 674 τὸν
3538 623 3831 691 ἐρχόμενον
3862 625 3982 689 μετ’

2412 712 2574 765 αὑτὸν
2607 713 2693 766 ἵνα
2735 712 3090 788 πιστεύσωσι.
3128 733 3147 764 ι
3190 714 3300 767 Καὶ
3348 714 3448 765 οὑκ
3491 708 3675 775 εἷπεν,
3711 714 3795 766 ὄτι
3826 714 3982 765 οὐδέν

2411 807 2528 857 ἐστι
2556 805 2618 857 τὸ
2654 805 2939 873 βάπτισμα
2971 805 3242 869 Ἰωάννου,
3273 804 3387 857 ἀλλ’
3420 805 3501 856 ὅτι
3523 806 3733 866 ἀτελές.
3790 804 3982 856 Πολλοὶ

2412 896 2640 966 Πνεῦμα
2688 898 3027 965 ἐλάμϐανον,
3059 898 3198 949 ὥστε
3232 896 3379 959 εἰκὸς
3408 892 3474 950 ἦν
3509 896 3707 959 αὑτοὺς
3758 896 3984 965 Πνεῦμα

2411 990 2574 1059 ἔχειν,
2615 990 2689 1058 μὴ
2722 988 3011 1059 φαίνεσθαι
3035 988 3113 1041 δέ.

2482 1084 2653 1136 Πόθεν
2684 1086 2883 1136 ἐκεῖνοι
2913 1083 2970 1134 ἐν
3004 1082 3215 1153 Ἐφέσῳ
3242 1083 3393 1145 ὄντες
3417 1081 3479 1134 τδ
3516 1082 3801 1151 βάπτισμα
3834 1076 3991 1150 εἶχον

2424 1176 2711 1239 Ἰωάννου;
2757 1175 2919 1235 Ἴσως
2986 1174 3343 1245 ἐπεδήμησαν
3404 1175 3515 1236 τοῖς
3579 1171 3986 1242 Ἰεροσολύμοις

2410 1272 2553 1338 τότε,
2594 1274 2689 1327 καὶ
2712 1274 2952 1342 ἀπῆλθον
2976 1290 2990 1303 ·
3014 1272 3106 1327 καὶ
3132 1271 3253 1325 οὑδέ
3285 1270 3377 1323 τὸν
3415 1271 3618 1340 Ἰησοῦν
3639 1269 3982 1321 ἐπίστανται.

2414 1366 2521 1417 Καὶ
2561 1365 2624 1418 ού
2663 1367 2813 1433 λέγει
2860 1368 3081 1430 αὑτοῖς,
3133 1364 3429 1418 Πιστεύετε
3470 1365 3550 1427 είς
3589 1362 3682 1414 τὸν
3736 1359 3984 1431 Ἰησοῦνο

2410 1458 2547 1512 ἀλλά
2591 1458 2679 1524 τί;
2717 1460 2780 1511 El
2816 1458 3040 1529 Πνεῦμα
3096 1457 3250 1525 ἅγιον
3285 1455 3545 1522 ἐλάϐετε;
3607 1456 3720 1525 ⁴ᾔδει
3762 1455 3870 1523 γὰρ
3899 1454 3986 1506 ὅτι

2410 1551 2510 1604 οὑκ
2538 1547 2705 1619 εἶχον,
2736 1551 2830 1605 καὶ
2853 1550 3097 1621 βούλεται
3124 1549 3306 1612 αὐτοῖς
3331 1550 3531 1614 εἰπεῖν,
3586 1549 3671 1601 ἴνα
3694 1548 3985 1615 μαθόντες,

2412 1640 2488 1698 ὦν
2518 1644 2942 1714 ἀπεστέρηνται,
2969 1644 3255 1710 αἰτήσωσι.
3305 1640 3413 1693 Καὶ
3436 1639 3682 1693 ἐντεῦθεν
3703 1638 3985 1690 δείκνυται

2416 1738 2556 1803 μέγα
2598 1736 2776 1806 δόγμα
2798 1777 2813 1800 ,
2859 1737 2943 1789 ὅτι
2991 1734 3179 1796 ἀτελὲς
3208 1734 3269 1786 τι
3297 1732 3580 1803 βάπτισμα
3611 1731 3859 1785 Ἰωάννου
3902 1731 3985 1790 είς

2414 1830 2723 1899 μετάνοιαν.
2780 1831 2891 1883 Καὶ
2938 1829 3039 1881 οὑκ
3078 1824 3252 1892 εἶπεν,
3313 1825 3583 1893 ἀφέσεως,
3622 1823 3778 1886 ἀλλά,
3817 1842 3836 1874 ι
3873 1840 3979 1890 με·

729 1916 887 1967 οὗτον
917 1914 1025 1983 γὰρ
1054 1913 1205 1982 αὐτῷ
1251 1912 1626 1979 συγγινόμενοι
1679 1910 1893 1979 Χρόνονν
1931 1907 2101 1961 πολλὰ
2135 1907 2303 1975 ἐμάν-
2335 1915 2374 1969 Β
2405 1922 2622 1983 τανοίας
2651 1922 2957 1991 βάπτισμα.
2994 1939 3012 1971 ι
3048 1918 3466 1980 Βαπτισθέντες,
3504 1916 3707 1978 εὑθέως
3752 1914 3986 1981 Πνεῦμα

733 2007 919 2070 θανον,
972 2004 1067 2057 καὶ
1097 2005 1247 2072 ὅμως
1278 2002 1378 2069 τῆς
1430 2000 1725 2069 συνηθείας
1774 2000 1971 2062 αὐτοὺς
2014 2000 2301 2067 ἀπήγαγεν

732 2097 942 2151 οὐδέπω
992 2096 1093 2163 τῆς
1153 2094 1471 2163 Ἰουδαϊκῆς.
1536 2094 1682 2163 Ὅρα
1738 2091 1870 2160 γοῦν
1920 2090 2154 2144 ἐνταῦθα
2208 2092 2303 2143 καὶ

731 2186 1052 2258 παρακαλού
1063 2203 1221 2256 μενον
1244 2186 1409 2238 αὑτὸν
1441 2186 1642 2253 μεῖναι,
1668 2183 1855 2252 ἐπειδὴ
1888 2181 1988 2235 οὑκ
2017 2181 2300 2251 ἠνέσχετο,

729 2281 827 2350 οὑχ
862 2280 1050 2343 ἁπλῶς
1095 2280 1292 2339 αὑτοὺς
1317 2278 1519 2342 είασεν,
1569 2276 1705 2329 ἀλλὰ
1749 2276 1890 2346 μετὰ
1933 2276 2299 2345 ὑποσχέσεως.

740 2372 1012 2437 Ἐκείνους
1047 2372 1104 2424 δέ
1138 2372 1264 2434 τοὺς
1293 2370 1491 2434 τόπους
1519 2370 1858 2441 μετέϐαινεν,
1889 2365 1970 2433 οἷς
1996 2369 2171 2438 ἐπέϐη
2196 2368 2301 2437 πρὸ

729 2461 942 2514 τούτου.

807 2551 872 2605 '0
902 2550 1113 2616 Παῦλος
1142 2554 1429 2623 προφήτης
1456 2550 1563 2616 ὣν,
1618 2553 1713 2604 καὶ
1746 2549 1902 2613 εἰδὼς
1938 2550 2023 2602 δτι
2069 2551 2300 2620 ἤμελλεν

728 2644 1111 2713 ἀναστρέφειν,
1143 2645 1505 2713 ἐπηγγείλατο
1537 2644 1700 2697 πάλιν
1732 2643 2117 2712 ἀναστρέφειν.
2152 2641 2300 2710 Πλὴν

730 2737 818 2788 ἵνα
849 2737 924 2805 μή
966 2754 1052 2797 τις
1099 2736 1205 2789 ὑπὸ
1245 2736 1579 2805 προπετείας
1606 2735 1667 2788 τὸ
1716 2735 1847 2786 αὐτὸ
1887 2737 2015 2803 ποιῇ
2057 2734 2297 2796 ἀτόπως,

728 2828 1156 2899 ὑπισχνούμενος
1194 2827 1312 2880 τόδε
1348 2844 1400 2879 τι
1430 2830 1625 2891 ποιεῖν,
1674 2824 1917 2889 ἐδίδαξεν
1959 2826 2107 2893 ἡμᾶς
2137 2824 2300 2893 μηδὲν

728 2923 855 2989 περὶ
905 2921 1013 2975 τῶν
1071 2919 1376 2989 μελλόντων
1420 2919 1805 2989 ὑπισχνεῖσθαι
1849 2921 2023 2971 ποιεῖν
2051 2918 2174 2987 δίχα
2202 2916 2298 2970 τοῦ

727 3014 903 3066 είπείν
933 3027 947 3043 ⁸
995 3031 1013 3063 ι
1046 3011 1138 3064 τοῦ
1181 3010 1317 3064 Θεοῦ
1352 3011 1618 3075 θέλοντος.
1659 3030 1677 3063 ι
1727 3010 1885 3064 Οὕτω
1918 3010 2028 3080 γὰρ
2058 3011 2152 3063 καὶ
2196 3010 2302 3063 Ἰά-

726 3104 904 3166 κωϐος
934 3105 1190 3173 παραινεῖ
1213 3106 1272 3157 ἐν
1300 3107 1365 3173 τῇ
1400 3102 1565 3159 αὑτοῦ
1610 3103 2136 3173 Ἐπιστολ.ῇ,λέγων·
2169 3121 2188 3152 ι
2220 3103 2297 3155 Οὑ

726 3197 834 3266 γάρ
865 3214 950 3258 τις
983 3193 1088 3250 εἶδε
1126 3196 1201 3269 [Ῑ.
1228 3192 1358 3268 οἶδε]
1389 3197 1442 3250 τί
1475 3197 1691 3262 τέξεται
1727 3199 1759 3264 ἡ
1799 3195 2029 3248 ἐπιοῦσα
2054 3197 2293 3266 ἡμέρα.»

2411 2012 2736 2081 ἐλάμϐανον,
2770 2013 2831 2065 τὸ
2862 2013 2919 2064 δέ
2972 2010 3200 2078 Πνεῦμα
3224 2010 3323 2077 οὑχ
3366 2008 3554 2077 ἐώρων
3589 2007 3845 2074 (ἀόρατον
3869 2007 3985 2073 γάρ

2408 2103 2599 2173 ἐστιν),
2624 2103 2881 2171 αίσθητδν
2908 2102 2963 2155 δέ
2991 2118 3114 2154 τινα
3140 2099 3361 2167 ἔλεγχον
3385 2098 3555 2151 ἐδίδου
3578 2097 3675 2164 τῆς
3699 2097 3987 2165 ἐνεργείας

2408 2193 2619 2261 ἐκείνης
2670 2194 2703 2262 ή
2754 2192 2933 2261 χάρις.
2999 2190 3111 2242 Καὶ
3155 2190 3183 2241 6
3218 2189 3317 2257 μὲν
3358 2190 3425 2256 τῇ
3465 2186 3710 2256 Περσῶν,
3766 2188 3793 2237 6
3824 2186 3880 2237 δὲ
3915 2187 3985 2253 τῇ

2420 2284 2726 2352 Ῥωμαίων,
2763 2284 2791 2335 ὁ
2838 2282 2894 2333 δὲ
2936 2282 3003 2350 τῇ
3051 2279 3229 2332 Ἰνδῶν
3288 2278 3545 2348 γλώσσῃ,
3589 2277 3621 2345 ἢ
3660 2277 3822 2346 ἑτέρᾳ
3871 2278 3990 2327 τινὶ

2411 2375 2766 2443 ἐφθέγγοντο.
2804 2374 2916 2427 Καὶ
2942 2372 3103 2426 τοῦτο
3130 2371 3459 2441 ἐφανεροῦτο
3503 2372 3613 2431 τοῖς
3637 2370 3857 2435 ἔξωθεν,
3898 2369 3988 2422 ὅτι

2406 2466 2465 2518 τὸ
2494 2464 2719 2534 Πνεῦμά
2742 2465 2891 2517 ἐστιν
2920 2466 2978 2515 ἐν
3017 2462 3167 2531 αύτῷ
3196 2467 3256 2514 τὸ
3286 2461 3680 2531 φθεγγόμενον.
3722 2459 3856 2511 Ἰδού
3891 2461 3984 2510 ἐν·

2406 2554 2789 2617 ταῦθαίδικῶς
2838 2554 3147 2623 πληροῦται
3190 2553 3271 2616 τὸ,
3317 2571 3335 2604 ι
3377 2552 3434 2604 '0
3467 2552 3789 2622 μικρότερος
3816 2553 3874 2603 ἐν
3913 2554 3981 2620 τῇ

2409 2644 2660 2715 βασιλεία
2683 2645 2795 2696 τῶν
2823 2644 3094 2713 οὐρανῶν,
3134 2644 3337 2713 μείζων
3363 2642 3529 2696 αὑτοῦ
3570 2645 3736 2695 ἐστιν.
3768 2660 3787 2693 ι
3844 2636 3984 2695 Ἰδοὺ

2404 2739 2513 2805 γὰρ
2538 2739 2565 2789 6
2596 2736 2704 2787 τῶν
2725 2736 3038 2789 ἀποστόλων
3070 2735 3296 2805 ἔσχατος
3324 2736 3451 2803 περὶ
3482 2734 3580 2804 τὴν
3605 2734 3818 2804 κλῆσιν,
3839 2735 3985 2803 ὅπερ

2405 2831 2504 2882 οὑκ
2542 2829 2741 2882 ἔδωκεν
2784 2829 3037 2898 Ἰωάννης
3069 2830 3126 2881 ἐν
3159 2828 3232 2897 τῷ
3284 2826 3639 2897 βαπτίσματι,
3681 2826 3843 2878 τοῦτο
3891 2828 3986 2879 διὰ

2406 2921 2513 2974 τῶν
2561 2922 2761 2991 χειρῶν
2810 2921 3022 2974 Παύλου
3085 2921 3279 2973 ἔλαϐον
3328 2921 3377 2971 οί
3429 2919 3842 2989 βαπτισθέντες.
3914 2917 3983 2971 Τί

2410 3032 2429 3065 ι
2460 3013 2938 3085 ἐπαρῤησιάζετο;
2972 3033 2990 3064 ι
3040 3013 3182 3081 Πρὸς
3228 3011 3506 3074 κινδύνους
3562 3006 3630 3080 ἦν
3662 3027 3982 3080 παρατεταο

2405 3104 2624 3172 γμένος,
2656 3106 2689 3175 ἢ
2727 3106 2820 3158 καὶ
2847 3104 3224 3175 φανερώτερον
3249 3103 3548 3170 διελέγετο,
3578 3104 3640 3155 οὑ
3668 3103 3984 3166 συσκιάξων

2407 3196 2475 3248 τὰ
2490 3198 2754 3265 δόγματα.
2782 3197 3103 3250 Παιδεύουσι
3124 3194 3451 3265 χωρίζεσθαι
3478 3195 3585 3247 ἀπὸ
3602 3195 3710 3246 τῶν
3735 3194 3986 3264 βλασφη-

729 3265 955 3359 ⁹Δξρρων
996 3285 1089 3341 οὖν
1126 3265 1170 3342 -ό
1209 3288 1284 3359 μὴ
1334 3265 1692 3359 προδιορίζων
1735 3292 1800 3358 τῇ
1866 3265 2178 3358 ἐπαγγελία
2212 3289 2294 3355 τὸ,
2327 3265 2369 3321 C
2405 3289 2654 3358 μούντων
2677 3290 2767 3341 τὸν
2797 3290 2925 3342 Υίὸν
2954 3289 3047 3342 τοῦ
3079 3289 3215 3342 θεοῦ
3238 3290 3365 3352 τοὺς
3396 3290 3475 3350 εἰς
3501 3287 3665 3339 αὑτὸν
3696 3288 3986 3339 πιστεύονς

738 3381 863 3434 Ἐὰν
901 3381 931 3432 6
965 3380 1171 3451 Κύριος
1226 3379 1377 3450 θέλῃ.
1430 3380 1592 3441 Ἔθος
1636 3380 1723 3432 ἀεὶ
1760 3380 1919 3432 τοῦτο
1967 3381 2047 3449 τῷ
2101 3381 2299 3450 Παύλῳ

726 3472 1155 3525 ἐπισκέπτεσθαι
1205 3472 1335 3532 τοὺς
1374 3472 1600 3532 πιστοὺς
1633 3470 1728 3522 καὶ
1781 3470 2157 3541 ἐπιστηρίζειν
2198 3472 2298 3525 αὑ-

725 3566 873 3626 τούς.
924 3564 1055 3618 Ἰδοὺ
1085 3562 1180 3617 καὶ
1202 3563 1373 3630 λόγιοι
1405 3562 1590 3616 λοιπὸν
1621 3564 1910 3634 ἀνήγοντο.
1960 3566 2086 3617 Εἰσὶ
2120 3566 2301 3619 διαϐε-

727 3655 1039 3726 ϐαιούμενοι
1066 3672 1227 3719 τινες,
1250 3655 1324 3718 ὡς
1349 3655 1647 3719 ’Δπολλὼς,
1672 3658 1834 3719 αὑτός
1857 3660 2005 3709 ἐστιν
2040 3658 2300 3728 ⁹Απελλῆς

725 3752 753 3803 6
787 3749 1091 3820 Κορινθίων
1141 3749 1439 3813 ἐπίσκοπος
1470 3789 1484 3812 ,
1528 3749 1657 3818 περὶ
1706 3744 1767 3802 οὗ
1807 3750 2010 3818 γράφει
2047 3751 2256 3814 Παῦλος
2282 3769 2297 3783 ·

732 3863 753 3891 σ
792 3842 926 3912 Περὶ
954 3840 1012 3893 δέ
1054 3840 1298 3893 Ἀπολλῶ
1327 3880 1341 3904 ,
1389 3842 1560 3894 πολλά
1615 3842 1970 3911 παρεκάλεσα
2012 3842 2240 3904 αὑτούς·
2275 3862 2295 3897 ι

727 3934 822 3985 καὶ
853 3932 953 3997 ἐτι,
985 3950 1004 3983 ι
1047 3931 1189 3999 Ἐγὼ
1218 3932 1509 4000 ἐφύτευσα,
1556 3934 1830 3997 ’Λπολλὼς
1853 3934 2095 3986 ἐπότισε.
2128 3952 2145 3984 ι
2186 3931 2298 3990 F11

726 4027 774 4076 εἰ
800 4024 999 4093 ἀληθὲς
1019 4024 1197 4089 τοῦτο,
1230 4025 1421 4077 σκόπει
1449 4027 1496 4076 εἰ
1523 4025 1790 4095 διώνυμο;
1809 4028 1838 4078 6
1862 4027 2025 4095 ἀνὴρ,
2056 4026 2104 4077 εί
2126 4018 2301 4089 ἄλλος

729 4115 1064 4185 μετεποιήθη
1100 4115 1329 4186 θάτερον
1353 4117 1462 4169 τῶν
1496 4118 1779 4187 ὀνομάτων
1803 4120 1883 4180 είς
1907 4120 1968 4170 τὸ
2000 4120 2206 4171 λοιπόν.
2240 4121 2299 4171 El

734 4204 794 4255 τὸ
835 4205 1118 4274 βάπτισμα
1147 4207 1305 4274 μόνον
1343 4208 1596 4261 Ἰωάννου
1645 4208 1916 4277 ἠπίστατο
1959 4202 2137 4272 οὗτος,
2181 4209 2299 4271 πῶς

724 4296 801 4365 τῷ
839 4298 1115 4368 Πνεύματι
1160 4298 1305 4365 ἔξεις
1355 4300 1415 4352 τὸ
1457 4299 1567 4369 γὰρ
1600 4301 1824 4369 Πνεῦμα
1859 4303 1957 4370 οὐχ
1981 4301 2154 4364 οὕτως
2190 4302 2298 4353 ἐδί-

725 4390 865 4443 δοτο.
919 4392 1029 4443 Καὶ
1069 4392 1116 4443 εί
1158 4394 1207 4443 οἱ
1246 4392 1383 4461 μετὰ
1426 4393 1616 4445 τοῦτον
1646 4394 1948 4464 ἐδεήθησαν
1973 4395 2067 4447 τοῦ
2105 4396 2301 4464 βαπτί-

728 4499 932 4551 σματος
952 4480 1047 4534 τοῦ
1078 4484 1335 4551 Χριστοῦ,
1364 4484 1541 4553 πολλῷ
1574 4485 1774 4553 μᾶλλον
1797 4486 1891 4537 καὶ
1916 4480 2069 4547 οὗτος
2100 4486 2295 4556 ἐδεήθη

2401 3400 2519 3445 τας.
2561 3383 2747 3452 Ὁρᾷς,
2767 3382 2934 3435 πόσον
2953 3383 3151 3451 ἤνυσεν
3178 3384 3210 3450 ἡ
3240 3380 3704 3445 ἀποστασία;Καὶ
3735 3380 3985 3432 Ἰουδαῖοι

2402 3474 2497 3527 καὶ
2547 3474 2809 3543 Ἕλληνες
2860 3475 3078 3541 ἢκουον.
3145 3474 3377 3526 «Ὀδὸνι
3442 3473 3589 3539 λέγει
3640 3472 3731 3524 τὸν
3775 3472 3990 3541 Κύριον

2399 3564 2559 3633 ἡμῶν
2612 3564 2820 3633 Ἰησοῦν
2849 3563 3103 3633 Χριστὸν,
3128 3563 3160 3633 ἦ
3193 3565 3290 3632 τὴν
3318 3564 3399 3625 είς
3422 3564 3584 3616 αὑτὸν
3618 3564 3804 3615 πίστιν
3845 3563 3992 3630 ἀλη-

2403 3656 2556 3725 θινὴν
2582 3656 2669 3708 διὰ
2705 3655 2917 3709 Παύλου
2946 3656 3476 3724 καταγγελλομένην.
3531 3656 3666 3723 Οὐχὶ
3683 3654 3992 3724 φοροῦντες

2400 3746 2637 3816 ἣπτοντο
2685 3749 2866 3816 μόνον,
2899 3746 3035 3800 ἀλλά
3082 3748 3173 3799 καὶ
3205 3747 3571 3814 λαμϐάνοντες
3602 3747 3938 3799 ἐπετίθεσαν
3974 3764 3989 3777 ’

2401 3840 2495 3890 καὶ
2524 3839 2612 3890 διά
2650 3838 2811 3890 τοῦτο
2841 3838 2943 3891 οὑκ
2972 3838 3060 3890 εἴα
3113 3837 3372 3891 ἀπελθεῖν
3406 3840 3485 3899 είς
3526 3838 3627 3906 τὴν
3671 3838 3857 3889 Ἀσίαν
3880 3840 3989 3889 αὑ-

2402 3932 2512 3993 τὸν,
2539 3929 2721 3998 τηρῶν
2749 3930 2937 3981 τοῦτον
2964 3930 3053 3982 τὸν
3088 3930 3296 3998 καιρὸν,
3326 3930 3401 3991 ὡς
3432 3928 3541 3996 ἐγὼ
3567 3926 3741 3996 οἶμαι.
3780 3930 3992 3981 Σουδα-

2405 4038 2494 4088 ρια
2523 4019 2579 4071 δὲ
2622 4022 2715 4073 καὶ
2762 4020 3096 4088 σιμικίνθια,
3145 4019 3431 4089 ἀμφότερα
3471 4020 3685 4087 νομίζω
3745 4020 3985 4090 λινοειῦῆ

2401 4106 2573 4160 εἶναι·
2619 4110 2757 4179 πλὴν
2788 4114 2852 4163 τὰ
2887 4112 2985 4177 μὲν
3018 4111 3274 4179 σουδάρια
3317 4112 3408 4162 ἐπὶ
3446 4112 3545 4180 τῆς
3585 4112 3829 4180 κεφαλῆς
3854 4114 3989 4163 ἐπι-

2402 4202 2674 4264 ϐάλλεται,
2707 4204 2774 4254 τα
2804 4204 2859 4255 δὲ
2885 4203 3193 4272 σιμικίνθια
3232 4206 3289 4255 ἐν
3319 4206 3436 4264 ταῖς
3463 4204 3620 4271 χερσὶ
3650 4205 3989 4272 κατέχουσιν

2401 4300 2446 4348 οἱ
2496 4295 2570 4365 μὴ
2613 4295 2901 4363 δυνάμενοι
2946 4295 3162 4368 ώράρια
3201 4295 3428 4364 φορέσαι
3466 4292 3590 4352 (οἷοί
3623 4298 3762 4348 εἰσιν
3795 4299 3988 4364 οἱ,φο-

2404 4389 2620 4459 ροῦντες
2664 4388 2938 4450 ὑπατικὰς
2980 4390 3217 4457 στολὰς),
3254 4390 3286 4458 ἢ
3321 4390 3533 4455 γουϐία,
3585 4390 3723 4459 πρὸς
3757 4391 3819 4442 τὸ
3842 4394 3988 4444 άπο-

2405 4482 2702 4550 μάττεσθαι
2732 4482 2830 4544 τὰς
2856 4481 2949 4534 τοῦ
2980 4480 3277 4552 προσώπου
3309 4482 3637 4552 ὑγρότητας,
3665 4477 3779 4535 οἷον
3817 4484 3985 4551 ἱδρῶ-

723 4572 811 4624 ἆν.
858 4573 921 4625 Τί
949 4571 1043 4626 οὖν
1074 4576 1223 4628 ἐστιν
1267 4578 1477 4641 είπεῖν;
1520 4578 1631 4645 Οὑχ
1664 4577 1849 4638 ἁπλῶς
1875 4577 2073 4646 ἐφεξῆς
2103 4579 2297 4647 ἔθηκεν
2331 4605 2371 4656 η
2401 4592 2518 4636 τας,
2550 4574 2799 4639 πτύελον,
2825 4576 3081 4643 δάκρυον,
3120 4577 3213 4627 καὶ
3233 4574 3303 4627 τὰ
3326 4577 3507 4643 ὃμοια.

723 4664 1035 4733 ἀμφότερα.
1074 4664 1230 4732 Ἐμοὶ
1258 4665 1403 4717 δοκεῖ
1418 4659 1569 4727 οὗτος
1600 4662 1739 4717 εἶναι
1769 4667 1878 4719 τῶν
1907 4670 2099 4719 ἐκατῗιν
2122 4671 2295 4721 εἰκοσι

724 4757 834 4809 τῶν
883 4759 1021 4826 μετά
1071 4756 1179 4808 τῶν
1229 4757 1545 4809 ἀποστόλων
1573 4757 2001 4825 βαπτισθέντων,
2041 4748 2107 4813 Ἦ
2139 4763 2186 4811 εί
2221 4761 2297 4831 μὴ

723 4846 904 4907 τοῦτο.
958 4848 1095 4916 ὅπερ
1132 4848 1224 4898 ἐπὶ
1259 4848 1351 4899 τοῦ
1396 4848 1701 4918 Κορνηλίου
1749 4850 1972 4917 γέγονε,
2008 4852 2298 4920 γεγένηται

726 4941 821 4993 καὶ
852 4940 949 4994 ἐπὶ
988 4939 1180 5010 τούτῳ.
1237 4940 1413 5009 Πολλὴ
1458 4937 1527 5010 ἦν
1572 4943 1603 5010 ἡ
1646 4944 1933 5013 παρρησία
1951 4943 2043 4994 τοῦ
2083 4945 2294 5013 ἀνδρὸς,

724 5030 966 5101 ἀκριϐῶς
1000 5031 1178 5083 ἐλάλει
1214 5030 1281 5082 τὰ
1330 5033 1460 5100 περὶ
1524 5034 1700 5100 Ἰησοῦ
1724 5071 1738 5094 ,
1791 5032 1909 5084 ἀλλ’
1943 5034 2110 5084 ἐδεῖτο
2143 5036 2299 5101 ἀκρι-

726 5123 877 5185 ϐείας
922 5124 1112 5193 ἐτέρας
1160 5123 1252 5177 καὶ
1280 5123 1649 5186 διδασκαλίας.
1689 5125 1874 5195 Ταύτῃ
1907 5143 1988 5177 τοι
2015 5126 2110 5177 καὶ
2141 5127 2296 5186 εἰδὼς

726 5215 906 5277 πάντα
937 5216 1044 5268 ἀπὸ
1086 5216 1183 5283 τῆς
1216 5216 1526 5285 προθυμίας
1578 5217 1933 5268 ἐπεσπάσατο
1978 5218 2038 5269 τὸ
2074 5218 2296 5287 Πνεῦμα

726 5307 787 5357 τὸ
822 5305 999 5371 ἅγιον,
1060 5306 1311 5375 καθάπερ
1340 5309 1387 5358 οί
1423 5309 1550 5375 περ).
1605 5308 1924 5376 Κορνήλιον.
1960 5309 2067 5360 Καὶ
2107 5309 2166 5360 τὸ
2200 5310 2295 5375 μὲν

726 5394 816 5449 οῦν
849 5396 1131 5466 παρρησίᾳ
1171 5397 1448 5465 ἐλέγχειν,
1504 5399 1535 5467 ἢ
1586 5398 1844 5468 δημοσία,
1881 5400 2155 5451 ἐδείκνυτο
2183 5416 2196 5428 ·
2238 5401 2297 5451 τὸ

728 5486 792 5557 [Ι.
831 5486 929 5557 τῷ]
961 5487 1017 5538 6‘}.
1047 5489 1252 5554 σαφῶς,
1290 5492 1321 5558 ἡ
1359 5490 1586 5559 δύναμις
1620 5490 1901 5559 ἐδηλοῦτο,
1926 5491 1987 5541 τὸ
2015 5492 2069 5543 δὲ
2092 5494 2155 5543 ἐκ
2189 5492 2297 5543 τῶν

726 5578 979 5645 Γραφῶν,
1004 5580 1367 5631 ἐπιδείκνυσιν
1393 5583 1424 5649 ἡ
1459 5582 1720 5649 ἐμπειρία
1745 5597 1758 5609 ⁸
1792 5580 1913 5633 οὔτε
1944 5584 1976 5649 ἡ
2014 5582 2296 5650 παρρησία

729 5669 971 5720 συντελεῖ
1007 5669 1081 5737 μὴ
1129 5670 1295 5740 ούσης
1328 5670 1611 5739 δυνάμεως
1640 5713 1653 5736 ,
1689 5670 1812 5722 οὑτε
1862 5675 1894 5741 ἡ
1951 5673 2183 5740 δύναμις
2221 5675 2295 5742 μὴ

724 5760 895 5827 οὑσης
928 5763 1266 5829 παρρησίας.

803 5851 989 5922 Πολλῷ
1013 5846 1157 5906 οῦτοι
1182 5855 1404 5909 ἐκείνων
1425 5856 1791 5928 διεστήκασιν.
1814 5861 1965 5913 Οἱ....
1994 5863 2039 5912 εἰ
2073 5862 2293 5932 Πνεῦμα

2477 4662 2661 4719 Πάντα
2697 4666 2916 4717 ἐποίουν
2954 4668 3336 4737 πραγματείας
3376 4667 3585 4731 ἕνεκεν,
3619 4669 3713 4720 καὶ
3748 4670 3987 4723 πιστεῦο

2402 4774 2494 4808 σαι
2522 4758 2619 4827 μὲν
2642 4759 2742 4810 οὐκ
2772 4758 2985 4827 ἦθελον,
3012 4759 3099 4811 διὰ
3137 4758 3194 4810 δὲ
3222 4758 3315 4811 τοῦ
3345 4760 3605 4827 ὀνόματος
3643 4761 3820 4828 Ἰησοῦ
3846 4762 3986 4831 ἤθε-

2399 4849 2489 4901 λον
2520 4849 2803 4903 ἐκϐάλλειν
2841 4852 2966 4912 τοὺς
2994 4850 3275 4918 δαίμονας,
3308 4851 3403 4905 καὶ
3428 4852 3581 4903 οὐδὲν
3616 4852 3761 4920 μέγα
3791 4856 3989 4923 ἐνόμι-

2401 4942 2491 5003 ζον
2519 4943 2608 4995 τὸν
2656 4943 2885 5011 Ἰησοῦν,
2924 4942 3060 4995 ἁλλά
3094 4945 3189 4996 καὶ
3220 4943 3299 5012 τῷ
3330 4944 3526 5013 Παύλῳ
3556 4947 3980 5014 προσετίθεσαν,

2398 5034 2472 5094 ώς
2499 5034 2661 5085 αὑτὸν
2700 5034 2839 5102 μέγα
2870 5051 2923 5085 τι
2956 5034 3246 5098 νομίζοντα
3283 5035 3345 5103 [Ῑ.
3397 5036 3713 5106 νομίζοντιΙ.
3746 5038 3903 5107 Αὕτη
3943 5044 3981 5111 ἡ

2400 5126 2541 5189 λέξις
2563 5126 2861 5188 δείκνυσιν,
2892 5127 2973 5178 ὅτι
3005 5128 3102 5194 οὑχ
3132 5127 3206 5188 ὡς
3231 5128 3575 5190 πιστεύοντες
3602 5128 3678 5197 τῷ
3721 5130 3901 5197 Ἰησοῦ
3929 5134 3981 5183 οἱ

2398 5220 2744 5287 ἐπιορκισταὶ
2807 5218 3113 5290 ἐπώρκιζον
3178 5222 3247 5272 τὰ
3304 5222 3591 5290 ἀκάθαρτα
3643 5224 3935 5290 πνεύματα

2396 5312 2509 5364 ἀλλ’
2539 5311 2613 5373 ώς
2642 5312 3011 5381 πειράζοντες,
3043 5314 3256 5382 δίψυχοι
3283 5315 3453 5375 ὄντες.
3493 5316 3583 5366 Διὸ
3614 5317 3702 5367 καὶ
3741 5318 3803 5367 τὺ
3834 5320 3977 5371 dwa-

2399 5404 2596 5471 θαρτον
2628 5403 2843 5471 πνεῦμα
2868 5404 3267 5473 ἐμαρτύρησεν,
3304 5406 3377 5468 ώς
3403 5406 3475 5474 μὴ
3509 5407 3667 5467 ὄντας
3702 5410 3927 5472 πιστούς
3958 5429 3974 5443 ·

2399 5498 2488 5546 καὶ
2530 5495 2627 5563 τῆς
2680 5499 3011 5564 προπετείας
3055 5497 3319 5549 δεδώκασι
3373 5498 3509 5566 πρὸς
3562 5499 3743 5566 ὀλίγον
3788 5501 3974 5571 δίκην.

2398 5590 2461 5640 Τί
2489 5588 2582 5642 οὖν
2613 5590 2693 5652 τὸ,
2729 5610 2747 5641 ι
2797 5591 3211 5661 Ἐπεχείρησαν,
3248 5612 3265 5642 ι
3286 5593 3477 5658 Sulci;
3521 5593 3644 5645 ’Ὁτι
3681 5593 3779 5644 οὑκ
3808 5594 3981 5664 ἐθάρο

2399 5683 2526 5750 ρουν
2561 5682 2678 5748 μὲν,
2734 5681 2871 5749 πλὴν
2912 5683 3207 5735 ἐπέϐαλλον
3253 5684 3397 5746 ὅπως
3437 5682 3834 5747 ἐπιτεύξωνται
3874 5685 3975 5736 τοῦ

2398 5772 2620 5823 σκοποῦ.

2466 5864 2587 5927 Πῶς
2616 5866 2643 5917 6
2680 5867 2888 5934 δαίμων
2911 5868 2969 5919 οὐ
3001 5866 3366 5935 συνέπραττεν
3407 5867 3653 5931 ἐκείνοις,
3707 5865 3846 5919 ἀλλὰ
3893 5867 3975 5919 Ez-
