4162 6442
757 445 898 509 1115

1664 446 2237 508 THEOPHYLACTI
2282 447 2688 509 BUI.GARI/E
2730 448 3085 509 ARCHIEP.

3872 448 4018 510 1116

756 562 942 627 φησὶν,
986 560 1271 625 ἐγενόμην,
1305 558 1568 610 δουλεύων
1598 559 1676 628 τῷ
1709 560 1923 627 Κυρίῳ·
1953 579 1971 609 0
2015 563 2334 611 κοινοποιεῐ-
2359 575 2409 633 Α
2434 561 2623 624 αὑτοῦ,
2648 560 2899 630 δεύτερος
2936 560 3114 630 ἐαυτῷ
3138 562 3418 629 ἐπαρκεῖν,
3452 557 3633 625 τρίτος
3661 558 3750 610 καὶ
3774 557 4016 627 ἑτέροις,

757 670 846 703 ται
878 653 945 704 τὰ
978 652 1404 721 κατορθώματα,
1442 652 1594 703 οὐδὲν
1636 652 1823 721 κα“ι.][.
1852 651 1930 722 δέ]
1964 653 2152 704 ἑαυτὸν
2184 652 2329 715 ἐξαί-

760 761 887 806 ρων.
926 743 1094 793 Τοῦτο
1151 741 1238 793 διὰ
1290 743 1342 792 τί
1398 758 1577 810 φησις
1640 743 2085 812 Παρασκευάςων
2134 744 2329 801 αὐτοὺς

757 838 844 888 ἀέὶ
875 834 1123 902 ἑτοίμους
1159 830 1297 886 εἶναι
1330 835 1465 903 προς
1499 834 1795 898 κινδύνους,
1837 836 1930 887 καὶ
1971 836 2095 896 τοὺς
2123 835 2329 895 δειλοὺς

757 928 848 978 καὶ
881 926 1005 987 τοὺς
1037 926 1135 993 μὴ,
1162 927 1254 977 καὶ
1284 926 1461 978 πάντα
1486 925 1563 993 τῷ
1595 925 1872 993 Πνεύματι
1904 926 2204 979 πείθεσθαι.
2240 927 2331 987 Εἰς

758 1021 840 1077 τὸ,
884 1037 901 1069 ι
938 1020 1251 1087 Δεδεμένος,
1298 1038 1316 1069 0
1353 1018 1641 1085 ὑποστίξαι
1672 1021 1771 1079 δεῖ,
1806 1020 1892 1071 ἵνα
1936 1022 1966 1086 ἡ
2215 1020 2330 1071 διά-

758 1127 875 1161 νοια
920 1109 1056 1176 αῦτη
1089 1124 1103 1138 ⁸
1154 1110 1463 1178 Πορεύομαι
1508 1112 1587 1172 εἰς
1644 1111 2020 1178 Ἰερουσαλὴμ,
2067 1112 2333 1178 προγνοὺς

757 1202 846 1252 διὰ
878 1201 971 1252 τοῦ
1006 1200 1327 1270 Πνεύματος
1354 1204 1422 1253 1'1
1462 1204 1718 1271 ἐσόμενα,
1763 1204 2069 1271 πορεύομαι
2113 1202 2333 1270 δέσμιος

757 1293 832 1343 ὢν
863 1310 875 1322 ·
914 1293 1003 1346 ἴνα
1032 1294 1177 1362 δείξῃ
1216 1295 1482 1346 ὃτι-ἑκὼν
1514 1295 1815 1365 ἀπέρχεται
1851 1311 1863 1323 ·
1906 1296 1992 1347 ἵνα
2024 1295 2096 1363 μὴ
2136 1294 2334 1362 δεσμὸν

757 1388 1066 1457 ἣάνάγκην
1099 1390 1350 1459 νομίσῃς,
1400 1391 1582 1457 φησὶν,
1632 1391 1711 1443 ὅτι
1776 1390 1916 1441 κατά
1962 1389 2115 1441 πόλιν
2161 1388 2337 1454 δεσμά

759 1482 852 1533 καὶ
877 1481 1057 1548 καιροὶ
1091 1479 1319 1548 θλίψεων
1355 1483 1573 1549 μένουσι
1601 1498 1613 1510 ·
1648 1482 1741 1533 καὶ
1770 1482 1851 1534 ὅτι
1880 1481 1976 1551 μὲν
2012 1482 2333 1549 πειρασμοὶ,

757 1566 874 1631 οἶδα
903 1586 914 1598 ·
944 1572 1118 1621 ὁποῖοι
1159 1570 1236 1632 δέ,
1272 1571 1371 1622 οὐκ
1403 1566 1518 1623 οἶδα
1546 1587 1558 1599 ·
1600 1572 1736 1640 ὅπερ
1766 1567 1835 1641 ἦν
1862 1570 2261 1638 χαλεπώτερον.

831 1660 896 1712 Τί
930 1658 1022 1713 οὖν
1068 1663 1306 1732 ἀπέρχῃ,
1358 1665 1406 1714 εἰ
1446 1663 1621 1732 δεσμά
1652 1667 1744 1715 καὶ
1789 1663 1997 1731 θλίψεις
2040 1680 2098 1714 σε
2137 1664 2287 1731 μένει
2322 1679 2335 1726 ;

760 1754 860 1804 Διά
888 1753 1042 1805 τοῦτο
1079 1754 1263 1817 αὑτὸς,
1298 1755 1384 1806 ἵνα
1415 1754 1718 1822 δεσμευθῶ,
1766 1756 1923 1823 φησὶ.
1958 1754 2046 1807 διὰ
2081 1752 2335 1823 Χριστὸν,

763 1846 898 1899 ἀλλὰ
952 1848 1045 1899 καὶ
1084 1847 1316 1915 ἑτοίμως
1365 1847 1472 1915 ἔχω
1518 1846 1834 1901 ἀποθανεῖν.
1887 1848 2048 1898 Ὥστε
2111 1846 2337 1908 εἰκότως

2430 653 2710 719 τέταρτος,
2751 652 2810 705 τὸ
2866 654 2960 705 καὶ
3019 652 3379 722 κηρύττοντά,
3414 651 3510 703 καὶ
3537 650 3790 716 ἐξουσίαν
3818 652 4020 719 ἔχοντα

2431 744 2747 813 λαμϐάνειν,
2782 744 2856 815 μὴ
2882 745 3178 814 λαμϐάνειν
3207 761 3222 776 ο
3259 744 3401 797 ῶστε
3431 744 3567 797 πολὺ
3621 744 3732 796 τῶν
3768 745 4012 812 ἀκτημό·

2431 853 2538 888 νων
2588 831 2741 900 οὗτος
2777 837 2998 906 βελτίων
3026 833 3116 907 ἦν.
3147 836 3527 906 Δείκνυσιτὴν
3563 835 3706 906 βίαν,
3745 837 3804 888 ὲν
3825 836 3905 905 τῷ
3936 838 4016 887 εἱ-

2433 930 2589 980 πεῖν·
2628 946 2648 979 ε
2689 928 3166 992 Ἀποσπασθέντας
3198 928 3293 980 ἀπ’
3339 927 3537 982 αὑτῶν.
3575 947 3591 977 0
3630 928 3739 980 Καὶ
3762 927 4019 989 εἰκότως⁸

2435 1020 2511 1080 είς
2541 1019 2653 1089 γὰρ
2681 1020 2782 1087 τὴν
2833 1018 3114 1072 θάλασσαν
3153 1020 3354 1082 αὑτοὺς
3409 1018 3601 1071 λοιπὸν
3647 1018 3887 1087 ἐμϐῆναι
3915 1019 4022 1069 οὑκ

2435 1109 2585 1175 ἐνῆν.
2642 1110 2708 1161 Τί
2739 1111 2909 1171 ἐστιν,
2979 1128 2998 1160 ε
3026 1110 3578 1180 Εὑθυδρομήσαντεςς
3612 1130 3629 1160 0
3697 1112 3846 1162 Ἀντὶ
3876 1110 3976 1161 τοῦ
4002 1150 4018 1172 ,

2439 1200 2812 1270 Προήλθομεν,
2868 1201 3307 1272 ἐνδιατρίψαντες
3360 1202 3513 1253 οὐδὲν
3543 1202 3750 1269 ἑτέροις
3799 1202 4017 1263 τόποις,

2439 1294 2533 1345 καὶ
2563 1292 2788 1363 Κύπρον
2814 1293 2871 1346 δὲ
2910 1293 3100 1347 εἴασαν
3128 1296 3221 1345 καὶ
3252 1292 3474 1362 Συρίαν.
3504 1291 3581 1344 T0
3607 1292 3737 1360 γὰρ,
3777 1311 3795 1342 ι
3822 1292 4017 1344 Κατα-

2439 1386 2688 1447 λιπόντες
2723 1386 2895 1454 αὑτὴν
2921 1385 3223 1454 εὐώνυμον,
3259 1404 3277 1437 0
3310 1385 3409 1452 οὑχ
3446 1383 3633 1446 ἁπλῶς
3666 1385 3862 1445 κεῖται,
3899 1384 4021 1436 ἀλλ’

2438 1480 2518 1531 ὅτι
2548 1478 2667 1530 οὑδέ
2690 1479 2858 1545 ἐγγὺς
2880 1479 3133 1546 γενέσθαι
3164 1478 3260 1546 τῆς
3286 1478 3481 1545 Συρίας
3497 1477 3780 1530 ἔσπευδον.
3814 1478 3877 1529 Εἰ
3902 1476 4024 1528 τοί-

2438 1585 2534 1620 νυν
2566 1569 2627 1620 τὸ
2658 1568 2882 1638 Πνεῦμα
2944 1568 3185 1627 ἐκέλευε,
3238 1569 3327 1621 διὰ
3353 1568 3405 1621 τί
3436 1571 3690 1633 ἀντεῖπες
3732 1568 4024 1632 Τουτέστι,

2438 1659 2528 1713 διὰ
2562 1659 2877 1729 Πνεύματος
2940 1660 3164 1713 εἰδόσιν.
3198 1659 3275 1715 Οὐ
3308 1661 3414 1727 γὰρ
3442 1660 3506 1730 δὴ
3536 1660 3634 1729 τὴν
3690 1660 4025 1729 παραίνεσιν

2439 1752 2526 1804 διὰ
2550 1752 2643 1805 τοῦ
2668 1752 2980 1820 Πνεύματος
3007 1753 3307 1805 ἐποιοῦντο·
3332 1754 3391 1805 οὑ
3425 1754 3532 1821 γὰρ
3564 1752 3749 1813 ἁπλῶς
3774 1750 3925 1821 αὑτῷ
3953 1754 4027 1805 τὰ

2440 1844 2589 1895 δεινά
2628 1843 2948 1912 προῦλεγον,
3002 1844 3118 1896 ἀλλ’
3148 1844 3228 1896 ὅτι
3276 1842 3543 1913 ἀναϐῆναι
3571 1844 3631 1895 οὑ
3672 1843 3798 1913 χρὴ,
3832 1844 4022 1910 φειδό-

770 1958 787 1987 ‹
816 1937 1271 2007 Διαμαρτύρομαι
1295 1940 1447 2008 ὑμῖν,
1476 1957 1493 1989 0
1525 1939 1618 1991 ἀτε
1651 1939 1848 2005 μηκέτι
1872 1937 2337 2007 παραγενόμενος,
2374 1942 2413 1996 Β
2446 1951 2599 2003 μενοι
2615 1935 2803 1990 αὑτοῦ.
2855 1935 3193 2004 Ἐξαρτίσαι,
3218 1954 3235 1985 0
3276 1936 3522 1988 τουτέστι
3576 1934 3860 2006 πληρῶσαι
3904 1939 4027 1999 τοῖς

767 2050 784 2078 ι
809 2032 889 2084 ὃτι
916 2031 1150 2099 καθαρός
1169 2036 1282 2099 εξμι
1308 2032 1414 2083 ἀπὸ
1436 2030 1528 2083 τοῦ
1548 2030 1778 2096 αἵματος
1797 2029 2035 2093 πάντων,
2050 2029 2339 2083 ιείνυστά-

765 2122 951 2186 ξαντες
983 2123 1304 2176 ἀποθανεῖτε
1334 2123 1397 2194 [Γ.
1430 2122 1813 2193 ἀποθανεῖσθε]
1862 2124 1970 2176 ἀπ’)
2016 2122 2111 2174 τοῦ
2146 2138 2339 2191 φονευ-

764 2214 857 2266 τοῦ
886 2214 992 2266 τῶν
1025 2214 1232 2284 ψυχῶν.
1276 2214 1348 2267 Τὸ
1382 2216 1489 2283 γὰρ
1514 2214 1605 2267 τοῦ
1638 2215 1983 2279 διδασκάλου,
2040 2215 2192 2282 φησὶ,
2241 2229 2339 2265 πε-

766 2307 996 2376 ποίηκα,
1020 2309 1079 2357 τδ
1114 2325 1132 2358 ι
1173 2307 1503 2373 ἀπαγγεῖλαι
1529 2306 1656 2375 ὑμῖν
1678 2304 1775 2373 τὴν
1796 2304 1989 2374 βουλὴν
2013 2304 2106 2357 τοῦ
2131 2303 2286 2366 Θεοῦ,
2315 2323 2333 2355 0

766 2402 860 2451 καὶ
894 2399 955 2449 τὸ
989 2398 1201 2466 θέλημα
1240 2397 1428 2459 αὑτοῦ,
1472 2398 1546 2459 ὼς
1580 2399 1740 2461 αὑτὸς
1776 2394 1948 2460 εἶπεν,
1996 2397 2081 2449 ἵνα
2117 2396 2339 2449 πιστεύ-

768 2507 932 2542 σωσιν
960 2492 1039 2551 εἰς
1073 2489 1164 2541 τὸν
1205 2490 1466 2557 μονογενῆ
1508 2489 1674 2541 αὑτοῦ
1708 2490 1859 2548 Υίὺν,
1893 2488 1987 2540 τὸν
2017 2489 2073 2552 ἐξ
2104 2486 2337 2556 οὐρανοῦ

768 2582 1143 2634 ἀποσταλέντα
1179 2582 1270 2634 ἐπὶ
1328 2579 1577 2651 σωτηρίᾳ
1618 2578 1713 2632 τοῦ
1759 2578 1951 2646 γένους
2018 2577 2195 2647 ἡμῶν.
2238 2576 2341 2628 Δύο

769 2673 1102 2742 προσέταξεν
1131 2690 1144 2703 '
1187 2672 1450 2741 001075.50
1484 2672 1547 2724 τὸ
1591 2672 1810 2739 ἑτέρους
1839 2669 2138 2737 κατορθοῦν
2183 2669 2343 2738 μόνον

768 2765 881 2833 ἔχει
940 2766 1151 2834 κέρδος,
1203 2770 1253 2833 (ι
1286 2766 1496 2832 Μήπως
1537 2764 1716 2824 ἄλλοις
1746 2762 1990 2831 κηρύξας
2020 2760 2181 2822 αὐτὸς
2222 2759 2345 2811 ἀδό-

766 2862 929 2927 κιμος
980 2858 1225 2925 γένωμαι
1293 2857 1361 2921 0),
1415 2856 1539 2908 οὗτε
1593 2858 1654 2908 τὸ
1710 2854 1920 2907 ἑαυτῶν
1967 2853 2345 2922 ἐπιμελεῖσθαι

772 2947 884 3014 ἔχει
916 2964 967 2997 τι
1020 2946 1229 3015 κέρδος.
1274 2946 1333 2999 '0
1384 2949 1492 3016 γὰρ
1546 2944 1785 3007 τοιοῦτος
1836 2943 2111 3010 φίλαυτος,
2159 2943 2253 2994 καὶ
2287 2941 2348 2993 τὸ

770 3035 966 3109 ἑαυτοῦ
1005 3035 1176 3103 ζητεῖ,
1209 3040 1301 3088 καὶ
1334 3036 1461 3097 ἴσως
1490 3035 1583 3088 τοῦ
1614 3037 1673 3086 10
1698 3035 1959 3088 τάλαντον
1989 3031 2346 3101 καταχώσαν-

770 3146 881 3190 10;,
924 3129 1023 3180 οὑκ
1072 3128 1261 3196 ἐπειδὴ
1306 3127 1703 3196 προτιμότερον
1750 3128 1783 3196 ἡ
1824 3126 2072 3195 ἡμετέρα
2105 3124 2350 3193 σωτηρία

770 3219 864 3271 τοῦ
904 3218 1175 3286 ποιμνίου,
1210 3218 1324 3270 ἀλλ’
1354 3217 1540 3286 ἐπειδὴ
1564 3218 1691 3269 ὅταν
1718 3217 1929 3277 ἑαυτοῖς
1973 3216 2348 3285 προσέχωμεν,

2441 2026 2818 2094 τεταγμένοις.
2850 2026 2960 2079 Θέα
2994 2027 3049 2078 δέ
3072 2044 3162 2095 μοι
3189 2027 3367 2089 πάσας
3406 2027 3504 2089 τὰς
3526 2027 3760 2098 ἡμέρας,
3801 2028 4029 2097 μετάτα

2444 2117 2666 2186 Ἀζυμα
2714 2119 2796 2181 είς
2826 2118 3058 2187 Τρωάδα
3088 2116 3279 2188 ἦλθον,
3309 2118 3377 2171 δι’
3412 2121 3637 2189 ἡμερῶν
3668 2121 3828 2172 πέντε
3857 2137 3869 2149 ’
3904 2118 4029 2172 εἶτα

2442 2208 2561 2259 ἐκεῖ
2580 2208 2843 2278 ἐποίησαν
2876 2209 3018 2262 ἑπτα
3041 2208 3276 2279 ἡμέρας·
3313 2210 3413 2271 τὰς
3454 2211 3633 2272 πάσας
3670 2211 3901 2273 δώδεκα,
3932 2214 4032 2263 καὶ

2441 2299 2511 2349 τὰ
2529 2296 2681 2361 ἑξῆς.
2715 2300 2840 2352 Ὅτι
2863 2299 2960 2352 τοῦ
2980 2299 3231 2353 διακόνου
3254 2296 3396 2370 ἦσαν
3416 2301 3471 2353 αἱ
3500 2301 3802 2370 θυγατέρες
3831 2303 4033 2355 Φιλίπ-

2444 2406 2568 2443 που.
2596 2391 2757 2442 Ὥστε
2790 2388 2884 2443 οῦν
2913 2394 3006 2444 καὶ
3038 2391 3116 2459 τῷ
3140 2395 3529 2462 κοινωνήσαντι
3560 2395 3722 2463 γάμῳ
3755 2395 4033 2447 διακονεῖν

2445 2478 2636 2545 ἔξεστι.
2670 2480 3176 2549 Σημείωσαιδέ.ὃτι
3202 2483 3255 2533 αἱ
3283 2482 3617 2550 προφήτιδες
3640 2483 3693 2533 αί
3722 2480 4028 2548 θυγατέρες

2446 2570 2608 2623 αὐτοῦ
2640 2571 2895 2640 παρθένοι
2948 2568 3111 2641 ἦσαν,
3147 2576 3241 2626 καὶ
3259 2574 3339 2626 δτι
3373 2575 3577 2643 ἧσκουν
3609 2572 3808 2639 μᾶλλον
3838 2572 3906 2625 δι’
3938 2573 4030 2624 εὑ-

2446 2663 2668 2716 λάϐειαν
2688 2664 2868 2726 τοῦτο,
2907 2665 3046 2719 ῶστε
3075 2668 3165 2720 καὶ
3196 2666 3531 2737 προφητείαν
3661 2663 4033 2736 προφητείας]

2446 2755 2732 2823 ἠξιῶσθαι.
2802 2758 2865 2809 El
2923 2758 2979 2809 δὲ
3030 2759 3104 2827 μὴ
3138 2754 3205 2826 ἦν
3266 2756 3761 2826 περισπούδαστον,
3811 2755 3915 2808 οὐκ
3965 2755 4035 2809 ἂν

2448 2846 2839 2917 προσέθηκε·δό
2868 2850 3241 2918 συγγραφεὺς,
3303 2850 3386 2902 ὅτι
3435 2849 3531 2901 καὶ
3566 2847 3830 2918 παρθένοι
3861 2843 4008 2918 ἦσαν

2523 2956 2545 2989 ε
2577 2937 2836 3005 Ἄγαϐος,
2866 2958 2884 2990 0
2924 2941 2952 2991 0
2981 2941 3148 2993 πάλαι
3199 2941 3289 2992 τὸν
3331 2940 3490 3008 λιμὸν
3547 2939 3815 3009 μηνύσας.
3868 2958 3886 2990 ι
3916 2940 4026 2991 Τὸν

2453 3026 2645 3098 ἄνδρα,
2673 3024 2734 3082 οὑ
2760 3031 2906 3081 ἐστιν
2938 3033 2971 3095 ἡ
3008 3028 3152 3099 ζώνη
3179 3030 3339 3099 αῦτη,
3375 3029 3519 3083 οὑτω
3555 3031 3809 3100 δήσουσιν
3833 3032 3891 3081 ὲν
3937 3028 4035 3082 Ἱε-

2466 3120 2806 3189 ρουσαλήμ.»
2831 3121 3012 3192 Ὅπερ
3034 3123 3083 3174 οἱ
3113 3122 3388 3192 προφῆται
3417 3120 3651 3183 ἐποίουν,
3681 3121 3776 3173 καὶ
3816 3122 3941 3188 ὄψει
3966 3123 4036 3173 τε

2456 3211 2715 3280 γινόμενα
2744 3213 3178 3282 ὑπογράφοντες,
3209 3213 3310 3265 ὅσα
3344 3213 3469 3283 περὶ
3501 3212 3885 3281 αἰχμαλωσίας
3918 3212 4037 3265 ἐλε-

770 3310 890 3365 τότε
928 3312 1097 3363 καὶτὸ
1128 3311 1376 3378 ποίμνιον
1408 3309 1787 3379 κερδαίνομεν.
1835 3309 2037 3380 Ὀρᾷς;
2072 3309 2223 3379 παρά
2255 3309 2350 3361 τοῦ
2378 3274 2422 3333 c
2456 3320 2572 3369 γον,
2603 3302 2679 3365 ὥς
2709 3306 2737 3355 ὁ
2778 3304 3057 3374 Ἰεζεκιὴλ,
3104 3303 3263 3357 τοῦτο
3292 3305 3385 3356 καὶ
3417 3302 3579 3366 αὑτὸς
3631 3304 3857 3373 ἐποίησε
3880 3317 3898 3335 ο
3924 3304 4038 3369 ’καὶ

774 3402 1091 3470 Πνεύματος
1122 3400 1272 3469 ἔχετε
1321 3400 1419 3467 τὴν
1466 3399 1799 3468 χειροτονίαν
1842 3417 1860 3450 ι
1897 3398 2210 3468 ποιμαίνειν
2253 3398 2352 3467 τὴν

785 3493 1108 3561 ’ἱίκκλησίαν
1132 3491 1224 3544 τοῦ
1258 3491 1483 3560 Κυρίου.
1524 3511 1541 3542 ›
1597 3491 1725 3543 Ἰδοὺ
1774 3492 1867 3543 καὶ
1917 3490 2049 3557 ἄλλη
2090 3490 2301 3558 ἀνάγκη
2337 3507 2351 3521 ο

770 3583 865 3635 τοῦ
906 3585 1111 3652 Κυρίου
1160 3585 1305 3635 ἐστὶν
1336 3584 1368 3650 ἡ
1409 3582 1722 3652 Ἐκκλησία.
1770 3581 2109 3651 Σημειωτέον
2148 3583 2227 3634 ὅτι
2260 3580 2354 3644 οὓς

774 3678 947 3728 ὀπίσω
966 3678 1190 3730 ἐκάλεσε
1222 3676 1650 3747 πρεσϐυτέρους.
1678 3670 1779 3729 ὧδε
1805 3678 2145 3739 ἐπισκόπους
2175 3677 2349 3738 καλεῖ,

776 3772 895 3837 ἦτοι
929 3771 1016 3823 διὰ
1056 3771 1115 3822 τὸ
1162 3771 1286 3832 τοὺς
1343 3770 1755 3838 πρεσϐυτέρους
1783 3769 2029 3839 ἀνάγκην
2069 3768 2213 3839 ἔχειν
2257 3770 2357 3820 ἐπ-

775 3861 1031 3914 οπτεύειν
1056 3859 1248 3928 τάιτῆς
1286 3860 1611 3929 Ἐκκλησίας
1642 3860 1909 3929 πρόϐατα,
1939 3861 2078 3913 κατά
2098 3860 2180 3925 τὸ,
2206 3878 2224 3911 ι
2256 3861 2354 3912 'E-

776 3948 984 4015 λεγξον,
1043 3950 1388 4019 ἐπιτίμησον,
1427 3949 1808 4018 παρακάλεσον
1834 3967 1848 3980 ·
1885 3968 1904 4001 0
1961 3951 2356 4020 ἢέπισκόπους

779 4032 883 4090 ὦδε
914 4038 1040 4099 τοὺς
1081 4038 1249 4099 ὅντως
1308 4039 1638 4101 ἐπισκόπους
1675 4039 1840 4106 λέγει.
1885 4042 2139 4092 Δείκνυσι
2169 4040 2353 4106 τίμιον

778 4130 839 4181 τὸ
876 4131 1123 4199 πρᾶγμα,
1160 4130 1241 4182 ὅτι
1274 4130 1370 4199 οὐχ
1402 4130 1541 4199 ὑπὲρ
1585 4131 1800 4200 μικρῶν
1840 4132 1868 4183 0
1905 4131 2167 4194 κίνδυνος,
2208 4130 2261 4182 εί
2290 4147 2356 4198 γε

780 4223 899 4275 οὐδὲ
935 4220 1030 4275 τοῦ
1077 4222 1210 4275 ἰδίου
1262 4225 1520 4291 ἐφίστατο
1563 4221 1625 4293 [Ῑ.
1669 4220 1947 4293 ἐφείσατο]
2001 4222 2252 4289 αἵματος.
2292 4222 2357 4274 Τί

780 4310 873 4366 οὖν
899 4314 1136 4383 ἀπέρχῃ,
1160 4314 1210 4365 εἰ
1232 4313 1387 4364 τοῦτο
1414 4314 1705 4383 προοῖδας;
1733 4313 1804 4365 Τὸ
1826 4313 2050 4380 Πνεῦμά
2086 4331 2152 4380 με
2184 4314 2353 4367 έλκει.

787 4426 803 4455 ε
842 4404 931 4474 Τῷ
954 4405 1094 4473 λόγῳ
1128 4406 1224 4472 τῖς
1258 4405 1499 4475 χάριτος·
1527 4424 1545 4456 0
1582 4406 1839 4457 τουτέστι
1863 4408 1929 4473 τῇ
1960 4406 2143 4474 χάριτι
2170 4404 2356 4459 αὑτοῦ.

784 4497 1029 4566 Συνεχῶς
1080 4498 1485 4565 ἀναμιμνήσκει
1538 4496 1733 4557 αὐτοὺς
1792 4494 1884 4546 καὶ
1924 4495 2144 4563 χάριτος
2195 4511 2359 4545 σπου-

2453 3394 2515 3447 τὸ
2533 3394 2596 3464 δὴ
2621 3394 2877 3463 χαλεπὸν,
2905 3396 2985 3447 ὅτι
3013 3398 3123 3457 cal;
3152 3398 3339 3467 χεῖρας
3360 3394 3531 3448 ἐθνῶν
3553 3395 4031 3464 παραδώσουσιν.)

2457 3487 2572 3538 Οὐκ
2610 3484 2729 3537 εἷπε
2763 3486 2820 3538 δέ
2848 3489 2874 3539 0
2900 3487 3141 3555 ’Ἄγαϐος
3172 3489 3257 3540 ὅτι
3293 3486 3507 3541 Παῦλον
3529 3488 3810 3555 δήσουσιν,
3844 3487 3932 3540 ῖινα
3962 3488 4040 3557 μὴ

2454 3576 2579 3647 δόξῃ
2619 3580 2683 3629 ἐκ
2719 3577 2991 3647 συνθήκης
3020 3579 3218 3646 λέγειν,
3256 3578 3390 3631 ἀλλά
3424 3598 3442 3630 ι
3465 3578 3556 3631 τὸν
3586 3580 3775 3649 ἄνδρα,
3812 3572 4041 3632 οῦέστιν

2455 3668 2489 3738 ὴ
2529 3668 2694 3736 ζώνη.
2730 3688 2748 3720 0
2808 3671 2972 3739 Ὅρα,
3035 3670 3128 3723 καὶ
3181 3670 3359 3742 ζώνην
3432 3669 3569 3741 εἶχε.
3627 3671 3840 3736 Πολλοὶ,
3874 3675 4035 3740 φησὶ,

2457 3762 2802 3833 παρεκάλουν
2834 3763 2908 3832 μὴ
2934 3763 3200 3825 ἀνελθεῖν,
3218 3765 3313 3817 καὶ
3342 3764 3464 3817 οὑδέ
3492 3762 3669 3827 οὑτως
3693 3765 4037 3832 ὑπήκουσεν.

2468 3854 2631 3924 Ὁρᾷς
2656 3870 2670 3919 ;
2700 3854 2788 3907 ἵνα
2815 3855 2924 3924 γάρ
2957 3855 3030 3924 μὴ
3054 3855 3292 3917 ἀκούσας
3330 3855 3559 3927 νομίσῃς
3609 3856 3862 3923 ἀνάγκης
3896 3850 4043 3907 εἶναι

2456 3945 2551 4011 τὸ,
2614 3965 2631 3998 ε
2659 3947 2951 4015 Δεδεμένος
2994 3948 3072 4018 τῷ
3123 3947 3440 4017 Πνεῦματι,
3475 3965 3493 3997 0
3562 3946 4040 4017 προαγορεύομαι,

2463 4039 2598 4109 μηδέ
2645 4040 2945 4105 ἀγνοοῦντα
2992 4025 3156 4092 αὑτὸν
3214 4041 3502 4108 ἐμπεσεῖν,
3534 4038 3626 4091 διά
3663 4039 3824 4090 τοῦτο
3862 4038 4045 4092 ταῦτα

2459 4129 2810 4199 προλέγεται.
2879 4132 2988 4183 Καὶ
3042 4132 3227 4183 λοιπὸν
3266 4131 3436 4201 μυρία
3476 4131 3857 4199 προλεγόντων
3887 4131 4044 4183 δεινά

2458 4222 2558 4274 οὑκ
2589 4222 2865 4291 ἀνέχεται.
2899 4223 2976 4274 Οὑ
3000 4223 3108 4290 γὰρ
3142 4222 3241 4290 τὴν
3280 4222 3603 4290 παραίνεσιν
3634 4221 3721 4274 διὰ
3750 4221 3843 4275 τοῦ
3867 4222 4044 4274 Πνεύο

2464 4330 2633 4380 ματος
2680 4311 2986 4378 ἐποιοῦντο,
3037 4313 3173 4366 ἀλλά
3197 4312 3357 4381 μόνον
3410 4311 3719 4381 φειδόμενοι
3748 4310 3943 4365 αὑτοῦ.
3979 4312 4043 4363 Ὅ

2459 4403 2517 4456 δέ
2547 4419 2714 4472 φησι⁶
2751 4421 2769 4451 ι
2795 4403 2997 4472 Κύριος
3028 4404 3090 4456 τὸ
3127 4404 3355 4472 ἀρεστὸν
3402 4405 3632 4456 ἐνώπιον
3682 4402 3848 4454 αὑτοῦ
3881 4404 4044 4472 ποιή-

2460 4510 2565 4546 σει.
2590 4512 2609 4544 0
2643 4494 2905 4558 Συνεῖδον,
2935 4494 3017 4546 ὅτι
3051 4492 3267 4561 θέλημα
3296 4488 3364 4563 ἦν
3392 4491 3549 4544 Θεοῦ·
3574 4492 3635 4543 οὑ
3667 4491 3774 4559 γὰρ
3804 4490 3870 4542 ἀν
3897 4492 4047 4543 Παῦ-

783 4589 1092 4658 δαιοτέρους
1129 4588 1295 4640 ποιῶν
1322 4587 1394 4649 ὡς
1420 4587 1724 4655 ὀφειλέτας,
1759 4586 1854 4640 καὶ
1887 4586 2089 4639 πείθων
2114 4587 2357 4656 θαρρεῖν.
2387 4600 2440 4659 D
2464 4585 2555 4648 λος
2587 4585 2731 4637 οὓτω
2769 4584 3157 4654 προεθύμησεν
3185 4586 3213 4636 0
3242 4585 3331 4636 ἀεὶ
3372 4583 3808 4653 προεξαρπάζων
3838 4584 4043 4641 ἑαυτὸν

854 4684 969 4736 Οὐκ
1002 4677 1172 4744 εἶπεν,
1210 4683 1323 4735 Οὐκ
1352 4680 1563 4743 ἔλαϐον,
1587 4681 1721 4743 ἀλλ’,
1749 4700 1766 4731 ι
1793 4679 1930 4732 Οὐδὲ.
1960 4678 2302 4749 ἐπεθύμησα·
2336 4697 2354 4730 0

789 4776 899 4828 Καὶ
933 4776 1052 4827 οὐδὲ
1092 4774 1247 4826 τοῦτο
1312 4774 1473 4842 μέγα,
1536 4772 1671 4825 ἀλλά
1722 4772 1781 4824 τὸ
1816 4772 2105 4839 ἑπόμενον,
2152 4771 2211 4822 τὸ
2239 4772 2362 4833 ταῖς

788 4865 998 4933 χρείαις
1044 4865 1138 4916 καὶ
1194 4865 1304 4924 τοῖς
1362 4862 1513 4915 οὖσιν
1572 4864 1883 4931 ὑπηρετεῖν.
1930 4861 2043 4912 Οὑκ
2103 4860 2256 4929 ἔχετε
2281 4862 2362 4922 είς

789 4955 1010 5019 ἄγνοιαν
1059 4956 1414 5020 καταφυγεῖν,
1469 4972 1486 5003 ε
1516 4952 1820 5014 ὑπέδειξα»
1886 4950 1974 5003 διὰ
2006 4950 2113 5003 τῶν
2159 4949 2359 5020 ἔργων,

796 5065 811 5095 ε
840 5046 920 5097 ἔτι
977 5043 1119 5097 οὕτω
1168 5044 1473 5104 κοπιῶντας
1527 5044 1606 5095 δεῖ
1632 5062 1648 5092 0
1714 5040 2065 5111 ἐργάξεσθαι.
2104 5042 2216 5093 Οὑκ
2243 5037 2365 5093 εἷπε

794 5137 961 5187 κακὸν
988 5136 1047 5187 τὸ
1075 5134 1284 5198 λαϐεῖν,
1335 5134 1471 5187 ἀλλὰ
1524 5134 1731 5202 βέλτιον
1773 5132 1835 5185 τὸ
1890 5133 1963 5202 μὴ
2018 5131 2222 5184 λαϐεῖν.
2258 5134 2367 5185 Καὶ

794 5224 894 5277 ποῦ
935 5221 1122 5287 εἷπενς
1173 5226 1331 5287 Ἴσως
1367 5225 1629 5294 ἀγράφως
1688 5225 2014 5294 παρέδωκαν
2047 5225 2097 5275 οἱ
2131 5223 2364 5276 ἀπόστο-

790 5315 872 5368 λοι
896 5330 909 5343 ·
936 5318 968 5384 ἢ
997 5315 1055 5379 ἐξ
1092 5308 1165 5369 ὧν
1198 5317 1262 5370 ἄν
1290 5333 1375 5379 τις
1426 5316 1817 5383 συλλογίσαιτο,
1841 5315 2073 5368 δυνατὴν
2100 5314 2351 5383 εἰρῆσθαι

791 5407 857 5461 δι’
907 5408 1113 5479 ἐτέρων
1151 5409 1368 5474 λέξεων,
1396 5408 1555 5461 τοῦτο
1582 5407 1875 5478 δηλουσῶν.
1911 5409 2021 5459 Καὶ
2056 5408 2167 5475 γὰρ
2194 5406 2364 5471 ἔδειξε

793 5500 891 5570 τὴν
913 5503 1223 5572 παρρησίαν
1255 5504 1353 5570 τὴν
1380 5502 1515 5571 πρὸς
1543 5502 1668 5564 τοὺς
1697 5499 1996 5562 κινδύνους,
2029 5501 2131 5568 τὴν
2156 5498 2367 5566 συμπά-

798 5591 974 5655 θειαν,
1004 5594 1104 5662 τὴν
1132 5593 1504 5657 διδασκαλίαν,
1536 5594 1632 5662 τὴν
1658 5589 2070 5662 ἀκτημοσύνην.
2111 5588 2279 5642 Τοῦτο
2306 5588 2365 5642 δέ

799 5685 1179 5753 ἀκτημοσύνης
1208 5685 1412 5753 μεῖζον.
1443 5684 1506 5737 El
1525 5684 1634 5754 γάρ
1653 5686 1768 5736 ἐκεῖ
1792 5699 1943 5752 φησι’
1977 5700 1995 5733 ι
2024 5680 2279 5751 Πώλησον
2296 5682 2365 5735 τίι

801 5773 1136 5843 ὑπάρχοντα,
1162 5793 1180 5824 0
1214 5776 1341 5827 ὅταν
1369 5774 1504 5843 πρὸς
1529 5775 1591 5826 τὸ
1631 5773 1766 5843 μηδὲ
1798 5770 2097 5841 λαμϐάνειν
2122 5770 2217 5823 καὶ⁸
2247 5771 2366 5824 ἐτέ-

804 5881 932 5933 ρους
986 5865 1180 5935 τρέφῃ,
1209 5866 1258 5918 τί
1292 5866 1479 5919 τούτου
1531 5867 1683 5931 ῖσονς
1721 5860 1817 5930 Εἷς
1846 5861 2077 5935 βαθμδς,
2114 5863 2268 5932 ῥίψαι
2298 5864 2366 5918 τὰ

2468 4676 2681 4747 (πρώην
2715 4677 2815 4746 μὲν
2848 4676 2921 4747 μὴ
2950 4677 3055 4745 δῷς
3078 4675 3141 4747 If.
3174 4675 3319 4747 δοὺς]
3362 4675 3551 4729 ἑαυτὸν
3583 4678 3663 4738 εἰς
3692 4676 3753 4727 τὸ
3784 4675 4043 4744 θέατρον,

2464 4768 2653 4821 ἔπειτα
2683 4768 2772 4820 διὰ
2807 4768 2907 4835 τῆς
2950 4767 3165 4837 θυρίδος
3222 4765 3568 4835 ἀποφυγὼν),
3606 4769 3654 4818 εί
3684 4765 3759 4835 μὴ
3789 4764 3911 4834 ᾔδει
3942 4765 4030 4818 διὰ

2466 4858 2559 4911 τοῦ
2607 4857 2922 4926 Πνεύματος
2953 4855 3112 4909 τοῦτο
3137 4858 3442 4925 γινόμενον.

2538 4948 2822 5010 Τουτέστι,
2852 4946 2920 4998 τὰ
2952 4946 3085 5015 πρὸς
3114 4946 3420 5015 ὁδοιπορίαν
3449 4943 3732 5012 ἐπιτήδεια
3758 4943 4041 5005 λαϐόντες.

2470 5037 2600 5089 Ὅτε
2622 5038 2855 5107 ἠκουσεν
2886 5037 2969 5088 ὅτι
2999 5035 3167 5104 μυρία
3196 5034 3346 5088 δεινά
3365 5034 3713 5104 έχειπαθεῖν,
3741 5034 3865 5086 τότε
3891 5034 4045 5085 ἐπεί-

2467 5146 2649 5196 γεται,
2695 5128 2797 5181 οὑκ
2829 5129 2925 5181 ἐπὶ
2956 5129 3084 5189 τοὺς
3114 5127 3395 5189 κινδύνους
3427 5128 3635 5197 ῥίπτων
3666 5125 3891 5184 ἑαυτὸν,
3928 5126 4041 5177 ἀλλ’

2469 5218 2770 5287 ἡγούμενος
2808 5216 2903 5269 τοῦ
2958 5216 3273 5283 Πνεύματος
3319 5209 3545 5267 εἶναιτὸ
3579 5214 3835 5283 πρᾶγμα.
3876 5208 4045 5275 Οὗτός

2468 5311 2613 5362 ἐστιν
2639 5310 2668 5361 0
2700 5307 2933 5376 ἀδελφὸς
2955 5306 3047 5361 τοῦ
3088 5308 3295 5377 Κυρίου
3326 5308 3421 5359 καὶ
3461 5306 3761 5366 ἐπίσκοπος
3807 5304 4044 5372 Ἱεροσο-

2468 5401 2678 5470 λύμων.
2735 5402 2846 5452 Καὶ
2896 5401 3060 5453 πάλιν
3120 5399 3302 5460 αὑτοῖς
3332 5400 3360 5450 ό
3400 5396 3613 5456 Παῦλος
3636 5396 3707 5447 τά
3736 5394 3844 5446 τῶν
3872 5396 4042 5447 ἐθνῶν

2468 5494 2757 5563 διηγεῖται.
2787 5493 2849 5545 οὑ
2879 5491 3194 5557 κενοδοξῶν,
3247 5489 3321 5559 μὴ
3347 5489 3556 5555 γένοιτο
3577 5490 3590 5541 1
3613 5486 3749 5540 ἀλλά
3777 5487 3875 5540 τοῦ
3908 5486 4040 5538 Θεοῦ

2469 5586 2643 5639 θέλων
2678 5587 2775 5656 τὴν
2824 5584 3239 5654 φιλανθρωπίαν
3301 5581 3661 5647 ἐνδείξασθαι.
3714 5581 3809 5632 καὶ
3836 5580 4040 5647 πολλῆς

2469 5679 2745 5748 ἐμπλῆσαι
2803 5678 3042 5748 χάριτος.
3096 5675 3240 5746 Ὅρα
3278 5674 3334 5729 δὲ
3368 5673 3535 5729 αὑτοῦ
3588 5672 3686 5726 καὶ
3720 5672 3783 5724 τὸ
3810 5671 4039 5739 ἄτυφον,

2471 5770 2609 5839 μετά
2664 5768 2771 5821 τῶν
2818 5768 3201 5839 πρεσϐυτέρων
3234 5768 3426 5837 εἰσῄει.
3468 5783 3487 5816 ι
3510 5764 3609 5818 Διά
3632 5765 3732 5834 τῆς
3759 5764 4037 5825 διακονίας

2470 5861 2657 5929 αὑτοῦ,
2692 5881 2711 5914 0
2746 5862 2887 5927 ἀντὶ,
2913 5861 3011 5933 τῆς
3040 5860 3321 5929 κηρύξεως
3344 5858 3438 5913 τοῦ
3474 5856 3827 5925 Εὑαγγελίου,
3864 5855 4035 5924 λέγει.
