4162 6442
805 438 934 500 1123

1688 425 2267 489 ΤΠΕΟΡΠΥΙΛΕΤΙ
2305 424 2714 485 ΒυιΟλίΠίΕ
2758 424 3106 484 ARCIIIEI'.

3914 421 4054 483 1194

868 549 983 599 Οὐκ
1012 548 1127 598 ἐστι
1162 544 1330 596 ταῦτα
1389 541 1677 601 κολακείας
1722 540 1790 591 τὰ
1831 541 2048 607 ῥήματα
2095 536 2370 607 μαρτυρῆ-
2398 540 2443 595 Λ
2477 536 2664 604 ύϐρισέ
2711 552 2839 587 ποτε
2870 538 2897 586 6
2942 535 3171 597 Παῦλος,
3205 534 3407 604 καίπερ
3447 534 3600 597 εἰδώς
3625 535 3717 586 καὶ
3748 536 4060 603 κηρύσσων

800 657 885 690 σαι
919 638 996 707 τῷ
1030 637 1254 703 δικαστῇ
1286 633 1649 700 δικαιοσύνην,
1683 632 1865 682 ἐκεῖνα
1908 630 1963 680 δὲ
1998 628 2215 691 μᾶλλον·
2246 648 2261 677 ι
2294 630 2369 678 εἱ-

800 734 970 800 ρήνηε
1021 732 1148 798 γὰρ,
1204 728 1357 793 φησὶ,
1406 725 1768 792 τυγχάνοντες
1818 723 1905 774 διὰ
1960 721 2077 773 σοῦ.
2124 741 2141 771 ι
2183 721 2249 772 Τί
2275 716 2369 772 οὖν

799 825 1119 884 στασιάζετε
1162 817 1395 883 ἀδίκως;
1447 810 1599 877 οὗτος
1646 815 1701 866 δὲ
1734 814 1793 865 τὸ
1830 813 2033 865 δίκαιον
2086 813 2259 881 ζητεῖ,
2287 814 2368 864 ὅτι

804 935 823 964 σ
862 920 926 965 ἐκ
986 910 1195 963 πολλῶν
1254 896 1410 961 ἐτῶν.
1450 926 1467 958 ι
1518 908 1625 959 Καὶ
1662 907 1714 957 τί
1762 904 1922 958 τοῦτο
1948 921 1963 969 ;
1994 904 2114 956 Ὅτι
2162 904 2262 955 οὐκ
2304 902 2370 955 ἂν

802 1007 999 1066 εὑθέως
1034 1004 1263 1063 ἐπιστὰς
1313 1001 1501 1053 στάσιν
1542 997 1814 1067 ἐκίνησεν.
1862 996 2082 1064 Ἐπειδὴ
2128 996 2156 1046 6
2200 994 2369 1062 κατή-

804 1114 954 1164 γορος
1007 1097 1162 1147 οὐδὲν
1202 1090 1311 1161 εἶχε
1361 1091 1531 1154 δεῖξαι
1582 1092 1642 1143 ἐν
1704 1087 2101 1158 Ἰεροσολύμοις
2128 1125 2143 1149 ,
2173 1087 2275 1155 ὅρα
2318 1086 2370 1138 τί

801 1205 953 1255 φησι·
994 1206 1010 1237 ι
1049 1189 1171 1248 Τοῖς
1201 1184 1341 1236 κατά
1374 1184 1472 1253 τὴν
1503 1181 1830 1251 οἰκουμένην
1862 1183 2029 1233 πᾶσιν
2069 1178 2369 1239 Ἰουδαίοις.

801 1282 896 1331 Διά
936 1279 1094 1330 τοῦτο
1146 1282 1172 1330 ὁ
1201 1277 1409 1338 Παῦλος
1444 1275 1677 1328 ἐνταῦθα
1710 1272 1871 1326 αὑτὸν
1905 1274 2087 1326 ἓλκει·
2130 1291 2147 1322 ι
2190 1274 2370 1341 Προσ-

802 1373 1053 1438 κυνῆσαι,
1107 1371 1303 1436 φησὶν,
1363 1367 1582 1434 ἀνέϐην.
1651 1383 1669 1415 ι
1708 1365 1974 1418 Τοσοῦτον
2031 1365 2221 1432 ἀπέχω
2275 1365 2369 1415 τοῦ

803 1460 1018 1519 στάσεις
1080 1462 1271 1519 κινεῖν,
1331 1460 1423 1511 καὶ
1488 1458 1664 1527 τούτῳ
1700 1457 2026 1526 ἐνδιατρίϐει
2070 1458 2149 1525 τῷ
2203 1457 2365 1525 λόγῳ.

801 1552 953 1603 Μετά
982 1550 1078 1618 τὴν
1122 1551 1315 1618 κλῆσιν
1339 1548 1431 1601 τοῦ
1464 1543 1603 1601 εἶναι
1662 1548 1959 1611 ἀπόστολος
1982 1546 2244 1616 Χριστοῦ,
2272 1546 2365 1596 λέ-

800 1658 882 1705 γει
1015 1641 1208 1706 λέγωνι
1239 1641 1519 1707 λατρεύειν
1542 1640 1620 1709 τῷ
1656 1640 1893 1709 πατρῴῳ
1924 1638 2067 1709 Θεῷ,
2095 1639 2371 1691 δείκνυσιν

800 1734 894 1783 ἕνα
923 1734 1049 1783 ὄντα
1084 1731 1325 1791 Παλαιᾶς
1375 1749 1434 1783 τε
1502 1733 1594 1783 καὶ
1647 1732 1809 1792 Νέας.
1861 1730 2155 1799 Ἐχώριςον
2208 1728 2372 1782 αὑτὸν

800 1823 1019 1885 ἐκεῖνοι,
1054 1815 1208 1883 οὗτος
1242 1821 1546 1887 συνεισάγει
1571 1823 1666 1874 καὶ
1690 1822 1879 1873 οἰκειοῖ
1902 1821 2091 1872 ἐαυτὸν
2111 1820 2187 1889 τῷ
2202 1820 2371 1888 νόμῳ·

2479 628 2551 696 μὴ
2588 630 2643 679 ἐν
2674 629 3073 697 χειροποιήτοις
3114 627 3204 679 τὸν
3241 627 3504 695 ’Ὕψιστον
3554 629 3742 679 οἰκεῖν·
3778 628 3895 679 ἀλλ’
3923 628 4063 679 οῦτε

2479 721 2627 789 ἱερέα
2658 720 2963 788 ἐτόλμησεν
2993 719 3213 789 ὑϐρίσαι
3263 720 3533 772 Ἰουδαίων
3573 722 3630 772 ἐν
3660 719 3895 787 εἰδήσει,
3928 720 4066 771 καί-

2473 831 2553 865 τοι
2578 830 2643 880 γε
2686 814 2757 882 μὴ
2784 812 3094 882 πειθαρχῶν
3130 814 3205 865 ἐτι
3234 814 3344 875 τοῖς
3401 813 3675 873 Ἰουδαίοις
3706 815 4064 883 ἀρχιερεῦσι.

2544 906 2640 958 Διά
2687 906 2740 958 τί
2787 906 2882 959 καὶ
2909 906 3068 968 αὐτὸς
3092 908 3203 967 τοῖς
3243 906 3514 967 Ἰουδαίοις
3544 905 3866 973 χαρίζεται;
3903 906 4063 961 Διότι

2473 999 2641 1066 δῆμος
2670 994 2738 1069 ἧν
2765 997 3057 1066 ὁλόκληρος
3090 999 3186 1052 καὶ
3231 998 3385 1059 πόλις
3418 997 3534 1065 ὅλη.
3566 997 3664 1049 Διά
3691 995 3849 1049 τοῦτο
3886 996 4064 1049 πάλιν

2474 1089 2732 1153 ὁΠαῦλος
2779 1088 2943 1143 αὑτὸν
2991 1090 3281 1158 ἐφόϐησεν,
3328 1088 3651 1158 ἀνθρωπίνῳ
3701 1089 4065 1157 χρησάμενος

2475 1182 2644 1252 ὅπλῳ.
2683 1202 2701 1233 ι
2747 1182 2870 1234 Ἐπὶ
2893 1186 2985 1234 τοῦ
3024 1182 3266 1251 βήματος
3291 1182 3569 1250 Καίσαρος
3602 1179 3774 1242 ἑστώς
3801 1182 3954 1246 εἰμι,
3996 1177 4065 1233 οὗ

2480 1295 2546 1345 με
2609 1278 2689 1328 δεῖ
2722 1276 3045 1345 κρίνεσθαι·
3080 1296 3098 1327 ι
3137 1277 3256 1329 ἀντὶ
3290 1276 3405 1339 τοῦ,
3432 1268 3530 1327 ¹Ἐν
3562 1278 3627 1346 τῇ
3670 1273 3859 1344 Ῥώμῃ
3909 1272 4067 1326 θέλω

2473 1368 2727 1421 ἀπελθεῖν
2759 1370 2908 1439 παρά
2933 1370 3010 1438 τῷ
3044 1370 3276 1437 βασιλεῖ,
3307 1371 3467 1423 κάκεῖ
3504 1368 3851 1428 δικάσασθαι,
3877 1369 4065 1418 ἐκκα-

2475 1458 2672 1527 λοῦμαί
2704 1477 2784 1523 σε,
2823 1461 2975 1527 φησί.
3000 1462 3284 1513 Δείκνυσιν
3311 1462 3393 1512 ὅτι
3418 1460 3642 1520 δ.καί‹ι›ς
3674 1458 4067 1509 ἐπεκαλέσατο

2479 1550 2761 1619 Καίσαρα.
2824 1553 2886 1603 Εἰ
2934 1551 3043 1620 γὰρ
3088 1552 3243 1604 οὐδὲν
3295 1552 3395 1619 μέν
3444 1548 3590 1619 εἶχον
3630 1549 3799 1601 δεινὸν
3839 1550 4063 1607 εἰπεῖν,

2475 1646 2673 1697 ἐκεῖνοι
2706 1646 2763 1697 δὲ
2806 1648 3175 1716 ἐμεμήνεσαν,
3211 1645 3432 1704 εἰκότως
3466 1641 3552 1693 ἐπ’
3577 1644 3783 1693 ἐκεῖνον
3804 1640 4062 1707 ἔρχεται·

2476 1738 2573 1789 καὶ
2604 1738 2813 1790 ἀνεῖται
2847 1742 2943 1807 μὲν
2975 1739 3111 1797 τέως
3157 1736 3249 1788 τοῦ
3279 1736 3586 1804 κριτηρίου,
3616 1736 3757 1804 ἀργῇ
3784 1736 3845 1804 [II
3886 1738 4067 1804 ἀργεῖ

2475 1827 2557 1879 vel
2584 1828 2750 1897 ἀργὴι
2786 1827 2842 1879 δὲ
2882 1830 2914 1896 ἡ
2968 1827 3085 1879 κατ’
3130 1826 3293 1879 αὑτοῦ
3347 1830 3461 1888 τοῖς
3492 1826 3769 1887 Ἰουδαίοις
3820 1825 4067 1892 μελετω-

803 1915 1037 1983 οὑδαμοῦ
1084 1916 1141 1966 δέ
1186 1914 1278 1967 τοῦ
1327 1914 1563 1983 Χριστοῦ
1601 1914 1874 1980 μέμνηται
1902 1912 2157 1965 ἐνταῦθα.
2183 1912 2257 1963 Τὸ
2285 1928 2371 1962 πιο
2404 1916 2446 1969 Β
2481 1920 2616 1987 μένη
2654 1920 2934 1989 ἐπιϐουλή,
2993 1921 3064 1972 ’Ἡ
3118 1922 3198 1981 εἰς
3234 1920 3387 1984 τάξιν
3436 1918 3702 1987 βασιλέως
3777 1916 3978 1985 κατῄει
4034 1919 4066 1966 ὁ

804 2005 1014 2059 στεύειν
1045 2005 1213 2059 εἰπὼν
1256 2008 1348 2059 καὶ
1383 2006 1446 2057 τά
1486 2005 1627 2056 κατά
1656 2006 1745 2056 τὸν
1779 2004 2015 2073 Χριστὸν
2054 2004 2371 2073 εἰσήγαγεν

802 2101 935 2152 ἀλλά
970 2102 1102 2163 τέως
1165 2101 1242 2170 τῷ
1297 2100 1395 2169 τῆς
1450 2100 1805 2161 ἀναστάσεως
1844 2098 2168 2168 ἐνδιατρίϐει
2207 2100 2371 2168 λόγῳ.

818 2192 877 2241 ’Π
917 2191 1099 2243 τελεία
1134 2190 1271 2259 αῦτη
1300 2190 1487 2260 ἀρετὴ,
1526 2191 1655 2241 ὅταν
1690 2190 1824 2258 μηδέ
1859 2190 2167 2259 ἀνθρώποις
2219 2192 2373 2244 δίδω-

805 2297 905 2347 μεν
940 2282 1131 2346 λαϐὰς,
1157 2281 1247 2332 καὶ
1290 2280 1439 2347 παρά
1473 2278 1591 2346 Θεῷ
1624 2278 2015 2347 σπουδάζωμεν
2040 2275 2179 2332 εἶναι
2205 2281 2376 2350 ἀπρό-

806 2389 1018 2424 σκοποί.

878 2466 997 2527 Πῶς
1024 2461 1117 2517 οῦν
1170 2467 1233 2518 ἀν
1269 2467 1527 2535 ἐτάραξα,
1556 2467 1610 2528 ὃ,
1642 2466 1783 2519 ὥστε
1815 2467 2189 2537 ἐλεημοσύνην
2214 2464 2375 2535 ποιῆ-

806 2575 916 2617 σαι,
974 2559 1243 2626 τοσαύτην
1293 2554 1437 2626 εἷλον
1500 2558 1654 2621 666v;
1706 2558 1990 2627 Πανταχοῦ
2032 2557 2131 2626 τὴν
2185 2558 2375 2610 στάσιν

804 2652 1038 2719 ἀναιρεῖ.
1072 2650 1354 2716 Ἐπίτηδες
1404 2652 1723 2719 ὑπερέθετο,
1772 2652 1832 2701 οὑ
1871 2650 2125 2719 δεόμενος
2160 2651 2371 2717 μαθεῖν,

804 2741 942 2791 ἁλλά
1006 2740 1434 2808 διακρούσασθαι
1488 2742 1612 2803 τοῦς
1667 2740 1971 2802 Ἰουδαίους.
2021 2742 2265 2809 Ἀφεῖναι
2317 2740 2374 2793 δὲ

802 2832 965 2884 πάλιν
999 2832 1159 2883 αὑτὸν
1197 2832 1296 2883 οὑκ
1350 2828 1416 2899 ἦν
1456 2832 1698 2885 δυνατόν’
1746 2834 2101 2901 ἀναίσχυντον
2146 2832 2254 2901 γάρ
2281 2828 2373 2903 ἦν.

804 2923 1164 2991 Σημειωτέον,
1200 2924 1278 2975 ὃτι
1317 2924 1431 2992 ᾔδει
1485 2924 1584 2995 τὴν
1628 2926 1809 2978 πίστιν
1841 2927 1870 2977 6
1906 2925 2071 2993 Φῆλιξ
2104 2925 2373 2994 ἀκριϐῶς,

809 3013 1135 3083 κατηχηθεὶς
1168 3015 1230 3066 ἐκ
1260 3016 1357 3083 τῆς
1404 3016 1643 3078 Παλαιᾶς
1690 3017 1760 3068 τά
1800 3018 1928 3084 περὶ
1980 3017 2073 3068 τοῦ
2111 3016 2372 3084 Χριστοῦ,

806 3109 899 3161 καὶ
929 3109 1072 3162 κατά
1104 3109 1628 3180 ἀνθρωπαρέσκειαν
1656 3112 1758 3164 οὐκ
1783 3111 1985 3165 ἀπέλυε
2015 3112 2106 3163 τὸν
2139 3112 2371 3177 Παῦλον,

802 3200 877 3263 ώς
919 3199 1275 3271 παρακατιὼν
1324 3204 1353 3255 6
1405 3202 1560 3266 λόγος
1616 3206 1772 3271 φησὶ,
1812 3201 2047 3264 ἐλπίζων
2094 3203 2375 3271 χρήματα,

809 3295 898 3345 καὶ
930 3294 1156 3364 χάριτας
1191 3295 1359 3347 θέλων
1391 3294 1724 3347 καταθέσθαι
1748 3296 1861 3356 τοῖς
1882 3293 2182 3355 Ἰουδαίοις.
2222 3294 2377 3366 ’ῌδει

805 3384 880 3447 δέ,
913 3386 1007 3438 καὶ
1050 3387 1125 3447 ώς
1164 3390 1399 3453 γυναῖκα
1448 3388 1585 3456 ἔχων
1633 3387 1915 3450 Ἰουδαίαν,
1951 3389 2082 3456 παρ’
2140 3382 2209 3457 ἧς
2267 3388 2377 3457 γάρ

806 3476 1045 3545 συνεχῶς
1085 3478 1179 3529 καὶ
1214 3479 1377 3546 ἤκουε
1422 3478 1617 3530 ταῦτα.
1657 3497 1676 3529 ι
1728 3479 1831 3531 Σὺν
1880 3478 2143 3550 Δροσίλλῃ
2170 3481 2237 3549 τῇ
2270 3479 2378 3549 ίδίᾳ

805 3569 1043 3632 γυναικί.
1084 3587 1101 3619 ι
1141 3570 1297 3639 Παρά
1346 3570 1437 3622 τὸν
1480 3571 1644 3639 νόμον
1676 3569 1813 3639 αὕτη
1843 3572 2114 3640 συνήφθη,
2145 3570 2377 3625 Ἰουδαία

802 3655 957 3721 οὖσα,
1001 3660 1303 3730 Ἕλληνι-ἢ
1349 3661 1487 3729 τάχα
1530 3657 1599 3731 ἦν
1635 3661 1732 3731 μὲν
1782 3661 2029 3727 Ἰουδαία,
2065 3663 2377 3732 γαμηθεῖσα

804 3749 857 3801 δὲ
902 3750 1068 3819 αὑτῷ,
1120 3752 1340 3818 ἐγένετο
1388 3751 1651 3819 Ἑλληνίς·
1689 3752 1771 3804 διὸ
1816 3753 1911 3805 καὶ
1943 3754 2193 3820 ἑξέλεγεν
2230 3755 2377 3823 αὑτῷ

804 3843 901 3908 τὴν
935 3844 1132 3911 ἑαυτῆς
1182 3844 1383 3903 πίστιν,
1428 3843 1694 3895 πείθουσα
1730 3847 1824 3896 καὶ
1850 3845 1941 3898 τὸν
1982 3846 2150 3915 ἄνδρα
2196 3863 2378 3917 παρα-

806 3929 976 3999 ϐάτην
1005 3930 1277 3997 γενέσθαι.

879 4018 1098 4083 Σκὶπει,
1164 4020 1279 4080 πῶς
1328 4021 1386 4072 οὑ
1424 4021 1658 4089 κρύπτει
1713 4022 1951 4077 ἐνταῦθα
2002 4024 2094 4077 τοῦ
2124 4024 2377 4079 δικαστοῦ

806 4108 905 4174 τὴν
934 4107 1182 4178 γνώμην·
1219 4109 1396 4161 καίτοι
1453 4112 1501 4161 ει
1561 4112 1926 4179 κατεγνώκει,
1977 4115 2078 4166 οὑκ
2124 4115 2191 4167 ἀν
2222 4115 2380 4167 τοῦτο

808 4199 1082 4267 ἐποίησεν,
1114 4199 1220 4251 οὐδ’
1259 4199 1325 4253 ἂν
1358 4200 1622 4271 ἠθέλησεν
1651 4202 1883 4257 ἀκοῦσαι
1913 4207 2065 4276 παρά
2106 4207 2381 4278 καταδίκῳ

809 4292 903 4341 καὶ
936 4291 1174 4361 πονηρῷ.
1195 4294 1301 4345 Καὶ
1326 4294 1428 4363 ὅρα
1453 4293 1543 4347 τὸν
1566 4296 1796 4360 Παῦλον,
1856 4298 2033 4350 καίτοι
2085 4299 2221 4369 πρὸς
2282 4300 2382 4370 ἄρ-

809 4398 969 4450 χοντα
986 4382 1390 4453 διαλεγόμενον,
1428 4386 1595 4455 μηδὲν
1617 4386 1822 4439 τούτων
1855 4387 2107 4455 λέγοντα,
2132 4385 2208 4443 ὧν
2234 4391 2381 4453 εἰκὸς

809 4474 1019 4536 αγεῖναι
1050 4470 1112 4540 [Γ.
1143 4471 1397 4544 ἀλγῦναι]
1432 4475 1598 4526 αὑτοῦ
1632 4474 1728 4544 τὴν
1770 4475 1970 4545 ψυχὴν,
2006 4478 2141 4531 ἀλλά
2166 4482 2290 4549 περὶ
2305 4480 2384 4532 δι-

2492 2008 2800 2076 Ἀγρίππας
2857 2011 2914 2061 ἐν
2964 2011 3085 2069 ταῖς
3136 2008 3589 2077 ὲπαρχίαις,κα“ι
3636 2006 3724 2059 διά
3764 2006 3928 2059 τοῦτο
3961 2009 4065 2058 καὶ

2480 2100 2734 2168 βασιλεὺς
2784 2098 3155 2169 ἐχρημάτιζεν
3184 2116 3197 2129 ·
3229 2099 3427 2168 ἧτάχα
3457 2100 3552 2153 καὶ
3583 2101 3745 2161 αὑτὸς
3790 2098 4066 2166 βασιλεὺς

2476 2188 2545 2259 ἦν
2574 2194 2683 2245 τῶν
2724 2191 3059 2245 ἀνατολικῶν
3093 2192 3298 2262 μερῶν,
3341 2191 3437 2245 τοῦ
3484 2192 3736 2261 Νέρωνος
3762 2191 3871 2243 τῶν
3907 2192 4067 2241 δυτι.

2479 2284 2591 2334 κῶν
2618 2282 2901 2350 ἄρχοντος,
2935 2284 3030 2334 καὶ
3066 2283 3218 2343 ὄντος
3251 2284 3307 2333 ἐν
3348 2280 3558 2352 Ῥώμῃ.
3587 2283 3660 2333 T6
3684 2282 3791 2349 γάρ
3822 2281 4064 2347 Καῖσαρ

2477 2374 2647 2441 ὄνομα
2688 2374 2987 2441 Ῥωμαϊστὶ
3031 2372 3260 2441 βασιλέα
3292 2374 3569 2441 σημαίνει,
3613 2376 3705 2425 καὶ
3753 2374 3829 2436 ώς
3889 2374 4065 2440 κοινῷ

2477 2464 2703 2533 ὀνόματι
2752 2465 2959 2526 πάντας
2998 2464 3239 2533 βασιλεῖς
3296 2464 3585 2533 Ῥωμαίων
3620 2465 3913 2535 Καίσαρας
3956 2484 4064 2517 κα-

2479 2558 2709 2622 λεῖσθαι,
2746 2560 2805 2609 οὐ
2834 2557 2939 2625 μὴν
2959 2558 3054 2609 καὶ
3077 2557 3219 2609 ἰδικά
3238 2556 3415 2609 αὑτῶν
3436 2557 3670 2625 ὀνόματι
3695 2554 3831 2609 εἶναι
3853 2556 4063 2609 ταῦτα.

2477 2648 2645 2701 Τοῦτο
2692 2650 2751 2703 δέ
2806 2645 2983 2713 εἷπον,
3011 2648 3096 2701 ἵνα
3131 2650 3205 2716 μή
3238 2664 3320 2710 τις
3355 2649 3418 2700 ἐκ
3465 2648 3562 2715 τῆς
3606 2648 3929 2717 ὁμωνυμίας
3955 2649 4057 2701 τοῦ

2477 2742 2741 2811 ὀνόματος
2770 2739 3057 2792 καθολικοῦ
3108 2740 3305 2808 νομίσῃ
3335 2740 3418 2792 ὃτι
3441 2741 3534 2792 ἐπὶ
3565 2738 3658 2791 τοῦ
3698 2738 3864 2791 αὑτοῦ
3892 2740 4059 2806 βασι-

2476 2830 2611 2892 λέως
2678 2832 2707 2883 6
2792 2830 2993 2899 Κύριος
3047 2828 3204 2899 ἡμῶν
3291 2830 3529 2900 ἐτέχθη,
3592 2831 3686 2881 καὶ
3760 2832 3788 2881 6
3844 2829 4063 2889 Παῦλος

2478 2920 2700 2975 ἔπαθεν.
2802 2919 3029 2989 Ἐτέχθη
3112 2919 3212 2987 μὲν
3263 2920 3371 2989 γὰρ
3434 2922 3463 2972 6
3519 2920 3721 2987 Κύριος
3772 2920 3957 2981 καθὼς
4009 2924 4062 2973 οἰ

2478 3014 2660 3081 χρόνοι
2726 3012 3001 3082 δηλοῦσιν,
3039 3015 3131 3064 ἐπὶ
3184 3014 3494 3080 Αὐγούστου
3549 3014 3827 3083 Καίσαρος
3862 3029 3876 3042 ’
3916 3007 4061 3067 ἀπέ-

2479 3104 2604 3158 θανε
2634 3104 2689 3156 δὲ
2726 3104 2864 3173 μετά
2903 3104 2983 3172 λγ¹
3025 3104 3119 3175 ἔτη
3177 3106 3272 3158 ἐπὶ
3325 3106 3580 3177 Τιϐερίου
3634 3109 3938 3179 Καίσαρος.
3997 3111 4060 3160 '0

2432 3256 2446 3272 ε
2478 3197 2535 3250 δὲ
2590 3197 2801 3260 Παῦλος
2857 3198 3125 3251 ἀπέθανεν
3168 3198 3262 3252 ἐπὶ
3308 3199 3561 3270 Νέρωνος
3618 3204 3756 3269 μετά
3815 3201 3886 3254 λε’
3938 3203 4062 3264 ἔτος

2479 3286 2579 3355 τῆς
2612 3287 2706 3339 τοῦ
2750 3288 2953 3357 Κυρίου
3000 3288 3169 3358 θανῆς
3196 3305 3209 3317 ’
3268 3289 3363 3342 καὶ⁵
3401 3290 3601 3359 μᾶλλον
3633 3295 3662 3345 6
3704 3292 3955 3362 Ἡρώδης
3983 3295 4062 3355 ώς

2482 3377 2543 3447 If.
2584 3377 2643 3448 ἢ]
2678 3378 2992 3446 Ἀγρίππας
3026 3381 3082 3433 ἐν
3117 3379 3270 3444 τάξει
3332 3380 3596 3449 βασιλέως
3651 3383 3885 3448 κατῆλθε
3913 3400 3925 3411 ·
3978 3385 4062 3436 διὸ

2480 3471 2575 3522 καὶ
2609 3471 2774 3535 αὑτὸς
2806 3471 3051 3525 ἐκαλεῖτο
3086 3472 3356 3542 βασιλεύς.
3390 3474 3554 3526 ’Ὥστε
3579 3476 3607 3527 6
3638 3476 3865 3537 Πιλάτος
3894 3494 4059 3546 χαρι-

2482 3561 2716 3631 σάμενος
2744 3564 2834 3617 τὸν
2866 3564 3072 3633 Ἰησοῦν
3096 3568 3207 3628 τοῖς
3229 3565 3526 3633 Ἰουδαίοις,
3552 3569 3637 3620 ἵνα
3660 3568 3821 3621 αὑτὸν
3847 3570 4061 3621 ἀνέλω-

2483 3671 2556 3719 σι,
2582 3654 2735 3724 δῆλος
2762 3650 2832 3726 ἦν
2862 3661 3179 3727 μιαιφονικῇ
3233 3658 3377 3730 ψυχῇ
3414 3660 3573 3713 τοῦτο
3603 3661 3861 3731 ποιήσας,
3921 3663 4060 3715 ὅπου

2483 3762 2548 3811 γε
2582 3746 2642 3797 οὑ
2675 3746 2836 3815 μόνον
2866 3748 2925 3800 τὸ
2958 3747 3052 3800 τοῦ
3099 3748 3234 3801 Θεοῦ
3265 3749 3518 3819 ὑπερεῖδε
3546 3754 3719 3820 κρῖμα
3762 3754 3842 3815 εἰς
3873 3752 4060 3815 τοῦτο,

2480 3837 2617 3892 ἀλλά
2668 3840 2763 3890 καὶ
2805 3839 2896 3891 τὸν
2961 3840 3248 3908 Ῥωμαίων
3283 3842 3445 3911 νόμον
3475 3843 3748 3912 ήπάτησε,
3798 3846 3895 3897 καὶ
3952 3848 4061 3897 τῶν

2481 3930 2699 3999 θεσμῶν
2732 3930 3139 4001 ὑπερεφρόνησε
3177 3932 3269 3987 τοῦ
3298 3932 3585 4002 βασιλέως,
3613 3936 3742 4004 παρ’
3771 3932 3833 3987 οὗ
3863 3936 3961 3988 καὶ
3990 3932 4063 4007 ἦν

2481 4019 2825 4088 ἐκπεμφθεὶς
2845 4019 3006 4089 ἄρξαι
3029 4022 3139 4074 τῶν
3154 4023 3250 4091 τῆς
3268 4021 3625 4094 Ἰερουσαλὴμ
3642 4026 3805 4095 δρων.
3839 4045 3857 4076 ι
3888 4027 4059 4079 Οὐδε-

2486 4111 2614 4180 μίαν
2658 4111 2839 4165 αἰτίαν
2871 4115 3159 4183 ἐπέφερον.
3205 4132 3224 4166 ι
3254 4116 3362 4168 Καὶ
3403 4116 3510 4186 μὴν
3551 4116 3769 4187 ἔφερον,
3809 4118 3927 4171 ἀλλ’
3958 4122 4062 4172 οὐκ

2481 4202 2721 4272 ήλεγξαν
2742 4219 2755 4233 ⁸
2795 4203 2861 4274 [1⁵.
2902 4205 3028 4258 add.
3063 4203 3149 4276 τὸ]
3183 4207 3279 4274 μὲν
3301 4206 3431 4277 γὰρ,
3454 4208 3714 4278 ἐπιϐουλὴ
3738 4211 3830 4261 καί
3857 4212 4062 4280 τόλμη-

2488 4312 2584 4364 μα,
2634 4292 2791 4348 τοῦτο
2835 4294 3162 4349 ὑποπτεύειν
3193 4296 3406 4366 ἐδήλουο
3448 4299 3481 4367 ή
3513 4298 3572 4351 δὲ
3607 4300 3878 4365 ἐξέτασις,
3902 4304 4061 4355 οὐδὲν

2486 4387 2716 4442 τοιοῦτο.
2748 4388 3011 4452 Εἰκότως,
3056 4407 3074 4439 ι
3111 4389 3239 4459 περί
3283 4406 3430 4453 τινος
3456 4432 3471 4456 ,
3512 4409 3530 4443 ι
3569 4392 3741 4460 λέγει,
3772 4393 4062 4460 ἄνθρωπος

2487 4480 2545 4531 ἐν
2593 4479 2736 4548 ἀρχῇ
2768 4477 2866 4541 ῶν,
2918 4478 3243 4532 καὶτούτων
3287 4481 3346 4532 οὑ
3371 4482 3696 4549 φροντίζων.
3726 4484 3821 4546 Εἰς
3866 4486 4027 4539 ἐπιθυ

810 4564 1098 4631 καιοσύνης
1128 4566 1259 4633 φησί
1294 4567 1387 4617 καὶ
1421 4565 1516 4617 τοῦ
1566 4566 1849 4636 μέλλοντος
1896 4570 2184 4639 κρίματος,
2217 4573 2381 4640 ἤγουν
2409 4589 2461 4649 D
2493 4571 2623 4639 μίαν
2652 4572 2909 4623 ἐνέπεσεν
2938 4571 2967 4621 6
3004 4571 3317 4641 ’Λγρίππας
3349 4572 3448 4641 τῆς
3469 4574 3807 4643 ἀκροάσεως,
3842 4579 3937 4630 καὶ
3960 4581 4057 4648 οὑχ

811 4655 905 4722 τῆς
939 4656 1307 4718 ἀναστάσεως.
1342 4658 1452 4709 Καὶ
1481 4659 1720 4727 τοσαύτη
1753 4654 1822 4728 ἦν
1867 4661 1901 4728 ή
1940 4660 2092 4729 ἰσχὺς
2126 4662 2233 4713 τῶν
2282 4665 2381 4731 ρη-

815 4750 1019 4815 ματων,
1052 4746 1193 4798 ὥστε
1254 4749 1346 4799 καὶ
1401 4749 1641 4817 φοϐῆσαι
1686 4750 1780 4802 τὸν
1810 4752 2069 4819 ἄρχοντα.
2100 4753 2208 4822 Τῆς
2255 4754 2386 4821 ἀλη-

813 4840 963 4901 θείας
1006 4839 1189 4907 ἔχεται
1248 4839 1318 4891 τά
1373 4841 1723 4909 γραφόμενα,
1754 4842 1874 4910 οὐχὶ
1911 4842 2150 4894 ἐπαινῶν
2202 4844 2381 4896 αὑτῶν

814 4928 874 4999 [Ῑ.
916 4928 1101 4999 αὑτὸν]
1130 4931 1236 4980 τῶν
1271 4930 1581 4999 λεγομένων
1617 4933 2027 5001 μετακαλεῖται,
2053 4934 2187 4987 ἀλλά
2213 4952 2380 5003 προσο

813 5018 984 5071 δοκῶν
1020 5019 1203 5071 λαϐεῖν
1236 5021 1512 5089 χρήματα.

886 5105 1154 5158 Ἐνταῦθα
1183 5107 1366 5159 λοιπὸν
1393 5110 1421 5159 6
1452 5108 1582 5171 Θεὸς
1612 5109 1987 5180 ᾤκονόμησεν,
2038 5096 2379 5183 οὑκ-ἐπιτρέ-

813 5216 929 5250 πων
958 5199 1035 5269 τῷ
1078 5199 1321 5267 ἄρχοντι.
1356 5200 1513 5263 Εἰκὸς
1547 5201 1656 5269 γάρ
1698 5204 1863 5256 αὑτὸν
1905 5208 2100 5257 νεωστὶ
2140 5207 2238 5273 τῆς
2283 5209 2383 5275 ἀρ-

816 5290 913 5357 χῆς
941 5288 1207 5342 ἐπιϐάντα
1245 5290 1469 5359 θελῆσαι
1500 5294 1853 5364 χαρίσασθαι’
1885 5295 1999 5348 ἀλλ’
2033 5298 2132 5348 οὑκ
2156 5298 2381 5367 ἀφίησιν

814 5384 839 5433 6
883 5381 1035 5443 θεός.
1062 5381 1287 5453 Ἐπειδὴ
1318 5382 1611 5451 κατῆλθον,
1641 5384 1825 5438 λοιπὸν
1859 5388 2230 5456 ἀναισχύντως
2263 5406 2383 5457 μει-

815 5472 978 5535 ςόνως
1032 5473 1313 5527 ἐποιοῦντο
1368 5474 1467 5544 τὴν
1519 5466 1880 5545 κατηγορίαν.
1935 5478 2070 5530 Ἰδοὺ
2104 5481 2380 5548 μαρτυρία

817 5564 1012 5631 σαφὴς,
1041 5565 1124 5617 ὅτι
1176 5566 1233 5617 ἐν
1291 5568 1458 5618 πᾶσιν
1513 5568 1705 5620 ἑαυτὸν
1740 5569 2089 5639 ἀπρόσκοπον
2115 5570 2143 5621 6
2170 5570 2381 5633 Παῦλος

815 5654 1099 5722 ἐφύλαττε,
1136 5656 1271 5726 μήτε
1316 5660 1394 5719 εἰς
1424 5658 1516 5709 τὸν
1548 5659 1700 5721 Θεὸν,
1731 5659 1764 5728 ἢ
1796 5660 1874 5722 εἰς
1898 5660 2206 5731 ἄνθρωπον,
2240 5662 2273 5731 ἢ
2302 5664 2381 5724 εἰς

812 5748 905 5797 τὸν
957 5747 1140 5814 νόμον,
1180 5748 1213 5817 ἢ
1263 5749 1342 5811 είς
1394 5750 1455 5801 τὸ
1515 5752 1658 5820 ἰερὺν
1703 5753 2049 5822 ἁμαρτήσας.
2081 5755 2229 5806 ’Δντὶ
2262 5754 2380 5819 τοῦ,

816 5838 933 5889 ουτε
962 5842 1025 5889 τα
1079 5840 1140 5889 ἐκ
1196 5840 1355 5892 λίθων
1390 5841 1800 5910 οἰκοδομήματα
1842 5845 1951 5897 τῶν
1981 5844 2253 5903 Ἰουδαίων
2290 5848 2378 5902 ἰν-

2486 4660 2673 4723 ἀπλῶς
2722 4660 2953 4726 ἀκούει,
2989 4661 3123 4715 ἀλλά
3178 4664 3315 4733 μετά
3366 4667 3724 4735 παρασκευῆς
3760 4685 3773 4699 ·
3807 4671 3900 4721 καὶ
3957 4672 4059 4740 δρα

2487 4753 2808 4819 ἀπολογίαν.
2839 4754 3005 4805 Ὅταν
3034 4754 3143 4823 γάρ
3172 4756 3345 4809 ταῦτα
3382 4759 3410 4810 6
3450 4758 3633 4827 ἄρχων
3659 4759 3817 4829 λέγῃ,
3851 4764 4055 4815 ἀνύπο-

2488 4848 2617 4907 πτὸς
2650 4846 2816 4910 ἐστιν,
2868 4845 3009 4899 ὥστε
3052 4849 3149 4900 καὶ
3211 4852 3342 4916 παρ’
3381 4849 3549 4903 αὑτοῦ
3602 4854 4055 4925 καταγνωσθῆναι

2487 4938 2616 5000 τοὺς
2644 4937 2949 5000 Ἰουδαίους.

2558 5030 2599 5081 Τ
2604 5030 2705 5091 ἕως
2737 5031 2895 5092 αὐτὸς
2923 5033 2950 5083 6
2982 5031 3241 5102 δικαστὴς
3274 5038 3542 5105 μαρτυρεῖ
3571 5038 3743 5108 αὐτῷ,
3784 5040 3867 5093 δτι
3900 5041 4053 5093 ἀνεύο

2486 5120 2642 5182 θυνος
2700 5117 2789 5191 ἦν·
2841 5121 2979 5191 πλὴν
3026 5122 3175 5191 ὅμως
3238 5124 3338 5177 οὐκ
3387 5126 3655 5181 ἀπέλυσεν
3701 5130 3888 5192 αὐτὸν.
3916 5135 4053 5203 τάχα

2483 5212 2656 5275 οὑτως
2705 5215 3161 5284 οἱκονομήσαντος
3191 5215 3283 5269 τοῦ
3316 5218 3541 5288 Κυρίου,
3576 5221 3665 5275 ίνα
3689 5224 4052 5294 ἐκκαλέσηται

2486 5302 2583 5354 καὶ
2635 5306 2700 5372 τῇ
2738 5304 2954 5375 ἀνάγκῃ
3005 5304 3104 5371 τῆς
3161 5306 3467 5377 συγκλήτου
3536 5310 3758 5379 πεμφθῇ
3796 5313 3878 5374 εἰς
3918 5315 4047 5367 Ῥώ-

2488 5408 2617 5460 μην,
2650 5395 2745 5445 καὶ
2797 5392 3059 5463 πληρωθῇ
3095 5393 3158 5446 τὸ
3190 5395 3566 5465 προφητευθὲν
3616 5400 3708 5451 ὑπ’
3731 5401 3900 5454 αὑτοῦ
3922 5442 3938 5466 ,
3973 5406 4052 5457 ὅτι

2490 5501 2519 5533 ι
2542 5485 2632 5535 Δεῖ
2663 5500 2728 5553 με
2774 5487 2868 5537 καὶ
2901 5484 3120 5555 Ῥώμην
3162 5487 3311 5541 ἰδεῖν.
3352 5508 3371 5541 ι

2554 5576 2823 5628 Σεϐαστὸν
2899 5580 3357 5647 καταχρηστικῶς
3418 5582 3509 5634 τὸν
3566 5582 3791 5651 βασιλέα
3862 5584 4049 5647 καλεῖ,

2484 5664 2671 5733 ῶσπερ
2723 5668 2816 5719 καὶ
2881 5667 3157 5736 Καίσαρα,
3192 5669 3250 5721 ὃν
3302 5671 3396 5723 καὶ
3456 5673 3814 5742 παρακατιὼν
3867 5675 4051 5744 κύριον

2483 5759 2656 5812 καλεῖ.

2556 5852 2664 5907 Καὶ
2710 5850 2864 5905 τοῦτο
2898 5852 2964 5923 ήν
3007 5853 3109 5923 τῆς
3170 5855 3262 5909 τοῦ
3303 5857 3517 5913 Παύλου
3565 5858 3956 5929 καθαρότητος,
3993 5861 4049 5913 τὸ
