4162 6442
716 410 857 477 1139

1591 407 2172 470 ΤΗΕΟΡΙΙΥΙΛΠΤΙ
2208 402 2619 467 ΒυιΟΑΒΜΞ
2659 407 3013 469 ARCIIIEP.

3843 408 3986 473 1140

712 530 834 598 ejus
852 527 1069 593 ﬂori,ut
1100 526 1476 582 brevissimam
1502 525 1677 595 ipsius
1694 523 2036 579 durationem
2066 520 2292 575 eviden-

2402 520 2785 591 μωιμωτέρῳ,
2824 520 2939 573 ἀλλ’
2965 520 3139 585 ἄνθει,
3180 519 3239 573 τὸ
3265 520 3633 589 ὀλιγοχρόνιον
3664 518 3830 572 αὐτοῦ
3868 538 3980 573 πα-

713 628 824 681 tius
851 626 1139 694 exprimat.
1174 623 1243 675 At
1276 638 1405 676 vero
1448 635 1617 689 quare
1652 620 1830 672 dictus
1865 626 1947 671 est
1980 616 2081 669 iste
2135 635 2153 666 ι
2189 613 2298 667 Du-

710 721 833 790 plcx
870 719 1051 770 animo
1083 715 1107 767 ?
1152 735 1169 767 ι
1227 712 1468 778 Scilicet,
1506 713 1633 781 quia
1661 726 1835 779 neque
1874 709 1939 763 ad
1972 718 2295 779 praesentem

713 827 888 880 neque
916 808 982 863 ad
1034 807 1275 861 futuram
1311 808 1476 860 vitam
1512 813 1596 858 est
1637 803 1977 857 conﬁdenter
2006 802 2248 854 directus
2280 817 2293 853 :

711 906 766 959 in
802 903 1085 971 Scriptura
1122 901 1268 955 enim
1322 900 1539 953 animus
1573 914 1669 953 seu
1718 898 1895 950 anima
1931 895 2128 948 dicitur
2162 894 2293 956 vita,

704 998 859 1066 juxta
885 996 1077 1060 illud",
1117 1015 1134 1046 ι
1168 993 1358 1049 Omnia
1396 1008 1517 1063 qua:
1575 991 1757 1054 habet,
1791 988 1941 1041 dabit
1981 987 2143 1039 homo
2201 1002 2297 1055 pro

709 1091 891 1144 anima
946 1104 1065 1144 sua.
1108 1106 1126 1139 ι
1191 1086 1345 1141 Tolle
1394 1087 1560 1158 igitur
1594 1102 1621 1138 a
1666 1094 1716 1136 te
1769 1080 2079 1151 hujttsmodi
2129 1080 2293 1132 animi

707 1185 1125 1256 perplexitatem
1153 1200 1167 1249 ;
1219 1191 1273 1236 et
1303 1196 1370 1235 ne
1402 1180 1620 1235 dubites
1652 1185 1837 1245 petere
1871 1191 1899 1229 a
1933 1175 2074 1234 Deo,
2103 1173 2293 1226 dicens

709 1275 765 1329 in
818 1275 1132 1344 temetipso,
1176 1272 1459 1339 Quomodo
1512 1284 1735 1339 possum
1791 1284 1820 1320 a
1872 1266 1982 1319 Dco
2020 1273 2203 1334 petere
2239 1273 2295 1315 et

708 1366 1029 1436 impetrare,
1073 1380 1191 1435 ego,
1242 1363 1331 1433 qni
1383 1362 1520 1417 adeo
1570 1362 1625 1415 in
1679 1361 1852 1430 ipsum
1897 1356 2168 1427 peccavi?
2218 1353 2296 1408 Ne

708 1459 917 1525 c0gites
966 1459 1069 1511 ista
1104 1474 1117 1523 ;
1156 1455 1247 1511 sed
1290 1467 1354 1509 ex
1406 1455 1553 1509 omni
1612 1454 1777 1507 corde
1818 1460 1913 1503 tuo
1953 1450 2213 1503 conlitere
2240 1441 2294 1503 et

707 1559 1033 1605 convertere
1057 1547 1123 1601 ad
1153 1546 1441 1601 Dominum
1465 1589 1478 1609 ,
1511 1554 1563 1601 et
1590 1546 1801 1613 pustula
1842 1544 2048 1612 absque
2081 1541 2295 1595 dubita-

710 1644 882 1707 tione,
911 1652 965 1697 et
1000 1656 1309 1712 cognosces
1350 1640 1741 1707 benignitatem
1772 1637 1941 1705 ipsius
1978 1652 1992 1700 ;
2034 1636 2292 1705 quoniam

713 1753 734 1786 ι
756 1752 862 1788 nun
900 1745 948 1787 te
972 1735 1334 1804 derclinquet,
1369 1732 1462 1786 sed
1494 1730 1759 1784 dabittihi
1796 1730 2084 1796 petitiones
2115 1727 2293 1781 cordis

707 1826 789 1879 tui
821 1827 882 1879 ἰ
916 1844 934 1876 ι
964 1824 1106 1879 Deus
1123 1826 1266 1879 enim
1296 1823 1619 1892 injuriarum
1660 1821 1818 1875 lacile
1852 1820 2214 1883 obliviscitur,
2239 1826 2292 1871 et

708 1928 1083 1971 creaturarum
1124 1930 1345 1969 διιτιΐιιιιι
1386 1914 1697 1967 miseretur.

782 2008 945 2063 Vens.
972 2009 1023 2063 9.
1055 2008 1361 2062 «Glorietur
1383 2016 1564 2060 autem
1585 2003 1991 2059 lraterbumilis
2014 2003 2290 2058 inexalta-

712 2099 857 2152 tione
879 2112 1010 2150 sua.
1039 2114 1057 2147 ι
1100 2094 1376 2149 Bonorum
1425 2095 1671 2149 omnium
1702 2094 2045 2149 distributrix
2081 2105 2162 2147 est
2194 2093 2294 2146 hu-

710 2190 938 2254 militas,
968 2198 1021 2245 ct
1046 2190 1252 2259 absque
1284 2190 1371 2243 illa
1399 2189 1529 2243 nihil
1570 2189 1696 2243 boni
1735 2186 1822 2252 lit;
1851 2186 2054 2241 idcirco
2086 2186 2290 2251 subdit,

715 2303 734 2332 ι
769 2282 1044 2337 Glorietur
1096 2289 1274 2335 autem
1331 2278 1555 2335 humilis
1615 2281 1666 2333 in
1720 2280 2074 2344 exaltatioue,
2116 2298 2133 2329 ι
2193 2294 2290 2333 seu

710 2375 1048 2430 sublimitate
1073 2389 1191 2428 sua.
1226 2373 1362 2439 Quia
1411 2393 1429 2424 ι
1453 2372 1637 2427 ﬂuctui
1673 2374 1859 2433 maris,
1897 2391 1917 2424 ι
1954 2382 2100 2435 eum,
2140 2390 2159 2422 ι
2199 2371 2292 2441 qui

714 2468 931 2522 lizesitat
961 2486 978 2516 ι
1016 2467 1337 2520 assimilavit
1369 2483 1383 2531 ;
1416 2467 1507 2534 qui
1540 2465 1759 2533 quidem
1788 2465 1959 2518 ventis
1987 2462 2205 2518 inﬂatus
2238 2463 2290 2516 in

711 2562 880 2615 altum
908 2559 1133 2623 tollitur,
1159 2559 1323 2613 citius
1349 2573 1478 2613 vero
1500 2574 1659 2625 quam
1690 2558 1931 2611 cieri-tus
1961 2556 2079 2618 fuit,
2109 2556 2291 2625 depri-

712 2657 881 2709 mitur
923 2667 985 2706 ac
1032 2652 1445 2721 complanatur;
1500 2651 1678 2705 simile
1727 2650 1855 2717 quid
1899 2651 2100 2718 patitur
2130 2650 2290 2702 etiam

719 2767 737 2796 ι
781 2746 1056 2807 Ιιαιεὶιιιιιε,
1101 2764 1119 2797 ι
1156 2744 1333 2814 quiex
1358 2744 1525 2797 animi
1569 2742 1802 2797 elatione
1840 2742 1907 2796 ad
1940 2742 2074 2796 nihil
2101 2756 2291 2795 eorum

712 2854 835 2906 quae
864 2838 1171 2893 necessaria
1201 2835 1365 2906 324
1405 2843 1571 2897 sunt,
1609 2835 1902 2903 petitiones
1934 2849 2063 2888 suas
2092 2834 2291 2887 ﬁrmat.

712 2926 924 2982 Idcirco
952 2926 1067 2979 ait:
1110 2945 1127 2976 ι
1176 2924 1454 2979 Glorietur
1486 2926 1653 2979 frater
1688 2924 1928 2987 lnnnilis,
1970 2944 1987 2976 ι
2040 2939 2103 2977 ac
2135 2924 2179 2977 si
2212 2923 2294 2977 di-

714 3032 904 3075 ceret:
938 3018 1040 3084 Qui
1076 3018 1276 3088 aliquid
1311 3019 1421 3071 vult
1455 3027 1661 3087 petere,
1700 3025 1844 3087 petat
1888 3017 2144 3086 primum,
2174 3032 2294 3086 qua:

715 3112 1022 3166 necessaria
1055 3120 1203 3174 sunt,
1236 3112 1287 3164 in
1308 3112 1507 3180 quibus
1530 3111 1843 3178 neutiquam
1878 3110 1965 3175 iis,
1990 3124 2108 3178 qlllB
2138 3109 2290 3179 petit,

2404 611 2621 679 ριςτῶν.
2657 614 2753 663 Διά
2800 613 2851 664 τί
2904 612 2958 665 δὲ
3008 631 3025 663 ι
3066 612 3299 680 Aid/uxr);
3333 632 3351 663 ι
3416 613 3676 682 εἴρηται,
3717 613 3805 674 Ὡς
3854 612 3981 665 οὔτε

2400 703 2535 771 πρὸς
2579 703 2678 772 τὴν
2713 703 3016 773 παροῦσαν,
3054 702 3177 756 οὔτε
3216 705 3351 773 πρὸς
3392 705 3490 774 τὴν
3536 705 3838 774 μέλλουσαν
3880 721 3981 754 πε-

2400 795 2667 859 ποιθότως
2699 796 3136 864 ἀπευουκιόμενος
3168 797 3335 867 ζωήν.
3387 798 3547 868 Ψυχὴ
3581 798 3691 867 γὰρ
3734 798 3885 867 παρά
3912 800 3979 865 τῇ

2398 888 2587 959 Γραφῇ
2618 892 2649 959 ἡ
2707 889 2819 959 ζωὴ
2852 890 3098 943 καλεῖται
3126 908 3139 919 ·
3175 890 3251 953 ὼς
3280 890 3362 953 τὸ,
3406 906 3425 941 ι
3459 891 3641 944 Πάντα
3666 891 3766 943 ὅσα
3799 890 3913 957 ἔχει
3954 890 3985 940 6

2399 983 2705 1052 ἅνθρωπος,
2741 982 2902 1035 δώσει
2963 984 3102 1051 ὑπὲρ
3145 984 3241 1050 τῆς
3296 982 3475 1052 ψυχῆς
3533 982 3721 1035 αὐτοῦ.
3752 1001 3769 1031 ι
3805 977 3983 1050 ’Ᾱρον

2400 1077 2627 1130 σεαυτοῦ
2688 1078 2788 1148 τὴν
2816 1078 3089 1147 διψυχίαν,
3125 1080 3217 1130 καὶ
3267 1077 3433 1147 μηδὲν
3482 1076 3618 1138 ὅλως
3677 1074 3984 1145 διψυχῆσῃς

2398 1172 2925 1247 αἱτιήσασοαιθπαρὰ
2968 1171 3060 1224 τοῦ
3110 1170 3269 1233 Θεοῦ,
3304 1170 3481 1237 λέγων
3512 1171 3569 1220 ἐν
3624 1168 3861 1233 σεαυτῷ,
3898 1162 3982 1220 ὅτι

2398 1265 2520 1327 Πῶς
2545 1264 2777 1332 δύναμαι
2807 1264 3031 1334 αἰτῆσαι
3060 1264 3211 1334 παρά
3243 1263 3336 1316 τοῦ
3372 1262 3602 1332 Κυρίου,
3644 1262 3739 1312 καὶ
3763 1260 3982 1321 λαόεἶν,

2398 1354 2739 1424 ἡμαρτηκὼς
2769 1355 3005 1409 τοσαῦτα
3046 1358 3126 1416 εἰς
3162 1354 3361 1418 αὐτόν;
3395 1354 3486 1423 Μὴ
3518 1352 3733 1418 λογίζου
3779 1351 3982 1414 ταῦτα,

2397 1447 2511 1500 ἀλλ’
2542 1446 2598 1511 ἐξ
2624 1446 2751 1517 ὅλης
2777 1447 3001 1516 καρδίας
3032 1463 3127 1499 σου
3154 1444 3502 1513 ἐξομολογοῦ,
3527 1444 3622 1496 καὶ
3652 1441 3986 1511 ἐπέστρεψεν

2399 1538 2533 1610 πρὸς
2570 1538 2795 1608 Κύριον,
2828 1539 2920 1590 καὶ
2941 1537 3091 1591 αἰτοῦ
3119 1538 3246 1607 παρ’
3274 1536 3439 1589 αὑτοῦ
3481 1535 3819 1595 ἀδιστάκτως
3840 1552 3852 1562 ·
3883 1533 3985 1585 καὶ

2398 1633 2583 1705 γνώσῃ
2610 1634 2705 1703 τὴν
2738 1632 3143 1702 εὐσπλαγχνίαν
3170 1630 3468 1705 αὑτοῦ,κότι
3507 1648 3525 1679 ι
3558 1629 3617 1681 οὐ
3660 1628 3735 1697 μή
3786 1643 3844 1678 σε
3890 1626 3984 1691 ἐγ-

2399 1727 2699 1796 καταλίπῃ,
2750 1726 2886 1780 ἀλλά
2926 1726 2985 1779 τό
3019 1728 3229 1793 αἴτημα
3281 1723 3381 1793 τῆς
3427 1719 3609 1791 ψυχῆς
3650 1737 3742 1771 σου
3776 1718 3985 1787 πληρο-

2398 1822 2624 1889 φορήςει
2653 1837 2664 1848 ι
2704 1838 2721 1868 ι
2748 1821 2775 1871 6
2813 1818 2919 1888 γάρ
2941 1818 3071 1878 Θεὸς
3098 1816 3472 1885 ἀμνησὶκακός
3497 1816 3632 1875 ἐστι,
3655 1813 3746 1865 καὶ
3766 1810 3981 1877 σπλαγ-

2328 1900 2365 1951 Β
2400 1913 2637 1983 χνίζεται
2668 1911 2760 1963 ἐπὶ
2782 1913 2893 1973 τοῖς
2928 1912 3226 1981 ποιήμασιν
3248 1908 3433 1961 αὑτοῦ.

3784 1998 3815 2026 ‘.
3849 1996 3913 2026 ξοην

2475 2023 2493 2054 ι
2530 2004 2838 2073 Καυχάσθω
2877 2003 2931 2055 δὲ
2966 2004 2993 2056 6
3040 2002 3267 2069 ἀδελφὸς
3298 2002 3325 2054 ὁ
3357 1999 3609 2061 ταπεινός
3658 2000 3715 2051 ἐν
3739 1999 3817 2067 τῷ
3849 1999 3982 2066 ὕψει

2397 2095 2584 2149 αὑτοῦ.
2621 2114 2638 2145 ι
2686 2096 2903 2164 Ἐπειδὴ
2958 2095 3065 2147 τῶν
3101 2094 3284 2147 καλῶν
3320 2095 3577 2147 ἁπάντων
3610 2092 3984 2160 ταμιεύτριαν

2395 2184 2504 2243 οἶδε
2536 2189 2633 2260 τὴν
2664 2188 3189 2260 ταπεινοφροσύνην,
3222 2190 3416 2241 καὶδτι
3441 2190 3569 2241 ἄνευ
3594 2186 3796 2253 ταύτης
3819 2185 3983 2236 οὐδὲν

2398 2283 2757 2353 κατορθοῦται
2781 2282 2890 2336 τῶν
2924 2282 3253 2347 σπουδαίων,
3284 2282 3371 2335 διὰ
3403 2280 3563 2334 τοῦτο
3590 2280 3841 2347 ἐπιφέρει
3890 2277 3977 2340 τὸ,

2402 2398 2419 2430 ι
2462 2377 2771 2446 Καυχάσθω
2822 2380 2849 2430 6
2876 2376 3129 2438 ταπεινὸς
3162 2377 3220 2429 ἐν
3248 2374 3323 2444 τῷ
3356 2374 3479 2442 ὕψει
3531 2372 3718 2425 αὐτοῦ.
3755 2391 3771 2423 ι
3819 2372 3984 2425 Ἐπεί⁸

2395 2469 2504 2540 γάρ
2533 2488 2548 2518 ι
2594 2469 2821 2521 κλύδωνι
2854 2450 3184 2537 Θαλάσσηςὺ
3213 2464 3303 2519 τ’ον
3336 2465 3752 2533 διακρινόμενον
3810 2466 3979 2517 ἀπει-

2396 2562 2575 2625 κάζει,
2596 2560 2653 2622 ὃς
2682 2561 3073 2630 μετεωρίζεται
3109 2561 3208 2629 μὲν
3247 2561 3357 2621 τοῖς
3386 2558 3692 2624 πνεύμασιν
3715 2554 3982 2622 ἐξογκού-

2399 2672 2582 2726 μενος,
2609 2655 2801 2707 Θᾶττον
2850 2654 2906 2705 δὲ
2953 2653 2985 2718 ἢ
3042 2652 3321 2720 ὑψωθῆναι
3380 2651 3720 2719 κοιμίζεταισ
3772 2650 3981 2717 ὁμοίως

2395 2750 2596 2817 πάσχει
2623 2748 2716 2800 καὶ
2741 2750 2766 2799 ό
2800 2766 2817 2798 ι
2854 2746 3265 2816 διακρινόμενος
3296 2764 3313 2794 ι
3342 2746 3397 2808 ἐξ
3427 2742 3806 2812 ὑπερηφανίας
3837 2742 3980 2809 πρὶς

2395 2839 2547 2892 οὐδὲν
2576 2839 2684 2891 τῶν
2713 2839 2938 2891 δεόντων
2966 2837 3334 2907 ἐπιστηρίζων
3357 2838 3457 2897 τὰς
3480 2834 3674 2887 ἑαυτοῦ
3706 2836 3977 2901 αἰτήσεις.

2398 2933 2495 2984 Διὰ
2531 2933 2687 2983 τοῦτο
2715 2931 2965 2999 ἐπιφέρει
3003 2929 3084 2994 τὸ,
3128 2948 3144 2979 ι
3178 2927 3487 2997 Καυκάσοω
3536 2925 3762 2994 ἀδελφ³ς
3816 2925 3845 2975 ό
3875 2941 3982 2976 τα-

2397 3023 2581 3083 πεινός
2608 3039 2621 3052 ·
2663 3040 2680 3071 ι
2711 3020 2951 3073 τοιοῦτόν
2997 3037 3048 3071 τι
3084 3018 3259 3086 λέγων
3284 3034 3296 3046 ·
3350 3019 3408 3071 Ὀ
3442 3018 3765 3086 βουλόμενος
3803 3018 3984 3069 αἰτεῖν

2396 3133 2469 3179 τι,
2498 3115 2714 3183 πρῶτον
2750 3114 2850 3183 μὲν
2878 3112 3098 3165 αἰτείτω
3126 3112 3192 3164 τὰ
3217 3112 3431 3173 δέοντα,
3463 3114 3521 3163 ἐν
3552 3105 3631 3173 οἷς
3661 3110 3783 3162 οὐδὲ
3812 3112 3981 3163 ἀστορ

717 3203 1084 3258 lraudabitur.
1117 3203 1240 3257 llaec
1270 3214 1450 3258 autem
1482 3214 1628 3268 sunt,
1662 3222 1680 3254 ι
1715 3201 1958 3272 llegnum
1995 3203 2287 3264 cmlorum,

2398 3212 2556 3278 χήσει
2590 3209 2698 3259 τῶν
2729 3206 3078 3274 ζητουμένων
3106 3223 3119 3236 ·
3155 3203 3330 3257 ταῦτα
3354 3203 3409 3254 δέ
3449 3205 3618 3267 ἐστιν,
3654 3221 3673 3253 ι
3723 3202 3785 3253 'H
3818 3201 3983 3270 βασι-

715 3298 1007 3367 etjustitia
1058 3298 1178 3365 ejus
1206 3300 1273 3351 ἰ
1318 3316 1335 3347 ι
1392 3296 1589 3352 deinde
1628 3297 1911 3364 postulans
1961 3302 2291 3363 perseveret,

723 3406 831 3445 uon
872 3405 1000 3443 vero
1043 3390 1229 3444 statim
1265 3404 1329 3443 ac
1367 3388 1581 3442 modice
1607 3387 1805 3453 oravit,
1831 3386 2049 3441 recedat
2077 3388 2294 3454 (super-

756 3499 910 3539 orum
948 3483 1093 3537 enim
1126 3482 1227 3536 hoe
1256 3491 1336 3536 est
1366 3492 1383 3550 )
1427 3481 1520 3535 sed
1560 3487 1898 3551 permaneat,
1932 3477 1982 3532 id
2019 3476 2164 3548 quod
2197 3492 2294 3545 pc-

717 3576 808 3643 tit,
836 3576 1116 3630 humiliter
1145 3590 1209 3629 ac
1234 3574 1462 3628 ﬁrmiter
1491 3584 1839 3643 exspectans.

790 3756 954 3811 Vens.
984 3756 1216 3821 10,1Ι.ι
1245 3755 1403 3809 Dives
1426 3764 1601 3809 autem
1624 3754 1675 3808 in
1700 3755 2003 3811 humilitate
2020 3768 2297 3824 sua,quo-

714 3850 862 3905 niam
899 3848 1039 3904 sicut
1072 3849 1168 3903 llos
1194 3849 1322 3903 fanti
1353 3848 1625 3903 transibit.
1653 3847 1886 3902 Exortus
1916 3856 1998 3903 est
2026 3850 2171 3903 enim
2214 3848 2293 3903 sol

718 3958 843 3997 cum
894 3942 1109 4006 ardore,
1165 3951 1217 3995 et
1268 3941 1493 3995 arefccit
1527 3943 1751 4006 Renum,
1782 3952 1833 3997 et
1874 3941 1973 3996 llus
2005 3942 2124 4011 ejus
2148 3940 2295 3995 deci-

717 4034 818 4089 dit.
865 4053 883 4086 ι
916 4034 1059 4088 Flori
1092 4033 1220 4088 lieni
1248 4034 1519 4088 assimilat
1555 4034 1799 4098 divitias,
1859 4035 2045 4089 volens
2104 4051 2292 4089 carum

715 4126 1086 4181 caducitatem
1147 4127 1390 4180 iudicare
1425 4165 1439 4180 .
1499 4145 1517 4178 ι
1574 4126 1640 4180 Ει
1701 4127 1869 4181 decor
1924 4128 2108 4183 vultus
2172 4128 2294 4199 ejus

718 4218 973 4287 deperiit.
1013 4236 1031 4268 ι
1078 4218 1293 4272 Vultum
1332 4218 1420 4272 hic
1460 4218 1829 4289 metaphorice
1869 4219 2004 4273 dicit
2037 4237 2051 4273 :
2084 4220 2151 4275 de
2176 4220 2295 4275 solo

720 4310 864 4365 cnim
915 4310 1133 4365 homine
1186 4312 1370 4365 vultus
1415 4312 1614 4366 dicitur
1648 4329 1662 4376 ;
1710 4328 1819 4366 non
1858 4324 2039 4368 autem
2075 4313 2143 4369 de
2169 4316 2293 4372 aliis

716 4404 905 4458 rebus.
940 4421 957 4453 ι
994 4405 1072 4457 lta
1103 4413 1156 4458 et
1181 4404 1333 4457 dives
1357 4404 1409 4457 in
1438 4405 1725 4460 itineribus
1759 4405 1876 4461 suis
1912 4419 2232 4463 tnarcescet.
2268 4427 2287 4460 ι

716 4497 919 4550 Itinera
950 4504 1107 4550 vocat
1139 4500 1419 4567 praesentis
1448 4498 1571 4553 vita:
1600 4499 1914 4555 decursum.

788 4756 955 4814 Vsus.
990 4758 1077 4812 12.
1137 4778 1156 4812 ι
1202 4758 1401 4816 Beatus
1443 4764 1525 4814 vir
1556 4763 1649 4832 qui
1682 4763 1872 4817 sum-rt
1914 4767 2288 4831 Ientationem,

716 4851 974 4922 quoniam
999 4866 1124 4905 cum
1151 4853 1409 4921 probatus
1430 4854 1845 4925 fueril,accipiet
1863 4872 2119 4911 coronam
2145 4859 2287 4924 vitae,

716 4960 881 5014 quam
918 4944 1227 5012 repromisit
1253 4945 1394 5000 Deus
1422 4946 1771 5016 diligentibus
1804 4965 1881 5004 sc.
1916 4950 2084 5005 rCum
2111 4951 2291 5022 dupli-

717 5032 797 5087 cis
815 5036 1031 5102 generis
1052 5036 1159 5087 sint
1179 5037 1526 5103 tentationes,
1545 5039 1875 5103 utdiximus,
1899 5043 1951 5093 in
1969 5058 2293 5113 unaquaque

717 5141 905 5181 earum
940 5127 1087 5182 utilis
1117 5136 1201 5184 est
1225 5131 1505 5198 patientia.
1534 5130 1798 5187 Ca-terum
1834 5149 2041 5187 memor
2111 5147 2295 5191 uoster

720 5222 998 5287 apostolus
1049 5240 1068 5272 ι
1126 5220 1398 5277 Orationis
1470 5222 1779 5286 Dominicar,
1844 5245 1861 5277 ι
1915 5242 2036 5297 quae
2074 5230 2294 5284 exhibet

720 5314 865 5381 quod
891 5314 1136 5400 seeurius
1157 5322 1260 5378 est,
1288 5325 1343 5367 ut
1383 5326 1577 5385 nempe
1609 5332 1849 5381 oremus,
1888 5334 1955 5373 ne
1986 5319 2292 5375 incidamus

721 5404 777 5455 in
801 5406 1152 5466 tentatioues,
1188 5406 1479 5458 reassumit
1508 5422 1603 5474 per
1643 5408 1920 5484 proposita
1943 5423 2249 5462 sermonem
2276 5427 2290 5467 ;

722 5494 1097 5560 declaratque,
1142 5511 1389 5565 quaenam
1438 5497 1508 5550 sit
1550 5499 1795 5559 tentatio,
1833 5513 1953 5566 qua:
1986 5515 2013 5551 a
2055 5500 2164 5554 Deo
2190 5502 2291 5553 iiii-

722 5582 975 5645 mittitur,
1002 5592 1057 5637 ct
1086 5601 1205 5654 qua:
1228 5601 1256 5639 a
1289 5587 1443 5640 nobis
1460 5588 1688 5649 oriatur,
1718 5588 1960 5657 adeoque
1990 5590 2292 5644 voluntaria

725 5683 826 5727 est.
863 5674 1182 5746 Quanquam
1215 5686 1267 5731 et
1301 5688 1445 5733 recte
1478 5695 1535 5734 se
1557 5680 1732 5743 habet,
1763 5681 1805 5733 si
1840 5680 2288 5745 dicamus,Deum

803 5855 823 5887 "
865 5855 967 5911 Job
1017 5870 1076 5921 ιι,
1120 5858 1159 5910 i.
1237 5858 1257 5889 ⁸
1300 5856 1445 5915 l‘sal.
1509 5874 1689 5921 sum,
1740 5858 1792 5912 4.

1869 5858 1888 5890 ⁹
1930 5855 2116 5912 Matth.
2152 5875 2227 5927 Vt,
2265 5860 2353 5914 55.

2398 3298 2514 3349 λεία
2568 3297 2675 3348 τῶν
2724 3296 2991 3366 οὐρανῶν,
3045 3295 3140 3349 καὶ
3197 3298 3230 3364 ἡ
3281 3294 3618 3364 δικαιοσύνη.
3652 3313 3670 3344 ι
3731 3293 3984 3346 Ἔπειτα

2398 3388 2734 3458 καρτερείτω
2760 3388 2886 3457 περὶ
2915 3386 3023 3439 τῶν
3049 3385 3307 3439 τοιούτων
3340 3386 3506 3438 αἰτῶν
3530 3402 3545 3415 ·
3584 3386 3719 3439 ἀλλὰ
3770 3387 3846 3455 μὴ
3890 3387 3987 3438 ἐπ’

2395 3482 2577 3549 ὀλίγον
2604 3479 2922 3549 εὐξάμενος,
2959 3480 3121 3541 εὐθὺς
3148 3479 3503 3548 ἀναχωρείτω
3534 3478 3834 3546 (ἀλαζόνων
3868 3479 3985 3548 γάρ

2397 3574 2599 3643 τεῦτο),
2647 3573 2783 3625 ἀλλὰ
2845 3573 3191 3641 περιμενέτω
3227 3570 3325 3639 τὴν
3347 3570 3512 3640 λῆψιν
3545 3572 3601 3623 ἐν
3643 3571 3988 3625 ταπεινώσει

2397 3668 2569 3736 ψυχῆς
2600 3665 3051 3734 προσκαρτερῶν.

2477 3778 2493 3810 ι
2543 3760 2599 3811 Ὀ
2624 3760 2677 3811 δὲ
2720 3758 2993 3820 πλούσιος,
3023 3761 3079 3810 ὲν
3115 3763 3178 3829 τῇ
3212 3757 3542 3811 ταπεινώσει
3574 3757 3761 3819 αὐτοῦ,
3791 3760 3876 3809 ὅτι
3907 3757 3986 3821 ὡς

2397 3854 2556 3916 ἇνῢος
2587 3853 2781 3923 χόρτου
2836 3852 3252 3923 παρελεύσεται.
3301 3851 3567 3904 ’Λνέτειλε
3609 3853 3717 3920 γάρ
3751 3852 3780 3903 ὁ
3827 3852 3985 3921 ἥλιος

2400 3948 2498 3998 σὺν
2555 3944 2630 4014 τῷ
2684 3942 2950 4006 καύσωνι,
2999 3942 3095 3994 κα)⁸
3149 3943 3380 4011 ἐξήρανε
3410 3942 3504 3994 τὸν
3541 3942 3760 4010 χόρτον,
3795 3942 3893 3993 καὶ
3921 3942 3987 3993 τὺ

2397 4037 2555 4099 ἄνθος
2590 4037 2835 4100 ὲξέπεςε,
2872 4056 2890 4087 ι
2934 4035 3119 4088 ’Λνϐει
3148 4036 3342 4106 χόρτου
3370 4035 3662 4099 ἀπεικάζει
3692 4037 3785 4086 τὸν
3816 4034 3988 4086 πλοῦ-

2395 4148 2508 4193 τον,
2561 4130 2621 4182 τὸ
2670 4130 2948 4198 ἐφήμερον
3001 4130 3166 4181 αὐτοῦ
3222 4129 3576 4196 παραστῆσαι
3627 4128 3986 4197 βουλόμενος.

2403 4241 2419 4273 ι
2461 4223 2568 4273 Καὶ
2604 4222 2635 4291 ἡ
2668 4220 2967 4289 εὐπρέπεια
2997 4219 3091 4271 τοῦ
3127 4218 3423 4289 προσώπου
3450 4218 3615 4272 αὐτοῦ
3652 4218 3929 4273 ἀπώλετο.
3961 4240 3979 4271 ι

2400 4314 2700 4383 Πρόσωπον
2751 4312 3208 4380 καταχρηστικῶς
3257 4312 3483 4381 εἴρηκε’
3531 4311 3690 4363 τοῦτο
3714 4314 3822 4381 γὰρ
3886 4314 3990 4368 ἐπὶ

2399 4406 2558 4474 μόνου
2586 4404 2801 4472 λέγεται
2839 4402 3127 4474 ἀνθρώπου
3166 4421 3180 4434 ·
3222 4402 3317 4454 ἐπὶ
3348 4402 3406 4454 δὲ
3437 4402 3547 4453 τῶν
3595 4401 3773 4455 ἄλλων
3814 4401 3981 4465 ζώων

2395 4497 2527 4559 οῧ.,ι
2562 4497 2719 4550 Οὕτω
2752 4498 2843 4549 καί
2882 4499 2911 4549 ὁ
2964 4496 3215 4556 πλούσιος
3254 4496 3312 4547 ἐν
3344 4498 3465 4558 ταῖς
3516 4494 3768 4564 πορείαις
3805 4497 3987 4549 αὑτοῦ

2317 4573 2371 4632 D
2400 4591 2827 4660 μαρανθήσεται.
2856 4609 2874 4640 ι
2915 4588 3163 4657 ΙΙορείας,
3184 4588 3285 4651 τὰς
3310 4588 3452 4640 κατὰ
3478 4587 3570 4640 τόν
3598 4588 3842 4656 παρόντα
3866 4588 3990 4657 βίον

2400 4682 2667 4754 διεξόδους
2705 4683 2861 4751 φησί,

2477 4798 2494 4826 ‹
2528 4776 2813 4845 Μακάριος
2844 4776 2982 4845 ἀνὴρ
3005 4776 3060 4837 ὃς
3086 4776 3346 4844 ὑπομένει
3382 4776 3713 4846 πειρασμὸν,
3765 4778 3848 4830 ὅτι
3900 4779 3991 4832 δό-

2399 4884 2561 4935 κιμος
2591 4866 2874 4935 γινόμενος
2913 4865 3145 4934 λήψεται
3172 4867 3264 4918 τὸν
3292 4867 3557 4935 στέφανον
3586 4868 3685 4936 τῆς
3720 4868 3891 4937 ζωῆς,
3924 4870 3987 4922 ὃν

2400 4955 2766 5026 ἐπηγγείλατο
2799 4957 2827 5007 ὁ
2860 4956 3060 5024 Κύριος
3095 4959 3206 5019 τοῖς
3248 4959 3538 5024 ἀγαπῶσιν
3571 4958 3757 5011 αὐτόν.
3793 4979 3812 5011 ι
3858 4962 3989 5012 Διτ-

2397 5049 2504 5100 τῶν
2531 5048 2700 5101 ὄντων
2762 5048 2867 5100 τῶν
2923 5050 3268 5118 πειρασμῶν,
3304 5050 3377 5111 ὡς
3415 5050 3647 5120 ἔφαμεν,
3709 5054 3991 5122 συμφέρει

2397 5142 2518 5194 καθ’
2547 5142 2809 5211 ἑκάτερον
2843 5143 2877 5208 ἡ
2909 5142 3179 5211 ὑπομονὴ.
3206 5139 3338 5195 Εἶτα
3366 5145 3465 5213 τῆς
3490 5143 3585 5196 τοῦ
3608 5146 3819 5214 Κυρίου
3848 5163 3991 5213 μνη-

2398 5234 2545 5294 σθεὶς
2580 5234 2763 5304 εὐχῆς,
2794 5234 2915 5297 ἣτις
2949 5235 3023 5304 μὴ
3076 5237 3156 5297 εἰς
3189 5237 3496 5306 πειρασμὸν
3533 5239 3794 5291 ἐκπεσεῖν
3832 5240 3986 5307 ἡμᾶς

2395 5325 2743 5394 ἐξιλεμένους
2760 5327 2876 5395 (sic)
2903 5328 2962 5378 τὸ
2983 5329 3228 5394 κρεῖττον
3253 5331 3563 5399 παρεγγυᾷ.
3586 5330 3990 5400 ἐπαναλαμδά-

2398 5432 2478 5466 νει
2506 5416 2594 5467 διά
2628 5414 2737 5467 τῶν
2762 5420 3146 5485 προκειμένων
3176 5421 3266 5470 τὸν
3302 5419 3480 5485 λόγον,
3516 5419 3857 5486 σσφηνίζων,
3899 5423 3987 5483 τίς

2399 5504 2497 5572 μὲν
2529 5504 2557 5555 ὁ
2587 5505 2694 5557 ἀπὺ
2722 5506 2858 5558 Θεοῦ
2888 5510 3213 5576 πειρασμὸς,
3266 5508 3351 5571 τίς
3378 5508 3433 5561 δὲ
3473 5511 3500 5561 ὁ
3534 5511 3661 5577 παρ’
3694 5510 3857 5578 ἡμῶν
3886 5512 3985 5563 αὖ.

2396 5595 2667 5665 Οαίρετος.
2722 5599 2869 5666 Πλὴν
2917 5599 3095 5663 καλῶς
3157 5600 3291 5669 ἔχει,
3348 5602 3440 5653 τὸν
3490 5602 3588 5671 μὲν
3627 5602 3838 5671 Κύριον
3886 5604 3984 5655 καὶ

2395 5689 2526 5742 Θεὸν
2556 5690 2691 5761 πρὸς
2721 5692 2781 5744 τὸ
2811 5693 3203 5765 ἀσθενέστερον
3228 5695 3325 5765 τῆς
3347 5695 3700 5767 ἀνθρωπίνης
3731 5697 3981 5750 ἀποσκο-
