4162 6442
706 350 835 414 1147

703 557 916 608 rabitur
946 555 1061 607 viro
1089 553 1453 608 consideranti
1483 552 1694 605 vultum
1741 549 2040 604 nativitatis
2080 564 2192 602 sua:
2219 549 2269 601 in

703 644 949 711 speculo.
989 663 1007 693 ι
1054 642 1421 695 (lonsiderare
1458 659 1475 690 ι
1513 640 1718 691 vultum
1773 637 2080 691 nativitatis
2112 654 2131 687 ›
2165 644 2269 698 est,

703 734 1057 800 semetipsum
1111 749 1207 801 per
1260 735 1432 801 legem
1478 745 1830 800 cognoscere,
1882 740 1935 783 et
1979 728 2099 781 ideo
2162 742 2271 780 non

704 828 839 879 dixit
868 824 1247 878 tantummodo
1283 843 1300 873 ι
1338 824 1567 883 vultum,
1601 842 1616 872 ι
1649 822 1741 875 sed
1780 841 1798 872 ι
1825 822 2031 874 vultum
2074 818 2274 871 nativi-

704 919 867 979 tatis;
910 937 927 967 ι
968 934 1061 985 per
1101 919 1270 986 legem
1300 916 1443 970 enim
1492 916 1779 976 discimus,
1811 914 2000 981 quales
2034 911 2145 963 nati
2179 926 2275 963 su-

704 1024 825 1062 mus
870 1017 923 1060 et
978 1009 1347 1077 intelligimus,
1399 1007 1591 1075 quales
1624 1015 1810 1075 postea
1858 1000 2160 1071 spiritualis
2194 1001 2277 1054 lex

703 1116 800 1168 per
824 1113 1073 1156 naturam
1118 1100 1557 1169 regenerationis
1588 1113 1689 1151 nos
1712 1097 1971 1151 effecerit.
1995 1095 2063 1147 At
2084 1095 2277 1147 deinde

706 1209 813 1246 non
849 1202 1263 1262 persvverantes
1295 1195 1347 1246 in
1395 1194 1497 1245 hac
1542 1193 1879 1259 inspectione
1918 1204 2011 1258 per
2043 1178 2275 1258 praxim,

704 1284 901 1353 ipsius,
946 1283 1091 1353 quod
1122 1284 1454 1352 recepimus,
1488 1281 1793 1351 Spiritualis
1835 1279 1962 1332 doni
2006 1276 2280 1331 oblivisci-

706 1391 850 1428 mur.
892 1375 995 1441 Qui
1037 1376 1182 1429 enim
1223 1392 1281 1428 se
1312 1376 1495 1444 pravis
1536 1373 1949 1443 Operationibus
1983 1370 2152 1433 dedit,
2187 1385 2281 1423 ne-

707 1484 812 1537 que
848 1468 1274 1531 beneficiorum,
1316 1468 1519 1536 quibus
1561 1482 1682 1520 eum
1727 1464 1873 1518 Deus
1930 1462 2136 1526 affecit,
2170 1477 2281 1515 am—

705 1559 847 1628 plius
880 1560 1268 1613 reminiscitur.
1305 1559 1360 1612 Si
1387 1560 1529 1611 enim
1564 1557 1823 1609 memoria
1862 1562 2095 1615 teneret,
2135 1553 2282 1623 quod

707 1666 946 1719 superne
996 1650 1291 1718 regcnitns,
1338 1649 1691 1717 jttstiﬁeatus,
1729 1655 1781 1699 et
1825 1648 1964 1700 inter
2003 1649 2143 1700 filios
2191 1646 2283 1699 Dei

706 1749 996 1809 coeptatus
1022 1740 1114 1803 sit,
1148 1739 1396 1808 profecto
1429 1753 1767 1808 nequaquam
1802 1753 1860 1790 se
1890 1738 2123 1790 traderet
2150 1752 2283 1805 ope-

1625 350 1977 409 TIIEOPHY
1990 353 2008 407 .-
2031 346 2199 407 ΛΟΤΙ
2236 344 2481 405 BllLGA
2494 346 2569 405 Ri
2586 345 2646 404 ,Ε
2687 345 3040 406 ARCHIEP.

702 465 748 516 si
783 462 907 531 quis
940 460 1158 515 auditor
1189 469 1270 515 est
1301 459 1470 520 verbi,
1502 468 1557 511 et
1590 474 1697 511 non
1729 457 1925 523 factor,
1952 459 2038 509 hic
2061 471 2282 525 compa-

2394 456 2661 524 ἀκροατὴς
2720 456 2881 523 λόγου
2932 456 3070 518 ἐστὶ,

3810 335 3949 399 1148

3160 454 3256 507 καὶ
3326 454 3387 505 οὐ
3455 451 3714 521 ποιητὴς,
3797 446 3959 511 οὗτος

2377 553 2552 603 ἔοικεν
2585 551 2737 619 ἀνδρὶ
2772 547 3124 602 κατανοοῦντι
3144 547 3206 598 τὸ
3235 545 3527 616 πρόσωπον
3557 544 3652 612 τῆς
3686 544 3962 610 γενέσεως

2377 641 2542 696 αὑτοῦ
2588 644 2644 694 ἐν
2710 641 2981 710 ἐσόπτρῳ.
3022 659 3041 691 ι
3105 668 3175 677 -
3248 656 3267 689 ι
3304 639 3601 705 Πρόσωπον
3661 639 3963 705 γενέσειιν,

2378 732 2717 806 [κατανοεῖν]
2749 751 2767 782 ι
2804 732 2866 784 τὸ
2899 732 2989 784 διὰ
3019 730 3111 783 τοῦ
3140 732 3307 796 νόμου
3342 732 3536 791 ἑαυτὸν
3558 731 3962 799 ἐπεγνωκέναι.

2379 828 2469 879 Διὸ
2498 826 2593 879 καὶ
2649 825 2727 895 τῷ
2756 842 2776 877 ε
2810 823 3089 894 προσώπῳ
3112 825 3362 893 ἐπήγαγε
3404 842 3421 873 t
3461 823 3561 891 τῆς
3605 825 3891 889 γενέσεως.
3938 841 3959 872 ι

2380 917 2480 970 Δια
2528 916 2637 986 γὰρ
2702 915 2794 968 τοῦ
2850 915 3018 983 νόμου
3064 913 3413 982 μανθάνομεν
3462 909 3565 965 οἷοι
3625 914 3962 980 γεγόναμεν,

2380 1010 2474 1062 καὶ
2505 1006 2879 1073 κατανοοῦμεν
2930 1005 3079 1067 οἴους
3125 1004 3459 1072 γενομένους
3506 1006 3535 1056 ὀ
3586 1003 3966 1071 πνευματικὸς

2380 1095 2529 1166 ἡμᾶς
2562 1096 2816 1148 ἀποτελεῖ
2861 1095 3025 1160 νόμος
3066 1094 3154 1146 διὰ
3184 1092 3279 1145 τοῦ
3321 1091 3533 1163 λυτροῦξ
3556 1093 3657 1162 τῆς
3692 1093 3966 1159 παλιγγεο

2381 1189 2585 1249 νεσίας.
2619 1184 2745 1240 Εἶτα
2788 1187 2862 1256 μὴ
2899 1186 3231 1256 ἐμμένοντες
3260 1189 3328 1256 τῇ
3357 1187 3586 1257 τοιαύτη
3617 1187 3716 1258 θέᾳ
3745 1188 3836 1240 δια
3864 1188 3970 1257 τῆς

2384 1280 2656 1349 πράξεως,
2688 1280 2783 1331 καὶ
2837 1278 2931 1330 τοῦ
2963 1278 3302 1347 χαρίσματος
3358 1279 3853 1348 ἐπιλανθανόμεθα.
3905 1280 3970 1329 '0

2385 1372 2493 1441 γὰρ
2546 1369 2813 1440 πράξεσιν
2869 1370 3110 1431 ἐκδιδοὺς
3154 1370 3347 1421 ἐαυτὸν
3400 1372 3689 1440 πονηραῖς,
3722 1371 3847 1423 οὐδέ
3878 1373 3970 1423 ὅτι

2384 1464 2750 1534 εὐηργέτηται
2806 1463 2958 1533 παρὰ
3013 1462 3107 1515 τοῦ
3139 1461 3275 1516 Θεοῦ
3329 1462 3683 1532 μνημονεύει.
3727 1465 3789 1517 Εἰ
3852 1465 3970 1534 γάρ

2386 1556 2775 1625 ἐμνημόνευεν,
2795 1556 2877 1607 ὅτι
2894 1554 3099 1609 ἀνωθεν
3116 1554 3403 1624 ἐγεννήθη,
3419 1554 3513 1607 καὶ
3536 1556 3853 1624 ἐδικαιώθη,
3871 1558 3976 1611 καὶ

2388 1646 2445 1696 ἐν
2464 1645 2597 1705 υἱοῖς
2628 1644 2881 1709 ἐλογίσθη
2908 1643 3066 1706 Θεοῦ,
3100 1645 3199 1696 οὐκ
3228 1645 3291 1697 ἂν
3325 1645 3519 1698 ἐαυτὸν
3536 1647 3819 1715 παρεδίδου
3855 1651 3977 1710 τοῖς

2388 1732 2673 1787 ἀθετοῦσιν
2690 1733 2872 1803 ἔργοις
2893 1734 3187 1803 τὴνχάριν.
3208 1734 3339 1786 Ἀπὸ
3359 1735 3416 1786 δέ
3442 1735 3532 1787 τοῦ
3554 1738 3814 1806 συνήθους
3845 1737 3981 1789 τού-

707 1833 879 1895 ribus,
911 1849 1030 1901 qua:
1063 1842 1337 1901 receptam
1370 1833 1599 1900 gratiam
1642 1832 1844 1885 delent.
1875 1832 2140 1883 Cancrum
2164 1845 2287 1899 apo-

2394 1844 2481 1878 του
2530 1829 2821 1897 ἐσόπτρου,
2861 1827 2953 1879 ἐπὶ
2973 1826 3034 1878 τὸ
3063 1826 3250 1894 νοητόν
3317 1826 3605 1896 ἔσοπτρον,
3664 1829 3976 1892 διαὸιξὰζει

707 1924 884 1977 stolus
915 1923 983 1976 ab
1024 1923 1227 1977 usitato
1270 1922 1517 1992 speculo,
1558 1922 1623 1975 ad
1673 1923 1959 1993 Spirituale
2002 1922 2283 1993 speculum

707 2030 1014 2068 sermonem
1098 2012 1467 2078 transferens,
1552 2014 1783 2067 alterum
1860 2013 2285 2083 comparationis

710 2106 1012 2160 membrum
1038 2105 1180 2159 haud
1213 2106 1483 2174 expressit
1512 2126 1525 2170 ;
1555 2106 1627 2158 ita
1659 2106 1803 2160 enim
1852 2120 1910 2159 se
1947 2106 2172 2160 haberet
2204 2107 2285 2160 in-

708 2204 859 2264 tegra
889 2196 1225 2263 comparatio
1284 2211 1297 2246 :
1360 2194 1415 2249 Si
1458 2196 1582 2265 quis
1624 2196 1840 2250 auditor
1888 2198 2022 2266 legis
2064 2206 2171 2259 cst,
2231 2206 2285 2252 et

708 2302 814 2339 non
876 2288 1068 2349 factor,
1124 2286 1213 2339 hic
1258 2286 1458 2341 similis
1511 2298 1594 2342 est
1646 2288 1850 2343 homini
1915 2289 2283 2344 consideranti

706 2381 915 2432 vultum
953 2395 1110 2433 suuut
1138 2380 1193 2436 in
1219 2380 1472 2447 speculo;
1517 2380 1979 2449 quemadmodum
2022 2382 2164 2435 enim
2198 2382 2287 2434 ille

707 2470 1076 2524 consideravit
1110 2486 1191 2531 se,
1220 2478 1271 2523 et
1300 2470 1452 2535 abiit,
1486 2480 1539 2527 et
1570 2474 1755 2525 statim
1781 2472 1983 2527 oblitus
2012 2482 2117 2536 est,
2147 2490 2285 2541 qua-

710 2563 776 2616 lis
814 2563 979 2632 328
1012 2563 1147 2631 fuit;
1180 2563 1253 2618 ita
1283 2580 1341 2619 se
1371 2566 1533 2618 habet
1564 2565 1674 2625 ille.
1724 2566 1816 2634 qui
1849 2581 1914 2619 ex
1953 2565 2069 2635 lege
2121 2565 2287 2619 Mosis

708 2652 973 2707 addidicit
1026 2654 1099 2719 id,
1146 2663 1369 2723 propter
1408 2654 1555 2724 quod
1611 2653 1791 2709 factus
1830 2656 1922 2715 sit,
1977 2670 2171 2723 nempe
2222 2657 2285 2707 al

710 2746 803 2799 llei
829 2748 1080 2816 gloriam,
1115 2758 1167 2802 et
1210 2749 1439 2819 utjuxta
1476 2749 1765 2819 imaginem
1796 2749 1889 2803 Dei
1927 2748 2149 2804 factoris
2178 2750 2285 2814 sui,

706 2847 936 2901 viveret,
971 2855 1029 2892 se
1065 2840 1264 2893 factum
1300 2856 1440 2904 esse,
1472 2841 1769 2911 cognovit;
1802 2852 1992 2910 postea
2032 2840 2166 2895 nihil
2190 2841 2288 2895 lto-

708 2950 828 2987 rum
873 2935 1021 3000 facit,
1048 2936 1140 2990 sed
1177 2937 1366 2990 eodem
1396 2936 1557 2990 modo
1594 2952 1654 2991 se
1685 2936 1847 3007 gerit,
1878 2952 1941 2991 ac
1987 2937 2078 3005 qui
2109 2936 2288 2989 consi-

706 3029 861 3081 derat
915 3028 1120 3082 vultum
1176 3044 1355 3083 suum.
1420 3028 1535 3083 Hoc
1606 3028 1771 3099 igitur
1840 3030 2182 3098 exemplum,
2233 3040 2288 3080 ιιι

707 3130 962 3189 oportere
1010 3119 1319 3182 videbatur,
1367 3120 1685 3189 neutiquam
1743 3120 1953 3189 integre
2008 3122 2288 3189 pr0posuit

710 3211 793 3264 ill:
827 3228 840 3265 :
877 3226 982 3264 non
1017 3222 1195 3265 tamen
1241 3213 1448 3282 absque
1478 3228 1642 3267 causa
1679 3231 1693 3268 ε
1731 3213 1941 3269 scilicet
1974 3213 2178 3281 aliquid
2206 3229 2291 3265 re-

711 3303 930 3357 ticendo
966 3304 1271 3357 auditorem
1304 3306 1650 3360 attctttiorem
1699 3305 1927 3359 reddere
1963 3313 2016 3357 et
2052 3304 2292 3357 excitare

710 3394 903 3457 voluit,
940 3411 1006 3449 ne
1029 3396 1204 3450 otiose
1242 3396 1343 3451 ista
1383 3397 1619 3451 audiret.
1648 3396 1767 3450 Non
1799 3397 1945 3450 enim
1986 3396 2125 3448 beati
2166 3404 2295 3447 sunt

710 3486 1021 3553 auditores;
1087 3490 1180 3542 sed
1250 3490 1342 3558 qui
1408 3490 1617 3543 auditui
1673 3488 1883 3557 praxim
1942 3489 2291 3557 adiungunt:

710 3577 1151 3647 quandoquidem
1186 3589 1241 3633 et
1274 3580 1529 3633 Pharismi
1584 3579 1807 3634 fuerunt
1830 3578 2149 3643 auditores;
2197 3579 2291 3632 sed

2388 1920 2679 1986 τὸνλόγον,
2741 1920 2907 1989 μηδὲν
2954 1921 3265 1988 ἀπενέγκας
3314 1920 3425 1972 τῶν
3478 1923 3557 1984 εἰς
3615 1922 3979 1993 παράδειγμα

2387 2014 2756 2082 ἀφοριζόντων
2808 2014 2869 2067 τὸ
2910 2014 3222 2083 εἰρημένον.
3268 2007 3396 2066 Οἷον
3443 2015 3529 2068 ἵνα
3580 2015 3709 2085 είττῃ
3750 2015 3972 2077 οὕτως·

2388 2107 2455 2160 Εἴ
2492 2124 2575 2167 τις
2639 2106 2916 2176 ἀκροατὴς
2979 2105 3144 2175 νόμου
3175 2106 3293 2158 ἐστί
3324 2106 3418 2159 καὶ
3441 2106 3507 2158 οὐ
3526 2107 3779 2176 ποιητὴς,
3812 2104 3979 2170 οὗτος

2390 2201 2566 2253 ἔοικεν
2583 2201 2737 2269 ἀνδρὶ
2766 2198 3121 2252 κατανοοῦντι
3153 2199 3215 2250 τδ
3250 2200 3542 2269 πρόσωπον
3565 2198 3735 2252 αὐτοῦ
3760 2202 3819 2252 ἐν
3850 2202 3979 2252 ἐσό-

2390 2308 2566 2359 πτρῳ.
2608 2290 2697 2351 Ὠς
2731 2290 2840 2359 γὰρ
2878 2290 3084 2352 ἐκεῖνος
3119 2292 3451 2360 κατενόησεν
3483 2290 3677 2343 ἑαυτὸν
3702 2292 3797 2344 καὶ
3860 2292 3979 2344 ἀπ-

2391 2383 2635 2452 ελήλυθε,
2662 2383 2757 2435 καὶ
2793 2381 2953 2443 εὐθὺς
2985 2382 3285 2435 ἐπελάθετο
3334 2384 3519 2446 ὁποῖος
3545 2379 3615 2454 ἦν
3640 2398 3657 2414 ⁸
3689 2384 3833 2437 οὕτω
3880 2384 3981 2437 καὶ

2390 2471 2542 2537 οὗτος
2575 2476 2602 2527 ό
2628 2474 2715 2527 aia
2740 2473 2832 2526 τοῦ
2865 2474 3127 2537 Μωῦσέος
3159 2474 3327 2544 νόμου
3361 2476 3713 2545 κατανοήσας
3736 2476 3797 2528 τὸ
3825 2475 3979 2528 διατὶ

2392 2568 2637 2637 γέγονεν,
2662 2568 2743 2620 ὅτι
2776 2567 2910 2637 πρὸς
2941 2565 3100 2631 δόξαν
3124 2567 3283 2629 Θεοῦ,
3309 2569 3402 2620 καὶ
3431 2567 3491 2620 τὸ
3515 2570 3635 2621 κατ’
3664 2569 3848 2622 εἰκόνα
3876 2588 3978 2637 γε-

2392 2658 2577 2711 νέσθαι
2607 2658 2702 2711 τοῦ
2739 2658 3104 2727 πεποιηκότος
3142 2658 3302 2723 Θεοῦ,
3338 2660 3479 2728 μετά
3510 2661 3572 2712 τὸ
3610 2662 3978 2730 κατανοῆσαι,

2360 2744 2365 2757 ’
2391 2750 2545 2803 οὐδὲν
2572 2750 2682 2803 τῶν
2717 2748 3173 2818 κατανοηθέντων
3206 2752 3521 2821 εἰργάσατο,
3560 2752 3678 2805 ἀλλ’
3707 2752 3981 2814 ὡσαύτως

2392 2842 2466 2912 τῷ
2510 2842 2863 2894 κατανοοῦντι
2920 2841 2982 2892 τὸ
3009 2842 3204 2894 ἐαυτοῦ
3240 2843 3553 2913 πρόσωπον.
3590 2844 3778 2913 Τούτῳ
3798 2844 3984 2906 οὕτως

2394 2936 2702 3005 χρήσασθαι
2728 2935 2865 2999 δέον,
2920 2936 3020 2987 οὐκ
3055 2936 3347 3006 ἐχρήσατο.
3376 2937 3488 2989 Καὶ
3513 2936 3575 2989 οὐ
3614 2937 3793 3005 μάτην
3814 2936 3985 2989 τοῦτο

2394 3030 2543 3080 ποιεῖ
2570 3028 2598 3079 ὁ
2638 3026 2962 3092 ἀπόστολος,
2990 3030 3241 3096 συνάγων
3271 3028 3362 3081 τὸν
3390 3030 3670 3100 ἀκροατὴν
3724 3031 3819 3082 καὶ⁵
3846 3047 3984 3083 συν-

2396 3119 2586 3173 τείνων
2626 3121 2704 3183 είς
2732 3119 2792 3171 τὸ
2825 3120 2899 3189 μή
2928 3120 3224 3189 παρέργως
3254 3120 3460 3173 τούτων
3489 3121 3728 3174 ἀκούειν.
3762 3122 3838 3173 Οὐ
3870 3121 3987 3191 γὰρ

2398 3214 2592 3265 ἐκεῖνοι
2624 3212 2889 3282 μακάριοι
2932 3212 2982 3264 οἱ
3036 3213 3331 3279 ἀκροαταὶ,
3368 3212 3484 3269 ἀλλ’
3540 3217 3588 3266 οἱ
3614 3214 3987 3276 συνάπτοντες

2400 3307 2466 3374 τῇ
2496 3305 2754 3372 ἀκροατει
2788 3303 2885 3372 τὴν
2920 3304 3143 3372 πρᾶξιν.
3192 3304 3343 3355 Ἐπεὶ
3371 3305 3466 3356 καὶ
3483 3307 3530 3357 οἱ
3555 3305 3991 3373 Φαρισαῖοιέγέ-

2398 3413 2553 3447 νοντο
2587 3396 2877 3464 ἀκροατα’·,
2911 3395 3025 3448 ἀλλ’
3063 3397 3186 3447 ἐπεὶ
3217 3397 3279 3449 οὐ
3316 3398 3537 3466 ποιηταὶ
3589 3393 3747 3466 ἦσαν,
3798 3399 3992 3449 οὐκέτι

2404 3487 2684 3558 μακάριοι.
2715 3507 2731 3538 t
2775 3489 3280 3558 Πλραλογιζὸμενοι
3325 3490 3573 3551 ἑαυτούς.
3604 3509 3621 3541 ι
3679 3490 3825 3546 ’.ἱντὶ
3862 3490 3987 3551 τοῦ,

2399 3578 2800 3643 ἐξαπατῶντες,
2823 3579 3296 3649 καταφρονοῦντες
3328 3583 3426 3650 τῆς
3442 3582 3653 3634 ἑαυτῶν
3680 3581 3989 3651 σωτηρίας.

714 3672 969 3739 quoniam
996 3672 1231 3727 factores
1258 3690 1365 3727 non
1400 3684 1575 3737 erant,
1606 3690 1949 3744 nequaquam
1987 3674 2132 3727 beati
2202 3682 2519 3727 evaserunt.
2563 3693 2579 3723 ε
2633 3672 2903 3730 Pallentes
2978 3676 3379 3746 vosmetipsos;
3415 3692 3433 3725 ι
3503 3674 3607 3728 hoc
3674 3683 3779 3736 est.
3836 3674 3994 3729 deci-

712 3766 924 3833 pientcs
950 3766 1333 3833 vosmetipsos,
1370 3767 1521 3835 parvi
1570 3764 1859 3835 pendendo
1889 3776 2123 3820 vestram
2157 3767 2429 3837 propriam
2458 3768 2711 3821 salutem.

787 3855 951 3910 Vens.
988 3857 1076 3909 2L
1128 3877 1145 3907 ‹
1187 3855 1568 3910 Considerarit
1608 3858 1753 3912 enim
1815 3874 1894 3922 se,
1940 3868 1994 3913 et
2043 3860 2195 3923 abiit,
2242 3870 2295 3913 et

716 3948 901 4001 statim
942 3948 1264 4002 oblitus'cst
1304 3949 1483 4017 qualis
1516 3947 1699 4003 fuerit.
1746 3969 1764 4001 ι
1803 3950 2087 4005 Auditioni
2116 3951 2296 4021 jungit

715 4039 1068 4093 oblivionem.
1114 4041 1383 4105 Quoniam
1415 4042 1480 4094 ad
1520 4046 1715 4097 animae
1754 4043 1985 4097 salutem
2021 4059 2129 4097 non
2176 4045 2289 4097 suf-

717 4130 831 4183 ficit
871 4132 1077 4184 auditio
1120 4132 1274 4201 legis,
1320 4132 1425 4187 nisi
1473 4135 1636 4186 etiam
1674 4134 1939 4203 operatio,
1982 4149 2103 4204 qum
2141 4134 2296 4188 audi-

718 4223 920 4276 tionem
956 4223 1264 4287 confirmet,
1298 4225 1686 4295 subsequatur.

789 4316 955 4370 Vens.
997 4316 1089 4369 25.
1129 4335 1145 4365 t
1174 4316 1275 4380 Qui
1315 4327 1491 4369 autem
1515 4318 1856 4386 perspexerit
1883 4318 1935 4370 in
1968 4317 2139 4386 legem
2180 4333 2297 4387 per-

719 4408 915 4461 fectam
952 4406 1245 4469 libertatis,
1276 4418 1328 4460 et
1361 4411 1721 4475 permanserit
1749 4410 1799 4462 in
1827 4426 1911 4471 ea,
1944 4425 2049 4462 nou
2080 4410 2298 4464 auditor

718 4497 1023 4551 obliviosus
1069 4497 1267 4563 factus,
1303 4499 1396 4552 sed
1437 4502 1607 4553 factor
1643 4502 1847 4568 aperis.
1892 4502 1982 4553 hic
2029 4501 2214 4556 beatus
2245 4501 2295 4553 itt

2485 3878 2503 3909 ι
2544 3856 2857 3927 Κατενόησε
2894 3856 3003 3925 γὰρ
3036 3857 3252 3920 ἐαυτὸν,
3294 3857 3390 3911 καὶ
3416 3857 3745 3926 ἀπελήλυθε,
3780 3860 3875 3911 καὶ
3898 3862 3993 3913 εὐ-

2406 3950 2542 4014 θέως
2589 3949 2885 4002 ἐπελάθετο
2926 3948 3110 4011 ὁποῖος
3156 3942 3247 4017 ἦν.
3283 3966 3301 4000 ι
3338 3950 3417 4019 Τῇ
3477 3950 3743 4020 ἀκροάσει
3777 3955 3993 4022 cavi-,4:

2403 4040 2502 4111 τὴν
2528 4040 2919 4109 ἐπιλησμονὴν,
2944 4039 3020 4101 ὡς
3044 4039 3146 4091 οὐκ
3169 4038 3447 4108 ἀρκούσης
3471 4040 3638 4110 μόνης
3666 4042 3993 4111 ἀκροάσεως

2407 4130 2573 4199 νόμου
2620 4132 2755 4199 πρὸς
2815 4129 3053 4199 ψυχικὴν
3086 4130 3386 4197 σωτηρίαν,
3445 4131 3495 4181 εί
3549 4130 3624 4200 μή
3677 4132 3772 4182 καὶ
3827 4133 3993 4201 ποίη-

2409 4241 2491 4287 σις
2522 4223 2958 4292 ἐπακολουθήσει
2998 4223 3138 4294 πρὸς
3178 4224 3470 4293 βεϐαίωσιν
3511 4224 3610 4293 τῆς
3641 4225 3990 4294 ἀκροάσεως.

2484 4335 2501 4366 t
2526 4316 2583 4367 Ὀ
2603 4315 2659 4369 δὲ
2679 4314 3011 4385 παρακύψας
3034 4316 3114 4375 είς
3136 4316 3299 4384 νόμον
3316 4314 3521 4369 τέλειον
3546 4316 3638 4367 τὸν
3657 4314 3757 4383 τῆς
3776 4316 3995 4368 ἐλευθε-

2409 4418 2530 4485 ρίας
2562 4414 2658 4467 καὶ
2677 4413 3047 4483 παραμείνας,
3076 4407 3231 4475 οὗτος
3253 4415 3355 4465 οὑκ
3376 4411 3655 4482 ἀκροατὴς
3686 4414 3992 4481 ἐπιλησμο-

2406 4505 2500 4573 νῆς
2519 4504 2830 4572 γενόμενος,
2845 4502 2981 4556 ἀλλά
2995 4501 3223 4573 ποιητὴς
3242 4502 3429 4572 ἔργου,
3458 4496 3613 4561 οὗτος
3638 4505 3915 4574 μακάριος
3935 4508 3993 4573 ἐν

721 4589 867 4643 facto
896 4604 997 4643 suo
1020 4590 1145 4643 erit.
1183 4610 1201 4641 ι
1231 4619 1301 4629 -
1328 4609 1345 4640 ι
1384 4590 1487 4655 Qui
1523 4593 1861 4659 perspexerit
1895 4591 1994 4659 (9),
2040 4610 2057 4642 ι
2096 4592 2287 4661 inquit,

2402 4597 2467 4664 τῇ
2518 4594 2737 4663 ποιήσει
2760 4592 2930 4646 αὑτοῦ
2949 4593 3124 4646 ἔσται.
3160 4612 3180 4645 ι
3217 4611 3325 4643 —t
3357 4591 3719 4662 Παρακὺψας,
3753 4614 3771 4644 ι
3809 4591 3992 4657 εἶπεν,

718 4692 927 4743 etnon,
967 4680 1066 4746 Qui
1104 4682 1384 4751 ingressus
1428 4681 1608 4736 fuerit.
1659 4682 1974 4751 Spiritualis
2020 4684 2295 4750 enimlcx,

720 4792 844 4829 eum
882 4776 1084 4842 ubique
1120 4774 1377 4827 eximiqu
1402 4782 1451 4829 et
1486 4790 1739 4843 magnum
1774 4776 1902 4844 qttid
1932 4775 2201 4843 pneferat,
2232 4793 2295 4830 ex

720 4866 933 4917 tuodica
958 4865 1119 4917 etiam
1152 4866 1236 4919 sui
1285 4866 1724 4920 consideratiOne
1783 4877 1959 4935 potest
2003 4868 2300 4935 quemlibet

722 4955 785 5007 ad
815 4972 872 5007 se
896 4956 1066 5024 ipsam
1090 4957 1330 5010 allicere.
1365 4958 1662 5025 Postquam
1691 4974 1817 5012 vero
1856 4957 2016 5021 dixit,
2051 4980 2067 5010 ι
2101 4959 2297 5023 Legem

723 5047 1044 5114 perfectam,
1081 5066 1098 5097 ι
1140 5047 1346 5111 subdit,
1380 5067 1396 5097 t
1437 5048 1726 5112 libertatis,
1769 5068 1785 5098 ι
1822 5056 1880 5100 ιιι
1914 5049 2096 5117 ipsius
2135 5050 2300 5103 liber-

727 5138 849 5190 tatis
880 5138 1061 5191 dotem
1113 5139 1467 5207 siguilicarvt.
1522 5138 1626 5193 Lex
1680 5141 1825 5193 enim
1872 5140 2067 5195 Christi
2117 5156 2240 5193 cum
2275 5156 2303 5192 a

728 5231 1013 5293 Servitute,
1042 5246 1161 5299 qua:
1201 5232 1502 5285 secundum
1552 5247 1773 5285 carnem
1823 5245 1929 5295 ρει,
1970 5231 2306 5296 liberaverit,

729 5323 1074 5376 accedentem
1101 5323 1164 5376 ad
1188 5339 1246 5377 se
1272 5325 1325 5377 iu
1358 5326 1603 5377 libertate
1632 5325 1920 5377 constituit
1950 5340 1962 5374 :
1993 5340 2102 5392 quo
2137 5325 2303 5376 illicio

728 5430 851 5468 cum
892 5418 1239 5469 attentiorem
1285 5418 1484 5477 reddit,
1526 5428 1689 5485 atque
1740 5419 1806 5471 ab
1854 5420 2148 5481 oblitiotte,
2182 5432 2302 5485 qua:

732 5505 873 5558 bona
898 5510 1076 5559 omnia
1114 5508 1437 5576 corrumpit,
1479 5508 1691 5561 liberat.

2408 4686 2527 4738 ἀλλ’
2551 4685 2672 4749 οὐκ,
2700 4684 2973 4738 Εἰσελθὼν
3001 4702 3016 4716 ·
3065 4688 3094 4739 ὁ
3124 4686 3236 4753 γὰρ
3294 4688 3667 4756 πνευματικὸς
3706 4686 3895 4755 νόμος,
3931 4688 3995 4737 το

2411 4778 2603 4847 ἐφετὸν
2640 4780 2916 4849 πανταχοῦ
2936 4781 3029 4833 καὶ
3061 4781 3354 4850 μεγαλεῖον
3376 4782 3539 4851 ἔχων,
3572 4783 3667 4833 καῖ⁵
3688 4780 3787 4834 ἀπ’
3818 4781 3995 4847 αὐτῆς

2408 4870 2508 4937 τῆς
2541 4870 2800 4939 βραχείας
2829 4872 3081 4940 ἐντυχίας
3126 4866 3272 4924 οἶδεν
3305 4871 3656 4940 ἐφέλκεσθαι,
3693 4872 3881 4924 Εἰπὼν
3910 4872 3990 4937 δὲ,

2417 4982 2435 5016 ο
2468 4965 2652 5033 Νόμον
2696 4964 2921 5030 τέλειον,
2959 4984 2977 5015 ι
3045 4966 3340 5035 ἐπήνεγκε,
3381 4985 3397 5017 t
3440 4967 3540 5035 τῆς
3595 4965 3933 5033 ἐλευθερίας,
3968 4984 3992 5016 ν

2412 5059 2510 5128 τὴν
2542 5058 2857 5129 ἐλευθερίαν
2885 5059 3160 5128 ἐπίσημον
3189 5058 3350 5111 αὐτοῦ
3387 5057 3730 5127 ποιούμενος.
3777 5056 3840 5109 Ὀ
3883 5059 3995 5123 γὰρ

2416 5151 2559 5203 κατά
2598 5150 2834 5220 Χριστὸν
2855 5151 3022 5212 νόμος
3054 5150 3150 5219 τῆς
3188 5166 3250 5201 πε
3264 5150 3315 5220 pl.
3340 5150 3438 5220 τὴν
3467 5150 3645 5218 σάρκα
3672 5147 3995 5213 ἀπαλλάξας

2416 5242 2681 5306 δουλείας,
2714 5243 2770 5294 ἐν
2799 5241 3085 5313 ἐλευθερίᾳ
3104 5246 3194 5293 τὸν
3218 5242 3512 5311 προσιόντα
3547 5240 3863 5311 καθίστησι,
3902 5243 3996 5292 καὶ

2413 5334 2499 5386 διὰ
2531 5334 2590 5386 τὸ
2618 5335 2946 5405 ἐλευθέριον,
3004 5336 3099 5386 καὶ
3131 5334 3493 5404 προσεκτικδν
3538 5333 3839 5401 είργάσατο
3869 5331 3990 5383 τοῦ·

2413 5438 2527 5485 τον,
2561 5425 2651 5476 καὶ
2681 5427 2774 5493 τῆς
2811 5423 3218 5493 ὶυμαινομένης
3246 5424 3421 5476 ᾶπασι
3451 5424 3563 5484 τοῖς
3599 5422 3783 5485 καλοῖς
3811 5420 3991 5490 ἀπῄλ-

2413 5511 2573 5577 λαξεν
2605 5514 2998 5582 ἐπιλησμονῆς.

1971 5623 2265 5683 flonifncii
2308 5623 2528 5686 Finetti
2582 5634 2769 5687 uotae.

804 5722 884 5790 (9)
927 5718 1165 5774 Verbum
1198 5722 1789 5796 napazdztwpropric
1820 5724 2114 5796 siguili:at,
2136 5724 2301 5776 obiter
2336 5733 2384 5775 et
2406 5738 2496 5791 per
2523 5735 2862 5779 tt'unumum
2894 5729 3125 5790 intueri;
3174 5729 3263 5781 cui
3338 5724 3732 5796 signiﬁcationi
3809 5727 3989 5779 nititur

735 5806 971 5863 sequens
1001 5794 1447 5848 commentatoris
1476 5792 1895 5847 animadversio.
