4162 6442
168 414 309 481 1149

989 418 1394 478 EXPOSITIU
1431 417 1510 476 IN
1543 415 1783 476 EPIST.
1819 416 1882 476 S.
1909 415 2190 476 J.\COBI-
2223 443 2289 452 —
2324 419 2480 478 CAP.
2538 420 2581 478 1.

3301 416 3435 482 1150

241 546 265 580 ο
305 527 475 589 Εῖτις
511 527 657 578 δοκεῖ
701 525 940 596 θρῆσκος
971 521 1109 578 εἶναι
1151 528 1206 578 ὲν
1239 524 1388 595 ὑμῖν,
1431 524 1504 594 μὴ
1567 523 1747 592 χαλινο

1925 523 2093 580 Vens.
2129 527 2216 579 26.
2265 545 2282 576 ι
2320 526 2381 580 Si
2412 527 2539 596 quis
2580 534 2762 580 amem
2795 535 2966 596 putat,
3009 541 3069 581 se
3117 528 3428 598 religiosum

160 623 392 690 αγαγῶν
416 621 670 688 γλῶσσαν
701 619 920 681 ἑαυτοῦ,
957 619 1071 671 ἀλλ’
1107 619 1334 672 ἀπατῶν
1371 618 1596 687 καρδίαν
1621 618 1746 668 ὲαυ·

155 714 279 778 τοῦ,
352 713 545 765 τούτου
631 713 860 782 μάταιος
957 713 984 782 ἡ
1044 712 1403 782 θρησκεία.»
1496 707 1747 778 Θρῆσκός

159 809 278 860 ὲστι
325 806 480 875 παρά
524 804 801 868 Ἰουδαίοις
835 807 862 857 6
900 804 1083 856 πίστιν
1148 803 1287 871 ἔχων
1348 803 1405 853 ἐν
1457 800 1636 870 ἔργοις
1669 798 1746 868 τῷ

153 900 338 953 δοκεῖν
372 898 803 967 ἀδημοσίευτον·
838 897 936 950 καὶ
967 895 1154 966 ἐπειδὴ
1193 895 1336 964 μέγα
1383 893 1646 963 ἐφρόνουν
1698 892 1746 943 οἱ

156 991 416 1043 Ἰουδαῖοι
448 993 568 1052 ταῖς
604 989 1046 1058 παρατηρήσεσι,
1082 989 1176 1040 καὶ
1202 988 1262 1039 ὲν
1296 989 1519 1048 ταύταις
1547 985 1605 1037 τὸ
1637 986 1746 1036 πᾶν

155 1084 254 1151 τῆς
291 1083 422 1150 περὶ
448 1081 581 1133 θεὸν
617 1081 898 1142 εὐσεϐείας
947 1078 1248 1146 κατορθοῦν
1281 1076 1470 1147 ᾤοντο,
1494 1077 1588 1129 καὶ
1619 1077 1747 1144 περὶ

156 1171 363 1232 ταύτας
389 1171 776 1239 ἀσχολούμενοι
805 1170 995 1237 μόνας,
1016 1170 1197 1230 αὐτοῖς
1215 1169 1273 1220 τδ
1299 1169 1568 1238 μακάριον
1589 1184 1748 1237 περι-

158 1265 340 1313 ποιεῖν
396 1262 737 1328 ὲλογίζοντο·
801 1262 932 1331 πρὸς
968 1261 1024 1312 δὲ
1075 1262 1199 1324 τοὺς
1224 1261 1418 1320 ἄλλους
1458 1261 1714 1314 ὀνειδιστι

158 1349 410 1419 κώτερον
435 1350 718 1414 διέκειντο,
746 1349 820 1412 ὡς
850 1351 1006 1417 δῆλον
1031 1352 1138 1403 ἀπὸ
1171 1350 1264 1404 τοῦ
1299 1353 1354 1404 ἐν
1391 1352 1748 1419 Εὑαγγελίοις

155 1442 485 1510 Φαρισαίου,
524 1442 617 1493 καὶ
654 1435 728 1493 ὧν
779 1443 906 1512 περὶ
958 1441 1054 1494 τοῦ
1108 1442 1338 1495 τελώνου
1389 1442 1746 1512 ἀπηνθαδιὲ-

160 1549 303 1584 σατο
324 1548 338 1561 ο
371 1532 574 1600 ταύτην
595 1532 692 1604 τὴν
721 1533 896 1603 οἴησιν
917 1534 1298 1586 καταστέλλων
1330 1536 1357 1586 ὀ
1379 1535 1672 1595 ἀπόστολος
1686 1536 1746 1586 τδ

158 1624 529 1694 προκείμενόν
562 1642 728 1694 φησιο
771 1625 1030 1694 μνησθεὶς
1065 1625 1172 1696 γὰρ
1228 1644 1245 1675 ι
1277 1625 1501 1694 ποιητοῦ
1545 1625 1744 1695 ἔργων,

161 1717 260 1768 καὶ
292 1717 609 1786 μακαρίσας
638 1716 825 1776 αὑτὸν,
854 1717 1248 1786 ἐπανορθοῦται
1295 1716 1454 1777 εὐθὺς
1490 1718 1582 1781 καὶ
1611 1718 1669 1769 τ),
1691 1719 1748 1770 ὲν

159 1812 226 1880 τῇ
281 1811 500 1880 ποιήσει
553 1810 706 1880 παρά
737 1812 850 1871 τοῖς
884 1809 1098 1871 πολλοῖς
1155 1809 1526 1878 ἐπιφυόμενον
1556 1811 1744 1876 κακὸν,

153 1901 249 1957 καί
284 1919 472 1970 φησιν,
497 1903 578 1955 ὃτι
605 1903 698 1972 Μὴ
745 1901 1118 1971 ὑπολάμϐανε,
1149 1903 1177 1954 6
1212 1902 1319 1954 ἀπὸ
1349 1903 1447 1970 τῆς
1477 1903 1748 1965 ποιήσεως

151 1993 250 2047 τοῦ
273 1994 443 2062 νόμου
468 1993 673 2063 αὐχῶν,
709 1993 772 2045 τὸ
806 1997 1078 2061 μακάριον
1102 1993 1239 2046 κατά
1268 1994 1436 2063 μόνην
1471 1997 1569 2063 τὴν
1593 1996 1747 2064 ποίης

155 2101 244 2140 σιν
276 2085 445 2154 ἔχειν.
486 2087 560 2138 Οὐ
596 2087 703 2155 γὰρ
734 2085 1031 2138 ἀποδεκτὸν
1061 2085 1220 2138 τοῦτο
1262 2087 1412 2156 Θεῷο
1447 2087 1561 2140 ἀλλ’
1603 2089 1746 2141 ἐκεῖ·

155 2195 248 2237 νος
281 2177 607 2240 ἀποδεκτος,
643 2179 670 2230 6
704 2179 874 2232 ποιῶν
909 2179 1030 2248 μὲν,
1079 2181 1154 2249 μὴ
1178 2179 1236 2243 ἐξ
1267 2182 1495 2250 οἰήσεως
1521 2181 1576 2234 δὲ
1607 2183 1746 2233 ὀνειο

152 2269 416 2332 διστικῶς
451 2274 564 2335 τοῖς
600 2271 676 2340 μὴ
707 2271 920 2325 ποιοῦσι
952 2272 1272 2342 φερόμενος.
1300 2273 1374 2325 Τὸ
1412 2273 1494 2337 δὲ,
1538 2292 1556 2323 ι
1579 2275 1746 2326 Ἀπα-

153 2360 266 2413 τῶν
297 2361 529 2431 καρδίαν
565 2362 782 2424 ἑαυτοῦ,
821 2382 840 2414 ι
875 2364 1062 2428 οἱονεὶ,
1095 2365 1430 2435 Κατάγχων,
1455 2368 1551 2419 καὶ
1571 2367 1645 2434 μὴ
1685 2368 1742 2431 ἐξ

154 2453 392 2522 οἰήσεως
451 2454 526 2516 ὡς
556 2473 574 2506 ι
628 2455 858 2526 ποιητὴς
894 2455 1059 2524 νόμον
1101 2473 1119 2506 ι
1173 2456 1401 2509 ἀπατῶν
1441 2458 1746 2526 συνείδησιν

156 2544 354 2598 αὑτοῦ.
389 2544 562 2598 Τοῦτο
585 2547 748 2615 γάρή
778 2546 974 2616 καρδία
1006 2545 1255 2614 βούλεται
1287 2547 1522 2602 ἐνταῦθα
1545 2550 1748 2618 σημαίο

155 2654 295 2703 νειν,
323 2638 400 2701 ὡς
437 2639 529 2690 καὶ
557 2639 614 2688 ἐν
642 2639 744 2707 τῷ,
777 2657 796 2688 ι
849 2639 1093 2709 Καρδίαν
1148 2643 1622 2710 συντετριμμένην
1653 2641 1748 2693 καὶ

155 2731 660 2801 τεταπεινωμένην.
701 2750 719 2782 ι

1855 633 1999 682 esse,
2032 634 2138 672 non
2173 618 2462 674 refrenans
2505 618 2746 688 linguam
2791 634 2971 683 suam,
3016 617 3114 672 sed
3163 619 3431 673 seducens

1854 725 1952 765 cor
1991 726 2150 766 suum
2183 752 2196 773 ,
2253 711 2420 781 ltujus
2514 725 2652 763 vana
2698 719 2778 764 est
2845 710 3056 780 religio.
3097 727 3115 761 ι
3194 709 3432 779 Religio-

1854 821 1950 860 sus
1982 804 2311 859 censebatur
2345 802 2485 872 apud
2522 801 2766 864 Judaaos,
2792 804 2885 869 qui
2919 801 3079 855 fidem
3114 799 3428 854 habebatin

1854 895 2115 964 operibus
2151 893 2266 963 (10)
2307 899 2599 962 propterea
2640 891 2785 961 quod
2819 891 2865 944 is
2907 893 2989 943 vir
3018 890 3159 944 baud
3195 889 3433 959 vulgaris

1855 986 2189 1043 conditionis
2237 985 2535 1039 videretur.
2578 984 2645 1038 Et
2699 985 2962 1054 quoniam
3006 982 3174 1036 Judaei
3213 993 3434 1052 propter

1857 1080 2054 1151 legales
2093 1079 2476 1135 observantius
2502 1077 2569 1132 de
2594 1093 2653 1132 se
2683 1077 2971 1147 magnitice
2998 1076 3330 1138 sentiebant,
3375 1075 3428 1126 in

1854 1174 2043 1243 eisque
2083 1188 2300 1225 omnem
2331 1185 2458 1239 erga
2497 1169 2666 1222 Deum
2711 1170 2964 1236 pietatem
2998 1169 3160 1222 sitam
3182 1181 3306 1220 esse
3332 1182 3433 1234 pu—

1856 1263 2085 1323 taliaut;
2118 1261 2366 1328 adeoque
2401 1259 2508 1312 illis
2546 1257 2927 1311 tantummodo
2955 1270 3177 1324 operam
3213 1255 3431 1314 dantes.

1855 1369 1913 1408 se
1937 1352 2328 1407 beatitudinem
2356 1360 2712 1405 assccuturos
2741 1346 3184 1405 arbitrabantur.
3221 1355 3272 1400 et
3291 1344 3432 1399 alios

1854 1447 2094 1516 superbe
2118 1445 2496 1513 despiciebant
2531 1458 2595 1496 ac
2629 1441 3039 1512 vituperabant,
3103 1447 3165 1492 ut
3195 1446 3341 1506 patet
3368 1453 3434 1492 ex

1857 1542 1923 1597 iis
1948 1555 2068 1612 qua:
2099 1539 2410 1592 Pliarismns
2437 1535 2738 1604 Evangelii,
2777 1535 3042 1588 adversus
3079 1531 3434 1601 publicanum

1855 1645 2178 1704 arroganter
2210 1631 2437 1701 protulit
2485 1646 2498 1681 :
2535 1642 2781 1682 errorem
2828 1627 2974 1680 hunc
3018 1633 3076 1678 ut
3103 1625 3438 1678 convelleret

1857 1727 2157 1794 apostolus,
2191 1726 2352 1777 allata
2389 1723 2553 1777 verba
2620 1721 2781 1775 dixit.
2836 1718 2974 1774 Cum
3019 1717 3166 1772 enim
3209 1713 3436 1769 factoris

1855 1835 2082 1890 operum
2156 1817 2490 1872 mentionem
2566 1815 2822 1876 fecisset,
2882 1825 3120 1882 cumque
3215 1810 3436 1864 beatum

1785 1907 1822 1960 Β
1856 1910 2232 1981 praedicasset,
2273 1908 2461 1965 statim
2512 1905 2744 1976 corrigit
2783 1903 3012 1967 malum,
3063 1901 3210 1970 quod
3241 1897 3440 1954 exinde

1854 2002 2019 2073 329
2046 2003 2299 2070 cuiquam
2346 1997 2606 2053 subnasci
2638 2002 2840 2065 potest,
2885 1991 3115 2062 perinde
3149 2005 3214 2044 ae
3256 1990 3303 2044 si
3353 1989 3440 2041 di-

1853 2105 2002 2152 ceret
2034 2111 2048 2147 :
2079 2094 2157 2149 Ne
2193 2104 2374 2160 putes,
2409 2092 2724 2160 quicunque
2754 2102 2816 2139 es
2859 2085 3120 2154 operibus
3157 2081 3296 2151 legis
3323 2079 3438 2146 glo-

1855 2189 2038 2246 riaris,
2075 2193 2127 2238 te
2170 2186 2389 2237 beatum
2441 2189 2664 2249 propter
2701 2175 3015 2245 bujusmodi
3056 2187 3224 2241 opera
3266 2170 3383 2222 fore
3419 2184 3432 2220 :

1853 2292 1964 2330 non
2013 2275 2158 2328 t-nim
2195 2275 2298 2326 hoc
2345 2273 2485 2326 satis
2534 2277 2640 2332 est,
2688 2276 2747 2321 ut
2773 2273 3032 2334 acceptus
3065 2263 3143 2318 sis
3181 2263 3308 2314 Deo.
3342 2259 3436 2311 Ille

1854 2369 2002 2423 enim
2046 2375 2305 2434 acceptus
2355 2360 2734 2418 tantummodo
2785 2368 2895 2421 est,
2943 2355 3037 2426 qui
3081 2369 3204 2409 cum
3266 2351 3436 2406 multa

1853 2461 1994 2516 bona
2025 2467 2307 2529 operetur,
2359 2471 2470 2510 non
2498 2463 2681 2508 tamen
2708 2451 2918 2505 idcirco
2941 2463 3005 2503 ex
3039 2460 3180 2500 vana
3211 2444 3297 2499 sui
3329 2445 3441 2499 exi-

1853 2553 2172 2608 stimatione
2197 2550 2437 2620 despicit
2481 2547 2644 2610 alios,
2679 2544 2772 2612 qui
2811 2542 3005 2597 eadem
3044 2555 3154 2594 non
3201 2551 3438 2608 operan-

1855 2652 1967 2697 tur.
2019 2643 2156 2696 lllud
2207 2651 2391 2695 autem
2429 2657 2446 2690 ι
2485 2635 2774 2692 Sedueens
2828 2650 2927 2690 cor
2959 2652 2979 2685 ι
3016 2629 3438 2700 intelligendum

1855 2743 1963 2796 est,
1993 2747 2058 2786 ac
2095 2731 2143 2785 si
2176 2731 2408 2793 diceret,
2455 2727 2747 2796 Jugulans.
2787 2733 2844 2778 et
2880 2738 2947 2776 ex
2992 2720 3160 2774 animi
3201 2718 3441 2772 elatione

159 2831 425 2892 tanquam
469 2844 488 2876 ι
529 2826 702 2878 factor
745 2824 902 2894 legis,
953 2843 973 2877 ι
1017 2824 1302 2894 decipiens
1346 2826 1745 2880 conscientiam
1787 2841 1984 2893 suam;
2031 2827 2176 2880 hanc
2206 2827 2354 2878 enim
2405 2822 2510 2878 hoc
2560 2823 2682 2876 loco
2752 2818 3026 2890 signiﬁcat
3068 2829 3186 2880 cor,
3253 2828 3447 2884 quem-

157 2915 458 2970 admodum
491 2929 697 2971 etcum
748 2916 953 2970 dicitur
979 2916 1023 2946 “
1059 2933 1074 2969 :

237 3031 259 3064 ι
299 3013 584 3081 Θρησκεία
633 3013 852 3082 καθαρά
882 3013 974 3064 καὶ
1025 3012 1284 3081 ἀμίαντος
1330 3012 1482 3082 παρά
1511 3013 1629 3082 θεῷ
1660 3013 1754 3068 καὶ

161 3105 342 3175 Πατρὶ
396 3105 537 3172 αὕτη
590 3104 756 3169 ἐστιν,
793 3105 1192 3157 ἐπισκέπτεσθε
1220 3105 1384 3176 [υιιιςι.
1413 3136 1483 3146 —
1507 3105 1622 3177 θαι]
1651 3107 1749 3175 ὀρ-

159 3196 366 3263 φανοὺς
396 3196 490 3248 καὶ
518 3195 692 3265 χήρας
717 3196 774 3248 ὲν
801 3197 869 3264 τῇ
902 3194 1078 3262 θλίψει
1106 3197 1304 3248 αὐτῶν.
1347 3214 1364 3244 ι
1400 3195 1465 3246 ’11
1487 3195 1752 3264 θρησκεία

159 3288 326 3341 πλέον
355 3304 408 3340 τι
442 3288 590 3340 δοκεῖ
627 3289 727 3355 τῆς
769 3289 1005 3348 πίστεως
1046 3287 1209 3356 ἔχειν.
1266 3289 1522 3358 Κρνψίων
1580 3287 1744 3338 τινῶν

1117 2935 1135 2968 ι
1179 2916 1290 2971 Cor
1322 2918 1652 2979 eontritmu,
1689 2928 1744 2971 et
1781 2919 2149 2972 bumiliatum.
2180 2935 2200 2967 ι

1933 3014 2100 3067 Vens.
2129 3011 2222 3066 97.
2262 3029 2281 3064 ι
2317 3008 2533 3079 Religio
2572 3006 2801 3067 munda,
2828 3013 2886 3059 et
2925 3000 3276 3057 immaculata
3300 2998 3444 3062 apud

1856 3105 2026 3160 Deum
2049 3113 2108 3158 et
2155 3103 2372 3158 Patrem
2405 3103 2520 3156 haec
2553 3110 2661 3166 est,
2710 3098 2937 3152 visitare
2980 3096 3222 3166 pupillos
3279 3101 3335 3145 et
3364 3093 3444 3143 vi-

1852 3198 1992 3252 duas
2021 3197 2074 3250 iu
2116 3195 2478 3250 tribulatione
2522 3207 2739 3247 eorum.
2772 3209 2792 3242 ›
2826 3186 3110 3260 Θρησκεία
3160 3191 3178 3256 (
3215 3183 3440 3252 religio)

1854 3291 1977 3362 plus
2024 3289 2236 3358 aliquid
2279 3287 2581 3357 importare
2626 3283 2869 3346 videtur,
2911 3295 3076 3351 quam
3121 3279 3280 3332 fides.
3325 3275 3443 3329 Vos

160 3377 370 3446 γνῶσιν
399 3376 507 3444 γὰρ
545 3377 604 3428 τὸ
626 3376 798 3445 ὄνομα
827 3376 1246 3441 ἐπαγγέλλεται,
1292 3377 1383 3428 καὶ
1421 3377 1748 3444 βεϐαιότητα

1856 3382 2000 3435 enim
2030 3380 2344 3449 liujusmodi
2381 3377 2728 3432 occultorum
2780 3373 3034 3429 notitiam
3086 3372 3334 3432 denotat,
3369 3369 3444 3422 si-

161 3469 276 3521 τῶν
311 3468 456 3522 κατά
488 3467 674 3519 πίστιν
731 3467 1202 3539 ἐνθεωρουμένων.
1235 3467 1334 3520 Διά
1363 3468 1576 3520 τοιοῦτο
1601 3470 1693 3520 καὶ
1725 3469 1751 3518 ὁ

162 3559 492 3621 Ἀπόστολος
523 3562 587 3627 τῇ
631 3559 773 3622 λέξει
807 3559 978 3629 ταύτῃ
1006 3560 1298 3628 ἐχρήσατο,
1344 3577 1362 3610 ι
1417 3559 1688 3628 Θρῆσκος,
1729 3579 1747 3608 ι

160 3654 358 3719 εἰπὼν,
414 3653 604 3723 ὥσπερ
642 3657 688 3706 εἰ
727 3654 876 3720 ἕλε-,ιε
901 3669 914 3682 ·
965 3652 1218 3722 Γνὼστην
1263 3652 1456 3705 ἑαυτὸν
1506 3655 1607 3705 οἴει
1646 3653 1753 3705 τῶν

161 3749 501 3817 ἀπορρήτων
554 3748 610 3797 ἐν
657 3746 732 3814 τῷ
762 3747 911 3815 νόμῳ
945 3745 1038 3798 καὶ
1065 3745 1272 3816 ἀκριϐῆ
1314 3743 1552 3812 φύλακα.
1591 3746 1746 3808 11ὦς,

159 3837 222 3902 ὃς
256 3837 360 3907 τὴν
393 3837 645 3904 γλῶσσαν
686 3837 786 3888 ιὺκ
829 3837 1122 3890 ἐπίστασαι
1159 3837 1576 3906 χαλιναγωγεῖν,
1625 3855 1755 3890 κατ-

161 3933 394 4000 ηγορεῖς
425 3929 518 3981 τοῦ
551 3930 800 3998 πλησίον,
835 3932 924 3982 καὶ
948 3931 1334 4000 ὑπεροπτικῶς
1362 3930 1627 3993 διαϐιοὺς,
1662 3932 1753 3982 οῦς

163 4021 291 4074 δένα
325 4020 434 4072 τῶν
484 4021 839 4090 ἀπορούντων
879 4021 1167 4088 οἰκτείρεις
1192 4035 1205 4048 ’
1239 4020 1334 4072 τοῦ
1389 4020 1557 4088 νόμον
1611 4021 1751 4089 μήτε

164 4113 259 4166 τὸν
296 4111 709 4164 καταλαλοῦντα
742 4112 1130 4180 προσιεμένου,
1175 4112 1312 4164 ἀλλὰ
1349 4116 1439 4163 καὶ
1481 4115 1606 4170 τοὶ-ς
1664 4115 1755 4182 ἐχ-

167 4205 337 4275 Θροίις
377 4204 670 4272 οἰκτείρειν
730 4203 1074 4266 κελεύοντοςς
1134 4205 1304 4274 Εἴπερ
1369 4201 1460 4256 οῦν
1523 4200 1753 4274 θρῗχσκα

163 4291 310 4350 εἷναι
361 4296 568 4363 βούλει,
600 4295 674 4364 μὴ
713 4298 770 4348 ὲν
828 4299 892 4365 τῇ
925 4297 1230 4363 ἀναγνώσει
1277 4295 1374 4348 τοῦ
1419 4297 1584 4364 νόμον
1637 4297 1756 4346 ἐπι-

161 4393 420 4446 δείκνυσο
445 4394 538 4445 τὸν
567 4393 832 4463 θρῆσκον.
879 4393 995 4445 ἀλλ’
1035 4395 1092 4445 ἐν
1126 4395 1191 4462 τῇ
1228 4395 1462 4462 ποιήσει.
1503 4391 1672 4444 Τοῦτο
1699 4389 1755 4442 δέ

164 4488 309 4546 ἐστι.
375 4485 437 4538 τὸ
466 4486 590 4547 τοῦς
653 4485 884 4554 πλησίον
923 4486 1240 4553 οἰκτείρειν.
1278 4484 1335 4537 Ὀ
1397 4487 1504 4554 γὰρ
1537 4488 1616 4547 είς
1661 4487 1754 4537 τὸν

165 4577 405 4647 πλησίον
438 4578 754 4648 οῖκτειρμος
799 4577 1136 4646 ἀφομοίωσίς
1164 4579 1277 4628 ἐστι
1301 4578 1436 4646 πρὸς
1470 4576 1561 4627 τὸν
1595 4578 1752 4631 Θεόν.

173 4691 192 4724 ι
230 4671 460 4724 Γίνεσθε
493 4671 623 4740 γὰρ,
653 4672 841 4740 φησὶν,
874 4669 1242 4738 οἰκτίρμονες,
1267 4668 1344 4729 ὡς
1379 4672 1474 4722 καὶ
1503 4672 1530 4722 ὁ
1567 4669 1758 4739 Πατὴρ

1858 3474 2078 3540 mulque
2109 3474 2162 3524 in
2200 3473 2290 3535 iis,
2327 3485 2448 3539 quae
2480 3483 2582 3539 per
2603 3467 2762 3521 fidem
2805 3473 3238 3534 cognoscuntur,
3273 3459 3448 3514 firmi-

1856 3574 2022 3620 tatem
2054 3565 2190 3630 (ll).
2225 3561 2437 3617 Idcirco
2482 3563 2649 3617 etiam
2689 3561 2973 3630 apostolus
3013 3558 3115 3610 liae
3144 3571 3278 3610 voce
3311 3570 3444 3607 usus

1855 3667 1960 3716 est.
1999 3674 2018 3706 ι
2060 3655 2398 3726 Religiosum
2434 3674 2452 3705 ι
2499 3654 2739 3718 dicens;
2787 3667 2852 3705 ac
2904 3651 2949 3704 si
2982 3649 3212 3712 diceret,
3247 3644 3448 3716 Cogni-

1858 3757 2032 3801 torem
2086 3755 2139 3800 te
2175 3759 2336 3815 putas
2363 3758 2694 3799 arcanormn
2730 3743 2888 3811 legis,
2916 3749 2970 3794 et
3010 3737 3312 3810 perfectqu
3348 3735 3447 3790 ob-

1859 3850 2218 3893 servatoretn.
2258 3837 2365 3891 Sed
2403 3835 2722 3906 quomodo,
2775 3834 2824 3889 si
2862 3833 3110 3903 linguam
3160 3840 3309 3884 tuam
3342 3827 3450 3884 frc-

1859 3947 1990 3984 nare
2020 3945 2130 3984 non
2162 3932 2373 3992 valens,
2419 3928 2672 3998 proximo
2700 3936 2794 3980 tuo
2817 3923 3152 3978 conviciaris
3180 3961 3195 3986 ,
3225 3933 3280 3976 et
3321 3935 3448 3974 cum

1860 4023 2007 4077 fastu
2037 4025 2252 4083 vivens.
2282 4022 2645 4089 indigentium
2699 4034 2807 4072 non
2847 4017 3154 4076 misereris,
3201 4031 3324 4070 cum
3365 4015 3446 4068 les

1859 4111 2152 4180 ncqnidem
2201 4111 2591 4180 obloquentem
2642 4107 2801 4164 ferat.
2868 4115 2923 4160 et
2986 4109 3230 4176 ipsorum
3279 4105 3444 4159 etiam

1860 4204 2210 4258 inimicorum
2245 4219 2348 4256 nos
2380 4201 2630 4256 misereri
2664 4199 2982 4269 praecipiat?
3031 4198 3087 4252 Si
3126 4198 3288 4267 igitur
3322 4197 3448 4251 reli-

1858 4300 2048 4368 giosus
2094 4313 2218 4352 esse
2253 4299 2359 4358 vis,
2396 4312 2507 4350 non
2546 4297 2601 4350 in
2650 4296 2885 4350 lectione
2915 4293 3075 4364 legis,
3111 4293 3206 4348 sed
3240 4293 3293 4345 in
3319 4307 3449 4360 epe-

1862 4392 2074 4446 ratione
2125 4390 2443 4459 religionem
2479 4399 2628 4443 tuam
2673 4388 2979 4448 ostendito,
3043 4386 3189 4454 quod
3227 4385 3447 4454 pozissi-

1861 4499 2008 4537 mum
2051 4485 2110 4538 fit
2156 4483 2513 4537 miseratione
2545 4497 2675 4550 erga
2707 4481 3013 4550 proximum
3043 4519 3057 4544 ,
3092 4495 3214 4548 qua:
3239 4477 3454 4532 assimi-

1864 4575 2123 4628 lationem
2170 4575 2465 4644 quamdam
2528 4573 2596 4626 ad
2645 4573 2816 4628 Deum
2869 4573 3030 4641 parit.
3079 4573 3234 4640 juxta
3286 4568 3440 4632 illud,

1868 4685 1887 4718 ι
1952 4669 2140 4722 Estote
2184 4666 2598 4731 misericordes,
2653 4667 2794 4720 sicut
2821 4667 2897 4718 'et
2931 4664 3090 4718 Pater
3135 4673 3314 4718 vester
3343 4677 3456 4717 cn:-

167 4764 330 4834 ὐμῶν
385 4765 414 4815 6
442 4761 715 4830 οὐράνιος.
758 4781 776 4813 ι
830 4760 990 4814 Ἀλλά
1019 4759 1115 4812 καί
1146 4761 1174 4811 6
1224 4761 1539 4830 οἱκτειρμὸς
1603 4763 1758 4830 ὑμὼν

1867 4760 2020 4815 Ιοειιε
2054 4761 2369 4816 misericors
2394 4771 2480 4815 est
2505 4759 2570 4812 ⁸³.
2611 4779 2629 4811 ι
2673 4761 2742 4815 At
2771 4775 2901 4813 vero
2949 4759 3233 4813 miseratio
3275 4765 3454 4809 vestra

174 4859 250 4928 μὴ
283 4859 345 4910 ὲν
370 4854 810 4926 προσωποληψία
840 4853 1008 4904 ἔστω·
1039 4852 1160 4903 ἐπεὶ
1187 4850 1323 4919 μηδὲ
1343 4853 1370 4902 6
1396 4852 1528 4914 Θεὸς
1549 4853 1760 4922 ἀπομε-

173 4949 523 5020 μερισμένας
587 4948 821 4998 ποιεῖται
867 4946 965 5008 τὰς
1017 4945 1213 4997 ἑαυτοῦ
1262 4946 1606 5015 εὐεργεσίας,
1642 4947 1757 5001 ἀλλ’

177 5059 196 5091 ι
239 5037 534 5092 ἀνατέλλει
562 5037 652 5089 τὸν
676 5037 828 5106 ἥλιον
872 5056 888 5088 ι
918 5037 1009 5089 ἐπὶ
1049 5035 1339 5097 πλουσίους
1370 5038 1462 5089 καί
1496 5038 1757 5110 πένητας,

170 5129 267 5184 καὶ
314 5144 334 5176 ι
363 5126 548 5197 βρέχει
581 5127 674 5177 ἐπὶ
697 5125 937 5189 δικαίους
964 5125 1060 5178 καὶ
1085 5125 1358 5189 ἀδίκους.»
1386 5128 1759 5181 -ιἈσπιλον

172 5219 368 5274 ἑαυτὸν
390 5219 580 5288 τηρεῖν
596 5217 702 5270 ἀπὸ
733 5217 825 5270 τοῦ
851 5218 1080 5288 κόσμου.
1109 5237 1128 5270 ι
1161 5217 1384 5284 Κόσμον
1414 5219 1648 5273 ἐνταῦθα
1668 5220 1760 5273 τὸν

247 5356 294 5388 ³⁵
348 5355 494 5409 Psal.
547 5370 601 5418 t.,
660 5355 748 5409 19.
828 5356 869 5388 ⁸⁸
896 5353 1032 5408 Luc.
1058 5370 1133 5418 vt,
1164 5353 1254 5408 '56.

1334 5355 1378 5386 “
1399 5353 1592 5409 Matth.
1629 5372 1681 5418 ν,
1737 5356 1828 5412 45.

1867 4868 1976 4907 non
2010 4870 2134 4908 cum
2180 4854 2500 4924 acceptione
2536 4867 2898 4924 personarmn
2945 4853 3058 4916 sit;
3109 4850 3458 4920 quandmpti-

1866 4944 1990 5000 dem
2035 4963 2216 5016 neque
2246 4946 2409 5007 Deus.
2436 4945 2768 5016 quibusdam
2815 4953 3026 4998 tantum
3069 4945 3322 5012 personis
3357 4944 3454 4998 be-

1864 5038 2063 5092 neficia
2080 5054 2181 5093 sua
2209 5040 2469 5108 impertit,
2502 5037 2597 5093 sed
2627 5057 2645 5090 ι
2673 5037 2807 5093 oriri
2829 5036 2962 5090 facit
2989 5035 3212 5090 solem“
3239 5053 3258 5086 ι
3287 5049 3456 5104 supra

1867 5129 2085 5194 divites,
2133 5140 2187 5184 et
2222 5145 2512 5200 pauperes,
2549 5148 2569 5182 ι
2606 5138 2663 5185 et
2698 5131 2836 5200 pluit
2878 5129 3244 5199 superjustos
3279 5136 3334 5182 et
3371 5130 3457 5182 in-

1861 5218 2065 5287 justos.
2107 5239 2127 5272 ι
2158 5249 2225 5260 -
2254 5239 2272 5272 ι
2313 5218 2378 5274 Ει
2405 5221 2816 5276 immaculatum
2857 5235 2917 5275 se
2956 5218 3238 5275 custodire
3258 5219 3326 5272 ab
3350 5215 3456 5273 hoc

1422 5490 1724 5552 Bonifaeii
1775 5495 2000 5556 Finetti
2050 5502 2239 5561 noue.

248 5592 364 5664 (10)
410 5589 456 5643 F
461 5589 598 5644 idem
627 5587 816 5643 habere
845 5587 899 5640 in
944 5586 1190 5654 operibus
1221 5585 1449 5664 perinde
1481 5602 1608 5641 esse
1638 5599 1774 5664 puto

175 5657 623 5728 apud'nostrum
674 5666 1164 5714 commentatorem
1214 5673 1278 5711 ac
1326 5657 1476 5710 bonis
1521 5661 1772 5727 operibus

285 5750 317 5784 η
461 5772 475 5785 .

176 5733 302 5872 “bit
321 5733 548 5870 ἤωέιιιιι
575 5800 717 5854 banc
746 5799 862 5872 voci
892 5799 1097 5854 Graeca:
1125 5797 1394 5872 θρησκεία
1426 5797 1531 5850 vim
1557 5799 1766 5872 tribuat

182 5869 274 5928 hic
293 5869 719 5940 connncntator,
746 5870 1091 5926 videtuream
1128 5873 1194 5923 ab
1210 5869 1412 5938 ἀορὶω,
1435 5869 1578 5940 quod
1603 5870 1765 5938 dispi-

1873 5609 1988 5646 cere
2014 5603 2067 5648 et
2111 5598 2386 5647 observare
2415 5593 2710 5663 siguilieat,
2746 5591 2966 5660 dempto
3006 5612 3064 5656 α,
3100 5591 3400 5646 deduxisse
3429 5593 3445 5614 ‘

1869 5681 1996 5734 eum
2033 5674 2212 5734 tamen
2249 5665 2492 5734 plerique
2522 5665 2611 5716 alii
2639 5680 2667 5716 a
2697 5664 2990 5717 Thraribns
3021 5664 3290 5734 «leriveut,
3321 5681 3436 5731 παρ

1865 5727 1942 5785 ὧν
1976 5736 2033 5788 τὸ
2069 5727 2417 5802 θρησκεύειν,
2443 5735 2517 5797 ὡς
2548 5737 2575 5786 ὁ
2603 5735 2778 5799 λόγος,
2814 5751 2846 5786 a
2872 5736 3082 5800 quibus.
3122 5737 3195 5786 ait
3217 5727 3448 5786 Nazian-

1863 5821 2058 5871 zenus,
2099 5805 2316 5859 dcormn
2351 5807 2546 5871 cultus,
2585 5815 2642 5858 ut
2673 5807 2865 5874 fertur,
2898 5805 3120 5873 sumpsit
3145 5805 3441 5859 exordium.
