4162 6442
710 397 837 461 1151

1625 402 2203 463 TIIEOl‘llYLACTI
2247 405 2657 464 BULGAIlle
2692 407 3047 465 ARCHIEP.
3843 406 3979 468 1152

708 513 934 565 mundo.
974 530 991 562 ι
1031 511 1265 568 Mundus
1301 514 1388 566 hic
1436 514 1826 585 intelligendus
1858 524 1939 569 est
1963 516 2206 586 vulgaris
2238 523 2291 569 et

2419 515 2615 586 ῑημώδη
2652 517 2744 569 καὶ
2778 518 3046 584 συρφετὸν
3072 511 3229 584 δχλον
3257 514 3572 578 ἀκουστέον,
3594 515 3683 567 τὸν
3714 514 3860 568 κατᾶ
3885 517 3981 578 τας

710 604 1059 673 promiscuus
1102 608 1363 674 populus,
1409 607 1502 676 qui
1542 609 2006 676 concupiscentiis
2051 620 2105 663 et
2139 622 2292 662 erro-

712 698 865 751 ribus
905 698 1273 752 deformatur.

1327 788 1561 844 CAPUT
1602 789 1666 843 ll.

783 880 944 935 Vens.
990 880 1042 935 1.
1096 898 1116 931 ι
1154 880 1377 936 Fratres
1424 883 1553 945 mei,
1595 883 1765 937 nolite
1818 883 1873 937 in
1932 896 2292 953 personarum

714 974 1033 1042 acceptione
1062 972 1265 1027 habere
1301 974 1461 1028 fidem
1496 974 1712 1029 Domini
1764 978 1943 1030 nostri
1977 974 2105 1029 Jesu
2135 975 2297 1029 Chri-

711 1068 781 1121 sti
809 1064 1013 1135 glorias.
1055 1085 1072 1116 ι
1113 1065 1215 1130 Qui
1254 1066 1401 1120 enim
1426 1081 1552 1122 cum
1585 1082 1945 1136 personarum
1976 1067 2297 1136 acceptione

712 1160 1011 1226 quidquam
1046 1158 1196 1221 facit,
1230 1174 1287 1212 se
1330 1159 1675 1213 immunditia
1730 1160 1930 1228 replet,
1977 1169 2167 1228 utpote
2203 1158 2296 1229 qui

710 1253 957 1320 ejusdem
1004 1262 1320 1305 consortem
1372 1262 1604 1315 naturm,
1640 1254 1749 1306 imo
1788 1269 1897 1321 pra:
1940 1254 2055 1314 illo,
2094 1261 2301 1307 semet-

711 1346 889 1412 ipsum
940 1344 1237 1412 ignominia
1288 1344 1448 1398 aﬂicit
1489 1361 1504 1399 :
1541 1347 1985 1414 quandoquidem
2034 1346 2299 1416 quidquid

711 1436 877 1489 simili
922 1436 1007 1489 sui
1052 1437 1178 1505 quis
1213 1436 1359 1499 facit,
1394 1436 1524 1489 illud
1570 1438 1624 1490 in
1679 1454 1737 1492 se
1789 1440 1968 1508 ipsum
2013 1440 2300 1493 ficientcm

714 1536 1015 1597 retorquet.

785 1620 950 1675 Vens.
998 1622 1051 1685 2,
1085 1623 1138 1676 5.
1185 1641 1203 1674 ι
1245 1621 1459 1677 Etenim
1504 1622 1548 1677 si
1587 1623 1863 1677 introierit
1894 1624 1946 1676 in
1970 1632 2300 1678 conventum

713 1721 955 1767 vestrum
992 1715 1074 1767 vir
1102 1728 1330 1769 aureum
1374 1717 1641 1768 annulum
1671 1715 1880 1769 habens
1911 1716 1967 1769 in
2000 1726 2151 1769 veste
2180 1732 2306 1770 can-

713 1806 863 1867 dida,
906 1806 1220 1860 introiverit
1256 1817 1435 1861 autem
1470 1817 1522 1862 et
1561 1823 1769 1877 panper
1798 1809 1961 1878 330
2001 1810 2053 1861 in
2081 1810 2301 1862 sordido

718 1901 932 1965 babitu,
976 1909 1029 1953 et
1062 1901 1365 1955 inundatis
1400 1902 1453 1953 in
1486 1917 1634 1964 eum,
1661 1902 1752 1969 qui
1788 1901 2017 1955 indutus
2041 1909 2125 1955 est
2154 1908 2303 1956 veste

718 1994 1002 2061 pmclara,
1050 2002 1102 2046 et
1134 1992 1381 2046 dixeritis
1408 1992 1456 2045 ei
1490 2010 1503 2045 :
1538 1990 1616 2044 Tn
1660 1992 1792 2047 sede
1838 1992 1925 2047 hic
1966 1994 2140 2060 bene;
2175 2008 2307 2063 pau-

717 2084 832 2152 peri
866 2094 1047 2136 autem
1081 2083 1318 2137 dicatis:
1365 2082 1445 2135 Tu
1479 2093 1559 2136 sta
1594 2084 1703 2136 illic
1728 2125 1742 2147 ,
1777 2092 1872 2137 aut
1900 2084 2030 2138 sedc
2060 2084 2161 2138 sub
2185 2100 2306 2139 sca-

718 2174 862 2228 bello
916 2174 1115 2243 pedum
1173 2190 1443 2230 ineorum.
1482 2195 1498 2226 ι
1536 2177 1762 2231 Videtur
1826 2179 2177 2233 consuetudo
2225 2178 2305 2232 fe-

718 2266 875 2319 rendi
905 2266 1167 2318 annulum
1213 2268 1447 2319 maxime
1474 2264 1614 2333 apud
1641 2264 1861 2321 Judzeos
1895 2269 2158 2335 viguisse.
2198 2269 2303 2323 Sed

720 2356 977 2409 fortassis
1030 2354 1239 2424 inquiet
1298 2356 1385 2408 hic
1436 2356 1690 2424 aliquis:
1741 2357 1797 2411 Si
1841 2356 2083 2413 Jacobus
2120 2358 2310 2412 Testa-

720 2445 890 2497 menti
930 2444 1063 2498 Jesu
1112 2444 1322 2499 Christi
1368 2443 1563 2499 doctor
1608 2455 1709 2507 est,
1759 2462 1934 2515 quare
1985 2448 2149 2501 modo
2199 2465 2306 2502 non

722 2536 950 2604 abrogat
975 2552 1037 2591 ca
1067 2552 1186 2605 qua:
1217 2537 1351 2606 legis
1376 2546 1536 2605 sunt;
1571 2540 1662 2592 sed
1698 2540 1881 2609 potius
1911 2541 2142 2604 extollit,
2176 2542 2310 2595 reci-

724 2628 879 2696 piens
898 2644 1017 2693 eos,
1054 2630 1146 2699 qui
1179 2631 1232 2681 in
1268 2630 1426 2698 legali
1457 2630 1605 2683 cultu
1646 2638 1968 2696 versantur,
2010 2648 2187 2702 neque
2216 2648 2313 2689 eos

723 2721 839 2773 ulio
868 2730 1027 2790 picto
1058 2722 1448 2790 reprehendit?
1482 2722 1559 2776 Ad
1592 2738 1755 2791 quem
1805 2725 2149 2793 reponimus,
2186 2742 2309 2779 cum

724 2826 847 2866 sese
881 2812 1200 2865 insinuandi
1246 2812 1420 2881 gratia
1473 2814 1548 2867 ita
1579 2829 1704 2868 cum
1742 2816 1853 2871 illis
1884 2817 2055 2887 loqui,
2089 2827 2141 2873 et
2170 2822 2315 2889 ipso-

727 2919 848 2957 iuni
892 2904 1255 2957 imbecillitati
1301 2906 1772 2972 condescendere,
1812 2925 1879 2963 ne
1920 2909 1964 2963 si
2006 2912 2191 2964 statim
2244 2915 2316 2966 le-

723 3011 845 3065 gem
883 3004 1175 3059 everteret,
1209 2997 1479 3051 doctrina:
1526 3000 1770 3054 novitate
1801 3001 1924 3057 illos
1960 3003 2056 3057 abs
2084 3019 2143 3057 sc
2184 3006 2313 3058 aba-

726 3078 982 3141 lienaret.
1042 3089 1262 3143 Scilicet
1301 3090 1557 3160 prudenti
1619 3093 1932 3147 oeconomia
1985 3095 2225 3149 admittit
2256 3098 2311 3152 in

2396 610 2690 676 ἐπιθυμίας
2728 611 2826 680 τῆς
2860 609 3075 678 ἀπάτης
3103 606 3268 660 αὑτοῦ
3297 608 3677 677 φθειρόμενον.

3001 789 3251 842 ΚΕΦΑΛ.
3298 788 3374 839 D'.

2475 902 2493 933 ι
2541 881 2788 950 ’Λδελφοί
2815 897 2940 951 μου.
2977 880 3051 950 μὴ
3082 880 3139 932 ὲν
3174 878 3665 949 προσωποληψίαις
3692 877 3849 947 ἔχετε
3886 876 3988 946 τὴν

2399 977 2581 1030 πίστιν
2602 976 2697 1029 τοῦ
2733 976 2938 1045 Κυρίου
2961 977 3119 1046 ημῶν
3163 974 3340 1043 Ἰησοῦ
3370 973 3606 1043 Χριστοῦ
3635 972 3933 1039 τῆςδὸξης.
3962 991 3981 1020 ι

2410 1072 2468 1123 '0
2502 1070 2610 1139 γὰρ
2670 1072 2728 1121 ὲν
2768 1066 3206 1138 προσωποληψία
3243 1067 3415 1120 ποιῶν
3443 1085 3517 1129 τι,
3551 1063 3754 1117 πολλοῦ
3788 1064 3989 1119 σπίλον

2402 1161 2594 1214 ἑαυτὸν
2624 1160 2952 1231 ἐμπίπλησι,
2985 1160 3047 1211 τὸ
3090 1158 3352 1226 ὁμογενὲς
3390 1156 3680 1226 ἀτιμάζων
3729 1158 3825 1209 καὶ
3881 1156 3991 1225 πρὸ

2403 1254 2613 1306 ἐκείνου
2648 1254 2860 1316 ἑαυτὸν,
2890 1253 3001 1318 είγε
3034 1251 3068 1320 ἡ
3120 1251 3257 1319 πρὸς
3285 1250 3347 1302 τὸ
3377 1250 3565 1318 ὅμοιον
3590 1249 3857 1313 ἐπίδειξις
3894 1250 3992 1301 καὶ

2405 1345 2541 1416 πρὸς
2572 1345 2765 1397 ἑαυτὸν
2799 1344 3233 1416 παραπέμπεται
3256 1344 3349 1396 τὸν
3367 1343 3695 1412 πράττοντα.

2485 1631 2503 1662 ι
2538 1611 2667 1663 Ἐὰν
2701 1611 2809 1681 γὰρ
2838 1609 3055 1683 εἰσέλθῃ
3087 1612 3167 1672 εἰς
3198 1608 3300 1681 τὴν
3333 1608 3657 1679 συναγωγὴν
3679 1607 3832 1678 ὑμῶν
3850 1608 3998 1677 ἀνὴρ

2411 1705 2870 1775 χρυσοδακτύλιος
2922 1705 2979 1757 ὲν
3008 1703 3203 1771 ὲσθῆτι
3252 1704 3504 1773 λαμπρᾷ,
3554 1700 3773 1773 εἰσέλθῃ
3806 1701 3866 1753 δὲ
3897 1701 3999 1754 καὶ

2408 1796 2623 1866 πτωχὸς
2667 1798 2725 1849 ὲν
2761 1797 2983 1866 ῥυπαρᾷ
3025 1795 3236 1865 ἐσθῆτι,
3286 1793 3617 1865 ἐπιϐλέψητε
3668 1793 3724 1846 δὲ
3775 1794 3871 1846 ἐπὶ
3902 1794 3999 1845 τὲιν

2408 1887 2678 1957 φοροῦντα
2710 1888 2807 1955 τὴν
2848 1888 3051 1957 ἐσθῆτα
3081 1885 3181 1957 τὴν
3212 1887 3498 1957 λαμπρὰν,
3532 1886 3627 1939 καὶ
3663 1888 3889 1955 εἴπητε,
3920 1886 3997 1938 ΣΞ)

2410 1983 2577 2038 κάθου
2608 1978 2707 2035 ὦδε
2740 1983 2920 2044 καλῶς
2941 1997 2953 2010 ·
2988 1983 3083 2035 καὶ
3112 1982 3195 2053 τῷ
3235 1982 3437 2052 πτωχῷ
3462 1981 3654 2052 εἴπητε
3675 1996 3691 2012 ο
3726 1981 3798 2032 Σὺ
3834 1979 4002 2047 στῆθι

2411 2078 2545 2142 ἐκεῖ,
2578 2075 2611 2146 ἢ
2656 2074 2823 2129 κάθου
2851 2068 2952 2127 ὦδε
2998 2074 3103 2126 ὑπὸ
3147 2074 3209 2127 τδ
3243 2074 3537 2127 ὑποπόδιόν
3585 2090 3712 2144 μου.
3746 2092 3765 2124 ι
3806 2072 4001 2124 Ἐοικε

2408 2169 2468 2221 τ’,
2487 2168 2933 2238 δακτυλιοφορεῖν
2964 2167 3201 2236 μάλιστα
3227 2168 3359 2237 παρ’
3431 2165 3705 2235 Ἑϐραίοις
3739 2164 3855 2228 ἕξιν
3881 2166 4000 2217 κεῖ-

2413 2262 2556 2315 σθαι.
2587 2262 2745 2325 Ἴσως
2772 2261 2829 2315 δὲ
2879 2262 2995 2331 ἐρεῖ
3026 2277 3108 2323 τις
3136 2259 3374 2313 ἐνταῦθα
3394 2272 3410 2289 ο
3445 2259 3507 2312 Et
3534 2259 3634 2329 τῆς
3661 2257 3801 2312 κατά
3836 2258 4008 2329 [Χρι·

2411 2354 2527 2426 τὸν]
2562 2355 2834 2425 Διαθήκης
2886 2354 3148 2416 Ἰάκωϐος
3203 2352 3546 2415 διδάσκαλος,
3580 2352 3698 2415 πῶς
3744 2352 3838 2405 νῦν
3878 2352 4009 2421 οὐχὶ

2412 2448 2720 2501 καταπαύει
2746 2447 2813 2499 τὶ
2838 2444 2933 2499 τοῦ
2956 2447 3145 2516 νόμου,
3190 2444 3329 2498 ἀλλά
3358 2444 3560 2514 μᾶλλον
3588 2443 3817 2514 ἐξαίρει,
3869 2445 4007 2505 τοὺς

2414 2543 2471 2593 ὲν
2494 2542 2559 2608 τῇ
2589 2540 2681 2591 τοῦ
2708 2538 2875 2608 νόμου
2901 2537 3172 2609 θρησκείᾳ
3203 2536 3622 2607 ἀποδεχόμενος,
3647 2539 3742 2591 καὶ
3766 2535 3841 2606 μὴ
3877 2538 4008 2588 ἐπι-

2414 2632 2589 2701 τιμῶν
2622 2631 2866 2696 τούτοιςς
2902 2630 3043 2701 Πρὸς
3103 2630 3161 2683 ὃν
3191 2631 3366 2683 ἐκεῖνο
3389 2628 3645 2698 ἐροῦμεν,
3668 2628 4008 2696 ὠςείσαγω-

2415 2725 2715 2795 γικὼτερον
2758 2725 2943 2786 αὐτοῖς
2976 2724 3072 2776 νῦν
3121 2724 3452 2793 διαλέγεται,
3503 2725 3595 2776 καὶ
3634 2723 4012 2791 συγκαταϐαίς

2416 2832 2497 2866 νει
2526 2817 2590 2883 τῇ
2622 2813 2828 2867 τούτων
2856 2814 3131 2885 ἀσθενείᾳ,
3163 2814 3250 2868 ἵνα
3283 2813 3357 2885 μὴ
3383 2814 3446 2866 ὲκ
3470 2813 3652 2884 θυρῶν
3673 2814 4012 2883 ἀνατρέπων

2415 2906 2507 2957 τὸν
2539 2906 2724 2975 νόμον,
2778 2905 2954 2957 ὀπίσω
2982 2907 3181 2975 χωρεῖν
3239 2906 3444 2976 ποιήσῃ
3478 2908 3542 2974 τῇ
3575 2905 3858 2973 καινότητι
3890 2905 4009 2956 τῶν

2416 2997 2784 3067 διδαγμάτων.
2823 2996 3331 3067 Οἰκονομικώτερον
3379 2996 3435 3048 δὲ
3474 2997 4012 3066 μεταχειρισάμενος

2416 3090 2477 3141 τδ
2523 3091 2776 3160 πρᾶγμα,
2808 3090 2901 3142 καὶ
2953 3090 3215 3151 ύπενδοῦς
3237 3089 3363 3142 ὅσον
3397 3089 3561 3142 αὑτὸν
3601 3091 3702 3143 οὐκ
3734 3089 4011 3141 ἔϐλαπτεν

728 3180 879 3234 Novo
939 3180 1298 3238 Testamento
1347 3184 1549 3253 legales
1599 3188 1992 3249 caeremonias,
2048 3203 2313 3259 quantum

2421 3184 2500 3245 εἰς
2531 3183 2629 3249 τὴν
2658 3183 2866 3252 Καινὴν
2905 3182 3183 3251 Διαθήκην
3229 3184 3347 3243 ταῖς
3394 3184 3647 3251 νομικαίς
3688 3178 4015 3244 δέισιθείαις

727 3275 949 3343 quidem
1004 3275 1214 3343 absque
1270 3275 1520 3344 ejusdem
1584 3278 1911 3335 detrimento
1955 3290 2206 3349 poterat;
2239 3284 2316 3353 (et

728 3380 863 3420 sane
896 3365 1025 3435 quid
1063 3365 1184 3420 fidei
1221 3366 1425 3420 CliriSti
1467 3378 1560 3421 aut
1601 3367 2009 3434 Sabbatismus,
2044 3382 2141 3428 aut
2172 3376 2316 3442 jeju-

729 3454 905 3518 nium,
953 3464 1048 3507 aut
1091 3466 1369 3509 certorum
1408 3457 1743 3512 abstinentia
1789 3460 2041 3515 ciborum
2093 3464 2321 3534 deroga-

732 3548 887 3614 bat?)
923 3562 1161 3617 cumque
1193 3549 1293 3601 hae
1328 3550 1543 3603 ratione
1568 3551 1740 3619 magis
1778 3552 2096 3621 benevolos,
2126 3559 2322 3626 magis-

728 3653 835 3707 que
862 3641 1043 3693 verbis
1078 3641 1194 3694 suis
1236 3650 1477 3695 attentos
1510 3642 1869 3707 reddidisset,
1934 3655 2047 3699 tum
2098 3649 2317 3702 demum

731 3731 994 3801 paulatim
1034 3714 1401 3795 liortalur,°nt
1439 3748 1467 3784 a
1499 3733 1791 3802 legalibus,
1827 3736 1971 3790 velut
2007 3739 2318 3802 inutilibus,

730 3842 795 3880 ac
824 3841 945 3893 quae
984 3826 1159 3895 magis
1190 3825 1255 3878 ad
1300 3827 1646 3892 servitutem,
1678 3843 1843 3896 quam
1886 3829 1951 3883 ad
1988 3830 2315 3899 libertatem,

738 3935 859 3988 quze
891 3919 941 3971 in
971 3918 1189 3971 Christo
1221 3927 1325 3981 est,
1360 3918 1674 3984 conferunt,
1722 3922 2054 3976 abstineant.
2089 3924 2320 3994 Sapien-

741 4022 824 4066 ter
862 4013 1026 4080 igitur
1056 4012 1321 4065 brevibus
1343 4014 1803 4067 alternationibus
1843 4030 1999 4079 usus,
2030 4024 2320 4085 postquam

738 4102 971 4157 obtinuit
1001 4118 1087 4164 ne,
1114 4117 1235 4169 qua!
1265 4103 1345 4154 eis
1375 4102 1611 4164 dicebat,
1640 4105 1879 4172 graviter
1913 4103 2138 4173 ferrent,
2193 4117 2321 4162 tunc

732 4206 853 4261 quae
889 4190 1221 4243 Christianis
1249 4191 1606 4254 conveniunt,
1652 4194 1961 4259 proposuit.

809 4283 970 4335 Vens.
1005 4282 1057 4336 4.
1107 4300 1124 4332 ι
1159 4282 1225 4335 Ει
1262 4297 1441 4336 nonne
1488 4283 1843 4351 dijudicastis
1882 4284 1994 4353 (l2)
2023 4286 2167 4353 apud
2199 4301 2325 4341 vos-

733 4376 1049 4442 metipsos.»
1086 4373 1356 4427 Particulo
1388 4375 1700 4441 copulativa
1732 4384 1781 4427 et
1817 4376 1903 4429 hic
1923 4376 2165 4429 abundat
2187 4379 2321 4447 (15),

732 4474 819 4519 est
877 4465 1025 4518 enim
1072 4463 1456 4517 tantummodo
1496 4476 1559 4516 ex
1614 4472 1832 4517 vetusto
1864 4464 2123 4531 loquendi
2175 4481 2325 4519 more

2422 3274 2494 3345 (τί
2525 3274 2634 3343 γὰρ
2691 3274 2854 3326 αὑτὸν
2894 3275 3177 3344 παρέφερε
3235 3274 3639 3343 Σαϐϐατισμὸς,
3696 3274 3730 3344 ἢ
3780 3275 4011 3344 νηστεία

2423 3368 2515 3421 καὶ
2570 3366 2753 3437 ἀποχὴ
2783 3366 3093 3437 βρωμάτων
3140 3369 3241 3436 τῆς
3273 3366 3414 3419 κατὰ
3458 3367 3692 3435 Χριστὸν
3722 3366 4011 3431 πίστεως).

2423 3462 2519 3512 καὶ
2550 3459 2759 3522 τούτοις
2781 3460 2917 3521 τέως
2940 3458 3480 3529 προσεκτικωτέρους
3510 3459 3711 3520 αὐτοὺς
3742 3458 3840 3511 τοῦ
3876 3459 4013 3510 ἑαυ-

2421 3550 2515 3603 τοῦ
2551 3551 2709 3618 λόγου
2760 3549 2963 3615 λαῦὼν,
2992 3549 3164 3613 οὕτως
3194 3551 3336 3602 κατὰ
3376 3548 3572 3619 μικρὸν
3607 3550 3715 3602 τῶν
3749 3550 3849 3619 μὲν
3908 3551 4017 3617 ἀφ-

2426 3646 2677 3700 ίστασθαι
2704 3646 2991 3714 παραινεῖν
3019 3646 3083 3714 [ι’.
3109 3674 3177 3683 --
3207 3642 3335 3714 νεῖ],
3383 3643 3492 3696 τῶν
3534 3644 3631 3698 τοῦ
3680 3643 3872 3710 νομου,
3937 3642 4017 3705 ὡς

2424 3740 2740 3808 ἀνωφελῶν,
2779 3740 2873 3791 καὶ
2915 3738 3051 3808 πρθις
3088 3736 3355 3802 δουλείαν,
3393 3737 3455 3789 οὗ
3494 3737 3629 3807 πρὸς
3685 3738 4019 3807 ἐλευθερίαν

2428 3831 2894 3900 μετακαλούντων,
2920 3832 3019 3890 τὴν
3041 3829 3353 3899 ὲνΧριστῷ.
3373 3829 3563 3896 Σοφῶς
3576 3830 3870 3899 τοιγαροῦν
3893 3833 4020 3892 ταῖς

2426 3924 2712 3994 βραχείαις
2740 3923 3079 3990 ύπαλλαγαῖς
3107 3923 3410 3992 χρώμενος,
3448 3922 3536 3975 ὅτε
3571 3923 3645 3992 μὴ
3672 3923 3811 3975 δυσα
3825 3940 4017 3991 ιασχε-

2423 4015 2651 4077 τοῖντας
2683 4010 2847 4084 εἷλαι[
2878 4015 2915 4083 f.
2943 4009 3079 4084 εἷλε]
3100 4016 3207 4075 τοῖς
3239 4012 3577 4081 λεγομένοις,
3607 4013 3726 4066 τότε
3751 4014 4018 4083 ταπροσ-

2424 4108 2625 4177 ήκοντα
2655 4106 2997 4175 Χριστιανοῖς
3036 4103 3368 4173 παρέθηκεν.

2505 4305 2520 4335 ι
2564 4282 2757 4356 [Καὶ]
2816 4284 2876 4336 ού
2944 4281 3253 4351 διεκρίθητε
3312 4283 3369 4334 ὲν
3428 4281 3661 4343 ἑαυτοῖς.
3696 4297 3715 4331 ι
3766 4281 3825 4331 Ὀ
3914 4281 4021 4333 καί

2429 4377 2722 4445 σύνδεσμος
2774 4374 3036 4443 παρέλκει
3077 4372 3312 4426 ἐνταῦοα
3359 4374 3605 4442 συνήθως
3655 4371 4015 4443 ἀρχιῖζούσῃ

2433 4467 2652 4537 φράσει,
2682 4464 2805 4518 ἐπεὶ
2837 4464 3148 4525 ἀποδόσεως
3197 4462 3367 4533 οὔσης
3402 4464 3637 4517 ἐνταῦθα
3666 4464 3763 4515 τοῦ
3788 4465 3902 4516 ἀνω
3942 4466 4023 4515 εἰσ

734 4557 1002 4627 apposita.
1032 4556 1165 4609 Cum
1198 4556 1342 4609 enim
1386 4555 1488 4608 hoc
1516 4555 1588 4608 sit
1624 4570 1974 4624 consequens
2013 4557 2313 4625 praaceden-

2435 4558 2693 4628 ρημέονυ,
2730 4555 2983 4627 περιττὸς
3024 4557 3051 4608 ὁ
3098 4554 3435 4625 σύνδεσμος·
3470 4555 3588 4606 ἔστι
3637 4555 3746 4624 γὰρ
3799 4554 3977 4617 οὕτως
4002 4572 4017 4585 ·

734 4651 806 4703 tis
836 4649 1107 4701 orationis
1141 4649 1472 4710 membrum,
1517 4646 1795 4716 superflua
1846 4657 1932 4701 est
1981 4649 2320 4717 conjunctio.

735 4742 815 4797 lta
846 4742 991 4795 enim
1038 4756 1099 4794 se
1136 4740 1338 4793 habet:
1377 4758 1394 4791 ι
1434 4739 1489 4792 Si
1523 4739 1795 4794 introierit
1841 4740 1967 4804 quis
2004 4741 2056 4792 in
2088 4755 2326 4795 conven-

736 4848 848 4887 tum
892 4844 1158 4893 vestrum,
1202 4850 1219 4882 ι
1252 4838 1360 4884 etc.
1392 4830 1633 4885 Deinde:
1676 4849 1693 4881 ι
1730 4830 1921 4884 Nonne
1972 4830 2326 4897 dijudicastis

736 4921 878 4989 apud
912 4919 1365 4984 vosmetipsos?»
1402 4918 1537 4973 Cum
1583 4919 1685 4973 hoc
1709 4919 1782 4974 sit
1833 4920 2066 4973 alterum
2116 4922 2326 4989 periodi

733 5012 1063 5069 membrum,
1101 5010 1320 5080 phrasis
1358 5012 1691 5080 postulabat,
1731 5019 1789 5065 ut
1837 5012 2047 5081 absque
2090 5011 2325 5081 conjun-

735 5104 917 5158 ctione
940 5112 989 5157 ct
1018 5103 1357 5172 proferretur
1381 5144 1397 5166 ,
1452 5112 1511 5157 ut
1548 5103 1867 5172 huiusmodi
1914 5120 2111 5160 sensus
2137 5121 2326 5158 exsur-

738 5205 891 5266 geret
925 5214 938 5248 :
976 5197 1246 5261 Quoniam
1305 5212 1440 5261 non,
1487 5206 1547 5250 ut
1608 5197 1918 5265 oportebat,
1951 5196 2319 5265 dijudicastis,

746 5309 765 5339 ι
795 5288 922 5342 facti
943 5288 1076 5343 estis
1103 5287 1319 5355 judices
1345 5288 1745 5358 cogitationum
1780 5302 2090 5357 pravarum.
2126 5306 2143 5337 ι
2186 5287 2319 5340 Illud

741 5392 943 5445 autem,
982 5399 999 5431 ι
1038 5378 1228 5434 Nonne
1262 5378 1626 5447 dijudicastis,
1666 5398 1682 5430 ι
1726 5380 1953 5448 perimlc
1996 5390 2103 5441 est,
2136 5395 2199 5434 ac
2226 5378 2323 5433 Ju-

743 5474 949 5527 dieium
974 5482 1239 5535 vestrum,
1265 5473 1415 5526 nulla
1445 5474 1595 5541 prius
1626 5473 2016 5543 disquisitione
2060 5474 2224 5540 facta,
2262 5489 2328 5527 an

2433 4671 2449 4701 ι
2490 4650 2620 4703 Ἐαν
2656 4666 2740 4709 τις
2769 4648 2990 4717 εἰσέλθῃ
3026 4648 3105 4709 εἰς
3139 4647 3239 4716 τὴν
3274 4646 3598 4716 συναγωγὴν
3652 4646 3829 4712 ὑμῶν,
3872 4664 3892 4697 ι
3923 4650 4021 4699 καὶ

2424 4744 2578 4811 Eii);
2616 4737 2757 4805 εἶτα,
2795 4760 2813 4788 α
2852 4740 2929 4793 Ού
2950 4738 3264 4810 διεκρίθητε
3300 4740 3358 4791 ὲν
3399 4740 3633 4801 ἑαυτοῖς.
3676 4757 3693 4789 ι
3751 4738 4021 4791 Ἐνταῦοα

2424 4832 2525 4900 τῆς
2574 4830 2883 4892 ἀποδόσεως
2947 4828 3150 4897 οὔσης,
3239 4828 3396 4891 ὲκτδς
3446 4829 3674 4880 ἀπαιτεῖ
3735 4828 3854 4891 τοῦ,
3918 4831 4023 4881 καί

2432 4924 2735 4992 συνδέσμου
2793 4924 2827 4990 ή
2888 4920 3087 4992 φράσις
3149 4919 3532 4989 προσενεχθῇο
3588 4920 3675 4972 ἵνα.
3724 4918 3898 4979 οὕτως

2446 5013 2665 5082 Ἐπειδὴ
2694 5012 2753 5063 οὐ
2785 5011 2845 5063 τῦ
2861 5011 2979 5063 δέον
3010 5010 3285 5078 ἐκρίνατε,
3309 5027 3326 5059 ι
3354 5007 3609 5077 ἐγένεσθε
3629 5009 3819 5079 κριταὶ
3838 5008 4026 5061 διαλο-

2433 5103 2649 5173 γισμῶν
2665 5102 2936 5170 πονηρῶν.
2963 5118 2981 5151 ι
3006 5101 3079 5152 Τὸ
3104 5099 3182 5163 δὲ,
3210 5117 3228 5149 ι
3254 5099 3329 5151 Οὐ
3358 5098 3690 5169 διεκρίθητε,
3714 5118 3733 5151 ι
3755 5099 3878 5152 ἀντὶ
3903 5100 4023 5164 τοῦ,

2432 5197 2507 5249 Τδ
2531 5194 2869 5263 διακριτικὸν
2908 5191 3063 5262 ὑμῶν
3101 5190 3474 5261 διεφθείρατε,
3514 5190 3793 5260 μηδεμίαν
3847 5190 4018 5261 συζή-

2430 5305 2589 5358 τησιν
2630 5287 2959 5357 ποιήσαντες
3000 5282 3288 5354 πρότερον,
3327 5283 3419 5335 τὸν
3452 5282 3659 5354 πένητα
3686 5282 3810 5351 μὲν,
3853 5298 4021 5335 σπουο

2435 5381 2583 5435 δαῖον
2612 5380 2691 5443 δὲ,
2720 5379 2754 5446 ἢ
2803 5377 2893 5431 τὸν
2952 5374 3209 5428 πλούσιον
3258 5376 3375 5446 μὲν,
3402 5374 3645 5446 ῥᾴθυμον
3671 5374 3727 5427 δέ
3756 5392 3768 5403 ·
3803 5373 3941 5425 ἀλλὰ
3962 5375 4022 5425 τὸ

2440 5473 2755 5543 ἀδιάκριτον
2777 5470 2931 5541 ὑμῶν
2954 5468 3273 5538 ὑπηγάγετο
3296 5468 3438 5537 ὑμᾶς
3463 5467 3523 5518 ὲν
3558 5466 4022 5536 προσωποληψία,

2004 5612 2310 5674 Bonifaeii
2356 5612 2584 5674 Finetti
2630 5620 2820 5672 noue.

815 5707 930 5781 (l2)
974 5708 1203 5777 Vulgata
1238 5712 1400 5764 habet
1434 5712 1709 5777 _im!icatis.
1755 5714 1936 5781 Aliqui
1986 5715 2074 5768 bic
2105 5723 2327 5767 vertunt

744 5779 1024 5856 dijudimti
1078 5783 1211 5856 estis
1250 5784 1302 5832 iu
1360 5783 1761 5849 robismetipsis,
1813 5779 1955 5853 quod
2015 5785 2325 5856 διεκρίθητε

742 5850 813 5903 sit
847 5850 1036 5904 forma:
1070 5853 1319 5928 passivam

2510 5716 2621 5783 (15)
2666 5713 2726 5765 Et
2779 5712 2881 5765 bac
2920 5708 3155 5765 fortasse
3194 5708 3261 5763 dc
3308 5719 3473 5763 causa
3510 5720 3542 5760 a
3581 5704 3808 5775 vulgato
3852 5702 4023 5757 inter-

2438 5796 2589 5855 prete
2620 5784 2825 5838 omissa
2856 5790 2958 5837 est.
