4162 6442
714 394 853 460 1155

1605 388 2182 450 TllEOPilYLACTI
2230 386 2641 446 BULGARHZ
2676 386 3030 445 ARCIHEP.

3833 378 3972 443 1156

704 507 923 580 quidem
958 501 1073 573 qui,
1106 517 1192 557 ex.
1225 515 1276 556 c.
1312 498 1622 555 castitatem
1653 499 1919 559 custodit,
1952 496 2291 567 quandoque

2409 496 2835 566 υποληπτοῦντα
2875 494 3109 557 ἐλλιπῶς
3142 493 3303 563 oti-.432
3326 492 3528 555 ἀνύειν,
3548 493 3665 546 ἀλλ’
3693 494 3979 555 ὁλοτελῶς.

704 600 944 654 vincitur
966 597 1034 650 ab
1069 596 1184 650 ira:
1226 602 1283 649 cl
1315 593 1407 663 qui
1431 595 1837 664 elcetnosyuam
1878 592 2033 653 facit,
2067 591 2289 644 invidus

705 701 791 746 est
830 707 941 744 non
984 705 1130 744 raro.
1187 687 1371 752 Quare
1402 702 1511 739 non
1576 685 1727 737 omni
1763 684 2159 752 pra-scribitur,
2226 692 2287 735 ιιι

705 782 983 836 defectum
1017 779 1227 831 nullum
1255 780 1310 831 in
1343 776 1639 830 virtutibus
1675 775 1895 833 habeat.
1925 774 2019 827 sed
2061 789 2128 827 ne
2157 774 2289 826 cha-

2394 590 2563 643 Τοῦτο
2592 590 2648 642 δέ
2678 591 2771 643 καὶ
2832 590 2960 659 περὶ
3006 590 3116 641 τῶν
3148 590 3321 642 ἄλλων
3382 589 3594 657 ἀρετῶν
3639 606 3845 657 φαμεν.
3889 592 3984 653 ’ος

2392 684 2499 751 γὰρ
2532 682 2605 753 μὴ
2632 683 2719 735 διὰ
2750 682 2936 742 τέλους
2965 682 3071 733 τῶν
3102 682 3477 751 σωφρονικῶν,
3506 681 3539 749 ῆ
3590 681 3697 733 τῶν
3747 681 3981 733 δικαίων

2392 773 2735 841 ἁντίσχηται,
2760 771 2873 825 ἀλλ’
2896 772 3276 839 ἐλλιπέστερον
3293 773 3557 839 χρίσεται
3580 770 3643 841 Π.
3668 802 3739 811 -
3764 770 3979 843 antur],

708 876 949 936 ritatcm,
1004 886 1099 941 per
1159 883 1519 938 personarum
1580 867 1957 935 acccptionem
2017 865 2289 919 diminute

2409 857 2543 926 ιῖιτος
2582 865 2835 934 χωλεύων
2869 866 2998 935 περὶ
3024 864 3126 934 τὴν
3166 864 3541 933 μεταχείρισιν
3566 864 3643 934 τῷ
3675 866 3844 917 παντὶ
3876 865 3977 933 τῆς

708 970 985 1030 exerceat,
1048 962 1143 1016 sed
1200 962 1427 1028 integre.
1460 957 1575 1011 lloc
1634 958 2003 1010 antemcliam
2043 957 2109 1010 de
2166 956 2288 1010 aliis

706 1056 1010 1108 virtutibus
1048 1053 1233 1107 dicere
1286 1065 1615 1121 possumus.
1682 1050 1782 1115 Qui
1824 1050 1969 1101 cnim
2009 1065 2117 1101 non
2164 1063 2289 1117 pcr-

707 1144 848 1199 fecte
914 1143 1355 1212 temperantiam,
1415 1141 1499 1194 vel
1529 1140 1800 1209 justitiam
1851 1139 2012 1208 332
2076 1146 2289 1202 servat,

707 1237 801 1289 sed
867 1237 1172 1296 iunninute,
1234 1243 1408 1287 totum
1469 1233 1692 1285 virtutis
1762 1246 1964 1299 corpus
2048 1230 2294 1299 graviter

708 1328 873 1381 laedit.
907 1326 1011 1381 Per
1047 1336 1215 1381 totam
1250 1327 1415 1396 igitur
1451 1326 1621 1393 legem
1680 1320 2034 1390 intelligenda
2075 1331 2161 1373 est
2208 1322 2296 1374 hic

714 1420 799 1472 lex
827 1420 1139 1483 charitatis,
1178 1432 1298 1486 tum
1324 1416 1634 1484 prmcipuus
1688 1428 1893 1482 scopus
1928 1414 2159 1481 apostoli
2193 1423 2296 1468 est.

2392 958 2593 1026 ἀρετῆς
2628 958 2937 1027 ἐλυμήνατο
2984 956 3219 1027 σώματι.
3253 958 3417 1010 Ὄλον
3451 953 3545 1010 οὖν
3571 958 3665 1011 τὸν
3693 958 3863 1027 νόμον
3884 959 3979 1011 τὸν

2393 1065 2458 1100 πε
2468 1051 2521 1118 pl.
2554 1048 2651 1118 τῆς
2677 1049 2902 1118 ἀγάπης
2952 1050 3267 1113 ἀκουστέον,
3297 1052 3425 1121 περὶ
3443 1045 3511 1121 ἧς
3542 1052 3982 1121 προηγουμένως

2393 1140 2542 1207 αὑτῷ
2574 1143 2600 1192 ὁ
2637 1140 2859 1202 σκοπός.
2895 1141 3078 1209 Νόμον
3110 1143 3165 1193 δὲ
3226 1142 3546 1211 ἐλευθερίας
3585 1144 3674 1196 τὸν
3724 1144 3991 1213 ἁπροσω·

2394 1231 2673 1299 πόληπτόν
2712 1247 2875 1300 φησι²
2921 1234 2948 1285 ὁ
2980 1234 3088 1302 γάρ
3117 1234 3596 1302 προσωπολήπτης
3635 1234 3736 1286 οὐκ
3764 1233 3989 1285 ἐλεύθε-

2401 1339 2513 1391 ρο·,
2543 1322 2682 1375 ἀλλὰ
2736 1323 2942 1387 δοῦλος.
2983 1318 3053 1395 ⁷ῼ
3112 1324 3223 1395 γάρ
3254 1341 3338 1387 τις
3367 1325 3626 1395 ἥττηται,
3678 1326 3858 1395 τούτῳ
3889 1328 3991 1379 καὶ

2399 1414 2744 1469 δεδούλωται.

710 1497 907 1579 Ιῖιιειξιιι
970 1524 1100 1562 vero
1161 1507 1435 1560 libertatis
1502 1514 1661 1558 vocat
1713 1519 1857 1568 cam,
1915 1519 2036 1573 qua:
2081 1518 2109 1555 a
2181 1518 2563 1583 personaruut
2600 1507 2922 1576 acceptione
2971 1507 3144 1562 libera
3202 1520 3325 1563 est:
3392 1514 3660 1577 siquidem
3728 1523 3995 1583 acceptor

711 1616 1093 1672 personarum,
1138 1616 1243 1651 non
1276 1600 1414 1651 liber
1471 1604 1575 1659 est,
1632 1596 1728 1649 sed
1778 1610 2013 1648 servus:
2050 1613 2067 1646 ι
2104 1594 2148 1647 A
2180 1610 2292 1663 quo
2328 1597 2473 1651 enim
2496 1582 2630 1663 quis
2680 1612 2975 1670 superatus
3019 1612 3124 1667 est,
3156 1602 3322 1671 hujus
3344 1612 3399 1656 et
3441 1619 3634 1660 servus
3657 1615 3741 1659 est
3768 1606 3833 1660 ¹⁸.
3870 1582 3906 1657 γι

789 1697 957 1751 Vens.
991 1697 1077 1749 H.
1123 1714 1140 1745 ι
1186 1693 1326 1759 Quid
1361 1692 1626 1761 proderit,
1664 1693 1861 1745 fratres
1899 1692 2029 1755 mei,
2063 1692 2109 1745 si
2137 1691 2296 1745 ﬁdem

714 1791 837 1854 quis
868 1789 1015 1840 dicat
1052 1802 1109 1840 se
1172 1787 1397 1851 habere,
1438 1800 1605 1852 opera
1670 1792 1850 1838 autem
1888 1800 1997 1837 non
2054 1783 2297 1838 habeat?

714 1880 971 1949 Nunquid
1008 1878 1207 1946 potetil
1232 1878 1366 1931 fides
1397 1878 1613 1932 salvare
1665 1877 1839 1931 eum?
1880 1896 1897 1929 ι
1936 1877 1993 1931 Si
2045 1877 2296 1946 proximo

716 1981 909 2025 nostro
941 1971 1183 2023 offensas
1224 1969 1631 2032 remiserimus,
1666 1979 1830 2035 atque
1865 1983 1991 2020 cum
2052 1967 2303 2036 indigeno

713 2064 861 2116 tibus
890 2064 1031 2116 bona
1066 2072 1256 2115 nostra
1291 2059 1913 2123 communicaverimus,
1941 2059 2107 2114 etiam
2136 2060 2302 2115 mise-

715 2155 953 2210 ricordia
1007 2155 1100 2209 Dei
1161 2169 1262 2208 nos
1304 2153 1541 2225 benigne
1580 2152 1853 2222 suscipiet
1917 2152 1972 2205 in
2044 2152 2153 2218 die,
2194 2166 2302 2221 qua

714 2248 1344 2317 discutietqumeunque
1376 2261 1407 2299 a
1449 2245 1608 2300 nobis
1660 2246 1715 2299 in
1777 2246 1881 2299 hac
1938 2245 2048 2298 vita
2110 2260 2303 2315 perpe-

717 2349 855 2395 trata
888 2341 1111 2395 fuerint.
1142 2340 1397 2408 Magnum
1429 2339 1578 2393 enim
1604 2347 1657 2393 et
1682 2339 2011 2408 praeclarum
2039 2347 2126 2393 est
2156 2338 2302 2393 istud

717 2433 952 2488 facmus.
990 2430 1469 2497 Quemadmodum
1515 2446 1545 2484 e
1596 2440 1822 2495 contra,
1885 2430 2072 2500 gravis
2100 2428 2305 2482 conde-

715 2526 924 2578 muatio
954 2524 1057 2577 erit
1085 2523 1175 2585 iis,
1201 2524 1295 2592 qui
1331 2537 1460 2590 erga
1494 2520 1747 2590 ejusdem
1775 2529 2071 2576 consortes
2094 2528 2305 2573 natura:

716 2615 951 2685 benigne
999 2612 1180 2667 affecti
1221 2629 1331 2667 non
1388 2613 1623 2667 fuerint.
1676 2611 1787 2666 Eos
1834 2611 2004 2676 enim,
2052 2613 2147 2681 qui
2175 2624 2301 2681 erga

714 2722 833 2771 eos,
860 2707 953 2776 qui
1014 2708 1067 2759 in
1124 2706 1278 2777 ipsos
1331 2712 1728 2775 peccaverunt,
1786 2703 2030 2756 immites
2076 2701 2304 2768 fuerint,

716 2798 843 2850 mali
918 2798 1063 2851 illius
1152 2796 1295 2850 servi
1375 2794 1769 2848 condemnatio
1840 2791 2303 2863 comprehendet,

715 2906 888 2960 eaque
919 2889 1229 2951 retributio,
1268 2904 1391 2958 qua:
1416 2888 1468 2941 in
1505 2886 1768 2941 Oratione
1801 2884 2087 2939 Dominica
2114 2884 2307 2937 subin-

714 2982 961 3044 dicatur,
1005 2982 1057 3035 in
1091 2997 1199 3050 qua
1232 2994 1496 3050 rogamus
1532 2978 1727 3042 Deum,
1762 2984 1821 3029 ut
1875 2996 1894 3028 ι
1932 2978 2091 3031 nobis
2115 2977 2305 3031 dimit-

719 3085 819 3141 tat,
844 3078 989 3131 sicut
1014 3085 1067 3131 et
1097 3091 1198 3130 nos
1220 3074 1559 3129 dimittimus
1580 3072 1928 3127 debitoribus
1948 3071 2155 3125 nosuis
2182 3073 2247 3123 "z
2281 3088 2301 3121 ι

716 3178 772 3222 et
819 3167 1354 3222 inuuisericordibus
1421 3166 1543 3235 (seu
1598 3166 1667 3218 iis
1701 3164 1798 3233 qui
1845 3163 1983 3217 dure
2012 3177 2070 3216 se
2108 3161 2311 3216 habent
2337 3145 2380 3203 (ἶ

718 3277 846 3330 erga
876 3261 1184 3330 indigentes
1221 3259 1531 3329 corporalis
1596 3258 1834 3326 alicujus
1890 3254 2309 3325 consolationis)

728 3371 745 3406 ι
806 3354 1077 3423 judicium
1136 3353 1258 3407 sine
1313 3351 1694 3406 misericordia
1730 3350 1845 3409 lict.
1879 3367 1898 3400 ι
1927 3379 1995 3387 —
2033 3367 2051 3399 ι
2108 3348 2315 3417 Super-

718 3447 924 3501 exaltat
956 3454 1137 3500 autem
1170 3444 1542 3499 inisericordta
1568 3444 1857 3513 judicium.
1891 3462 1911 3494 ›
1942 3472 2012 3482 -
2044 3460 2061 3491 ι
2101 3440 2315 3495 Miseri-

720 3538 918 3594 cordes
958 3558 977 3590 )
1013 3538 1181 3601 enim,
1220 3539 1377 3607 juxta
1430 3537 1647 3590 Domini
1684 3537 2043 3599 sententiam,
2082 3553 2100 3585 ι
2145 3536 2314 3589 mise-

720 3630 1019 3683 ricordiam
1064 3636 1478 3696 consequentur
1504 3628 1571 3681 ".
1614 3648 1631 3678 ι
1673 3626 1908 3681 Aliunde
1959 3641 2088 3680 vero
2150 3626 2315 3678 ctiam

723 3723 1039 3777 infidelibus
1094 3722 1396 3791 aliquando
1466 3721 1848 3775 misericordia
1925 3720 1982 3775 in
2029 3720 2349 3789 pauperes

723 3818 941 3869 veniam
968 3817 1219 3868 obtinere
1241 3815 1416 3868 valuit
1447 3814 1587 3882 (16),
1612 3823 1673 3866 ιιι
1707 3829 1772 3865 ex
1812 3812 2045 3867 historia
2079 3810 2316 3865 Danielis

726 3910 1142 3978 cognoscimus.
1180 3908 1322 3972 Quid
1364 3907 1533 3976 igitur
1562 3907 1617 3959 in
1674 3904 1928 3959 fidelibus
1993 3903 2311 3957 hominibus

728 4006 992 4065 pra-stare
1040 4013 1148 4050 non
1186 3997 1426 4066 poterit?
1452 3995 1598 4050 Sane
1654 3995 1787 4048 mihi
1816 3993 2037 4048 videtur
2087 3992 2309 4047 miseri-

725 4088 915 4142 cordia
976 4088 1204 4157 pcrinde
1264 4103 1325 4141 se
1357 4087 1583 4150 habere,
1621 4100 1687 4139 ac
1750 4086 1803 4138 in
1833 4085 2059 4138 athletis
2105 4083 2308 4144 oleum,

728 4181 872 4247 quod
899 4196 964 4234 ex
996 4180 1290 4233 arboribus
1318 4179 1628 4247 colligitur:
1662 4178 1808 4230 istud
1852 4191 2089 4245 namque
2112 4174 2309 4227 illitqu

726 4271 970 4329 athletis.
1016 4280 1243 4338 pra-Stat
1278 4270 1409 4329 illis.
1460 4277 1519 4320 ιιι
1571 4281 1801 4321 suorum
1860 4265 2308 4319 adversariorum

2483 1714 2501 1745 ι
2534 1694 2600 1748 Τί
2628 1696 2690 1749 τὸ
2719 1697 2935 1766 ὄφελος,
2967 1698 3187 1767 ἀδελφοί
3214 1717 3336 1766 μου,
3371 1699 3466 1752 ἐὰν
3508 1700 3695 1752 πίστιν
3737 1700 3874 1771 λέγῃ
3904 1717 3998 1763 τις

2404 1785 2573 1856 ἔχειν,
2614 1788 2751 1859 ἔργα
2783 1789 2840 1842 δὲ
2876 1789 2952 1857 μὴ
2978 1790 3118 1859 ἔχῃς
3159 1792 3252 1861 Μὴ
3274 1791 3558 1861 δύναταιὴ
3594 1792 3778 1854 πίστις
3812 1792 3998 1845 σῶσαι

2403 1880 2599 1945 αὖτόν;
2638 1899 2655 1931 ι
2688 1880 2810 1933 Τῶν
2865 1884 2942 1945 είς
2976 1883 3211 1947 ἑαυτοὺς
3265 1884 3687 1954 ἁμαρτημάτων
3743 1884 3996 1952 ἀφέντας

2403 1974 2550 2044 ἡμᾶς
2570 1978 2682 2037 τοῖς
2716 1975 2967 2044 πλησίον,
3007 1979 3100 2030 καὶ
3138 1978 3239 2045 τὴν
3276 1978 3383 2031 τῶν
3421 1978 3779 2048 ὑπαρχόντων
3827 1978 4001 2047 ἡμῶν

2407 2066 2693 2135 μετάδοσιν
2740 2069 3137 2132 κοινωνοῦντας
3187 2072 3301 2132 τοῖς
3360 2071 3625 2132 ἐνδεέσιν,
3686 2073 3714 2123 ὁ
3747 2070 3859 2123 ἀπὸ
3893 2071 3998 2123 τοῦ

2403 2156 2540 2209 Θεοῦ
2581 2159 2731 2223 ἔλεος
2750 2160 2899 2229 ἡμᾶς
2921 2161 2983 2213 ἐν
3014 2162 3080 2231 τῇ
3118 2160 3227 2213 τῶν
3261 2160 3613 2231 βεϐιωμένων
3649 2163 4003 2232 ἀναλήψεται

2402 2249 2695 2318 διαγ·.ὡσει
2739 2266 2752 2279 ·
2789 2252 2932 2323 μέγα
2959 2253 3068 2324 γὰρ
3111 2254 3171 2307 τὸ
3196 2254 3497 2325 διόρθωμαο
3529 2254 3719 2324 ὥσπερ
3752 2256 4008 2309 άπεναν·

2403 2340 2523 2403 τίας
2552 2340 2690 2411 βαρῦ
2722 2340 2781 2393 τὸ
2835 2342 3156 2413 κατάκριμα
3184 2346 3297 2402 τοῖς
3349 2344 3425 2413 μὴ
3464 2346 3602 2415 πρὸς
3641 2345 3702 2397 τὸ
3749 2346 4004 2415 ὀμοὶςυὲς

2403 2432 2791 2496 εὐσυνειδᾶτως
2822 2432 3171 2487 διατεθεῐσιν.
3217 2434 3341 2486 Ἐπί
3371 2453 3430 2487 τε
3467 2435 3576 2505 γὰρ
3606 2436 3713 2488 τῶν
3738 2439 3816 2499 εἰς
3855 2438 4005 2490 ἑαυ-

2404 2526 2532 2589 τοὺς
2555 2526 2664 2578 ἀπο
2692 2526 2801 2579 τῶν
2841 2527 3069 2596 πλησίον
3104 2526 3614 2598 πλημμεληθέντων
3641 2530 4006 2599 ἁσυμπαθῶς

2405 2618 2834 2687 διαγενομένων,
2878 2620 2939 2671 τὸ
2989 2618 3083 2672 τοῦ
3148 2618 3389 2688 πονηροῦ
3438 2620 3628 2673 δούλου
3672 2624 4009 2693 κατάκριμα

2408 2712 2839 2781 περιστοιχήσει,
2878 2712 3019 2779 μετὰ
3065 2712 3162 2766 καὶ
3190 2712 3285 2766 τοῦ
3333 2714 3390 2766 ἐν
3425 2716 3489 2783 τῇ
3521 2715 3654 2785 εὐχῇ
3691 2716 4009 2769 ἀνταποδό-

2410 2819 2601 2872 ματος.
2649 2804 2757 2855 Καὶ
2812 2803 2921 2872 γάρ
2966 2804 3190 2872 ἀφιέναι
3236 2805 3371 2874 ἡμῖν
3397 2807 3568 2875 eum;
3608 2809 3824 2877 αἴτησις
3857 2810 4008 2877 πρὸς

2408 2895 2562 2957 Θεὸν,
2590 2913 2609 2944 ι
2621 2894 2801 2958 καθὼς
2818 2896 3089 2964 καὶΙήμεῖς
3104 2913 3122 2946 ι
3145 2897 3257 2958 τοῖς
3276 2899 3353 2958 είς
3370 2899 3520 2967 ἡμᾶς
3536 2899 4012 2969 πλημμελήσασιν

2415 3008 2436 3037 σ
2468 2987 2722 3056 ἀφίεμεν.
2759 3006 2777 3037 ι
2821 2987 2931 3040 Καὶ
2957 2989 3072 3050 τοίς
3097 2988 3365 3057 ἀνηλεῶς,
3392 2990 3512 3058 ἦτοι
3546 2991 3824 3060 σκληρῶς,
3858 2992 4009 3062 πρὸς

2382 3066 2536 3138 ¹τοὺς
2574 3074 2879 3145 χρῄζοντας
2913 3082 3237 3148 σωματικῆς
3302 3080 3653 3150 παραμυθίας
3711 3081 4009 3153 διακειμέ-

2414 3185 2547 3231 νοις,
2575 3185 2593 3218 ι
2626 3166 2866 3237 ἀνηλεῶς
2898 3168 2931 3237 ἡ
2963 3169 3146 3237 κρίσις
3185 3170 3579 3241 ἁπαντήσπαι.
3618 3191 3637 3223 ι
3665 3203 3732 3214 -
3756 3192 3774 3224 ι
3810 3175 4011 3227 Κατα-

2416 3261 2689 3329 καυχᾶται
2716 3259 2773 3312 δὲ
2804 3259 3227 3331 ἕλεοςκρίσεως.
3260 3281 3278 3312 ι
3312 3291 3380 3303 -—
3409 3282 3425 3314 ι
3457 3265 3648 3333 Οίγᾶρ
3678 3265 4007 3334 ἐλεήμονες,

2418 3347 2669 3417 κατάρην
2690 3348 2785 3400 τοῦ
2802 3350 3007 3415 Κυρίου
3036 3351 3332 3419 ἀπόρασιν,
3354 3372 3372 3401 ι
3392 3354 3835 3423 ἐλεηθήσονται.»
3866 3358 4008 3410 Ἀλ-

2418 3439 2525 3500 λως
2554 3456 2638 3504 τε,
2676 3444 2769 3493 καὶ
2797 3439 2859 3512 [Ῑ.
2897 3442 3027 3496 add.
3056 3442 3127 3515 si]
3190 3445 3606 3515 εἰδωλολάτραις
3660 3449 3689 3499 ὁ
3736 3448 3818 3509 είς
3871 3452 4010 3514 τοὺς

2420 3532 2661 3601 πένητας
2687 3532 2835 3589 ἔλεος
2864 3534 3058 3602 ἄφεσιν
3082 3531 3189 3588 οἶδε
3226 3538 3495 3605 πορίζειν,
3523 3539 3598 3601 ὡς
3622 3543 3679 3591 ἐν
3709 3539 3786 3609 τῷ
3800 3542 4012 3611 Δανιὴλ

2418 3620 2757 3691 ἠκούσαμεν,
2783 3622 2835 3675 τί
2869 3625 2970 3677 οὐκ
3003 3625 3069 3678 ἂν
3097 3626 3394 3695 ἐργάσαιτο
3422 3630 3517 3680 ἐπὶ
3550 3630 3759 3683 πιστῶν
3786 3631 4014 3702 ἀνθρὼ-

2416 3732 2563 3780 πωνς
2606 3716 2831 3769 Τοιοῦτο
2869 3716 2926 3770 δέ
2981 3734 3075 3787 μοι
3115 3719 3264 3772 δοκεί
3296 3713 3454 3782 οὗτος
3484 3723 3512 3773 ὁ
3545 3722 3696 3783 ἔλεος
3725 3724 4009 3795 διαπράτ-

2413 3805 2625 3869 τεσθαι,
2662 3805 2853 3875 ὥσπερ
2914 3808 3009 3861 ἐπὶ
3046 3808 3155 3861 τῶν
3189 3810 3249 3862 ἐν
3283 3811 3521 3874 σταδίοις
3570 3812 3901 3879 ἀθλούντων,
3943 3816 4011 3867 τὸ

2411 3898 2519 3949 ἀπ’»
2558 3898 2667 3950 τῶν
2717 3900 2952 3970 δένδρων
2999 3902 3210 3953 ἔλαιον·
3261 3903 3696 3972 ἐπαλειφόμενον
3723 3909 3835 3976 γάρ
3883 3911 4009 3971 τοῖς

2412 3987 2693 4057 ἀθληταῖς,
2751 3989 3132 4044 διολισθαίνειν
3165 3992 3351 4046 δίδωσι
3392 3995 3490 4057 τὰς
3526 3995 3635 4047 τῶν
3681 3998 4007 4052 ἀντιπάὶων

2415 4074 2583 4139 λαϐάς
2609 4093 2622 4107 ·
2658 4075 2832 4142 οὕτως
2864 4080 2961 4132 καὶ
2988 4080 3045 4130 ἐν
3091 4084 3158 4151 τῇ
3186 4082 3389 4152 κρίσει,
3420 4086 3447 4135 ὁ
3481 4086 3563 4147 εἰς
3607 4085 3734 4145 τοὺς
3762 4086 4009 4156 πένητας

2428 4168 2587 4237 ἡμῶν
2616 4170 2786 4234 ἕλεος,
2840 4173 2941 4235 τὰς
2970 4173 3082 4227 τῶν
3118 4174 3393 4244 δαιμόνων
3435 4177 3707 4246 ἐπιφορὰς
3738 4178 4014 4249 διαδιδρά-

2426 4278 2580 4313 σκειν
2608 4263 2925 4334 παρέξεται.

726 4364 1121 4432 ιιι-ιιιιοιιεὶοιιεε
1172 4361 1487 4423 elabantur,
1536 4358 1675 4414 adeo
1736 4367 1796 4412 ut
1829 4358 2004 4412 teneri
2052 4358 2121 4410 ab
2150 4356 2287 4425 ipsis

2409 4370 2434 4405 ιι
2469 4357 2707 4422 possint.
2736 4354 2810 4410 Ita
2842 4358 2973 4411 etin
3001 4358 3231 4428 judicio,
3308 4362 3354 4416 si
3418 4377 3582 4432 quam
3648 4364 4011 4420 habuerimus

729 4460 783 4511 in
851 4470 1123 4526 pauperes
1172 4452 1635 4515 misericordiam,
1687 4464 1752 4504 ea
1814 4449 2097 4519 praestabit
2154 4448 2339 4515 nobis,

726 4554 1033 4608 valeamus.

804 4648 966 4698 Vsus.
997 4644 1086 4706 15,
1116 4642 1199 4696 ιο.
1231 4658 1250 4691 ι
1285 4640 1343 4693 Si
1374 4648 1556 4693 autem
1584 4638 1750 4693 frater
1766 4646 1822 4691 et
1844 4651 2003 4692 soror
2025 4636 2156 4690 nudi
2186 4636 2317 4701 sint,
2352 4643 2400 4700 ι)

730 4748 782 4791 et
814 4738 1092 4805 indigeant
1121 4736 1269 4789 victu
1302 4732 1645 4802 quotidiana,
1710 4731 1859 4784 dicat
1905 4740 2087 4783 autem
2115 4729 2317 4797 aliquis

731 4844 797 4882 ex
832 4828 988 4880 vobis
1022 4826 1152 4887 illis,
1196 4822 1275 4877 lte
1304 4826 1355 4876 in
1391 4837 1525 4892 pace
1550 4860 1565 4885 ,
1599 4819 1991 4881 calefacitnini,
2022 4827 2075 4873 et
2102 4827 2317 4872 satura-

734 4922 895 4985 mini,
955 4937 1061 4974 non
1118 4919 1382 4973 dederitis
1436 4928 1618 4970 autem
1664 4918 1764 4979 eis,
1826 4932 1947 4985 quae
2002 4916 2315 4970 necessaria

734 5021 867 5065 sunt
896 5011 1136 5078 corpori,
1167 5009 1301 5079 quid
1333 5007 1603 5077 prodest?
1643 5025 1662 5057 ι
1698 5006 1943 5061 Observa
1972 5007 2314 5075 spiritualem

735 5118 981 5156 sensum.
1022 5101 1139 5154 Non
1167 5102 1313 5154 enim
1365 5101 1507 5154 dixit
1551 5098 1955 5161 tantummodo,
1994 5116 2013 5149 ι
2057 5098 2115 5151 Si
2155 5098 2314 5151 fidem

738 5198 964 5259 habeas,
1003 5215 1020 5246 ι
1076 5195 1172 5249 sed
1215 5212 1233 5245 ι
1272 5194 1411 5259 Quid
1476 5192 1744 5262 prodest?
1787 5211 1804 5242 ι
1846 5206 1910 5247 ac
1962 5192 2008 5246 si
2075 5192 2315 5245 diceret:

738 5289 981 5344 Ostende
1014 5289 1144 5342 mihi
1177 5304 1340 5357 opus,
1376 5288 1446 5341 ob
1480 5287 1627 5355 quod
1660 5286 1819 5340 talem
1868 5285 1965 5337 tibi
1995 5283 2320 5353 appellatio-

742 5396 864 5434 nem
927 5379 1269 5447 adjudicem:
1310 5381 1414 5431 hoe
1454 5385 1538 5432 est.
1563 5377 1709 5431 enim
1766 5391 1907 5445 opus
1962 5373 2109 5427 fidei.
2161 5372 2320 5438 Quod

741 5471 815 5523 ait
845 5470 1028 5540 igitur,
1059 5469 1370 5538 bujusuiodi
1397 5477 1515 5523 est:
1548 5466 1603 5520 Si
1644 5466 1770 5535 quis
1800 5480 1963 5535 opere
1994 5479 2104 5519 non
2133 5472 2323 5519 osten-

2420 4456 2478 4499 ιιι
2530 4449 2840 4504 dauuonnm
2908 4453 3166 4522 impetus,
3222 4465 3388 4525 atque
3454 4457 3695 4512 insultus
3764 4456 4027 4527 effugero

2504 4655 2522 4687 ι
2565 4636 2689 4688 Ἐὰν
2718 4635 2775 4688 δὲ
2808 4636 3060 4705 ἀδελφὸς,
3112 4636 3144 4706 ἦ
3188 4636 3392 4709 ἀδελφὴ
3432 4639 3631 4708 γυμνοὶ⁵
3693 4640 4008 4711 ὑπάρχωσι,

2422 4727 2519 4779 καὶ
2558 4728 2869 4797 λειπόμενοι
2924 4723 3029 4781 ὦσι
3049 4730 3148 4798 τῆς
3181 4730 3463 4800 ἐφημέρου
3512 4730 3755 4801 τροφῆς,
3790 4732 3924 4805 εἴπῃ
3951 4733 4011 4785 δέ

2420 4837 2505 4882 τις
2558 4822 2746 4883 αὐτοῖς
2777 4820 2836 4886 ἐξ
2861 4822 3047 4889 ὑμῶν·
3091 4821 3365 4889 Ὑπάγετε
3420 4825 3481 4874 ἐν
3513 4824 3729 4892 εἰρήνῃ,
3772 4822 4013 4893 θερμαί-

2421 4913 2575 4965 νεσθε
2618 4916 2712 4965 καὶ
2746 4913 3101 4982 χορτάζεσθε,
3148 4914 3225 4984 μὴ
3250 4913 3373 4965 δότε
3418 4913 3476 4966 δέ
3510 4914 3692 4976 αὐτοῖς
3722 4914 3789 4966 τὰ
3812 4916 4011 4983 ἐπιτή-

2421 5002 2539 5055 δεια
2579 5003 2673 5055 τοῦ
2722 5003 2995 5072 σώματος,
3025 5003 3080 5054 τί
3109 5005 3169 5057 τὸ
3194 5004 3421 5073 ὅφελοςς
3463 5024 3480 5055 ι
3521 5004 3719 5057 Σκόπει
3754 5022 4009 5073 πνευμα-

2418 5098 2578 5165 τικὴν
2630 5097 2867 5150 σύνεσιν,
2902 5098 2976 5149 Οὐ
3022 5097 3131 5165 γὰρ
3180 5093 3298 5149 εἶπε
3348 5098 3532 5167 μόνον,
3567 5116 3587 5148 ι
3638 5098 3765 5150 Ἐάν
3817 5098 4011 5150 πίστιν

2422 5188 2573 5259 ἔχῃς,
2610 5207 2629 5239 ι
2670 5189 2827 5253 ἀλλὰ,
2864 5208 2881 5238 ι
2936 5188 3001 5240 Τί
3042 5189 3101 5240 τὸ
3133 5187 3356 5255 ὅφελοςς
3409 5206 3427 5239 ι
3484 5188 3674 5257 ὥσπερ
3718 5190 3767 5240 εἰ
3817 5188 4009 5255 ἔλεγε·

2424 5280 2606 5343 Δεῖξὸν
2641 5298 2732 5349 μοι
2760 5281 2821 5333 τὸ
2852 5282 3087 5351 πρᾶγμα
3117 5281 3211 5348 ἀφ’
3236 5274 3296 5332 οὗ
3334 5278 3462 5351 [σοι]
3489 5280 3587 5350 τὴν
3634 5279 4014 5350 προσηγορίαν

2424 5372 2633 5443 ταύτην
2680 5374 2993 5442 λογίσομαι.
3032 5373 3205 5426 Τοῦτο
3256 5374 3362 5442 γάρ
3395 5375 3495 5441 τῆς
3546 5374 3784 5436 πίστεως
3824 5373 4011 5443 ἔργον.

2434 5469 2498 5519 Ὃ
2524 5467 2578 5519 δὲ
2612 5467 2783 5534 λέγει,
2815 5467 3057 5521 τοιοῦτόν
3090 5469 3268 5520 ἐστιν·
3310 5466 3435 5519 Ἐάν
3472 5467 3547 5537 μὴ
3580 5466 3726 5536 ἔργῳ
3748 5465 3901 5538 δείξῃ
3931 5483 4013 5530 τις

816 5610 858 5642 ’⁸
886 5609 929 5663 ll
972 5608 1116 5663 Pctr.
1154 5625 1214 5674 ιι,
1250 5610 1335 5663 19.
1415 5608 1457 5639 ¹’
1494 5607 1683 5660 Matth.
1719 5621 1793 5669 ιι,
1831 5602 1915 5655 12.
1992 5602 2037 5632 ¹⁶
2063 5600 2253 5653 Matth.
2286 5616 2338 5664 ι’,
2370 5600 2426 5654 7.

1980 5732 2285 5796 Bonifacii
2334 5730 2557 5791 Finetti
2606 5738 2793 5789 notm.

814 5850 931 5922 (16)
962 5848 1203 5918 lntellige
1232 5847 1410 5918 quoad
1445 5859 1660 5915 penam
1698 5842 2108 5911 temporariam.
