4162 6442
150 408 286 475 1157

971 409 1372 473 EXPOSlTIO
1399 410 1478 471 ΙΝ
1521 408 1756 469 EPIST.
1793 412 1853 471 S.
1906 409 2185 471 JACOBI.
2232 437 2298 447 ·-
2334 410 2491 476 CAP.
2534 413 2618 476 II.

3273 414 3410 481 1158

148 526 231 577 ὅτι
268 522 519 574 πιστεύει
549 521 621 592 τῷ
652 521 793 591 Θεῷ,
826 525 1055 594 περιττὴ
1087 525 1181 575 καὶ
1223 523 1256 593 ή
1298 522 1602 593 κατηγορία
1635 522 1728 574 τοῦ
1760 573 1765 584 ,

1854 523 1948 587 lat,
2011 538 2070 578 se
2125 523 2350 578 credere
2411 522 2539 590 Deo,
2592 522 2927 594 superﬂuum
2989 525 3151 580 etiam
3210 540 3294 584 est
3350 548 3411 586 se

151 617 346 668 πιστον
396 615 673 681 λέγεσθαι.
728 615 802 667 Ού
850 616 958 685 γὰρ
1007 617 1035 668 ὁ
1087 616 1271 678 ἁπλῶς
1321 616 1494 682 λέγων
1542 615 1735 667 ἑαυτὸν

151 703 289 761 εἶναι
324 707 420 758 τοῦ
456 708 682 776 Κυρὲου,
717 698 871 769 οὗτός
903 708 1019 759 ἐστι
1068 709 1280 772 πιστὸς,
1335 707 1449 758 ἀλλ’
1496 708 1523 757 ὁ
1563 705 1735 768 οὕτως

152 800 387 864 ἀγαπῶν
410 799 500 850 τὸν
536 798 740 866 Κύριον
775 800 850 861 ὡς
877 798 966 852 διὰ
998 799 1095 869 τὴν
1126 801 1204 862 εἰς
1239 799 1401 852 αὑτὸν
1437 799 1619 851 πίστιν
1645 798 1737 851 καὶ

153 892 388 945 θανάτου
431 892 789 961 κατατολμῶν
934 891 1098 964 -μᾷν]
1183 892 1277 945 καὶ
1308 893 1389 945 ὅτι
1437 888 1595 955 οὗτος
1630 892 1736 945 τῶν

153 984 592 1052 προκειμέιίωνὸ
634 982 859 1046 σκοπὸς,
914 982 984 1035 τὰ
1032 982 1410 1051 ὑποδείγματα
1458 982 1734 1052 δηλοῦσιν.

163 1073 423 1142 Ἀϐραὰμ
445 1073 572 1142 γὰρ,
608 1075 794 1142 φησιν,
827 1072 975 1143 ἔργῳ
1004 1072 1206 1137 ἔδειξεν
1232 1074 1311 1126 ὅτι
1344 1073 1630 1126 ἐπίστευσε
1660 1073 1737 1143 τῷ

151 1166 295 1234 Θεῷ,
349 1164 657 1233 ἀνενεγκὼν
709 1168 790 1229 εὶς
833 1166 1215 1237 ὁλοκὰρπωσιν
1247 1167 1339 1220 τὸν
1370 1167 1733 1236 πρωτότοκον.

163 1257 401 1326 Ὀμοέως
453 1258 509 1309 δὲ
556 1260 647 1309 καὶ
715 1257 886 1311 Ῥαὰϐ
943 1257 1293 1313 πιστεύσασα
1358 1260 1736 1330 κατεφρόνησε

153 1352 411 1407 θανάτου.

230 1463 249 1494 ι
290 1444 449 1497 Οὕτω
470 1444 564 1497 καὶ
598 1445 631 1513 ή
662 1443 865 1507 πίστις.
893 1443 988 1497 ἐὰν
1019 1444 1093 1514 μὴ
1122 1443 1258 1516 ἔργα
1280 1444 1595 1515 ἔχῃννεκρά
1622 1444 1738 1498 ἐστι

151 1539 278 1591 καθ’
312 1539 538 1607 ἑαυτήν.
583 1537 721 1591 Ἀλλ’
753 1538 871 1608 ἐρεῖ
897 1554 979 1601 τις
1003 1554 1019 1569 ο
1070 1539 1141 1592 Σὺ
1170 1539 1350 1592 πίστιν
1400 1538 1543 1609 ἔχεις
1582 1536 1739 1607 κάγὼ

153 1631 294 1699 ἔργα
323 1631 455 1701 ἔχω.
500 1630 681 1697 Δεῖξον
718 1648 809 1701 μοι
851 1631 952 1701 τὴν
982 1631 1167 1684 πίστιν
1208 1649 1299 1684 σου
1332 1635 1396 1685 ὲκ
1423 1633 1530 1685 τῶν
1563 1633 1739 1703 ἔργων

156 1739 280 1783 σου,
316 1719 474 1788 κάγὼ
504 1720 665 1785 δείξω
697 1738 779 1774 σοι
829 1722 891 1773 ὲκ
926 1720 1035 1774 τῶν
1066 1721 1246 1793 ἔργων
1279 1740 1381 1791 μου
1412 1722 1511 1792 τὴν
1558 1724 1740 1777 πίστιν

158 1832 288 1882 μου.
330 1815 402 1867 Σὺ
445 1814 721 1875 πιστεύεις
747 1814 829 1867 ὅτι
852 1809 935 1878 εἷς
971 1814 1101 1877 Θεός
1124 1816 1241 1868 ἐστι
1264 1830 1277 1842 '
1319 1815 1497 1878 καλῶς
1532 1818 1735 1878 ποιεῖς·

1838 614 2118 682 appellare
2145 614 2381 669 ﬁdelem.
2409 614 2524 667 Non
2549 614 2694 669 enim
2727 616 2819 684 qui
2848 614 2992 670 nude
3018 616 3169 679 dicit,
3201 636 3260 674 se
3288 636 3413 675 esse

1840 703 2079 766 Dotnini,
2147 706 2195 760 is
2232 706 2404 759 ﬁdelis
2438 714 2559 771 est;
2618 706 2715 759 sed
2772 708 2864 777 qui
2925 706 3091 761 Deum
3144 709 3301 779 333
3340 712 3414 766 ita

1838 796 2039 863 diligit,
2074 804 2131 849 ut
2163 805 2382 866 propter
2422 798 2580 850 Iidem
2642 797 2696 850 in
2746 797 2925 867 ipsqu
2976 800 3140 853 etiam
3180 812 3409 856 mortem

1838 888 2025 941 subire
2058 896 2281 956 paratus
2306 888 2396 941 sit.
2437 888 2498 942 lit
2533 889 2676 959 quod
2730 888 3044 957 ltujusmodi
3104 892 3177 946 sit
3210 908 3412 962 propo-

1839 980 2069 1033 sitorum
2120 994 2343 1048 smpns,
2397 984 2667 1051 exempla,
2700 996 2820 1051 quae
2864 981 3185 1048 aﬁ‘eruntur,
3226 984 3413 1040 decla-

1840 1081 1985 1124 rant.
2021 1071 2291 1125 Abraham
2350 1073 2523 1136 enim,
2582 1075 2782 1144 inquit,
2832 1090 3000 1145 opere
3038 1077 3304 1145 ostendit,
3355 1093 3416 1134 se

1839 1162 2145 1217 credidisse
2181 1163 2313 1228 Deo,
2348 1179 2473 1219 cum
2522 1166 2721 1221 obtulit
2764 1169 2818 1222 in
2862 1168 3245 1223 holocaustum
3302 1172 3417 1239 pri-

1841 1256 2172 1323 mogenitum
2222 1272 2405 1311 suum.
2446 1257 2712 1311 Similiter
2748 1268 2802 1313 et
2852 1261 3026 1327 Raab,
3060 1277 3185 1316 cum
3237 1261 3416 1316 credi-

1839 1347 2033 1410 disset,
2076 1355 2307 1402 mortem
2355 1349 2706 1419 contempsit.

1911 1437 2081 1493 Vens.
2116 1440 2299 1493 17-19.
2340 1460 2358 1491 ι
2405 1441 2496 1496 Sic
2523 1450 2574 1494 et
2606 1440 2761 1506 ﬁdes,
2793 1442 2837 1496 si
2868 1458 2973 1495 non
3009 1441 3207 1497 habeat
3229 1459 3413 1513 opera,

1842 1544 2058 1589 mortua
2084 1546 2167 1589 est
2193 1538 2245 1587 in
2277 1535 2591 1605 semetipsa.
2649 1535 2755 1589 Sed
2795 1536 2940 1591 dicet
2968 1538 3111 1607 quis,
3142 1535 3221 1591 Tu
3260 1538 3416 1592 ﬁdem

1842 1626 2035 1692 habes,
2097 1634 2152 1681 et
2183 1642 2281 1695 ego
2337 1641 2501 1695 opera
2540 1626 2748 1680 habeo:
2803 1632 3028 1682 ostende
3076 1630 3205 1683 mihi
3257 1629 3417 1684 ﬁdem

1842 1728 1989 1772 tuam
2046 1735 2113 1773 ex
2146 1718 2442 1787 operibus;
2472 1728 2525 1772 et
2580 1734 2679 1789 ego
2710 1720 2997 1774 ostendam
3049 1720 3144 1774 tibi
3174 1736 3241 1774 ex
3288 1735 3419 1789 ope-

1846 1811 1996 1864 ribus
2034 1810 2190 1864 iidem
2223 1826 2420 1863 meam.
2458 1809 2539 1862 Tu
2572 1811 2770 1875 credis,
2802 1811 2945 1880 quod
2977 1826 3121 1866 unus
3147 1822 3224 1865 est
3254 1809 3417 1866 Deus:

157 1906 252 1957 καὶ
290 1905 361 1957 τὰ
416 1905 670 1975 δαιμόνια
713 1907 1031 1960 πιστεύουσι
1080 1908 1173 1960 καὶ
1219 1908 1525 1976 φρίττουσι.
1575 1928 1592 1959 ι
1627 1908 1739 1961 Οὐκ

1854 1908 1979 1958 bene
2014 1902 2187 1957 facis:
2254 1912 2308 1958 et
2379 1903 2659 1957 diemones
2705 1903 2957 1967 credunt,
3012 1916 3067 1957 et
3125 1909 3421 1959 contremi-

156 1997 486 2065 ἁντιφὰσκει
517 1997 691 2051 ταῦτα
738 1997 817 2067 τῷ
870 1999 1127 2070 μακαρίῳ
1187 1999 1416 2068 Παύλῳ·
1463 2002 1604 2054 κατὰ
1648 2002 1742 2055 δύο

158 2089 269 2158 γὰρ
308 2091 725 2158 σημαινομένων
757 2089 850 2143 τοῦ
889 2091 988 2160 τῆς
1028 2090 1262 2155 πίστεως
1293 2093 1557 2163 ὀνόματος
1586 2112 1743 2164 φερο-

157 2181 329 2247 μένου
353 2180 443 2232 ἐπί
472 2197 531 2233 τε
573 2181 670 2251 τῆς
693 2181 870 2251 ἁπλῆς
916 2181 1009 2235 τοῦ
1038 2183 1365 2253 φαινομένου
1404 2185 1743 2252 συγκαταθέ-

160 2288 323 2333 σεως.
382 2272 570 2325 Πίστιν
602 2273 711 2343 γὰρ
749 2273 1023 2343 εἰώθαμεν
1056 2275 1149 2327 καὶ
1189 2275 1345 2328 τοῦτο
1373 2276 1573 2343 λέγειν,
1609 2277 1743 2331 καθὸ

159 2362 254 2413 καὶ
305 2365 431 2423 τοὺς
477 2363 739 2432 δαίμονας
786 2363 1031 2433 ἔγνωμεν
1066 2365 1344 2419 πιστεύειν
1373 2368 1450 2430 είς
1486 2369 1740 2437 Χριστὸν,

158 2457 241 2506 ὅτι
274 2455 406 2516 Υἱός
436 2455 553 2507 ἐστι
582 2453 673 2508 τοῦ
710 2455 843 2508 Θεοῦ
871 2474 883 2486 ·
921 2457 1012 2510 καὶ
1035 2456 1201 2510 πάλιν
1231 2458 1329 2527 τὴν
1358 2458 1423 2511 ὲκ
1451 2459 1743 2523 διαθέσεως

160 2541 597 2611 ἐπακολούθησιν
654 2544 792 2615 μετὰ
853 2544 1077 2613 βεϐαίας
1137 2547 1588 2614 συγκαταθέσεως
1645 2548 1746 2619 [τῷ

164 2633 265 2701 τῆς
311 2635 549 2697 πίστεως
584 2637 936 2706 προσρήματι
975 2638 1285 2691 καλούντων
1315 2638 1520 2711 made
1552 2641 1579 2692 ὁ
1604 2640 1746 2704 θεῖος

175 2724 439 2788 Ἰάκωϐος
462 2725 560 2797 τὴν
588 2727 767 2797 ἁπλῆν
790 2729 1198 2795 συγκαταϐασιν
1222 2732 1423 2798 νεκρὰν
1452 2727 1591 2785 εἷναί
1615 2750 1746 2803 φησι

168 2815 405 2887 ιπέστιν]
436 2818 511 2880 ὡς
535 2818 870 2889 ἀμοιροῦσαν
891 2820 999 2873 τῶν
1026 2822 1528 2893 ἀναζωπυρούντων
1549 2824 1746 2893 ἔργων.

166 2906 380 2970 Παῦλος
416 2907 470 2960 δὲ
522 2909 691 2979 αὐτὴν
720 2911 784 2963 ὲκ
842 2910 1134 2974 διαθέσεως
1184 2911 1329 2979 λέγει
1371 2912 1577 2977 πίστιν,
1627 2914 1748 2983 ἥτις

169 3000 413 3068 μάλιστα
458 3000 558 3053 οὐκ
591 3001 884 3072 ἐστέρηται
936 3002 1148 3072 ἔργων’
1204 3003 1303 3057 οὐκ
1334 3004 1399 3057 ἂν
1447 3006 1554 3074 γὰρ
1612 3004 1749 3077 αὓτη

165 3092 403 3160 διακένῳ
433 3091 645 3160 σεμνῷῆ
676 3092 852 3163 ἔργων
875 3095 1169 3163 ἐγγένοιτο.
1198 3094 1335 3149 Οὐδὲ
1359 3096 1467 3167 γὰρ
1503 3097 1751 3168 Ἀϐραὰμ

1851 2003 2031 2049 scunt.
2077 2015 2095 2047 ›
2131 1993 2248 2049 Non
2281 2006 2411 2049 sunt
2465 1996 2568 2049 ista
2594 1994 2868 2049 contraria
2895 1995 3020 2049 diro
3066 1994 3253 2050 Paulo.
3285 1997 3421 2050 Cum

1843 2087 1987 2140 cnim
2027 2101 2221 2141 nomen
2262 2086 2384 2140 ﬁdei
2442 2087 2553 2141 duo
2590 2085 2906 2155 signiﬁcare
2954 2089 3165 2144 Valeat:
3199 2103 3325 2142 nam
3363 2098 3420 2143 et

1845 2178 2146 2246 simplicem
2178 2180 2378 2233 mentis
2397 2178 2475 2233 rei
2502 2182 2785 2247 apparenti
2821 2195 3108 2233 assensum
3144 2179 3422 2234 interdum

1847 2270 2153 2339 signiﬁcat;
2206 2270 2365 2324 ﬁdem
2416 2284 2653 2338 namque
2699 2268 2893 2324 ethoc
2954 2270 3138 2325 dicere
3181 2272 3427 2326 solemus

1848 2364 1974 2431 (qua
2028 2362 2240 2416 ratione
2268 2368 2323 2417 et
2376 2361 2653 2417 daemones
2707 2362 2931 2416 credere
2963 2362 3238 2425 novimus,
3275 2363 3420 2431 quod

1846 2456 2100 2511 Christus
2130 2454 2201 2511 sit
2231 2453 2404 2510 Filius
2440 2452 2557 2525 Dei)
2593 2472 2608 2520 ;
2644 2462 2696 2509 et
2734 2470 2926 2507 rursus
2976 2454 3423 2509 consecutionem

1847 2566 1909 2605 ex
1972 2548 2265 2603 aﬁectione
2321 2546 2485 2602 simul
2543 2562 2669 2600 cum
2745 2545 2903 2599 ﬁrmo
2982 2560 3236 2607 assensu,
3298 2545 3424 2600 ﬁdei

1848 2639 2074 2694 nomine
2115 2639 2458 2717 appellamus
2506 2656 2519 2691 :
2572 2645 2799 2692 sanctus
2841 2636 3079 2693 Jacobus
3123 2639 3428 2707 simplicem

1850 2732 2003 2786 illum
2037 2746 2325 2786 assensum
2349 2730 2509 2785 ﬁdem
2541 2748 2557 2780 ι
2593 2742 2865 2783 mortuam
2904 2749 2921 2781 ι
2948 2731 3211 2799 appellat,
3235 2740 3429 2800 utpote

1854 2823 2265 2877 viviﬁcantibus
2313 2822 2576 2891 operibus
2607 2823 2953 2877 destitutam.
2985 2823 3188 2879 Paulus
3244 2833 3426 2877 autem

1851 2927 1970 2965 eam
1995 2928 2115 2980 quae
2154 2928 2220 2967 ex
2257 2912 2548 2965 aﬂ'ectione
2573 2920 2678 2972 est,
2715 2919 2876 2967 vocat
2937 2912 3121 2978 ﬁdem,
3149 2929 3271 2981 quae
3297 2927 3432 2968 sane

1853 3011 2061 3059 nonest
2089 3002 2350 3072 operibus
2380 3018 2551 3057 vacua
2575 3003 2687 3072 (l7)
2720 3021 2733 3057 :
2764 3018 2940 3073 neque
2961 3006 3107 3058 enim
3141 3004 3229 3058 illa
3262 3005 3433 3060 hone-

1854 3096 1955 3149 stis
1991 3095 2252 3163 operibus
2286 3110 2456 3147 vacno
2484 3094 2901 3161 ingeneraretur
2925 3095 3062 3163 (18).
3091 3093 3226 3149 Nam
3253 3111 3432 3166 neque

166 3184 326 3254 ἔτυχε
374 3185 579 3253 ταύτης
613 3184 687 3256 μὴ
722 3187 984 3257 πρότερον
1037 3187 1460 3258 διηγωνισμένος
1509 3191 1608 3259 τὴν
1642 3208 1749 3243 πα-

1854 3187 2130 3241 Abraham
2166 3188 2306 3241 hanc
2328 3195 2661 3240 consecutus
2696 3194 2801 3249 est,
2835 3195 3126 3256 antequam
3163 3194 3433 3241 certasset

165 3277 364 3347 τρικὴν
413 3276 739 3330 ἀπώσασθαι
784 3279 1093 3342 ἀσθένειαν,
1143 3274 1297 3347 ᾧτινι
1337 3282 1678 3351 ἀγωνίσματι
1714 3285 1747 3354 ἠ

170 3371 358 3431 πίστις
420 3369 654 3422 ἔπαθλον
720 3370 1069 3438 ἐϐραϐεύετο.
1116 3372 1253 3424 ⁹Α).λ’
1305 3374 1482 3442 ἔργων
1545 3376 1751 3445 ταύτην

170 3462 501 3530 προέκρινεν
530 3463 557 3514 ὁ
590 3461 798 3524 Παῦλος
840 3461 949 3514 τῶν
976 3462 1119 3515 κατὰ
1146 3463 1309 3533 νόμον
1341 3464 1749 3535 σαϐϐατισμῶν,

168 3560 265 3612 καὶ
299 3559 628 3628 περιτομῆς,
660 3559 755 3612 καὶ
784 3559 893 3612 τῶν
931 3559 1133 3612 λοιπῶν
1165 3561 1470 3629 ἁγνισμῶν.
1503 3562 1607 3614 Δύο
1641 3564 1750 3632 γὰρ

171 3652 266 3704 καὶ
300 3652 391 3702 ἐπὶ
425 3650 532 3701 τῶν
575 3649 752 3720 ἔργων
786 3652 981 3720 ὁρᾶται
1026 3651 1095 3703 τὰ
1144 3652 1539 3721 σημαινῦμενα.
1575 3653 1751 3720 Ἔργα

169 3741 281 3813 γὰρ
314 3742 411 3795 καὶ
448 3740 517 3807 τᾲ
546 3741 643 3812 τὴν
668 3739 853 3793 πίστιν
879 3739 1199 3809 βεϐαιοῦντα
1221 3740 1460 3807 λέγεται,
1487 3734 1562 3793 ὧν
1591 3743 1752 3811 ἀμοι-

1858 3282 1923 3336 ad
1958 3289 2243 3350 paternam
2299 3279 2663 3349 repellendam
2720 3279 3148 3334 imbecillitatem
3182 3280 3317 3349 (l9),
3344 3282 3433 3335 cui

1859 3373 2146 3427 certamini
2174 3372 2306 3427 ﬁdes
2326 3373 2377 3425 in
2405 3370 2687 3441 praemium
2705 3371 2828 3424 data
2852 3380 2933 3425 est
2964 3372 3097 3442 (ΞΟ).
3128 3371 3277 3426 lianc
3303 3388 3436 3427 vero

1859 3463 2062 3517 Paulus
2092 3463 2248 3517 ﬁdctn
2276 3461 2568 3532 pr:eposnit
2598 3463 2880 3530 operibus,
2914 3478 3111 3532 nempe
3162 3464 3437 3518 sabbatis-

1860 3561 1990 3619 niis,
2009 3558 2440 3621 circumcisioni,
2460 3558 2794 3626 reliquisque
2820 3555 3067 3610 Mosaicae
3090 3558 3222 3628 legis
3247 3559 3441 3612 obser-

1862 3650 2080 3704 vantiis.
2111 3649 2568 3718 Quandoquidem
2604 3649 2766 3702 etiam
2811 3663 3038 3717 operum
3087 3665 3288 3704 nomen
3324 3651 3437 3706 duo

1861 3741 2177 3811 signiﬁcat:
2216 3757 2340 3795 nam
2390 3749 2444 3796 et
2473 3755 2640 3809 opera
2672 3741 2930 3794 dicuntur
2983 3742 3075 3795 illa
3127 3758 3250 3811 qua:
3278 3742 3435 3798 ﬁdem

1399 3920 1705 3983 Bonifacii
1750 3923 1974 3984 Finetti
2025 3929 2214 3982 notze.

246 4023 366 4092 (17)
390 4020 587 4093 Fidem
611 4038 674 4076 ex
709 4022 984 4090 aﬂ'ectione
1012 4023 1129 4089 (seu
1167 4023 1333 4077 animi
1365 4023 1747 4093 dispositione)

179 4100 339 4147 rorat
388 4092 502 4162 hic,
534 4102 932 4146 commentator
999 4092 1156 4146 ﬁdem
1195 4108 1337 4162 iquze
1394 4110 1422 4146 a
1463 4092 1752 4162 '_tlteologis

180 4166 423 4231 formata
477 4161 701 4233 dicitur,
757 4177 1031 4231 quamque
1090 4162 1146 4215 S.
1187 4160 1383 4233 [auius
1422 4160 1567 4233 (Gul.
1605 4160 1751 4232 v,’6)

180 4230 259 4287 ait
326 4248 421 4299 per
493 4230 806 4285 cltaritaletn
878 4233 1114 4299 operari.
1192 4230 1375 4285 Fidem
1435 4230 1757 4299 hujusmodi

178 4303 449 4373 operibus
512 4316 743 4355 vacuam
803 4317 928 4357 esse
982 4317 1091 4355 non
1147 4316 1341 4370 posse,
1399 4303 1754 4371 perspicuum

244 4383 286 4428 ι.

178 4390 369 4511 es‘08)
412 4440 487 4522 De
511 4455 577 4494 eo
601 4440 746 4522 quod
805 4439 1086 4522 ordinat-ie
1119 4440 1407 4522 contingit,
1446 4441 1606 4522 lloqui
1673 4442 1760 4495 hic

1857 4028 2003 4081 enim
2044 4027 2200 4079 video
2258 4028 2534 4095 quomodo
2572 4029 2689 4083 hzec
2742 4028 2929 4083 Graeca
2965 4025 3151 4088 verba,
3215 4040 3336 4093 quae
3380 4027 3435 4077 in

1859 4104 2011 4167 textu
2065 4097 2267 4167 firaeco
2312 4112 2355 4167 ei
2397 4101 2619 4167 regione
2678 4098 2799 4166 ejus
2844 4096 3119 4167 versionis
3178 4095 3438 4167 leguntur

1861 4166 2027 4237 (Edit.
2062 4165 2183 4218 Par.
2212 4166 2391 4235 i63l),
2424 4164 2523 4237 τὴν
2574 4164 2848 4237 πατρικὴν
2898 4165 3190 4237 ἀπώσαθαι
3223 4164 3435 4233 ἁθείαν,

1860 4236 2021 4289 talem
2055 4236 2561 4302 interpretationem
2602 4236 2845 4306 recipere
2886 4236 3121 4305 possint.

1937 4306 2049 4373 (“20)
2080 4306 2135 4358 Si
2193 4316 2596 4361 commentator
2657 4303 2727 4362 de
2786 4303 2958 4374 prima
3029 4304 3265 4357 Ahrahze
3334 4303 3439 4358 ﬁde

1863 4376 2127 4444 loquitur,
2157 4376 2437 4446 prmmium
2471 4379 2688 4446 proprie
2740 4376 2948 4429 dictum
2984 4375 3092 4446 pltic
3131 4374 3437 4446 intelligere

1866 4441 1973 4500 non
2011 4441 2208 4514 potest,
2260 4444 2353 4498 sed
2397 4441 2802 4510 tantummodo,
2848 4444 2993 4513 quod
3048 4444 3264 4495 cuidam
3300 4441 3437 4496 enn-

180 4509 628 4586 putoauctorem
671 4511 857 4586 istum.
915 4509 1208 4586 Ordinarie
1244 4509 1389 4564 enim
1443 4509 1576 4586 ﬁdes
1628 4528 1756 4564 vera
1792 4532 1834 4586 ι)
1868 4509 2113 4586 gruitati,
2152 4529 2248 4568 seu
2287 4530 2547 4583 congruae
2586 4509 2968 4586 dispositioni
3000 4514 3435 4586 corrcspondet:

186 4579 296 4639 non
330 4580 642 4635 innascitur
671 4580 737 4634 i‘s
769 4579 859 4648 qui
898 4590 1045 4633 recte
1073 4580 1300 4651 etjuxta
1356 4582 1585 4651 rationis
1615 4598 1759 4651 prse-

188 4654 397 4721 scripta
431 4650 798 4721 nonvivunt;
830 4663 994 4718 prava
1032 4650 1177 4721 enim
1208 4650 1424 4703 vivendi
1459 4652 1597 4704 ratio
1620 4650 1763 4705 vali-

186 4718 454 4775 dissimus
491 4720 613 4772 ﬁdei
647 4718 783 4771 obex
819 4733 941 4772 esse
969 4720 1134 4772 solet.

254 4790 373 4860 (l9)
412 4789 515 4844 Per
543 4798 818 4856 paternam
859 4789 1543 4861 imbecillitatemintelligo
1566 4807 1766 4860 paren-

187 4858 299 4915 tum
332 4858 599 4922 amorem,
644 4874 803 4926 quem
837 4872 1097 4926 superare
1130 4858 1323 4913 debuit
1368 4858 1671 4925 Abraham,
1702 4871 1762 4915 ut

189 4932 278 4984 Dei
319 4929 580 4982 mandato
611 4927 909 4997 egrediendi
948 4927 1009 4980 de
1036 4936 1178 4980 terra
1225 4937 1275 4981 et
1306 4932 1619 4998 cognatione
1666 4948 1763 4984 sua

188 5000 342 5068 (Gen.
388 5015 485 5062 xu,
542 5001 592 5066 l)
653 4999 1078 5064 obtemperaret.
1139 4998 1332 5052 Editus
1386 5002 1488 5052 sub
1543 5003 1763 5054 nomine

184 5071 509 5125 (Ecumenii
567 5069 998 5121 commentarius
1036 5083 1132 5134 pro
1173 5068 1480 5130 ἀσθενείαν,
1528 5070 1762 5122 imbecil-

186 5145 416 5202 litatem,
438 5143 520 5192 vel
546 5137 935 5205 infirmitatem,
965 5137 1145 5201 habet,
1172 5147 1223 5190 et
1255 5138 1489 5192 fortasse
1543 5140 1759 5202 melius,

188 5210 402 5266 ἀθεξαν.
460 5209 835 5275 impietatem:
894 5221 1015 5275 qua:
1077 5208 1122 5261 si
1190 5206 1511 5261 admittatur
1577 5209 1759 5273 lectio,

192 5280 505 5349 respexisse
538 5278 751 5349 videtur
776 5276 864 5328 hic
910 5283 1102 5329 auctor
1128 5277 1192 5329 ad
1234 5291 1382 5349 eam,
1414 5292 1533 5347 qua:
1562 5281 1762 5332 ntulto-

190 5345 311 5403 rutu
373 5356 479 5410 est,
541 5348 878 5413 opinionem,
944 5361 1171 5415 nempe,
1234 5345 1467 5401 Tharem
1550 5358 1757 5414 patrem

188 5420 447 5478 Abrahaa,
478 5418 585 5469 imo
611 5416 769 5483 juxta
814 5416 1131 5478 nonnullus,
1172 5416 1349 5484 ipsum
1387 5418 1756 5471 Abrahamum

189 5488 512 5559 aliquando,
570 5487 727 5559 idolis
782 5486 1062 5559 serviisse.
1107 5485 1225 5550 Quo
1271 5487 1575 5554 supposito,
1626 5488 1758 5559 quid

190 5556 296 5614 sibi
338 5558 607 5611 vclitcutu
638 5557 733 5617 ait,
767 5556 1136 5608 Abrahamunt
1169 5572 1274 5609 non
1303 5572 1453 5623 prius
1490 5556 1757 5609 consecu-

194 5641 306 5682 tum
361 5642 481 5680 esse
533 5625 711 5686 ﬁdem,
765 5641 927 5693 quam
988 5626 1053 5677 ad
1108 5636 1385 5691 paternam
1434 5627 1755 5693 impietatem

195 5696 905 5765 repellendanrcertaverit,
969 5696 1310 5762 perspicuum
1394 5708 1495 5749 cst.
1560 5695 1758 5750 Nescio

194 5764 375 5823 autem
404 5768 532 5835 quid
570 5764 867 5817 Ileutcnius
934 5767 1142 5833 legerit.
1203 5781 1325 5820 cum
1383 5767 1582 5819 vertit:
1645 5766 1757 5829 Quo

196 5843 538 5913 (certantum)
586 5846 806 5904 paterna
852 5839 1163 5905 cognatione
1211 5835 1590 5901 erpellerrtnr:
1649 5853 1755 5889 non

1870 4584 1977 4639 non
2011 4585 2157 4637 enim
2196 4598 2383 4636 verum
2434 4587 2601 4638 ullum
2641 4584 2896 4639 meritum
2944 4584 3129 4645 Iidem,
3188 4585 3296 4636 imo
3340 4599 3440 4637 nec

1868 4657 2213 4715 charitatetu,
2248 4654 2553 4721 praecedere
2588 4664 2786 4722 potest.
2819 4655 2873 4707 Si
2916 4668 3043 4706 vero
3074 4655 3141 4705 de
3184 4652 3441 4706 ulteriore

1867 4726 2048 4793 aliqua
2077 4723 2201 4783 ﬁde,
2237 4726 2717 4793 seupnecedentis
2743 4725 2859 4777 lidei
2896 4731 3186 4793 augmento
3209 4722 3441 4793 Abrahae

1866 4795 1935 4847 ob
1962 4790 2242 4847 certamen
2283 4792 2351 4843 ad
2404 4794 2755 4858 repellendam
2817 4794 2931 4845 sive
2992 4790 3439 4855 imbecillitatem,

1866 4865 1982 4917 sive
2015 4864 2340 4929 impietatem
2368 4874 2645 4928 paternam
2664 4878 2931 4917 concesso
2963 4862 3241 4929 loquatur,
3260 4863 3441 4928 potuit

1867 4933 1917 4986 id
1964 4934 2190 5002 quidem
2244 4932 2448 5002 praeittii
2520 4934 2790 4987 rationem
2855 4933 3091 5002 habere;
3148 4931 3198 4983 id
3259 4943 3443 4983 tamen

1866 4999 2007 5055 haud
2058 5000 2297 5063 conﬁcit,
2354 4999 2509 5054 iidem
2570 5004 2621 5054 in
2684 5003 2903 5055 homine
2954 5000 3113 5052 bonis
3184 5002 3443 5067 operibus

1864 5088 2039 5125 vacuo
2074 5071 2382 5138 ingenerari
2430 5087 2534 5122 non
2564 5088 2745 5138 posse.
2789 5072 2852 5121 ad
2886 5073 3033 5138 quod
3097 5070 3440 5137 prohandum

1863 5141 2111 5208 exemplo
2153 5142 2383 5193 Abralta:
2407 5141 2483 5193 uti
2510 5142 2724 5194 videtur
2750 5150 3175 5194 commentator.
3219 5139 3440 5199 Verum,

1864 5219 1985 5264 utut
2038 5226 2192 5265 utens
2237 5211 2408 5277 ipsius
2456 5212 2557 5263 hoc
2597 5213 2716 5265 loco
2757 5226 2816 5265 sc
2842 5210 3061 5269 haheat,
3104 5208 3234 5261 illud
3267 5212 3446 5260 omni-

1861 5282 1963 5336 bus
2007 5291 2185 5334 ratum
2210 5296 2332 5333 esse
2365 5280 2542 5342 debet,
2576 5280 3153 5347 ﬁdemjustiﬁcantcm
3203 5279 3254 5330 in
3289 5278 3445 5330 adul-

1865 5352 1935 5406 tis
2007 5366 2183 5419 neque
2254 5350 2415 5402 bonis
2476 5352 2735 5418 operibus
2790 5364 3033 5419 vacuam
3092 5362 3441 5415 permanere,

1862 5437 2040 5491 neque
2060 5417 2291 5491 absque
2320 5420 2481 5474 bonis
2517 5417 2803 5491 roperibus
2862 5426 2918 5471 ct
2951 5417 3116 5469 animi
3178 5431 3446 5485 pratpara-

1863 5489 2031 5553 tione,
2092 5507 2187 5544 seu
2247 5489 2457 5558 absque
2528 5490 2835 5557 pr0posito,
2909 5492 3051 5540 bona
3115 5502 3282 5558 Opera
3344 5502 3443 5538 suo

1864 5570 2129 5630 tempore,
2164 5568 2217 5614 et
2247 5575 2343 5627 pro
2368 5557 2511 5613 data
2549 5561 2839 5613 occasione
2896 5558 3187 5610 exercendi
3213 5557 3447 5630 ingene-

1862 5624 2183 5698 rari'posse.
2216 5624 2280 5682 Et
2312 5632 2392 5684 sic
2421 5630 2835 5699 intelligendus,
2858 5642 3173 5698 quanquam
3209 5624 3447 5677 fortasse

1864 5702 2005 5755 haud
2068 5702 2204 5754 satis
2260 5712 2513 5753 accurate
2570 5698 2629 5753 se
2693 5701 2954 5767 explicet,
3013 5698 3097 5748 hic
3160 5709 3447 5748 commen-

1862 5780 2024 5825 tatur.
