4162 6442
756 404 897 467 1159

1703 397 2288 494 ΤΗΕΟΡΙΙῩῘιΑΟΤΙ
2329 396 2743 457 BULGARl/E
2781 395 3138 455 ARCHIEP.

3903 414 4049 488 1160

751 516 1115 569 conﬁrmant:
1155 518 1210 565 et
1270 524 1438 580 opera
1485 509 1753 563 dicuntur
1795 508 2165 582 observantia:
2200 508 2334 579 legis

2449 504 2619 576 ροῦσα
2657 506 2839 568 πίστις
2878 507 3046 576 νεκρά
3093 510 3513 570 καταλείπεται·
3557 522 3696 594 ἔργα
3730 534 3896 589 πάλιν
3946 548 4048 599 καὶ

707 607 1031 668 ’hlosaicze,
1062 608 1184 660 sine
1212 607 1435 673 quibus,
1462 613 1515 658 ct
1549 603 1826 658 Abraham
1855 603 2015 667 olim,
2057 613 2113 656 et
2144 617 2338 657 omnes

754 680 1045 755 credentes
1080 701 1132 756 in
1161 698 1443 753 Christum
1471 697 1869 766 justiﬁcanlur.
1908 696 2150 761 Etenim,
2188 695 2335 765 quod

758 794 917 849 ﬁdem
950 796 1001 848 in
1065 794 1352 847 immundo
1406 792 1656 863 progigni
1709 807 1822 846 uon
1890 792 2068 859 possit
2121 792 2340 860 (loquor

759 898 940 941 autem
970 886 1037 940 de
1079 885 1187 939 ﬁde
1234 885 1486 956 operum)
1537 885 1663 952 quis
1719 883 2155 938 contradixerit?
2201 879 2339 935 Nam

759 995 934 1048 neque
969 988 1308 1050 unguentum
1364 979 1418 1031 in
1471 976 1773 1031 [mculcnto
1802 992 1931 1029 vase
1960 974 2085 1042 quis
2146 988 2341 1029 recon-

761 1074 958 1139 deret;
996 1089 1175 1142 neque
1222 1073 1273 1125 in
1314 1069 1604 1124 immundo
1650 1068 1875 1124 homine
1927 1066 2341 1135 ingenerabitur

757 1181 996 1234 unquam
1030 1167 1160 1220 ﬁdes
1196 1164 1309 1218 Dei.
1349 1163 1465 1218 Non
1491 1164 1656 1232 igitur
1690 1161 1954 1215 contrarii
1980 1160 2081 1213 sibi
2108 1159 2337 1213 invicem

756 1266 885 1311 sunt
911 1258 1073 1328 334,
1110 1257 1287 1311 sancti
1321 1258 1580 1326 apostoli,
1642 1256 1736 1310 sed
1789 1259 1841 1309 iu
1878 1255 2097 1309 diverso
2129 1252 2339 1322 signiﬁ-

754 1359 877 1403 cato
910 1359 1212 1413 \‘0r8anlcs,
1251 1352 1486 1420 quisque
1527 1351 1685 1418 juxta
1742 1348 2111 1418 signiﬁcatum
2150 1360 2339 1409 suum,

760 1444 908 1511 quod
949 1445 1291 1513 propositum
1328 1445 1429 1497 sibi
1466 1454 1606 1506 erat,
1642 1442 2016 1511 prosequitur.

818 1532 1114 1591 .Vensﬂﬁ.
1179 1556 1196 1589 ι
1231 1536 1323 1590 Vis
1367 1547 1548 1591 autem
1607 1552 1791 1600 nosse,
1842 1554 1875 1591 o
1924 1538 2089 1590 homo
2135 1535 2338 1601 inanis,

760 1630 1023 1696 quoniam
1059 1628 1194 1683 ﬁdes
1231 1631 1352 1684 sine
1407 1630 1668 1697 operibus
1723 1640 1941 1682 mortua
1992 1630 2117 1683 est?
2155 1649 2176 1680 ι
2211 1629 2340 1683 lna-

757 1735 881 1774 nem
920 1730 1073 1773 \‘ocat
1104 1736 1252 1784 eum,
1283 1723 1378 1790 qui
1405 1723 1470 1775 de
1504 1723 1620 1776 sola
1659 1722 1762 1776 ﬁde
1814 1724 2107 1792 gloriatur,
2147 1715 2363 1795 utpote'

755 1813 848 1882 qui
876 1814 1147 1867 bonorum
1177 1830 1401 1883 operum
1438 1816 1749 1870 substantia
1787 1833 1992 1872 vacuus
2018 1827 2124 1872 est.

826 1905 994 1959 Vens.
1051 1906 1242 1961 21-23.
1282 1925 1301 1959 ι
1330 1908 1604 1962 Abraham
1642 1922 1795 1977 pater
1826 1921 2034 1973 noster,
2071 1927 2253 1966 nonne
2272 1927 2337 1965 ex
2373 1885 2415 1939 Β

756 2000 1019 2068 operibus
1075 2000 1410 2068 justiﬁcatus
1473 2012 1578 2067 est,
1641 2002 1883 2057 oﬂ'creus
1950 2003 2109 2057 Isaae
2164 2004 2335 2059 lilium

757 2106 918 2144 suum
948 2106 1114 2159 super
1156 2092 1359 2144 altare?
1392 2090 1580 2156 Vides,
1612 2092 1869 2162 quoniam
1913 2094 2047 2149 ﬁdes
2073 2110 2339 2165 coopera-

760 2181 919 2236 batur
940 2183 1202 2250 operibus
1237 2184 1423 2249 illius;
1457 2193 1589 2238 etex
1610 2186 1871 2254 operibus
1906 2185 2041 2241 ﬁdes
2062 2201 2327 2242 consum-

755 2284 901 2327 mata
930 2285 1035 2327 est.
1097 2273 1163 2327 Et
1215 2274 1433 2343 impleta
1478 2285 1564 2329 est
1594 2275 1878 2346 Scriptura
1910 2276 2125 2343 dicens,
2158 2297 2178 2329 ι
2229 2287 2336 2333 etc.

754 2366 1129 2419 Abrahamum
1168 2376 1397 2435 uterque
1455 2368 1710 2437 proponit
1743 2369 1795 2422 iu
1852 2370 2165 2440 exemplum
2196 2371 2338 2440 ejus,

756 2461 900 2527 quod
952 2460 1019 2514 de
1077 2460 1182 2515 ﬁde
1234 2462 1466 2516 asserit:
1506 2463 1598 2517 ille
1659 2464 1883 2531 quidem
1946 2472 2006 2519 ut
2061 2467 2338 2531 ostendat,

759 2551 917 2605 tidem
948 2553 1208 2621 operibus
1241 2562 1542 2622 praestare;
1600 2555 1690 2609 hic
1744 2571 1877 2609 vero
1919 2567 1980 2610 ut
2021 2573 2186 2629 opera
2236 2558 2343 2613 ﬁde

758 2644 982 2697 meliora
1026 2659 1145 2698 esse
1190 2645 1405 2698 evincat
1436 2658 1758 2715 argumento
1801 2663 1868 2703 ex
1930 2650 2124 2703 eodem
2167 2650 2345 2704 Abra-

757 2735 920 2788 hamo
956 2735 1269 2804 desumpto.
1304 2736 1521 2790 Dictum
1563 2752 1695 2791 vero
1747 2746 1833 2793 est
1882 2742 2163 2809 superius,
2196 2742 2341 2811 quod

756 2826 904 2878 circa
926 2826 1126 2896 duplex
1163 2827 1533 2896 signiﬁcatum
1576 2829 1736 2885 ambo
1771 2841 2082 2897 versantes,
2107 2834 2343 2905 quisque

758 2920 927 2975 sumit
955 2919 1005 2973 id
1035 2920 1183 2989 quod
1216 2919 1284 2973 ad
1311 2921 1653 2990 propositum
1680 2937 1842 2975 suum
1893 2922 2148 2978 inservit.
2168 2922 2345 2979 Caete-

759 3027 879 3068 rum
912 3012 1164 3065 nonnulli
1196 3028 1261 3067 ex
1283 3012 1541 3067 Patribus
1566 3014 1641 3067 ita
1673 3014 1775 3068 hac
1798 3014 1867 3068 de
1895 3030 1952 3069 re
1978 3026 2340 3082 censuerunt,

760 3117 974 3169 nempe,
1012 3101 1384 3155 Abrahamum
1408 3102 1577 3156 variis
1623 3102 1943 3156 distinctum
1995 3105 2340 3173 temporibus

762 3192 1055 3260 utriusque
1083 3192 1203 3245 ﬁdei
1264 3192 1557 3260 imaginem
1592 3208 1753 3257 esse;
1803 3193 2062 3249 videlicet
2105 3206 2158 3248 et
2196 3196 2342 3265 ejus,

765 3299 886 3351 quae
920 3295 1046 3336 ante
1073 3284 1404 3352 baptismum
1438 3295 1545 3348 est,
1572 3300 1693 3353 quae
1732 3300 1902 3354 Opera
1936 3302 2043 3340 non
2090 3289 2342 3357 requirit,

761 3376 855 3428 sed
879 3377 1054 3430 solam
1084 3376 1243 3429 ﬁdem
1275 3384 1331 3429 et
1360 3376 1767 3431 eonchsionem
1796 3378 2012 3446 salutis,
2042 3389 2094 3433 et
2116 3382 2340 3434 verbum

759 3484 870 3537 quo
898 3468 1267 3535 justiiicamur
1293 3469 1584 3523 credentes
1637 3471 1692 3523 in
1733 3472 2056 3537 Christum;
2093 3482 2148 3527 ct
2196 3475 2338 3543 ejus,

762 3577 885 3631 quae
934 3562 1286 3631 baptismum.
1323 3562 1703 3632 subsequitur,
1765 3579 1997 3634 quaeque
2043 3565 2341 3635 conjuncta

758 3652 1019 3719 operibus
1053 3660 1156 3706 est.
1195 3650 1307 3707 Ilac
1327 3654 1544 3725 ratione
1565 3655 1669 3707 sibi
1693 3656 2005 3709 contrarius
2024 3658 2341 3725 neutiquam

760 3754 987 3814 apparet
1039 3744 1107 3809 is,
1159 3745 1251 3814 qui
1298 3746 1351 3798 in
1414 3754 1649 3815 utroque
1697 3747 1912 3802 locutus
1961 3757 2046 3803 est
2101 3748 2343 3818 Spiritus

763 3846 1030 3891 sanctus:
1068 3853 1192 3890 cum
1228 3854 1334 3891 una
1389 3840 1611 3907 quidem
1652 3840 1787 3895 ﬁdes
1844 3856 1938 3909 per
1986 3842 2159 3897 solam
2211 3859 2345 3896 con-

764 3930 1059 3983 l'eSsionem
1083 3928 1351 3997 justiﬁcat
1386 3931 1748 3999 baptizatum,
1783 3933 1828 3986 si
1870 3934 2056 3987 statim
2101 3934 2347 3989 discedat

760 4037 789 4075 e
815 4024 922 4075 vita
953 4022 1109 4089 (huic
1132 4023 1277 4075 enim
1305 4039 1412 4075 non
1440 4025 1650 4079 adsunt
1703 4040 1890 4093 opera,
1927 4027 2023 4081 sed
2058 4029 2196 4082 satis
2237 4029 2343 4096 ipsi

758 4122 845 4167 est
888 4116 1183 4169 mundities
1237 4131 1335 4184 per
1380 4117 1714 4186 baptismum
1756 4120 2135 4191 comparata);
2175 4121 2346 4175 altera

760 4223 893 4261 vero
929 4224 957 4259 a
1017 4207 1298 4276 baptizato
1347 4211 1531 4278 exigat
1564 4212 1731 4265 etiam
1781 4211 2057 4266 bonorum
2115 4228 2345 4282 operum

761 4299 1179 4353 exhibitionem.
1208 4299 1307 4352 Cui
1334 4302 1412 4353 rei
1439 4310 1490 4354 et
1518 4300 1720 4355 Paulus
1746 4305 2022 4358 consentit
2056 4304 2167 4357 alio
2200 4304 2343 4369 loco,

764 4391 993 4454 docens,
1029 4390 1187 4443 ﬁdem
1221 4401 1343 4459 post
1372 4392 1642 4462 baptisma
1679 4394 2095 4462 perfectionem,
2129 4410 2250 4465 qua:
2281 4412 2347 4451 cx

763 4484 1020 4550 operibus
1071 4484 1374 4551 consurgit,
1407 4484 1722 4553 requirere;
1762 4501 1885 4538 cum
1922 4501 2117 4555 nempe
2167 4488 2243 4540 ait
2266 4488 2345 4540 ἰι

2435 599 2510 701 τά
2536 600 2631 654 τοῦ
2660 603 2852 701 νόμον,
2887 600 2964 659 ὧν
3003 610 3097 663 καὶ
3159 614 3328 684 χωρὶς
3371 616 3645 693 Ἀδραάμ,
3694 630 3789 682 καὶ
3837 634 4048 701 πάντες

2439 692 2491 743 οί
2545 694 2685 747 κατά
2727 698 2965 765 Χριστὸν
3002 702 3362 763 δικαιοῦνται.
3404 712 3558 766 Ἐπεὶ
3590 692 3691 771 γὸτι
3721 722 3909 787 πίστις
3940 692 4048 781 οὐκ

2441 784 2511 889 ἂν
2541 787 2836 889 ἀκαθάρτῳ
2864 797 3220 863 προσγένοιτο
3267 801 3435 873 (λέγω
3484 807 3542 861 δὲ
3592 811 3695 880 τὴν
3722 816 3829 867 τῶν
3857 784 4046 889 ἔργων

2444 878 2683 983 πίστιν)ἶ
2699 885 2785 947 τίς
2811 886 3065 959 ἀντερεῖς
3103 892 3241 947 Οὔτε
3269 896 3378 967 γὰρ
3409 878 3672 973 βορὸόρου
3705 878 3905 981 πλήρεί
3936 878 4047 983 ἀγα

2442 971 2576 1077 γείῳ
2613 975 2787 1077 μύρον
2836 983 3182 1058 ταμιευθείη,
3229 987 3354 1042 οὔτε
3404 971 3707 1068 ἀκαθάρτῳ
3758 971 4045 1077 ἀνθρὼτάει

2445 1064 2630 1160 πίστις
2658 1069 2936 1136 ἐγγένοιτο
2968 1075 3126 1132 Θεοῦ.
3168 1081 3283 1135 Οὐκ
3319 1064 3703 1160 ἀραδιάεροροι
3740 1064 3960 1159 ἑαυτοῖς
3996 1064 4051 1154 ἐξ

2444 1156 2578 1260 θείοι
2605 1160 2918 1229 ἀπόστολοι,
2945 1167 3085 1222 ἀλλά
3118 1176 3249 1243 περὶ
3274 1176 3334 1229 τὸ
3355 1156 3742 1253 διάφορον-τοῦ
3772 1206 3837 1260 ση
3849 1156 4051 1259 μαινο-

2446 1253 2611 1321 μένου
2636 1260 2998 1357 στρεφόμενοι
3029 1264 3166 1334 πρὸς
3199 1268 3300 1337 τὴν
3329 1272 3521 1339 χρείαν
3552 1275 3788 1344 ἕκαστος
3817 1253 3917 1337 τοῦ
3941 1303 4051 1357 ar;-

2446 1342 2779 1410 μαινομένου
2802 1346 2861 1399 τὸ
2886 1351 3146 1419 προτεθὲν
3180 1357 3330 1428 αύτῷ
3367 1360 3626 1432 διεξάγει.

2512 1536 2542 1597 ,ι
2562 1518 2767 1619 ⁸Θέλεις
2791 1523 2848 1576 δὲ
2880 1527 3105 1607 γνῶναι,
3139 1530 3183 1584 ὧ
3212 1534 3467 1607 ἄνθρωπε
3507 1543 3651 1608 κενὲ,
3679 1546 3760 1599 ὅτι
3790 1550 3824 1619 ὴ
3853 1552 4051 1618 πίστις

2443 1612 2615 1682 χωρὶς
2642 1615 2753 1669 τῶν
2777 1616 2956 1687 ἔργων
2985 1624 3155 1692 νεκρά
3187 1627 3371 1695 estw;
3412 1650 3430 1681 ι
3467 1633 3640 1687 Κενὺν
3672 1612 3903 1694 ἐκάλεσε
3943 1612 4049 1697 τὸν

2442 1701 2571 1773 ψιλῇ
2600 1708 2664 1775 τῇ
2696 1706 2876 1761 πίστει
2907 1711 3180 1781 αύχοῦντα
3212 1719 3393 1785 μόνον,
3426 1720 3645 1796 [μηδὲν]
3675 1729 3778 1794 τῆς
3809 1731 3899 1785 διά
3924 1735 4048 1788 τῶν

2445 1792 2623 1864 ἔργων
2650 1797 3001 1865 ὑποστάσεως
3034 1809 3370 1876 κεκτημένον
3401 1816 3482 1874 εἰς
3508 1815 3810 1887 πλήρωσιν.

2521 1905 2540 1937 ι
2588 1887 2840 1987 ῖΑσραάμ
2859 1895 2886 1945 ὁ
2916 1894 3095 1987 πατὴρ
3126 1899 3284 1967 ήμῶν
3309 1902 3409 1956 οὐκ
3433 1904 3491 1969 ἐξ
3526 1906 3708 1977 ἔργων
3736 1912 4043 1987 ἐδικαιώθη

2443 1979 2745 2047 ἀνενέγκας
2788 1985 2973 2039 Ίσαάκ
3007 1989 3099 2043 τὸν
3131 1992 3243 2045 υίὸν
3286 1995 3452 2049 αὑτοῦ
3485 2000 3577 2051 ἐπὶ
3619 2003 3681 2054 τὸ
3732 1979 4048 2080 θυσιαστήλ

2447 2075 2885 2167 ριονΒλέπεις,
2931 2080 3015 2132 ὅτι
3057 2082 3089 2153 ή
3134 2084 3321 2149 πίστις
3378 2090 3638 2160 συνήργει
3694 2096 3806 2158 τοῖς
3846 2075 4046 2167 ἐργοίς

2443 2165 2635 2230 αὑτοῦ,
2674 2170 2769 2221 καὶ
2796 2171 2861 2224 ὲκ
2896 2171 3005 2227 τῶν
3036 2174 3217 2246 ἔργων
3257 2179 3289 2249 ἡ
3340 2165 3891 2257 πίστιςνὲτελειώθης
3926 2192 4045 2243 Καὶ

2443 2258 2796 2353 ἐπληρώθηή
2839 2263 3030 2337 Γραφὴ
3063 2269 3095 2338 ὴ
3138 2270 3389 2338 λέγουσα.
3433 2293 3452 2325 ι
3489 2273 3592 2330 Τὸν
3641 2278 3893 2351 Ἀϐραὰμ
3920 2284 4045 2353 ἀμσ-

2444 2351 2663 2421 φότεροι
2703 2354 2783 2417 είς
2815 2356 3123 2429 ὑπόδειγμα
3166 2361 3263 2415 τοῦ
3302 2365 3403 2435 τῆς
3437 2367 3677 2431 πίστεως
3710 2370 3871 2439 λόγου
3934 2351 4044 2428 ἐπ-

2442 2443 2689 2510 ἀγονται·
2711 2448 2742 2498 ό
2767 2447 2891 2516 μὲν,
2909 2450 3009 2521 τὴν
3029 2452 3212 2507 πίστιν
3230 2456 3336 2509 τῶν
3356 2458 3534 2530 ἔργων
3560 2463 3794 2533 κρείττω
3817 2465 4042 2532 δεικνὺς

2441 2535 2509 2588 δι’
2534 2537 2934 2608 ὑποδείγματπ
2967 2543 3063 2597 τοῦ
3109 2549 3250 2601 κατά
3274 2549 3366 2603 τὸν
3395 2552 3683 2624 Ἀδραάμο
3715 2557 3838 2623 ὁδὲ,
3870 2560 4045 2614 πάλιν

2443 2628 2512 2684 τὰ
2540 2629 2679 2700 ἔργα
2710 2635 2808 2705 τῆς
2839 2636 3098 2702 πίστεως.
3134 2643 3243 2695 Καὶ
3264 2644 3479 2715 εἴρηται
3520 2647 3631 2717 μὲν
3650 2651 3933 2721 ἀνωτέρω,
3961 2656 4044 2719 ὡς

2444 2722 2575 2816 περὶ
2603 2723 2666 2777 τὸ
2686 2725 2863 2816 διττὸν
2883 2729 2977 2782 τοῦ
3001 2736 3405 2805 σημαινομένου
3428 2739 3693 2812 ἑκάτερος
3713 2747 4040 2816 στρέφεται,

2443 2812 2512 2908 ab
2532 2815 2824 2871 συντελῶν
2854 2821 3006 2892 αὑτῷ
3040 2826 3177 2895 πρὸς
3210 2827 3310 2899 τὴν
3333 2830 3627 2899 ἀπόδειξιν.
3666 2812 3820 2900 Tuas;
3845 2812 4042 2908 μέντοι

2444 2903 2553 2958 τῶν
2582 2908 2842 2979 Πατέρων
2873 2914 2968 2967 καὶ
3003 2915 3179 2981 οὕτως
3210 2921 3340 2991 περὶ
3379 2924 3570 2978 τούτου
3600 2926 3866 2996 ἔγνωσαν.
3896 2934 4043 2987 Φασὶ

2446 2995 2555 3090 γάρ
2588 2998 2681 3051 τὸν
2723 3001 2974 3073 Ἀϐραὰμ
3014 3010 3126 3071 τοῖς
3150 3012 3365 3081 χρόνοις
3396 2995 3865 3090 διαστελλόμενον,
3901 3026 4040 3078 ἑκα-

2444 3088 2609 3187 τέρας
2644 3092 2881 3157 πίστεως
2919 3092 3062 3151 εῖναι
3105 3101 3290 3155 εἰκόνα
3327 3120 3342 3134 ·
3385 3105 3481 3159 καὶ
3513 3111 3611 3179 τῆς
3646 3088 3755 3182 πρὸ
3800 3114 3897 3167 τοῦ
3945 3118 4043 3187 βα-

2449 3178 2752 3278 πτίσματος
2784 3185 3006 3278 μὲν-τῆς
3039 3190 3114 3261 μὴ
3133 3192 3503 3268 ἐπιζητούσης
3534 3178 3703 3270 ἔργα,
3732 3205 3781 3256 εί
3817 3208 3897 3275 μὴ

2448 3271 2632 3326 πίστιν
2662 3275 2834 3363 μόνην
2876 3272 2970 3332 ἰαὶ
3010 3284 3109 3352 τὴν
3151 3285 3442 3355 ὁμολογίαν
3471 3292 3569 3360 τῆς
3610 3271 3910 3363 σωτηρίας,
3940 3271 4048 3351 καὶ

2448 3365 2506 3417 τὸ
2529 3368 2682 3436 ῥῆμα
2719 3362 2764 3435 ᾧ
2790 3370 3150 3443 δικαιούμεθα
3183 3378 3233 3429 οί
3266 3381 3613 3448 πιστεύοντες
3644 3388 3723 3447 εἰς
3756 3389 3999 3459 Χριστόν
4024 3409 4041 3425 ·

2449 3460 2542 3509 καὶ
2569 3459 2673 3529 τῆς
2705 3463 2846 3530 μετὰ
2868 3463 2931 3518 τδ
2963 3466 3250 3539 βάπτισμα
3280 3474 3514 3539 πίστεως
3536 3479 3633 3547 τῆς
3665 3481 4045 3553 συνεζευγμέο

2448 3566 2545 3619 νης
2572 3554 2682 3615 τοῖς
2721 3552 2925 3624 ἔργοις.
2961 3555 3150 3621 Οὕτως
3174 3560 3275 3613 οὐκ
3305 3564 3548 3617 ἐναντίον
3590 3568 3843 3634 φαίνεται
3884 3552 3949 3624 τδ
3978 3576 4040 3626 ὲν

2448 3646 2658 3707 τούτοις
2686 3645 3135 3722 λαλῆσαν,ὲαυτῷ
3182 3654 3413 3725 Πνεῦμα
3444 3674 3458 3687 ·
3488 3658 3623 3712 ἀλλά
3657 3663 3767 3723 τοῖς
3802 3662 3867 3734 ff.
3906 3666 4036 3739 tﬁgj

2451 3735 2551 3803 μὲν
2578 3736 2645 3790 δι’
2682 3740 2975 3809 ὁμολογίας
3006 3744 3175 3815 μόνης
3218 3745 3539 3819 δικαιούσης
3574 3753 3665 3804 τδν
3710 3735 4037 3824 προσιόντα,

2449 3831 2498 3882 εί
2533 3834 2875 3904 παραχρῆμα
2925 3837 3219 3909 ἀπηλλάγη
3269 3840 3364 3893 τοῦ
3396 3842 3513 3910 βίου
3568 3845 3763 3916 (τούτῳ
3814 3851 3929 3919 γάρ
3975 3854 4041 3905 οὐ

2451 3919 2708 3989 πάρεισιν
2737 3922 2897 3993 ἔργα,
2949 3924 3065 3978 ἀλλ’
3104 3923 3172 3996 ἦν
3205 3930 3355 3999 αὑτῷ
3402 3933 3584 3986 ἱκανὸν
3626 3938 3657 4005 ὴ
3688 3937 3783 3990 διά
3804 3939 3902 3991 τοῦ
3935 3941 4041 4009 βα-

2451 4012 2754 4103 πτίσματος
2788 4016 3077 4086 κάθαρσις)
3100 4032 3114 4047 ⁸
3160 4021 3262 4089 τῆς
3298 4021 3376 4086 δὲ,
3417 4024 3509 4076 τὸν
3540 4026 3656 4095 εἴδη
3783 4031 3913 4103 ἤδη]
3948 4032 4044 4102 βε-

2451 4102 2824 4175 ϐαπτισμένον
2858 4110 3199 4183 ἀπαιτούσης
3244 4116 3339 4169 καὶ
3372 4118 3594 4186 ἀγαθῶν
3628 4120 3808 4189 ἔργων
3836 4102 4044 4181 ἐπίδει-

2450 4199 2556 4264 ξιν.
2588 4201 2777 4272 Τούτῳ
2811 4202 2865 4255 δὲ
2898 4204 2993 4256 καὶ
3034 4206 3243 4270 Παῦλος
3280 4215 3566 4278 συμφωνεῖ
3596 4214 3823 4284 ἑτέρωθι
3860 4217 4044 4286 λέγων

2452 4292 2618 4356 οὕτω,
2647 4293 2742 4345 καὶ
2773 4294 3043 4349 διδάσκων
3086 4296 3184 4368 τὴν
3233 4302 3372 4368 μετά
3412 4304 3471 4354 τὸ
3513 4304 3798 4375 βάπτισμα
3848 4310 4045 4365 πίστ.ν

2452 4387 2549 4456 τὴν
2572 4386 2661 4439 διά
2690 4388 2797 4439 τῶν
2831 4387 3010 4459 ἔργων
3036 4391 3318 4445 τελείωσιν
3348 4396 3621 4461 ἀπαιτεῖν,
3649 4399 3718 4451 δι’
3745 4392 3822 4453 ὦν
3845 4419 4041 4472 φησιν’

2457 4499 2474 4532 ι
2519 4480 2655 4534 Οὔτε
2684 4482 2977 4553 περιτομὴ,
3009 4482 3135 4537 οὔτε
3178 4487 3516 4554 ἀκροϐυστία
3556 4507 3608 4541 τι
3659 4492 3855 4559 ἰσχύει,
3900 4496 4045 4548 ἀλλά

770 4593 786 4625 ι
823 4573 1010 4641 Neque
1060 4574 1410 4629 circumcisio
1456 4576 1662 4645 aliquid
1694 4578 1856 4643 valet,
1914 4593 2091 4648 neque
2133 4595 2344 4648 praepu-

2458 4574 2715 4637 πίστιςδι’
2741 4575 2959 4644 ἀγάπης
2972 4578 3361 4647 ἐνεργουμένη.
3396 4599 3415 4631 ι
3453 4579 3516 4633 ’Π
3540 4582 3596 4633 δὲ
3623 4584 3812 4654 ἀγάπη
3834 4587 4044 4655 πολλῆς

767 4667 927 4730 tium,
972 4666 1067 4720 sed
1123 4664 1284 4732 ﬁdrs,
1324 4683 1445 4737 qua:
1474 4683 1571 4737 per
1622 4670 1947 4722 clraritatcm
2007 4678 2286 4739 operatur.
2321 4690 2341 4723 ι

764 4757 1021 4813 Charitas
1058 4768 1240 4812 autem
1273 4760 1567 4813 muitarum
1604 4760 1866 4815 virtutum
1920 4762 2186 4816 exercitio
2209 4778 2347 4831 opus

769 4854 953 4918 habet,
986 4862 1044 4907 ιιι
1099 4855 1489 4922 adimpleatur.
1526 4873 1544 4905 ι
1572 4855 1816 4909 Credidit
1848 4867 2028 4910 autem
2070 4858 2345 4912 Abraham

774 4949 905 5013 Deo,
943 4960 997 5001 et
1024 4957 1337 5017 rrputatum
1395 4958 1479 5004 est
1512 4950 1588 5003 illi
1652 4950 1717 5002 ad
1774 4949 2076 5018 justitiam,
2108 4959 2164 5005 et
2209 4952 2348 5005 ami-

770 5059 871 5097 cus
895 5042 1006 5114 (2|)
1033 5043 1123 5098 Dei
1158 5045 1464 5113 appellatus
1491 5052 1576 5098 est
1602 5044 1666 5095 ¹’.
1701 5063 1719 5094 ι
1757 5042 1992 5098 Justitia:
2028 5045 2245 5115 quidem
2279 5060 2344 5098 ex

772 5143 885 5197 sola
924 5143 1028 5195 ﬁde
1059 5143 1239 5209 imago
1279 5141 1379 5193 fuit
1418 5141 1719 5207 Abraham,
1744 5156 1867 5193 cum
1900 5141 2157 5203 credidit,
2185 5140 2350 5209 idque

777 5253 795 5285 ι
846 5243 1161 5303 reputalnm
1222 5244 1307 5288 est
1347 5234 1422 5285 illi
1473 5233 1540 5287 ad
1596 5233 1889 5302 justitiam.
1933 5252 1951 5283 ι
1986 5231 2117 5301 Ejus
2168 5242 2348 5287 autem

772 5340 894 5394 qua:
949 5340 1017 5378 ex
1054 5323 1317 5392 operibus
1366 5331 1473 5385 est,
1525 5336 1647 5376 cum
1696 5321 1867 5375 lilium
1931 5321 2130 5375 obtulit
2181 5335 2351 5388 supra

881 5478 922 5508 "
951 5476 1131 5532 Galat.
1176 5494 1249 5541 vr,
1288 5478 1371 5531 l5.
1453 5478 1495 5508 "
1526 5476 1702 5531 Galat.
1743 5495 1822 5542 ιιι,
1850 5478 1902 5531 6.

2457 4669 2653 4737 σοφίας
2694 4668 2865 4721 δεῖται
2898 4670 2979 4732 εἰς
3014 4671 3075 4722 τὸ
3117 4671 3493 4742 πληρωθῆναι.
3543 4694 3561 4727 ι
3625 4677 3949 4732 Ἐπίστευσε
3987 4683 4045 4734 δὲ

2467 4763 2720 4834 Ἀϐραὰμ
2765 4763 2842 4833 τῷ
2872 4764 3013 4833 Θεῷ,
3050 4765 3144 4816 καὶ
3176 4764 3431 4835 ἐλογίσθη
3468 4768 3619 4837 αὐτῷ
3660 4770 3740 4832 εἰς
3770 4770 4049 4825 δικαιοσύ-

2454 4874 2573 4926 νην,
2613 4858 2708 4909 καὶ
2738 4858 2891 4923 φίλος
2936 4857 3072 4910 θεοῦ
3108 4858 3336 4930 ἐκλήθη.
3394 4878 3412 4909 ι
3461 4861 3573 4930 Τῆς
3607 4864 3707 4930 μὲν
3754 4865 3819 4914 ὲκ
3871 4864 4043 4934 μόνης

2457 4948 2691 5012 πίστεως
2719 4949 3056 5012 δικαιώσεως
3081 4949 3245 5002 εἰκὼν
3431 4952 3682 5022 Ἀϐραάμ
3703 4971 3716 4983 ·
3749 4951 3889 5025 [ὅτε]
3922 4956 4046 5007 ἐπί-

2456 5058 2669 5105 στευσε,
2704 5060 2722 5091 ι
2765 5044 2857 5094 καὶ
2885 5040 3138 5110 ἐλογίσθη
3172 5042 3324 5112 αὐτῷ
3346 5045 3425 5105 είς
3448 5044 3803 5114 δικαιοσύνην
3824 5063 3837 5076 '
3864 5047 3966 5116 τῆς
3988 5048 4045 5100 δὲ

2458 5134 2516 5198 ἐξ
2548 5132 2745 5201 ἔργων,
2786 5134 2874 5185 ὅτε
2914 5134 3006 5185 τὸν
3038 5135 3154 5185 υἱὸν
3187 5135 3488 5205 ἀνήνεγκεν
3518 5137 3611 5189 ἐπὶ
3645 5138 3706 5189 τὸ
3746 5140 4047 5211 θυσιαστή-

2462 5242 2597 5295 ρ.ον.
2637 5226 2745 5276 Καὶ
2794 5225 2901 5296 γάρ
2933 5225 2994 5276 οὐ
3029 5223 3190 5295 μόνον
3220 5224 3278 5278 τὸ
3308 5226 3468 5297 ἔργον
3515 5227 3713 5291 ἐποίει,
3761 5228 3899 5281 ἀλλά
3952 5234 4047 5282 καὶ

2458 5318 2557 5387 τῆς
2601 5316 2835 5381 πίστεως
2868 5318 2967 5371 οὐκ
2995 5320 3208 5390 ἀπέστη
3251 5319 3351 5389 τῆς
3384 5321 3443 5373 ὲν
3485 5320 3690 5385 Ἰσαὰκ,
3733 5322 3819 5374 ὅτι
3856 5322 4044 5392 μέλλει

1998 5593 2308 5676 Bonifacii
2347 5591 2574 5653 Finetti
2617 5597 2806 5651 noue.

854 5761 965 5830 (9.!)
1029 5760 1207 5813 Codex
1269 5768 1457 5811 noster
1522 5773 1619 5826 pro
1669 5756 1844 5823 φίλος,
1905 5752 2128 5831 amicus,
2175 5749 2361 5831 .haoet

781 5826 991 5897 δσῦλοζ,
1031 5847 1206 5882 servus
1237 5847 1253 5893 ;
1279 5832 1424 5904 quod
1458 5843 1765 5904 expunger
1798 5840 1906 5904 non
1941 5826 2213 5877 dubitavi.
2240 5829 2362 5869 1air--

779 5918 942 5971 quam
1025 5916 1230 5953 lucrata
1316 5900 1522 5952 librarii
1580 5900 2022 5957 ala-nationem,
2081 5908 2205 5947 cum
2266 5908 2357 5941 τουπ

2472 5747 2677 5799 Millius
2704 5745 2867 5798 ullam
2910 5743 2999 5797 hic
3036 5737 3582 5813 agnoscatlectionis
3608 5733 3966 5813 varietatem;
3997 5743 4049 5786 et

2474 5820 2920 5870 immacularius
2988 5803 3096 5867 sub
3163 5811 3385 5864 nomine
3463 5804 3789 5862 tiicumcuii
3865 5803 4046 5858 editus

2478 5890 2675 5940 habeat
2701 5888 2874 5957 φίλος.
2918 5901 3025 5938 non
3065 5882 3271 5941 δοῦλος.
