4162 6442
137 410 275 473 1229
868 409 1271 471 EXPOSITIO
1308 410 1387 469 IN
1429 411 1667 473 EPIST.
1710 413 1738 473 Ι
1774 412 1834 474 S.
1876 413 2105 473 PETRI
2173 437 2237 451 ·-
2266 416 2420 476 CAP.
2469 417 2583 477 III.
3259 415 3393 486 1‘230

134 528 366 580 κνυσθαι
420 525 633 595 ἀγαθήν
660 543 674 557 ο
713 526 933 596 πραέως
979 527 1088 597 γάρ
1132 528 1226 579 καὶ
1262 528 1380 596 μετ’
1410 528 1710 590 ἐπιεικείας
1741 534 1777 594 Α

1747 534 1789 593 Α
1817 530 2081 585 habentes
2117 533 2316 584 bonam
2378 549 2397 582 ι
2449 528 2912 599 conjungendum.
2949 528 3187 586 Mode-ste
3224 536 3390 598 enim,

131 618 294 671 τοῦτο
333 618 635 682 ποιοῦντες,
660 618 779 676 τότε
813 620 1041 683 ἑαυτοὺς
1092 620 1392 673 συνειδέναι
1447 621 1710 673 πιστώσε-

1816 631 1890 689 et,
1924 632 1981 676 ιιι
2012 623 2185 688 decet,
2221 624 2365 679 istud
2412 623 2695 687 facientes,
2746 632 2802 678 et
2848 625 3214 693 vosmetipsos
3244 641 3381 680 com-

132 712 227 762 σθε
272 712 452 777 ἀγαθά
485 714 579 765 καὶ
608 714 737 775 τοὺς
769 712 867 776 τὰς
912 715 1156 785 πονηράς
1210 713 1509 784 ὑπολήψεις
1563 715 1712 785 ἔχον-

1818 714 2191 771 monstrabitis
2256 714 2462 770 nullius
2486 714 2741 777 conscios
2760 729 2880 771 esse
2900 716 3168 779 criminis,
3200 724 3253 769 et
3276 734 3389 790 ens,

126 821 229 865 τας
266 806 395 873 περὶ
420 803 594 873 ὑμῶν,
620 809 1053 875 καταισχυνεῐτε.
1110 806 1296 875 Τούτῳ
1342 807 1398 859 δὲ
1424 806 1503 877 τῷ
1568 807 1716 877 ῥητῷ

1816 804 1906 873 qui
1938 818 2159 874 pravam
2203 805 2270 859 de
2298 805 2455 860 vobis
2486 806 2799 876 opinionem
2834 816 3049 876 gerunt,
3085 808 3392 862 confunde-

128 892 271 960 πρὸς
300 894 361 945 τὸ
394 890 458 963 [Ῑ.
486 892 586 964 τῷ]
612 895 869 965 ἀνωτέρω
896 895 1332 951 συνυπακούεται
1375 895 1453 966 τῷ
1510 896 1576 968 [Ῑ.
1599 896 1712 968 τδ].

1817 895 1908 950 tis.
1943 894 2011 947 At
2040 909 2170 949 vero
2202 895 2303 949 hoc
2331 895 2385 949 in
2417 897 2592 964 dicto,
2632 898 3092 968 quemadmodum
3128 907 3182 954 et
3210 900 3263 953 in
3298 900 3390 957 illo

130 985 345 1048 Πάντες
391 986 691 1055 ὁμόφρονες
757 987 946 1040 ἔσεσθε
974 1003 989 1018 ·
1016 987 1077 1040 τὸ
1115 989 1225 1058 γὰρ
1256 1028 1271 1052 ,
1322 988 1529 1055 ἔσεσθε,
1574 991 1717 1042 κατά

1816 988 2131 1041 anteriore:
2167 1004 2187 1038 ι
2220 985 2424 1044 Omnes
2453 990 2765 1055 unanimes,
2809 1008 2828 1043 ι
2894 989 3221 1045 subauditur
3255 1033 3270 1057 ,
3304 1006 3392 1046 es-

131 1076 317 1128 κοινοῦ
363 1077 458 1129 καὶ
499 1077 657 1131 τοῦτο
684 1079 994 1133 ἀποδίδοται
1018 1097 1031 1111 ·
1064 1079 1150 1133 ῐνα
1181 1076 1236 1151 ᾖ,
1265 1081 1493 1134 Ἐσεσθε
1531 1100 1548 1133 ι
1574 1081 1714 1135 ἕτοι-

1817 1085 1928 1132 tote
1951 1119 1965 1144 ,
2033 1079 2116 1133 vel
2146 1080 2288 1133 sitis.
2325 1079 2401 1137 Ex
2430 1083 2706 1137 communi
2751 1084 2937 1154 itaque
2977 1083 3189 1138 ratione
3226 1084 3298 1137 ita
3333 1099 3392 1140 se

132 1185 246 1233 μοι.
281 1186 299 1218 ι
342 1167 600 1222 Βούλεται
643 1169 700 1233 δὲ
752 1171 1199 1240 παρεσκευάσθαι
1238 1172 1323 1224 ἀεὶ¹
1379 1173 1471 1225 τὸν
1523 1173 1715 1227 πιστὸν

1817 1169 1969 1228 locus
2002 1172 2090 1225 hic
2131 1172 2293 1227 habet
2324 1186 2338 1225 :
2376 1191 2396 1224 ι
2449 1173 2630 1228 Parati
2670 1184 2863 1239 estote,
2891 1194 2909 1228 ι
2941 1176 3025 1232 vel
3074 1176 3216 1231 sitis.
3270 1175 3390 1230 Vult

128 1258 421 1325 ἄνθρωπον
479 1260 612 1329 περὶ
639 1259 729 1312 τὸν
759 1262 858 1331 τῆς
906 1263 1145 1325 πίστεως
1178 1263 1359 1329 λόγον,
1403 1263 1477 1324 ὼς
1511 1266 1596 1320 ἀεὶ
1656 1266 1714 1317 ὲν

1815 1274 1945 1313 vero
1971 1263 2250 1329 apostolus
2318 1278 2417 1318 nos
2455 1272 2674 1333 paratos
2721 1280 2935 1336 semper
2974 1281 3096 1321 esse
3148 1268 3217 1321 ad
3268 1268 3391 1325 red:

132 1350 299 1400 παντὶ
332 1350 511 1420 καιρῷ
541 1352 938 1419 ἀπατωμένους
975 1356 1121 1422 ἡμᾶς
1150 1354 1242 1407 τὸν
1274 1356 1403 1425 περὶ
1437 1355 1604 1425 αὐτῆς
1627 1356 1715 1408 λδ-

1815 1350 2047 1415 dendam
2080 1353 2147 1406 de
2174 1352 2279 1410 title
2313 1363 2500 1408 nostra
2534 1356 2839 1421 rationem;
2873 1369 2929 1411 ut
2956 1358 3391 1429 quotiescunque

127 1458 223 1507 γον
264 1443 505 1512 εὐχερῶς
555 1446 970 1514 ἀποκρίνεσθαι,
1008 1446 1117 1499 ἀπὸ
1175 1447 1357 1501 κοινοῦ
1403 1448 1457 1500 δὲ
1508 1450 1601 1500 καὶ
1653 1448 1714 1500 τὸ

1814 1441 2129 1512 interregati
2162 1460 2373 1507 sumus,
2402 1446 2558 1500 facile
2593 1448 2921 1517 restiondcre
2949 1451 3224 1518 possimus
3258 1468 3271 1505 :
3306 1452 3392 1508 id:-

131 1552 147 1581 ι
180 1535 324 1601 μετά
354 1536 662 1606 πραΰτητος
685 1556 703 1588 ι
734 1537 890 1591 τοῦτο
935 1541 1131 1606 ποιεῖν,
1163 1539 1239 1603 ὡς
1291 1540 1386 1594 καὶ
1427 1540 1590 1593 αὐτοῦ
1618 1539 1711 1592 τοῦ

1813 1548 1917 1605 que
1963 1533 2044 1605 (ut
2075 1543 2273 1589 cetera
2304 1536 2544 1606 quoque)
2580 1554 2600 1590 ι
2653 1552 2781 1592 cum
2834 1540 3126 1602 modestia,
3163 1559 3182 1591 ι
3235 1542 3382 1598 velut

125 1625 266 1677 Θεοῦ
312 1616 596 1697 παρόνὶτος.
633 1629 821 1692 Οὐδεὶς
857 1629 965 1698 γὰρ
989 1630 1084 1683 τοῦ
1118 1631 1304 1703 κυρίου
1343 1630 1506 1685 αὐτοῦ
1567 1648 1710 1702 παρ-

1818 1623 1928 1678 Deo
1950 1625 2069 1695 ipso
2105 1635 2393 1696 praesente,
2432 1628 2695 1685 faciamus
2738 1647 2753 1685 :
2795 1632 2982 1685 nullus
3022 1634 3166 1687 enim
3202 1648 3393 1699 servus

124 1716 288 1776 ὁντος
321 1716 624 1783 εὐγνώμων
657 1717 852 1781 δοῦλος
904 1719 1320 1772 ἁπαυθαδείται.
1352 1720 1464 1773 Καὶ
1505 1720 1568 1772 τὸ
1604 1719 1712 1774 ἀπὸ

1813 1716 1905 1784 qui
1947 1718 2146 1786 sapiat,
2186 1733 2372 1773 coram
2403 1719 2556 1795 ‘hero
2612 1735 2714 1777 suo
2767 1733 3089 1793 arroganter
3124 1725 3389 1795 loquitur.

126 1808 326 1860 τούτου
362 1809 554 1879 κέρδος
584 1810 783 1877 ἐπάγει
845 1812 945 1879 τὴν
1002 1812 1108 1864 ἀπὸ
1152 1811 1263 1865 τῶν
1296 1812 1539 1864 ἀπίστων
1582 1811 1710 1881 περὶ
1746 1870 1769 1884 ,

1746 1870 1784 1884 n
1814 1804 2055 1859 Lucrum
2085 1822 2235 1872 vero,
2264 1790 2640 1877 quod‘exinde
2667 1790 3036 1881 comparatur,
3068 1790 3303 1884 explicat
3333 1817 3388 1872 in

124 1900 278 1967 ἡμᾶς
312 1870 766 1972 ἑπιγυνωμοσύνην
818 1920 878 1955 τε
900 1870 1008 1956 ’καὶ
1065 1903 1506 1974 εὐγνωμοσύνην.
1560 1870 1767 1955 Ἐπι-Ι

1748 1870 1787 1928 Β
1814 1914 1880 1954 eo
1904 1898 2089 1965 situm,
2125 1870 2571 1969 quod-inﬁdeles,
2606 1870 2930 1974 qttalesmos
2960 1870 3158 1971 simus:
3188 1870 3391 1979 cogito.-

130 1994 358 2045 στατέον
390 1994 468 2058 δὲ,
501 1994 575 2057 ὡς
602 1996 703 2048 οὐκ
736 1996 955 2049 ἐναντία
983 1995 1157 2055 ταῦτα
1183 1997 1292 2050 τῶν
1336 1996 1444 2049 ἀπὸ
1477 1994 1571 2048 τοῦ
1606 1997 1715 2048 Κυ-

1814 2001 1990 2056 scant,
2024 1990 2214 2060 sicque
2242 1991 2490 2047 benevoli
2522 1995 2576 2048 in
2613 2008 2714 2049 nos
2746 1996 3061 2055 reddantur.
3093 1997 3384 2069 Sciendum

128 2084 248 2152 ρίου
267 2084 573 2154 εἰρημένων
589 2103 602 2117 ’
621 2088 669 2138 εί
692 2087 720 2137 ὁ
738 2086 834 2156 μὲν
870 2087 974 2155 «μὴ
996 2086 1358 2159 μεριμνῶν
1381 2085 1704 2157 μεριμνᾷν]›

1815 2096 1963 2149 vero,
2000 2082 2116 2139 haec
2146 2084 2232 2149 iis,
2278 2100 2401 2155 qua
2439 2101 2468 2139 a
2506 2084 2727 2142 Christo
2764 2087 2993 2145 Domino
3031 2092 3178 2147 dicta
3236 2103 3388 2156 sunt,

128 2194 300 2250 φησιν
334 2196 353 2229 t
384 2178 481 2230 ἐπὶ
503 2180 604 2245 τὰς
636 2180 811 2251 ἀρχὰς
856 2181 1231 2249 ἐπαγομένους
1262 2179 1357 2236 καὶ
1409 2181 1507 2242 τὰς
1560 2180 1713 2245 ἐξου-

1812 2188 2157 2243 nequaquam
2197 2176 2496 2232 adversari.
2540 2176 2598 2239 Si
2639 2180 2783 2233 enim
2810 2179 2898 2235 ille
2927 2181 3152 2238 minime
3204 2202 3223 2236 ι
3254 2200 3394 2255 pra-

128 2271 253 2334 σίας
287 2269 339 2324 τί
369 2270 823 2341 ἀπολογησόμεθα
853 2287 868 2301 ·
904 2290 930 2326 ι
980 2271 1184 2343 Πέτρος
1226 2271 1283 2325 δὲ
1319 2291 1337 2323 ι
1362 2272 1712 2343 παρεσκευᾶ-

1814 2266 2187 2325 meditandum
2220 2284 2238 2319 ι
2277 2266 2436 2322 nobis
2463 2281 2584 2323 esse
2618 2268 2777 2332 dixit,
2808 2285 2930 2323 cum
2969 2288 2988 2321 ι
3039 2270 3106 2325 ad
3138 2287 3294 2344 reges
3338 2284 3392 2341 et

127 2366 255 2415 σθαι
282 2380 301 2414 s
336 2362 473 2432 πρὸς
503 2361 659 2414 τοῦτο
687 2362 781 2427 νῦν
804 2363 1195 2434 παραγγέλλει,
1232 2362 1313 2417 Τὰ
1346 2363 1447 2434 μὲν
1472 2363 1578 2435 γὰρ
1603 2363 1711 2417 ἀπὸ

1812 2357 2074 2429 praesides
2103 2358 2250 2412 ducti
2307 2357 2595 2426 fuerimus,
2649 2362 3110 2431 quemadmodum
3162 2381 3393 2436 respon-

128 2453 223 2506 τοῦ
257 2453 466 2522 Κυρίου
496 2452 627 2523 περὶ
661 2453 963 2524 μαρτυρίου
990 2456 1245 2525 εἴρηται·
1278 2455 1338 2507 τὸ
1365 2456 1423 2509 δὲ
1476 2457 1583 2510 ἀπὸ
1613 2456 1708 2510 τοῦ

1811 2450 2035 2507 deamus
2054 2450 2134 2517 ⁸³;
2179 2468 2198 2501 ι
2237 2448 2431 2505 Petrus
2460 2466 2608 2513 vero,
2641 2461 2702 2505 ut
2730 2450 2797 2505 ad
2834 2452 2886 2506 id
2924 2471 2943 2504 ι
2974 2456 3150 2524 parati
3175 2472 3393 2527 semper

126 2545 341 2613 Πέτρου
378 2546 507 2613 περὶ
554 2544 924 2608 διδασκαλίας.
967 2546 1042 2598 Τὸ
1097 2547 1207 2617 γὰρ
1254 2548 1386 2603 ἄνευ
1438 2550 1709 2613 συνέσεως

1813 2538 1987 2597 simus
2027 2558 2045 2591 ι
2087 2556 2235 2595 nunc
2263 2542 2511 2611 praecipit
2540 2558 2552 2595 :
2588 2542 2852 2609 Dominus
2878 2545 3100 2614 quidem
3129 2547 3199 2603 de
3247 2564 3393 2609 mare

128 2640 223 2699 καὶ
255 2637 559 2700 ἐξετάσεως
588 2636 765 2705 δοκεῖν
792 2654 845 2690 τι
879 2636 1079 2696 εἰδέναι
1117 2637 1324 2710 μέμψιν
1352 2638 1528 2708 φέρει.
1565 2639 1712 2692 Γνῶ-

1812 2630 1955 2701 tyrio
2007 2630 2368 2699 loquebatur;
2398 2630 2599 2689 Petrus
2615 2641 2798 2689 autem
2820 2634 2887 2690 de
2908 2636 3159 2692 doctrina
3181 2654 3392 2698 sermo-

129 2744 213 2789 σις
243 2729 355 2797 γὰρ
408 2727 683 2781 ἀσυνέτων
735 2727 1078 2798 ἀνεξέταστοι
1137 2728 1306 2797 λόγοι.
1359 2731 1571 2795 ’Λλλως
1624 2747 1708 2802 τε,

1811 2739 1933 2779 nem
1965 2722 2149 2791 habet.
2186 2723 2356 2778 Porro
2380 2726 2527 2795 quod
2555 2725 2679 2797 quis
2707 2726 2916 2796 absque
2939 2727 3124 2782 studio
3157 2739 3211 2786 et
3254 2747 3394 2802 pra:-

132 2820 227 2873 γαὶ
255 2819 445 2888 ἐπειδὴ
499 2819 671 2873 πολλά
705 2821 1050 2891 κατηγόρουν
1101 2821 1259 2890 ἡμῶν
1295 2821 1556 2892 ἀθέμιτα,
1616 2823 1710 2889 καὶ

1810 2815 1898 2877 via
1932 2815 2280 2876 meditatione
2304 2830 2365 2871 se
2406 2816 2610 2885 aliquid
2652 2818 2797 2873 scire
2844 2817 3143 2883 existimet,
3178 2820 3394 2891 vitupe-

135 2913 227 2975 τάς
252 2912 476 2975 ἐλπίδας
511 2914 669 2983 ἡμῶν
700 2913 867 2975 κενὰς
905 2913 1293 2982 ἀπεφαίνοντο,
1321 2914 1449 2984 περὶ
1504 2912 1710 2977 τούτων

1810 2907 2026 2963 ratione
2050 2906 2278 2978 dignum
2314 2914 2402 2962 est
2435 2925 2450 2962 :
2492 2907 2807 2978 insipientis
2833 2909 2978 2969 enim
3017 2919 3105 2973 est
3132 2911 3396 2983 inexpen-

133 3004 524 3074 ὶελογισμένας
552 3003 740 3073 φέρειν
791 3004 889 3074 τὰς
942 2988 1266 3075 ἀποκρίσεις
1309 3004 1498 3077 φησὶν,
1556 3003 1709 3074 ἕχονο

1811 3012 1904 3052 sos
1932 2996 2178 3066 proferre
2208 3011 2513 3053 sermones.
2556 2996 2664 3056 Sed
2717 2999 2877 3055 aliter
2907 3001 3096 3061 etiam.
3118 3000 3392 3068 Quoniam

135 3114 227 3158 τας
297 3097 355 3149 δὲ
430 3095 525 3149 τὸν
588 3095 703 3151 ϐίον
758 3095 1083 3152 συνέπαινον
1162 3095 1192 3148 δ
1269 3098 1362 3148 οιαὶ
1405 3095 1709 3170 συνείδησιν

1812 3088 2063 3144 inﬁdeles
2093 3090 2163 3145 de
2191 3088 2434 3151 infandis
2464 3103 2569 3149 nos
2600 3089 2936 3151 accusabant
2973 3091 3295 3159 sceleribus,
3331 3109 3395 3148 ac

132 3190 309 3245 καλεῖ.
1742 3207 1782 3256 η
1812 3195 1963 3250 spem
1990 3190 2239 3237 nostram
2300 3181 2517 3247 inanem
2580 3194 2703 3235 esse
2746 3179 3071 3250 iactabant,
3110 3183 3395 3256 praecipit.

1814 3278 1874 3321 ut
1923 3270 1992 3324 de
2036 3270 2123 3325 his
2156 3270 2297 3325 bene
2336 3284 2609 3340 expensas
2648 3270 3034 3340 responsiones
3078 3272 3393 3341 aﬂetamus.

1813 3373 2017 3427 easque
2047 3360 2169 3413 vitae
2198 3359 2468 3430 probitate
2494 3359 2901 3416 conﬂrmemus.

202 3469 221 3501 ‹
251 3451 517 3520 Κρεῖττον
543 3448 651 3517 γὰρ
684 3445 1172 3515 ἀγαθοποιοῦντας,
1211 3447 1261 3498 εί
1292 3444 1437 3498 θέλοι
1465 3445 1527 3498 τὸ
1558 3444 1714 3515 θέλη-

1894 3448 2058 3504 V'ens.
2096 3448 2308 3513 17,18.
2340 3468 2358 3501 ι
2391 3448 2582 3508 Melius
2620 3459 2705 3505 est
2729 3451 2873 3506 enim
2901 3450 3304 3511 benefacientes
3328 3454 3396 3524 (si

134 3560 207 3610 μα
251 3541 350 3592 τοῦ
401 3538 557 3600 θεοῦ,
590 3538 842 3606 πάσχειν,
881 3536 1399 3611 ὴκακοποιοῦντας.
1452 3537 1573 3589 ’Ότι
1619 3540 1714 3589 καὶ

1815 3542 2072 3594 voluntas
2102 3539 2196 3595 Dei
2226 3540 2393 3611 velit)
2435 3542 2545 3609 pati
2590 3556 2757 3610 quam
2796 3536 3222 3608 malefacientes.
3253 3544 3393 3610 Quia

135 3633 370 3702 Χριστὸς
393 3630 539 3695 ἅπαξ
565 3633 691 3699 περὶ
723 3629 1012 3699 ἁμαρτιῶν
1045 3628 1312 3693 ἀπέθανε,
1336 3628 1543 3689 δίκαιος
1572 3628 1712 3698 ὑπὲρ

1817 3645 1870 3687 ct
1896 3633 2150 3687 Christus
2180 3633 2349 3689 semel
2374 3647 2471 3700 pro
2503 3633 2747 3703 peccatis
2792 3643 3040 3687 mortuus
3069 3644 3174 3701 est,
3212 3636 3396 3705 justus

134 3725 361 3785 ὁδίκων,
390 3722 477 3775 ἴνα
522 3724 671 3791 ἡμᾶς
706 3720 1087 3793 προσ[αγ]ἀγῃ
1117 3719 1195 3788 τῷ
1221 3719 1364 3788 Θεῷ.
1406 3738 1429 3776 s
1466 3719 1530 3771 Ἦ
1553 3719 1716 3771 αιτιο-

1816 3741 1913 3796 pro
1943 3724 2183 3795 iniustis,
2230 3732 2290 3785 ut
2330 3738 2433 3781 nos
2463 3722 2683 3779 olIerrct
2706 3723 2837 3779 Deo.
2881 3742 2903 3775 ›
2938 3723 3064 3780 llaec
3103 3727 3248 3782 ratio
3286 3744 3394 3784 non

133 3817 287 3881 λογία.
319 3813 461 3883 αὕτη
496 3815 556 3879 οὐ
592 3815 729 3883 πρὸς
785 3813 852 3867 τὰ
900 3811 1185 3884 προσεχῶς
1242 3811 1534 3881 εἰρημένα,
1574 3809 1715 3875 ἀλλὰ

1816 3832 1902 3881 ea,
1930 3831 2049 3883 quae
2068 3816 2321 3889 proxime
2345 3814 2493 3869 dicta
2522 3822 2671 3878 sunt,
2699 3822 2910 3883 spectat
2932 3830 2947 3869 :
2973 3814 3066 3870 sed
3086 3830 3207 3885 qua:
3233 3819 3395 3887 paulo

132 3907 269 3975 πρὸς
300 3907 369 3957 τὰ
405 3908 596 3975 μικ-ρδν
623 3905 910 3977 ἀνωτέρω,
938 3905 1019 3956 ὅτι
1056 3921 1075 3953 ι
1106 3902 1168 3955 El
1203 3902 1298 3953 καὶ
1320 3901 1577 3971 πάσχοιτε
1626 3900 1715 3955 διὰ

1817 3914 1945 3962 ante
1979 3906 2264 3975 prmmisit,
2292 3920 2489 3977 nempe
2513 3918 2577 3959 ea
2601 3904 2763 3959 verba
2793 3920 2805 3957 :
2846 3921 2865 3954 ‹
2911 3903 2973 3957 Ει
3005 3906 3052 3960 si
3092 3906 3222 3975 quid
3254 3908 3399 3977 pati-

131 3973 788 4066 Itiztosziqu,paitdpto£
814 3973 997 4058 έστε,‹
1027 3995 1160 4048 διότι
1193 4014 1213 4051 ι
1235 3997 1481 4064 κρεῖττον
1511 3994 1714 4062 ἀγαθο-

1816 3997 1950 4051 mini
1981 3973 2199 4067 propter
2238 3973 2535 4065 justitiam,
2575 3993 2735 4064 371
2770 3993 2912 4048 beati
2955 4011 2969 4049 :
3013 4012 3032 4049 ι
3065 3973 3269 4052 idcirco
3298 4000 3395 4076 ait,

132 4088 423 4154 ποιοῦντας
454 4090 684 4157 πάσχειν
710 4085 917 4148 κακῶς,
950 4084 983 4154 ἢ
1026 4084 1476 4148 κακοποιοῦντας.
1507 4102 1527 4138 ι
1566 4086 1628 4138 El
1655 4085 1713 4138 δέ

1822 4109 1840 4145 ι
1879 4090 2072 4144 melius
2096 4104 2218 4143 esse
2250 4089 2358 4158 pati
2392 4086 2820 4153 benefacieutes,
2854 4102 3015 4157 quam
3050 4088 3400 4156 malefaciene

132 4195 212 4240 τις
241 4179 339 4248 τὴν
370 4177 549 4233 αίτίαν
601 4176 737 4248 πρὸς
803 4175 864 4228 τὸ
905 4177 1188 4245 προσεχῶς
1223 4175 1467 4244 βούλοιτο
1526 4176 1713 4229 ἀποδι-

1819 4190 1922 4235 tes.
1972 4200 1990 4232 s
2033 4180 2187 4241 Quod
2218 4180 2264 4235 si
2292 4178 2380 4234 cui
2419 4184 2685 4233 rationem
2722 4178 2879 4232 istam
2921 4178 2985 4232 ad
3018 4178 3069 4251 id
3105 4181 3248 4248 quod
3298 4181 3399 4235 im-

132 4272 281 4331 δόναι
320 4272 402 4336 τὸ,
435 4288 453 4321 t
498 4269 978 4338 ἀγαθοποιοῦντας,
1024 4287 1043 4319 ι
1079 4268 1197 4335 οὐχὶ
1229 4268 1362 4336 πρὸς
1389 4268 1572 4337 ἓτερον
1610 4267 1714 4336 χρὴ

1824 4271 2057 4325 mediate
2093 4271 2368 4339 praecedit,
2419 4269 2626 4323 referre
2660 4269 2861 4334 libeat,
2925 4269 3057 4328 illud
3097 4288 3115 4327 ι
3179 4270 3399 4339 benefa-

134 4361 440 4430 λαμῦάνειν
470 4359 855 4428 εὐεργετικώς,
913 4358 1028 4413 ἀλλ’
1076 4357 1359 4419 ἁπολύτως
1402 4356 1545 4429 [ἀντὶ
1594 4359 1713 4422 τοῦ,

1818 4365 2027 4419 cientes
2060 4382 2078 4415 ι
2120 4378 2226 4416 non
2261 4361 2485 4429 perinde
2513 4376 2732 4433 sumere
2773 4368 3010 4429 oportet,
3042 4375 3104 4414 ac
3135 4379 3153 4412 ι
3197 4361 3397 4430 beneﬁ-

134 4451 339 4524 ἀγαθὰ]
376 4450 819 4521 ἐργαζομένους,
869 4447 1131 4510 ὡσαύτως
1200 4449 1295 4511 καὶ
1352 4449 1447 4511 τὸ,
1507 4466 1526 4498 t
1556 4464 1717 4502 xam-

1819 4456 1966 4508 cium
2002 4455 2126 4508 aliis
2157 4454 2533 4523 impertientes
2559 4490 2573 4516 ,
2610 4470 2628 4502 ι
2668 4451 2764 4505 sed
2826 4450 3082 4505 absolute
3118 4472 3130 4506 :
3165 4461 3224 4513 ut
3253 4453 3393 4519 idem

137 4544 449 4604 ποιοῦντας.
478 4560 498 4594 ι
544 4540 876 4612 Προστίθησι
907 4539 964 4592 δὲ
1005 4540 1096 4591 καὶ
1148 4538 1228 4600 τὸ,
1266 4556 1284 4589 t
1324 4538 1397 4609 ,Εἰ
1456 4538 1600 4590 θέλοι
1654 4537 1716 4589 τὸ
1742 4543 1780 4603 Ῑ]

1755 4543 1795 4602 D
1822 4546 1913 4611 sit,
1948 4560 2010 4598 ae
2040 4562 2059 4595 t
2100 4545 2240 4597 bona
2265 4550 2558 4613 aperantes
2596 4558 2609 4593 :
2650 4558 2668 4590 ι
2709 4539 2941 4614 parique
3001 4541 3212 4596 ratione
3266 4542 3398 4603 illud

1747 3207 1781 3231 Α

1739 3244 1782 3269 υ

136 4634 353 4705 θέλημα
377 4632 473 4685 τοῦ
506 4630 661 4695 Θεοῦ,
688 4650 707 4683 ι
743 4631 975 4694 δεικνὺς,
1015 4630 1095 4683 ὅτι
1123 4628 1276 4681 οὐδὲν
1304 4631 1429 4682 ἄνευ
1481 4628 1581 4699 τῆς
1629 4627 1723 4680 τοῦ

1833 4655 1851 4688 t
1910 4636 2297 4690 calefacientes
2333 4653 2351 4686 ι
2381 4631 2820 4702 intelligendum.
2850 4630 3012 4683 Addit
3040 4640 3243 4699 autem,
3283 4650 3303 4698 ί
3342 4635 3397 4686 Si

134 4726 274 4779 Θεοῦ
311 4724 487 4796 ῥοπῆς
542 4727 620 4787 είς
658 4725 804 4793 ἡμᾶς
835 4723 1067 4790 γίνεται,
1113 4720 1283 4790 ἀλλ’ἢ
1315 4720 1381 4772 δι’
1429 4718 1717 4790 ἁμαρτιῶν

1824 4728 2078 4781 voluntas
2110 4724 2203 4779 Dei
2241 4723 2392 4787 velit,
2437 4740 2455 4773 ι
2513 4732 2572 4775 ιιι
2605 4719 2882 4786 ostendat,
2941 4721 3099 4786 nihil,
3154 4722 3254 4775 nisi
3292 4722 3400 4776 lien

138 4820 465 4888 κουφισμὸν,
495 4818 529 4887 ἢ
560 4817 630 4872 δι’
662 4818 966 4887 ἀνάρρησιν
999 4816 1093 4868 καὶ
1116 4814 1273 4877 δόξαν
1301 4814 1477 4883 ἡμῶν,
1536 4813 1569 4883 ἦ
1623 4814 1718 4866 καὶ

1824 4818 2059 4882 volente,
2091 4816 2249 4870 nobis
2287 4814 2562 4877 accidere,
2609 4812 2726 4871 sive
2759 4811 2828 4869 ad
2884 4821 3235 4881 peccatorum
3278 4830 3404 4883 pur-

140 4916 218 4975 είς
252 4911 459 4980 ἑτέρων
491 4909 788 4981 σωτηρίαν.
833 4909 946 4962 Καὶ
974 4906 1131 4960 τοῦτο
1150 4906 1350 4960 διττόν.
1382 4903 1449 4963 Ἦ
1480 4905 1588 4975 γὰρ
1621 4921 1718 4957 κα-

1819 4908 2121 4976 gationem,
2152 4906 2267 4963 sive
2297 4905 2363 4959 ad
2397 4905 2583 4972 gloria:
2621 4913 2994 4972 augmentum,
3021 4905 3105 4960 vel
3128 4905 3292 4976 etiam
3334 4905 3399 4973 ad

139 5005 333 5059 κοῦταί
361 5020 444 5066 τις
477 5001 683 5070 δίκαιος
706 5001 841 5071 πρὸς
870 4997 1248 5069 σωφρονισμὸν
1276 4996 1477 5071 ἐτέρων
1529 4996 1712 5066 ἀμαρ-

1822 4999 2051 5055 aliorum
2084 4997 2360 5056 salutem:
2398 4994 2587 5049 ethoc
2610 4994 2832 5063 quidem
2867 4995 3038 5061 altera
3072 5011 3137 5063 ex
3192 4996 3275 5051 his
3316 5011 3400 5055 ra-

139 5098 349 5160 τωλῶν,
401 5095 537 5150 καθὸ
570 5096 785 5165 εἴρηται
818 5093 899 5158 τὸ,
936 5110 954 5143 ι
986 5091 1047 5144 Et
1074 5091 1102 5143 ὁ
1127 5091 1333 5151 δίκαιος
1368 5089 1519 5159 μόλις
1552 5088 1718 5152 σώζε-

1826 5088 2089 5142 ιίοιιίιιιιε.
2126 5086 2222 5142 Vel
2248 5086 2393 5148 enim
2425 5084 2689 5156 afﬂigitur
2716 5085 2921 5159 justus,
2977 5094 3036 5141 ut
3070 5086 3265 5142 exinde
3313 5103 3401 5147 sa-

138 5204 254 5249 ται,
283 5187 311 5239 ὁ
368 5184 687 5255 ἁμαρτωλὸς
734 5183 837 5249 ποῦ
889 5184 1183 5252 φανεῖταις
1226 5199 1244 5232 s
1292 5180 1402 5233 Καὶ
1456 5178 1614 5231 τοῦτο
1659 5178 1717 5231 δὲ

1820 5196 1950 5250 pere
1975 5181 2182 5234 discant
2210 5187 2547 5247 peccatores,
2575 5176 2729 5245 juxta
2755 5178 2885 5231 illud
2921 5179 2969 5207 ”
3013 5195 3025 5230 :
3081 5195 3100 5229 ι
3133 5178 3187 5231 Si
3218 5179 3402 5246 justus

141 5278 325 5347 διττὴν
373 5276 626 5344 ἐμφαίνει
684 5275 786 5341 τὴν
838 5273 1136 5341 ὠφέλειαν·
1168 5270 1249 5340 τῷ
1300 5272 1400 5339 μὲν
1453 5270 1716 5337 πάσχοντι

1827 5274 1913 5329 vix
1945 5272 2265 5337 salvahitpr,
2298 5270 2500 5343 impius
2552 5277 2605 5321 et
2645 5277 2900 5338 peccator
2924 5268 3014 5322 ubi
3047 5269 3352 5339 parebunt?
3380 5289 3397 5321 ι

143 5369 356 5438 δικαίῳ,
387 5369 465 5430 εἱς
502 5366 821 5436 προσθήκην
855 5363 1200 5431 δικαιοσύνης
1237 5362 1327 5414 διὰ
1358 5361 1459 5430 τῆς
1509 5362 1715 5429 ὑπομο-

1826 5364 1891 5419 Ει
1925 5364 2024 5419 Ιιοο
2064 5361 2281 5430 quidem
2313 5361 2585 5430 duplicem
2626 5358 2782 5413 al‘lert
2811 5360 3103 5414 utilitatem
3144 5377 3158 5415 :
3193 5361 3402 5415 scilicet

142 5463 238 5529 γῆς
261 5475 275 5488 ·
306 5459 385 5528 τῷ
418 5458 473 5512 δὲ
514 5456 856 5528 ἁμαρτωλῷ,
900 5456 1033 5526 πρὸς
1092 5453 1426 5524 ἐπιστροφὴν
1463 5491 1479 5515 ,
1534 5451 1716 5514 καθὼς

1822 5452 1973 5523 justo
2008 5459 2354 5523 augmentum
2385 5451 2632 5522 justiti-3:,
2664 5458 2717 5504 et
2760 5451 3032 5519 peccatori
3087 5452 3401 5505 conversio-

145 5552 382 5621 εἴρηται.
407 5551 475 5600 Ἦ
502 5545 594 5601 οὖν
620 5548 709 5601 διὰ
734 5547 905 5600 ταῦτα
938 5547 1138 5615 πάσχει
1161 5545 1393 5607 δίκαιος,
1431 5544 1549 5613 ἦτοι
1582 5544 1717 5613 πρὸς

1829 5558 1975 5606 nem,
2011 5552 2068 5598 ut
2121 5542 2377 5597 diximus.
2429 5541 2619 5597 Justus
2659 5541 2844 5611 itaque
2891 5544 3155 5596 alterutra
3200 5559 3266 5597 ex
3315 5544 3402 5595 ιιίς

146 5642 304 5710 δόξαν
338 5641 622 5711 οίκείαν,ἢ
654 5641 791 5713 πρὸς
828 5639 1158 5715 ἐπιστροφὴν
1201 5638 1402 5708 ἑτέρων
1425 5638 1517 5691 καὶ
1545 5653 1721 5690 σωτη-

1830 5636 2010 5691 causis
2032 5636 2258 5706 patitur.
2289 5634 2369 5690 vel
2398 5632 2464 5687 ad
2493 5634 2719 5704 gloriam
2749 5635 3043 5703 prOpriam,
3068 5635 3145 5688 vel
3180 5636 3243 5687 ad
3268 5634 3400 5685 al.0-

252 5825 298 5859 ⁵³
334 5824 468 5879 Luc.
513 5838 618 5888 xvi,
646 5824 728 5877 lt.
821 5824 862 5855 ⁸³
904 5823 1091 5877 Il’ctt‘.
1124 5837 1197 5889 tv,
1235 5822 1313 5876 l8.
