4162 6442
208 438 221 461 ὀ
234 428 341 487 233

922 431 1318 527 EXPOSITIO
1352 434 1427 491 1N
1462 428 1695 494 EPIS'l‘.
1736 435 1845 496 iS.
1892 438 2138 497 PETRI.
2173 464 2238 474 --
2278 441 2432 498 CAP.
2473 441 2586 498 llf.

3295 441 3430 503 123‘

200 543 460 613 {f.—'.ou]
490 545 719 614 δωρεᾶς,
749 546 865 599 ἀλλ’
896 548 1114 610 ἐπάξιον
1145 550 1337 603 ἑαυτὸν
1368 551 1626 621 παρέχειν
1665 553 1764 623 τῆς

1878 556 2017 624 [eum
2068 556 2277 611 ratione
2338 558 2779 627 pra'diticsseut)
2820 559 3025 612 duuum
3087 576 3114 611 ιι
3174 578 3431 627 supremo

201 634 292 686 τοῦ
318 634 608 694 δεδωκότος
638 635 994 707 ἀγαθότητος.

277 839 295 869 ι
324 819 687 890 Ἀπειθήσασί
714 839 842 873 ποτε
889 823 975 875 ὅτε
1007 824 1360 894 ἀπεξεδέχετο
1415 827 1448 895 ή
1486 825 1583 878 τοῦ
1630 827 1768 879 Θεοῦ

208 911 564 980 μακροθυμία
608 915 667 965 ἐν
732 915 966 982 ἡμέραις
1022 916 1143 967 Νῶε
1219 919 1770 987 κατασκευαζομένης

197 1002 301 1069 τῆς
339 1003 593 1067 κιϐωτοῦ,
624 1006 702 1066 εἰς
736 1006 801 1074 ἣν
823 1006 1023 1073 ὀλίγαι,
1056 1008 1202 1059 τοῦτ’
1237 1007 1385 1062 ἔστιν
1417 1010 1562 1062 ὀκτὼ
1603 1011 1771 1079 ψυχαὶ

198 1093 537 1162 διεσώθησαν
562 1096 629 1147 δι’
676 1096 919 1159 ὓδατος.»
955 1097 1131 1151 Τοῦτο
1187 1098 1346 1166 ἔθηκε
1392 1101 1534 1154 λύων
1560 1103 1772 1154 ἀντίθε-

201 1186 288 1237 σίν
325 1202 447 1248 τινα
471 1203 485 1219 ο
514 1187 662 1248 εξκὸς
716 1190 825 1257 γὰρ
860 1191 1005 1258 ἐρεῖν
1060 1206 1184 1243 τινα
1208 1205 1221 1219 ·
1258 1192 1369 1243 Καὶ
1416 1191 1561 1253 τίνος
1612 1192 1771 1246 ἄλλου

198 1275 537 1345 κηρύξαντος
565 1278 669 1346 πρὸ
693 1279 788 1331 τοῦ
829 1279 1089 1348 Χριστοῦ,
1115 1275 1234 1333 εἶτα
1286 1281 1337 1332 οἱ
1375 1282 1772 1350 ἀπειθήσαντες

202 1366 646 1436 κατεκρίθησανς
682 1370 787 1419 Καὶ
856 1370 995 1437 ἔχων
1036 1370 1192 1423 τοῦτο
1264 1372 1518 1440 ἐτοὲμως,
1548 1374 1622 1434 ὼς
1683 1374 1774 1425 καὶ

200 1454 435 1519 Παῦλος,
488 1457 597 1509 ἀπὸ
638 1458 747 1511 τῶν
804 1446 1239 1531 κατεπαρμένων
1288 1461 1659 1535 [Ῑ.κατεπηρ.]
1715 1465 1775 1516 ἐν

199 1550 337 1616 ⁴ἔκμῐν
366 1550 600 1617 λογικῶν
638 1550 920 1619 δυνάμεων
969 1554 1283 1621 άπελέγξαι,
1308 1557 1366 1607 οὐ
1406 1557 1565 1608 τοῦτο
1607 1560 1771 1610 ποιεῖ.

199 1642 246 1693 Κ
259 1642 457 1710 ριτικοὶ
488 1643 598 1712 γάρ
633 1643 730 1695 τοῦ
764 1644 933 1696 καλοῦ
968 1646 1061 1697 καὶ
1089 1646 1183 1698 τοῦ
1253 1648 1429 1700 κακοῦ
1466 1650 1773 1717 γεγονότες,

198 1729 319 1786 εἶτα
353 1732 426 1803 μὴ
461 1733 523 1786 τὸ
548 1734 748 1800 ἀγαθὸν
771 1736 1159 1805 ζεργτισάμενοι,
1206 1740 1582 1808 κατακρὶσεως
1638 1740 1777 1804 ἄξοι

198 1826 250 1877 οἱ
285 1825 537 1877 τοιοῦτοι.
566 1828 677 1894 Οὐχ
698 1826 839 1879 οὕτω
862 1827 919 1879 δὲ
944 1829 1181 1897 πρόεισι.
1208 1830 1305 1881 Διὰ
1323 1829 1375 1882 τι
1407 1847 1425 1894 ;
1451 1830 1572 1883 Ὀτι
1597 1833 1777 1901 κρείτ-

1872 646 2095 701 Factore
2153 649 2383 716 benigne
2434 665 2755 704 concessum
2824 661 2967 705 ιυιιο
3026 650 3326 718 possidere,
3380 667 3429 707 et

1870 740 2079 806 seipsos
2114 739 2295 792 «lautis
2319 741 2559 794 bonitate
2584 742 2779 810 dignos
2804 752 3079 809 praestare.

1944 830 2227 884 Vrus.‘20.
2285 848 2304 881 ι
2343 832 2444 897 Qui
2507 833 2771 887 increduli
2836 832 3049 888 fuerant
3109 833 3431 904 aliquando.

1870 922 2090 988 quando
2124 922 2517 989 exspectabant
2568 924 2659 978 Dei
2723 923 3044 992 patientiam
3118 924 3173 976 in
3238 924 3431 978 diebus

1873 1010 2005 1077 Noe,
2042 1031 2163 1066 cum
2204 1015 2568 1069 fabricari-tur
2597 1031 2755 1070 arca:
2797 1019 2848 1070 iu
2873 1032 2978 1086 qua
3023 1016 3204 1085 pauci,
3235 1017 3287 1071 id
3328 1030 3433 1080 est,

1872 1117 1997 1158 oczu
2027 1107 2221 1159 anima:
2252 1107 2418 1161 salva:
2458 1107 2613 1161 facta!
2645 1118 2773 1163 sunt
2829 1125 2924 1176 per
2977 1123 3196 1177 aquam.
3247 1128 3264 1160 ι
3312 1108 3432 1163 11ιιιι4⁸

1874 1196 2067 1261 addit,
2131 1206 2189 1248 ιιι
2235 1198 2455 1251 tacitam
2507 1199 2866 1263 objectiouem
2936 1199 3183 1253 elideret.
3254 1198 3434 1252 Facile

1872 1288 2015 1342 enim
2049 1304 2237 1358 rogare
2260 1290 2383 1358 quis
2445 1298 2696 1359 poterat:
2724 1288 2921 1359 Erquis
2969 1300 3096 1347 aute
3155 1291 3433 1345 Christum

1875 1381 2211 1449 praedicavit,
2244 1391 2300 1434 nt
2333 1384 2424 1451 qui
2453 1381 2500 1435 ei
2547 1400 2653 1436 non
2684 1384 3064 1447 credidissent,
3102 1384 3437 1438 condemna-

1877 1472 2106 1525 rentur?
2161 1472 2411 1543 Cumque
2458 1474 2510 1527 in
2567 1486 2818 1541 promptu
2882 1474 3105 1529 haberet
3135 1492 3277 1540 eam,
3333 1491 3439 1544 qua

1876 1563 2075 1617 l’aulus
2105 1580 2323 1635 quoque
2348 1582 2481 1621 usus
2508 1577 2613 1630 est,
2648 1567 3089 1635 responsionem,
3126 1582 3340 1636 nempe.
3371 1567 3434 1617 ad

1878 1653 1928 1707 id
1954 1654 2180 1709 insitum
2213 1657 2373 1710 nobis
2400 1657 2634 1712 rationis
2676 1657 2858 1711 lumen
2894 1657 3032 1712 satis
3063 1672 3221 1719 esse;
3260 1672 3435 1725 quan-

1878 1742 2166 1811 doquidem
2200 1745 2292 1813 qui
2326 1747 2525 1800 bonum
2569 1764 2596 1801 a
2625 1748 2765 1802 malo
2795 1747 3115 1802 secernendi
3181 1746 3439 1801 facultate

1877 1831 2060 1888 donati
2094 1842 2243 1900 sunt,
2285 1835 2320 1889 ii
2358 1835 2627 1906 profecto,
2662 1838 2707 1892 si
2738 1838 2939 1893 bonum
2965 1855 3074 1893 non
3118 1846 3437 1908 operentur,

199 1935 353 1980 τονος
379 1919 536 1985 λόγου
570 1919 731 1972 τοῦτο
765 1922 855 1973 καὶ
877 1921 1166 1989 φιλοσόφου
1198 1922 1454 1991 ἐχόμενον
1489 1923 1773 1993 λογισμοῦ,

1878 1926 2697 1999 condemnatiOuesuntdigni:
2761 1943 2823 1982 ea
2857 1941 3038 1983 tamen
3098 1930 3177 1983 uti
3245 1929 3437 1983 noluit.

200 2010 233 2067 ἦ
279 2010 419 2061 κατὰ
454 2010 726 2062 ’ἰουδαοῖων
756 2010 995 2063 διάνοιαν
1025 2014 1365 2083 χαμαιπετῆ.
1392 2014 1526 2066 Ἀπὸ
1562 2014 1618 2067 δὲ
1676 2016 1775 2084 τῆς

204 2102 426 2170 Γραφῆς
449 2102 550 2170 τὴν
597 2101 880 2154 ἀπείθειαν
921 2102 1229 2166 πιστοῦται,
1265 2104 1357 2155 καὶ
1385 2104 1485 2155 οὐκ
1538 2104 1643 2156 άπὸ
1670 2102 1776 2158 τῶν

200 2192 411 2260 χρόνων
463 2192 573 2245 τῶν
630 2192 1007 2261 προφητικῶν,
1075 2193 1193 2245 ἀλλ’
1236 2194 1331 2246 ἀπ’
1388 2195 1557 2263 αὐτῆς
1593 2196 1778 2265 σχεδον

198 2287 299 2352 τῆς
334 2287 706 2353 κοσμοποιίας.
732 2277 932 2352 Ἀφὀῦ
982 2285 1328 2354 παρέστησεν
1356 2286 1431 2348 ὼς
1495 2286 1552 2350 ἐξ
1602 2289 1777 2358 ἀρχῆς

200 2377 542 2446 ἐκηρῦσσετο
610 2378 916 2445 ἀνθρώποις
955 2380 987 2448 ἡ
1042 2378 1319 2448 σωτηρία,
1362 2382 1689 2450 παρεωρᾶτο
1720 2379 1777 2432 δὲ

200 2472 267 2537 τῇ
294 2470 429 2537 πρὸς
456 2471 522 2521 τὰ
561 2473 763 2537 μάταια
808 2472 986 2523 αὐτῶν
1014 2471 1321 2525 ἀποκλίσει.
1362 2471 1777 2541 Ἀναριθμήτων

200 2560 313 2624 γὰρ
347 2559 517 2609 ὅντων
546 2558 852 2626 ἀνθρώπων
882 2560 1001 2613 κατ’
1030 2562 1204 2612 ἐκεῖνο
1230 2560 1447 2631 καιροῦ,
1484 2562 1635 2630 μόνοι
1682 2563 1779 2613 6x-

204 2647 282 2699 τὼ
304 2649 581 2715 ἄνθρωποι
609 2650 922 2712 πεισθέντες
947 2652 1059 2712 τοῖς
1090 2651 1522 2720 κηνρυσσομένοις
1551 2651 1639 2703 διὰ
1678 2651 1775 2719 τῆς

206 2739 554 2808 κατασκευῆς
586 2740 687 2802 τῆς
741 2740 975 2793 κιῦωτοῦ
1029 2741 1330 2811 ἐσώθησαν.
1369 2740 1587 2812 Ἐπειδὴ
1631 2741 1687 2795 δὲ
1716 2742 1775 2796 ὲν

204 2831 357 2882 ὕδατι
385 2832 418 2897 ή
439 2832 702 2900 σιιγτηρεα,
728 2832 960 2896 εὐθέτως
985 2833 1143 2885 τοῦτο
1174 2834 1265 2884 ἐπὶ
1290 2833 1385 2887 τοῦ
1406 2833 1562 2899 ἁγίου
1591 2834 1780 2902 βαπτί-

218 2940 426 2990 σματος
459 2923 746 2991 λαμϐάνει,
779 2923 870 2974 καί
898 2939 1084 2991 φησιν,
1114 2923 1196 2975 ὅτι
1219 2924 1293 2975 Τὸ
1318 2922 1459 2992 ὕδωρ
1492 2924 1668 2977 ἐκεῖνο
1718 2925 1781 2978 τὸ

207 3014 493 3082 βάπτισμα
533 3015 664 3081 ἡμῖν
694 3014 1047 3084 ὑπῃνίσσετο,
1080 3015 1201 3066 ἐπεὶ
1238 3015 1330 3066 καὶ
1374 3013 1533 3067 τοῦτο
1580 3018 1777 3069 ἐναπο-

204 3103 387 3170 πνιγει
421 3104 549 3164 τοὺς
583 3102 945 3165 ἀπειθοῦντας
971 3102 1252 3170 δαίμονας,
1302 3102 1395 3155 καὶ
1437 3102 1598 3167 σώζει
1651 3104 1779 3167 τοὺς

206 3194 416 3256 πιστῶς
448 3193 773 3263 προσιόντας
798 3195 864 3261 τῇ
900 3192 1134 3260 κιϐωτῷ,
1160 3194 1321 3263 ἦτουν
1341 3196 1406 3261 τῇ
1448 3194 1771 3264 Ἐκκλησία·

1874 2015 1988 2069 Cur
2018 2016 2180 2071 vero?
2207 2017 2344 2082 Quia
2398 2018 2772 2074 sublimiorem
2804 2031 2857 2074 et
2887 2020 3053 2075 nimis
3100 2019 3441 2089 philosophi—

1877 2106 2166 2160 camillam
2219 2108 2469 2177 putabat,
2510 2126 2671 2177 quam
2725 2117 2781 2162 ut
2830 2108 3140 2162 .ludzeormn
3197 2109 3439 2179 ingenio.

1878 2198 2020 2265 quod
2057 2197 2209 2250 humi
2244 2198 2485 2266 repebat,
2514 2200 2922 2255 accommodata
2961 2200 3119 2255 foret.
3179 2202 3348 2272 Igitur
3374 2219 3437 2257 ex

1881 2282 2168 2353 Scriptura
2196 2285 2564 2341 infidelitatem
2597 2303 2716 2342 eam
2744 2290 2964 2352 astruit,
3006 2302 3058 2345 et
3084 2308 3192 2345 non
3218 2293 3437 2362 quidem

1877 2388 1907 2427 τι
1934 2375 2322 2443 prophetarum
2348 2379 2703 2448 temporibus.
2731 2382 2826 2434 sed
2854 2381 2923 2436 ab
2952 2383 3063 2451 ipsa
3090 2398 3226 2451 pene
3255 2384 3441 2437 mundi

1878 2466 2213 2521 conditione.
2248 2467 2325 2521 Ex
2358 2484 2466 2538 quo
2497 2471 2860 2536 demonstrat,
2896 2473 3061 2526 etiam
3112 2488 3142 2526 a
3174 2475 3444 2544 principio

1880 2557 2258 2611 auuuutiatam
2344 2560 2516 2614 fuisse
2600 2561 2915 2617 hominibus
2973 2564 3206 2618 salutem
3261 2604 3277 2628 ,
3349 2566 3443 2621 sed

1880 2645 2160 2716 despectui
2203 2649 2441 2703 habitam
2467 2651 2538 2704 ob
2570 2667 2758 2706 eorum
2783 2652 2847 2706 ad
2882 2667 3021 2707 vana
3043 2654 3440 2711 oblectamenta

1883 2735 2315 2792 inclinationem.
2378 2732 2514 2793 Cum
2561 2740 2707 2794 enim
2769 2741 3198 2796 innumerabiles
3249 2758 3342 2812 per
3393 2743 3443 2795 i.l

1884 2834 2096 2895 tempus
2123 2826 2324 2892 forent,
2358 2840 2482 2884 octo
2530 2838 2709 2885 tamen
2764 2831 2888 2896 soli,
2931 2834 3024 2901 qui
3074 2848 3269 2901 nempe
3308 2849 3445 2903 pra:-

1881 2918 2143 2973 dicatiuni
2178 2919 2552 2982 crediderunt,
2581 2921 2719 2977 salvi
2752 2938 2847 2992 per
2905 2937 3088 2977 arcam
3125 2922 3253 2977 facti
3294 2932 3422 2977 sunt

1881 3008 2147 3073 Quoniam
2178 3025 2307 3064 vero
2365 3010 2470 3065 hoc
2525 3012 2579 3065 iu
2613 3014 3032 3085 aqua‘coutigit,
3092 3014 3338 3085 apposite
3368 3016 3433 3066 ad

1881 3100 2149 3169 baptisma
2176 3100 2343 3155 refert
2371 3102 2575 3172 aitque,
2612 3082 2851 3159 istud.ab
2882 3105 2971 3158 illa
3016 3082 3179 3174 aquai
3201 3104 3442 3160 subindi-

1882 3200 2063 3246 catum
2099 3190 2302 3248 fuisse:
2331 3208 2454 3247 nam
2501 3204 2555 3249 et
2614 3195 2718 3251 hoc
2763 3204 3116 3251 contumaces
3171 3196 3447 3251 diBIIIOIIPs‘

205 3288 323 3355 ἅμα
362 3287 417 3339 δὲ
449 3258 543 3338 καὶ
571 3287 674 3350 ὅτι,
713 3258 901 3353 ὥσπερ
927 3284 987 3336 τὺ
1035 3258 1191 3352 ὕδωρ
1216 3258 1508 3349 ἀποκλῦςει
1562 3258 1651 3337 τὸν
1683 3258 1779 3354 ῥῦ-

1886 3282 2135 3351 perimit;
2190 3283 2364 3337 salvat
2419 3294 2598 3339 autem
2657 3301 2786 3351 eos,
2848 3287 2940 3356 qui
3009 3303 3103 3356 per
3163 3286 3321 3340 fidem
3379 3290 3443 3339 ait

206 3397 331 3441 πον,
366 3377 510 3431 οὕτω
534 3378 626 3429 καὶ
662 3377 723 3428 τὸ
747 3376 1027 3445 βάπτισμα
1052 3392 1065 3404 ·
1098 3373 1215 3427 ἀλλ’
1241 3376 1301 3426 οὐ
1352 3376 1552 3447 σαρκὸς
1604 3376 1777 3446 ῥύπου

210 3470 473 3525 ἀπόθεσιν
503 3467 997 3537 ὲργάζεταιτοῦτο,
1040 3465 1381 3535 συμϐολικῶς
1414 3467 1470 3519 δὲ
1522 3466 1622 3535 τὴν
1680 3467 1778 3536 τῆς

205 3564 443 3632 ψυχικῆς
475 3561 687 3630 κηλίδος
714 3560 1032 3612 ἁπόκλυσιν.
1065 3559 1220 3610 Ἔστι
1250 3557 1306 3608 δὲ
1360 3556 1456 3608 καὶ
1481 3557 1642 3610 οἱονεί
1692 3574 1777 3620 τις

207 3654 470 3725 άρῤαὗὼν
505 3656 596 3706 καὶ
620 3653 888 3722 ἐνέχειρον
917 3654 1013 3721 τῆς
1046 3650 1179 3719 πρὸς
1204 3649 1336 3702 Θεὸν
1364 3651 1572 3718 ἀγαθῆς
1605 3666 1778 3703 συνει-

207 3746 439 3813 δήσεως.

287 3854 305 3885 ι
359 3837 424 3885 Ὀ
455 3832 741 3886 ἀντίτυπον
794 3831 887 3884 νῦν
932 3831 1094 3896 σώζει
1142 3831 1234 3883 καὶ
1267 3833 1413 3901 ἡμᾶς
1464 3831 1771 3901 βάπτισμα.

209 3929 285 3980 Οῦ
316 3929 425 3997 γάρ
463 3926 665 3995 σαρκὸς
700 3924 955 3985 ἀπόθεσις
1001 3924 1197 3994 ῥύπου,
1249 3922 1384 3976 ἀλλά
1424 3925 1778 3992 συνειδήσεως

210 4018 420 4085 ἀγαθῆς
452 4013 783 4083 ἐπερώτημα
819 4013 897 4072 εἰς
929 4012 1062 4063 Θεὸν
1106 4011 1173 4063 δι’
1209 4012 1559 4074 ἀναστάσεως
1606 4012 1776 4082 Ἰησοῦ

208 4109 472 4178 Χριστοῦ.
511 4110 610 4168 Ὃς
642 4109 788 4159 ἐστιν
819 4107 876 4156 ἐν
906 4106 1056 4174 δεξιᾷ
1090 4104 1182 4157 τοῦ
1204 4104 1337 4157 Θεοῦ
1374 4107 1654 4177 πορευθεὶς
1700 4108 1778 4168 εἰς

209 4199 461 4270 οὐρανόν·
500 4218 517 4246 ’
554 4197 626 4248 Τὸ
658 4196 803 4263 iiiis.
846 4194 1049 4258 οὕτως·
1088 4196 1154 4247 Ὃ
1188 4195 1479 4248 ἀντίτυπον
1508 4198 1601 4248 καὶ
1634 4199 1780 4265 ἡμᾶς

213 4294 376 4354 σώζει
408 4290 687 4359 βάπτισμα
738 4287 852 4351 νῦν,
886 4288 945 4339 οὐ
979 4288 1177 4355 σαρκὸς
1214 4286 1387 4356 ῥύπου
1416 4286 1475 4341 ὃν
1502 4288 1778 4356 ἀπόθεσις,

212 4383 349 4436 ἀλλά
380 4382 736 4451 συνειδήσεως
769 4379 977 4448 ἀγαθῆς
1003 4377 1106 4447 τῆς
1139 4379 1218 4436 εἰς
1258 4379 1391 4430 Θεὸν
1420 4379 1776 4449 ἐπερώτημα,

210 4477 330 4545 ἦτοι
373 4474 628 4541 ὲξήτησις
672 4470 737 4542 [Ῑ.
771 4469 983 4533 ὲξέτασ.
1014 4470 1091 4522 vel
1136 4467 1375 4539 ὲκζήτ.].
1408 4471 1469 4522 Οἱ
1511 4470 1620 4540 γάρ
1653 4488 1779 4522 συν-

211 4566 414 4626 ειδότες
462 4564 674 4624 ἑαυτοῖς
716 4561 914 4629 ἀγαθά,
944 4560 1091 4614 τοῦτ’
1122 4562 1267 4613 ἔστιν
1304 4562 1352 4613 οἱ
1386 4562 1502 4632 βίου
1548 4562 1780 4631 ἀμώμου

212 4658 582 4725 ἀντεχόμενοι,
612 4650 757 4708 οὗτοι
799 4654 893 4706 καὶ
925 4653 1003 4723 τῷ
1038 4653 1187 4722 ,ἁγίῳ
1236 4652 1568 4723 βαπτίσματι
1608 4671 1775 4723 προσ-

210 4751 486 4819 τρέχουσιν.
520 4748 628 4799 Καὶ
651 4746 724 4810 τί,
753 4746 907 4813 φησι,
935 4743 1094 4796 τοῦτο
1123 4745 1348 4813 παρέχει
1373 4746 1432 4797 τὸ
1458 4746 1775 4816 βάπτισμα;

220 4841 288 4891 ’11
328 4840 622 4898 ἀνάστασις
670 4834 764 4888 τοῦ
815 4834 1071 4903 Χριστοῦ.
1102 4835 1214 4904 Πρὸ
1248 4836 1345 4904 μὲν
1379 4837 1484 4905 γὰρ
1524 4838 1622 4908 τῆς
1649 4840 1777 4891 ἀνα.

213 4932 456 4991 στάσεως
486 4926 651 4980 αὐτοῦ
683 4928 774 4980 καὶ
804 4926 897 4979 τοῦ
923 4925 1126 4987 πάθους
1146 4926 1502 4995 ἀποφαίνεται
1532 4930 1612 4994 τὸ,
1640 4947 1658 4980 ι
1680 4932 1778 4983 “Av

215 5023 293 5090 μή
317 5036 399 5082 τις
428 5017 659 5088 γεννηθῇ
688 5017 745 5083 ἐξ
774 5015 961 5077 ὕδατος
986 5017 1081 5067 καὶ
1104 5014 1436 5086 Πνεύματος.
1459 5037 1477 5068 ι
1521 5018 1783 5083 Ἀναστὰς

212 5110 305 5169 δὲ,
353 5129 371 5159 ι
407 5110 470 5160 τὸ
526 5106 810 5176 βαπτίζειν
851 5106 1029 5159 πάντα
1068 5124 1086 5156 ι
1128 5105 1197 5157 τὰ
1243 5108 1539 5176 προσιόντα
1576 5126 1594 5159 ι
1653 5110 1780 5181 ἔθνη

213 5203 295 5262 εἰς
332 5200 394 5251 τὺ
416 5199 585 5268 ὄνομα
606 5196 699 5250 τοῦ
740 5198 949 5268 Πατρδς
980 5198 1072 5249 καὶ
1100 5195 1195 5249 τοῦ
1220 5197 1351 5251 Υῐοῦ
1385 5200 1480 5252 καὶ
1498 5201 1593 5253 τοῦ
1625 5202 1782 5269 ἀγίου

215 5292 552 5364 Πνεῦματος.
583 5310 600 5343 ι
622 5322 690 5330 —
716 5308 734 5342 ι
772 5290 1185 5358 ’Υποταγέντων
1224 5291 1371 5361 αὑτῷ
1393 5293 1639 5360 ἀγγέλων
1684 5297 1780 5349 καὶ

287 5432 332 5462 ⁸⁷
357 5428 517 5483 .loau.
568 5445 763 5492 xxxiii,
792 5431 846 5484 ’5.
924 5429 969 5460 ⁸⁸
993 5428 1188 5483 Matth.
1216 5444 1369 5493 xvnn,
1402 5429 1489 5483 li).

1881 3385 2087 3435 arcam,
2116 3372 2217 3426 hoc
2244 3383 2348 3437 est,
2380 3373 2445 3427 ad
2478 3373 2772 3429 Ecclesium
2797 3376 3099 3430 accedunt:
3140 3391 3201 3430 ac
3221 3388 3446 3445 praeter-

1881 3477 1943 3514 ea
1981 3502 1996 3526 ,
2058 3463 2519 3531 quemadmodum
2573 3480 2714 3535 aqua
2780 3468 2969 3522 sordes
3029 3469 3223 3531 abluit,
3269 3470 3340 3521 ita
3392 3482 3445 3521 et

1881 3553 2175 3618 baptisma.
2207 3553 2363 3619 Quod
2388 3563 2569 3610 tamen
2607 3574 2714 3611 non
2745 3577 2761 3608 ι
2792 3559 2974 3613 carnis
3001 3559 3243 3613 sordium
3276 3561 3445 3627 depo-

1880 3641 2131 3696 sitiouem
2175 3663 2193 3694 ι
2238 3644 2397 3699 edicit
2421 3647 2612 3716 373.
2640 3649 2732 3701 sed
2761 3649 3063 3717 symbolice
3092 3649 3435 3703 demonstrat

1882 3734 2220 3789 macularum
2257 3736 2449 3790 animae
2479 3739 2836 3795 ablutionem.

1953 3826 2116 3880 \‘Ens.
2149 3827 2240 3888 2|,
2262 3828 2352 3881 ‘22.
2389 3846 2407 3879 ι
2444 3828 2597 3893 Quod
2630 3839 2684 3884 et
2711 3846 2805 3884 vos
2837 3830 3035 3885 similis
3058 3830 3245 3885 forma:
3268 3832 3448 3886 salvus

1873 3912 2011 3969 facit
2043 3916 2349 3985 baptisma;
2416 3933 2523 3972 nou
2587 3920 2770 3974 carnis
2828 3920 3100 3987 depositio
3164 3922 3446 3987 sordium,

1880 4008 1975 4062 sed
2001 4008 2356 4063 conscientia:
2404 4009 2948 4079 bouieiuterrogatio
3001 4012 3056 4064 in
3124 4011 3291 4065 Deum
3352 4028 3447 4081 per

1882 4099 2342 4155 resurrectionem
2402 4101 2529 4157 Jesu
2562 4101 2786 4157 Christi.
2823 4104 2926 4169 Qui
2977 4112 3060 4175 est
3113 4105 3166 4157 in
3219 4104 3442 4158 dextera

1883 4190 1974 4244 Dei
2018 4190 2291 4259 profectus
2316 4193 2367 4245 iu
2402 4194 2622 4248 malum.
2663 4213 2680 4245 ι
2714 4194 2918 4250 Textus
2945 4195 3047 4250 iste
3071 4196 3144 4249 ita
3172 4211 3231 4250 se
3261 4195 3446 4249 habet:

1884 4284 2161 4352 Baptisma
2196 4286 2468 4339 consimili
2504 4284 2681 4340 forma
2742 4302 2889 4340 ιιιιιιο
2920 4302 3017 4340 vos
3074 4286 3259 4341 salvos
3294 4285 3447 4350 facit,

1884 4377 2027 4444 quod
2063 4385 2148 4431 est
2186 4392 2292 4430 non
2325 4376 2593 4431 detractio
2617 4377 2862 4432 sordium
2915 4378 3125 4443 caruis,
3192 4379 3286 4433 scd
3313 4392 3447 4432 cou-

1885 4468 2125 4520 scieutiae
2164 4466 2319 4521 bona:
2372 4468 2750 4537 interrogatio,
2811 4483 2905 4522 seu
2959 4468 3268 4538 exploratio
3318 4482 3447 4537 erga

1812 4588 1859 4647 υ
1889 4558 2079 4614 Deum.
2123 4559 2224 4625 Qui
2252 4560 2397 4614 enim
2432 4561 2569 4614 bene
2624 4559 2729 4614 sibi
2760 4560 2965 4614 conscii
3026 4567 3178 4622 sunt,
3232 4575 3325 4614 seu
3357 4562 3452 4629 qui

1884 4653 2053 4704 vitam
2095 4652 2327 4706 crimine
2361 4658 2640 4720 expertem
2677 4649 2909 4712 ducunt,
2943 4650 2978 4703 ii
3008 4651 3171 4704 etiam
3199 4649 3265 4703 ad
3294 4666 3454 4704 sauc-

1884 4755 1995 4800 tum
2027 4745 2290 4814 baptisma
2318 4751 2633 4798 accurrunt.
2669 4743 2737 4795 At
2789 4743 2917 4812 quid
2948 4758 3095 4806 vero,
3140 4743 3237 4806 ait,
3287 4743 3452 4797 istum

1880 4839 2075 4889 trihuit
2100 4836 2484 4904 baptismum?
2542 4833 2894 4888 Resurrectio
2946 4833 3169 4888 Christi.
3227 4832 3277 4889 Is
3306 4835 3450 4887 enim

1883 4937 2010 4980 ante
2044 4926 2502 4981 resurrectionem
2523 4937 2579 4980 et
2620 4928 2929 4995 passionem
2959 4940 3115 4980 suam
3165 4924 3298 4978 illud
3335 4925 3449 4977 edi-

1880 5018 2026 5072 xit"
2057 5037 2068 5071 :
2105 5037 2123 5068 ι
2169 5017 2283 5072 Nisi
2306 5018 2430 5087 quis
2466 5028 2689 5073 renatus
2714 5018 2877 5073 fuerit
2898 5034 2963 5073 ex
2995 5032 3135 5087 aqua
3162 5028 3216 5071 et
3244 5018 3451 5084 Spiritu

1880 5119 2087 5177 sancto,
2154 5130 2172 5163 ι
2231 5124 2334 5165 etc.
2383 5110 2512 5166 Post
2537 5111 2993 5164 resurrectionem
3018 5124 3169 5172 vero,
3205 5127 3223 5158 ι
3260 5123 3452 5161 omnes

1880 5213 2068 5274 gentes
2121 5202 2477 5271 baptizandus
2524 5201 2780 5268 prrecepit
2813 5201 2866 5252 in
2916 5198 3138 5253 nomine
3178 5196 3359 5252 Patris
3398 5210 3452 5252 ει

1886 5295 2002 5347 Filii
2035 5302 2088 5348 et
2118 5293 2356 5361 Spiritus
2386 5292 2555 5348 sancti
2586 5291 2650 5343 ⁵⁸.
2698 5310 2714 5339 ι
2763 5289 3059 5359 Sequitur:
3113 5308 3129 5339 ι
3172 5288 3447 5356 Subjecns

1417 5520 1723 5581 Bonifaeii
1768 5519 1990 5580 Finctti
2032 5527 2216 5582 uota).

216 5623 342 5683 to);
408 5624 851 5684 πιστεύσανταςς
903 5616 960 5673 Si
1015 5620 1065 5671 iu
1124 5619 1387 5686 infernum
1474 5621 1780 5680 descendat,

219 5690 381 5744 simul
414 5691 661 5743 descende
686 5691 1008 5757 (alloquitur
1039 5689 1249 5743 fidelem
1280 5690 1773 5745 meditabnudum).

224 5760 304 5812 lia
334 5775 535 5829 quoque
586 5760 836 5828 mysteria
880 5775 1149 5825 cognosce,
1199 5775 1314 5826 qua:
1372 5757 1615 5812 Christus
1666 5759 1777 5810 illic

222 5832 509 5894 designavit
534 5845 550 5883 :
580 5831 715 5885 quod
747 5829 970 5897 duplicis
1009 5831 1285 5884 descensus
1321 5830 1596 5884 (misiliam
1622 5832 1643 5883 ξ’
1664 5844 1782 5896 qua;

1890 5623 2025 5676 ratio
2052 5621 2268 5688 fuerit?
2322 5619 2509 5672 Utrum
2571 5635 2747 5673 omnes
2800 5620 2913 5671 sine
2980 5618 3093 5669 uila
3153 5618 3452 5678 c.1ccpt'onc

1887 5695 2108 5745 mlveum
2134 5710 2225 5743 sua
2254 5692 2425 5743 salvos
2483 5691 2684 5757 {cm-rit,
2716 5706 2780 5739 un
2816 5689 2924 5741 ilhc
2955 5704 3159 5757 quoque
3201 5704 3285 5740 ιόδ
3319 5688 3453 5739 duu-

1886 5773 2059 5826 tuxut,
2086 5763 2175 5829 ψιὶ
2206 5762 2579 5814 credidermu?
