4162 6442
706 346 839 411 1235

1578 347 2145 407 THEOPHYLAC’I‘I
2210 350 2612 412 BULGARLE
2666 357 3016 417 AllClllEP.

3814 351 3827 411 l
3841 351 3947 411 236

702 459 749 510 ei
789 458 1027 525 Augulis,
1059 458 1418 511 l’..test:diltn;
1444 466 1495 511 ei
1534 457 1853 513 Virtutibus.
1898 478 1913 510 ι
1955 491 2021 501 --
2060 480 2077 508 ‹
2128 461 2206 523 Εἰ,
2243 479 2260 510 ι

2404 468 2671 531 ίὶξνιυσιών
2704 471 2797 522 καὶ
2836 470 3149 538 Δυνάμεων.
3182 489 3199 520 ο
3238 502 3302 509 ο-
3346 489 3363 518 ι
3397 470 3572 536 Αὐτῷ,
3606 486 3624 517 ι
3672 468 3814 531 τίνι;
3857 468 3949 533 Τῷ

701 551 828 603 tui?
852 548 1089 613 Scilicet,
1120 550 1319 602 homini
1352 551 1449 618 ipsi
1487 553 1656 603 unito.

1295 632 1524 700 CAPUT
1585 644 1650 697 tv

778 733 919 789 Vens
949 736 1026 787 1.(
1060 732 1277 789 Christo
1296 735 1456 805 igitur
1478 750 1637 804 passo
1664 736 1714 789 in
1748 744 1991 800 carne,et
2022 744 2283 790 voseam'

705 828 826 880 dem
862 828 1242 896 cogitationem
1296 829 1599 881 armemini.
1627 847 1746 879 ι-ι
1786 829 2039 882 Eamdem
2074 829 2282 897 cogita-

703 918 926 985 tio’nem,
949 938 965 967 ι
996 935 1090 986 pro
1111 937 1123 972 :
1147 919 1298 986 juxta
1329 919 1571 972 eamdem
1605 920 1955 973 intentionem
1973 931 2279 987 etscopum.

706 1008 864 1063 Deest
892 1011 1034 1064 enim
1078 1026 1171 1078 per
1195 1008 1415 1080 figuram
1450 1011 1701 1080 ellipseos
1721 1012 2052 1081 praepositio,
2106 1011 2280 1079 juxta.

708 1096 1001 1167 Postquam
1036 1100 1199 1168 igitur
1236 1116 1358 1168 quae
1399 1088 1662 1154 Dominus
1695 1112 1814 1169 post
1849 1112 2075 1155 mortem
2118 1102 2276 1164 fecit,

709 1189 1011 1251 enarravit,
1050 1206 1244 1258 nempe
1290 1190 1410 1257 ej-ns
1470 1189 1534 1242 ad
1597 1189 1805 1243 inferos
1837 1190 2185 1253 descensum,
2221 1197 2276 1243 et

710 1280 867 1348 cujus
930 1282 1004 1334 rei
1070 1282 1239 1349 gratia
1299 1282 1427 1335 illuc
1491 1283 1876 1350 penetraverit,
1906 1283 2158 1335 videlicet
2204 1281 2276 1334 ob

710 1385 922 1433 eorum,
948 1372 1037 1439 qui
1069 1372 1201 1426 ittibi
1241 1373 1569 1426 tenel-antur
1603 1373 1824 1437 inclusi,
1877 1374 2147 1434 salutem;
2180 1387 2277 1425 no-

714 1476 833 1515 vant
875 1478 939 1516 ex
981 1464 1099 1532 ipsa
1138 1472 1313 1518 morte
1345 1464 1666 1518 adhortandi
1701 1464 1764 1517 ad
1799 1468 2051 1517 virtutem
2085 1464 2280 1532 arripit

715 1551 1081 1609 necasionem.
1117 1554 1206 1608 Ait
1239 1555 1441 1624 itaque,
1476 1557 1616 1623 quod
1645 1556 1688 1607 si
1722 1554 1975 1609 Christus
2013 1571 2111 1623 pro
2178 1571 2279 1608 no-

722 1646 805 1699 bis
837 1654 1087 1700 mortuus
1119 1655 1201 1699 est
1237 1665 1255 1697 ι
1301 1660 1465 1701 carne
1497 1666 1514 1697 ›
1544 1650 1562 1717 (
1596 1662 1699 1699 non
1734 1648 1877 1700 enim
1909 1647 2202 1700 immortali
2233 1653 2287 1699 cl.

718 1737 899 1791 divina
929 1748 1122 1791 natura
1156 1754 1251 1792 sua
1286 1739 1421 1791 mori
1458 1739 1723 1807 pou-rat),
1752 1738 2041 1805 omnijnre
2076 1748 2129 1791 et
2186 1751 2285 1791 nos

2385 554 2646 623 ήνωμένῳ
2678 556 2826 625 αὖτῷ
2858 556 3129 625 ἀνθρώπῳ
3158 555 3419 623 δηλονότι.

2995 647 3242 701 ΚΕΦᾹΛ.
3276 651 3348 699 Δ’.

2461 753 2480 785 ι
2518 736 2755 805 Χριστοῦ
2794 736 2887 789 οὖν
2939 736 3201 800 παθόντος
3250 738 3390 807 ὑπὲρ
3423 737 3577 806 ὑμῶν
3622 736 3807 802 σαρκὶ,
3857 734 3949 785 καὶ

2385 827 2543 893 ὑμεῖς
2574 828 2673 898 τὴν
2702 829 2869 897 αὐτὴν
2901 828 3106 883 ἔννοιαν
3157 829 3476 882 ὁπλίσασθε.
3510 847 3528 879 ι
3556 856 3624 868 --
3662 845 3680 877 ι
3709 826 3822 893 Τὴν
3856 825 3952 876 αὖα

2381 923 2478 992 τὴν
2509 924 2735 986 ἔννοιάν,
2763 942 2781 973 ι
2813 924 2933 975 ἀντί
2962 920 3080 984 τοῦ,
3112 923 3249 975 κατὰ
3270 919 3369 989 τὴν
3393 917 3563 986 αὐτὴν
3593 917 3784 985 ὁρμὴν,
3811 912 3952 965 κατὶ

2383 1012 2475 1065 τὸν
2508 1012 2671 1066 αὐτὸν
2705 1013 2926 1067 σκοπόν.
2982 1011 3173 1067 Δείπει
3214 1011 3323 1081 γὰρ
3363 1011 3416 1079 ἡ,
3459 1008 3622 1070 κατὰ,
3671 1005 3951 1073 πρόθεσις,

2382 1106 2463 1157 ὃτι
2509 1105 2862 1167 ἐλλειπτικῶς
2909 1106 3144 1175 εἴρηται.
3197 1103 3351 1155 Ἐπεὶ
3398 1102 3454 1154 δὲ
3507 1099 3598 1152 τὸν
3646 1095 3953 1165 οἰκονομίας

2384 1194 2540 1261 λόγον
2599 1194 2807 1263 διῆλθε,
2844 1195 2989 1262 λέγω
3041 1195 3097 1247 δέ
3137 1193 3236 1263 τὴν
3280 1195 3363 1255 εἰς
3405 1192 3532 1259 ᾅδου
3581 1188 3805 1258 πορείαν
3859 1185 3953 1237 τοῦ

2386 1286 2612 1356 Κυρίου,
2645 1286 2739 1339 καὶ
2784 1288 2929 1349 τίνος
2975 1286 3136 1355 χάριν
3181 1284 3341 1337 κάκεῖ
3374 1281 3689 1347 πορεύεται·
3742 1280 3824 1331 ὅτι
3862 1276 3955 1328 ἐπὶ

2388 1376 2633 1447 σωτηρίᾳ
2671 1376 2908 1429 καὶτῶν
2962 1376 3019 1427 ἐν
3065 1374 3167 1444 ᾃδη
3194 1388 3206 1401 ·
3252 1372 3415 1425 πάλιν
3457 1370 3652 1439 ἑτέραν
3700 1367 3956 1435 ἀφορμὴν

2384 1465 2494 1518 ἀπὸ
2543 1464 2638 1517 τοῦ
2686 1465 2917 1518 θανάτου
2977 1464 3245 1532 λαμϐάνει
3280 1461 3376 1515 τοῦ
3439 1459 3640 1530 Κυρίου
3672 1460 3752 1519 εἱς
3782 1457 3956 1526 παρά-

2386 1555 2577 1623 κλησιν
2608 1556 2829 1626 ἀρετῆς,
2857 1556 2948 1608 καί
2981 1572 3166 1622 φησιν,
3197 1556 3279 1607 ὅτι
3314 1554 3375 1605 Et
3412 1552 3650 1604 ἀπέθανε
3687 1570 3705 1601 ι
3743 1549 3907 1617 σαρκὶ
3931 1565 3948 1597 ι

2385 1648 2618 1717 Χριστὸς
2650 1665 2668 1697 ι
2724 1647 2862 1716 ὑπὲρ
2884 1647 3042 1716 ἡμῶν
3065 1646 3129 1716 [ί.
3173 1641 3296 1714 opu}
3318 1662 3335 1695 ι
3370 1644 3451 1713 (οὐ
3478 1644 3585 1710 γάρ
3611 1644 3675 1710 τῇ
3706 1639 3959 1707 ἀθανάτῳ

2387 1737 2554 1789 αὐτοῦ
2600 1737 2697 1789 καὶ
2748 1735 2869 1806 θείᾳ
2900 1736 3061 1803 φύσει
3111 1735 3372 1803 πάντως),
3401 1735 3496 1786 καὶ
3536 1735 3695 1801 ἡμεῖς
3740 1731 3804 1801 [Γ.
3834 1727 3958 1799 ὑμ.]

717 1842 817 1897 pro
844 1828 956 1893 illo,
996 1840 1053 1881 ttt
1078 1829 1287 1897 aliquid
1356 1830 1455 1898 ipsi
1494 1831 1852 1898 rependamus
1883 1830 2087 1897 gratiae.
2146 1829 2283 1881 mori

2400 1826 2741 1889 ὶντιδιδόντες
2781 1826 2950 1894 αὐτῷ,
2986 1825 3279 1877 ἀποθανεῖν
3303 1824 3371 1877 δι’
3405 1822 3567 1876 αὑτὸν
3594 1824 3659 1890 τῇ
3690 1821 3959 1890 ἁμαρτίᾳ,

716 1919 976 1973 debemus
1006 1928 1227 1988 peccato
1262 1962 1275 1983 ,
1300 1936 1389 1973 seu
1419 1936 1521 1973 non
1549 1920 1780 1988 amplius
1804 1920 2053 1973 humanis
2082 1918 2287 1972 alIecti-

719 2009 820 2063 bus
852 2012 971 2079 capi
1010 2051 1025 2074 ,
1082 2011 1174 2065 sed
1213 2011 1278 2065 ad
1314 2010 1407 2064 Dei
1447 2011 1844 2080 beneplacitum
1906 2012 2131 2081 reliqua:
2167 2013 2287 2066 vitae

732 2109 935 2155 nostrze
965 2102 1313 2170 Operationes
1340 2117 1532 2157 omnes
1559 2105 1794 2173 digere.

792 2192 954 2251 Vens.
986 2192 1110 2257 1,2.
1151 2211 1168 2243 ι
1206 2191 1341 2256 Quia
1368 2192 1459 2263 qui
1526 2208 1721 2262 passus
1752 2203 1827 2247 est
1864 2195 1915 2245 in
1949 2207 2135 2256 carne,
2192 2194 2289 2247 de-

729 2281 824 2335 siit
854 2296 881 2333 a
917 2282 1180 2350 peccatis.
1242 2280 1311 2335 Ut
1340 2283 1449 2351 jam
1500 2298 1603 2336 non
1635 2282 1925 2337 desideriis
1982 2282 2288 2347 hominum,

730 2366 824 2421 sed
886 2368 1151 2420 voluntati
1220 2367 1335 2435 Dei,
1398 2374 1541 2439 quod
1606 2371 1876 2438 reliquum
1936 2378 2017 2425 est
2046 2373 2097 2424 in
2125 2385 2290 2426 carne

734 2459 881 2512 vivat
907 2459 1189 2527 temporis.
1225 2478 1242 2509 ι
1293 2458 1427 2513 Illud
1464 2479 1475 2513 :
1521 2479 1539 2510 ι
1582 2459 1682 2525 Qui
1719 2475 1910 2528 passus
1941 2472 2043 2524 ρει,
2077 2476 2095 2511 ι
2150 2461 2288 2515 idem

724 2555 809 2602 cst
865 2562 948 2610 ac,
996 2550 1089 2617 qui
1124 2557 1372 2604 mortuus
1399 2562 1501 2604 est.
1536 2542 1611 2604 lta
1661 2561 1714 2605 et
1773 2551 1971 2605 Paulus
2003 2551 2046 2582 ⁸⁹
2086 2569 2100 2604 ι
2179 2570 2196 2603 ι
2232 2550 2288 2607 Si

726 2640 1050 2695 commortui
1098 2654 1332 2695 sumus:
1391 2631 1624 2704 Christo,
1679 2658 1697 2691 ι
1731 2651 1784 2695 et
1836 2641 2209 2705 convivemus,
2267 2659 2285 2693 ι

734 2729 883 2794 et“,
928 2749 946 2781 ι
1005 2733 1207 2787 mortui
1264 2731 1483 2801 quidem
1536 2742 1784 2803 peccato,
1835 2733 2078 2786 viventes
2109 2741 2289 2787 autem

731 2818 861 2875 Deo.
902 2840 921 2872 ι

800 2911 967 2966 Vens.
997 2911 1050 2965 3.
1088 2929 1107 2962 ι
1146 2910 1353 2966 Snﬂicit
1384 2911 1528 2966 enim
1586 2912 1919 2981 praeteritum
1954 2918 2171 2983 tempus
2224 2913 2289 2968 ad

733 3002 1067 3055 voluntatem
1104 3003 1345 3073 gentium
1374 3002 1888 3069 consummandam,
1918 3003 2003 3058 his
2029 3004 2119 3072 qui
2172 3018 2291 3057 am-

734 3092 1061 3147 bulaverunt
1118 3093 1172 3146 in
1235 3093 1491 3158 luxuriis,
1586 3094 1897 3159 desideriis,
1956 3097 2287 3159 vinolentiis,

732 3184 1241 3251 comessationihus,
1289 3186 1679 3254 potationibus,
1733 3187 2288 3243 etillicitisidolorum

735 3277 993 3332 eultibus.
1035 3297 1053 3328 »
1090 3277 1203 3331 Hoc
1267 3278 1495 3348 perinde
1552 3285 1655 3342 est,
1687 3294 1750 3333 ac
1779 3280 1823 3333 si
1852 3280 2090 3333 diceret:
2156 3280 2294 3345 Quid

737 3368 882 3420 enim
910 3368 933 3419 τ
968 3367 1209 3421 nondum
1241 3369 1442 3437 expleti
1491 3369 1625 3424 estis
1653 3368 2051 3439 voluptatibus,
2102 3370 2300 3439 quibus

738 3459 923 3513 tandiu
982 3459 1340 3514 indulsistis?
1384 3474 1565 3513 annon
1622 3461 2064 3523 incontinenter,
2124 3463 2297 3531 genti-

739 3550 873 3604 lium
933 3567 1102 3616 more,
1166 3551 1431 3605 vixistis?
1492 3550 1554 3605 Et
1607 3552 1827 3621 quidem
1892 3553 2304 3606 incontinentia:

738 3657 934 3711 genera
968 3643 1173 3709 aliquot
1206 3651 1452 3696 recenset
1510 3658 1573 3695 ac
1604 3643 1867 3696 nominat.

809 3732 973 3802 374
1022 3731 1246 3785 VensJ.
1287 3752 1305 3783 ι
1344 3731 1402 3784 1n
1465 3748 1574 3801 quo
1602 3732 1972 3801 hospitantnr,
2008 3748 2115 3787 non
2168 3748 2304 3787 con-

740 3824 1084 3877 currentibus
1105 3824 1258 3878 vobis
1288 3826 1341 3878 in
1376 3826 1622 3879 eamdem
1652 3826 1879 3879 luxuria:
1905 3825 2302 3889 confusionem,

741 3915 1197 3983 hlasphemantcs.
1238 3934 1254 3965 ι
1321 3915 1454 3969 Illud
1514 3914 1620 3970 «In
1678 3933 1787 3987 quo
1845 3937 1863 3969 ι
1931 3929 2050 3987 pro,
2080 3916 2305 3982 idcirco,

741 4008 973 4064 positum
1004 4014 1107 4068 cst,
1139 4006 1593 4075 quemadmodum
1622 4009 1873 4077 superius
1907 4026 1952 4062 ιι
2007 4008 2065 4062 ln
2110 4024 2219 4078 quo
2247 4019 2302 4063 et

742 4096 825 4150 his
894 4097 987 4165 qui
1077 4097 1130 4150 in
1211 4112 1429 4151 earcere
1494 4107 1670 4160 erant,
1759 4099 2059 4166 spiritibus.
2142 4107 2307 4151 rete.

749 4208 765 4238 ι
800 4187 1153 4257 llospitantur
1205 4208 1223 4240 ι
1263 4190 1351 4243 hic
1402 4189 1692 4259 significat,
1742 4209 1759 4240 ι
1787 4190 2146 4244 admirantur.
2174 4190 2250 4258 (5)
2286 4206 2305 4240 ι

742 4279 819 4331 ita
889 4293 1016 4333 vero
1080 4280 1153 4343 id,
1184 4280 1329 4349 quod
1388 4280 1491 4333 huc
1548 4282 1665 4334 loco
1696 4283 1791 4343 ait,
1826 4297 1883 4335 se
1911 4282 2107 4334 habet:
2138 4280 2314 4347 Opor-

748 4382 823 4425 tet
883 4387 1001 4431 vos,
1038 4372 1265 4439 ahjectis
1295 4374 1541 4434 omnino,
1605 4388 1726 4441 qua:
1757 4372 2038 4439 gentilium
2093 4372 2311 4439 propria

2387 1920 2570 1972 οὐκέτι
2592 1920 2960 1989 ἀνθρωπίναις
2990 1919 3307 1986 ἐπιθυμίαις
3351 1916 3643 1978 ἁλώσεσθε,
3666 1915 3798 1967 ἀλλά
3820 1915 3963 1966 κατὲι

2388 2009 2452 2060 τὸ
2504 2009 2719 2077 θέλημα
2771 2008 2929 2077 μόνον
2960 2008 3057 2060 τοῦ
3108 2007 3269 2072 Θεοῦ,
3312 2008 3406 2060 τδν
3437 2006 3718 2060 ἐπίλοιπον
3770 2005 3964 2074 χρόνον

2393 2098 2629 2169 ζήσεσθε
2654 2100 2746 2151 τὸν
2766 2101 2825 2150 ἐν
2851 2102 2914 2169 τῇ
2949 2099 3134 2170 σαρκί.

2467 2202 2487 2242 t
2523 2192 2644 2243 Ὀτι
2682 2192 2711 2243 ὁ
2737 2189 2927 2243 παθὼν
2971 2190 3135 2260 σαρκὶ
3208 2191 3483 2242 πέπαυται
3534 2188 3827 2258 ἁμαρτίας,
3883 2188 3965 2249 εἰς

2390 2282 2451 2335 τὸ
2511 2282 2708 2351 μηκέτι
2758 2280 3065 2352 ἀνθρώπων
3116 2281 3458 2349 ἐπιθυμίαις,
3499 2281 3634 2332 ἀλλά
3698 2279 3967 2347 θελήματι

2391 2372 2548 2437 Θεοῦ,
2587 2372 2680 2425 τὸν
2735 2372 3019 2425 ἐπίλοιπον
3062 2374 3124 2426 ἐν
3180 2374 3345 2441 σαρκὶ
3381 2372 3574 2441 βιῶσαι
3599 2371 3804 2449 χρόνον.
3847 2388 3865 2419 ι
3894 2399 3968 2409 -

2400 2481 2417 2514 ι
2454 2464 2514 2515 Ὀ
2549 2462 2758 2523 παθὼν.
2786 2482 2805 2514 ι
2841 2463 2964 2516 ἀντὶ
3000 2461 3118 2526 τοῦ,
3153 2463 3181 2514 ὀ
3208 2461 3495 2517 ἀποθανών
3518 2478 3530 2490 ·
3553 2462 3736 2529 ὅμοιον
3767 2459 3969 2527 Παύλῳ

2392 2554 2601 2621 λέγων·
2644 2574 2663 2606 ι
2695 2556 2759 2607 El
2814 2554 3161 2624 ἀπεθάνομεν
3212 2552 3475 2623 Χριστῷ,
3516 2553 3611 2604 καὶ
3657 2544 3969 2618 συζήσόμεν

2392 2645 2541 2715 αὐτῷ
2560 2662 2575 2676 ·
2618 2646 2713 2698 καὶ
2740 2649 2926 2715 νεκροὶ
2967 2646 3068 2716 μὲν
3095 2645 3332 2715 ἐσόμεθα
3358 2648 3423 2713 τῇ
3464 2643 3731 2713 ἁμαρτίᾳ,
3764 2640 3972 2703 ζῶντες

2392 2733 2447 2787 δὲ
2485 2734 2564 2804 τῷ
2596 2733 2737 2803 Θεῷ.
2771 2751 2790 2785 ι

2471 2912 2753 2982 ι’Λρκετδς
2768 2911 2875 2982 γὰρ
2895 2912 3022 2980 ὑμῖν
3041 2911 3071 2963 ὁ
3093 2892 3479 2977 παρεληλυθὼς
3493 2906 3681 2976 χρόνος
3702 2904 3795 2957 τοῦ
3827 2902 3971 2971 βίου,

2392 3002 2455 3054 τδ
2474 3002 2723 3072 βούλημα
2737 3000 2847 3055 τῶν
2865 3000 3036 3055 ἐθνῶν
3054 2996 3484 3068 κατειργάσασθε
3510 2996 3675 3067 [υιιίθ.
3696 3012 3825 3047 κατε
3838 2994 3977 3064 ργά-

2396 3090 2637 3161 σασθαι],
2668 3091 3106 3160 πεπορευμένους
3149 3090 3207 3140 ἐν
3248 3087 3576 3154 ἀσελγείαις,
3619 3084 3977 3153 ἐπιθυμίαιεδ

2400 3182 2761 3250 οίνοφλυγίαις
2826 3182 3050 3250 κώμοις,
3110 3180 3312 3242 πότοις,
3348 3178 3443 3230 καὶ
3492 3178 3768 3244 ἀθεμίτοις
3823 3174 3981 3226 3'60;-

2401 3270 2752 3340 λολατριίαις.
2794 3287 2811 3320 ι
2859 3269 3071 3337 Ὠσπερ
3126 3268 3173 3319 εἰ
3227 3267 3406 3331 ἐλεγεο
3439 3264 3616 3329 Τίδὲς
3651 3264 3749 3315 οὐκ
3788 3261 3979 3330 ἐκορέ-

2410 3364 2571 3429 σθητε
2603 3359 2861 3413 τοσοῦτον
2878 3358 3067 3429 χρόνον
3090 3358 3208 3419 ταῖς
3227 3357 3319 3409 τοῦ
3347 3355 3464 3423 βίου
3497 3352 3981 3420 συνεξεταζόμενοι

2406 3452 2802 3522 ὴδυπαθείαις;
2851 3450 2884 3518 ἢ
2940 3452 3037 3518 οὐχ
3073 3449 3272 3517 ὁμοίως
3306 3449 3419 3509 τοῖς
3474 3446 3681 3524 ἔθνεσιν
3728 3442 3981 3509 ἀσελγῶς

2404 3541 2703 3608 ἐδιώσατες
2742 3542 2851 3593 Καὶ
2900 3539 3021 3592 τίνα
3063 3541 3130 3592 ra
3159 3537 3362 3606 ἀσελγῆ
3387 3555 3401 3603 ;
3427 3535 3571 3589 Κατ’
3608 3531 3745 3596 εἶδος
3783 3534 3983 3600 ἐπάγει

2405 3634 2688 3705 ὀνομάζων
2732 3632 2894 3685 αὐτά.

2482 3746 2500 3777 ι
2545 3726 2633 3777 Ἐν
2664 3717 2709 3790 ᾧ
2751 3722 3078 3787 ξενίζονται,
3114 3719 3189 3788 μὴ
3248 3716 3651 3787 συντρεχόντων
3705 3715 3863 3783 ὑμῶν
3903 3716 3984 3775 εἰς

2408 3817 2506 3887 τὴν
2538 3816 2706 3885 αὐτὴν
2736 3817 2833 3878 τῆς
2864 3812 3101 3873 ἀσωτίας
3132 3813 3416 3877 ἀνάχυσιν,
3452 3806 3925 3877 βλασςπημοῦντες.
3957 3822 3977 3856 ι

2410 3911 2504 3971 Τὸ,
2554 3928 2572 3959 ι
2606 3911 2661 3959 ἐν
2690 3899 2754 3974 ᾧ,
2784 3926 2803 3957 ι
2848 3907 2976 3958 ἀντὶ
3003 3904 3120 3966 τοῦ,
3149 3904 3249 3965 διὸ,
3292 3903 3491 3962 κεῖται,
3518 3899 3707 3966 ῶσπερ
3740 3898 3834 3948 καὶ
3872 3897 3984 3947 ἄνω

2410 4003 2496 4055 ὅτε
2526 4001 2740 4067 ελεγεψ
2783 4018 2800 4051 ι
2836 3998 2895 4049 ἓν
2931 3990 2975 4065 ᾧ
3031 3997 3262 4057 καὶτοῖς
3292 3996 3349 4046 ἐν
3387 3992 3598 4061 φυλακῇ
3635 3991 3933 4057 πνεύμασι.
3959 4005 3979 4037 ι

2414 4092 2490 4145 Τὸ
2515 4093 2594 4153 δὲ,
2623 4111 2640 4142 ι
2660 4089 2994 4153 Ξενίζονται,
3030 4105 3048 4138 ι
3087 4089 3209 4139 ἀντὶ
3237 4086 3351 4146 τοῦ,
3392 4084 3751 4151 θαυμάζουσι,
3782 4084 3982 4130 κεῖται.

2418 4186 2484 4237 '0
2520 4184 2578 4235 δὲ
2633 4183 2806 4248 λέγει,
2837 4178 3081 4232 τοιοῦτόν
3120 4180 3267 4229 ἐστι·
3320 4177 3410 4226 Δεῖ
3449 4171 3703 4234 καθάπαξ
3740 4173 3987 4223 ἀπειπα-

2419 4274 2614 4343 μίνους
2642 4274 2752 4324 τῶν
2779 4269 3005 4325 ἐθνικῶν
3048 4268 3515 4338 ἐπιτηδευμάτων,
3549 4267 3605 4317 ἐν
3636 4260 3716 4326 οἷς
3756 4261 3986 4330 ἐζήσατὲ

2418 4381 2569 4426 ποτε,
2596 4364 2690 4417 τοῦ
2715 4361 3131 4431 ἐπανῃρημένου
3165 4361 3293 4428 ὑμῖν
3327 4358 3524 4426 σεμνοῦ
3562 4357 3675 4424 βίου
3728 4354 3981 4421 ἔχεσθαι.

745 4472 895 4525 sunt,
932 4465 1148 4527 studiis,
1177 4465 1373 4533 quibus
1407 4464 1720 4533 aliquandiu
1746 4464 1998 4525 vacastis,
2032 4473 2292 4532 arreptan

2418 4457 2575 4508 Οὕτω
2628 4457 2735 4524 γὰρ
2796 4453 2863 4505 ἂν
2915 4454 3008 4504 καὶ
3054 4451 3207 4502 αὐτοὶ
3245 4450 3295 4500 οἱ
3341 4448 3545 4501 ἐθνικαὶ
3592 4446 3986 4512 θαυμάσιε-παι

750 4555 876 4608 vita:
932 4555 1266 4609 honestatem
1327 4556 1554 4609 firmiter
1623 4564 1831 4609 tenere.
1902 4552 1991 4607 Sic
2052 4556 2196 4607 enim
2259 4562 2311 4608 et

747 4646 1039 4714 gentilibus
1071 4646 1204 4713 ipsis
1244 4646 1588 4699 admirationi
1634 4647 1807 4709 eritis,
1865 4645 2010 4714 quod
2044 4660 2149 4697 non
2187 4659 2310 4712 per-

749 4735 874 4790 inde
927 4751 989 4789 ac
1026 4738 1127 4804 ipsi
1162 4737 1227 4790 ad
1286 4736 1583 4806 impietatis
1618 4736 1995 4790 confusionem
2055 4735 2309 4789 curratis.

751 4829 830 4881 Ac
867 4838 1219 4897 posteaquam
1254 4829 1324 4883 ob
1349 4829 1702 4883 mutationent
1766 4837 1999 4883 vestram
2058 4827 2309 4880 admirati

750 4919 953 4974 fuerint
981 4932 1031 4974 et
1062 4921 1443 4990 obstupuerint
1476 4937 1490 4984 ;
1528 4935 1635 4973 non
1690 4921 1864 4973 solum
1896 4919 2307 4973 confundentur

749 5019 804 5065 et
835 5013 1155 5066 erubescent
1190 5052 1205 5075 ,
1272 5013 1365 5066 scd
1425 5014 1586 5066 etiam
1627 5028 1719 5066 vos
1771 5016 2200 5066 exsecrahuntur
2258 5020 2312 5065 et

752 5104 1055 5157 maledictis
1124 5092 1495 5173 proscindent.
1537 5122 1554 5153 ι
1595 5104 1941 5157 Abominatio
1972 5104 2113 5157 enim
2148 5102 2313 5170 impio

752 5203 834 5247 est
862 5196 1053 5263 pietas.
1079 5213 1096 5244 ι
1126 5196 1191 5247 At
1224 5210 1329 5247 non
1358 5194 1577 5262 impune
1601 5195 1651 5247 id
1689 5194 1883 5247 facient
1930 5214 1943 5249 :
1970 5195 2061 5248 scd
2091 5213 2108 5243 ι
2140 5194 2311 5246 ratio-

751 5300 875 5338 nem
914 5286 1138 5339 reddent
1182 5305 1199 5336 ›
1236 5286 1307 5346 ci,
1341 5287 1432 5353 qtti
1467 5285 1532 5338 ad
1578 5286 1679 5339 hoc
1737 5286 1912 5354 ipsmn
1980 5286 2205 5340 firmiter
2261 5296 2315 5338 ct

750 5374 1167 5426 itntnutabiliter
1220 5376 1395 5437 sedet,
1429 5374 1673 5427 omnium
1735 5375 1937 5429 Jtttlici.
1970 5376 2111 5430 lstnd
2166 5376 2308 5430 enim

832 5549 878 5580 ⁸³
946 5550 986 5602 ll
1018 5550 1159 5601 'l'int.
1191 5564 1248 5613 tt,
1278 5550 1363 5621 ll.
1440 5550 1484 5579 το
1530 5548 1687 5602 “om.
1719 5566 1791 5612 vt,
1834 5549 1917 5600 ll.

2414 4548 2562 4617 ἡμᾶς
2585 4543 2652 4615 [Ῑ-
2673 4542 2818 4615 ὑμ.].
2846 4542 2922 4611 μὴ
2955 4542 3334 4610 συντρέχοντες
3360 4539 3542 4599 αὐτοῖς
3567 4538 3643 4597 εἰς
3666 4536 3764 4604 τὴν
3789 4534 3987 4602 ὁμοίαν

2414 4643 2593 4697 αὐτῶν
2630 4644 2730 4709 τῆς
2773 4639 3027 4699 ἀσεϐείας
3061 4637 3345 4705 ἀνάχυσιν,
3384 4636 3500 4709 ἦτρι
3558 4630 3839 4697 σύγχυσιν.
3897 4626 3990 4678 Διὸ

2414 4738 2510 4787 καὶ
2546 4734 2682 4801 μετά
2710 4731 2804 4785 τοῦ
2833 4729 3135 4799 θαυμάζειν
3168 4728 3261 4781 καὶ
3305 4722 3687 4793 ἐξαπόρεῖσθαι
3718 4724 3785 4789 τῇ
3822 4737 3990 4786 μετα-

2414 4825 2542 4893 ϐολῇ
2560 4825 2588 4875 ὑ
2597 4824 2734 4892 μῶν,
2759 4823 2819 4874 οὐ
2844 4822 3003 4887 μόνον
3026 4818 3495 4888 καταισχύνονται,
3522 4814 3658 4867 ἀλλὰ
3690 4813 3785 4863 καὶ
3818 4812 3988 4878 βλασ-

2414 4913 2676 4981 φημοῦσι.
2742 4930 2761 4962 ο
2796 4912 3080 4979 Βδέλυγμα
3135 4910 3243 4977 γὰρ
3288 4904 3593 4975 ἁμαρτωλῷ
3634 4903 3933 4955 θεοσέϐεια.
3961 4922 3977 4951 ι

2416 4997 2574 5054 Οὗτοι
2596 5002 2650 5053 δὲ
2677 5000 2839 5073 [οὐδὲ]
2857 4998 3205 5069 ἀτιμώρητον
3231 4996 3411 5062 ἕξουσι
3432 4996 3527 5063 τὴν
3545 4994 3797 5060 τοιαύτην
3828 4992 3926 5059 βλα
3938 5009 3987 5042 σ-

2418 5093 2666 5162 φημίαν·
2729 5092 2866 5143 ἀλλά
2915 5108 2935 5141 ι
2982 5089 3214 5142 δώσουσι
3284 5087 3437 5152 λόγον
3478 5103 3495 5136 ι
3550 5084 3626 5151 τῷ
3675 5082 3784 5153 [ἐπ’
3837 5082 3987 5149 αὐτῷ

2417 5184 2591 5253 τούτῳ
2640 5183 2991 5253 ἀμεταθέτως
3039 5183 3135 5234 καὶ
3198 5179 3425 5250 ἐδραὶως
3472 5175 3875 5243 καθεδουμένῳ,
3909 5173 3985 5241 τῷ

2420 5278 2658 5348 πάντων]
2702 5279 2894 5348 Κριτῇ.
2941 5275 3111 5326 Τοῦτο
3160 5275 3265 5341 γάρ
3325 5273 3415 5334 τὸ,
3472 5290 3488 5320 ι
3519 5271 3732 5337 ἕτοιμον
3760 5309 3773 5329 ,
3809 5286 3827 5317 ι
3890 5284 3985 5331 σίζ-

2425 5371 2603 5440 μαίνει
2648 5366 2902 5430 ἐνταῦθα,
2929 5366 3002 5429 ὡς
3032 5366 3125 5417 καὶ
3163 5365 3253 5416 ἐπὶ
3285 5361 3402 5426 τοῦ,
3442 5380 3459 5412 ι
3498 5355 3835 5428 Ἐτοιμάζων
3878 5355 3979 5425 (qn;

1973 5639 2271 5701 iiuttffacii
2299 5638 2519 5700 Finclti
2568 5644 2756 5699 notae.

844 5747 920 5814 ili)
958 5744 1183 5815 Vulgata
1215 5747 1391 5814 reide
1418 5745 1599 5811 habet,
1632 5744 1988 5798 rdnaimntm‘.
