4162 6442
221 423 355 485 i237

1021 426 1421 489 EXPOSITIO
1458 427 1537 487 IN
1577 427 1809 487 EPIST.
1840 429 1864 487 Ι
1896 428 1957 489 S.
1988 430 2236 491 PETRI.
2277 452 2340 464 -
2369 433 2523 491 (ΛΡ.
2564 434 2651 491 IV.

3326 426 3458 491 1238

218 529 280 579 ἐν
309 530 373 597 τῇ
405 526 548 596 ἰσχύϊ
579 526 742 580 αὐτοῦ
762 546 773 559 ο
816 548 831 579 ι
865 530 957 581 καὶ
986 533 1040 583 ἐν
1065 532 1166 601 τῷ.
1205 552 1223 582 ι
1253 533 1509 602 ’Ἑτοιμος
1542 534 1571 584 ὁ
1599 532 1785 600 θρόνος

1892 535 2164 601 signilieat
2199 537 2300 590 hoc
2333 537 2450 589 loco
2486 556 2502 585 ι
2537 543 2785 603 paratum
2816 556 2832 586 ι
2871 550 3017 590 esse.
3080 534 3450 599 Quemadmo-

220 634 340 670 σου.
374 636 391 669 ι
430 618 521 687 Τῷ
556 618 646 670 οὐν
681 619 915 689 κρίνοντι
954 622 1161 685 ζῶντας
1198 624 1293 676 καὶ
1323 626 1546 692 νεκροὺς
1576 625 1778 691 ἀμετα-

219 709 395 771 θέτως
419 712 509 767 καὶ
538 710 768 779 βεϐαίως
805 731 823 763 ι
860 712 1090 766 δώσουσι
1115 715 1270 782 λόγον
1304 734 1320 767 ι
1348 718 1397 769 οἱ
1431 716 1784 785 χλευάζοντες

216 800 387 869 ὑμᾶς.
420 803 542 864 Πῶς
573 804 629 855 δὲ
678 803 897 867 ζώντων
950 806 1185 879 [κριτὴς]
1237 809 1327 861 καὶ
1372 808 1600 878 νεκρῶν,
1659 805 1787 873 ἑξῆς

214 891 451 961 δηλώσει
484 896 512 946 ὁ
551 896 723 947 ταῦτα
756 896 1004 968 γράφων.

1886 623 2016 677 dntn
2046 633 2098 676 et
2127 639 2248 677 cum
2277 625 2479 679 dicitur
2511 626 2551 655 “
2584 644 2596 679 :
2636 644 2653 676 ι
2686 624 3002 695 Pra‘parans
3021 630 3234 678 montes
3262 624 3315 675 in
3349 624 3456 676 vir-

1894 722 2006 767 tute
2035 728 2153 769 Sua.
2200 734 2217 767 ι
2259 715 2380 769 Et“
2415 738 2429 770 ε
2480 736 2497 768 ι
2532 716 2727 770 Parata
2782 718 2938 771 sedes
2975 725 3088 769 tua.
3123 733 3141 766 ι
3180 713 3238 767 Ei
3273 713 3455 780 igitur,

1895 806 1986 873 qtti
2021 807 2175 859 lirma
2227 817 2279 860 et
2313 809 2635 862 immutabili
2661 808 2933 864 sententia
2960 807 3113 861 vivos
3136 812 3189 859 ct
3215 810 3457 857 mortuos

1898 896 2242 962 iudicaturus
2298 910 2402 961 est.
2462 900 2777 970 quicunque
2838 914 2935 953 vos
2986 911 3131 952 nunc
3186 892 3453 956 irrident,

217 999 286 1036 ac
336 984 571 1038 ludibrio
636 987 856 1052 lnbent,
916 1007 934 1039 ι
977 990 1243 1043 rationem
1327 992 1574 1046 reddent.
1617 1008 1636 1041 ι
1683 987 1798 1054 Qua
1875 1001 2005 1041 vero
2097 992 2309 1043 ratione
2370 991 2662 1044 viventium
2754 997 2808 1044 et
2882 1000 3221 1042 mortuorum
3278 984 3440 1054 judex

214 1078 309 1142 sit,
337 1077 593 1149 deinceps
625 1081 870 1135 declarat
906 1083 1020 1138 haec
1046 1086 1316 1140 scribens.

297 1186 318 1221 ι
352 1169 414 1221 Οἳ
454 1170 793 1226 ἀποδώσουσι
832 1174 988 1244 λόγον
1015 1176 1092 1246 τῷ
1116 1178 1347 1247 ἑτοίμως
1378 1177 1551 1247 ἔχοντι
1600 1178 1783 1247 κρῖναι

216 1259 429 1323 ζῶντας
464 1263 558 1314 καὶ
588 1269 835 1335 νεκρούς.
871 1285 891 1318 ι
950 1266 1023 1320 Τὸ
1072 1269 1223 1339 ἑξῆς,
1254 1269 1424 1331 οὓτως
1450 1287 1463 1299 ·
1520 1263 1680 1323 eum
1732 1267 1784 1320 οἱ

216 1352 667 1423 βλασφημοῦντες
722 1358 866 1425 ὑμᾶς
906 1376 925 1410 ι
955 1359 1188 1413 δώσουσι
1259 1360 1414 1426 λόγον
1443 1360 1520 1430 τῷ
1574 1359 1782 1422 πάντας

214 1447 489 1513 κρινοῦντι
516 1446 724 1512 ζῶντας
754 1452 847 1503 καὶ
875 1452 1121 1521 νεκρούς.
1161 1471 1180 1505 ι
1223 1453 1510 1524 Κρίνονται
1537 1454 1644 1523 γὰρ
1689 1452 1784 1504 καὶ

215 1537 420 1620 νεκροὶ,
456 1538 548 1590 καὶ
578 1538 737 1607 δῆλον
765 1541 872 1594 ἀπὸ
903 1541 997 1595 τοῦ
1022 1545 1227 1614 Κυρίου
1250 1543 1346 1613 τῆς
1373 1546 1452 1606 είς
1483 1544 1616 1614 ᾷδην
1643 1558 1784 1612 παρ-

211 1627 423 1689 ουσίας.
450 1630 627 1683 Κάκεῖ
653 1633 761 1703 γάρ
786 1633 1131 1705 ἐπιδημήσας
1158 1638 1215 1691 ἐν
1238 1636 1315 1706 τῷ
1343 1639 1481 1707 μετά
1504 1640 1593 1689 τδν
1620 1653 1783 1688 σταυ-

216 1716 310 1786 ρὸν
358 1718 597 1787 δηλονότι
633 1722 846 1794 θανάτῳ
891 1726 1055 1779 αὐτοῦ
1094 1726 1428 1799 [ὲκήρυξεν.]
1471 1727 1660 1797 ὥσπερ
1690 1729 1784 1780 καὶ

212 1807 308 1858 ἐπὶ
344 1808 444 1877 τῆς
477 1812 604 1879 γῆς.
651 1813 915 1885 Ἐκήρυξε
943 1816 1000 1870 δὲ
1028 1819 1090 1870 οὐ
1115 1819 1277 1890 λόγῳ,
1306 1820 1443 1872 ἀλλὰ
1472 1819 1780 1890 πράγματι.

1970 1168 2134 1225 Vens.
2162 1171 2214 1225 5.
2250 1189 2268 1223 ι
2305 1171 2408 1238 Qui
2444 1170 2673 1226 reddent
2697 1172 2966 1226 rationem
2995 1170 3067 1234 ei,
3093 1167 3184 1236 qni
3238 1171 3458 1235 paratus

1890 1268 1976 1314 cst
2027 1261 2280 1330 judicare
2314 1263 2468 1317 vivos
2531 1273 2585 1317 et
2641 1272 2910 1317 mortuos.
2944 1279 2963 1312 ι
3004 1261 3211 1315 Sensus
3242 1266 3363 1313 est:
3397 1257 3457 1321 li,

1900 1351 1995 1420 qui
2021 1367 2119 1406 vos
2152 1354 2420 1409 conviciis
2479 1354 2822 1408 insectantur
2860 1371 2879 1404 ι
2924 1351 3195 1406 rationem
3233 1349 3462 1405 reddent

1885 1442 1958 1507 ei,
1990 1442 2094 1512 qui
2120 1444 2270 1499 vivos
2323 1452 2378 1499 et
2421 1452 2667 1499 mortuos
2715 1443 3009 1515 judicabit.
3052 1461 3071 1494 ι
3136 1442 3460 1496 Judieantur

1887 1533 2031 1586 enim
2060 1534 2222 1588 etiam
2252 1536 2474 1603 mortui,
2513 1545 2573 1589 ut
2610 1550 2676 1589 ex
2716 1535 2929 1589 Domini
2984 1534 3051 1588 ad
3100 1533 3304 1588 inferos
3366 1532 3460 1586 dc-

1887 1638 2087 1680 scensu
2119 1636 2287 1695 patet.
2314 1626 2444 1681 llluc
2466 1628 2759 1698 enimpost
2789 1636 3019 1683 mortem
3050 1640 3210 1680 suam
3274 1623 3458 1694 prote-

1887 1724 2009 1769 ctus
2044 1715 2178 1785 ipse,
2197 1732 2305 1772 non
2338 1733 2498 1774 secus
2552 1735 2616 1773 ac
2648 1734 2815 1788 supra
2848 1729 3044 1773 terram
3068 1718 3287 1781 fecerat,
3317 1730 3458 1786 prac-

1890 1807 2108 1860 dicavit.
2140 1806 2464 1863 Pracdicavit
2489 1819 2669 1863 autem
2698 1825 2805 1864 non
2839 1823 3113 1875 sermone,
3146 1808 3239 1863 sed
3271 1822 3456 1877 opere.

362 1897 552 2000 ὥσπε-,ρ
600 1904 657 1955 ὲν
695 1904 773 1973 τῷ
811 1907 1001 1977 κόσμῳ
1048 1910 1487 1979 παραγενόμενος
1529 1912 1642 1973 τοῖς
1687 1911 1784 1978 μὲν

1892 1895 2360 1963 Quemadmodum
2399 1916 2552 1965 vero,
2596 1916 2720 1955 cum
2754 1901 2807 1956 in
2868 1902 3072 1955 mundo
3127 1907 3458 1962 versaretur,

212 1986 448 2053 ἑτοίμως
500 1988 714 2057 ἔχουσιν
763 1994 1131 2060 ἐπεγνωκέναι
1168 1995 1329 2048 αὐτὸν
1385 1998 1463 2057 είς
1513 1995 1786 2064 δικαίωμα

213 2077 602 2146 παραγέγονε,
656 2084 770 2144 τοῖς
820 2084 877 2137 δὲ
928 2086 1259 2154 ἀγνοήσασιν
1307 2089 1387 2150 εις
1433 2088 1783 2155 κατάκριμα.⁸

215 2167 363 2222 οὕτω
391 2173 485 2223 καὶ
504 2174 619 2235 τοῖς
644 2175 704 2226 ὲν
731 2173 854 2245 ᾅδῃ.
886 2179 1000 2240 τοῖς
1039 2178 1138 2246 μὲν
1167 2178 1309 2231 κατά
1344 2177 1524 2248 σάρκα
1558 2179 1787 2248 ζήσασιν

214 2262 298 2323 εἰς
334 2264 507 2333 κρῖμα
540 2267 906 2335 παραγέγονε,
956 2271 1070 2332 τοῖς
1105 2269 1164 2322 δὲ
1196 2270 1339 2323 κατὰ
1374 2269 1610 2339 πνεῦμα,
1639 2268 1786 2323 τοῦτ’

212 2351 333 2405 ἔστι
363 2354 505 2407 κατά
541 2356 635 2409 τὸν
688 2359 1062 2424 πνευματικὸν
1092 2361 1188 2413 καὶ
1233 2361 1486 2433 ἐνάρετον
1526 2361 1661 2432 βίον,
1706 2364 1788 2424 είς

212 2440 374 2505 δόξαν
424 2444 521 2496 καὶ
552 2445 848 2516 σωτηρίαν.
883 2448 1045 2500 Ὥστε
1080 2448 1177 2501 καὶ
1209 2446 1425 2513 ζώντων
1454 2450 1549 2502 καὶ
1579 2451 1789 2520 νεκρῶν

213 2531 440 2597 δικαίως
476 2535 543 2589 ἂν
581 2537 788 2607 Κριτής
818 2540 1046 2607 λέγοιτο.
1086 2540 1322 2604 Ἄλλως.
1361 2541 1787 2614 [ΚΥΡῙΛΛΟΥ.]

215 2624 465 2695 Νεκροὺς
496 2628 729 2683 ἐνταῦθα
754 2632 909 2683 καλεῖ
934 2633 1061 2696 τοὺς
1093 2634 1151 2684 ἐν
1178 2635 1288 2696 τοῖς
1318 2634 1528 2688 ἔθνεσιν
1550 2635 1653 2688 ὑπὸ
1678 2636 1788 2689 τῶν

217 2716 717 2787 κατηριθμημένων
767 2722 1052 2791 ἁμαρτιῶν
1084 2724 1542 2794 νενεκρωμένους,
1573 2725 1666 2790 οὓς
1695 2728 1788 2780 καὶ

215 2802 435 2875 εὔχεται
486 2809 516 2859 ὁ
547 2809 841 2874 ἀπόστολος
867 2814 1310 2885 ἐπιστρέψαντας.
1338 2834 1356 2867 ι
1380 2816 1534 2884 λόγον
1558 2837 1576 2869 ι
1609 2819 1789 2889 ἄμεμ-

217 2910 356 2946 πτον
408 2913 428 2946 ι
460 2895 763 2953 ἀποδοῦναι
790 2901 866 2971 τῷ
892 2903 1123 2972 ἑτοίμως
1161 2903 1338 2974 ἔχοντι
1371 2909 1551 2977 κρῖναι
1581 2908 1788 2972 ζῶντας

218 2986 315 3036 καὶ⁵
346 2989 594 3056 νεκρούς,
623 3009 644 3048 ρ
680 3019 749 3031 -
789 3011 806 3044 ι
830 2994 1051 3058 Ζῶντας
1091 2996 1147 3048 δὲ
1177 2997 1273 3050 καὶ
1302 3000 1525 3069 νεκροὺς
1561 3018 1579 3051 t
1624 3001 1788 3055 πάλιν

220 3074 358 3142 φησὶ
407 3077 532 3137 τοὺς
580 3077 819 3142 δικαίους
853 3082 947 3133 καὶ
1010 3083 1389 3153 ἁμαρτωλοὺς,
1454 3080 1536 3149 οἷς
1568 3088 1597 3138 ὁ
1646 3085 1789 3149 θεῖος

217 3162 392 3230 Λόγος
425 3165 771 3238 ἐπιδημήσας
804 3171 1195 3242 εὐηγγελίσατο
1246 3173 1345 3244 τὴν
1387 3173 1499 3228 τῶν
1542 3177 1788 3246 οὐρανῶν

1889 1986 2011 2056 ejus
2045 1988 2385 2056 praedicatio,
2421 1990 2489 2045 iis
2517 1992 2736 2060 quidem
2775 1991 2868 2061 qui
2941 1991 3009 2045 ad
3065 1991 3242 2059 ipsum
3294 2003 3462 2058 agno-

1888 2076 2152 2131 scendum
2188 2078 2491 2148 comparati
2527 2087 2704 2144 erant,
2763 2080 2819 2134 in
2870 2078 3314 2148 justiﬂcationem
3347 2116 3363 2140 ,
3390 2076 3457 2130 iis

1889 2183 2021 2223 vero
2049 2168 2143 2234 qui
2174 2168 2354 2238 ipsum
2390 2184 2690 2239 agnoscere
2750 2170 3071 2235 noluerunt,
3105 2170 3160 2224 in
3196 2169 3457 2224 condem-

1888 2259 2167 2313 nationem
2193 2259 2392 2327 cessit;
2418 2260 2499 2317 sic
2525 2270 2579 2315 ct
2608 2261 2750 2330 apud
2782 2260 2990 2317 inferos
3017 2261 3251 2317 detentis
3278 2258 3458 2314 conti-

1887 2350 2011 2420 git:
2070 2350 2137 2405 iis
2183 2351 2330 2406 enim
2390 2352 2485 2421 qui
2545 2355 2845 2407 secundum
2904 2367 3129 2409 carnem
3186 2354 3455 2415 vixerant,

1883 2442 2174 2511 judicium,
2230 2444 2300 2499 iis
2329 2452 2512 2499 autem
2537 2446 2628 2514 qui
2653 2444 3017 2514 spiritualem,
3053 2461 3152 2502 seu
3208 2452 3457 2499 ornatam

1893 2534 2217 2601 virtutibus,
2272 2536 2441 2590 vitam
2498 2537 2790 2602 duxerant,
2834 2537 3063 2609 gloriam
3129 2545 3184 2591 et
3224 2536 3456 2592 salutem

1889 2625 2092 2677 attulit.
2116 2624 2299 2690 Quare
2318 2623 2495 2680 Judcx
2524 2626 2768 2680 vivorum
2832 2634 2889 2681 ct
2919 2634 3260 2681 mortuorum
3313 2633 3459 2680 recte

1888 2712 2107 2769 dicitur.
2166 2717 2357 2769 Aliter.
2427 2715 2671 2771 Mortuus
2734 2718 2822 2771 hic
2879 2718 3115 2788 appellat
3165 2730 3261 2771 eos
3318 2716 3462 2769 inter

1889 2805 2140 2873 gentiles,
2171 2806 2266 2875 qui
2306 2808 2643 2862 enumeratis
2688 2822 2854 2876 supra
2920 2806 3245 2863 criminibus
3291 2804 3459 2859 occisi

1886 2904 2043 2949 erant
2076 2915 2090 2950 :
2120 2897 2189 2952 de
2237 2898 2437 2967 quibus
2467 2906 2619 2968 optat
2682 2899 2989 2968 apostolus.
3045 2906 3105 2951 ut
3163 2898 3461 2966 aliquando

1888 2987 2141 3043 conversi
2193 2997 2396 3043 rectam
2464 3008 2483 3041 ι
2531 2990 2797 3045 rationem
2866 2989 3092 3044 reddere
3153 3008 3172 3040 ι
3242 2988 3459 3057 possint

1893 3098 1913 3133 ι
1951 3080 2023 3145 ei,
2058 3080 2152 3150 qui
2183 3089 2407 3148 paratus
2434 3088 2517 3134 est
2564 3079 2809 3149 judicare
2840 3081 2990 3135 vivos
3041 3089 3096 3133 et
3126 3086 3393 3134 mortuos.
3436 3097 3454 3128 ο

1893 3188 1913 3221 ι
1958 3170 2140 3233 Vivos,
2182 3188 2202 3222 ι
2240 3184 2430 3225 rursus
2456 3169 2663 3239 jnstos,
2691 3188 2709 3222 ι
2770 3179 3014 3224 mortuos
3041 3187 3060 3221 ι
3096 3178 3276 3222 autem
3334 3184 3460 3238 pec-

221 3252 520 3322 βασιλείαν.
555 3258 764 3323 Οἵτινες
804 3262 1121 3332 ἁμαρτωλοὶ
1157 3266 1581 3335 προσδεξάμενοι
1620 3269 1785 3322 αὐτοῦ

1892 3270 2106 3316 catores
2140 3268 2298 3315 vocat
2327 3278 2340 3313 :
2374 3261 2580 3331 quibus
2604 3260 2851 3315 divinum
2890 3259 3124 3315 Verbum
3161 3260 3216 3313 in
3248 3274 3352 3313 suo
3402 3260 3457 3313 in

219 3346 321 3409 τὰς
373 3348 615 3413 ἐντολὰς,
677 3352 957 3421 κρινοῦσιν
1004 3355 1229 3421 ἑαυτοὺς
1285 3359 1427 3411 κατά
1467 3360 1786 3431 ἀνθρώπους

220 3439 385 3507 σαρκί
430 3454 444 3468 ⁸
479 3439 623 3491 τοῦτ’
673 3442 841 3507 ἐστιν,
892 3445 949 3498 ἐν
985 3445 1064 3513 τῷ
1100 3447 1427 3518 ἀνθρωπίνῳ
1468 3448 1641 3518 τούτῳ
1686 3448 1787 3519 βίῳ

219 3525 318 3589 τὴν
352 3530 561 3584 ἑαυτῶν
593 3532 773 3604 σάρκα
800 3536 1257 3600 καταδικάζουσιν
1287 3539 1343 3590 ὲν
1372 3538 1670 3608 νηστείαις,
1694 3540 1787 3592 καὶ

221 3619 563 3687 χαμευνίαις,
596 3624 687 3673 καὶ
720 3623 973 3694 δάκρυσι,
1010 3627 1105 3678 καὶ
1132 3631 1198 3698 τῇ
1228 3628 1389 3698 λοιπῇ
1422 3628 1783 3699 κακοπαθείᾳ,

222 3706 313 3760 ἵνα
334 3708 542 3777 ζήσωσι
569 3712 711 3765 κατά
739 3712 872 3767 Θεὸν
900 3714 1198 3784 πνεύματι,
1224 3717 1284 3768 τὸ
1308 3716 1665 3770 ἀποστολικὸν
1697 3718 1788 3769 λό-

221 3812 341 3863 γιον
375 3797 770 3869 ἐνθυμούμενοι
795 3804 854 3854 τὸ
878 3803 1085 3871 φάσκον
1107 3821 1119 3832 ·
1153 3823 1171 3857 ι
1208 3806 1270 3858 Εἰ
1313 3808 1408 3859 καὶ
1435 3809 1463 3860 ὀ
1495 3806 1600 3872 ἔξω
1629 3806 1787 3877 ἡμῶν

223 3887 511 3957 ἄνθρωπος
543 3888 840 3961 φθείρεται,
868 3893 982 3947 ἀλλ’
1012 3895 1041 3948 ὁ
1062 3894 1169 3949 ἔσω
1193 3895 1578 3951 ἀνακαινοῦται
1603 3897 1788 3968 ἡμέρᾳ.

220 3980 287 4049 τῇ
318 3980 517 4051 ἡμέρᾳο
544 3999 563 4033 ι

300 4275 317 4307 ι
358 4256 453 4319 Εἰς
497 4257 657 4312 τοῦτο
696 4261 804 4331 γὰρ
849 4264 945 4315 καὶ
992 4267 1208 4333 νεκροῖς
1248 4268 1633 4337 εὐηγγελίσθη.
1674 4289 1693 4321 ι
1724 4272 1787 4324 ΟΞ

227 4348 325 4416 μὲν
352 4348 570 4401 παλαιοὶ
600 4350 707 4403 τῶν
740 4353 997 4423 Πατὲρων
1027 4354 1186 4408 τοῦτο
1211 4357 1291 4421 τὸ,
1332 4377 1350 4409 ι
1376 4359 1606 4429 Νεκροῖς
1626 4360 1790 4430 εὐηγ-

224 4440 473 4509 γελίσθη,
504 4461 523 4493 ι
562 4441 637 4504 ὡς
678 4446 984 4515 περικοπὴν
1023 4448 1379 4519 ἐξηγήσαντο,
1423 4451 1575 4505 οὐδὲν
1624 4469 1782 4521 φρον-

221 4531 472 4594 τίσαντες
502 4533 599 4601 τῆς
641 4536 922 4603 συνεχείας
965 4538 1073 4590 τῶν
1116 4537 1252 4604 ἄνω,
1296 4540 1403 4592 οὐδ’
1431 4540 1513 4594 ὅτι
1557 4542 1787 4594 αἰτιολοο

1897 3354 2044 3406 hunc
2074 3353 2337 3406 mundum
2364 3356 2601 3406 adventu
2646 3352 3036 3421 evangelizavit
3067 3367 3291 3420 regnum
3349 3365 3458 3405 cm-

1893 3441 2092 3497 lorum.
2147 3441 2212 3495 Et
2243 3441 2461 3510 quidem
2518 3449 2839 3509 peccatores
2885 3441 2976 3509 qui
3029 3441 3152 3509 ejus
3210 3441 3462 3494 mandata

1894 3536 2123 3603 amplexi
2157 3534 2584 3605 sunt,judicant
2638 3535 2961 3603 semetipsos
3015 3533 3164 3587 velut
3214 3532 3462 3586 homines

1899 3644 1917 3676 ι
1949 3640 2138 3691 carne,
2184 3645 2203 3677 ι
2245 3626 2348 3679 hoc
2379 3631 2485 3689 est,
2519 3626 2698 3679 hacin
2741 3625 2850 3677 vita
2881 3639 3103 3678 carnem
3139 3639 3294 3678 suam
3334 3639 3465 3677 con-

1894 3716 2175 3783 demnant,
2208 3716 2369 3785 375
2399 3729 2452 3769 et
2475 3716 2728 3784 jejuniis,
2760 3715 3156 3779 humisterniis,
3187 3715 3462 3786 laerymis,

1895 3808 2127 3877 aliisque
2198 3807 2639 3862 atllictationibus
2695 3809 2985 3875 castigant,
3052 3816 3107 3859 ut
3171 3806 3463 3861 viVantse-

1893 3904 2130 3957 eundum
2165 3902 2333 3956 Deum
2374 3902 2593 3970 spiritu,
2640 3916 2912 3955 memores
2949 3900 3263 3970 apostolicae
3322 3899 3465 3951 illius

1893 3992 2175 4049 sententiae
2201 3993 2245 4023 ⁸³
2284 4008 2299 4047 :
2339 4010 2357 4043 ι
2394 3992 2541 4046 [.icct
2566 3992 2633 4053 is,
2662 3993 2754 4060 qui
2798 3990 2929 4045 foris
2952 4002 3054 4053 εει,
3088 4001 3273 4043 noster
3304 3990 3466 4041 homo

1894 4091 2298 4153 corrumpatur,
2357 4093 2537 4137 tamen
2594 4087 2643 4140 is
2684 4084 2774 4152 qui
2809 4084 2955 4137 intus
3009 4090 3112 4145 est,
3169 4086 3467 4133 renovatur

1894 4179 1960 4231 de
1988 4176 2076 4229 die
2108 4177 2162 4228 in
2195 4176 2361 4229 diem.
2399 4193 2418 4225 ι

1966 4267 2130 4322 Vens.
2166 4266 2218 4321 6.
2245 4285 2263 4318 ι
2296 4266 2523 4335 Propter
2555 4266 2658 4320 hoc
2712 4265 2858 4318 enim
2891 4272 2944 4318 et
2973 4263 3204 4316 mortuis
3229 4274 3466 4329 evange-

1895 4360 2116 4413 lizatum
2165 4368 2270 4413 est.
2310 4376 2329 4409 ι
2366 4356 2577 4411 Vetusti
2638 4356 2860 4424 quidam
2904 4355 3095 4408 Patres
3150 4355 3319 4407 hocce
3383 4352 3470 4405 di-

1895 4459 2039 4504 ctum
2073 4467 2087 4504 :
2132 4470 2149 4501 ι
2182 4449 2413 4504 Mortuis
2438 4449 2870 4516 evaztgclizatum
2895 4454 3000 4510 est,
3040 4465 3058 4497 ι
3097 4447 3169 4498 ita
3203 4446 3471 4517 interpre-

1898 4542 1992 4593 tati
2024 4549 2173 4605 sunt,
2236 4555 2298 4593 ac
2336 4539 2381 4592 si
2430 4538 2636 4590 nullam
2690 4553 2816 4591 cum
2888 4537 3015 4591 aliis
3073 4536 3469 4590 connexioncm

224 4622 397 4686 γικῶς
421 4622 727 4691 εἰρημένων
752 4623 816 4695 [Ῑ.
843 4656 912 4667 --
940 4625 1052 4698 νον]
1082 4628 1164 4680 δεῖ
1183 4630 1318 4697 πρὸς
1339 4632 1464 4693 τοὺς
1492 4632 1599 4700 πρὸ
1624 4633 1791 4685 αὐτοῦ

1901 4632 2169 4697 haberet;
2224 4646 2329 4682 nnn
2367 4628 2809 4689 considerantes,
2869 4628 3037 4692 quod,
3084 4640 3207 4677 cum
3249 4637 3468 4677 causam

222 4708 615 4776 ἀναφέρεσθαι.
641 4710 810 4764 Τοῦτο
836 4712 943 4782 γὰρ
971 4715 1176 4783 ὀφείλει
1201 4717 1261 4769 τὸ
1290 4718 1408 4770 κατ’
1432 4721 1610 4774 αἰτίαν
1634 4721 1790 4790 λεγό-

224 4816 387 4869 μενον
434 4799 610 4868 ἔχειν·
648 4802 763 4855 ἀλλ’
817 4803 893 4863 ὡς
925 4804 1161 4877 εἴρηται,
1198 4811 1271 4873 ῶς
1318 4811 1623 4881 περικοπὴν
1659 4814 1792 4866 αὐτὸ

222 4889 566 4959 ἐξηγήσαντο
595 4891 789 4957 οὕτως.
828 4912 847 4946 ι
886 4896 1132 4968 Νεκροὺς
1162 4918 1180 4951 ι
1221 4900 1328 4971 γὰρ
1356 4901 1566 4969 ἔφασαν
1597 4903 1790 4968 διττῶς

223 4981 407 5048 λέγειν
441 4984 540 5052 τὴν
573 4982 725 5038 θείαν
784 4985 1028 5056 Γραφὴν,
1077 4990 1110 5058 ἢ
1151 4992 1277 5053 τοὺς
1325 4994 1447 5055 ταῖς
1493 4994 1791 5063 ἁμαρτίαις

222 5075 673 5140 ἐναποθανόντας,
701 5077 750 5129 οἳ
781 5079 898 5132 οὐδὲ
930 5079 1075 5150 ζωήν
1100 5097 1228 5133 ποτε
1262 5083 1422 5135 ἴδοιεν
1442 5099 1456 5113 '
1488 5083 1520 5151 ἢ
1556 5085 1678 5147 τοὺς
1710 5084 1789 5154 τῷ

223 5164 442 5234 θανάτῳ
476 5165 570 5218 τοῦ
624 5169 863 5238 Χριστοῦ
906 5173 1430 5241 συμμορφωθέντας,
1464 5176 1559 5228 καὶ
1587 5174 1793 5229 ἀποθα-

223 5257 412 5316 νόντας
448 5258 544 5326 μὲν
569 5259 646 5330 τῷ
675 5260 885 5331 κόσμῳ,
904 5262 1049 5315 τοῦτ’
1073 5262 1189 5317 ἔστι
1212 5266 1332 5327 ταῖς
1360 5267 1649 5335 κοσμικαῖς
1678 5268 1793 5319 ἐπι-

221 5347 473 5416 θυμίαις,
519 5350 726 5414 ζῶντας
761 5352 817 5405 δὲ
871 5355 1015 5424 μόνῳ
1055 5356 1315 5425 Χριστῷ·
1353 5356 1428 5420 ὡς
1460 5359 1554 5411 καὶ
1585 5356 1792 5421 nam;

222 5453 426 5505 φησιν’
465 5458 483 5488 ι
520 5443 583 5492 Ὃ
615 5442 670 5495 δὲ
701 5443 795 5495 νῦν
846 5443 925 5508 ζῶ
954 5446 1011 5497 ὲν
1072 5448 1256 5515 σαρκὶ,
1288 5447 1345 5500 ὲν
1384 5446 1565 5500 πίστει
1604 5448 1681 5509 ζῶ
1725 5451 1790 5519 τῇ

221 5528 317 5581 τοῖ
349 5529 478 5581 Υἰοῦ
509 5531 599 5584 τοῦ
630 5533 784 5586 Θεοῦ.
807 5554 824 5586 ι
860 5537 1025 5588 Φασὶν
1046 5536 1138 5589 οὖν
1160 5554 1171 5566 ·
1213 5539 1276 5590 Οἱ
1298 5537 1467 5600 οῦτως
1492 5538 1793 5591 ἀποθανόν-

220 5636 314 5680 τες
338 5620 576 5691 Χριστῷ,
612 5628 676 5694 τῇ
707 5628 869 5696 σαρκὶ
903 5629 1126 5690 ἑαυτοὺς
1162 5630 1580 5699 κατακρίνουσιν
1608 5632 1700 5682 ἐπὶ
1726 5634 1790 5702 τῇ

324 5800 368 5831 ⁸³
402 5802 547 5855 l'sal.
576 5818 717 5867 ιλιι,
747 5804 799 5857 7.
881 5807 923 5836 "
955 5805 1096 5859 l‘s'd.
1150 5822 1279 5871 aen,
1308 5809 1359 5861 ἓ.

1443 5808 1488 5840 ⁸³
1521 5809 1538 5863 l
1566 5808 1694 5863 Cor.
1736 5825 1805 5874 tv,
1840 5809 1924 5863 16.

1891 4724 2189 4783 contineat,
2233 4722 2299 4773 ad
2341 4718 2421 4783 id,
2474 4718 2619 4788 quod
2675 4718 2958 4786 praecedit,
3026 4714 3234 4767 referre
3291 4714 3467 4781 ipsum

1893 4822 2160 4883 opmteat.
2182 4831 2199 4864 ι
2240 4812 2436 4867 Ellortui
2477 4830 2492 4863 ι
2532 4812 2716 4880 igitur,
2742 4810 3020 4879 inquiunt,
3043 4809 3151 4861 duo
3181 4807 3464 4860 hominum

1895 4919 2096 4974 genera
2132 4906 2183 4958 in
2220 4903 2503 4972 Scriptura
2553 4902 2848 4955 dicuntur:
2877 4901 2960 4954 vel
3018 4900 3053 4952 ii
3085 4898 3314 4961 scilicet,
3375 4897 3469 4964 qni

1897 4998 2140 5067 peccatis
2175 4994 2456 5049 immertui
2490 5004 2639 5057 sunt,
2699 4994 2791 5061 qui
2825 5006 2999 5060 neque
3029 5005 3267 5059 unquam
3304 4987 3467 5040 vitam

1896 5089 2095 5143 habere
2127 5095 2425 5157 poterunt;
2474 5086 2555 5143 vel
2592 5087 2683 5155 qui
2719 5085 2926 5140 Christi
2971 5083 3130 5137 morti
3158 5082 3468 5136 conformcs

1897 5182 2078 5235 allecti
2111 5190 2259 5243 sunt,
2290 5181 2499 5234 mundo
2532 5180 2775 5249 quidem,
2824 5193 2919 5233 seu
2992 5174 3285 5229 mundanis
3344 5173 3473 5226 alie-

1896 5272 2083 5326 ctibus
2116 5271 2338 5334 mortui,
2373 5272 2619 5325 viventes
2661 5278 2841 5323 autem
2875 5267 3098 5321 Christo
3128 5266 3228 5319 soli
3258 5282 3271 5331 ;
3306 5264 3381 5317 nti
3418 5272 3471 5316 et

1898 5362 2098 5417 Paulus
2133 5361 2208 5414 ait
2237 5361 2283 5391 “
2313 5378 2325 5414 :
2363 5379 2381 5413 ι
2422 5362 2575 5428 Quod
2604 5376 2749 5415 nunc
2774 5360 2918 5423 vivo,
2953 5357 3007 5411 in
3036 5372 3223 5421 carne,
3260 5357 3313 5408 in
3369 5355 3472 5408 lide

1896 5453 2021 5506 vivo
2041 5451 2162 5505 Filii
2206 5451 2325 5506 Dei.
2372 5473 2389 5504 ι
2429 5454 2517 5507 Sic
2555 5453 2737 5521 itaque
2768 5451 2920 5505 aiunt
2960 5466 2974 5503 :
3009 5450 3046 5503 li
3083 5449 3174 5518 qui
3230 5450 3331 5501 hae
3384 5462 3472 5499 ra-

1903 5542 2051 5597 tione
2084 5542 2303 5596 Christo
2357 5542 2680 5597 commortni
2740 5547 2892 5603 sunt,
2950 5541 3003 5591 in
3054 5552 3217 5591 carne
3263 5536 3473 5604 scipsos

1902 5634 1972 5687 ob
2030 5633 2359 5686 anteriorem
2425 5634 2589 5688 vitam
2685 5630 2953 5688 desidiose
3017 5637 3069 5684 ct
3142 5627 3474 5698 negligenter

2020 5808 2062 5840 "'
2086 5806 2265 5861 Galat.
2289 5823 2348 5874 tt,
2374 5808 2464 5862 ‘20.
