4162 6442
235 449 368 513 1'23]

1001 438 1405 509 EXPOSITIO
1429 447 1509 507 IN
1552 446 1785 507 EPIST.
1824 449 1848 506 Ι
1890 449 1946 507 S.
1993 451 2242 512 PETRI.
2280 477 2350 489 -·-
2385 447 2540 516 CAP.
2583 456 2684 517 IV.

3327 453 3475 517 1212~

227 563 442 630 εἴρηται
484 561 564 626 τὸ,
597 581 612 611 ι
637 561 723 613 Ἐν
740 562 815 630 τῷ
851 560 950 631 ᾄδῃ
1015 561 1097 622 τίς
1130 559 1581 629 ἐξομολογήσεταὶ
1617 574 1734 619 σοις
1769 575 1787 607 ι

1899 558 2104 618 dictum
2129 562 2199 615 sit
2222 562 2267 594 ⁸⁸
2309 581 2320 615 :
2354 580 2371 613 ι
2394 561 2511 615 Νοιι
2533 565 2730 616 mortui
2753 562 3152 625 latnlahunt'te,
3172 561 3395 616 Domine
3440 584 3456 614 ι

224 653 514 709 Confessio
545 653 726 722 itaque
766 661 847 706 cst
894 653 1191 720 gratiarum
1215 653 1359 704 actio
1392 651 1518 715 Deo,
1545 667 1668 706 cum
1695 656 1818 724 quis
1852 656 1920 710 ab
1950 655 2130 723 aliqua
2193 653 2438 707 molestia
2477 653 2738 707 liberatus
2777 663 2881 707 est.
2921 654 3090 707 Porro
3147 667 3272 706 cum
3327 661 3439 706 tem.

225 765 333 819 pus
367 745 630 816 operandi
669 745 770 796 hac
834 744 940 794 vita
968 742 1209 806 finiatur,
1235 745 1472 814 (mortui
1536 745 1679 799 enim
1724 747 1792 800 ab
1833 746 1982 800 omni
2010 745 2428 813 vacantoperc,)
2464 745 2708 813 profecto
2736 759 2863 798 cum
2907 745 3040 798 nihil
3071 744 3182 797 illic
3251 744 3465 795 c'ontin-

223 849 336 909 gat.
371 841 441 891 ob
471 836 612 906 quod
645 837 769 903 quis
810 835 1070 890 liberatus
1137 834 1485 898 confiteatur,
1527 838 1720 891 merito
1759 839 1966 892 dictum
1998 847 2083 892 est
2115 857 2127 890 :
2159 855 2177 887 ι
2215 837 2268 890 In
2305 838 2518 892 inferno
2573 838 2697 907 quis
2732 836 3084 892 conﬁtebitur
3119 836 3214 889 tibi
3275 835 3298 887 ?
3338 854 3355 885 ι

306 953 323 983 ι
368 932 593 985 Πάντων
631 929 686 983 δὲ
723 929 783 980 τὸ
816 928 968 990 τέλος
999 929 1217 998 ἧγγικε.
1251 928 1643 996 Σωφρονήσατε
1678 925 1793 994 οὖν,

224 1024 321 1076 καὶ
354 1022 560 1090 νήψατε
609 1021 689 1082 εἰς
737 1018 836 1080 τὰς
905 1017 1232 1087 προσευχάς.
1313 1018 1423 1086 Πρὸ
1469 1019 1688 1072 πάντων
1740 1020 1796 1074 δὲ

222 1117 325 1184 τ’ὴν
357 1117 437 1176 είς
467 1114 692 1173 ἑαυτοὺς
721 1111 940 1180 ἀγάπην
965 1112 1156 1177 ἐκτενῆ
1183 1111 1514 1178 ἔχοντες,ὄτι
1547 1115 1578 1181 ἡ
1611 1113 1796 1184 ἀγάπη

223 1206 496 1259 καλύπτει
538 1203 741 1272 πλῆθος
771 1202 1078 1272 ἁμαρτιῶν.
1115 1199 1385 1265 Φιλόξενοι
1417 1203 1496 1264 είς
1535 1203 1798 1273 ἀλλήλους

222 1297 355 1348 ἄνευ
391 1291 718 1362 γογγισμοῦ.
753 1309 771 1341 ι
807 1305 872 1328 -'—
911 1307 930 1339 ι
959 1289 1142 1352 Τέλος,
1176 1307 1194 1338 ι
1232 1288 1353 1340 ἀντὶ
1386 1287 1504 1350 τοῦ,
1544 1291 1798 1358 συμπλή-

225 1404 414 1456 ρωσις,
447 1380 749 1437 συντέλεια.
783 1399 802 1432 t
826 1380 989 1443 Τέλος
1021 1399 1038 1431 ι
1080 1381 1245 1450 φησιν
1286 1399 1304 1430 ι
1337 1381 1624 1448 ὴγγικὲναι
1658 1383 1796 1434 πάν-

219 1493 362 1530 των·
398 1496 417 1528 ι
455 1476 617 1528 τοῦτο
664 1469 721 1527 δὲ
771 1473 963 1542 ἀληθεῖ
1007 1472 1150 1542 λόγῳ
1185 1472 1333 1526 ἐστὶν
1372 1475 1400 1526 6
1430 1475 1663 1540 Χριστός
1687 1488 1700 1502 ο
1756 1475 1790 1543 ἡ

221 1571 443 1624 πάντων
495 1568 602 1637 γὰρ
650 1567 926 1633 τελειότης
967 1566 1130 1628 αὐτός
1187 1567 1368 1618 ἐστιν·
1423 1564 1537 1617 ἀλλ’
1581 1567 1679 1636 οὐχ
1717 1567 1792 1629 ὡς

217 1659 483 1726 Ἕλληνες
531 1655 811 1725 ληροῦσιν,
840 1655 889 1707 οἱ
949 1653 1048 1724 μὲν
1092 1654 1190 1722 τὴν
1243 1653 1434 1723 ἡδονὴν
1491 1654 1793 1722 φάσκοντες

214 1749 390 1811 τέλος,
436 1746 511 1809 ὡς
555 1744 903 1814 Ἐπίκουρος⁹
960 1744 1010 1794 οἱ
1055 1743 1111 1796 δὲ
1149 1742 1247 1812 τὴν
1305 1745 1632 1814 ἐπιστήμην,
1665 1745 1784 1815 ἦτοι

216 1835 526 1906 θεωρίαν,ῆ
580 1835 803 1904 ἀρετήν.
843 1835 964 1886 Ἐπὶ
1005 1833 1069 1904 Π.
1104 1833 1246 1904 ἐπεὶ]
1286 1835 1465 1887 τοίνυν
1499 1837 1530 1902 ή
1561 1836 1782 1888 πάντων

1971 929 2136 985 Vens.
2165 930 2280 986 7-9.
2313 950 2331 982 ι
2363 929 2618 985 Omnium
2651 940 2834 983 autem
2874 929 2998 980 finis
3067 930 3466 998 appropinqua-

1900 1026 1995 1086 vit,
2027 1028 2214 1081 Estote
2253 1029 2438 1096 itaque
2469 1025 2788 1095 prudentes,
2831 1035 2886 1078 et
2922 1023 3145 1093 vigilate
3182 1024 3235 1075 in
3257 1026 3466 1078 oratio-

1899 1117 2081 1172 nibus.
2111 1116 2248 1172 Ante
2288 1119 2474 1171 omnia
2508 1127 2686 1170 autem
2725 1123 2966 1168 mutuam
3000 1115 3052 1168 in
3104 1113 3463 1182 vobismetip-

1901 1207 1980 1262 sis
2009 1209 2330 1262 charitatetn
2366 1208 2681 1260 continuam
2707 1206 2962 1258 habentes
2993 1222 3007 1256 :
3043 1204 3170 1271 quia
3213 1205 3462 1256 Charitas

1897 1297 2073 1364 operit
2105 1297 2511 1350 multitudinem
2551 1303 2931 1365 peccatorum.
2965 1292 3274 1360 llospitales
3330 1291 3466 1344 invi-

1895 1401 2010 1440 cem
2043 1388 2162 1442 sine
2218 1387 2669 1439 murmuratione.
2707 1405 2724 1436 ι
2798 1383 3030 1436 Ponitur
3095 1401 3112 1432 ι
3152 1381 3276 1434 linis
3313 1400 3330 1430 ι
3364 1395 3463 1448 pro

1894 1477 2319 1543 complemento,
2353 1492 2446 1531 seu
2479 1477 2968 1530 consununatione.
3011 1473 3184 1527 Porro
3222 1492 3240 1523 ι
3303 1474 3461 1525 linem

1894 1569 2139 1621 omnimn
2204 1568 2695 1637 appropinquasse,
2729 1583 2747 1616 ι
2787 1565 2883 1626 ait,
2914 1565 3004 1633 qni
3033 1575 3114 1618 est
3164 1563 3419 1618 Christus
3447 1579 3461 1614 :

1892 1659 2008 1727 ipse
2038 1659 2181 1712 enim
2213 1661 2454 1713 omnium
2473 1658 2738 1728 perfectio
2765 1665 2848 1712 est
2880 1675 2901 1710 :.
2922 1663 2975 1710 et
3013 1670 3118 1708 non
3153 1663 3210 1707 ut
3238 1654 3467 1721 gentiles

1886 1749 2160 1814 eﬂ'utiunt,
2207 1765 2439 1817 quorum
2459 1750 2549 1802 alii
2577 1749 2928 1818 voluptatem,
2968 1754 3023 1800 ut
3061 1745 3348 1815 Epicurus,
3372 1743 3460 1796 alii

1884 1840 2168 1894 scientiam
2188 1856 2279 1894 seu
2294 1839 2920 1908 contemplationem,alii
2936 1837 3189 1890 virtutem
3212 1835 3461 1898 ultimum

213 1929 493 1996 τελειότης
523 1929 756 1998 Χριστος
780 1929 1143 1997 παραγέγονε,
1184 1930 1280 1980 καὶ
1328 1928 1479 1982 αὐτοὶ
1509 1928 1682 2001 ταύτῃ
1712 1933 1778 2000 τῇ

1885 1931 2042 1985 linem
2067 1947 2189 1986 esse
2215 1933 2572 1986 arbitrantur.
2591 1929 2859 1996 Quoniam
2887 1928 3052 1998 igitur
3071 1928 3312 1981 omnium
3335 1941 3453 1993 per-

214 2021 536 2090 τελειότητι,
575 2021 729 2090 φησι,
765 2019 1272 2090 συμμορφούμενοι,
1301 2020 1605 2084 ἀνελλιπεῖς
1658 2022 1788 2074 ἐαυ-

213 2113 344 2174 τοὺς
399 2113 458 2164 tv
488 2111 649 2164 παντὶ
697 2111 905 2177 δείξατε
938 2151 952 2175 ,
1003 2113 1060 2164 tv
1101 2111 1460 2184 σωφροσύνῃ,
1511 2114 1570 2167 tv
1629 2113 1788 2183 νήψει

214 2200 665 2272 προσευχόμενοι.
718 2201 1019 2271 Νηφόντων
1071 2202 1179 2273 γὰρ
1227 2205 1259 2273 ή
1305 2205 1582 2274 προσευχὴ
1620 2205 1678 2258 tv
1719 2207 1787 2274 τῇ

213 2294 356 2362 πρὸς
378 2293 644 2363 ἀλλήλους
667 2295 880 2364 ἀγάπῃ.
919 2294 1139 2365 Ταύτην
1161 2293 1218 2347 δὲ
1255 2295 1467 2358 Παῦλος
1509 2315 1526 2347 ι
1564 2296 1787 2365 πλήρω-

217 2395 297 2450 μα
330 2399 350 2432 ι
387 2377 507 2433 εἶπε
540 2382 706 2450 νόμου
731 2398 743 2411 ·
779 2375 935 2444 οὗτος
981 2381 1038 2434 δὲ
1077 2400 1094 2432 ι
1125 2382 1398 2452 ἁμαρτίας
1429 2401 1448 2434 ι
1478 2383 1787 2453 δυναμένην

219 2491 240 2523 ιι
278 2471 592 2524 καλύπτειν.
629 2490 649 2523 ι
694 2471 751 2524 '0
799 2471 908 2540 γὰρ
964 2473 1044 2533 εἰς
1069 2472 1160 2525 τὸν
1209 2472 1438 2542 πλησίον
1484 2475 1633 2532 ἔλεος
1695 2475 1787 2528 τὸν

214 2562 349 2614 Θεὸν
379 2564 510 2631 ἡμῖν
542 2562 698 2614 ῦεων
725 2564 888 2615 ποιεῖ.
919 2561 1104 2615 Εἰπὼν
1126 2563 1183 2616 δὲ
1225 2581 1245 2614 ι
1269 2565 1508 2632 ἀγάπην,
1533 2583 1551 2617 ι
1590 2567 1785 2633 ἐπάγει

211 2653 310 2705 καὶ
345 2653 415 2703 τά
461 2653 529 2722 τῇ
583 2652 773 2722 ἀγάπῃ
824 2652 1342 2719 συνακολουθοῦντα,
1377 2655 1478 2726 τὴν
1515 2673 1535 2707 ι
1571 2656 1782 2725 φιλοξε-

212 2741 356 2805 νίαν,
402 2759 421 2791 ι
481 2742 548 2811 ην
601 2760 619 2792 ι
659 2741 787 2794 ἄνευ
817 2741 1136 2812 γογγυσμοῦ
1178 2761 1196 2793 ι
1261 2744 1502 2798 ἐκτελεῖν
1547 2745 1780 2801 κελεύει.

223 2834 391 2886 Ἀλλὰ
417 2833 511 2885 καὶ
549 2836 660 2895 τοῖς
689 2834 1114 2903 εὖπορουμένοις
1142 2834 1357 2903 ἑκάστῳ
1381 2836 1684 2906 χαρίσματι
1708 2836 1784 2904 τῷ

218 2925 294 2996 μὴ
319 2925 494 2994 ἔχοντι
525 2924 738 2994 ἀδελφῷ
763 2926 1062 2989 κοινωνεῖν,
1087 2919 1199 2977 οἷον
1230 2926 1258 2978 6
1277 2925 1437 2992 λόγον
1467 2925 1605 2996 ἔχων
1635 2927 1783 2979 διδα-

215 3014 474 3067 σκαλικὸν
513 3015 694 3083 (τοῦτο
727 3014 835 3085 γὰρ
867 3016 925 3067 τὸ
951 3055 966 3079 ,
1008 3032 1026 3066 ι
1057 3015 1132 3076 ὡς
1152 3015 1309 3082 λόγια
1347 3014 1504 3080 Θεοῦ,
1539 3035 1559 3066 ι
1589 3015 1782 3084 δηλοῖ),

210 3104 292 3172 τῷ
320 3104 575 3174 χρῄζοντι
603 3105 816 3160 τούτου.
863 3105 921 3159 ’0
965 3105 1231 3176 χορηγίαν
1269 3105 1409 3175 ἔχων
1459 3109 1676 3176 τροφῶν
1703 3107 1782 3175 τῷ

214 3197 291 3265 μὴ
347 3195 524 3264 ἔχοντι
577 3195 898 3260 ἐπιδιδόναι,
954 3197 1028 3265 μὴ
1071 3195 1443 3267 μικροψύχως,
1486 3197 1602 3250 ἀλλ’
1631 3197 1776 3268 ὡςή

1891 2019 2054 2074 fectio
2093 2035 2157 2074 ac
2191 2021 2313 2075 finis
2356 2020 2606 2076 Christus
2629 2017 2865 2081 advenit,
2899 2016 3096 2084 inquit,
3119 2021 3174 2065 et
3207 2027 3302 2066 vos
3337 2011 3457 2064 hu‘e

1888 2111 2221 2164 conformati
2289 2110 2640 2180 perfectioni,
2672 2108 2927 2163 exhibete
2977 2103 3344 2170 vosmetipsos
3405 2100 3458 2154 in

1888 2201 2039 2254 omni
2068 2203 2269 2255 virtute
2329 2200 2536 2269 absque
2563 2198 2806 2262 defectu,
2840 2198 2891 2250 in
2918 2197 3213 2252 sobrietate
3236 2200 3291 2247 et
3326 2191 3459 2259 vigi-

1895 2292 2064 2346 lantia
2120 2299 2343 2347 orantes
2369 2291 2388 2363 (
2415 2290 2758 2361 vigilantium
2790 2288 2936 2342 enim
3000 2292 3086 2339 cst
3141 2283 3319 2336 oratio
3352 2282 3368 2339 ι
3403 2282 3456 2333 in

1893 2401 1912 2434 ι
1949 2391 2142 2436 mutua
2159 2383 2449 2436 charitate.
2491 2400 2512 2430 ι
2546 2382 2700 2434 Hanc
2731 2380 2936 2434 Paulus
2963 2377 3180 2444 quidem
3217 2391 3236 2424 ι
3278 2371 3456 2441 pleni-

1894 2473 2136 2528 tudinem
2179 2473 2310 2541 legis
2340 2491 2359 2525 ι
2387 2481 2580 2536 vocat;
2616 2471 2705 2524 hic
2733 2479 2914 2523 autem
2945 2466 3227 2534 apostolus
3274 2465 3350 2515 ait
3379 2461 3452 2522 θ’,

1895 2578 2016 2618 eam
2051 2582 2070 2614 ι
2106 2572 2329 2632 peccata
2379 2562 2597 2631 Operire
2660 2580 2679 2612 ι
2732 2573 2894 2628 posse
2937 2574 2950 2612 :
2984 2556 3253 2624 siquidem
3286 2552 3455 2605 misc-

1888 2653 2128 2709 ricordia
2167 2668 2288 2723 qua:
2309 2653 2364 2706 in
2399 2653 2706 2722 proximum
2736 2660 3044 2710 exercetur,
3082 2645 3247 2700 Demn
3295 2642 3454 2694 nobis

1886 2745 2180 2815 propitium
2207 2743 2410 2797 reddit.
2445 2741 2513 2796 Ut
2541 2757 2671 2796 vero
2701 2741 2767 2794 de
2796 2759 2814 2791 ι
2848 2739 3117 2793 charitate
3152 2753 3170 2785 ι
3213 2735 3453 2787 mentio-

1884 2849 2008 2891 nem
2034 2835 2184 2896 fecit,
2208 2834 2496 2904 subiungit
2525 2849 2614 2895 ea,
2639 2847 2768 2901 qua
2797 2831 2943 2883 illam
2973 2825 3452 2882 comitarisolent:

1887 2935 1948 2980 ιιι
1970 2936 2052 2982 est
2091 2945 2110 2976 ι
2161 2926 2542 2996 hospitalitas»
2578 2939 2739 2993 quant
2771 2943 2788 2974 ι
2825 2923 2943 2978 sine
2968 2918 3396 2973 murmuratione
3431 2934 3450 2963 ›

1883 3015 2242 3071 exercendam
2276 3016 2554 3085 pra‘cipit;
2582 3015 2723 3069 sicut
2766 3015 2951 3076 etiam,
2976 3020 3036 3064 ut
3069 3010 3128 3072 ii,
3157 3008 3247 3074 qui
3273 3007 3455 3074 aliquo

1889 3109 2172 3162 abundant
2197 3107 2366 3170 dono,
2398 3107 2529 3159 illud
2564 3121 2686 3160 cmn
2720 3105 2878 3173 377
2907 3102 3072 3156 fratre
3093 3117 3198 3154 non
3221 3099 3456 3152 habente

1885 3199 2118 3252 libenter
2165 3197 2628 3251 communicent:
2708 3204 2766 3249 ut
2843 3196 2888 3248 si
2953 3193 3076 3262 quis
3145 3190 3452 3244 doctrinam

208 3286 440 3353 δύναμις
477 3306 495 3337 ι
537 3288 768 3357 παρέχει
801 3288 900 3355 τῆς
942 3287 1050 3340 ἀπὸ
1093 3287 1230 3340 Θεοῦ
1273 3287 1557 3357 χορηγίας.
1592 3289 1777 3342 Ταῦτα

1881 3287 2161 3359 possidet(
2197 3291 2297 3342 hoc
2318 3287 2463 3342 enim
2520 3286 2674 3348 illud,
2722 3304 2741 3336 ι
2785 3293 2845 3340 ιιι
2873 3299 3152 3339 sermones
3187 3282 3282 3334 Dei
3318 3298 3336 3330 ι
3375 3278 3454 3331 si-

206 3376 265 3428 δὲ
309 3377 579 3444 παραινῶ,
610 3377 795 3446 φησιν,
834 3397 852 3428 ι
890 3377 975 3431 ἵνα
1005 3378 1062 3430 tv
1089 3379 1255 3430 πᾶσιν
1281 3396 1298 3429 ι
1341 3379 1448 3430 είτε
1481 3377 1709 3445 ἔθνεσιν,
1741 3380 1772 3449 ἢ

207 3467 304 3518 καὶ
333 3469 445 3530 τοῖς
474 3468 641 3537 ἐγγὺς
670 3468 845 3538 ὑμῶν,
885 3489 904 3519 ι
931 3468 1222 3537 δοξάζηται
1254 3469 1282 3520 ό
1307 3468 1461 3532 Θεός.
1499 3487 1519 3520 ι

1877 3379 2143 3449 gnificat).
2176 3393 2323 3436 eum.
2356 3378 2446 3443 qui
2485 3375 2737 3443 indigens
2787 3383 2893 3439 cst,
2961 3374 3078 3441 ipsa
3121 3370 3452 3441 .partieipet.

1875 3472 1967 3528 Sic
1999 3471 2092 3538 qui
2155 3471 2430 3524 alimentis
2482 3468 2745 3530 abundat,
2781 3468 2828 3521 ei
2886 3467 2979 3535 qui
3029 3474 3202 3529 caret,
3243 3471 3448 3532 partem

209 3555 374 3610 faciat
408 3568 492 3624 ;et
551 3575 654 3614 non
696 3560 915 3630 quidem
971 3575 1158 3630 parce,
1217 3560 1311 3616 sed
1341 3560 1499 3629 juxta
1528 3560 1862 3632 facultatem,
1909 3581 2070 3636 quam
2110 3565 2188 3619 illi
2219 3564 2362 3618 Deus
2425 3560 2813 3632 suppeditavit.
2849 3561 2961 3615 lloc
2992 3568 3194 3622 autem,
3255 3556 3451 3624 inquit,

206 3653 364 3709 vobis
395 3653 596 3707 ideirco
649 3653 874 3715 suadeo,
953 3673 970 3704 ι
1040 3662 1097 3706 ιιι
1135 3655 1202 3706 ab
1268 3652 1542 3720 omnibus,
1609 3676 1627 3708 ι
1665 3662 1778 3714 sive
1819 3659 2046 3730 gentiles
2083 3658 2212 3722 sint,
2247 3659 2360 3712 sive
2389 3657 2698 3726 prepinqui,
2735 3675 2753 3706 ι
2783 3654 3171 3708 lionorilicetur
3226 3647 3390 3703 Deus.
3429 3667 3448 3698 ι

283 3767 302 3798 ‹
339 3748 608 3809 Ἕκαστος
651 3745 834 3809 καθὼς
867 3746 1026 3798 ἔλαϐε
1054 3746 1299 3816 χάρισμα
1353 3747 1462 3800 άπὸ
1501 3748 1659 3812 Θεοῦ,
1691 3754 1770 3813 εἰς

204 3839 434 3900 ἑαυτοὺς
459 3838 590 3890 αὐτὸ
617 3831 1010 3901 διακονοῦντες,
1042 3837 1117 3900 ὡς
1163 3838 1320 3890 καλοὶ
1345 3839 1616 3909 οἰκονόμοι
1651 3858 1740 3894 ποι

203 3928 364 3994 κίιλης
394 3929 613 3996 χάριτος
665 3927 820 3980 Θεοῦ.
853 3927 918 3978 Et
943 3943 1026 3987 τις
1080 3926 1252 3992 λαλεῖ,
1295 3927 1370 3990 ὼς
1405 3928 1559 3996 λόγια
1593 3931 1729 3985 Θεοῦ
1753 3945 1768 3962 ⁸

202 4021 256 4072 εἴ
283 4036 365 4081 τις
398 4018 655 4079 διακονεῖ,
687 4018 762 4080 ὡς
789 4017 848 4082 ὲξ
877 4017 1058 4086 ίσχύος
1089 4013 1155 4088 ἦς
1182 4023 1410 4088 χορηγεῖ
1445 4022 1617 4085 όθεός
1641 4038 1654 4050 ·
1686 4024 1772 4078 ἵνα

200 4109 258 4158 tv
289 4107 452 4158 πᾶσιν
511 4109 538 4157 ό
588 4105 720 4167 Θεὸς
773 4106 1061 4175 δοξάζηται
1093 4107 1179 4160 διὰ
1223 4107 1395 4176 Ἰησοῦ
1427 4110 1684 4179 Χριστοῦ,
1724 4107 1768 4181 ᾧ

199 4199 348 4250 εστιν
373 4199 406 4267 ἡ
441 4196 567 4259 δόξα
585 4200 677 4249 καὶ
700 4197 759 4250 τδ
783 4198 1000 4268 κράτος,
1030 4199 1109 4262 εἰς
1139 4199 1262 4261 τοὺς
1283 4201 1484 4263 αἰῶνας
1507 4203 1616 4255 τῶν
1641 4203 1769 4256 αἰώ-

198 4306 332 4342 νων.
375 4289 567 4358 Ἀμήν.
612 4308 631 4340 ι
668 4289 788 4340 Τῶν
817 4290 926 4360 γάρ
969 4289 1209 4360 ἐφ’ὴμῖν
1252 4292 1540 4361 κειμένων,
1569 4294 1664 4346 καὶ
1691 4291 1766 4348 ὧν

198 4383 368 4450 ἔσμεν
400 4381 599 4449 κύριοι,
629 4382 702 4452 μὴ
725 4385 915 4445 ποιεῖν,
973 4383 1132 4435 τοῦτο
1179 4383 1357 4452 πάσης
1399 4385 1612 4448 ἀδικίας
1657 4386 1770 4456 ἔχει

198 4471 441 4539 γραφήν.
472 4471 546 4522 Οὐ
604 4472 712 4540 γΞιρ
761 4472 854 4522 ἐπὶ
887 4472 985 4540 τῆς
1042 4472 1152 4524 τῶν
1196 4472 1494 4543 χρημάτων
1524 4476 1770 4544 κτήσεως

202 4562 396 4630 μόνης,
431 4562 564 4614 ἀλλὰ
597 4562 691 4614 καὶ
722 4562 830 4614 τῶν
867 4563 1041 4617 ἀλλων
1085 4565 1330 4632 φυσικῶν
1364 4565 1767 4635 πλεονεκτημά-

197 4668 308 4703 των
338 4653 498 4720 ἔχων,
544 4652 827 4723 ὑπόχρεὼς
881 4654 999 4706 ἐστι
1034 4654 1296 4724 παρέχειν
1337 4655 1415 4725 τῷ
1456 4656 1531 4727 μὴ
1563 4656 1760 4726 ἔχοντι.

196 4742 324 4794 Ὀτι
353 4743 446 4794 καὶ
470 4743 630 4806 αὐτὸς
670 4745 744 4814 μὴ
773 4744 911 4814 ἔχων
943 4745 1094 4815 παρὰ
1122 4745 1256 4800 Θεοῦ
1279 4745 1490 4816 ελαῦεν,
1515 4749 1600 4802 ἴνα
1616 4764 1760 4820 παρ-

197 4829 294 4902 ἐχῃ
331 4833 408 4901 τῷ
434 4834 506 4902 μὴ
535 4833 730 4902 ἔχοντι.

273 5031 294 5062 ι
345 5014 666 5084 Ἀγαπητοί,
706 5016 778 5085 μὴ
829 5014 1098 5080 ξενίζεσθε
1139 5019 1205 5087 τῇ
1250 5019 1308 5070 tv
1337 5019 1464 5087 ὑμῖν
1498 5020 1760 5091 πυρώσει,

196 5105 334 5172 προς
376 5108 682 5174 πειρασμὸν
716 5108 1124 5179 ὑμῐνγενομένῃ
1144 5108 1304 5180 [vulg.
1332 5109 1489 5183 γιν.],
1518 5113 1592 5175 ὡς
1611 5113 1761 5176 ξένου

195 5195 329 5262 ὑμῖν
361 5196 775 5262 συμϐαίνοντος·
809 5198 943 5250 ἀλλά
971 5198 1104 5250 καθὸ
1133 5199 1295 5270 [υιιίθ.
1337 5200 1543 5273 καθὼς]
1571 5219 1763 5256 κοινω-

193 5287 336 5336 νεῖτε
369 5288 482 5346 τοῖς
531 5286 622 5339 τοῦ
683 5289 887 5356 Κυρίου
919 5290 1229 5358 παθήμασι,
1266 5292 1520 5362 χαίρετε·
1553 5294 1638 5345 ἵνα
1668 5293 1762 5346 καὶ

191 5377 250 5428 ἐν
274 5379 342 5445 τῇ
365 5378 706 5446 ἀποκαλύψει
740 5381 838 5448 τῆς
875 5380 1033 5450 δόξης-
1060 5382 1224 5434 αὑτοῦ
1259 5383 1464 5454 χαρῆτε
1488 5385 1758 5448 ἀγαλλιώ-

196 5485 370 5535 μενοι.
423 5487 440 5518 ι
496 5469 652 5522 υῦτω
697 5471 1087 5541 διαταξάμενος
1140 5475 1268 5542 περὶ
1317 5474 1427 5528 τῶν
1479 5479 1760 5546 προσεχῶς

191 5558 522 5628 εἰρημένων,
549 5562 668 5613 ἐπεί
691 5579 842 5625 τινας
876 5565 1020 5634 ἑώρα
1059 5565 1144 5617 διὰ
1171 5567 1267 5629 τὰς
1294 5567 1633 5636 ἐπαγομένας
1660 5571 1755 5620 αὖ·

190 5651 304 5711 τοῖς
334 5650 542 5719 θλίψεις
567 5654 1105 5724 σκανδαλιζομένους,
1145 5655 1236 5708 ita
1281 5657 1338 5708 tv
1362 5658 1438 5726 τῷ
1463 5658 1612 5729 νόμῳ
1643 5662 1752 5723 τοῖς

269 5826 313 5857 ⁸⁸
352 5825 494 5880 Ρείιι.
549 5843 702 5894 cam,
770 5829 850 5883 l7.
920 5831 961 5861 θ’
996 5829 1152 5884 Rom.
1185 5847 1302 5896 xm,
1336 5832 1416 5886 l0.

1946 3749 2114 3806 Vens.
2147 3750 2338 3814 l0,ll.
2377 3768 2398 3800 ι
2446 3749 2851 3819 Unusquisque,
2905 3748 3048 3802 sicut
3087 3744 3299 3814 accepit
3327 3758 3447 3812 gra-

1869 3843 2020 3905 tiam,
2049 3843 2100 3896 in
2120 3841 2440 3896 alterutrum
2476 3840 2618 3894 illam
2653 3837 3117 3896 administrantes.
3139 3837 3281 3890 sicut
3321 3833 3447 3886 boni

1877 3934 2294 4004 dispensatores
2345 3933 2696 3987 multiformis
2730 3931 2917 3999 gratiae
2950 3929 3066 3983 Dei.
3104 3927 3161 3980 Si
3200 3927 3325 3996 quis
3369 3925 3448 3977 lo-

1880 4025 2092 4092 quitur,
2120 4023 2272 4091 quasi
2305 4037 2589 4077 sermones
2615 4021 2704 4075 Dei
2733 4039 2745 4075 :
2781 4022 2823 4075 si
2850 4021 2972 4088 quis
3001 4017 3296 4078 ministrat,
3328 4024 3443 4069 ι;ιιι⁴

1877 4129 2040 4180 quam
2092 4129 2153 4168 ex
2193 4115 2414 4172 virtute.
2474 4128 2635 4182 quam
2692 4110 3038 4164 administrat
3078 4108 3218 4160 Deus
3248 4126 3262 4160 :
3294 4115 3351 4159 ιιι
3395 4109 3447 4158 in

1877 4203 2132 4257 omnibus
2170 4203 2560 4256 honorificctur
2601 4201 2760 4263 Deus,
2784 4215 2877 4269 per
2908 4198 3091 4252 Jesum
3119 4197 3393 4251 Christum
3431 4213 3443 4247 :

1877 4295 1959 4347 cui
2002 4304 2086 4348 est
2134 4294 2302 4364 gloria
2331 4303 2383 4348 et
2413 4295 2698 4361 imperium
2751 4294 2805 4345 in
2853 4291 3049 4345 saecula
3097 4290 3443 4344 surculorum.

1877 4385 2070 4440 Amen.
2111 4403 2130 4436 ι
2165 4385 2295 4438 Nam
2327 4400 2448 4453 qua:
2484 4385 2537 4436 in
2593 4390 2781 4438 nostra
2817 4389 3084 4450 potestate
3134 4379 3444 4433 omnimodas

1872 4487 2020 4541 sunt,
2052 4491 2112 4528 ea
2144 4492 2249 4529 non
2298 4475 2479 4528 faccre
2511 4488 2738 4527 sutmme
2765 4472 3046 4537 injustitim
3088 4475 3302 4538 Species
3324 4477 3439 4530 ,est.

1868 4566 1984 4620 Non
2015 4548 2161 4620 enim
2210 4567 2245 4620 ii
2286 4577 2498 4619 tantum
2533 4566 2625 4634 qui
2661 4566 2924 4634 pecunias
2983 4563 3282 4630 possident,
3343 4561 3438 4613 sed

1866 4660 2188 4729 quicunque
2240 4658 2477 4712 naturali
2511 4658 2696 4726 aliquo
2724 4657 2870 4708 dono
2909 4657 3246 4722 prmcellunt,
3305 4651 3434 4705 illud

1863 4760 1987 4806 Cum
2017 4765 2121 4802 non
2151 4749 2381 4802 habente
2415 4749 2820 4802 communicare
2849 4746 3047 4799 debent
3069 4761 3241 4813 :quan
3267 4745 3444 4806 ὀιιιιί-

1795 4814 1838 4868 D
1870 4841 1991 4895 dem
2023 4842 2185 4894 etiam
2218 4841 2355 4909 ipse,
2393 4855 2516 4894 cum
2548 4855 2652 4892 non
2694 4839 2938 4902 haberet,
2981 4838 3195 4906 accepit
3253 4838 3441 4906 utique

1872 4940 1928 4986 ut
1953 4932 2324 5002 indigentibus
2354 4932 2728 4985 distribueret.

1941 5021 2105 5076 νειιε.
2149 5022 2235 5088 12,
2273 5023 2361 5076 l5.
2409 5043 2427 5073 ι
2455 5022 2796 5086 Charissimi,
2834 5021 2997 5075 nolite
3028 5020 3358 5090 peregrinari
3383 5021 3435 5073 in

1871 5114 2097 5174 fervore.
2127 5115 2220 5182 qui
2267 5114 2338 5168 ad
2371 5115 2727 5168 tentationcm
2771 5113 2924 5166 vobis
2981 5113 3072 5174 sit,
3118 5113 3273 5181 quasi
3313 5113 3433 5164 novi

1873 5205 2073 5276 aliquid
2103 5205 2256 5259 vobis
2278 5206 2575 5272 contingat.
2613 5205 2719 5259 Sed
2743 5206 3205 5258 ronunuuieantcs
3229 5201 3432 5255 Christi

1871 5295 2238 5363 passionibus,
2271 5297 2523 5364 gaudete,
2583 5305 2644 5349 ut
2688 5304 2742 5348 et
2772 5296 2825 5347 in
2861 5294 3192 5347 revelatione
3244 5292 3428 5361 gloriae

1868 5389 1984 5453 ejus
2017 5387 2295 5456 gaudeatis
2323 5389 2684 5441 exsultantes.
2723 5405 2741 5436 ι
2771 5386 2904 5438 Cum
2945 5386 3016 5436 ita
3055 5385 3196 5437 circa
3234 5400 3429 5450 praece-

1866 5479 2047 5532 dentia
2086 5479 2477 5542 constituisset,
2501 5478 2756 5548 quoniam
2785 5477 3163 5545 perspiciebat,
3200 5475 3404 5538 nonnnl

1866 5570 1931 5622 lis
1963 5568 2287 5622 oll'endiculo
2313 5585 2433 5624 esse
2465 5586 2580 5632 eas,
2613 5586 2748 5639 quas
2779 5571 3141 5639 patiebantur,
3173 5567 3427 5621 alllimio-

1861 5675 1980 5725 nes,
2009 5674 2072 5715 co
2095 5662 2392 5730 praesertim
2413 5662 2555 5732 quod
2581 5663 2630 5716 in
2661 5663 2774 5732 lege
2795 5663 2881 5726 iis,
2902 5661 2990 5730 qui
3015 5661 3118 5714 Deo
3145 5659 3416 5722 serviunt,
