4162 6442
702 414 835 476 1243

698 538 956 595 prospera
988 536 1050 574 ac
1088 521 1477 588 imperturbata
1510 529 1617 573 vita
1655 523 2007 589 promittatur

700 618 1115 688 supcriiis,cum
1142 615 1313 667 servis
1343 624 1606 683 pra-cepta
1634 616 2074 680 darvl,ejnsunndi
2101 616 2269 666 hutni-

702 726 799 765 nes
843 709 1075 763 breviter
1106 707 1423 760 consolatus
1456 714 1621 768 esset,
1657 708 2008 761 nihilominus
2031 714 2172 760 nunc
2205 708 2271 760 ad

699 801 951 857 eumdem
994 798 1154 851 ﬁnem
1190 798 1395 851 fusiore
1447 798 1620 851 utitur
1650 815 1925 861 sermone,
1962 800 2215 867 inquii-us
2254 821 2266 855 :

708 913 724 944 ι
765 893 1083 946 Cliarissimi
1114 911 1131 942 ι
1172 893 1299 959 (qua
1331 891 1743 960 compellatione
1768 893 1947 945 statim
1976 892 2269 961 signiﬁcat,

702 985 813 1037 luce
850 984 956 1037 illis
1019 1000 1125 1035 non
1192 993 1451 1050 tauquam
1494 983 1621 1036 odio
1658 985 1875 1044 habitis,
1934 986 2027 1037 sed
2094 986 2273 1053 potius

696 1075 840 1128 Velut
880 1077 1117 1137 impense
1148 1075 1367 1129 dilectis
1413 1092 1515 1128 usu
1575 1074 1802 1140 venire).
1853 1092 1871 1123 ι
1918 1072 2092 1139 Nolite
2123 1091 2274 1143 perc-

699 1162 920 1229 griuari,
958 1180 973 1209 ι
1006 1161 1107 1212 hoc
1130 1170 1232 1223 est,
1271 1178 1337 1215 ne
1361 1161 1650 1215 miremini.
1693 1160 1915 1218 Deinde.
1950 1162 2093 1229 quod
2122 1180 2138 1211 ι
2176 1179 2273 1214 tex-

701 1251 1053 1319 ploratiuncm
1077 1266 1170 1318 per
1206 1251 1381 1318 igllt‘lll
1411 1270 1427 1300 ι
1453 1252 1685 1318 appellat
1717 1250 2054 1312 allliclioucs,
2086 1264 2273 1318 aper:c

705 1343 931 1407 indicat,
961 1359 1054 1396 cas
1088 1346 1219 1411 ipsis
1270 1345 1482 1395 nonnisi
1511 1345 1574 1396 ad
1622 1359 1807 1397 eorum
1868 1344 2270 1411 probationem,

700 1450 794 1487 seu
840 1433 1181 1502 periclitandi
1208 1450 1302 1487 eos
1347 1450 1529 1491 causa.
1564 1451 1591 1487 a
1628 1436 1737 1487 Deo
1789 1436 2027 1488 immitti.
2066 1436 2271 1502 Hujus-

701 1524 846 1576 modi
897 1530 1076 1576 autetn
1133 1523 1563 1591 experimentum
1623 1540 1747 1577 cum
1783 1525 1987 1592 dequo
2037 1525 2301 1592 Capitur,~

702 1631 808 1667 nou
843 1632 1003 1670 secus
1029 1632 1091 1669 ac
1125 1617 1265 1683 ignis
1298 1631 1516 1677 aurum,
1557 1619 1636 1669 vel
1670 1625 1973 1684 argentum,
2001 1601 2274 1680 probatis-

699 1706 896 1757 simum
940 1722 1001 1758 ac
1071 1720 1281 1758 summe
1327 1708 1701 1760 mstimabilem
1739 1707 1932 1760 reddit.
1981 1706 2272 1776 Subjuugit

698 1813 847 1869 veto,
882 1797 1026 1865 quod
1058 1798 1305 1851 omnium
1348 1800 1724 1852 beatissimuu‘t
1769 1808 1875 1860 est,
1915 1815 2129 1866 nempe,
2168 1813 2266 1852 eos

698 1890 791 1958 qui
828 1891 927 1943 ista
965 1892 1364 1958 perpetiuntur,
1400 1890 1710 1943 conformes
1756 1891 1869 1944 ﬁeri
1901 1890 2121 1944 Christo
2157 1892 2261 1943 Do-
2300 1873 2342 1931 Β

700 1981 849 2032 mino
875 1989 927 2033 et
984 1982 1239 2049 Magistro
1267 1999 1280 2033 :
1313 1988 1580 2050 adeoque,
1614 1981 1659 2035 si
1692 1998 1837 2035 nunc
1872 1998 1996 2035 cum
2029 1983 2147 2051 ipso
2176 1997 2265 2033 va-

1636 415 1735 472 Tll
1750 415 2205 472 EOl‘llYLACTl
2250 417 2341 473 BU
2357 416 2439 473 Ι.ιῖ
2455 419 2490 472 .\
2506 416 2652 473 ΜΕ
2698 417 2895 475 ΛίὶΟΗ
2911 419 2924 473 l
2940 417 3046 475 ΕΡ.

3799 414 3934 475 1244

2062 541 2073 577 ;
2124 522 2253 573 licet
2292 529 2330 580 Α
2362 522 2673 575 δουλεύουσι
2706 523 2784 593 τῷ
2818 524 3009 592 Κύρῳ
3048 523 3384 590 ἐπαγγελίαν
3433 522 3789 594 ἀνενοχλὴτου
3829 528 3954 595 βίου

2373 604 2665 682 κειμένη-ι’
2716 614 2807 666 καὶ
2850 614 2960 666 ἄνω
3010 614 3119 681 μὲν
3166 614 3255 666 διὰ
3307 614 3577 683 βραχέων,
3627 617 3788 681 ἡνίκα
3837 622 3953 680 τοῖς

2371 704 2575 765 δούλοις
2633 705 2979 772 ἐνομοθέτει,
3024 703 3121 772 τὴν
3172 703 3302 773 περὶ
3354 704 3549 755 τούτου
3598 706 3955 775 παράκλησιν

2372 796 2685 862 ἐποιήσατο,
2705 795 2799 847 νῦν
2830 795 2886 847 δὲ
2914 794 3347 865 διεξοδικώτερον
3369 795 3447 861 τῷ
3488 795 3631 865 λόγῳ
3664 797 3953 867 κέχρηται,

2373 884 2467 936 καί
2494 901 2659 952 φησιν
2684 902 2696 915 ’
2735 904 2751 935 ι
2799 885 3130 955 Ἀγαπητοί·
3163 903 3181 936 ι
3230 886 3391 948 εὐθὺς
3430 886 3516 938 διὰ
3560 886 3653 938 τοῦ
3684 888 3952 956 ὀνόματος

2377 976 2675 1045 σημαίνων,
2740 977 2815 1040 ὡς
2865 978 2927 1029 οὐ
2978 978 3347 1045 μισουμέναις,
3381 977 3497 1029 ἀλλ’
3531 978 3610 1041 ὡς
3644 979 3784 1045 ἄγαν
3809 981 3952 1047 ἀγα-

2375 1067 2647 1136 πωμένοις
2678 1067 2852 1119 ταῦτα
2884 1069 3219 1137 συμϐαίνει.‹
3251 1070 3343 1139 Μὴ
3370 1070 3640 1134 ξενίζεσθε
3671 1089 3691 1119 ο
3720 1070 3801 1133 δὲ,
3830 1072 3955 1124 ἀντὶ

2374 1161 2490 1220 τοῦ,
2522 1159 2598 1228 μὴ
2632 1158 2968 1229 θαυμάζετε.
3004 1156 3139 1212 Εἶτα
3190 1159 3283 1213 καὶ
3317 1180 3334 1211 ι
3365 1160 3612 1227 πύρωσιν
3645 1181 3663 1212 ι
3700 1162 3801 1224 τὰς
3842 1161 3957 1213 θλί-

2372 1254 2493 1318 ψεις
2530 1251 2739 1317 εἰπὼν,
2781 1253 3074 1322 ἐνέφηνεν,
3126 1251 3203 1314 ὼς
3266 1252 3354 1304 διὰ
3400 1252 3723 1321 δοκιμασίαν
3769 1255 3956 1313 αὐτοῖς

2374 1336 2538 1399 αὗται
2573 1345 2886 1410 ἐπάγονται.
2920 1367 2939 1394 ι
2987 1344 3052 1396 Ἡ
3086 1344 3143 1396 δὲ
3172 1344 3461 1414 δοκιμασία
3488 1344 3955 1412 περισπούδαστον

2372 1435 2433 1487 τὸ
2463 1434 2893 1503 δοκιμαζόμενον
2938 1434 3215 1500 ἀποτελεῖ,
3255 1436 3331 1498 ὡς
3367 1438 3461 1489 καὶ
3500 1439 3592 1490 τὸν
3628 1438 3828 1507 χρυσὸν
3860 1438 3955 1490 καὶ

2374 1527 2632 1597 ἄργυρον.
2666 1527 2915 1589 ,Τούτοις
2989 1528 3047 1579 δὲ
3109 1528 3170 1579 τὸ
3224 1528 3642 1600 μακαριώτερον
3691 1530 3953 1583 ἁπάντων

2375 1619 2696 1686 ἐπενέγκας,
2751 1621 2813 1672 τὸ
2866 1618 2994 1680 τοὺς
3038 1620 3209 1673 ταῦτα
3264 1622 3593 1690 πάσχοντας,
3634 1623 3958 1690 ἐναμίλλους

2374 1707 2516 1764 εἶναι
2578 1712 2801 1783 Χριστῷ
2855 1712 2934 1782 τῷ
2974 1712 3307 1783 διδασκάλῳ,
3345 1714 3440 1766 καὶ
3491 1717 3608 1782 μετ’
3637 1714 3801 1766 αὑτοῦ
3832 1715 3960 1775 τοὺς

2374 1799 2467 1852 νῦν
2524 1802 2907 1871 ἡτιμωμένους
2944 1842 2957 1864 ,
3021 1803 3105 1853 ἵνα
3153 1804 3247 1855 καὶ
3328 1804 3757 1866 συνδοξασθὼσιν
3811 1803 3961 1871 αὐτῷ

2372 1892 2512 1945 κατὰ
2539 1893 2630 1945 τὸν
2656 1892 2919 1962 μέλλοντα
2942 1894 3142 1958 αἰῶνα,
3199 1893 3261 1946 τὸ
3296 1896 3403 1948 πᾶν
3440 1897 3499 1948 ἐν
3537 1895 3748 1958 τούτοις
3793 1912 3963 1946 κατα-

2374 1984 2537 2036 παύει
2567 1983 2661 2036 τοῦ
2696 1984 2922 2037 σκοποῦ.
2968 2002 2985 2034 ι

700 2076 799 2130 riis
825 2077 1806 2147 ciliciunturignominiis,postea,iu
1839 2077 2022 2133 futuro
2040 2080 2262 2142 saaculo,
2305 2093 2427 2132 cum
2469 2081 2587 2148 ipso
2622 2096 2843 2149 quoque
2910 2079 3299 2150 gloritieandus
3354 2095 3496 2134 esse.
3567 2080 3692 2133 llzec
3743 2095 3963 2133 summa

701 2167 987 2221 verborum
1027 2166 1279 2233 apostoli.

772 2260 938 2313 Vens.
978 2259 1153 2318 HAS.
1195 2277 1213 2309 ι
1252 2259 1306 2312 Si
1339 2261 1751 2329 exprobramini
1783 2263 1834 2315 in
1868 2262 2087 2315 nomine
2111 2261 2271 2314 Chri-

702 2349 794 2411 sti,
822 2348 958 2401 beati
986 2349 1142 2401 eritis
1175 2368 1189 2402 :
1224 2350 1478 2417 quoniam
1504 2353 1648 2420 quod
1676 2362 1759 2407 est
1791 2352 2034 2416 honoris,
2062 2354 2269 2420 glori-.c,

703 2449 757 2495 ct
785 2440 1006 2494 virtutis
1048 2439 1162 2502 Dei,
1193 2453 1245 2493 et
1285 2442 1375 2508 qui
1406 2451 1489 2495 est
1530 2442 1651 2509 ejus
1684 2440 1944 2511 Spiritus,
1975 2460 2138 2511 super
2174 2460 2268 2498 vos

704 2533 1059 2601 resquicscet.
1128 2550 1147 2582 ›
1209 2533 1474 2597 Quoniam
1538 2534 1837 2588 Christiani
1895 2536 2270 2603 appellatnini.

709 2643 727 2675 ι
767 2625 869 2677 Per
901 2626 1025 2677 illos
1056 2624 1272 2693 quidem
1325 2625 1769 2693 blasphematur;
1824 2626 1989 2696 378
2025 2643 2118 2694 per
2176 2644 2272 2681 vus

705 2726 886 2770 autem
960 2716 1314 2785 gloriﬁcatur.
1390 2717 1557 2771 Nemo
1615 2726 1795 2772 autem
1874 2730 2114 2772 vestrum
2182 2736 2275 2789 pa-

702 2810 891 2868 tiatur,
924 2817 979 2859 ut
1011 2808 1301 2870 homicida,
1339 2819 1431 2861 aut
1461 2810 1567 2873 l’ur,
1603 2818 1697 2863 aut
1732 2812 2050 2866 maledicus.
2083 2830 2101 2861 ι
2134 2811 2278 2866 Sub-

707 2896 1036 2951 audieudum
1072 2898 1187 2965 qui,
1220 2907 1347 2951 ante
1368 2914 1429 2952 ea
1469 2900 1655 2961 verba,
1693 2918 1712 2950 ι
1748 2899 1849 2953 Per
1878 2901 2005 2955 illos
2058 2902 2276 2970 quidem

708 2985 1150 3056 blasphematur.
1195 3007 1212 3038 ι
1256 2988 1461 3057 Nempe
1513 2989 1753 3058 Spiritus
1782 3000 2010 3045 sanctus
2044 3006 2143 3059 per
2178 2992 2276 3044 iiu-

707 3081 824 3148 pios
856 3082 1072 3149 quidem
1109 3081 1412 3133 maledictis
1436 3083 1703 3145 allicitur,
1744 3100 1763 3132 ι
1815 3098 1909 3150 per
1961 3098 2056 3135 vos
2094 3090 2275 3135 autem

708 3170 1077 3225 collaudatur.
1122 3187 1141 3220 ι
1180 3169 1503 3234 Quomodo?
1536 3171 1698 3235 Quia,
1735 3187 1859 3224 cum
1887 3172 1964 3224 illi
1997 3187 2092 3225 vos
2142 3172 2276 3225 false

705 3267 993 3323 au‘llSCIIl,
1030 3261 1110 3314 eis
1138 3262 1359 3329 quidem
1390 3262 1715 3330 ignominia,
1746 3263 1902 3317 vobis
1932 3274 2116 3317 autem
2160 3265 2279 3332 glo-
2306 3290 2348 3347 α

708 3349 790 3402 ria
824 3348 1139 3403 aﬂ'uudiltrr.

780 3439 943 3495 Vsus.
981 3438 1176 3500 15.16.
1206 3460 1223 3491 ι
1257 3438 1349 3494 Vel
1371 3449 1427 3493 ut
1454 3442 1751 3495 alienorum
1778 3443 2068 3515 appetitor.
2099 3442 2153 3495 Si
2181 3457 2280 3496 aa-

710 3540 819 3584 tem
842 3541 897 3584 ut
922 3532 1286 3593 Christianus,
1309 3548 1413 3587 non
1439 3534 1724 3588 erubescat
1761 3553 1775 3587 :
1806 3535 2072 3604 gloriﬁcet
2098 3543 2279 3589 autem

710 3622 881 3676 Deum
920 3624 973 3676 iu
1031 3625 1135 3678 isto
1176 3626 1415 3678 nomine.
1456 3644 1474 3676 ι
1509 3626 1828 3680 Alienorum
1880 3630 2151 3696 appetitor
2189 3628 2277 3681 hic

708 3715 934 3775 dicitur,
977 3717 1067 3784 qui
1103 3717 1279 3770 aliena
1331 3717 1602 3771 curiosius
1665 3717 1907 3786 indagat,
1970 3728 2030 3771 ut
2079 3718 2284 3771 calum-

710 3804 900 3858 niandi
930 3807 1274 3860 occasionem
1325 3806 1521 3859 habeat
1555 3824 1570 3859 :
1603 3808 1745 3875 quod
1795 3821 1877 3861 est
1909 3808 2149 3874 scelesti,
2178 3807 2282 3861 do-

715 3893 817 3945 losi
858 3900 909 3945 et
937 3892 1000 3945 ad
1037 3908 1196 3947 omne
1242 3895 1439 3947 malum
1473 3896 1771 3963 comparati
1805 3895 1997 3949 animi.

782 3980 948 4037 Vens.
984 3983 1175 4047 17,18.
1220 4001 1236 4033 t
1278 3984 1543 4048 Quoniam
1586 3995 1797 4054 tempus
1827 3995 1934 4050 est,
1968 3995 2024 4037 ut
2060 3986 2283 4054 incipiat

706 4075 973 4145 judicium
1003 4090 1030 4128 a
1072 4077 1231 4129 domo
1280 4077 1391 4129 Dei.
1436 4078 1490 4129 Si
1522 4087 1702 4131 autem
1746 4078 1980 4146 primum
2013 4094 2041 4130 a
2075 4079 2232 4132 nobis
2263 4117 2278 4143 ,

713 4167 805 4235 qui
844 4166 965 4220 linis
998 4182 1212 4230 eorum,
1251 4169 1340 4235 qui
1398 4184 1503 4221 non
1536 4172 1768 4221 credunt
1835 4169 1923 4222 Dei
1959 4169 2276 4238 Erangclio.

715 4260 780 4312 Et
810 4260 855 4312 si
878 4260 1061 4325 jUstus
1088 4258 1176 4311 vix
1214 4260 1531 4323 salvabitur,
1567 4260 1763 4328 impius
1797 4267 1853 4314 ct
1890 4270 2146 4328 peccator
2183 4259 2273 4311 tibi

713 4354 978 4420 parebunt
1017 4350 1039 4402 ?
1083 4370 1204 4401 i—t
1232 4350 1503 4404 Judicium
1544 4370 1564 4402 ι
1596 4352 1682 4404 hic
1705 4367 1810 4404 non
1841 4350 2226 4404 condemnatio
2258 4350 2280 4401 ?

716 4456 859 4503 nem,
917 4439 1009 4494 sed
1066 4440 1465 4495 tliscussiouem
1521 4449 1574 4494 ct
1622 4442 2023 4508 indagatiuucm
2099 4450 2275 4492 vocat.

716 4535 907 4588 Terret
936 4543 1116 4587 autem
1165 4549 1281 4595 eos,
1310 4542 1369 4586 ut
1404 4550 1433 4587 a
1466 4544 1704 4601 torpore,
1760 4534 1812 4585 in
1848 4548 1955 4601 quo
2006 4532 2278 4594 vivebant,

2458 2276 2475 2307 ι
2516 2256 2575 2309 Εἰ
2604 2255 2931 2319 ὀνειδίζεσθε
2978 2256 3036 2307 ὲν
3086 2254 3317 2325 ὀνόματι
3350 2256 3611 2325 Χριστοῦ,
3662 2258 3961 2327 μακὲριοι⁸

2380 2349 2541 2401 ὅτιτὸ
2561 2348 2657 2412 τῆς
2691 2347 2848 2414 δόξης
2878 2347 2974 2399 καὶ
3008 2348 3069 2398 τὸ
3113 2346 3204 2398 τοῦ
3235 2347 3369 2399 Θεοῦ
3423 2348 3648 2417 Πνεῦμα
3683 2351 3768 2416 ἐφ’
3817 2351 3966 2419 ὑμᾶς

2380 2440 2739 2494 ἀναπαύεται.
2779 2457 2796 2488 ι
2840 2440 2925 2489 Ἐν
2954 2438 3032 2505 τῷ
3063 2440 3381 2506 Χριστιανοὶ
3414 2438 3718 2491 καλεῖσθαι.
3751 2459 3770 2489 ι
3805 2442 3968 2494 Κατᾶ

2385 2533 2484 2601 μὲν
2512 2531 2709 2593 αὐτοὺς
2738 2530 3161 2599 βλασφημεῖται,
3202 2531 3342 2583 κατά
3378 2530 3434 2582 δὲ
3474 2530 3616 2598 ὑμᾶς
3656 2530 3964 2595 δοξάζεται.

2379 2625 2470 2693 Μὴ
2497 2624 2602 2692 γάρ
2656 2640 2738 2684 τις
2776 2623 2927 2690 ὑμῶν
2973 2622 3230 2692 πασχέτω
3258 2621 3333 2684 ὡς
3380 2624 3596 2691 φονεὺς,
3632 2622 3666 2692 ἦ
3697 2622 3964 2692 λοίδορος,

2382 2714 2415 2782 ἢ
2446 2713 2705 2780 κλέπτης,
2730 2712 2762 2780 ἢ
2785 2712 3127 2774 κακοποιὸς.»
3150 2714 3673 2783 Προσυπακουστέον
3697 2714 3778 2776 τὸ,
3801 2714 3966 2782 ὅπερ,

2387 2824 2408 2856 ι
2449 2808 2583 2859 Κατ’
2648 2807 2844 2868 αὐτοὺς
2914 2806 3012 2874 μὲν
3076 2806 3499 2875 βλασφημεῖται,
3542 2824 3560 2856 ι
3604 2806 3664 2857 τὸ
3708 2805 3801 2857 τοῦ
3825 2803 3965 2857 Θεοῦ

2384 2899 2626 2969 δηλονότι
2658 2899 2905 2967 Πνεῦμα,
2938 2899 3077 2951 κατὰ
3122 2899 3222 2967 μὲν
3270 2900 3399 2959 τοὺς
3446 2900 3682 2962 ἀσεϐεῖς,
3719 2898 3968 2967 βλασφη-

2386 2992 2589 3058 μεῖται,
2623 3008 2641 3041 ι
2674 2990 2817 3042 κατᾶ
2839 2989 2895 3042 δὲ
2921 2990 3065 3058 ὑμᾶς
3099 2990 3405 3052 δοξάζεται.
3447 3009 3465 3039 ι
3499 2990 3655 3054 Πῶς;
3686 2988 3962 3056 Ὀτιψευ-

2382 3080 2489 3141 δῶς
2515 3079 2668 3148 ὑμῶν
2690 3080 3141 3149 κατηγορούντων
3161 3080 3362 3135 αὐτῶν.
3382 3081 3611 3142 ἐκείνοις
3631 3080 3731 3147 μὲν
3790 3095 3961 3131 κατα-

2382 3174 2559 3241 χεῖται
2590 3172 2845 3242 αίσχύνη,
2871 3173 3005 3242 ὑμῖν
3040 3172 3098 3224 δὲ
3131 3172 3278 3236 δόξα.

2455 3458 2474 3491 ι
2513 3438 2584 3492 Ἢ
2608 3438 2683 3501 ὡς
2727 3436 3299 3507 ἀλλοτριοεπίσκοπος.
3334 3437 3395 3489 El
3429 3438 3484 3490 δὲ
3511 3438 3585 3501 ὡς
3613 3440 3966 3506 Χριστιανὸς,

2386 3531 2461 3601 μὴ
2490 3528 2827 3600 αἰσχυνέσθω
2850 3545 2863 3559 ο
2896 3528 3163 3593 δοξαζέτω
3200 3528 3257 3580 δὲ
3304 3528 3395 3581 τὸν
3431 3529 3565 3581 Θεὸν
3598 3530 3655 3581 ὲν
3693 3531 3773 3599 τῷ
3805 3531 3968 3599 μέρει

2382 3620 2576 3688 τούτῳ.
2622 3638 2641 3670 ι
2669 3649 2738 3659 —-
2769 3638 2787 3670 ι
2834 3618 3432 3687 ’Δλλοτριοεπίσκοπος,
3475 3638 3494 3671 ι
3531 3620 3558 3671 ὁ
3593 3621 3659 3671 τὰ
3706 3621 3965 3691 ἀλλότρια

2384 3712 2906 3783 περιεργαζόμενος,
2941 3711 3028 3764 ἵνα
3058 3710 3315 3781 ἀφορμὴν
3348 3711 3617 3780 λοιδορίας
3639 3712 3759 3783 ἔχῃ.
3794 3714 3969 3765 Τοῦτο

2380 3804 2438 3857 δὲ
2465 3805 2665 3873 μιαρᾶς
2691 3803 2784 3855 καὶ
2813 3803 3124 3872 κακούργου
3159 3801 3361 3870 ψυχῆς,
3387 3802 3481 3854 καὶ
3522 3802 3656 3871 πρὸς
3682 3804 3791 3855 πᾶν
3824 3804 3969 3855 ἑτοίο

2387 3912 2495 3964 μης
2520 3896 2689 3946 κακόν
2719 3897 2856 3947 ἐστι.

2458 4003 2478 4035 ι
2518 3987 2642 4036 ’Ότι
2670 3987 2697 4036 ὁ
2735 3984 2924 4053 καιρὸς
2952 3983 3046 4036 τοῦ
3083 3984 3352 4053 ἄρξασθαι
3399 3986 3460 4037 τὸ
3500 3987 3675 4056 κρῖμα
3726 3987 3835 4039 ἀπὸ
3872 3988 3965 4039 τοῦ

2382 4076 2531 4129 οἴκου
2557 4075 2650 4127 τοῦ
2696 4075 2853 4128 Θεοῦ.
2886 4077 2945 4126 Ei
2967 4074 3021 4127 δὲ
3056 4076 3273 4145 πρῶτον
3308 4078 3400 4143 ἀφ’
3427 4079 3601 4147 ὑμῶν,
3633 4078 3687 4130 τί
3716 4079 3779 4129 τὸ
3812 4078 3966 4140 τέλος

2381 4167 2489 4219 τῶν
2517 4165 2893 4218 ἀπειθούντων
2924 4166 3002 4235 τῷ
3039 4166 3134 4219 τοῦ
3160 4167 3297 4219 Θεοῦ
3329 4168 3676 4238 Εὐαγγελίῳ;
3716 4170 3824 4221 Καὶ
3855 4171 3902 4220 εί
3936 4172 3966 4221 ὁ

2382 4258 2589 4318 δίκαιος
2644 4256 2795 4324 μόλις
2849 4255 3101 4318 σώζεται,
3161 4259 3189 4309 ὁ
3224 4257 3426 4326 ἀσεὸὴς
3480 4260 3573 4311 καὶ
3640 4259 3967 4328 ἁμαρτωλὸς

2383 4352 2485 4404 ποῦ
2519 4354 2796 4419 φανεῖταις
2834 4369 2851 4401 ι
2884 4376 2956 4391 --
2990 4368 3008 4402 ι
3044 4352 3230 4421 Κρίμα
3271 4372 3287 4402 ι
3316 4352 3411 4403 νῦν
3435 4355 3494 4403 οὐ
3527 4353 3589 4404 τὸ
3613 4355 3959 4421 κατάκριμα,

2380 4443 2513 4495 ἀλλὰ
2551 4444 2649 4511 τὴν
2689 4444 2934 4507 ἐξέτασιν
2982 4444 3151 4509 λέγει,
3193 4445 3293 4511 τὴν
3336 4444 3593 4513 ἔρευναν.
3652 4447 3961 4514 Ἐμφοὸους

2382 4529 2438 4581 δὲ
2472 4530 2666 4588 αὐτοὺς
2718 4532 2882 4589 ποιεῖ.
2940 4530 3032 4583 τοῦ
3081 4530 3324 4601 ῥᾳθύμου
3373 4532 3487 4600 βίου
3526 4534 3724 4596 αὐτοὺς
3788 4538 3965 4587 ἀπαν-

712 4622 932 4676 οιρίιρι.
964 4619 1171 4673 Idcirco
1205 4619 1387 4674 subdit
1417 4637 1433 4674 :
1470 4638 1489 4672 ι
1535 4621 1589 4675 Si
1646 4621 1810 4689 igitur
1844 4621 2077 4689 primum
2110 4636 2138 4672 a
2169 4635 2269 4671 no-

2380 4620 2562 4674 ιστῶν.
2583 4620 2673 4672 Aio
2704 4621 2796 4674 καὶ
2826 4621 3077 4691 ἐπιφέρει
3098 4635 3112 4651 ⁸
3148 4623 3208 4675 Εἰ
3232 4618 3324 4676 οῦν
3360 4642 3379 4673 ι
3416 4623 3607 4693 πρώτη
3628 4625 3721 4693 ἀφ’
3749 4627 3904 4694 ὑμῶν
3940 4646 3960 4677 ι

715 4714 797 4767 bis
835 4731 852 4763 ι
889 4713 1159 4765 diseussio
1201 4712 1425 4780 incipiet
1463 4725 1679 4774 eorum,
1713 4726 1834 4780 quae
1886 4712 2128 4764 viventes
2160 4711 2277 4779 cgi-

716 4816 873 4864 inus;
911 4802 1124 4869 qualem
1160 4810 1413 4869 putamus
1449 4800 1690 4855 futurqu
1747 4817 1934 4854 eorum
1973 4800 2153 4861 linem,
2186 4802 2277 4869 qui

717 4908 822 4943 non
855 4891 1207 4944 crediderunt
1232 4892 1289 4943 ?(
1322 4892 1515 4960 incipit
1553 4900 1733 4945 autem
1758 4891 2021 4959 judicium
2055 4906 2084 4943 ιι
2111 4892 2275 4945 domo

719 4985 809 5036 Dei
836 5000 849 5036 :
878 5003 895 5033 ι
918 4998 1041 5036 nam
1064 4983 1358 5037 secundum
1376 4998 1628 5054 magnum
1664 4982 1939 5045 Basilium,
1964 4982 2285 5036 naturaliter

715 5090 900 5127 eorum
957 5075 1047 5142 qui
1127 5075 1284 5128 nobis
1343 5074 1750 5128 lluuiliarissimi
1815 5083 1981 5135 sunt,
2042 5074 2281 5127 oli'ensas

717 5163 994 5231 .e‘gerrinie
1026 5162 1272 5217 ferimus.
1297 5165 1544 5217 Omnium
1578 5179 1706 5217 vero
1736 5163 2145 5216 familiarissimi
2172 5162 2282 5216 Deo

719 5262 848 5304 sunt
891 5253 1094 5315 ﬁdeles,
1126 5255 1221 5321 qui
1255 5254 1474 5307 domum
1509 5257 1651 5323 ejus,
1700 5255 1803 5308 hoc
1832 5265 1939 5314 est,
1980 5254 2277 5307 Ecclesiam

719 5344 949 5411 replent.
977 5344 1338 5407 Quamobrem
1365 5347 1578 5400 dicebat
1623 5347 1932 5401 Salvator"o
1973 5365 1983 5397 :
2029 5345 2268 5398 Primum

721 5420 740 5484 ι
778 5429 933 5487 ιῖΐσειι
963 5434 1070 5497 his,
1094 5436 1241 5503 quia
1267 5436 1474 5489 dextris
1526 5437 1644 5504 ejus
1706 5447 1888 5490 erunt.
1926 5455 1943 5486 ι
2003 5435 2277 5490 Judicium

720 5539 847 5578 vero
880 5525 985 5590 hic,
1010 5540 1106 5579 seu
1132 5528 1551 5590 discussionem,
1577 5536 1733 5582 vocat
1774 5529 2120 5593 alliictioucs,
2158 5544 2279 5596 qua

722 5615 971 5670 lidclibus
1028 5618 1339 5673 inferuntur
1394 5621 1461 5675 ab
1495 5621 1675 5690 impiis
1712 5639 1722 5673 :
1760 5619 1904 5689 quod
1952 5630 2275 5674 eventuiun.

790 5790 838 5823 ὀ
868 5794 1055 5847 Matth.
1088 5809 1207 5865 xxv,
1248 5795 1333 5850 54,

2384 4711 2629 4773 ἐξέτασις
2654 4711 2760 4763 τῶν
2784 4710 3149 4781 βεϐιωμένων,
3171 4713 3224 4766 τί
3248 4713 3354 4784 χρὴ
3380 4714 3531 4775 τέλος
3561 4716 3804 4785 νομίζειν
3830 4716 3965 4786 [τῶν

2383 4800 2823 4871 ἀπειθησάντων]
2854 4819 2867 4866 ;
2906 4803 3166 4871 Ἀρχεται
3193 4803 3247 4855 δὲ
3282 4805 3496 4871 πρῶτον
3529 4805 3637 4857 ἀπὺ
3683 4805 3778 4856 τοῦ
3810 4807 3963 4857 οἴκου

2382 4890 2475 4942 τοῦ
2508 4889 2642 4941 Θεοῦ
2664 4905 2677 4919 ο
2716 4890 2857 4941 κατὰ
2887 4889 2995 4958 γὰρ
3034 4890 3128 4942 τὸν
3160 4890 3335 4959 μέγαν
3380 4892 3677 4956 Βασίλειον,
3716 4897 3963 4960 φυσικῶς

2384 4980 2495 5040 τοῖς
2525 4979 2876 5041 οἰκειοτάτοις
2897 4980 2930 5047 η
2942 4978 3058 5047 μῶν
3096 4980 3517 5049 χαλεπαίνομεν,
3544 4983 3673 5035 ὅταν
3697 4986 3776 5045 εἰς
3813 4987 3961 5051 ﬁgi;

2385 5071 2854 5139 ἐξαμαρτάνωσιν.
2886 5072 3220 5124 Οὶκειὸτατοι
3251 5073 3306 5125 δὲ
3355 5074 3496 5143 Θεῷ,
3521 5076 3620 5127 οὐκ
3654 5076 3881 5145 ἄλλοι,ἦ
3913 5078 3961 5129 οξ

2386 5164 2591 5223 πιστοὶ,
2625 5163 2675 5213 οἱ
2704 5162 3152 5231 συμπληροῦντες
3193 5165 3357 5217 αὑτοῦ
3387 5166 3479 5218 τὸν
3508 5164 3677 5231 οἷκον,
3700 5169 3820 5236 ἢτοι
3861 5169 3961 5236 τὴν

2396 5253 2743 5320 Ἐκκλησίαν.
2770 5253 2861 5304 Διὸ
2890 5254 2984 5306 καὶ
3010 5255 3036 5304 ὁ
3069 5254 3257 5324 Σωτὴρ
3320 5256 3474 5320 ἔλεγε
3496 5273 3510 5287 ·
3535 5258 3759 5325 Πρῶτον
3789 5278 3809 5308 ι
3848 5261 3965 5328 ἐρεῖ

2385 5347 2497 5407 τοῖς
2542 5346 2607 5396 ἐκ
2672 5344 2880 5407 δεξιῶν.
2930 5364 2948 5395 ›
3004 5373 3068 5387 -ι
3108 5364 3126 5396 ι
3182 5350 3372 5418 Κρῖμα
3408 5368 3426 5400 ι
3459 5349 3515 5400 δὲ
3558 5349 3815 5411 ἐνταῦθα,
3869 5351 3960 5400 τὸν

2388 5435 2646 5503 ὲτασμὸν,
2700 5436 2799 5498 τὰς
2851 5434 3061 5504 θλίψεις
3112 5437 3261 5504 λέγει
3289 5439 3385 5500 τὰς
3428 5439 3538 5491 ἀπὸ
3588 5442 3698 5493 τῶν
3744 5440 3960 5493 ἀσεϐῶν

2390 5526 2773 5596 ἐπενεχθείσας
2830 5529 2941 5589 τοῖς
2982 5530 3192 5591 πιστοῖς

2391 5618 2717 5690 κατήγγειλε
2756 5619 2849 5680 τὴν
2874 5619 3181 5689 ἐπαγωγὴν,

3282 5524 3354 5588 ὧν
3398 5532 3492 5582 καὶ
3521 5531 3551 5582 ὁ
3582 5531 3786 5601 Κύριος
3830 5552 3957 5601 προ-

3259 5619 3495 5691 ἰρηκώςο
3534 5640 3555 5676 ι
3605 5621 3960 5691 [lup-ﬁdamu-
