4162 6442
238 426 371 489 1245

1041 423 1442 483 EXPOSlTlO
1483 424 1563 484 IN
1601 425 1814 484 EPIST
1870 426 1889 481 ῐ
1928 425 1984 482 S.
2030 425 2369 484 PETRI.“
2398 426 2556 488 CAP.
2588 428 2650 486 V.

3333 424 3348 484 i
3361 424 3462 489 246

231 556 315 592 σιν
346 539 487 606 ὑμᾶς
519 538 595 598 είς
627 514 896 602 ουνέδρια,
934 550 949 584 ι
982 535 1071 585 καὶ
1099 533 1165 585 τὰ
1191 534 1332 600 ἑξῆς.
1362 530 1490 586 Εἶτα
1528 533 1601 597 ὡς
1626 550 1793 602 παρα-

1906 535 2150 602 pranlixit
2187 535 2467 597 Dominus,
2492 551 2614 589 cunt
2648 533 2929 603 discipulis
2959 532 3075 588 suis
3110 533 3185 585 ait
3217 552 3229 586 :
3271 554 3289 585 ι
3330 535 3464 589 Tra-

234 628 571 697 μυθούμενος
621 628 816 689 αὐτοὺς
864 626 1142 696 ἐπιφέρειο
1198 628 1259 678 Ei
1319 623 1410 680 οῦν
1452 627 1602 695 ὑμῶν
1626 627 1798 688 οὕτως

227 720 396 771 ὄντων
440 719 786 771 οἰκειοτάτων
840 717 988 786 αὐτῷ
1025 759 1038 782 ,
1087 719 1147 770 οὐ
1203 717 1460 786 φείδεται,
1514 718 1799 785 ἐννοήσατε

227 812 281 863 τί
310 811 462 871 τέλος
507 810 659 863 ἔσται
704 812 816 872 τοῖς
863 810 1112 862 ἀσεϐέσι·
1161 810 1255 863 καὶ
1291 809 1599 881 [πιστοῦται
1644 809 1800 862 τοῦτο

225 902 338 954 ἀπὸ
363 904 458 970 τῆς
510 899 794 973 Γραφῆς
833 921 850 953 ι
895 903 955 954 Et
986 902 1013 953 6
1052 901 1259 963 δίκαιος
1308 903 1460 971 μόλις
1498 902 1747 965 σώζεται,
1773 903 1801 954 6

226 995 433 1064 ἀσεϐὴς
464 995 558 1047 καὶ
587 994 909 1065 ἁμαρτωλὸς
938 994 1041 1046 ποῦ
1081 996 1328 1062 φανεῖται
1355 1011 1369 1056 ;
1406 1011 1423 1046 ι
1468 995 1718 1048 Τοιοῦτον
1743 995 1800 1047 δέ

224 1091 396 1151 ἐστιν,
426 1088 452 1140 ὃ
483 1088 631 1154 λέγει
656 1104 670 1118 ·
701 1088 762 1139 El
805 1089 833 1140 6
886 1086 1087 1150 δίκαιος
1138 1086 1289 1155 κόπῳ
1319 1082 1410 1138 καὶ
1469 1086 1651 1157 μόχθῳ
1700 1088 1800 1156 τῆς

226 1178 503 1247 σωτηρίας
542 1178 800 1247 τυγχάνει
858 1196 878 1230 ι
939 1172 1195 1247 (Βιαστὴ
1238 1179 1344 1245 γάρ
1414 1178 1562 1229 ἐστιν
1617 1180 1649 1246 ἡ
1700 1177 1797 1247 βα-

226 1272 402 1323 σιλεία
439 1272 547 1323 τῶν
570 1270 833 1340 οὐρανῶν,
870 1287 888 1321 ι
923 1272 1017 1323 καὶ
1055 1270 1141 1323 διά
1193 1269 1400 1323 πολλῶν
1446 1269 1675 1338 θλίψεων
1701 1272 1799 1322 αύ-

222 1364 324 1431 τῆς
348 1380 429 1425 τις
456 1363 761 1432 τυγχάνει),
795 1363 842 1414 ol
875 1362 1062 1415 ἄνετον
1108 1360 1221 1429 βίον
1258 1361 1353 1412 καὶ
1396 1361 1797 1424 ἀπολαυστικὸν

192 1454 450 1518 τζῶντες,
515 1455 682 1507 τίνων
738 1452 1055 1519 τεύξονται;
1108 1453 1266 1507 Κατά
1311 1453 1401 1505 τὸν
1453 1453 1710 1521 μέλλοντα
1741 1454 1797 1505 δὲ

194 1532 419 1608 Δαἰῶνα,
450 1544 511 1597 τὸ
543 1545 671 1614 περὶ
710 1543 819 1597 τῶν
854 1543 1065 1614 ἀσεϐῶν
1126 1543 1438 1596 ἀκουστέον.
1498 1543 1595 1611 Διά
1638 1542 1797 1595 τοῦτο

220 1602 503 1705 καῖἠμεῖς
545 1654 562 1685 ι
608 1602 1081 1706 πάσχοντεςὶκατά
1108 1635 1168 1687 τὸ
1211 1635 1422 1703 θέλημα
1452 1602 1544 1686 τοῦ
1570 1634 1723 1697 Θεοῦ,
1772 1650 1787 1687 t

224 1730 301 1799 μὴ
367 1729 720 1800 ρᾳθυμῶμεν,
776 1727 890 1782 ἀλλ’
926 1746 943 1779 ι
986 1726 1061 1789 ὡς
1145 1727 1321 1793 πιστῷ
1361 1726 1565 1796 Κτίστῃ
1618 1734 1796 1795 παρα-

220 1820 502 1889 τιθὼμεθα
541 1821 637 1881 τὰς
666 1819 843 1888 ψυχάς
872 1819 1027 1888 ἡμῶν
1053 1820 1109 1870 ὲν
1150 1818 1494 1889 ἀγαθοποιίᾳ.
1536 1837 1553 1869 ι

300 1930 320 1963 ι
349 1913 511 1963 Ὥστε
575 1912 670 1964 καὶ
719 1913 767 1963 οἱ
820 1911 1124 1979 πάσχοντες
1159 1912 1299 1963 κατὰ
1332 1911 1392 1962 τὸ
1449 1910 1658 1979 θέλημα
1694 1910 1789 1963 τοῦ

221 2004 360 2057 Θεοῦ
391 2007 465 2066 ὡς
495 2003 670 2071 πιστῷ
705 2002 913 2073 Κτίστῃ
954 2002 1442 2073 παρατιθέσθωσαν
1484 2002 1577 2063 τὰς
1619 2004 1796 2072 ψυχὰς

222 2096 405 2147 αὐτῶν
440 2097 497 2148 ὲν
528 2094 875 2159 ἀγαθοποιία.
914 2112 932 2146 ι
969 2125 1035 2135 --
1072 2112 1089 2145 ι
1126 2093 1347 2163 Θέλημα
1393 2094 1487 2147 τοῦ
1538 2094 1671 2146 Θεοῦ
1706 2113 1723 2146 ι
1761 2090 1793 2164 ἦ

222 2182 352 2257 [ὅτι]
397 2187 494 2239 οὐκ
545 2185 648 2249 ἔξω
695 2186 793 2253 τῆς
821 2184 915 2237 τοῦ
963 2184 1098 2236 Θεοῦ
1143 2185 1397 2254 προνοίας
1426 2186 1491 2237 τά
1553 2186 1793 2256 ἡμέτερα

220 2277 395 2350 πάθη,
418 2276 614 2345 δηλῶν,
642 2275 754 2326 ἀλλ’
790 2270 901 2327 οἷον
946 2275 1192 2343 δοκίμιον
1240 2275 1413 2327 ταῦτα
1447 2266 1537 2328 ύπ⁴
1590 2278 1793 2330 ἐκείνου

222 2372 357 2438 ἡμῖν
399 2368 799 2437 βραϐευόμενα,
858 2367 891 2435 ἢ
947 2367 1027 2418 ὅτι
1074 2366 1149 2427 ὡς
1186 2366 1323 2434 ὑπὲρ
1360 2366 1451 2419 τοῦ
1494 2367 1795 2436 θελήματος

221 2457 387 2511 αὐτοῦ
420 2456 739 2523 πάσχοντες,
771 2453 918 2524 αὐτῴ
953 2455 1371 2524 παραχωρῶμεν
1405 2457 1499 2508 καὶ
1520 2457 1616 2526 τὴν
1635 2458 1795 2510 ἔκϐα-

222 2565 329 2601 σιν.
366 2548 561 2608 Πιστὸς
592 2548 703 2614 γὰρ
762 2539 937 2607 οὗτος,
987 2545 1150 2597 οἱονεὶ
1196 2544 1455 2614 ἀψευδὴς,
1514 2548 1655 2598 κατὰ
1696 2546 1795 2608 τὰς

220 2632 552 2704 ἐπαγγελίας
587 2636 777 2699 αὐτοῦ,
820 2635 913 2688 καὶ
967 2634 1068 2687 οὐκ
1099 2650 1118 2685 ι
1193 2635 1346 2687 ὲάσει
1394 2636 1540 2702 ἡμᾶς
1596 2628 1795 2707 ὑπὲρὸ

219 2728 498 2795 δυνάμεθα
520 2727 900 2795 πειρασθῆναι.
940 2742 959 2777 ι
994 2725 1117 2787 Πῶς
1145 2727 1200 2779 δὲ
1241 2726 1321 2778 δεῖ
1351 2725 1468 2795 Θεῷ
1494 2728 1791 2794 παρατιθέ-

220 2838 311 2873 ναι
343 2818 570 2883 ἑαυτόν;
604 2834 623 2867 ι
675 2818 761 2869 Ἑν
796 2816 1149 2887 ἀγαθοποιίᾳ,
1175 2836 1193 2867 ι
1231 2816 1407 2887 Ῐφησί.
1433 2818 1572 2870 Τίδὲ
1592 2818 1792 2891 τοῦτο;]

221 2907 298 2958 Ίδ
338 2907 396 2958 ἐν
433 2905 903 2976 ταπεινοφροσύνῃ
937 2905 1249 2959 ἀνατιθέναι
1291 2909 1502 2974 ἑαυτὸν,
1538 2910 1612 2978 μὴ
1651 2910 1795 2979 μέγα

222 2995 311 3063 ἐφ’
356 2990 435 3057 οἷς
489 2995 687 3063 πάσχει
725 2986 829 3057 τιςν
860 2995 1094 3065 φρονῶν,
1135 2996 1249 3048 ἀλλ’
1285 2997 1393 3065 ὅσῳ
1434 2999 1602 3067 μείζω
1651 2998 1795 3052 δοκεῖ

220 3087 478 3156 πάσχειν,
518 3087 757 3155 τοσούτῳ
804 3089 1023 3157 ἀχρεῖον
1055 3084 1353 3157 λογιζέσθω
1376 3082 1589 3153 ἑαυτὸν,
1618 3091 1791 3158 λέγων

1904 626 2031 679 dent
2079 642 2175 680 vos
2226 629 2279 680 in
2325 628 2668 688 conciliis“,
2701 645 2718 677 ι
2758 635 2865 679 etc.
2911 626 3111 681 Deinde
3162 626 3325 679 veluti
3364 643 3459 680 eos

1900 720 2288 787 consolaturus
2340 720 2570 773 subdit:
2611 718 2669 773 Si
2730 717 2905 781 vobis,
2953 732 3267 787 quanquam
3326 717 3461 772 adeo

1900 783 2196 864 familiares
2223 811 2297 863 illi
2327 812 2479 873 estis,
2507 826 2614 863 non
2643 809 2849 879 parcit;
2885 809 3245 873 considerate,
3273 809 3464 878 ecquis

1901 902 2187 969 impiorum
2222 901 2435 955 futurus
2469 902 2538 955 sit
2593 902 2737 955 (luis.
2778 920 2796 952 ι
2846 899 2909 953 Et
2940 902 2986 953 si
3023 898 3206 966 justus
3236 902 3323 953 vix
3349 899 3463 954 sal-

1900 994 2130 1057 vabitur,
2156 994 2355 1063 impius
2400 1000 2452 1046 et
2475 1002 2723 1060 peccator
2744 992 2833 1045 ubi
2857 990 3162 1060 parebunt?
3191 1007 3210 1041 »
3242 989 3480 1059 Nempe,-

1901 1085 1945 1140 si
1976 1087 2157 1153 justus
2191 1086 2405 1140 nonnisi
2447 1085 2633 1139 labore
2662 1094 2715 1138 et
2745 1082 3014 1153 angustiis
3053 1083 3279 1136 salutem
3307 1098 3463 1136 suam

1898 1178 2249 1247 consequitur
2278 1178 2358 1246 (τ’
2388 1195 2406 1226 ι
2445 1175 2688 1246 Regnum
2720 1176 2860 1229 enim
2888 1176 3147 1230 caelorum
3181 1173 3288 1227 vim
3326 1174 3462 1243 pati-

1898 1274 2008 1329 tur,
2049 1285 2066 1317 ι
2136 1282 2228 1321 seu
2277 1268 2463 1320 multis
2517 1266 2900 1319 aﬂlictionibus
2934 1264 3338 1333 comparatur),
3366 1264 3461 1333 qui

1884 1359 2129 1412 .inertem
2195 1367 2248 1411 et
2296 1358 2673 1427 voluptuosam
2707 1359 2872 1411 vitam
2923 1358 3149 1422 ducunt,
3184 1372 3278 1411 seu
3311 1357 3462 1423 impii

1898 1450 2119 1518 quique,
2144 1449 2358 1523 quid‘in
2391 1448 2578 1501 futuro
2606 1449 2803 1503 saeculo
2857 1464 2958 1518 pro
3002 1447 3307 1502 malefactis
3347 1448 3462 1503 suis

1900 1540 2212 1609 recipient?
2246 1539 2590 1609 Quapropter
2632 1547 2686 1592 et
2722 1555 2842 1605 nos,
2892 1540 2985 1609 qui
3042 1539 3136 1595 Dei
3186 1540 3463 1594 voluntate

1898 1634 2123 1687 adversa
2159 1634 2417 1701 patimur,
2454 1632 2661 1687 inertiae
2694 1647 2794 1687 nos
2862 1639 3026 1702 atque
3077 1632 3298 1687 desidiae
3352 1648 3463 1686 non

1898 1729 2203 1791 tradamus,
2234 1727 2327 1781 sed
2362 1736 2505 1781 recte
2565 1727 2832 1791 faciendo,
2876 1726 2983 1781 Deo
3010 1734 3269 1795 tanquam
3321 1724 3461 1780 ﬁdeli

1900 1819 2178 1872 Conditori
2212 1818 2657 1873 commendemus
2697 1819 2906 1873 animas
2938 1827 3173 1873 nostras.

1968 1909 2128 1964 Vens.
2168 1909 2255 1965 l9.
2295 1929 2313 1961 ‹
2350 1902 2536 1978 Itaque
2557 1919 2609 1963 et
2639 1910 2688 1963 hi
2711 1911 2801 1979 qui
2829 1910 3127 1979 patiuntur,
3159 1910 3461 1964 secundum

1897 2001 2233 2055 voluntatem
2270 2002 2384 2063 Dei,
2418 2000 2555 2054 ﬁdeli
2580 2001 2823 2055 Creatori
2846 2002 3228 2054 commendent
3253 1999 3464 2054 animas

1898 2108 2026 2148 suas
2065 2094 2116 2146 in
2167 2093 2492 2148 benefactis.
2538 2109 2651 2143 ›-
2686 2111 2704 2143 ι
2751 2093 3064 2146 Secundum
3127 2092 3462 2144 voluntatem

1899 2185 2015 2248 Dei,
2056 2202 2074 2237 ι
2111 2183 2205 2249 ait,
2236 2185 2401 2237 velut
2442 2184 2700 2247 insinuet,
2761 2182 2987 2236 adversa
3048 2196 3168 2249 qua:
3205 2182 3459 2250 patimur,

1899 2292 2005 2329 non
2039 2278 2245 2345 absque
2282 2276 2373 2330 Dei
2430 2275 2766 2345 providentia
2802 2274 2956 2329 nobis
3008 2273 3288 2333 accidere,
3332 2274 3460 2339 quin

1897 2369 1966 2424 ab
2000 2371 2116 2438 ipso
2134 2368 2199 2421 ad
2231 2368 2403 2422 nostri
2434 2367 2859 2435 explorationem
2882 2374 2934 2420 et
2962 2365 3278 2419 exercitium
3301 2362 3464 2432 379

1897 2459 2157 2525 immitti;
2195 2458 2276 2513 vel
2308 2466 2366 2511 ut
2397 2456 2858 2525 quemadmodum
2891 2456 3010 2525 ejus
3046 2455 3325 2508 voluntate
3360 2469 3463 2507 nos

1897 2550 2156 2619 patimur,
2214 2551 2285 2602 ita
2323 2564 2543 2618 quoque
2598 2548 2702 2616 ipsi
2763 2547 3113 2601 aﬂlictionum
3153 2555 3461 2600 nostrarum

1896 2640 2102 2695 exitum
2150 2640 2543 2708 permittamus.
2579 2634 2779 2693 Fidelis
2825 2637 2968 2692 enim
3005 2645 3087 2690 est
3138 2637 3249 2699 ille,
3278 2644 3463 2704 utpote

1894 2731 2285 2786 veracissimus
2345 2732 2397 2784 in
2456 2728 2922 2799 promissionibus
2981 2744 2993 2780 :
3041 2728 3285 2793 adeoque
3352 2736 3461 2779 non

1900 2840 1919 2874 ι
1957 2823 2191 2890 patietur
2216 2836 2315 2875 nos
2347 2821 2545 2874 tentari
2574 2833 2738 2888 supra
2774 2820 2826 2874 id
2859 2818 3003 2888 quod
3030 2833 3317 2887 possumus
3343 2816 3409 2868 ".
3438 2834 3457 2867 ι

1894 2912 2181 2979 Quomodo
2210 2926 2340 2965 vero
2376 2920 2593 2981 oportet
2648 2913 2999 2979 semetipsum
3033 2906 3463 2962 commendare?

1899 3020 1917 3053 ι
1960 3004 2011 3056 lu
2037 3002 2355 3065 benefartis,
2397 3022 2416 3054 ι
2447 3004 2637 3072 inquit.
2668 2997 2808 3067 Quid
2848 3010 3024 3055 autem
3048 3010 3131 3054 est
3154 2999 3292 3053 hoc?
3323 2998 3457 3052 Cum

1895 3095 2197 3148 humilitate
2242 3110 2301 3150 se
2331 3093 2437 3148 Deo
2469 3094 2831 3157 committere,
2865 3107 2931 3146 ne
2982 3092 3107 3160 quis
3143 3098 3363 3160 propter
3394 3106 3455 3145 ea

221 3179 360 3246 πρὸς
392 3178 591 3247 Κύριον
615 3194 628 3207 ⁸
660 3196 678 3228 ι
712 3178 928 3241 Δίκαιος
966 3176 1015 3231 ei
1066 3180 1159 3232 ἐπὶ
1212 3182 1398 3244 πᾶσιν,
1424 3176 1504 3244 οἷς
1534 3183 1793 3252 ἐποίησας

1895 3196 2015 3254 qua:
2046 3188 2271 3254 patitur,
2314 3187 2423 3240 alte
2449 3186 2514 3238 de
2538 3201 2597 3240 se
2631 3186 2805 3254 sapiat
2844 3204 2858 3239 :
2906 3184 2999 3239 sed
3082 3199 3195 3250 quo
3252 3182 3459 3250 majora

220 3272 354 3339 ἡμῖν
441 3287 461 3321 ι
514 3299 580 3307 -
622 3287 640 3318 ι
692 3268 917 3338 Ἀσεδὴς
984 3287 1002 3319 ι
1063 3268 1120 3321 δὲ
1177 3270 1273 3324 καὶ
1332 3289 1350 3321 ι
1407 3272 1727 3340 ἁμαρτωλὸς
1765 3292 1784 3327 ι

218 3356 439 3435 [ταύτῃ]
478 3362 845 3431 διαφέρουσιν.
883 3380 901 3413 ι
949 3361 1174 3429 Ἀσεόὴς
1208 3381 1224 3412 ι
1257 3363 1385 3432 γὰρ,
1416 3367 1443 3416 ὁ
1473 3363 1576 3428 ἔξω
1616 3366 1788 3435 πάντη

218 3453 386 3505 Θεοῦ·
425 3471 443 3503 ι
474 3453 792 3521 ἁμαρτωλὸς
832 3469 849 3501 ι
919 3452 996 3516 δὲ,
1063 3453 1090 3505 6
1124 3451 1224 3520 τῆς
1277 3454 1356 3516 είς
1389 3454 1522 3506 Θεὸν
1556 3455 1789 3515 πίστεως

217 3544 593 3613 ἀντεχόμενος,
625 3542 980 3610 καταψρονῶν
1034 3543 1089 3594 δὲ
1149 3545 1275 3605 τοὺς
1334 3545 1531 3614 νόμους
1601 3545 1788 3600 αὐτοῦ.

213 3629 450 3682 Δύναται
482 3629 537 3680 δὲ
568 3630 595 3679 ὀ
627 3628 786 3689 αὐτὸς
818 3630 910 3680 καί
939 3629 1136 3699 ἀσεϐὴς
1161 3633 1256 3683 καὶ
1275 3632 1593 3703 ἁμαρτωλὸς
1627 3629 1787 3687 εἶναι.

226 3721 287 3773 ὐ
319 3721 427 3787 γάρ
458 3718 553 3786 τὴν
580 3719 809 3785 ἀνομίαν
850 3720 1212 3789 ἐργαζόμενος
1282 3722 1500 3785 πάντως
1539 3726 1630 3775 καὶ
1665 3725 1791 3776 ἀσε-

214 3811 321 3872 ϐεῖ,
358 3808 432 3879 μὴ
483 3810 572 3861 τὸν
636 3809 769 3863 Θεὸν
822 3811 879 3862 ὲν
917 3810 994 3881 τῷ
1038 3813 1371 3883 ἁμαρτάνειν
1398 3810 1534 3867 εἶναι
1572 3815 1789 3883 λογιζό-

217 3918 398 3971 μενος.

1895 3277 2003 3347 pati
2036 3278 2267 3340 videtur,
2317 3292 2382 3330 eu
2409 3292 2467 3331 se
2497 3277 2667 3344 magis
2688 3276 2934 3329 inutilem
2965 3283 3019 3327 et
3074 3274 3140 3327 ad
3177 3273 3461 3340 quodcuns

1895 3383 1999 3435 que
2023 3367 2221 3419 boutnn
2251 3367 2490 3433 ineptum
2516 3372 2727 3434 reputet
2751 3366 3101 3433 ;dicaturque
3118 3363 3345 3417 Domino
3365 3359 3412 3395 "
3442 3381 3455 3416 :

1906 3476 1924 3509 ι
1959 3455 2150 3512 Justus
2186 3473 2267 3521 es,
2335 3457 2584 3523 Domine,
2638 3458 2691 3511 in
2727 3457 2979 3512 omnibus
2998 3472 3117 3525 qtae
3160 3455 3331 3509 fecisti
3364 3470 3457 3508 no—

1895 3546 2025 3602 bis.
2094 3566 2111 3598 ι
2174 3547 2436 3601 Diﬂerunt
2488 3557 2669 3602 autem
2720 3548 2789 3602 ab
2846 3549 3076 3602 invicem
3130 3547 3328 3615 impius
3396 3563 3459 3599 ae

1899 3645 2175 3706 peccator.
2210 3639 2411 3708 Impius
2434 3641 2577 3694 enim
2602 3646 2704 3702 est,
2738 3639 2829 3708 qui
2855 3640 3077 3690 cumino
3105 3637 3270 3691 Deum
3296 3637 3462 3689 alme-

1895 3737 2004 3797 gat.
2041 3729 2302 3782 Peccator
2334 3746 2482 3794 vero,
2514 3731 2603 3799 qui
2634 3740 2837 3783 retenta
2866 3730 2967 3783 title
3002 3731 3053 3783 in
3088 3730 3278 3793 Deum,
3307 3742 3459 3779 tuan.

1896 3819 2021 3870 data
2073 3818 2194 3886 ejus
2245 3821 2568 3875 contemnit.
2602 3818 2786 3874 Potest
2846 3827 3031 3873 autem
3072 3819 3213 3872 idem
3249 3832 3370 3870 esse
3406 3828 3461 3870 et

1892 3911 2091 3979 impius
2118 3919 2172 3965 et
2217 3919 2474 3978 peccator
2506 3912 2635 3982 :qui
2667 3913 2809 3966 enim
2836 3913 3020 3980 iniqua
3048 3918 3326 3980 operatur,
3357 3912 3459 3960 nti-

212 4011 319 4065 que
342 3995 505 4048 etiam
538 3995 699 4064 impie
725 3997 833 4066 agit
868 4013 881 4050 :
912 3997 1185 4067 siquidem
1231 4013 1355 4054 cum
1396 4009 1607 4070 peccat,
1686 4002 1911 4073 perinde
1959 4019 2019 4059 se
2110 4005 2295 4072 habet,
2348 4020 2412 4059 ac
2464 4006 2509 4060 si
2569 4005 2737 4061 Deum
2818 4007 3024 4060 nullum
3099 4020 3220 4060 esse
3265 4000 3456 4057 existi-

214 4098 406 4142 uiaret.

798 4178 1046 4232 ΚΕΦΑΔ.
1091 4178 1163 4232 E'.

290 4285 309 4318 ι
349 4254 759 4336 Πρεσὸυτέρους
786 4268 911 4329 τοὺς
958 4270 1016 4320 ἐν
1051 4268 1177 4337 ὑμῖν
1206 4273 1507 4341 παρακαλῶ
1565 4276 1593 4327 6
1648 4293 1784 4345 συμ-

211 4359 582 4429 πρεσϐύτερος
626 4360 719 4411 καὶ
754 4359 962 4427 μάρτυς
987 4359 1093 4411 τῶν
1126 4362 1219 4413 τοῦ
1251 4363 1490 4432 Χριστοῦ
1522 4366 1783 4437 παθημά-

207 4469 337 4514 των,
358 4452 385 4503 6
414 4451 505 4502 καὶ
531 4452 626 4518 τῆς
660 4449 960 4519 μελλούσης
977 4452 1454 4507 ἀποκαλύπτεσθαι
1484 4456 1639 4526 δόξης
1669 4477 1783 4511 κοι-

205 4542 395 4603 νωνὸς.
434 4541 741 4611 Ποιμάνατε
765 4542 825 4593 τὸ
860 4543 917 4593 ὲν
949 4543 1078 4613 ὑμῖν
1113 4546 1361 4613 ποίμνιον
1394 4548 1487 4600 τοῦ
1522 4550 1780 4619 Χριστοῦ,

2506 4185 2735 4242 CAPUT
2764 4185 2826 4242 Υ.

1962 4272 2125 4332 Vsus.
2157 4278 2271 4332 1-5.
2320 4296 2338 4329 σ
2391 4276 2645 4332 Seniores
2699 4292 2847 4345 ergo,
2881 4278 2970 4345 qui
3027 4277 3080 4331 in
3121 4278 3273 4331 vobis
3306 4286 3451 4337 sunt,

1892 4371 2142 4433 obsecro,
2181 4371 2473 4425 consenior
2546 4380 2600 4425 et
2647 4371 2806 4426 testis
2859 4370 3062 4424 Christi
3096 4371 3448 4438 passionum:

1889 4462 1980 4530 qui
2010 4472 2062 4514 et
2096 4461 2236 4529 ejus,
2285 4477 2411 4530 qua)
2454 4462 2505 4515 in
2542 4460 2724 4515 futuro
2782 4461 3074 4515 revelanda
3116 4470 3220 4523 est,
3274 4460 3455 4528 gloria:

1888 4554 2338 4606 communicator.
2378 4550 2591 4607 Pascite
2640 4552 2731 4620 (μή
2782 4553 2834 4605 in
2887 4553 3043 4605 vobis
3093 4561 3196 4615 est,
3236 4567 3450 4619 gregem

205 4630 633 4693 ἐπισκοποῦντες
668 4632 741 4701 μὴ
782 4634 1157 4700 ἀναγκαστῶς,
1201 4635 1335 4690 ἀλλά
1366 4638 1625 4704 ἑκουσίοις
1649 4644 1785 4695 κατά

1894 4646 2003 4710 Dei,
2043 4646 2389 4714 providentes
2422 4662 2529 4698 non
2563 4653 2773 4708 coaete,
2810 4645 2903 4699 sed
2939 4655 3236 4712 spontanee
3254 4659 3452 4696 secun-

198 4724 338 4775 Θεὸν
373 4737 388 4752 ⁸
420 4723 555 4791 μηδὲ
612 4726 1036 4795 αἰσχροκερδῶς,
1073 4727 1208 4780 ἀλλά
1258 4730 1552 4799 προθύμως
1582 4750 1595 4764 ο
1650 4736 1786 4803 μηδὲ

201 4817 276 4878 ὡς
307 4814 795 4883 κατακυριεύοντες
840 4815 947 4868 τῶν
972 4818 1208 4889 κλήρων,
1241 4819 1374 4873 ἀλλὰ
1431 4822 1588 4875 τύποι
1628 4827 1785 4891 γενόο

203 4923 361 4977 μενοι
390 4906 552 4975 [vult].
581 4924 691 4974 γιν.
724 4907 743 4978 j
776 4908 866 4959 τοῦ
885 4910 1133 4978 ποιμνίου
1162 4950 1176 4963 .
1218 4913 1324 4964 Καὶ
1383 4916 1782 4984 φανερωθέντος

200 4996 295 5049 τοῦ
347 4996 779 5066 Ἀρχιποίμενος,
814 5000 1091 5068 κομιεῖσθε
1120 5001 1209 5053 τὸν
1256 5002 1623 5071 ἀμαράντινον
1676 5007 1775 5074 τῆς

198 5085 361 5153 δόξης
392 5086 673 5153 στέφανον.
714 5087 942 5156 Ὁμοίως
972 5089 1028 5139 δὲ
1084 5090 1179 5141 καὶ
1234 5090 1394 5161 [vqu
1438 5110 1540 5147 om.
1573 5095 1629 5146 δὲ
1661 5096 1777 5166 καὶ]

199 5175 459 5244 νεώτεροι
489 5176 796 5244 ὑποτάγητε
823 5179 1230 5250 πρεσϐυτέροις.
1286 5199 1304 5233 ι
1343 5185 1477 5253 Περὶ
1534 5204 1551 5235 ι
1586 5204 1774 5239 ranas»

199 5267 537 5337 νοφροσύνης
567 5287 585 5317 ι
624 5271 983 5337 προκειμένου
1041 5272 1188 5341 αύτῷ
1220 5274 1512 5339 διαλαόεῖν,
1566 5278 1631 5348 ἢν
1683 5281 1773 5331 καὶ

198 5359 695 5429 πφανεκρούσατο,
724 5379 741 5410 ι
781 5363 837 5412 ὲν
863 5363 1211 5434 ἀγαθοποιίᾳ,
1257 5384 1274 5416 ι
1311 5368 1495 5419 εἰπών.
1568 5389 1583 5419 ι
1625 5371 1766 5439 Συμ-

199 5448 576 5519 πρεσὸύτερον
613 5468 630 5499 ι
667 5449 723 5502 δὲ
764 5450 953 5503 ἑαυτὸν
982 5453 1154 5517 καλεῖ,
1186 5454 1217 5523 ἦ
1246 5456 1333 5507 διά
1361 5457 1458 5526 τὴν
1484 5461 1715 5528 ἡλικίαν,
1741 5462 1771 5528 ἢ

198 5540 290 5591 διὰ
307 5539 401 5591 τοῦ
439 5540 737 5593 ἐπισκόπου
767 5541 861 5611 τὴν
892 5546 1075 5611 τιμήν.
1107 5545 1513 5617 Πρεσὸυτέρυυς
1547 5550 1650 5621 γὰρ
1684 5555 1775 5604 καὶ

197 5633 327 5696 τοὺς
367 5634 693 5699 ἐπισκόπους
722 5634 813 5687 καὶ
846 5636 877 5706 ὴ
905 5634 1011 5687 τῶν
1058 5636 1313 5706 Πράξεων
1371 5640 1549 5709 βίϐλος
1575 5648 1727 5695 καλεῖ
1755 5662 1767 5675 ·

297 5810 339 5843 ⁷³
398 5811 585 5871 Matth.
647 5835 699 5885 κ,
736 5820 824 5875 d7.
904 5821 1161 5878 7=llaltlt.
1201 5841 1272 5888 XI,
1320 5826 1402 5879 1‘2.

1485 5828 1527 5859 ⁷³
1561 5825 1728 5883 lCot'.
1767 5844 1813 5894 χ,
1847 5829 1923 5882 l3.

1890 4736 2017 4790 dum
2050 4737 2216 4790 Deum
2256 4755 2269 4790 :
2302 4752 2479 4802 neque
2513 4737 2684 4805 turpis
2704 4737 2853 4790 lucri
2887 4738 3085 4803 gratia,
3125 4735 3217 4789 sed
3253 4736 3416 4788 volun

1891 4829 2029 4881 tarie
2061 4846 2073 4881 :
2109 4843 2287 4896 neque
2337 4837 2394 4881 ut
2429 4828 2775 4881 dominantes
2825 4828 2879 4881 iu
2917 4828 3099 4889 cleris,
3147 4826 3239 4880 sed
3276 4830 3446 4879 torma

1890 4918 2013 4971 facti
2048 4919 2228 4988 gregis
2251 4934 2315 4971 ex
2350 4920 2552 4971 animo.
2598 4917 2809 4972 Etcum
2844 4920 3155 4987 apparuerit
3190 4918 3448 4986 Princeps

1889 5018 2188 5078 pastorum,
2216 5010 2527 5079 percipietis
2553 5010 3055 5064 immarcessibilem
3084 5010 3268 5079 gloria:
3292 5024 3440 5061 coro-

1886 5114 2031 5153 nam.
2057 5098 2321 5153 Similiter
2357 5100 2731 5154 adolescentes
2770 5100 2970 5154 subditi
3011 5110 3183 5154 estote
3212 5099 3444 5153 seniori-

1880 5190 2003 5242 bus.
2058 5208 2075 5241 ι
2120 5190 2253 5243 Cum
2294 5194 2633 5261 propositum
2687 5202 2832 5247 esset
2867 5192 3027 5246 Petro
3058 5193 3123 5246 de
3176 5210 3193 5242 ι
3230 5191 3440 5244 humili-

1878 5290 2005 5346 tate,
2046 5300 2062 5331 ι
2107 5298 2268 5348 quam
2303 5294 2459 5336 antea
2499 5286 2769 5353 tetigerat,
2794 5284 2982 5337 dicens
3023 5301 3035 5335 :
3070 5301 3088 5333 ι
3142 5281 3195 5335 in
3229 5281 3442 5335 benefa-

1878 5374 2001 5435 Clis,
2041 5392 2058 5423 ι
2103 5374 2412 5439 dissert-re;
2450 5390 2507 5428 se
2547 5394 2565 5425 ι
2614 5377 2987 5429 conseniorem
3047 5395 3063 5427 ι
3125 5386 3300 5440 vocat,
3362 5378 3439 5429 vel

1878 5474 2096 5533 propter
2119 5475 2352 5530 aetatem,
2389 5468 2466 5521 vel
2496 5476 2715 5535 prepter
2749 5469 3007 5521 honorem
3045 5468 3386 5536 (‘DiSt‘tLptlltlS
3425 5485 3441 5523 :

1883 5556 2322 5623 quandoquidem
2369 5568 2422 5610 et
2475 5558 2527 5611 in
2588 5559 2725 5611 libro
2780 5561 3012 5613 Actunm
3074 5561 3438 5626 apes-tolorum

1881 5646 2120 5715 episcopi
2149 5646 2406 5700 dicuntur
2438 5649 2763 5720 presbyteri,
2797 5650 2897 5702 hoc
2925 5660 3009 5703 cst
3045 5648 3308 5716 seniores,
3341 5665 3433 5703 seu

2006 5831 2197 5884 “iam.
2229 5833 2402 5897 ttt,‘.’.7
