4162 6442
178 398 313 464 1261

980 394 1388 456 EXPOSITIO
1430 394 1510 455 ΙΝ
1542 394 1776 453 EPIST.
1824 392 1881 451 ιι
1915 391 1978 453 S.
2025 391 2275 449 PETRI.
2319 416 2390 426 —
2426 392 2586 453 CAP.
2636 392 2677 451 Ι.

3325 390 3458 454 1262

173 514 353 583 τούτῳ
374 511 453 580 τῷ
478 507 822 579 σκηνώματι,
852 506 1143 576 διεγείρειν
1176 508 1319 575 ὑμᾶς
1345 507 1404 557 ὲν
1429 505 1755 573 ὑπομνήσει,
1792 535 1800 561 Α

1888 516 1999 564 rer,
2041 501 2282 570 quandiu
2336 516 2479 555 sum-
2511 505 2562 555 iu
2619 506 2723 559 hoc
2775 502 3152 566 tabernaculo,
3189 505 3459 559 suscitare

175 605 356 668 εἰδὼς,
392 605 483 655 ὅτι
516 599 712 669 ταχινή
754 599 903 650 ἐστιν
951 598 984 662 ὴ
1031 598 1292 659 ἀπόθεσις
1342 596 1435 648 τοῦ
1472 595 1761 663 σκηνώμα-

175 699 269 759 τός
311 712 437 765 μου,
471 692 654 754 καθὼς
680 690 774 743 καὶ
799 692 827 742 ὁ
856 690 1060 758 Κύριος
1092 689 1249 759 ἡμῶν
1289 687 1499 756 Ἰησοῦς
1529 688 1766 757 Χριστὸς

177 787 416 859 ἐδήλωσὲ
461 802 572 855 μοι.
618 802 636 834 ι
678 782 800 835 Ἵνα
831 783 907 850 μὴ
939 780 1132 846 δόξωσι
1165 780 1410 849 συνεχῶς
1445 780 1763 848 ἀναμιμνη-

180 882 439 949 σκόμενοι
495 877 626 947 περὶ
663 875 772 927 τῶν
829 872 1047 936 αὐτῶν,
1107 874 1183 935 ὼς
1232 874 1312 934 είς
1355 871 1561 940 ἀργίαν
1614 870 1767 929 ὄντες

179 975 628 1040 κατεγνωσμένοι
679 969 854 1022 ταῦτα
921 966 1222 1029 ἀκούουσι,
1280 966 1375 1018 καὶ
1430 962 1766 1033 λυπηθῶσιν,

177 1067 429 1137 ἐπήγαγε
468 1064 550 1128 τὸ,
587 1080 606 1114 ι
649 1061 869 1131 Καίπερ
939 1059 1149 1121 εἰδότας
1195 1059 1290 1111 καὶ
1333 1056 1765 1126 ἐστηριγμένους

176 1158 238 1209 ὲν
266 1159 331 1225 τῇ
373 1153 625 1223 παρούσῃ
666 1150 917 1220 ἀληθείᾳ.
959 1169 977 1201 ι
1015 1150 1208 1202 Αίτίαν
1255 1148 1311 1199 δὲ
1353 1147 1637 1208 ἀποδιδοὺς
1670 1146 1768 1214 τῆς

181 1247 447 1316 συνεχοῦς
496 1244 882 1314 ὑπομνήσεως,
937 1243 1182 1312 ἐπήγαγε
1225 1241 1306 1303 τὸ,
1367 1258 1384 1290 ι
1434 1239 1633 1290 εἰδέναι
1672 1255 1770 1289 τα-

180 1344 334 1410 χεῖαν
379 1358 396 1388 ι
425 1337 643 1389 ἔσεσθαι
675 1337 773 1408 τήν
810 1336 919 1387 ἀπὸ
962 1334 1058 1386 τοῦ
1091 1333 1341 1401 σώματος
1374 1329 1539 1385 αὑτοῦ
1577 1330 1769 1383 τούτου

182 1430 535 1498 ἀπαλλαγήν.

264 1629 283 1662 ι
322 1610 615 1663 Σπουδάσω
661 1607 718 1660 δὲ
754 1605 849 1658 καὶ
894 1604 1155 1657 ἑκάστοτε
1206 1601 1349 1669 ἔχειν
1398 1600 1541 1669 ὑμᾶς
1575 1600 1772 1662 ταῦτα,

186 1706 283 1755 καὶ
350 1703 489 1770 μετὰ
550 1700 648 1769 τὴν
712 1698 853 1767 ιμήν
932 1695 1114 1760 ἔξοδον
1179 1693 1277 1761 τήν
1354 1693 1560 1745 τούτων
1638 1694 1773 1761 μνή-

191 1814 303 1865 μην
339 1793 632 1848 ποιείσθαι.
670 1811 689 1842 ι
726 1792 896 1843 Τοῦτὸ
930 1806 1078 1853 τινες
1104 1791 1163 1841 ὲν
1203 1786 1497 1858 ὑπερϐατῷ
1543 1786 1770 1839 ἀκούον-

1868 610 1964 649 vos
1995 596 2047 648 in
2079 598 2532 661 connnonitione,
2581 605 2787 659 certus,
2842 596 2989 666 quod
3040 598 3193 651 velox
3234 605 3317 651 est
3363 598 3455 649 de—

1870 690 2069 758 positio
2100 691 2434 744 tabernaculi
2462 690 2588 753 mei,
2616 688 2916 743 secundum
2947 690 3091 758 quod
3115 698 3169 743 et
3196 688 3458 744 Dominus

1874 796 2059 837 noster
2082 782 2246 837 .lesns
2281 783 2538 837 Christus
2569 780 2900 850 signiﬁcavit
2938 782 3092 835 mihi.
3132 800 3149 832 ι
3184 778 3264 833 Ne
3299 789 3457 849 puta-

1871 884 2017 937 rent,
2052 890 2118 929 eo
2154 876 2297 944 quod
2323 876 2390 929 de
2417 875 2611 929 iisdem
2655 873 2823 927 rebus
2874 876 3189 941 frequenter
3216 888 3461 927 commo-

1874 976 2153 1031 nerentur,
2215 966 2446 1035 ignavias
2501 982 2560 1020 se
2610 965 3002 1025 condemnari,
3055 964 3287 1033 indeque
3346 965 3461 1019 haec

1874 1058 2159 1112 audientes
2185 1059 2669 1123 contristarentnr,
2720 1058 3000 1127 subjungil
3030 1076 3042 1110 :
3072 1074 3089 1106 ι
3137 1055 3200 1109 Ει
3238 1057 3459 1125 quidem

1874 1152 2132 1211 scientes,
2161 1159 2214 1204 et
2244 1150 2597 1203 conﬁrmatos
2638 1163 2735 1203 vos
2770 1149 2823 1200 in
2866 1148 3115 1216 praesenti
3148 1151 3394 1203 veritate.
3433 1166 3455 1200 ι

1876 1244 2109 1295 Causam
2162 1256 2295 1295 vero
2346 1242 2744 1310 explicaturos,
2800 1255 2900 1293 cur
2958 1240 3096 1294 adeo
3146 1240 3463 1311 frequenter

1876 1352 1970 1387 eos
2014 1332 2536 1395 commonefaceret,
2568 1333 2743 1395 addit,
2780 1345 2839 1386 se
2868 1348 2887 1381 ι
2929 1341 3140 1385 certum
3171 1347 3315 1393 esse,
3369 1348 3461 1386 ve-

1880 1432 2071 1492 locem,
2111 1448 2127 1476 ι
2170 1443 2265 1479 seu
2298 1441 2486 1496 prope,
2519 1441 2638 1479 esse
2667 1439 2823 1479 suam
2869 1442 2896 1477 a
2931 1440 3163 1493 corpore
3192 1426 3300 1479 isto
3328 1424 3464 1478 libe-

1880 1522 1979 1573 ιλιι
2007 1538 2167 1574 tntilli.

1953 1613 2115 1667 Vens.
2156 1612 2242 1666 15.
2277 1630 2293 1661 ι
2337 1609 2486 1664 Dabo
2526 1617 2710 1663 autem
2765 1624 2989 1679 operam
3050 1616 3107 1664 et
3139 1625 3356 1679 semper
3409 1617 3472 1663 et

1883 1705 2084 1772 ubique
2130 1703 2331 1756 habere
2358 1717 2455 1756 vos
2498 1710 2621 1771 post
2662 1702 2875 1756 obitum
2927 1717 3133 1765 meum,
3170 1712 3229 1756 ut
3267 1701 3464 1755 horum

1884 1796 2203 1851 memoriam
2255 1794 2484 1849 faciatis.
2525 1812 2543 1844 ι
2570 1794 2802 1859 Quidam
2850 1795 2939 1848 hic
2991 1796 3221 1863 ﬁguram
3263 1795 3465 1865 hyper-

186 1863 304 1954 τες,
336 1886 447 1942 οἷον
478 1888 559 1950 τὸ,
602 1905 619 1937 ι
664 1884 964 1938 Σπουδάσω
993 1886 1049 1938 δὲ
1091 1884 1186 1938 καὶ
1221 1878 1358 1954 μετὰ
1386 1883 1486 1953 τὴν
1524 1884 1662 1952 ἐμὴν
1688 1880 1773 1945 ἔξ-

1888 1893 2043 1944 baton
2096 1888 2277 1942 inesse
2325 1896 2603 1957 putantes,
2636 1895 2694 1940 ιιι
2721 1888 2948 1957 perinde
2988 1888 3061 1943 sit
3092 1903 3154 1941 ac
3205 1890 3254 1943 si
3286 1863 3465 1943 dixis-

188 1984 308 2034 οδον
335 1980 481 2050 ἔχειν
514 1979 658 2044 ὑμᾶς
689 1976 951 2029 ἑκάστοτε
994 1995 1010 2026 ι
1048 1975 1213 2046 (τοῦτ’
1243 1976 1381 2040 ἔστι,
1426 1974 1774 2044 καθεκάστην

190 2078 284 2129 καὶ
317 2072 605 2138 διηνεκῶς)
643 2089 661 2121 ‹
722 2070 820 2138 τὴν
876 2069 1082 2120 τούτων
1122 2068 1367 2137 μνήμην,
1413 2086 1432 2117 ι
1494 2066 1775 2134 βούλονται

189 2167 467 2237 παριστᾷν
493 2166 602 2217 ἀπὸ
624 2163 841 2221 τούτου,
876 2162 957 2213 ὅτι
990 2162 1084 2212 καὶ
1124 2168 1260 2227 μετα
1293 2160 1522 2211 θάνατον
1554 2159 1603 2209 oi
1630 2157 1776 2224 ἆγιοι

194 2262 502 2329 μέμνηνται
552 2256 659 2308 τῶν
709 2249 832 2314 ᾆδε.
887 2253 983 2306 καὶ
1031 2251 1430 2319 πρεσὸεύουσιν
1480 2249 1623 2320 ὑπὲρ
1668 2250 1776 2301 τῶν

194 2352 435 2415 ζσὲιντων,
456 2348 647 2417 ὥσπερ
676 2349 776 2399 οὐκ
806 2348 910 2411 ἔξω
953 2347 1191 2406 πίστεως
1223 2344 1487 2413 ἐναργοῦς
1524 2343 1586 2414 [Ῑ.
1613 2342 1776 2413 -γ;ῖ›;]

191 2441 469 2510 ὁσημέραι
511 2438 669 2491 τοῦτο
714 2438 1003 2505 γινόμενον
1041 2436 1317 2505 ὁρώντων,
1349 2436 1458 2488 τῶν
1488 2434 1780 2486 ἐπικαλουο

200 2534 382 2604 μένων
420 2531 519 2601 τὴν
545 2531 699 2583 θείαν
723 2528 906 2581 αὐτῶν
945 2527 1125 2597 χάριν.
1160 2528 1268 2578 Καὶ
1298 2525 1456 2579 τοῦτο
1487 2526 1584 2596 μὲν
1609 2524 1779 2588 οὓτως

195 2628 418 2679 ἐκεῖνοι.
460 2623 647 2675 Ἀλλοι
695 2621 754 2674 δὲ
785 2620 955 2682 οὕτως
1008 2620 1153 2687 ἔχειν
1180 2622 1309 2686 περὶ
1354 2617 1549 2669 τούτου
1593 2617 1781 2678 ἁπλῶς

200 2717 485 2789 βούλονται
527 2715 621 2766 τοῦ
670 2712 832 2782 ῥητοῦ
866 2714 960 2765 καὶ
989 2714 1153 2774 νοεῖν,
1190 2712 1371 2770 aura.
1413 2730 1430 2762 ι
1486 2710 1782 2763 Σπουδλσω

202 2810 343 2880 μετᾶ
372 2811 471 2876 τὴν
503 2808 643 2877 ἐμὴν
682 2805 864 2869 ἔξοδον
892 2804 1038 2874 ἔχειν
1069 2804 1212 2873 ὑμᾶς
1239 2804 1501 2857 ἑκάστοτε
1531 2807 1630 2874 τὴν
1661 2805 1784 2857 τού-

196 2920 310 2955 των
365 2904 607 2971 μνήμην,
666 2918 684 2950 ι
745 2899 909 2951 οἱονεὶ
959 2897 1047 2950 διὰ
1108 2898 1265 2951 τοῦτο
1315 2898 1606 2967 ἐνδελεχῶς
1655 2899 1783 2967 ὑμῖν

196 2993 492 3063 ὲπιείμεθα
646 2989 946 3061 ὲπικείμ.],
990 2990 1057 3043 τὰ
1111 2990 1251 3043 αὐτὰ
1304 2991 1431 3059 ὑμῖν
1470 2991 1782 3062 ἐπᾴδοντες,

196 3087 273 3150 ὡς
297 3086 364 3138 ἂν
398 3085 510 3148 ἕξιν
544 3085 670 3152 ὑμῖν
706 3083 1109 3151 ἐμποιήσαντες
1155 3081 1539 3152 περὶτούτων,
1575 3084 1691 3136 ἀλλ’
1722 3085 1783 3135 οὗ

1878 1991 1997 2035 set:
2038 2000 2056 2031 ι
2100 1979 2249 2033 Dabo
2291 1993 2514 2049 operam
2561 1979 2725 2033 etiam
2775 1988 2899 2050 post
2937 1979 3146 2033 obitum
3191 1995 3371 2035 meum
3406 1989 3466 2033 ιιι

1880 2076 2126 2130 habeatis
2159 2089 2256 2127 vos
2284 2087 2500 2140 semper
2543 2070 2670 2140 (hoc
2712 2079 2818 2135 est,
2848 2071 3096 2140 quotidie
3140 2080 3195 2126 et
3256 2072 3465 2127 indesi-

1881 2168 2095 2235 neuter)
2131 2166 2327 2219 horum
2361 2165 2721 2228 memoriam;
2767 2183 2785 2214 ι
2816 2180 2881 2219 ex
2936 2166 3037 2220 hoc
3091 2166 3469 2222 demonstrare

1884 2263 2156 2321 nituntur,
2186 2266 2408 2311 sam-tos
2433 2257 2598 2310 etiam
2644 2265 2766 2325 post
2796 2265 3025 2310 mortem
3063 2272 3244 2312 rerum
3279 2258 3468 2313 nmndi

1885 2348 2205 2404 memoriam
2268 2350 2525 2411 retinere,
2583 2362 2649 2401 ac
2714 2362 2812 2418 pro
2876 2348 3189 2403 viventibus
3249 2364 3463 2404 orare:

1884 2435 2345 2503 quemadmodum
2399 2450 2510 2488 non
2563 2434 2771 2504 absque
2819 2434 3026 2489 elﬁcaci
3078 2436 3183 2491 ﬁde
3226 2438 3471 2506 quotidie

1887 2530 2000 2580 ﬁeri
2066 2529 2168 2581 hoc
2227 2536 2462 2580 cermmt
2534 2527 2852 2596 quicunque
2917 2528 3160 2582 divinam
3226 2530 3468 2600 ipsorum

1884 2638 2041 2689 opem
2076 2623 2389 2688 implorant.
2452 2618 2544 2673 Sic
2582 2620 2798 2688 quidem
2842 2621 2944 2677 illi.
3004 2621 3111 2675 Alii
3139 2632 3323 2677 autem
3366 2624 3474 2679 hoc

1885 2714 2028 2767 Petri
2073 2711 2278 2766 dictum
2332 2711 2661 2780 simpliciter
2709 2712 2990 2780 accipiunt
3020 2724 3073 2768 et
3122 2714 3470 2785 intelligunt;

1887 2820 2082 2875 nempe
2111 2806 2184 2857 ita
2219 2821 2234 2858 :
2268 2823 2285 2853 ι
2332 2805 2479 2857 Dabo
2504 2818 2755 2874 Operam,
2788 2814 2847 2858 ut
2881 2814 3004 2875 post
3036 2806 3247 2861 obitum
3289 2823 3472 2863 meum

1890 2907 2207 2968 perpetuam
2243 2898 2491 2950 habeatis
2534 2898 2729 2950 horum
2766 2899 3114 2953 memoriam.
3160 2918 3179 2949 ι
3219 2898 3329 2954 Iloc
3364 2907 3473 2964 est,

1888 2992 2101 3047 ideirco
2133 2991 2357 3045 assidue
2413 3006 2514 3043 nos
2551 2991 2705 3045 vobis
2740 2991 2931 3046 eadem
2983 2992 3335 3059 relricamns,
3364 3010 3473 3048 non

1891 3093 1949 3137 ut
1984 3100 2079 3138 vos
2131 3082 2519 3137 inobedientize
2582 3092 2679 3136 aut
2728 3082 3087 3139 indocilitatis
3140 3087 3474 3141 condetnnc-

200 3180 550 3246 κατάγνωσιν
581 3174 845 3244 ἀωηκοῖας
868 3176 962 3227 καὶ
984 3174 1246 3239 ἀμαθίας,
1274 3175 1436 3245 ἔχητε
1460 3174 1538 3243 τῷ
1561 3179 1580 3225 ὲ
1594 3176 1784 3244 μμόνῳ

1897 3192 2040 3237 mus,
2115 3175 2209 3229 sed
2267 3185 2326 3228 ut
2374 3175 2602 3229 inducto
2652 3176 2871 3230 assidua
2918 3179 3235 3233 earumdem
3288 3195 3475 3234 rerum

200 3272 296 3323 καὶ
331 3268 720 3337 ἁμετακινήτῳ
765 3265 867 3334 τῆς
904 3263 1110 3317 τούτων
1140 3265 1484 3335 ἀντιλήψεως
1519 3267 1614 3318 καὶ
1645 3282 1781 3335 μετα

199 3366 302 3434 τὴν
340 3364 480 3432 ἐμὴν
504 3360 803 3414 ἀποὸἰωσιν
832 3359 1026 3428 βέϐαια
1051 3359 1148 3411 καὶ
1176 3359 1537 3422 ἀν;ξάλ;ιπτα
1564 3358 1632 3411 τὰ
1659 3360 1784 3428 περὶ

200 3448 409 3508 τούτων
436 3454 807 3521 δατάγματα.

280 3563 302 3597 ι
342 3546 417 3597 Οὐ
447 3547 554 3611 γὰρ
582 3545 995 3613 σεσοφισμένοις
1024 3543 1213 3611 μύθοις
1255 3544 1785 3615 ἐξακολουθήσαντες
1848 3572 1851 3575 -

200 3638 587 3707 ἐγνωρίσαμεν
638 3638 770 3705 ὑμῖν
818 3635 917 3703 τήν
967 3635 1060 3687 τοῦ
1119 3638 1325 3703 Κυρίου
1379 3638 1537 3706 ἡμῶν
1610 3638 1784 3707 Ἰησοῦ

202 3730 444 3802 Χριστοῦ
486 3731 719 3798 δύναμιν
749 3734 841 3780 καὶ
880 3729 1206 3797 παρουσὶιιν,
1242 3730 1355 3781 ἀλλ’
1394 3732 1629 3784 ἐπόπται
1657 3749 1783 3799 γεν-

201 3823 459 3892 νηθέντες
490 3819 637 3890 [vulg
688 3818 904 3887 γενηο.1
936 3816 1034 3884 τῆς
1061 3817 1272 3867 ἐκείνου
1309 3816 1781 3885 μεγαλειότητος.»

202 3912 393 3967 Εἰπὼν
426 3907 911 3979 περισπουδάστοις
960 3905 1103 3973 ἔχειν
1151 3902 1397 3974 [αὑτοῦςι
1433 3905 1668 3972 ὀφείλειν
1710 3907 1787 3967 εἰς

204 4004 275 4055 τὰ
299 4001 395 4054 ὑπ’
419 3999 587 4052 αὑτοῦ
614 3999 795 4059 αὐτοῖς
822 3996 1298 4061 εὐαγγελισθέντα,
1327 3996 1418 4047 καὶ
1445 4000 1571 4066 περὶ
1596 3996 1786 4048 τούτου

206 4096 379 4148 πολὺν
428 4093 754 4149 κατατείνας
805 4089 900 4138 τὸν
956 4088 1137 4153 λόγον,
1189 4088 1395 4155 καίπερ
1438 4086 1646 4148 εἰδότας
1696 4088 1789 4140 καὶ

205 4185 478 4254 διαφόρως
514 4182 842 4247 ἀκηκοότας,
896 4177 991 4229 νῦν
1030 4192 1215 4247 φησιν,
1262 4179 1342 4227 ἐτι
1391 4178 1466 4228 Οὐ
1504 4177 1680 4245 μάτην
1728 4178 1789 4229 τὸ

207 4278 341 4346 περὶ
386 4275 525 4326 αὑτὰ
576 4270 833 4337 ἐπιμελὲς
864 4268 1234 4336 ἐπιδείκνυμι,
1286 4266 1422 4320 ἀλλὰ
1466 4268 1525 4319 τὸ
1574 4270 1789 4338 καίριον

207 4364 390 4417 αὐτῶν
411 4360 797 4428 ἐπιστάμενος,
822 4359 1011 4410 τούτου
1031 4374 1097 4410 πε
1106 4358 1378 4426 ριέχομαι.
1402 4360 1508 4411 Καὶ
1530 4360 1580 4409 τί
1600 4359 1789 4422 τοῦτο;

208 4455 283 4506 Τὸ
310 4454 384 4522 μή
417 4452 577 4519 σοφίᾳ
606 4449 925 4519 ἀνθρωπίνῃ
948 4447 1257 4517 χρήσασθαι
1286 4450 1365 4509 ἑξς
1393 4449 1539 4517 ἡμᾶς
1573 4448 1633 4518 [ί.
1667 4447 1790 4519 ὑμ.]

1891 3267 2214 3337 repetitione
2254 3266 2464 3329 habitu,
2496 3282 2618 3337 quae
2649 3269 2805 3321 vobis
2841 3270 3083 3324 viventes
3130 3270 3475 3339 praescripsi-

1889 3375 2035 3421 mus,
2071 3358 2234 3413 etiam
2269 3365 2393 3426 post
2420 3359 2628 3412 obitum
2662 3368 2913 3414 nostrum
2958 3360 3188 3417 ﬁrmiter
3232 3373 3286 3417 et
3316 3364 3473 3417 inde-

1890 3455 2121 3510 lebiliter
2156 3455 2456 3509 retineatis.

1961 3545 2127 3601 Vens.
2168 3546 2255 3599 16.
2295 3566 2313 3597 ι
2361 3547 2479 3601 Non
2510 3547 2656 3601 enim
2687 3546 2879 3602 doctas
2926 3547 3139 3601 fabulas
3168 3547 3342 3601 secuti
3379 3561 3477 3601 no-

1891 3647 1997 3689 tam
2057 3636 2285 3690 fecimus
2330 3637 2482 3691 vobis
2537 3635 2751 3691 Domini
2798 3635 2928 3691 Jesu
2968 3636 3175 3692 Christi
3216 3639 3473 3692 virtutem

1889 3735 1945 3779 et
1972 3726 2347 3795 prmsentiam,
2418 3726 2511 3780 sed
2565 3729 2941 3797 speculatores
2991 3728 3116 3783 facti
3166 3728 3314 3783 illius
3354 3744 3477 3782 ma-

1891 3818 2213 3884 gnitudinis.
2258 3836 2277 3868 ι
2309 3818 2443 3873 Cum
2472 3818 2581 3873 illis
2630 3818 2884 3883 dixisset,
2920 3835 3118 3890 magno
3146 3835 3240 3876 eos
3268 3822 3472 3885 studio,

1891 3924 2012 3976 qua:
2042 3910 2175 3977 ipsis
2224 3910 2672 3973 annuntiaverat,
2705 3913 2966 3981 prosequi
3006 3913 3228 3979 debere,
3262 3911 3479 3969 fusius-

1892 4015 1997 4068 qne
2030 3999 2129 4054 hac
2155 4002 2222 4054 de
2253 4016 2309 4055 re
2357 4001 2756 4067 disseruisset;
2807 4018 2954 4058 nunc
2981 4004 3079 4070 ait,
3112 4018 3173 4058 se
3213 4020 3323 4060 non
3356 4004 3478 4060 sine

1890 4106 2057 4145 causa
2098 4092 2232 4149 adeo
2267 4092 2449 4147 dehis
2487 4107 2612 4148 esse
2656 4094 2978 4161 sollicitum,
3046 4096 3142 4151 sed
3184 4097 3391 4151 idcirco
3420 4098 3477 4151 in

1891 4183 1972 4236 eis
2002 4182 2211 4236 diutius
2256 4183 2487 4247 lnerere,
2514 4185 2661 4255 quod
2697 4185 3016 4239 eorumdem
3051 4185 3364 4241 ﬁrmitatem
3411 4202 3478 4241 ac

1893 4275 2276 4327 ecrtitudinem
2332 4288 2673 4344 perspectam
2725 4277 2952 4331 omnino
3002 4286 3059 4330 et
3134 4273 3474 4347 exploratam

1896 4366 2143 4420 haberet.
2177 4366 2315 4433 Quia
2351 4368 2583 4433 scilicet,
2616 4369 2819 4440 inquit,
2851 4386 2960 4425 non
2986 4371 3224 4425 humana
3253 4372 3476 4440 sapien-

1898 4460 1969 4513 tia
2001 4474 2129 4530 erga
2170 4474 2266 4512 vos
2306 4460 2416 4525 tisi,
2470 4474 2650 4529 neque
2702 4461 2937 4531 comptis
2992 4462 3346 4517 sermonibus
3386 4477 3481 4517 ve-

205 4550 303 4600 καὶ
379 4543 913 4611 κεκαλλωπισμένας
993 4541 1170 4604 λόγοις
1244 4540 1789 4608 καταγοητεύσαντας

1897 4560 2072 4604 strum
2105 4550 2479 4604 demulcentes
2521 4550 2789 4616 auditum,
2821 4569 2841 4601 ι
2889 4561 3073 4605 notam
3122 4553 3352 4606 fecimus
3387 4568 3483 4608 vo-

207 4638 364 4706 ὑμῶν
391 4635 489 4704 τήν
526 4634 718 4702 ἀκοὴν,
758 4650 775 4681 ι
813 4631 1080 4700 γνωρίσαι
1111 4631 1209 4699 τὴν
1254 4631 1349 4683 τοῦ
1398 4631 1603 4700 Κυρίου
1633 4631 1792 4683 δύνα-

213 4749 307 4800 μιν
338 4728 466 4795 ὑμῖν
496 4726 590 4777 καὶ
626 4723 954 4793 παρουσίαν,
998 4741 1017 4774 ι
1067 4722 1259 4792 ὥσπερ
1294 4724 1555 4785 Ἕλληνες
1581 4723 1674 4776 καὶ
1704 4726 1792 4775 αἱ-

212 4821 420 4892 ρετικοί
442 4837 455 4850 ·
490 4817 747 4885 Ἕλληνες
778 4816 896 4885 μὲν,
931 4816 1007 4885 τῷ
1040 4816 1226 4868 κάλλει
1252 4817 1345 4868 καὶ
1382 4819 1495 4878 τοῖς
1526 4817 1794 4887 ποιήμασι

208 4913 598 4983 προσέχοντες,
620 4909 1001 4974 ἐξαπατῶντες
1025 4923 1038 4936 ·
1092 4911 1358 4979 αἱρετικοὶ
1414 4908 1492 4970 δὲ,
1523 4912 1634 4972 τοῖς
1662 4911 1797 4963 πλά-

207 5022 437 5075 σμασιν.
475 5002 634 5063 Εἰκὸς
657 5001 765 5067 γὰρ
793 5000 989 5061 αὐτοὺς
1009 5001 1102 5052 καὶ
1122 5000 1222 5069 ήδη
1255 4999 1517 5069 ἄρχεσθαι
1551 5000 1795 5066 ὑποφυο-

210 5100 430 5166 μένους.
464 5093 630 5146 Οὐδὲν
657 5088 749 5145 οὖν
781 5090 1021 5144 τοιοῦτον
1051 5095 1333 5144 κατανοεῖν
1373 5093 1519 5144 ἐστιν
1547 5095 1603 5144 ἐν
1641 5093 1793 5162 ήμίνο

205 5188 345 5258 λιτῷ
379 5188 487 5255 γὰρ
539 5186 681 5254 λόγῳ
735 5185 1087 5253 πεποιήμεθα
1133 5183 1232 5253 τήν
1274 5184 1408 5253 πρὸς
1462 5184 1606 5253 ὑμᾶς
1650 5184 1794 5237 διδα.

207 5280 464 5339 σκαλίαν,
515 5277 543 5328 ὃ
593 5279 685 5328 καὶ
718 5275 929 5337 Παῦλος
963 5276 1101 5346 πρὸς
1134 5276 1453 5345 Κορινθίους
1500 5277 1654 5344 φησι,
1700 5280 1792 5326 καὶ

205 5376 356 5442 ειπερ
383 5372 443 5436 ἐξ
474 5370 735 5439 αὐτοψίας
782 5368 1023 5437 ἑσχημεν
1075 5366 1137 5439 [Ῑ.
1177 5366 1502 5439 ἐσχήκαμ..],
1540 5372 1585 5420 οἰ
1630 5370 1685 5419 ὲν
1717 5367 1792 5435 τῷ

206 5470 330 5539 (ipsi.
362 5463 441 5534 τῷ
481 5463 622 5531 ἁγίῳ
684 5461 1089 5523 συναναδᾱιντες
1118 5460 1289 5528 αὐτῷ.
1330 5460 1493 5528 Λέγει
1520 5461 1577 5513 δὲ
1607 5460 1705 5531 τήν
1736 5461 1791 5511 ὲν

205 5564 274 5629 τῇ
324 5553 751 5627 μεταμορρὼσει
793 5553 1099 5621 δειχθεῖσαν
1140 5554 1323 5615 αὐτοῖς
1355 5553 1459 5604 ὑπὸ
1493 5552 1589 5606 τοῦ
1618 5555 1791 5606 Μονο-

203 5649 401 5723 γενοῦς
444 5647 623 5713 δόξαν,
657 5647 750 5700 καὶ
779 5646 876 5717 τήν
909 5645 1093 5717 φωνήν
1132 5646 1199 5715 ἢν
1230 5647 1335 5698 ὑπὸ
1365 5645 1458 5699 τοῦ
1492 5646 1705 5710 [Ιατοδς
1736 5647 1793 5710 ἐξ

276 5809 302 5842 ⁸
331 5810 374 5865 ιι
399 5810 524 5866 (lor.
557 5827 614 5875 ιι,
657 5807 703 5861 4.

1899 4642 1985 4698 bis
2020 4641 2234 4695 Domini
2265 4640 2397 4695 Jesu
2430 4640 2638 4696 Christi
2674 4642 2933 4697 virtutem
2966 4652 3022 4697 et
3052 4646 3421 4712 praesentiam,
3457 4664 3476 4695 ι

1898 4734 2059 4789 sicuti
2086 4734 2320 4804 gentiles
2351 4746 2405 4788 ct
2438 4733 2677 4788 haeretici
2707 4732 2918 4789 faciunt
2953 4753 2966 4788 :
3001 4737 3073 4789 illi
3105 4737 3326 4806 quidem
3370 4752 3481 4792 ser-

1902 4829 2080 4883 monis
2134 4826 2405 4895 elegantia
2446 4834 2499 4879 et
2536 4837 2845 4895 poematum
2896 4840 3182 4883 venuState
3204 4829 3483 4885 auditores

1902 4936 2034 4976 suos
2068 4920 2427 4988 decipientes,
2494 4919 2546 4972 hi
2590 4935 2721 4975 vero
2760 4922 2925 4975 etiam
2963 4922 3280 4976 ﬁctionibus
3312 4926 3481 4990 (nam,

1907 5023 1965 5067 ut
1997 4997 2418 5076 verisimileest,
2463 5010 2576 5080 jam
2608 5014 2689 5067 vel
2717 5022 2847 5069 tunc
2877 5015 3191 5084 bujusmodi
3233 5017 3481 5071 homines

1903 5112 2183 5172 cmperant
2232 5103 2391 5171 oriri)
2439 5118 2452 5153 :
2507 5104 2681 5167 nihil,
2734 5102 2987 5173 inquam,
3044 5107 3239 5160 borum
3306 5114 3480 5175 potest

1901 5194 2069 5264 388
2099 5194 2151 5245 in
2190 5193 2350 5247 nobis
2382 5194 2672 5262 quisquam
2706 5194 3117 5264 deprehendere
3154 5212 3169 5251 :
3205 5196 3478 5266 siquidem

1905 5286 2093 5336 lnnnili
2126 5298 2190 5336 ac
2218 5283 2453 5353 simplici
2499 5300 2755 5339 sermone
2786 5287 2942 5340 vobis
2988 5297 3231 5342 nostram
3278 5304 3479 5356 propo-

1902 5375 2114 5427 suimus
2177 5375 2482 5429 doctrinam
2542 5375 2708 5446 (idem
2774 5377 2975 5431 Paulus
3035 5378 3102 5431 ad
3164 5378 3479 5433 Corinthios

1901 5466 2148 5520 scribens
2182 5466 2249 5521 de
2280 5482 2339 5521 se
2371 5475 2604 5521 testatur
2632 5468 2675 5538 ⁴ι)
2703 5485 2716 5521 :
2755 5470 2849 5524 sed
2888 5485 3009 5539 qua:
3042 5472 3157 5524 visu
3190 5483 3379 5527 nostro
3426 5473 3479 5525 in

1902 5570 2088 5613 monte
2111 5570 2304 5614 sancto
2328 5575 2452 5613 cum
2486 5560 2604 5630 ipso
2632 5563 2963 5618 exsistentes
2987 5564 3332 5633 percepimus
3374 5564 3480 5632 (le-

1901 5656 2088 5723 quitur
2118 5652 2185 5707 de
2214 5652 2384 5722 gloria
2419 5653 2698 5722 Unigeniti
2734 5655 2868 5724 ipsis
2899 5666 3120 5712 ostensa
3173 5656 3229 5711 in
3266 5655 3477 5711 transﬁ.
