4162 6442
206 388 341 455 1265

977 390 1298 453 EXPOSIT
1304 391 1382 452 10
1412 390 1489 451 IN
1532 390 1773 451 EI’IS’I‘.
1799 390 1858 449 ll
1900 391 1941 450 S
2003 394 2251 456 PETRI.
2276 420 2343 432 —
2374 398 2536 459 CAP.
2570 400 2652 460 II.

3334 396 3472 463 1266

204 510 295 563 ὖπ“
323 510 505 563 αὐτῶν
538 510 809 581 εἰρημένα
846 511 945 580 οὐχ
988 512 1372 582 ήρμήνευσαν·
1420 511 1536 580 ἃμα
1583 510 1640 562 δὲ
1689 511 1815 565 καὶ.

1907 512 1986 577 psi
2047 514 2323 581 propheta:
2377 515 2524 569 dicta
2588 530 2691 570 sua
2741 533 2847 569 non
2877 517 2989 571 sint
3018 514 3387 584 interpretati,
3417 526 3471 570 et

202 604 469 672 διακρίνει
518 604 619 672 τὴν
652 603 826 673 ἀληθῆ
873 604 1213 673 προφητείαν
1253 603 1355 672 τῆς
1402 602 1787 671 δαιμονιώδους

205 699 299 751 καὶ
333 696 598 766 πλαστῆς.
628 698 752 766 ἥτις
782 699 876 750 καὶ
919 699 978 751 ἐν
1007 699 1121 759 τοῖς
1169 697 1465 766 αἱρετικοῖς
1497 699 1788 765 καταλαμ-

202 788 447 841 ϐάνεται.
487 806 506 839 ι
543 787 669 840 Ὀτι
702 792 855 843 πᾶσα
895 790 1203 860 προφητεία
1239 790 1461 861 Γραφῆς
1495 792 1631 854 ἰδίας
1674 793 1788 843 ἐπιο

202 876 413 943 λύσεως
456 880 518 932 οὐ
565 883 797 948 γίνεται.
836 902 855 933 ι
903 882 1060 936 Τοῦτ’
1107 883 1279 947 ἐστιν,
1331 885 1412 937 ὅτι
1444 884 1785 947 λαμϐάνουσι

206 971 309 1040 μὲν
353 971 462 1023 ἀπὸ
508 972 603 1024 τοῦ
654 972 791 1025 Θεοῦ
846 974 897 1026 oi
945 974 1227 1043 προφῆται
1282 976 1383 1043 τὴν
1422 975 1782 1044 προφητείαν,

203 1061 324 1115 ἀλλ’
355 1063 454 1133 οὐχ
502 1063 578 1125 ὡς
634 1067 834 1117 ὲκεῐνοι
887 1064 1189 1133 βούλονται,
1240 1067 1354 1119 ἀλλ’
1405 1067 1482 1131 ὡς
1533 1068 1596 1121 τὺ
1643 1066 1788 1119 θεῖον

202 1158 422 1226 ἐνεργεῖ
456 1156 713 1224 Πνεῦμα·
747 1158 842 1209 καὶ
893 1157 1093 1228 ᾔδεσαν
1143 1158 1245 1227 μὲν
1285 1161 1380 1212 καὶ
1413 1157 1669 1212 συνίεσαν
1698 1159 1788 1211 τὸν

203 1250 708 1317 καταπεμπόμενον
736 1249 893 1316 λόγον
913 1250 1095 1311 αὐτοῖς
1118 1252 1481 1321 προφητικὸν,
1513 1252 1575 1305 οὐ
1604 1252 1790 1320 μέντοι

203 1341 300 1391 καὶ
337 1339 440 1407 τὴν
472 1338 724 1392 ἐπίλυσιν
749 1341 914 1394 αὐτοῦ
945 1342 1255 1395 ἐποιοῦντο·
1290 1343 1386 1396 καὶ
1410 1344 1493 1397 ὅτι
1523 1345 1632 1398 ἀπὸ
1652 1343 1788 1397 Θεοῦ

202 1430 592 1499 ὲνεργοὺμενοι
614 1432 932 1501 Πνεύματος
954 1434 1003 1486 ot
1027 1425 1307 1504 προφῆται
1333 1434 1554 1506 ᾔδεσαν,
1578 1437 1653 1498 ὡς
1682 1438 1790 1489 ἀπὸ

204 1524 353 1576 θείου
402 1524 716 1594 Ιίνεὺματος
753 1526 1176 1594 καταπέμπεται
1206 1531 1234 1580 ὁ
1268 1529 1422 1595 λόγος
1458 1531 1665 1591 αὐτοῖς,
1692 1528 1789 1597 δῆ-

204 1616 298 1668 λον
325 1618 419 1684 ἀφ’
447 1610 523 1670 ὧν
550 1620 771 1680 ἑκόντες
802 1602 1135 1689 ὑπούργουν,
1164 1624 1260 1674 καὶ
1292 1622 1321 1674 ὃ
1346 1622 1412 1675 ἂν
1441 1623 1633 1692 ᾔθελον
1664 1624 1790 1677 ἐλά-

205 1707 360 1760 λουνο
409 1709 438 1761 δ
481 1711 539 1761 δὲ
592 1710 667 1779 μὴ
723 1710 941 1780 ᾔθελον,
994 1713 1280 1765 ἐσιώπων
1329 1715 1390 1767 οὐ
1452 1719 1559 1784 μὴν
1600 1718 1691 1768 καί
1740 1718 1789 1769 οἱ

1893 620 2073 656 veram
2112 620 2141 657 a
2187 606 2309 659 tlcta
2352 618 2406 661 et
2435 608 2770 663 dtemoniaca
2797 606 3157 677 quorumdam
3187 607 3471 661 heretico-

1892 712 2010 749 ru.n
2074 701 2356 767 prophetia
2406 699 2738 755 discernit:
2828 699 3112 770 quoniam,
3194 697 3470 767 inquiens,

1900 809 1917 839 ι
1960 790 2143 845 euntis
2176 792 2459 859 prophetia
2518 791 2819 860 Scriptura
2867 792 3087 861 propria
3137 792 3472 859 interpreta-

1889 882 2035 933 tione
2085 896 2193 933 non
2225 880 2303 935 lit.
2341 900 2361 933 ι
2434 884 2548 936 [loc
2597 893 2707 943 est.
2751 882 3033 952 accipiunt
3062 880 3317 950 equidem
3348 895 3475 949 pro-

1893 972 2065 1040 pbeta:
2096 990 2124 1024 ιι
2159 972 2266 1027 De.
2288 974 2657 1042 prophetiam;
2687 983 2743 1029 at
2774 989 2902 1039 non,
2969 973 3045 1027 uti
3104 973 3206 1041 ipsi
3237 973 3427 1024 volunt
3450 1007 3466 1031 ,

1892 1065 1986 1120 sed
2026 1076 2084 1120 ut
2130 1068 2315 1121 divino
2367 1067 2595 1137 Spiritui
2637 1069 2770 1123 libet
2795 1067 3091 1123 infundere
3141 1083 3154 1118 :
3210 1074 3371 1133 atque
3400 1065 3473 1116 illi

1891 1158 2111 1225 quidem
2139 1159 2444 1213 immissum
2483 1159 2592 1213 illis
2620 1160 3000 1229 propheticum
3031 1171 3346 1212 sermonem
3384 1171 3478 1207 ro-

1891 1252 2231 1319 gnoscebant
2262 1262 2316 1305 et
2360 1253 2759 1321 intelligebant,
2790 1262 3028 1306 attamen
3064 1251 3182 1318 ejus
3206 1250 3480 1318 interpre-

1893 1345 2148 1397 tati02n-m
2177 1361 2271 1398 seu
2292 1348 2708 1415 explicationem
2741 1360 2848 1398 non
2894 1344 3189 1397 faciebant.
3228 1340 3294 1395 Et
3322 1356 3477 1405 sane,

1892 1438 2035 1503 quod
2068 1438 2347 1507 propheta:
2379 1454 2409 1492 a
2454 1439 2562 1493 Deo
2597 1440 2703 1491 acti
2764 1451 3079 1491 sermonem
3140 1434 3243 1487 sibi
3309 1449 3337 1486 a
3372 1433 3482 1485 Deo

1893 1538 2022 1582 tune
2079 1529 2190 1582 ﬁeri
2248 1541 2500 1594 nossent,
2568 1529 3041 1597 perspicnumest
3108 1540 3172 1579 ex
3218 1538 3307 1586 eo,
3338 1522 3482 1592 quod

1893 1634 2086 1692 sponte
2138 1621 2247 1677 Deo
2309 1624 2551 1678 moventi
2615 1622 3009 1686 inserviebam,
3043 1628 3095 1672 et
3147 1616 3317 1687 quod,
3363 1630 3483 1683 quae

1892 1717 2106 1785 quidem
2173 1717 2466 1778 volebant,
2528 1716 2908 1785 loquebantur.
2976 1728 3101 1783 qua:
3152 1726 3280 1766 vero
3320 1710 3471 1779 loqui

201 1800 669 1870 ψευδοπροφῆται.
704 1802 779 1855 Οὐ
812 1804 923 1873 γὰρ
959 1803 1159 1874 ᾔδεσαν
1208 1808 1266 1858 ἐν
1309 1806 1387 1877 τῷ
1426 1807 1786 1876 ἐνεργεῖσθαι.

1903 1809 2173 1873 nolebant,
2212 1810 2429 1864 silentio
2455 1809 2831 1864 occultabant.
2892 1807 3007 1860 Non
3044 1807 3115 1860 ita
3166 1820 3295 1859 vero
3360 1803 3481 1858 falsi

204 1892 346 1945 ἀλλὰ
407 1895 575 1966 μανία
621 1896 902 1964 γινόμενοι
946 1900 1281 1968 παράφοροι,
1333 1901 1564 1967 ἠγνόουν
1599 1903 1626 1954 ὃ
1658 1901 1790 1955 ἐπι-

206 2002 356 2052 σχον,
387 1986 463 2049 ὡς
512 1989 562 2039 οἱ
618 1988 932 2056 μεθύοντες.
981 1992 1045 2042 Οί
1090 1990 1281 2073 μέντοι
1311 1991 1457 2058 ἆγιοι
1490 1996 1787 2062 προφῆται,

207 2080 419 2148 καίπερ
456 2080 680 2143 εἰδότες,
712 2082 773 2132 οὐ
822 2080 1012 2150 χρείαν
1054 2078 1202 2151 εἰχον
1244 2084 1572 2153 ἑρμηνεύειν
1602 2088 1671 2139 τὰ
1701 2089 1791 2140 ὑπ’

204 2169 411 2232 αὐτῶν,
468 2171 585 2223 ἀλλ’
630 2172 839 2241 ἑτέροις
884 2173 1171 2243 διηκίνουν
1225 2175 1400 2229 ταῦτα
1427 2175 1607 2248 [(ἠμίν
1638 2182 1789 2248 γὰρ),

207 2262 328 2330 ἅμα
368 2262 425 2313 δὲ
468 2262 588 2335 καὶ]
623 2263 708 2315 ἵνα
739 2264 978 2336 λανθάνῃ
1009 2268 1041 2334 ὴ
1092 2266 1187 2319 τοῦ
1240 2268 1447 2335 Κυρίου
1490 2273 1787 2339 παρουσία,

207 2354 306 2405 καὶ
357 2354 432 2422 μὴ
476 2354 898 2425 ἐπιϐουλεύηται
948 2357 1052 2409 ὑπὸ
1107 2359 1216 2409 τῶν
1257 2360 1493 2413 ἀσεϐῶν.
1545 2363 1797 2415 Ἐπιϐου-

207 2444 479 2514 λευομένη
508 2447 618 2517 γὰρ
637 2447 872 2515 ἠδύνατο
897 2450 991 2502 καὶ
1020 2451 1425 2519 διαδιδράσκειν
1452 2453 1540 2506 διὰ
1573 2456 1670 2522 τῆς
1696 2456 1792 2507 τοῦ

206 2540 422 2605 Κυρίου
442 2539 751 2608 δυνάμεως.
792 2541 935 2593 Ἀλλ’
960 2542 1129 2605 εἰκὸς,
1157 2542 1327 2594 ἐνίοτε
1357 2543 1447 2596 διὰ
1476 2548 1795 2614 παραδόξων

207 2627 311 2695 τῆς
341 2629 629 2697 ἀποφυγῆς
656 2631 975 2700 γενομένης,
998 2633 1301 2700 τερατῶδες
1338 2635 1483 2699 ἔδοξε
1519 2639 1579 2689 τὸ
1610 2639 1793 2691 τελού-

215 2735 379 2784 μενον
423 2720 525 2787 τῆς
567 2722 1055 2791 ὲνανθρωπήσεως.
1115 2724 1224 2775 Καὶ
1270 2727 1353 2777 ὅτι
1385 2727 1582 2796 ἀληθὲς
1613 2729 1793 2792 τοῦτο,

210 2809 372 2877 δῆλον
425 2811 534 2862 ἀπὸ
585 2811 694 2864 τῶν
744 2814 802 2863 ἐν
846 2815 918 2883 τῇ
963 2813 1081 2883 Νέᾳ
1111 2816 1430 2884 προφητῶν.
1475 2818 1524 2870 οἳ
1573 2821 1668 2871 καὶ
1697 2822 1795 2887 ἠρ-

217 2902 458 2969 μήνευον
483 2901 711 2964 ἑαυτοὺς
740 2902 1206 2972 προφητεύοντες,
1241 2909 1418 2960 sistat
1461 2910 1537 2977 μὴ
1576 2910 1796 2971 πάντες.

211 2995 289 3047 οὐ
311 2994 424 3062 γὰρ
453 2988 521 3063 ἦν
552 3011 697 3055 τινος
726 2995 974 3048 τοιούτου
1012 2996 1219 3064 ὑποψία
1265 3002 1324 3051 ἑν
1356 3002 1422 3070 τῇ
1457 3001 1594 3072 Νέᾳ.
1640 3003 1799 3055 Ἀλλὰ

213 3085 309 3136 καὶ
339 3086 422 3137 ὅτι
453 3086 555 3138 οὐκ
588 3086 937 3151 ἐξιστάμενοι
979 3090 1028 3140 οί
1059 3090 1342 3158 προφῆται
1381 3093 1795 3163 ἐχρησμῴδουν,

1900 1902 2195 1971 prophetae.
2229 1900 2344 1954 Non
2378 1902 2523 1952 enim
2549 1900 2647 1965 illi,
2675 1915 2798 1953 cum
2835 1899 3193 1969 agitarentur,
3226 1894 3309 1949 sui
3336 1909 3485 1948 com-

1901 2004 2051 2062 potes
2073 2004 2263 2056 erant;
2290 1993 2383 2047 sed
2418 1992 2599 2049 furore
2616 1991 2851 2061 quodam
2900 2000 3053 2043 extra
3087 2005 3147 2043 se
3179 1989 3338 2055 rapti,
3376 1986 3484 2038 rel-

1901 2097 1958 2139 ttt
2008 2088 2167 2148 ebrii,
2231 2086 2280 2138 id
2345 2086 2490 2153 quod
2565 2085 2937 2154 patiebantur,
3016 2080 3364 2149 ignorabant.
3422 2078 3487 2131 At

1898 2180 2070 2232 sancti
2105 2181 2402 2248 prophetat,
2444 2178 2662 2231 tametsi
2742 2177 2891 2229 dicta
2925 2188 3035 2226 sua
3092 2171 3485 2237 intelligerent.

1900 2289 2005 2326 non
2040 2282 2218 2326 tamen
2254 2287 2285 2326 e
2320 2288 2378 2326 re
2404 2286 2529 2325 esse
2567 2269 2889 2329 censebant,
2948 2265 3136 2319 eadem
3212 2261 3486 2329 init-rpre-

1900 2366 2001 2417 tari
2046 2378 2205 2417 :cum
2236 2364 2363 2432 quia
2389 2364 2532 2424 aliis,
2568 2361 2617 2415 id
2644 2367 2727 2415 est
2751 2358 2927 2422 nobis,
2959 2373 3021 2411 ea
3054 2352 3443 2408 ministrabant
3470 2391 3484 2411 ,

1898 2464 2011 2505 tum
2041 2462 2099 2507 ut
2144 2453 2355 2505 llomiui
2387 2453 2655 2505 adventus
2679 2465 2853 2517 usque
2877 2447 2942 2500 ad
2978 2444 3310 2513 praefinitum
3349 2449 3488 2493 tem-

1856 2572 1859 2573 ν
1900 2564 2000 2614 pus
2028 2552 2433 2610 ereultaretur;
2462 2560 2528 2599 ne
2553 2544 2755 2599 clarius
2776 2539 3180 2594 manifestatum
3199 2534 3487 2603 impiorum

1901 2640 2130 2695 insidias
2149 2640 2402 2693 subiret:
2439 2654 2547 2691 non
2577 2635 2721 2703 quod
2754 2635 2921 2688 etiam
2955 2630 3173 2685 insidiis
3207 2628 3487 2697 appetitus

1902 2733 1992 2786 Dei
2020 2733 2261 2802 potentia
2284 2730 2624 2785 exsecutioui
2663 2725 2913 2781 ntaudari
2970 2739 3079 2779 non
3126 2730 3346 2792 posset;
3387 2722 3483 2773 sed

1899 2826 2026 2893 quia
2066 2822 2462 2877 incarnationis
2525 2835 2688 2888 Opus.
2717 2820 2764 2873 si
2793 2820 2933 2870 miro
2963 2826 3019 2869 et
3075 2813 3297 2868 insolito
3331 2811 3495 2864 modo

1899 2916 2170 2985 ejusmodi
2193 2914 2475 2983 cﬂugisset
2492 2913 2743 2973 insidias,
2768 2918 3014 2963 monstro
3045 2907 3262 2961 cuidam
3287 2920 3349 2957 ac.
3370 2918 3493 2973 por-

1901 3014 2073 3068 tento,
2108 3022 2204 3060 seu
2230 3005 2396 3058 etiam
2432 3002 2713 3071 pmtigio
2747 3000 2931 3055 simile
2962 2997 3135 3052 videri
3200 2994 3492 3065 potuisset.

1902 3098 1969 3150 Et
2006 3098 2228 3167 quidem
2262 3112 2375 3149 rem
2416 3096 2487 3146 ita
2522 3110 2581 3148 se
2636 3093 2842 3146 habere
2891 3089 3243 3159 perspicuum
3314 3096 3396 3139 est
3427 3102 3495 3138 ex

210 3175 377 3244 δῆλον
421 3176 520 3229 καὶ
560 3176 744 3231 τοῦτο.
788 3179 881 3242 Ἐξ
923 3180 1040 3241 ἑνὸς
1089 3181 1199 3251 γὰρ
1234 3183 1548 3252 Πνεύματος
1586 3204 1799 3255 προφη-

1905 3186 2192 3258 prophetis
2217 3185 2341 3238 novi
2375 3182 2647 3246 Fmderis,
2675 3182 2769 3250 qtti
2794 3180 3121 3247 semetipsos
3148 3169 3489 3244 interpretati

216 3269 488 3321 τευόντων
519 3270 633 3321 τῶν
671 3272 730 3321 ἐν
772 3274 838 3339 τῇ
889 3272 1100 3341 Ιξαλαιᾷ
1146 3276 1242 3325 καὶ
1288 3278 1353 3344 τῇ
1395 3276 1526 3344 Νέᾳ,
1573 3285 1735 3345 φησὶν
1770 3283 1799 3332 ὀ

213 3358 464 3421 Παῦλοςο
515 3380 534 3411 ι
591 3362 718 3415 Ἐάν
761 3363 817 3415 δὲ
870 3364 1235 3434 ἀποκαλυφθῇ
1282 3366 1430 3435 ἄλλῳ
1481 3369 1798 3441 καθημένῳ,

216 3454 426 3517 σιγάτω
458 3455 487 3504 ό
512 3454 751 3523 πρῶτος.
788 3474 805 3505 ι
836 3457 1017 3523 Σαφὲς
1048 3464 1156 3525 γὰρ
1183 3459 1248 3509 ὲκ
1275 3458 1489 3521 τούτου,
1524 3462 1602 3514 ὅτι
1635 3466 1692 3515 έν
1723 3464 1801 3534 τῷ

214 3543 363 3595 κατὰ
424 3545 587 3611 φύσιν
616 3546 904 3622 ¹ἱστάμενοι
956 3550 1005 3601 οἱ
1053 3551 1359 3618 προφῆται,
1405 3553 1624 3617 ἑκόντες
1665 3574 1803 3625 προ-

210 3636 505 3705 εφήτευον.
536 3637 627 3688 Διὸ
660 3638 751 3689 καὶ
772 3637 933 3691 ἄλλου
957 3641 1319 3710 ἀνισταμένου
1345 3644 1798 3712 ὲμπνευσθέντος,

211 3728 243 3777 ὁ
275 3725 493 3794 πρῶτος
537 3726 714 3779 λαλῶν
752 3732 966 3801 σιωπᾷν
1016 3732 1377 3802 ἐπτρὲπετο,
1418 3736 1554 3805 ὅπερ
1590 3739 1689 3790 οὐκ
1734 3740 1801 3793 ἂν

213 3814 311 3867 ἐπὶ
346 3817 689 3885 μαινομένων
716 3816 864 3887 εὖροι
902 3836 987 3882 τις
1020 3821 1334 3897 ἄνθρωποί.
1375 3823 1496 3885 Ιῐῶς
1524 3828 1633 3895 γὰρ
1676 3846 1802 3881 σιω-

215 3905 388 3971 πήσει
420 3907 445 3957 ό
473 3907 608 3975 μηδὲ
637 3908 665 3959 ὃ
692 3925 742 3960 τι
770 3908 871 3976 δρᾷ
903 3911 1300 3981 ὲπιστάμενος;
1338 3916 1447 3967 Καὶ
1486 3918 1799 3987 ιινεύματος

212 3998 271 4048 δὲ
304 3993 447 4050 εἶναι
488 3999 771 4067 ἐνέργειαν
802 4000 960 4066 ἁγίου
992 4003 1050 4052 ἐν
1083 4006 1195 4062 τοῖς
1228 4006 1555 4075 προφήταις,
1589 4011 1616 4060 ὁ
1642 4012 1805 4073 αὖτδς

212 4088 434 4150 Παῦλός
475 4106 661 4159 φησιν,
720 4108 739 4140 ι
793 4085 862 4160 ’ᾯ
904 4092 1040 4159 μὲν,
1096 4094 1338 4159 φάσκων,
1398 4097 1599 4150 δὶὄσται
1648 4100 1803 4169 λόγος

216 4180 438 4248 σοφίας,
465 4174 510 4248 ᾧ
538 4181 593 4233 δὲ
624 4182 953 4252 προφητεία.
995 4202 1012 4235 ι

1906 3286 2056 3341 sunt,
2092 3278 2305 3332 tametsi
2337 3291 2448 3330 non
2480 3290 2705 3337 omnes;
2737 3270 2882 3340 quod
2923 3271 3030 3339 iam
3062 3277 3173 3321 tum
3206 3268 3496 3334 bujusnto—

1904 3372 1958 3426 di
1985 3370 2229 3440 suspicio
2260 3377 2551 3423 cessasset.
2598 3367 2796 3419 Verum
2828 3373 2882 3418 et
2929 3363 3073 3431 quod
3113 3377 3220 3415 non
3250 3372 3401 3414 extra
3438 3374 3497 3410 se

1907 3462 2049 3531 rapti
2080 3461 2521 3515 vaticinarentur
2575 3456 2876 3525 prophetae,
2926 3452 3282 3506 manifestum
3314 3456 3395 3501 est
3430 3462 3496 3499 ex

1909 3569 1974 3606 eo
1996 3550 2146 3620 quod
2182 3564 2293 3603 uno
2319 3564 2382 3602 ac
2413 3546 2604 3601 eodem
2633 3544 2841 3614 Spiritu
2912 3541 3087 3595 sancti
3115 3539 3206 3594 Dei
3251 3536 3501 3599 homines

1910 3645 1962 3696 in
1990 3642 2172 3697 Veteri
2227 3649 2393 3707 atque
2423 3639 2477 3691 in
2510 3636 2662 3691 Novo
2702 3634 3070 3688 Testamento
3134 3630 3500 3699 prttpitetave-

1908 3734 2054 3799 rint;
2080 3733 2155 3785 ait
2181 3747 2309 3785 vero
2377 3730 2581 3783 Paulus
2619 3746 2632 3781 :
2671 3745 2689 3778 ι
2728 3726 2785 3780 Si
2827 3725 2921 3778 alii
2979 3725 3279 3778 revelatum
3339 3718 3504 3772 fuerit

1909 3825 2319 3896 sedenti,prior
2347 3830 2526 3876 taceat
2553 3822 2595 3875 '.
2636 3841 2653 3873 ι
2688 3820 2761 3874 Ex
2815 3834 2927 3887 quo
2962 3827 3135 3887 pitet,
3198 3813 3499 3885 prophetas

1908 3918 2212 3971 naturalem
2243 3922 2449 3968 statum
2484 3927 2647 3966 suum
2691 3909 3009 3973 retinuisse,
3043 3923 3166 3959 rum
3205 3905 3503 3972 propheta-

1912 4012 2041 4062 hant
2078 4028 2089 4062 ε
2129 4008 2333 4060 idcirco
2354 4005 2521 4067 enim,
2556 4005 2663 4055 alio
2696 4009 2985 4071 surgente,
3013 3998 3107 4068 qtti
3155 3996 3365 4066 Spiritu
3408 3992 3503 4047 Dei

1912 4101 2124 4156 adlatus
2156 4105 2323 4161 eSset,
2354 4099 2446 4165 qui
2496 4097 2651 4164 prius
2725 4093 3077 4162 loquebatur,
3135 4090 3296 4142 silere
3348 4086 3507 4148 jube-

1914 4206 2035 4258 tur;
2072 4191 2216 4258 quod
2246 4189 2300 4241 in
2348 4187 2658 4241 furentibus
2687 4186 2867 4239 locum
2894 4184 3098 4236 habere
3124 4195 3234 4233 non
3279 4184 3456 4247 potest
3487 4194 3499 4228 :

216 4273 497 4341 quomodo
528 4275 672 4326 enim
726 4277 1147 4344 obtentum-aret,
1179 4280 1271 4346 qni
1310 4281 1395 4335 sui
1451 4298 1676 4352 compos
1704 4303 1811 4341 non
1851 4288 1975 4342 est?
2006 4283 2111 4338 Sed
2142 4291 2197 4337 ct
2229 4282 2606 4351 operationem
2642 4278 2884 4347 Spiritus
2941 4275 3118 4330 sancti
3155 4274 3207 4327 in
3272 4270 3504 4340 prophe-

219 4367 289 4417 tis
325 4365 514 4426 fuisse,
542 4366 684 4419 idem
731 4365 932 4423 Paulus
984 4379 1242 4435 testatur,
1298 4388 1421 4425 cum
1480 4376 1599 4427 ait:
1672 4397 1689 4427 ι
1735 4380 1839 4433 Alii
1877 4380 2098 4449 quidem
2138 4392 2235 4446 per
2283 4373 2549 4445 Spiritum
2591 4376 2753 4427 dat-ur
2780 4386 2962 4428 sermo
2990 4367 3352 4438 sapientia}...
3414 4364 3507 4417 alii

224 4460 516 4535 prophetia
552 4463 591 4515 ’.
630 4481 649 4513 ι

819 4557 1073 4610 ΚΕΦΑΛ.
1138 4556 1212 4613 Β’.

302 4669 321 4699 ι
367 4641 654 4713 Ἐγένοντο
702 4647 761 4701 δὲ
813 4650 908 4701 καὶ⁵
947 4648 1391 4717 ψευδοπροφῆται
1450 4653 1509 4704 ἐν
1566 4654 1645 4722 τῷ
1699 4655 1813 4725 λαῴ

221 4740 444 4809 ἐκείνῳ,
493 4739 567 4802 ὡς
602 4742 699 4793 καὶ
747 4742 805 4791 ὲν
860 4740 988 4809 ὑμῖν
1045 4739 1266 4794 ἔσονται
1310 4741 1812 4813 ψευδοδιδάσκαλοι,

220 4836 425 4895 οἵτινες
468 4831 873 4901 παρεισάξωσιν
932 4829 1097 4902 (vulg.
1131 4830 1364 4905 -Eoucnv]
1421 4834 1662 4904 αἱρέσεις
1711 4838 1818 4889 ἁπ-

222 4922 449 4983 ωλείας,
479 4921 576 4973 καὶ
605 4920 697 4972 τὸν
729 4922 1076 4989 ἀγοράσαντα
1099 4922 1303 4985 αὐτοὺς
1318 4924 1597 4991 Δεσπότην
1617 4926 1816 4996 ἀρνού-

227 5030 404 5079 μενοι.
462 5012 768 5078 ἐπάγοντες
812 5012 1026 5073 ἑαυτοῖς
1072 5014 1304 5082 ταχινὴν
1348 5014 1648 5067 ἀπώλειαν.
1706 5016 1818 5069 Καὶ

225 5105 417 5157 πολλοὶ
457 5103 964 5174 ἑξακολουθήσωσιν
1011 5105 1177 5175 [vulg.
1216 5107 1450 5179 οσουσιν]
1477 5108 1656 5160 αὐτῶν
1694 5112 1814 5172 ταῖς

224 5195 567 5261 ἀσελγείαις,
602 5193 669 5245 δι’
701 5192 794 5255 οὓς
832 5195 864 5262 ἡ
898 5194 1015 5255 ὁδὸς
1046 5193 1146 5262 τῆς
1180 5194 1437 5264 ἀληθείας
1484 5196 1813 5269 βλασφημη-

227 5290 478 5358 θήσεται.
516 5286 625 5338 Καὶ
652 5285 937 5357 πλεονεξίᾳ
966 5286 1224 5349 πλαστοῖς
1254 5284 1436 5355 λόγοις
1466 5290 1609 5357 ὑμᾶς
1637 5291 1813 5357 ἐμπο-

232 5379 550 5447 ρεύσονται.
583 5397 601 5428 ι
637 5376 1173 5438 Ψευδοδιδασκὰλους
1216 5377 1336 5448 μὲν,
1371 5379 1619 5439 τοὺςάπὸ
1646 5380 1813 5432 Νικο-

229 5472 365 5526 λάου
413 5470 509 5523 καὶ
538 5470 838 5539 Κηρινθίου
889 5471 1044 5537 φησί.
1099 5470 1206 5522 Τοῦ
1244 5472 1301 5523 δὲ
1340 5474 1439 5539 τῆς
1472 5472 1814 5540 προφητείας

227 5560 501 5630 ὀνόματος
528 5560 727 5621 κοινᾶς
762 5560 859 5611 καὶ
888 5559 1032 5611 κατὰ
1076 5561 1183 5611 τῶν
1215 5560 1515 5630 προφητῶν
1550 5563 1643 5613 καὶ
1673 5565 1815 5615 κατὰ

231 5655 344 5709 τῶν
390 5654 856 5725 ψευδοπροφητῶν
905 5656 1245 5724 φερομένου,
1300 5657 1659 5723 ἀσφαλίζεται
1716 5658 1815 5725 μὲν

327 5832 351 5861 ⁸
429 5832 692 5898 (leum,
726 5831 806 5890 30.
877 5831 1094 5886 ηοω.
1151 5846 1246 5892 λιι.
1302 5831 1355 5884 8.

2434 4555 2604 4625 390
2646 4550 2883 4604 eaeor
2917 4551 2983 4603 ιι.

1988 4656 2156 4711 Vsus.
2189 4653 2305 4706 1-5.
2339 4670 2357 4701 ι
2389 4649 2634 4704 Fuerunt
2667 4663 2795 4700 vero
2831 4657 2879 4697 et
2922 4641 3415 4712 pseudopropheue
3452 4639 3505 4691 in

1921 4750 2146 4821 populo,
2179 4746 2323 4799 sicut
2351 4755 2404 4797 et
2437 4742 2491 4795 in
2534 4740 2691 4792 vobis
2713 4746 2882 4791 erunt
2905 4734 3152 4803 magiSIri
3191 4732 3504 4790 mendaces.

1914 4840 2014 4911 qui
2053 4835 2405 4892 introducent
2485 4841 2664 4885 sectas
2727 4824 3076 4896 perditionis,
3108 4832 3163 4875 et
3219 4837 3345 4873 enim
3412 4821 3508 4888 qui

1922 4934 2061 4987 emit
2111 4945 2230 4992 eos,
2261 4925 2548 4979 Dominum
2606 4928 2831 4988 negant,
2864 4916 3360 4984 supurimlucentes
3397 4912 3500 4966 sibi

1916 5017 2563 5088 celercmpcrditionem.
2612 5012 2679 5064 Et
2734 5010 2888 5065 multi
2956 5013 3258 5075 sequentur
3313 5019 3502 5054 eorum

1923 5111 2193 5172 luxurias,
2225 5125 2319 5177 per
2378 5121 2520 5174 quos
2562 5105 2644 5155 via
2699 5100 2947 5154 veritatis
3005 5093 3501 5164 blasphemabitnr.

1921 5204 1988 5257 Et
2011 5204 2062 5254 iu
2094 5200 2326 5252 avaritia
2349 5198 2491 5250 lictis
2515 5195 2695 5248 verbis
2726 5193 2793 5244 de
2820 5190 2977 5244 vobis
3000 5186 3448 5257 negotiabuntur.
3483 5203 3499 5232 ι

1922 5294 2023 5348 Per
2055 5288 2559 5362 pseudoprophctas
2594 5287 2680 5338 hic
2719 5283 2922 5339 Nieolai
2963 5290 3017 5335 et
3075 5277 3321 5333 Cerinthi
3352 5290 3506 5328 asse-

1920 5386 2034 5438 elas
2065 5381 2335 5449 intelligit.
2367 5378 2504 5431 Cum
2557 5382 2687 5429 vero
2718 5374 2996 5443 propheta:
3024 5383 3220 5424 nomen
3249 5380 3373 5419 cmu
3412 5379 3506 5416 re-

1922 5478 2021 5539 ris,
2056 5485 2171 5527 ttttu
2223 5472 2374 5525 falsis
2446 5469 2727 5539 prophetis
2784 5463 3153 5519 communiter
3198 5459 3508 5519 tribuatur;

1923 5573 2238 5619 commonet
2305 5579 2426 5623 eos,
2464 5577 2530 5613 ne
2603 5557 2751 5611 falsis
2822 5554 3099 5625 prophetis
3151 5547 3505 5601 attentionem

1926 5664 2266 5726 pl‘ﬂ'Slill't‘tll.
2308 5654 2612 5707 Discrimen
2661 5664 2809 5711 vero,
2845 5646 2992 5715 qttod
3046 5645 3188 5697 inter
3241 5648 3506 5706 utrosque
