4162 6442
742 390 877 455 1267

742 506 1048 565 intercedit,
1086 504 1285 560 Paulus
1308 508 1550 576 eitponit,
1598 506 1787 559 dicens
1826 524 1838 557 :

739 596 945 659 dicere,
974 596 1231 648 Dominus
1250 596 1432 659 Jesus,
1461 598 1564 650 nisi
1601 600 1653 651 in
1676 599 1884 667 Spiritu
1937 609 2147 651 sancto.
2190 600 2248 647 '°.
2295 616 2313 647 ι

744 686 879 739 llinc
912 696 1089 741 autem
1131 687 1321 758 incipit
1346 690 1607 743 adversus
1637 689 2025 745 Nicolaitarnm
2069 689 2316 743 bazresim

740 781 1036 844 disserere,
1075 782 1344 848 duplicem
1378 783 1563 836 dicens
1591 798 1707 836 esse
1739 785 1980 852 ipsorum
2009 783 2269 835 malitiam
2300 800 2315 834 :

740 882 868 924 sunt
888 873 1031 924 enim
1056 874 1233 940 quoad
1262 873 1510 943 dogmata
1537 876 1756 943 quidem
1801 875 2107 944 impiissimi
2151 874 2315 942 (quod

742 964 982 1029 ipsorum
1034 964 1085 1015 in
1140 963 1413 1018 Christum
1475 967 1824 1034 blasphemia:
1889 964 2315 1032 demonstrant).

740 1055 918 1113 quoad
950 1054 1070 1106 vita:
1097 1070 1226 1109 vero
1274 1073 1465 1125 genus,
1536 1057 2032 1126 propudiosissimi.
2098 1055 2160 1109 Et
2214 1058 2316 1108 hoc

738 1145 958 1211 quidem
989 1162 1134 1199 nunc
1171 1164 1233 1199 ex
1266 1148 1517 1214 turpibus
1544 1164 1732 1201 eorum
1772 1148 2186 1216 operationibus
2220 1161 2314 1198 os-

740 1236 932 1299 tendit,
982 1239 1142 1304 paulo
1195 1248 1313 1306 post
1368 1240 1573 1293 clarius
1629 1255 1741 1293 rem
1794 1240 2187 1307 explicaturus.
2239 1238 2315 1291 Ac

746 1345 765 1376 ι
835 1329 1116 1380 avaritiam
1155 1347 1170 1378 ι
1212 1331 1513 1392 nominans,
1564 1343 1770 1398 turpem
1831 1345 2017 1383 eortim
2068 1329 2311 1382 lucrandi

737 1420 1001 1471 rationem
1079 1420 1149 1472 ob
1231 1423 1420 1475 oculos
1469 1423 1641 1489 ponit.
1702 1443 1717 1473 ι
1794 1423 2032 1475 Αιιπίιὶιι
2096 1441 2114 1472 ι
2166 1421 2311 1473 enim

740 1511 1065 1581 quandoque
1147 1514 1465 1578 iniustitiam
1597 1516 1904 1583 signiﬁcat:
1982 1514 2313 1582 quandoque

740 1618 871 1657 vero
933 1613 1087 1673 turpe
1146 1608 1523 1659 tantummodo
1580 1608 1788 1660 lucrum
1847 1625 1861 1661 :
1920 1621 2088 1675 quare
2146 1622 2313 1673 appo-

742 1696 844 1747 site
898 1698 1047 1750 addit
1098 1697 1224 1749 illud
1300 1717 1315 1747 ‹
1362 1699 1646 1767 negotiari.
1720 1719 1733 1745 ι
1799 1698 1868 1752 Ut
1918 1713 2046 1750 vero
2078 1697 2310 1750 adit-ina

740 1783 987 1836 doctrina
1021 1786 1246 1839 omnino
1269 1788 1474 1840 alienos
1500 1804 1593 1841 eos
1619 1803 1740 1842 esse
1773 1789 2106 1847 ostenderet,
2170 1787 2311 1839 (ictis

744 1875 893 1940 ipsos
939 1877 1115 1938 verbis
1178 1880 1252 1928 uti
1296 1880 1390 1929 ait.
1428 1879 1531 1932 Sed
1567 1881 1859 1941 habebunt,
1893 1878 2096 1939 sntdit,
2122 1877 2311 1942 impie-

743 1961 870 2012 tatis
904 1963 1197 2028 stipt-ntlia,
1227 1977 1478 2019 mortem.
1535 1966 1667 2018 llltnl
1701 1979 1880 2019 autem
1921 1987 1938 2017 ι
1982 1968 2109 2019 olim
2162 1987 2177 2015 ν
2221 1968 2309 2018 Dei

744 2053 1136 2114 prseseicntiam
1170 2059 1410 2110 denotat.
1454 2057 1593 2112 Deus
1640 2060 1785 2111 enim
1815 2058 2155 2124 praescicntia
2192 2073 2310 2119 Sua,

743 2144 1196 2208 quetnadtnminm
1241 2148 1398 2202 bonis
1434 2151 1674 2218 prazmia,
1708 2151 1776 2201 ita
1806 2152 1965 2202 etiam
1992 2150 2148 2203 malis
2180 2166 2311 2201 con-

744 2244 935 2292 gruam
984 2235 1115 2299 ipsis
1151 2250 1363 2301 pmnam
1392 2241 1715 2305 prmparavit
1752 2255 1763 2289 :
1798 2256 1815 2287 ι
1850 2238 2113 2304 judicium
2165 2242 2310 2291 enim

738 2318 849 2386 jam
880 2321 1006 2374 olim
1045 2338 1149 2376 non
1176 2336 1372 2390 cessat,
1413 2348 1428 2376 ι
1453 2327 1553 2380 hoc
1579 2337 1681 2393 est,
1720 2348 1737 2379 ι
1772 2345 1879 2382 non
1911 2330 2104 2383 tardat.
2151 2349 2169 2380 ι

822 2515 841 2546 ι
878 2496 1373 2568 Quibusjutlicium
1396 2503 1504 2571 jam
1533 2506 1659 2557 olim
1709 2521 1811 2559 non
1844 2520 2046 2571 cessat,
2098 2517 2145 2560 et
2198 2523 2315 2573 pcr-

745 2584 880 2639 tlitio
912 2601 1097 2640 eorum
1120 2606 1224 2641 non
1250 2591 1526 2644 dormitat.
1563 2612 1580 2643 ι
1622 2592 1738 2647 Non
1769 2596 1887 2649 sine
1920 2613 2083 2650 causa
2124 2612 2151 2649 a
2186 2614 2317 2666 prue-

745 2678 1334 2734 stantioribusinitinm
1380 2684 1526 2746 facit,
1588 2687 1681 2739 sed
1725 2689 1851 2756 quia
1903 2691 2190 2743 ostendere
2227 2708 2317 2741 vo-

747 2768 912 2835 lebat,
949 2769 1082 2824 istos
1106 2772 1326 2840 majoris
1392 2777 1646 2843 supplicii
1702 2793 1822 2831 reos
1883 2783 2157 2845 peccando
2186 2797 2312 2834 eva-

747 2861 902 2914 sisse.
950 2861 1213 2926 Quoniam
1250 2864 1413 2932 igitur
1442 2868 1495 2919 bi
1562 2883 1624 2920 ex
1664 2871 2136 2936 praestantioribus
2166 2881 2321 2923 erant

747 2951 916 3015 (velut
943 2955 1101 3021 primi
1128 2956 1192 3008 ad
1224 2958 1578 3024 apostolatum
1610 2961 1829 3027 voeati),
1853 2976 1976 3013 cum
2003 2978 2031 3014 a
2070 2974 2212 3016 ree’a
2237 2963 2315 3014 via

746 3045 1097 3108 desciverint,
1125 3047 1595 3114 majorembabent
1622 3054 2151 3105 condemnationem.
2183 3054 2315 3106 Cum

746 3142 924 3190 autem
957 3154 1051 3206 per
1078 3141 1291 3194 modum
1325 3143 1689 3211 liypotlieseos
1723 3160 1833 3196 rem
1860 3145 2018 3199 istam
2057 3147 2317 3212 exemplis
2343 3170 2387 3230 C

745 3226 1070 3282 conﬁrmare
1124 3245 1413 3298 aggressus
1444 3306 1447 3307 ν
1475 3243 1644 3296 esset,
1684 3250 1791 3287 non
1827 3244 2003 3288 tamen
2062 3237 2112 3287 id
2175 3237 2315 3303 quod

747 3320 813 3371 ad
843 3320 1182 3390 bypotbesim
1216 3339 1554 3392 consequens
1593 3334 1731 3391 erat,
1774 3336 1831 3379 ut
1862 3327 2086 3388 diceret,
2130 3330 2314 3380 statim

748 3410 1050 3478 subiunxit,
1087 3414 1179 3465 sed
1206 3416 1450 3482 exetnpla
1474 3417 1576 3468 alia
1600 3433 1662 3469 ex
1687 3418 1853 3483 justis
1889 3418 2199 3470 hominibus
2229 3420 2312 3467 du-

749 3512 961 3568 sutnpta
990 3502 1281 3557 immiscuit
1320 3523 1331 3558 :
1362 3514 1416 3561 et
1456 3523 1578 3559 cum
1610 3507 1826 3561 deberet
1853 3524 1913 3560 ex
1946 3524 2009 3561 eo
2036 3510 2177 3575 quod
2210 3525 2256 3577 p-
2280 3510 2318 3559 i-

751 3607 838 3644 mo
862 3594 1162 3661 proposuit,
1193 3589 1386 3665 nempe
1418 3614 1479 3649 ex
1509 3600 1849 3667 peccantium
1874 3601 2157 3667 exemplis,
2191 3619 2290 3653 (:un

749 3689 1086 3754 sequentiam
1110 3683 1328 3752 elicere“,
1366 3690 1597 3744 dicendo
1630 3709 1641 3743 :
1681 3692 1736 3744 Si
1773 3693 1878 3745 illis
1905 3710 2012 3745 non
2049 3696 2315 3760 pepercit,

749 3794 890 3832 anne
921 3779 1184 3847 improbis
1215 3782 1331 3835 istis
1369 3785 1593 3850 parcet?
1629 3786 1709 3837 vel
1758 3802 1851 3854 per
1904 3786 2315 3841 aﬂirntationem

748 3869 828 3920 sic
854 3886 865 3921 :
895 3868 1063 3937 Igitur
1093 3870 1261 3923 multo
1290 3872 1468 3928 minus
1533 3876 1649 3928 istis
1706 3883 1884 3943 parcet
1922 3894 1933 3927 :
1968 3873 2104 3928 non'
2137 3886 2316 3928 tamen

752 3962 822 4012 ita
860 3962 1013 4015 fecit.
1050 3962 1162 4015 Cur
1190 3966 1357 4015 vero?
1386 3963 1521 4030 Quia
1554 3982 1674 4019 cum
1700 3968 1932 4035 duplicis
1965 3970 2321 4037 generis(bo-

752 4067 943 4105 norum
976 4052 1133 4120 391
1173 4056 1379 4107 scilicet
1418 4060 1483 4107 et
1518 4060 1806 4125 malorum)
1836 4059 2109 4125 proposita
2136 4069 2322 4113 essent

751 4144 1016 4209 exempla,
1055 4145 1363 4213 bujusmodi
1399 4151 1789 4216 consequentia
1838 4153 2011 4204 malos
2043 4154 2191 4206 solos
2235 4168 2321 4206 re—

749 4236 931 4297 snicit,
970 4251 1075 4289 non
1116 4240 1239 4291 item
1267 4248 1319 4290 et
1355 4240 1527 4294 bonos
1560 4243 1982 4309 complectitur:
2039 4262 2144 4297 non
2174 4247 2317 4299 enim

756 4328 891 4375 bona
926 4328 1078 4377 malis
1107 4337 1552 4395 compensantur.
1616 4330 1884 4394 Quoniam
1944 4335 2105 4401 igitur
2161 4336 2318 4387 unica

758 4416 1113 4481 rt'spnnsione
1145 4432 1237 4467 seu
1276 4420 1667 4486 consequentia
1706 4423 1778 4484 ei,
1802 4422 1947 4490 quod
1984 4425 2319 4492 prmniserat

755 4508 962 4574 integri:
1004 4508 1317 4560 satisfacere
1354 4526 1458 4563 non
1487 4520 1719 4579 poterat,
1762 4514 1964 4567 idcirco
2012 4515 2116 4567 alia
2150 4517 2319 4568 utitur

757 4600 961 4661 ptirasi,
996 4608 1047 4649 et
1075 4615 1166 4661 per
1198 4601 1559 4667 epiphonema
1587 4606 1887 4659 orationem
1920 4606 2174 4658 absolvit.
2207 4608 2318 4659 (iur

754 4703 886 4737 wro
917 4689 1180 4739 malorum
1216 4692 1476 4757 cxeinplis
1516 4693 1617 4743 alia
1649 4693 1913 4746 bonorum
1948 4694 2070 4746 item
2124 4696 2317 4761 adjun-

753 4788 865 4844 gat,
899 4787 1207 4845 opportuno
1238 4782 1356 4833 loco
1386 4780 1615 4834 dicetur.
1659 4782 1721 4835 Ut
1771 4782 1933 4851 igitur
1990 4782 2194 4851 prazfati
2230 4801 2318 4837 su-

756 4883 896 4929 nms,
925 4885 1029 4920 non
1064 4870 1358 4922 secundum
1392 4873 1659 4925 orationis
1700 4873 1927 4925 fortnam
1990 4875 2318 4942 propositio-

756 4976 883 5011 tcum
912 4962 1072 5012 etiam
1106 4962 1459 5029 intelligentia
1495 4965 1760 5032 sequitur.
1789 4964 1903 5017 Non
1928 4969 2069 5017 cnim
2100 4966 2317 5018 additur

756 5050 806 5102 id
848 5051 992 5116 quod
1030 5052 1078 5101 in
1123 5038 1431 5117 bujusmodi
1468 5056 1728 5122 periodis,
1757 5073 1850 5109 seu
1881 5057 2311 5109 etmstructioni-

759 5140 860 5191 lms
896 5140 1151 5207 subsequi
1186 5141 1357 5203 solet;
1396 5144 1487 5195 sed
1539 5154 1621 5196 est
1683 5144 1825 5195 nuda
1879 5146 2223 5197 confirmatio
2257 5161 2320 5196 ex

757 5232 1035 5297 exemplis,
1094 5246 1217 5282 cum
1259 5248 1465 5293 eorum,
1500 5234 1588 5301 qui
1646 5243 1861 5301 ιιι-ομνι-
1925 5245 2140 5302 peccata
2196 5251 2324 5302 sup-

760 5319 940 5383 plicio,
1004 5329 1115 5371 tum
1168 5336 1358 5373 eorum
1415 5326 1503 5389 qui
1591 5333 1808 5391 propter
1897 5326 2151 5377 virtutem
2220 5326 2317 5377 lto-

758 5421 890 5457 nere
924 5407 1096 5459 allecti
1124 5420 1268 5461 sunt.
1298 5410 1523 5464 l’etinde
1558 5430 1616 5464 ac
1642 5416 1685 5464 si
1718 5414 1919 5467 diceret
1953 5433 1964 5467 :
1997 5414 2154 5467 Novit
2182 5415 2320 5467 Dens

761 5512 875 5557 eos,
912 5498 1001 5563 qni
1036 5498 1085 5549 in
1118 5504 1352 5566 precatis
1408 5518 1553 5556 nunc
1587 5503 1793 5567 vivunt,
1844 5507 1977 5558 citra
2035 5522 2185 5575 spem
2229 5522 2320 5557 re-

766 5586 863 5638 ni;e
900 5587 1193 5641 inevitabili
1252 5593 1513 5658 supplicio
1578 5596 1827 5661 plectere,
1866 5597 2317 5665 qnetnadmodum

842 5762 885 5793 ’θ
914 5764 930 5815 l
958 5764 1085 5819 Cor.
1131 5784 1226 5832 χιι,
1274 5771 1326 5823 5.

1626 396 2207 457 THEOPHYLACTI
2250 396 2659 455 BULGARI/E
2699 397 3051 457 ARCHIEP.

3848 394 3985 455 1968

1887 525 1905 556 ι
1944 507 2113 559 Nemo
2145 513 2323 575 potest
2357 510 2390 563 Δ
2427 510 2545 567 νῦν,
2584 509 2657 577 μὴ
2688 511 2803 569 τοῖς
2835 508 3311 576 ψευδοπροφήταις
3344 504 3650 573 προσέχειν.
3692 504 3802 555 Καὶ
3846 503 3899 553 τί
3940 503 3999 552 τὸ

2422 602 2756 663 διαστέλλειν,
2792 601 3002 661 Παῦλος
3026 599 3284 663 ἐδίδαξεν,
3313 598 3393 649 ὅτι
3429 616 3446 645 ο
3482 596 3669 657 Οὐδεὶς
3710 596 3855 662 λέγει
3888 594 4002 646 Κύ-

2423 711 2538 762 ριον
2568 692 2797 762 Ἰησοῦν,
2828 695 2876 744 εί
2907 692 2980 760 μὴ
3011 693 3068 744 ὲν
3094 690 3373 760 Πνεῦματι
3396 691 3557 759 ἁγίῳ.
3599 707 3616 739 ι
3650 690 3913 757 *Αρχεται
3939 687 3997 737 δὲ

2420 786 2667 838 ἐντεῦθεν
2700 787 2799 853 τῆς
2834 786 2974 837 κατά
3022 785 3133 837 τῶν
3183 782 3522 835 Νικολαϊτῶν
3577 781 3843 850 αἱρέσεως
3894 781 3998 845 τῆς

2419 877 2794 946 καταδρομῆς,
2842 877 3027 945 διττὴν
3056 876 3231 941 λέγων
3257 874 3356 942 τὴν
3391 874 3592 926 κακίαν
3635 872 3833 924 αὐτῶν.
3873 872 3997 922 Εἰσὶ

2421 971 2519 1037 μὲν
2550 968 2657 1037 γὰρ
2707 969 2836 1036 περὶ
2881 967 2947 1018 τὰ
2997 966 3247 1034 δόγματα
3285 964 3659 1025 ἀσεϐέστατοι,
3702 963 3730 1014 ὂ
3764 960 3853 1012 διὰ
3894 960 3996 1026 τῆς

2420 1063 2499 1123 είς
2544 1062 2636 1112 τὸν
2679 1061 2957 1126 Δεσπότην
2998 1058 3237 1127 Χριστὸν
3267 1057 3617 1125 βλασφημίας
3665 1054 3847 1106 αὐτῶν
3891 1056 3997 1105 ἀπ-

2418 1146 2647 1212 έδειξενο
2690 1148 2819 1215 περὶ
2862 1146 2918 1198 δὲ
2955 1146 3069 1214 βίον
3106 1147 3518 1212 ἀσελγέστατοι.
3555 1144 3662 1196 Καὶ
3688 1141 3848 1193 τοῦτο
3898 1141 3996 1207 μὲν

2418 1239 2510 1289 καί
2543 1236 2636 1288 νῦν
2683 1238 2770 1288 διά
2809 1236 2908 1299 τῆς
2942 1237 3336 1306 αἰσχρουργίας
3362 1236 3543 1287 αὐτῶν
3578 1234 3856 1301 παριστᾷ·
3906 1248 3996 1298 μι-

2417 1330 2547 1397 κρὸν
2598 1328 2657 1380 δὲ
2710 1327 2938 1395 ὕστερον
2999 1327 3210 1396 προόἀς
3262 1325 3590 1394 τρανότερον
3648 1319 3993 1388 προενέγκοι·

2423 1438 2441 1470 ι
2484 1418 2808 1483 Πλεονεξίαν
2845 1438 2864 1469 ι
2901 1419 3011 1487 γὰρ
3055 1416 3227 1470 εἰπὼν
3262 1415 3379 1479 νῦν,
3411 1414 3510 1484 τὴν
3540 1410 3995 1481 αἰσχροκέρδειαν

2414 1511 2594 1563 αὐτῶν
2631 1511 2897 1580 ὲσήμανε.
2974 1529 2993 1561 r
3036 1509 3100 1563 Ἠ
3155 1508 3437 1571 πλεονεξία
3487 1525 3506 1556 ι
3556 1505 3666 1574 γὰρ
3716 1504 3848 1554 ποτὲ
3896 1502 3996 1569 μὲν

2413 1604 2513 1673 τὴν
2547 1604 2759 1655 ἀδικίαν
2815 1585 3091 1672 σημαίνει,
3137 1601 3270 1653 ποτὲ
3302 1599 3359 1651 δὲ
3401 1598 3502 1665 τὴν
3544 1594 3994 1665 αἰσχροκέρδειαν

2414 1697 2621 1757 ἁπλῶς.
2663 1696 2827 1747 Ὅθεν
2866 1694 3085 1755 οἰκείως
3114 1693 3172 1745 τὸ
3226 1710 3244 1743 ι
3300 1688 3703 1758 ἐμπορεύεσθαι
3742 1705 3760 1736 ι
3818 1702 3993 1754 προσ-

2416 1787 2612 1855 έθηκεν
2650 1802 2664 1814 ⁶
2698 1786 2995 1854 ἀλλοτριῶν
3024 1785 3079 1836 δὲ
3130 1784 3328 1845 αὐτοὺς
3373 1781 3653 1841 παντελῶς
3696 1780 3794 1845 τῆς
3842 1775 3997 1836 θείας

2414 1878 2785 1939 διδασκαλίας,
2824 1877 3078 1937 πλαστοῖς
3121 1872 3241 1927 εἶπε
3284 1874 3463 1940 λόγοις
3497 1857 3734 1939 χρῆσθαι
3767 1867 3990 1925 αὐτούς.

2429 1969 2567 2021 Ἀλλ’
2598 1968 2799 2031 ἕξουσι,
2830 1969 2983 2033 φησὶ,
3036 1968 3129 2035 τῆς
3167 1964 3422 2025 ἀσεϐείας
3448 1963 3517 2014 τά
3567 1960 3796 2029 ὀψώνια,
3821 1958 3995 2010 Dava-

2431 2076 2544 2110 τον.
2582 2058 2653 2108 Τὸ
2676 2059 2752 2121 δὲ,
2796 2076 2814 2106 ι
2853 2057 3107 2119 ἔκπαλαι,
3142 2074 3159 2104 ι
3219 2056 3315 2122 τῆς
3351 2051 3712 2120 προγνώσεως
3741 2048 3834 2099 τοῦ
3853 2047 3995 2097 Θεοῦ

2416 2153 2530 2201 ἐστι
2582 2147 2940 2217 σημαντικόν.
2990 2146 3096 2199 Καὶ
3136 2145 3325 2212 ὥσπερ
3357 2146 3468 2206 τοῖς
3498 2141 3723 2207 ἀγαθοῖς
3753 2154 3999 2206 προγνω-

2418 2242 2619 2301 στικῶς
2658 2240 2919 2306 ἡτοίμασε
2951 2239 3017 2290 τὰ
3048 2237 3246 2301 ἀγαθὰ,
3288 2235 3429 2288 οὕτω
3459 2236 3552 2285 καὶ
3588 2234 3700 2292 τοῖς
3735 2230 3998 2297 πονηροῖς

2416 2333 2506 2381 τὶν
2551 2328 2885 2398 κατάλληλον
2919 2328 3101 2392 αὐτοῖς
3131 2328 3317 2379 τόπον.
3373 2344 3391 2375 t
3427 2324 3502 2376 Τὸ
3541 2323 3649 2390 γὰρ
3681 2322 3853 2389 κρῖμα
3897 2317 3997 2369 ἐκ·

2418 2422 2583 2472 παλαι
2618 2419 2717 2471 οὐκ
2758 2421 2935 2489 ἀργεῖ.
2975 2436 2990 2468 ι

2495 2531 2512 2561 ι
2557 2506 2650 2571 Οἷς
2675 2511 2736 2562 τὸ
2766 2515 2938 2577 κρῖμα
2967 2509 3203 2561 ἔκπαλαι
3230 2508 3328 2561 οὐκ
3361 2508 3540 2575 ἀργεῖ,
3566 2506 3658 2559 καὶ
3682 2509 3717 2576 ή
3747 2507 4000 2560 ἀπώλεια

2419 2602 2597 2655 αὐτῶν
2630 2602 2690 2652 οὐ
2727 2602 2998 2663 νυστάζει.
3037 2619 3055 2650 ι
3093 2600 3203 2668 Οὐχ
3242 2598 3425 2660 ἁπλῶς
3457 2599 3563 2651 ἀπὸ
3592 2598 3700 2649 τῶν
3732 2614 3999 2666 προτιμο-

2418 2695 2589 2762 τέρων
2630 2693 2918 2759 ἐπιχειρεῖ,
2955 2689 3111 2759 [ἀλλὰ
3148 2688 3339 2757 δεῖξαι]
3374 2689 3713 2756 βουλόμενος,
3752 2688 3824 2748 ὼς
3860 2686 3999 2753 μᾶλ-

2417 2782 2507 2833 λον
2563 2776 2709 2833 οὗτοι
2771 2780 3159 2849 ὑποδικώτεροι
3220 2778 3649 2847 ἁμαρτάνοντες.
3710 2777 3863 2829 Ἐπεὶ
3900 2771 3999 2827 οὖν

2419 2875 2514 2925 καὶ
2543 2866 2689 2924 οὗτοι
2719 2871 2781 2923 τὸ
2818 2872 3212 2939 προτιμότερον
3243 2869 3478 2937 ἔχουσιν,
3512 2868 3588 2930 ὡς
3622 2867 3830 2935 πρῶτοι
3864 2866 4001 2934 κλη-

2420 2961 2610 3020 θέντες
2659 2959 2759 3026 μὲν
2800 2962 2876 3019 εἰς
2906 2958 3234 3028 ἀποστολὴν,
3280 2959 3647 3027 ἐκτραπέντες
3686 2956 3743 3008 δὲ
3774 2956 3874 3023 τῆς
3907 2957 4003 3005 εῦ-

2421 3050 2570 3111 θείας
2593 3051 2735 3110 ὁδοῦ,
2787 3050 2970 3117 μεῖξον
3009 3050 3101 3102 καὶ
3137 3051 3197 3101 τὸ
3250 3048 3569 3117 κατάκριμα
3612 3047 3862 3110 ἕξουσιν,
3901 3044 3998 3110 Ἐξ

2424 3141 2735 3203 ὑποθέσεως
2761 3140 2817 3192 δὲ
2846 3142 3075 3208 κινήσας
3115 3141 3213 3205 τὴν
3245 3138 3755 3206 παραδειγματικὴν
3788 3136 3997 3198 πίστιν,

2422 3236 2521 3283 οὐκ
2553 3232 2801 3283 ἀπέδωκε
2830 3231 2889 3282 τὸ
2923 3231 3213 3282 ἀκόλουθον
3258 3229 3350 3280 τοῦ
3387 3229 3682 3296 σχήματος,
3708 3226 3845 3277 ἀλλά
3867 3243 3988 3277 συν-

2426 3324 2544 3388 έχεε
2609 3319 2669 3370 τὸ
2718 3319 3068 3387 παράδειγμα
3116 3321 3183 3384 τῇ
3233 3318 3342 3369 τῶν
3388 3316 3611 3367 δικαίων
3662 3314 3997 3383 προσλήψει.

2423 3412 2534 3463 Καὶ
2572 3410 2803 3477 ὀφείλων
2852 3410 2944 3459 ἐπὶ
2992 3407 3085 3459 τοῦ
3143 3409 3200 3472 ἐξ
3255 3406 3431 3474 ἀρχῆς
3492 3406 3844 3474 προτεθέντος
3898 3404 3999 3472 τὴν

2424 3500 2724 3574 [ἀπόδοσιν]
2761 3501 3007 3568 ποιῆσαι,
3044 3498 3187 3551 τοῦτ’
3228 3499 3340 3551 ἔστι
3384 3498 3495 3549 τῶν
3536 3496 3995 3565 ἡμαρτησάντων,

2421 3595 2485 3645 δι’
2515 3593 2609 3656 οὓς
2642 3596 2733 3645 καὶ
2770 3593 2829 3643 τὸ
2861 3592 3231 3662 παράδειγμα,
3276 3591 3369 3641 καὶ
3418 3590 3628 3640 εἰπεῖν’
3684 3587 3744 3636 Εἰ
3786 3585 3999 3636 τούτων

2421 3685 2520 3735 οῦκ
2557 3683 2829 3749 ἐφείσατο,
2862 3678 2950 3751 ἄρ’
2980 3680 3072 3732 οῦν
3114 3680 3224 3730 τῶν
3270 3678 3552 3746 παρόντων
3600 3674 3847 3739 ἀσελγῶν
3880 3672 4000 3740 φεί-

2424 3793 2602 3840 σεται;
2637 3776 2817 3845 ἦκατὰ
2858 3774 3171 3840 ἀπόφασινο
3220 3769 3406 3838 Πολλῷ
3456 3769 3655 3836 μᾶλλον
3701 3767 3824 3817 οὐδὲ
3872 3764 4001 3816 τού-

2421 3887 2529 3921 των
2559 3870 2840 3935 φείσεταιο
2892 3852 2952 3917 οἳ)
3005 3864 3164 3916 τοῦτο
3203 3864 3379 3913 ποιεῖ·
3412 3860 3498 3912 διά
3544 3859 3630 3922 τί;
3666 3857 3999 3924 Εὐρίσκεται

2423 3961 2531 4028 γὰρ
2560 3958 2697 4025 αῦτη
2734 3959 2766 4025 ὴ
2812 3956 3087 4017 ἀπόδοσις,
3123 3953 3215 4005 δύο
3247 3951 3622 4019 προκειμένων
3657 3946 4000 4013 ὑποδειγμά-

2422 4068 2550 4111 των,
2582 4049 2750 4101 καλοῦ
2784 4048 2877 4099 καὶ
2919 4047 3111 4107 κακοῦ,
3149 4044 3285 4113 πρὸς
3335 4042 3396 4094 τδ
3439 4040 3612 4093 κακὸν
3652 4040 3812 4105 μόνον
3849 4053 3999 4103 γινο-

2426 4142 2585 4210 μένη,
2622 4139 2720 4189 οὐκ
2754 4138 2831 4187 ἔτι
2878 4135 2973 4187 καὶ
3022 4133 3159 4201 πρὸς
3197 4132 3258 4183 τὸ
3288 4130 3492 4197 ἀγαθόν
3518 4145 3531 4157 ·
3565 4129 3625 4180 οὑ
3658 4128 3767 4194 γὰρ
3808 4127 4001 4185 καλοῖς

2424 4234 2569 4286 κακά
2610 4229 2961 4282 ἁντιδέδοται.
3006 4226 3095 4277 Ἐν
3128 4218 3209 4286 οἷς
3247 4223 3339 4276 οῦν
3382 4223 3480 4274 οὐκ
3506 4222 3705 4290 ἢρκεσε
3734 4219 3835 4287 μιᾷ
3862 4220 4002 4269 ἀπο-

2423 4325 2564 4377 δόσει
2594 4321 2656 4373 τδ
2691 4318 2953 4389 προτεθὲν
3002 4316 3326 4384 ἀπαρτίσαι,
3359 4313 3562 4381 ἑτέρως
3610 4310 3883 4375 διεγένετο
3930 4310 3998 4376 τῇ

2423 4416 2640 4482 φράσει,
2691 4412 2783 4463 καὶ
2826 4409 2892 4460 δι’
2932 4407 3354 4475 ὲπιφωνήματος
3410 4403 3469 4454 τὸ
3512 4401 3857 4469 ὀφειλόμενον
3899 4400 4002 4451 ἀπ-

2359 4496 2394 4549 D
2426 4504 2659 4554 ετέλεσε.
2692 4499 2791 4550 Διά
2838 4498 2890 4549 τί
2920 4497 2976 4547 δὲ
3023 4498 3132 4556 τοῖς
3181 4495 3369 4553 κακοῖς
3404 4490 3726 4559 προστίθησι
3773 4489 3842 4540 τὰ
3887 4488 4000 4541 τῶν

2423 4589 2647 4655 ἀγαθῶν
2684 4582 3087 4653 ὑποδείγματάς
3146 4583 3438 4651 Εἰρήσεται
3488 4580 3629 4630 κατά
3678 4578 3769 4628 τὸν
3822 4578 4000 4646 ἁρμό-

2425 4681 2582 4742 ζοντα
2616 4678 2797 4729 τόπον.
2841 4676 2927 4737 Ὠς
2959 4672 3317 4742 προλαϐόντες
3351 4669 3443 4722 οῦν
3477 4671 3723 4736 εἴπομεν,
3758 4667 3820 4719 οὐ
3858 4668 4001 4720 κατὰ

2423 4771 2483 4822 τὸ
2515 4771 2698 4837 σχῆμα
2729 4767 2821 4818 τοῦ
2854 4766 3175 4833 φαινομένου
3207 4763 3362 4828 λόγου
3404 4762 3495 4813 καὶ
3532 4763 3565 4829 ἡ
3587 4763 3759 4812 ἔννοια
3795 4764 4003 4812 ἐπακο-

2426 4861 2607 4912 λουθεῖ
2654 4861 2762 4910 τῶν
2828 4858 3221 4927 προκειμένων.
3252 4856 3325 4905 Οὐ
3359 4853 3464 4922 γὰρ
3492 4853 3776 4903 ὑπόκειται
3806 4852 3837 4918 ἡ
3872 4850 4001 4902 ἀπό-

2424 4956 2570 5012 ὁισις
2608 4954 2639 5019 ὴ
2674 4950 2897 5001 εἰωθυῖα
2922 4951 3041 5008 ταῖς
3081 4945 3353 5005 τοιαύταις
3387 4942 3700 5006 συντάξεσιν
3728 4942 3997 4993 ἔπεσθαι·

2429 5044 2542 5097 ἀλλ’
2578 5044 2721 5094 ἔστιν
2754 5041 2895 5106 ἁπλῆ
2929 5036 3410 5106 παραδειγματικὴ
3444 5034 3643 5096 πίστις,
3671 5036 3764 5085 καὶ
3798 5033 3903 5083 τῶν
3931 5032 3998 5084 δι’

2428 5134 2702 5203 ἁμαρτίας
2770 5131 3167 5197 κολαζομέων,
3211 5128 3301 5179 καὶ
3354 5126 3461 5178 τῶν
3508 5125 3596 5177 διὰ
3648 5124 3996 5193 δικαιοσύνην

2424 5227 2772 5297 τιμωμένων.
2822 5224 2907 5284 Ὠς
2938 5225 2985 5275 εἱ
3017 5222 3198 5287 ἔλεγεν
3219 5239 3230 5250 ·
3274 5215 3426 5271 Οἶδεν
3453 5221 3479 5269 ό
3509 5217 3638 5275 Θεὸς
3666 5217 3760 5268 καὶ
3790 5233 3915 5276 τους
3940 5217 3996 5265 ἐν

2431 5318 2727 5388 ἁμαρτίαις
2768 5316 2972 5379 ζῶντας
3019 5315 3145 5367 ἄνευ
3200 5311 3413 5379 φειδοῦς
3466 5309 3715 5371 κολάζειν
3761 5309 3997 5377 ἀπαραι-

2430 5412 2629 5480 τήτως,
2686 5409 2757 5469 ὡς
2803 5408 2927 5468 τοὺς
2980 5407 3400 5476 ἁμαρτήσαντας
3448 5402 3733 5468 ἀγγέλους,
3784 5401 3859 5461 ὡς
3907 5401 3999 5451 ἐπὶ

2431 5501 2524 5552 τοῦ
2555 5497 2967 5564 κατακλυσμοῦ,
3000 5497 3073 5558 ὠς
3102 5497 3197 5558 τὰς
3228 5494 3477 5562 Σοδόμων
3511 5492 3694 5553 πόλεις
3716 5508 3727 5518 '
3762 5492 3856 5542 καὶ
3894 5490 3998 5541 πά-

2431 5592 2514 5643 λιν
2569 5590 2693 5652 τοὺς
2749 5587 3094 5656 δικαιοσύνην
3142 5584 3539 5657 ἐργαζομένους
3583 5583 3771 5651 τιμᾷν,
3800 5582 3877 5642 ὠς
3904 5580 3995 5633 τὸν
