4162 6442
213 428 348 493 1269

986 428 1395 489 EXPOSI'I‘lO
1432 428 1510 488 IN
1544 427 1780 490 EPIST.
1813 429 1874 489 II
1906 427 1967 491 S.
1998 431 2254 492 PETRI.
2284 455 2354 469 -
2376 431 2538 493 CAP.
2586 432 2668 493 II.

3337 424 3474 491 1270

209 545 352 607 Νῶε,
386 543 461 606 ὡς
505 543 596 595 τὸν
645 541 768 597 Λώτ
793 560 804 572 ο
842 542 935 595 καὶ
970 544 1117 595 ἐστιν
1157 544 1188 610 ἡ
1227 540 1478 605 σύνταξις
1516 544 1743 612 τοιαύτη
1768 561 1781 574 ο

1902 542 2016 597 Γοοῑι
2049 560 2173 613 erga
2208 545 2431 615 angelus
2500 543 2969 613 praevaricatores,
3036 544 3285 598 homines
3333 554 3476 597 tetn-

208 636 415 700 Εἰπὼν,
470 635 554 687 ὅτι
605 634 1037 701 κολασθήσονται
1083 635 1131 686 οἱ
1176 634 1648 703 ψευδοδιδάσκαλοι
1700 634 1791 686 διὰ

207 727 305 789 τὰς
335 726 688 797 βλασφημίας
718 727 921 789 αὐτῶν,
964 728 1051 780 διὰ
1079 727 1172 780 τὸν
1196 727 1398 797 ἀσελγῆ
1444 728 1558 795 βίον
1586 727 1788 789 αὐτῶν,

207 818 459 887 ἐπιφέρει
510 818 579 871 τὰ
617 819 1071 903 παραδείγματα·
1115 821 1176 871 ’0
1211 821 1317 887 γὰρ
1356 820 1488 882 Θεὸς
1520 821 1787 889 ἀγγέλων,

208 912 650 981 ἁμαρτησάντων
687 913 788 964 οὐκ
818 913 1092 979 ἐφείσατο,
1124 913 1244 965 οὐδὲ
1287 914 1519 983 ἀρχαίου
1561 914 1789 981 κόσμον.

210 1005 318 1057 Καὶ
350 1003 512 1057 πάλιν
559 1005 686 1064 τοὺς
724 1004 1072 1068 δικαιοσύνην
1123 1006 1473 1075 ἀσκήσαντας
1504 1004 1789 1074 ἑπεῇγεί⁴

207 1110 321 1153 ται,
360 1094 443 1145 ὅτι
484 1096 578 1146 καὶ
613 1094 708 1147 τὸν
738 1095 859 1147 Νῶε
902 1097 995 1148 καὶ
1041 1097 1131 1148 τὶν
1165 1096 1286 1150 Λὼτ
1315 1097 1404 1150 διὰ
1436 1097 1792 1167 σωφροσύνην

207 1182 473 1252 ἐφύλαξεν
510 1185 622 1237 ἀπὸ
669 1184 764 1237 τοῦ
796 1185 1018 1254 ὀλέθρου
1050 1187 1159 1239 τῶν
1202 1190 1321 1241 κατ’
1351 1189 1551 1251 αὐτοὺς
1584 1189 1793 1260 ἀνθρτῖλ-

208 1292 346 1327 πων.
393 1274 452 1327 Ὁ
486 1276 593 1346 γάρ
639 1276 762 1329 Νῶε
796 1278 897 1329 οὐκ
949 1279 1171 1347 ἀπήχθη
1201 1283 1266 1349 τῇ
1297 1280 1520 1351 ἀσεϐείᾳ
1551 1282 1661 1334 τῶν
1690 1281 1794 1352 πρὸ

206 1367 304 1420 τοῦ
340 1369 765 1439 κατακλυσμοῦ·
817 1374 911 1422 καὶ
968 1373 996 1425 ὁ
1049 1363 1176 1424 Λὼτ
1222 1372 1375 1426 οὐδὲν
1406 1372 1657 1444 ζηλώσας
1692 1375 1793 1444 τῆς

208 1459 499 1526 ἀσελγείας
537 1460 647 1512 τῶν
684 1462 741 1513 ὲν
772 1461 1047 1529 Σοδόμοις,
1082 1462 1219 1514 άλλά
1249 1463 1343 1517 καὶ
1373 1464 1503 1527 τοὺς
1525 1464 1783 1529 ἐπιξενω-

213 1550 408 1616 μὲνους
438 1550 586 1620 αύτῷ
624 1551 890 1618 ἀγγέλους
930 1553 985 1603 έν
1020 1553 1259 1621 σχήματι
1309 1553 1631 1622 ἀνθρώπων,
1682 1556 1794 1616 τοῖς

207 1640 277 1693 δι’
301 1642 592 1708 ἀσέλγειαν
619 1643 816 1705 αὐτοὺς
841 1643 1168 1708 ἑξαιτοῦσιν,
1198 1649 1260 1697 οὺ
1292 1647 1536 1716 παρέσχε
1562 1664 1574 1679 ο
1617 1648 1794 1699 καίτοι

212 1734 386 1804 μυρία
432 1735 538 1788 ὑπὸ
588 1735 696 1787 τῶν
740 1734 1101 1800 έξαιτούντων
1184 1736 1567 1807 ἐπηρεασθείς.
1628 1736 1796 1791 Τοῦτο

208 1825 319 1894 γάρ
346 1826 433 1878 διά
462 1826 578 1890 τοῦ,
633 1845 651 1879 ι
689 1828 1193 1898 καταπονούμενον,
1233 1849 1250 1880 ι
1286 1829 1585 1898 ύπέφηνεν.

1891 650 2023 705 pore
2056 637 2269 700 diluvii,
2294 647 2349 692 et
2381 636 2745 692 Sodomorum
2770 638 2955 693 urbes.
2992 636 3153 691 Novit
3173 638 3337 690 etiam
3375 651 3471 693 eos

1893 728 1983 796 qui
2014 728 2281 794 jusdtiam
2314 738 2637 799 operantur,
2697 729 2904 782 honore
2942 729 3178 790 allicere,
3227 739 3287 781 ut
3348 727 3476 781 fecit

1891 834 2022 889 erga
2046 822 2158 876 Noe
2180 836 2232 877 et
2256 825 2371 879 Lot.
2408 824 2501 877 Est
2532 838 2664 877 vero
2719 823 3062 878 constructio
3097 818 3416 890 hujusmodi
3455 837 3468 869 :

1894 912 2187 983 Postquam
2211 915 2351 969 dixit
2380 916 2691 984 puniendos
2748 930 2873 969 esse
2925 914 3091 967 falsos
3153 912 3475 981 magistros,

1893 1020 2014 1059 cum
2045 1015 2269 1075 propter
2304 1008 2549 1076 ipsorum
2583 1008 2975 1076 hlasphemias,
2997 1015 3110 1058 tum
3140 1014 3361 1074 propter
3395 1004 3476 1057 in-

1893 1099 2285 1154 continentiam
2313 1102 2454 1163 vitae,
2494 1102 2747 1169 proponit
2770 1101 2825 1155 in
2862 1101 3002 1154 hanc
3036 1113 3151 1153 rem
3206 1098 3476 1166 exempla,

1896 1206 2088 1259 nempe
2121 1193 2263 1260 quod
2289 1192 2429 1247 Deus
2458 1194 2669 1261 angelis
2704 1193 3054 1260 peccantibus
3082 1204 3187 1243 non
3221 1204 3479 1257 peperce-

1897 1281 1985 1340 rit.
2012 1282 2152 1335 sicut
2179 1298 2275 1335 nec
2306 1283 2557 1349 originali
2616 1298 2711 1338 seu
2771 1284 2955 1352 prisco
2981 1282 3185 1334 mundo
3235 1288 3481 1347 tempore

1895 1374 2109 1426 diluvii.
2149 1374 2209 1427 lit
2239 1390 2432 1429 rursus
2464 1385 2735 1429 memorat
2778 1388 2874 1428 eos
2897 1372 2987 1441 qui
3019 1371 3285 1443 justitiam
3316 1383 3482 1423 exco—

1899 1470 2159 1528 luerunt;
2193 1467 2406 1536 aitque,
2439 1468 2583 1535 quod
2615 1465 2891 1521 Noachum
2921 1473 2973 1519 et
3006 1463 3225 1524 Letum,
3262 1468 3483 1531 prepter

1898 1560 2317 1627 temperantiam
2347 1570 2398 1613 et
2423 1558 2837 1621 continentiam,
2861 1574 2889 1611 a
2917 1566 3260 1620 eteterorum,
3294 1554 3384 1623 qui
3415 1568 3481 1607 eo

1899 1662 2143 1717 tempore
2166 1651 2443 1714 vivebant,
2470 1651 2638 1705 exitio
2690 1648 3027 1703 liberaverit.
3065 1645 3352 1715 Siquidem
3383 1658 3482 1697 nec

1896 1744 2009 1798 Nm:
2045 1754 2632 1812 contemporaneorum
2661 1757 2887 1797 suorum
2923 1740 3169 1811 nequitia
3205 1746 3258 1793 et
3285 1736 3480 1807 impie-

1900 1842 2010 1888 tate
2038 1850 2097 1890 se
2126 1835 2324 1889 abduci
2359 1851 2551 1905 passus
2581 1844 2663 1890 est
2694 1854 2707 1889 :
2740 1849 2843 1888 nec
2896 1835 2999 1889 Lot
3061 1831 3473 1887 Sod’omitarutn

209 1918 608 1987 impudicitiam
644 1927 728 1972 est
763 1919 1008 1973 imitatus
1044 1939 1054 1971 :
1094 1934 1191 1973 nec
1219 1920 1444 1989 angelos
1487 1920 1658 1973 forma
1731 1922 1970 1978 hutnaua
2044 1928 2282 1995 hospitio
2346 1937 2604 1996 exceptos
2660 1927 2931 1996 protervis
2981 1927 3089 1982 illis
3139 1927 3475 1996 petentibus.

209 2023 529 2078 quanquam
560 2008 864 2064 innumeris
891 2010 989 2063 hac
1019 2010 1086 2064 de
1123 2025 1289 2065 causa
1328 2012 1618 2067 lacessitus
1649 2013 1868 2083 injuriis
1902 2017 1981 2085 (ut
2044 2019 2317 2074 induatur
2384 2036 2477 2090 per
2540 2034 2724 2073 vocem
2786 2020 2937 2073 illam
3011 2037 3029 2069 ι
3065 2034 3388 2089 oppressum
3434 2018 3481 2076 ι)

205 2104 563 2158 contradidit.

290 2215 307 2247 I
346 2197 407 2248 El
438 2197 545 2265 γὰρ
575 2196 604 2248 δ
636 2196 767 2258 Θεὸς
789 2196 1036 2265 ἀγγέλων
1062 2199 1499 2267 ἁμαρτησάντων)
1530 2200 1629 2252 οὑκ
1653 2202 1793 2269 ἑφεί-
1824 2205 1867 2263 Β

209 2306 369 2354 nato,
428 2288 568 2341 ἀλλά
613 2291 802 2357 συραϊς
832 2288 997 2356 ζόφου
1047 2291 1433 2361 ταρταρώσας,
1479 2295 1796 2362 παρέδωκεν

208 2385 292 2446 εἰς
322 2383 503 2452 κρίσιν
540 2382 975 2452 τετηρουμένους
1020 2381 1182 2453 (vulg.
1211 2385 1529 2457 -ρημέν.].
1563 2387 1671 2439 Καὶ
1696 2388 1794 2457 ἀρ-

210 2476 369 2544 χαίου
398 2474 606 2543 κόσμου
639 2474 741 2526 οὐκ
772 2475 1046 2543 ἐφείσατο,
1080 2476 1196 2528 ἀλλ’
1224 2476 1408 2544 δγδοον
1440 2478 1559 2531 Νῶε
1590 2479 1797 2533 δικαιο-

209 2566 379 2633 σύνης
406 2567 624 2635 κήρυκα
681 2566 937 2634 ἐφύλαξε,
991 2568 1377 2635 κατακλυσμὸν
1417 2569 1607 2638 κόσμῳ
1656 2570 1798 2623 κατὰ

208 2656 429 2709 ἀσεϐῶν
463 2658 671 2721 ἐπάξας
702 2672 715 2687 ·
754 2658 849 2710 καὶ
880 2659 1060 2719 πόλεις
1098 2659 1348 2729 Σοδόμων
1385 2662 1479 2713 καὶ
1512 2662 1797 2732 Γομόρρας

207 2747 503 2817 τεφρώσας
530 2753 885 2820 καταστροφῇ
941 2752 1282 2821 κατέκρινεν,
1320 2753 1623 2823 ὑπόδειγμα
1666 2755 1795 2824 μελ-

210 2836 415 2891 λόντων
444 2838 663 2892 ἀσεϐεῖν
691 2840 984 2904 τεθεικώς·
1030 2842 1127 2893 καὶ
1160 2842 1370 2896 δίκαιον
1400 2844 1523 2897 Λὼτ
1551 2863 1797 2900 καταπο-

208 2946 258 2981 ν
276 2930 474 3000 ύμενον
498 2931 605 2985 ὑπὸ
630 2934 732 3002 τῆς
759 2933 870 2985 τῶν
908 2932 1165 3004 ἀθέσμων
1186 2938 1242 2987 έν
1272 2937 1498 3006 ἀσελγίᾳ
1534 2941 1798 3008 ἀναστρο-

211 3026 321 3093 φῆς
367 3026 660 3097 ἐρρύσατο.
724 3029 1011 3099 Βλέμματι
1058 3032 1167 3099 γάρ
1226 3034 1315 3084 καὶ
1349 3036 1485 3103 ἀκοῇ
1524 3036 1552 3086 ὁ
1591 3036 1797 3098 δίκαιος

211 3119 555 3189 ἐγκατοικῶν
584 3124 639 3172 ὲν
671 3122 876 3184 αὐτοῖς,
911 3124 1122 3192 ἡμέραν
1160 3122 1219 3187 ἐξ
1260 3126 1473 3193 ἡμέρας
1509 3126 1687 3198 ψυχὴν
1715 3129 1794 3182 δι-

211 3211 378 3264 καίαν
406 3212 628 3282 ἀνόμοις
659 3214 840 3281 ἔργοις
865 3214 1206 3277 ἐϐασάνιζεν.
1249 3213 1370 3269 Οἵδε
1410 3218 1613 3288 Κύριος
1648 3221 1797 3273 εὐσε-

210 3303 328 3365 ϐεῖς
375 3305 440 3355 ὲκ
470 3304 781 3373 πειρασμοῦ
832 3305 1078 3373 ῥύεσθαι,
1112 3307 1326 3369 ἀδίκους
1369 3310 1424 3361 δὲ
1472 3313 1549 3372 είς
1583 3313 1796 3382 ἡμέραν

211 3394 449 3464 κρίσεως
497 3396 899 3465 κολαζομένους
939 3401 1146 3467 τηρεῖν.
1190 3420 1206 3450 ι
1242 3402 1351 3453 Καὶ
1399 3402 1559 3455 τοῦτο
1592 3404 1645 3455 δὲ
1670 3407 1798 3473 περὶ

208 3488 306 3542 τοῦ
335 3489 457 3542 Λὼτ
492 3489 675 3555 λέγει·
710 3510 728 3541 ‹
765 3486 885 3542 Οἷδε
939 3491 1140 3560 Κύριος
1190 3494 1436 3557 εὐσεϐεῖς
1497 3496 1559 3547 ὲκ
1604 3514 1792 3565 πειρα-

1970 2202 2135 2258 Vens.
2163 2203 2197 2257 4
2231 2202 2284 2257 9·
2325 2220 2343 2253 ι
2412 2202 2468 2256 Si
2495 2202 2640 2257 enim
2693 2202 2833 2257 Deus
2885 2203 3091 2271 angelis
3128 2205 3485 2273 peccantibus

1903 2310 2012 2350 non
2041 2296 2301 2364 pepercit,
2336 2292 2428 2348 sed
2476 2296 2804 2349 rudentibus
2852 2295 3054 2349 int‘erni
3089 2294 3370 2350 detractos
3430 2297 3484 2350 in

1905 2398 2173 2440 tartarum
2219 2386 2446 2440 tradidit
2474 2386 3196 2456 cruciandos,injudicium
3239 2402 3486 2442 reserva-

1906 2481 1972 2534 ri.
2006 2478 2068 2533 Et
2102 2480 2352 2549 originali
2391 2479 2595 2533 mundo
2628 2464 2736 2533 non
2787 2480 3062 2549 pepercit,
3097 2480 3192 2535 sed
3228 2490 3482 2534 octavum

1903 2571 2257 2640 Noejustitia:
2278 2585 2587 2640 praeconem
2617 2570 2942 2630 custodivit,
2973 2570 3244 2624 diluvium
3278 2571 3489 2623 mundo

1904 2667 2195 2735 impiorum
2261 2664 2547 2715 inducens.
2576 2660 2641 2713 Et
2718 2661 2974 2715 civitates
3034 2659 3400 2714 Sodomorum
3432 2667 3486 2712 rt

1902 2755 2385 2810 Gomorrhaaorum
2464 2752 2517 2805 in
2563 2751 2806 2805 cinerem
2872 2749 3149 2820 redigens,
3204 2750 3487 2805 eversione

1903 2848 2227 2904 damnavit:
2288 2842 2601 2913 exemplum
2675 2858 2891 2919 eorum,
2925 2844 3017 2911 qui
3092 2843 3256 2912 impie
3311 2844 3485 2895 acturi

1905 2949 2050 3001 sunt.
2084 2953 2317 3007 ponens.
2349 2936 2413 2990 Et
2441 2938 2652 3006 justum
2679 2934 2784 2989 Lot
2803 2949 3127 3004 Oppressum
3158 2951 3188 2987 ιι
3218 2932 3485 2988 nefando-

1905 3046 2024 3085 rum
2088 3029 2298 3098 injuria
2354 3037 2408 3082 et
2460 3026 2741 3081 luxuriosa
2797 3026 3213 3080 conversatione
3261 3026 3481 3094 eripuit.

1901 3113 2142 3197 Aspectu
2170 3126 2316 3180 enim
2341 3122 2600 3177 etauditu
2620 3122 2804 3190 justus
2850 3133 2993 3185 erat,
3051 3121 3308 3175 habitans
3342 3120 3485 3188 apud

1903 3234 2022 3282 eos,
2055 3221 2145 3287 qui
2180 3218 2248 3270 de
2301 3217 2388 3269 die
2450 3216 2504 3267 in
2543 3213 2687 3267 diem
2742 3215 2977 3266 animant
3016 3212 3222 3281 justam
3285 3212 3487 3281 iniquis

1905 3310 2161 3380 operibus
2191 3307 2531 3361 cruciabant.
2562 3304 2723 3358 Novit
2774 3303 3037 3358 Dominus
3062 3304 3181 3368 pios
3204 3305 3270 3357 de
3308 3312 3487 3357 tema-

1908 3401 2055 3454 tione
2146 3399 2404 3465 eripere,
2478 3397 2696 3464 iniquos
2750 3411 2879 3447 w-ro
2956 3398 3007 3447 in
3095 3395 3237 3449 diem
3292 3394 3483 3463 judicii

1907 3508 2189 3546 reservare
2278 3490 2632 3543 cruciandos.
2707 3507 2725 3539 ι
2803 3489 2871 3541 Ει
2911 3488 3013 3542 hoc
3073 3489 3139 3542 de
3208 3487 3306 3541 Lot
3372 3489 3484 3542 ait:

212 3582 356 3651 σμοῦ
387 3582 637 3653 ῥύεσθαι,
682 3602 699 3633 ι
733 3587 825 3637 καὶ
878 3582 1025 3652 ἑξῆς.
1083 3587 1251 3638 Οὐδὲν
1301 3587 1358 3639 δὲ
1408 3589 1537 3656 περὶ
1576 3560 1799 3641 δικαίων

1912 3603 1929 3635 ι
1966 3582 2127 3635 Novit
2202 3581 2465 3635 Dominus
2518 3580 2638 3649 pios
2717 3593 2784 3632 ex
2838 3578 3414 3647 tentatione.eriperc.
3462 3597 3481 3627 ι

211 3678 517 3746 προειπὼν,
547 3679 594 3730 εί
630 3677 703 3747 μὴ
733 3678 891 3745 μόνον
928 3679 1054 3749 περὶ
1088 3678 1323 3745 ἀσεϐῶν,
1351 3685 1444 3733 καὶ
1472 3682 1569 3750 τῆς
1593 3682 1801 3736 τούτων

201 3768 503 3837 τιμωρίας,
531 3770 871 3839 παρενέϐαλε
904 3773 997 3823 καὶ
1018 3772 1079 3824 τὰ
1112 3772 1317 3825 τούτων
1348 3775 1766 3844 παραδείγματα
1785 3792 1797 3807 ·

210 3857 435 3931 πρῶτον
490 3863 586 3928 μὲν
639 3860 726 3914 διά
767 3860 827 3914 τὸ
865 3862 961 3915 καὶ
990 3862 1090 3932 τὴν
1139 3863 1403 3934 Ἱστορίαν
1436 3865 1551 3935 ἃμα
1588 3867 1801 3935 μεμνῆ-

210 3950 364 4020 ἁοαι,
396 3955 491 4007 καὶ
519 3955 617 4023 τῆς
651 3956 760 4009 τῶν
815 3956 1029 4009 ἀσεϐῶν
1085 3957 1383 4019 ἀπωλείας,
1432 3959 1525 4011 καὶ
1560 3961 1656 4025 τῆς
1690 3958 1801 4010 τῶν

208 4048 441 4101 δικαίων
470 4050 783 4117 σωτηρίας·
841 4048 1035 4102 ἔπειτα
1088 4048 1143 4100 δὲ
1201 4051 1291 4111 καὶ
1340 4050 1401 4101 ὲκ
1448 4049 1802 4119 παραθέσεως

210 4140 443 4203 τούτων,
471 4140 580 4192 τῶν
618 4141 717 4207 μὲν
768 4142 1206 4211 ἁμαρτησάντων
1258 4142 1490 4210 ἐξαίρων
1518 4142 1577 4194 τὸ
1608 4142 1799 4205 κακὸν,

210 4231 326 4283 τῶν
354 4231 413 4284 δὲ
441 4231 908 4300 κατορθωσάντων
938 4231 1320 4303 [λαμπρύνων]
1348 4234 1409 4284 τὺ
1436 4233 1798 4303 κατορθωθέν·

211 4322 298 4376 {tt
321 4324 377 4377 δὲ
403 4324 649 4387 καὶτοὺς
709 4323 989 4392 ἀκροατὰς
1038 4325 1267 4390 πείθων,
1296 4325 1405 4378 τῶν
1440 4326 1537 4394 μὲν
1574 4331 1801 4397 μισῆσαι

213 4416 307 4469 διὰ
344 4414 445 4479 τὰς
474 4416 744 4485 τιμωρίας
773 4415 835 4468 τὸ
866 4415 1114 4483 ἀσελγὲς,
1163 4418 1269 4469 τῶν
1299 4418 1354 4470 δὲ
1391 4419 1801 4474 ἐπισπάσασθαι

214 4505 307 4559 διὰ
332 4505 433 4575 τῆς
462 4505 741 4577 σωτηρίας
773 4504 834 4558 τὸ
864 4505 1216 4575 κατόρθωμα.

290 4706 312 4738 ι
352 4685 601 4739 Μάλιστα
656 4685 714 4738 οὲ
766 4685 893 4748 τοὺς
942 4684 1117 4737 ὀπίσω
1152 4684 1353 4756 σαρκὸς
1376 4687 1433 4739 ἐν
1483 4687 1801 4756 ἐπιθυμίαις

218 4776 469 4849 μιασμοῦ
514 4777 955 4845 πορευομένους,
1007 4776 1102 4828 καὶ
1154 4777 1478 4847 κυριότητος
1521 4796 1799 4850 καταφρο-

1901 3674 2066 3743 392
2131 3672 2268 3727 Cum
2329 3686 2508 3724 autem
2546 3671 2782 3739 primum
2848 3670 2982 3722 nihil
3029 3670 3095 3723 de
3150 3670 3335 3738 justis,
3390 3671 3485 3724 sed

1906 3774 2120 3819 tantum
2211 3765 2278 3817 de
2359 3763 2543 3829 impiis
2578 3778 2883 3830 eorumque
2953 3762 3237 3831 punitione
3310 3762 3484 3816 dixis-

1906 3865 2008 3922 set,
2075 3855 2323 3924 quzedam
2382 3856 2544 3907 etiam
2587 3854 2655 3907 de
2702 3853 2867 3923 justis
2950 3854 3200 3922 exempla
3251 3853 3482 3906 attulit:

1903 3948 2083 4019 primo
2114 3947 2355 4016 quidem,
2385 3946 2513 4015 quia
2550 3958 2705 3999 sacra
2738 3944 2965 3999 historia
2998 3944 3191 3998 eodem
3217 3943 3337 3997 loco
3368 3951 3483 3997 tum

1905 4039 1972 4092 de
2000 4038 2377 4107 improborum
2444 4034 2772 4105 perditione,
2826 4045 2939 4088 tum
2973 4034 3040 4089 de
3096 4034 3370 4101 justorum
3401 4047 3487 4086 sa-

1906 4132 2018 4185 lute
2034 4130 2366 4187 mentionem
2403 4128 2566 4190 facit;
2596 4125 2796 4183 deinde
2843 4136 3048 4191 autem,
3080 4134 3139 4180 ut
3172 4124 3484 4195 hujusmodi

1904 4223 2315 4293 comparatione
2344 4232 2395 4275 et
2416 4222 2762 4290 peccantium
2814 4228 3169 4290 exaggeraret
3199 4218 3482 4277 malitiam.

1902 4326 1955 4370 et
1980 4316 2277 4385 proborum
2307 4314 2574 4367 virtutem
2608 4312 2880 4385 redderet
2913 4311 3224 4374 clariorem,
3254 4326 3316 4364 ac
3352 4326 3487 4379 prte-

1905 4422 2057 4467 terea
2083 4409 2432 4463 auditoribus
2485 4406 2847 4477 persuaderet
2879 4407 3019 4471 suis,
3065 4418 3118 4458 ut
3149 4421 3273 4459 cum
3339 4415 3485 4458 metu

1905 4517 2081 4572 paena:
2110 4501 2237 4555 odio
2261 4498 2531 4553 haberent
2560 4495 2986 4565 impudicitiam,
3027 4505 3139 4550 tum
3167 4496 3365 4549 salutis
3394 4497 3488 4549 de-

1904 4593 2108 4651 siderio
2135 4593 2393 4645 virtutem
2426 4590 2915 4658 amplecterentur.

1980 4686 2146 4740 Vens.
2203 4686 2289 4739 10.
2326 4702 2344 4734 ι
2373 4682 2544 4751 Magis
2568 4690 2750 4735 autem
2813 4694 2933 4742 eos,
2983 4678 3074 4747 qui
3110 4687 3229 4743 post
3266 4693 3485 4731 carnem

1907 4782 1959 4834 in
1993 4775 2444 4845 concupiscentia
2471 4772 2829 4827 immunditite
2890 4770 3189 4833 ambulant,
3237 4769 3488 4822 domina-

211 4871 465 4931 νοῦντας.
512 4888 532 4921 ι
582 4868 865 4923 Ἐντεῦθεν
898 4868 1137 4936 εὐφυῶς,
1180 4869 1289 4922 ἀπὸ
1322 4870 1431 4923 τῶν
1463 4871 1796 4941 ὑποδειγμά-

1910 4874 2219 4939 lienemque
2245 4877 2623 4923 contemnunt.
2665 4886 2685 4919 ι
2724 4866 2802 4919 Ex
2835 4866 3168 4935 supradictis
3221 4864 3486 4931 exemplis

210 4982 326 5017 των
391 4962 501 5015 τῶν
550 4962 1007 5032 προηγουμένων,
1057 4962 1137 5024 είς
1189 4962 1289 5032 τὴν
1331 4962 1613 5034 παροῦσαν
1637 4959 1801 5034 ἦλθεν

212 5053 497 5107 ὑπόθεσιν.
530 5053 601 5106 Δέ
619 5070 691 5119 γει
719 5053 774 5105 δὲ
803 5054 928 5122 περὶ
947 5053 1055 5105 τῶν
1088 5055 1409 5124 καταράτων
1440 5055 1798 5121 Νικολαϊτῶν,

215 5150 314 5202 καὶ
343 5146 674 5216 Ναασηνῶν,
706 5144 802 5196 καὶ
855 5144 1265 5214 Κερδωνιανῶν.
1300 5147 1660 5216 Πολυώνυμος
1693 5149 1799 5218 γάρ

215 5235 404 5291 αὐτῶν
427 5236 574 5287 ἐστιν
628 5237 662 5303 ἡ
696 5234 883 5296 κακία,
917 5237 1012 5288 καὶ
1064 5235 1139 5300 ὡς
1196 5235 1330 5306 [τοῖς
1382 5239 1593 5305 μιαροῖς
1618 5236 1800 5305 ἔργοις

213 5328 366 5380 οὓτω
403 5328 500 5380 καὶ
540 5325 791 5397 ὀνόμασι]
845 5328 1232 5397 συγκεχυμένη
1291 5314 1795 5397 καταλαμϐάνεται.

218 5413 385 5474 Οὗτοι
418 5418 548 5487 γὰρ,
578 5420 652 5480 ὠς
687 5420 963 5487 φθάνομεν
1016 5419 1319 5489 εἰρηκότες,
1372 5419 1538 5473 Βυθὸν
1570 5421 1800 5489 ὑποστη.

217 5514 450 5573 σάμενοι
506 5509 600 5563 καὶ
652 5509 820 5580 Σιγὴν
848 5509 913 5561 τὰ
946 5510 1278 5579 πρωτουργὰ
1309 5510 1408 5578 τῆς
1458 5511 1552 5562 τοῦ
1595 5512 1799 5580 κόσμου

211 5603 511 5670 γενέσεως,
545 5599 638 5654 καί
669 5618 819 5663 τινας
851 5600 958 5654 ἀπὸ
972 5600 1451 5670 τούτων’μητέρας
1480 5602 1573 5654 καὶ
1602 5602 1803 5665 αἰῶνας

213 5694 775 5763 τερατολογὴσαντες,
832 5693 908 5755 ὡς
956 5693 1048 5745 καὶ
1105 5693 1392 5762 Μαρκίων,
1444 5695 1551 5747 ἀπὸ
1598 5696 1804 5749 τούτων

213 5784 404 5836 λαϐὼν
428 5785 638 5853 πονηρὰ
668 5786 980 5856 σπέρματα.
1016 5781 1147 5839 Εἶτα
1185 5787 1528 5855 Κυριότητας
1567 5787 1657 5839 διὰ
1685 5788 1807 5841 τού-

218 5890 334 5928 των
364 5874 468 5946 τῆς
491 5876 584 5928 τοῦ
617 5876 820 5946 κόσμου
880 5878 1238 5948 δημιουργίας
1292 5880 1676 5949 παρωσάμενοι
1712 5884 1805 5934 καὶ

1912 4967 1964 5018 in
1997 4980 2235 5033 prmsens
2265 4973 2653 5032 argumentum
2681 4960 2977 5015 admodum
3009 4960 3150 5015 scite
3175 4958 3483 5013 descendit.

1913 5059 2179 5128 Loquitur
2209 5067 2388 5111 autem
2422 5056 2490 5110 de
2513 5056 2869 5110 exsecrandis
2918 5053 3219 5115 Nicolaitis,
3260 5051 3484 5106 etNaa-

1910 5151 2080 5215 senis,
2104 5159 2155 5204 et
2181 5149 2539 5203 Cerdonianis
2565 5148 2736 5217 (varie
2757 5146 2904 5199 enim
2932 5160 3133 5210 eorum
3164 5141 3485 5212 improbitas

1908 5243 2285 5311 appellabatur
2327 5258 2340 5293 :
2372 5241 2513 5295 unde
2543 5240 2686 5293 sicut
2709 5238 2994 5293 sceleratis
3020 5238 3300 5306 operibus.
3327 5236 3399 5289 ita
3432 5242 3486 5288 et

1908 5333 2096 5386 multis
2159 5331 2477 5384 nominibus
2508 5344 2570 5381 ea
2631 5328 2861 5382 confusa
2916 5324 3391 5395 deprehenditur.)
3421 5323 3482 5377 lli

1905 5423 2073 5485 enim,
2111 5429 2169 5474 ut
2203 5421 2315 5489 jam
2353 5420 2612 5482 diximus,
2650 5417 2891 5481 Bithum,
2932 5416 3037 5471 hoc
3066 5424 3177 5477 est,
3202 5414 3478 5480 profundi-

1905 5523 2092 5575 tatem,
2119 5523 2171 5567 et
2202 5512 2389 5580 Sigea,
2429 5512 2476 5563 id
2503 5521 2607 5572 est,
2667 5510 2945 5564 silentium
2999 5507 3297 5578 primordia
3321 5508 3484 5574 hujus

1907 5606 2094 5660 mundi
2129 5604 2475 5665 statuebant;
2519 5609 2573 5653 et
2604 5616 2667 5653 ex
2706 5600 2789 5654 his
2841 5598 3110 5667 quasdam
3166 5607 3389 5658 matres,
3430 5604 3485 5649 et

1907 5710 2114 5759 amnes,
2136 5695 2237 5748 hoc
2269 5702 2354 5747 est
2384 5691 2579 5746 sarcula
2619 5698 2738 5742 orta
2794 5689 3091 5744 commenti
3146 5694 3276 5742 sunt
3306 5706 3318 5742 :
3349 5704 3483 5755 que-

1912 5786 2263 5841 madmodum
2290 5793 2343 5838 et
2378 5782 2620 5835 Manion
2664 5782 2753 5850 qui
2785 5783 2853 5834 ab
2878 5782 2965 5835 his
2990 5795 3155 5849 prava
3188 5780 3373 5833 hausit
3400 5794 3481 5829 se-

1915 5880 2079 5934 mina.
2121 5878 2324 5933 Deinde
2360 5878 2795 5931 detninitiunem
2828 5890 2924 5929 seu
2984 5873 3178 5937 Deum,
3209 5889 3238 5925 a
3296 5872 3479 5925 mundi
