4162 6442
686 394 825 465 1275

1570 395 2148 456 THEOPHYLACI‘I
2204 398 2538 457 BULGARI
2553 398 2618 457 Β
2663 398 3027 458 ABCHIEP.

3811 395 3955 461 1276

684 517 834 569 velut
861 528 1029 567 canes
1062 511 1129 564 ad
1169 509 1432 563 vomitum
1482 525 1641 563 suum
1721 519 2083 563 revertantur.
2120 508 2251 573 Quae

2370 525 2454 575 ιην
2483 508 2891 574 ἀποφυγόντας,
2941 510 3002 559 ἐν
3042 508 3356 574 ἀσελγείαις
3385 508 3480 559 mi
3517 510 3575 561 iv
3619 509 3946 579 ἐπιθυμίαις

682 624 814 662 vero
848 608 936 660 hic
962 605 1242 671 interiecta
1272 615 1419 662 sunt,
1444 617 1632 653 eorum
1654 602 1947 656 vanitatem
1969 606 2257 658 enuntiant

683 713 750 753 ac
784 697 1133 750 conﬁrmant.
1168 692 1375 747 Sensus
1412 702 1593 745 autem
1645 704 1728 746 est
1762 711 1776 745 :
1840 693 2003 755 Nihil,
2060 697 2256 763 inquit,

684 790 806 855 puri
836 789 1124 847 habentes.
1151 786 1244 839 sed
1269 796 1526 852 tanquam
1559 785 1710 838 labes
1745 787 1796 837 in
1828 788 2059 840 candida
2088 798 2257 850 veste,

684 882 757 935 ita
793 882 870 935 illi
928 881 981 932 in
1039 894 1173 947 pura
1225 878 1481 931 Ecclesiae
1542 880 1966 932 conversatione
2017 881 2258 943 sulmati,

682 990 807 1030 eum
838 975 1052 1042 aliquos
1081 973 1294 1024 obviam
1329 972 1546 1027 habent.
1577 972 1622 1023 si
1667 974 1874 1039 possint
1895 987 1989 1025 eos
2019 973 2133 1026 sive
2178 973 2260 1024 vi-

686 1081 803 1129 ros,
855 1067 971 1119 sive
1024 1066 1288 1118 mulieres
1342 1065 1757 1118 conversatione
1808 1080 1905 1117 sua
1956 1064 2262 1133 impudicos

684 1159 936 1219 reddere,
970 1157 1021 1210 id
1056 1158 1110 1209 in
1135 1157 1350 1209 deliciis
1385 1158 1607 1217 habent,
1637 1156 1784 1223 quod
1813 1171 1969 1210 suam
2016 1158 2259 1225 ipsorum

684 1250 966 1304 lasciviam
1029 1248 1278 1315 explendi
1351 1249 1431 1303 sic
1487 1250 1699 1317 capiam
1753 1252 2167 1303 naneiseantur.
2221 1250 2263 1302 li

680 1342 846 1393 etiam
895 1356 991 1393 vos
1023 1340 1275 1393 convivio
1313 1341 1543 1393 libenter
1577 1340 1875 1407 excipiunt,
1905 1358 2011 1395 non
2044 1353 2263 1411 propter

683 1433 1036 1492 charitatem,
1082 1438 1142 1482 ut
1173 1431 1311 1482 alios
1354 1430 1621 1482 bonorum
1680 1445 1907 1483 suorum
1967 1434 2263 1502 participes

685 1523 917 1585 faciant,
962 1522 1054 1576 sed
1091 1522 1216 1588 quia
1252 1522 1561 1589 hujusmodi
1598 1531 1811 1591 tempus
1843 1524 1908 1575 ad
1939 1524 2261 1579 feminarum

684 1614 1060 1682 deeeptionem
1096 1624 1464 1681 opportunum
1491 1622 1683 1681 putant
1711 1632 1723 1665 :
1757 1630 1880 1667 nam
1913 1616 2104 1668 oculos
2132 1630 2262 1670 suos

686 1722 793 1760 non
835 1708 889 1759 in
916 1705 1061 1759 aliud
1094 1722 1255 1773 quam
1286 1706 1339 1757 in
1366 1706 1641 1760 adulteras
1684 1708 1995 1771 intendunt,
2030 1724 2094 1761 ac
2128 1708 2264 1761 deli-

683 1813 783 1851 xos
812 1813 1027 1862 semper
1060 1797 1295 1849 retinent
1322 1815 1336 1849 :
1375 1797 1621 1865 adeoque
1654 1810 1960 1866 peccantes,
1999 1811 2056 1853 ut
2090 1804 2263 1853 male-

2361 603 2584 672 σαρκὸς,
2620 603 2696 665 ὡς
2718 604 2869 657 κύων
2909 607 3004 657 ἐπὶ
3038 606 3097 657 τὸ
3129 605 3261 656 ίδιον
3311 604 3567 672 έξήραμα
3597 604 3947 673 ἐπιστρέψαι.

2361 697 2440 748 Ti
2480 696 2536 748 δὲ
2579 696 2807 764 μεταξὺ,
2827 698 2928 764 τῆς
2966 698 3327 765 ματαιότητος
3358 696 3567 748 τούτων
3587 696 3952 764 ἐξαγιγελτικά

2362 790 2455 839 καὶ
2501 790 2833 841 πιστωτικά.
2880 789 2941 842 ’0
2984 790 3042 841 δὲ
3109 789 3235 851 νοῦς
3290 784 3490 849 οὗτοςο
3526 789 3716 853 Οὐδὲν,
3756 792 3948 857 φησὶν,

2361 881 2578 945 ἔχοντες
2641 879 3044 949 καθαριότητος
3094 880 3377 947 ἐχόμενον,
3406 878 3523 931 ἀλλ’
3555 880 3633 940 ὡς
3673 880 3854 931 σπίλοι
3892 883 3954 932 ὲν

2366 969 2567 1037 ίματίῳ
2589 969 2819 1037 καθαρῷ
2850 974 2914 1038 τῇ
2948 972 3247 1040 ἀκραιφνεῖ
3285 970 3535 1037 πολιτεία
3563 972 3952 1039 ἑπιφυόμενοι,

2362 1060 2583 1112 ἐπειδὰν
2612 1062 2942 1130 ἀπατήσωσί
2967 1080 3123 1124 τινας
3176 1063 3279 1114 καὶ
3337 1062 3645 1130 δυνηθῶσιν
3701 1062 3956 1128 ἀσελγεῖς

2362 1147 2562 1218 ἄνδρας
2598 1150 2727 1211 τοὺς
2755 1151 3015 1212 συνόντας
3041 1152 3136 1204 καὶ⁵
3189 1153 3461 1216 γυναῖκας
3502 1136 3954 1219 παρασκευάσαι,

2361 1241 2578 1310 τρυφὴν
2617 1243 2880 1310 ἡγοῦνται
2951 1242 3013 1295 τὸ
3068 1244 3330 1312 πρᾶγμα,
3372 1243 3825 1312 ἀποπληροῦντες
3854 1244 3956 1311 τὴν

2364 1336 2577 1389 ἑαυτῶν
2598 1336 2910 1401 ἀσέλγειαν.
2956 1336 3117 1388 Ἀλλά
3168 1336 3261 1387 καὶ⁵
3296 1336 3767 1404 συνευωχούμενοι
3795 1336 3955 1400 ὑμῖν,

2366 1428 2427 1480 οὐ
2476 1427 2544 1478 δι’
2581 1428 2827 1496 ἀγάπην,
2873 1429 3034 1496 φησὶ,
3080 1428 3172 1480 καὶ
3196 1427 3259 1479 τὺ
3314 1427 3758 1494 μεταλαμϐάνειν
3808 1426 3958 1479 ἀλῶν

2365 1516 2526 1570 τοῦτο
2556 1516 2824 1579 ποιοῦσιν,
2852 1516 2988 1571 ἀλλὰ
3015 1516 3105 1569 διά
3142 1518 3205 1568 τὸ
3223 1517 3419 1585 καιρὸν
3447 1516 3733 1585 εὑρίσκειν
3767 1516 3958 1568 τοῦτον

2366 1606 2669 1674 ἐπιτήδειον
2712 1606 2813 1671 τῆς
2870 1606 3011 1674 πρὸς
3060 1609 3326 1669 γυναῖκας
3376 1607 3615 1676 ἀπάτης.
3655 1604 3816 1660 Οὗτοι
3849 1610 3959 1673 γὰρ

2368 1696 2683 1768 ὀφθαλμοὺς
2715 1696 2955 1766 ἔχοντες,
2994 1698 3147 1750 οὐδὲν
3186 1698 3316 1750 ἄλλο
3350 1698 3665 1766 βλέπουσιν.
3693 1699 3726 1766 ἢ
3762 1718 3961 1766 μοιχα-

2368 1788 2552 1849 λίδας·
2590 1791 2684 1841 καὶ
2734 1792 2792 1841 ὲν
2837 1788 3016 1857 τούτῳ
3050 1790 3494 1852 άκαταπαύστως
3543 1790 3833 1858 βλέποντες
3863 1794 3961 1843 καὶ

684 1889 942 1943 dictionis
984 1889 1101 1951 ﬁlii,
1138 1889 1421 1943 instabiles
1490 1891 1808 1957 debilesque
1860 1893 2073 1946 animas
2106 1892 2262 1960 pelli-

2370 1877 2799 1947 ἁμαρτάνοντες,
2824 1878 2900 1939 ὼς
2929 1877 3176 1945 κατάρας
3210 1878 3399 1939 τέκνα,
3439 1876 3619 1945 ψυχάς
3678 1878 3962 1929 Gisia»—

684 1984 839 2035 ciunt
862 1992 1023 2048 atque
1049 1982 1316 2034 inescant.
1350 1982 1457 2034 Cor
1477 1996 1710 2049 namque
1739 1982 1980 2049 ipsorum
2015 1982 2067 2036 in
2116 1983 2263 2036 nullo

685 2075 815 2132 alio,
852 2084 1214 2141 praeterquam
1250 2074 1304 2126 in
1347 2074 1687 2141 impurarum
1762 2075 2124 2141 voluptatum,
2180 2077 2260 2125 vel

685 2162 822 2216 divit
846 2179 1001 2215 arum
1037 2165 1295 2216 aviditate
1318 2166 1673 2217 exercitatum
1699 2173 1801 2218 est.
1838 2162 1901 2216 Et
1940 2166 2009 2215 ob
2051 2174 2262 2215 utrum-

685 2269 792 2322 que
826 2255 1019 2307 horum
1053 2273 1079 2306 a
1110 2256 1214 2316 via,
1251 2272 1370 2323 quze
1405 2255 1469 2307 ad
1509 2256 1669 2307 vitam
1695 2255 1864 2315 ducit,
1897 2256 2081 2321 procul
2113 2255 2266 2305 aber-

686 2356 850 2401 rant:
896 2364 1064 2417 quare
1097 2348 1261 2407 idem,
1299 2348 1446 2416 quod
1480 2347 1608 2399 olim
1648 2346 1903 2399 Balaamo
1956 2349 2064 2400 lilio
2097 2349 2264 2401 liosm

686 2440 909 2503 accidit,
944 2440 1347 2507 perpetiuntur.
1400 2438 1535 2491 Nam
1565 2448 1618 2491 et
1645 2440 1735 2491 ille
1776 2454 2000 2491 munera
2036 2449 2089 2491 et
2122 2456 2264 2493 mer-

687 2531 875 2583 cedem
911 2530 1217 2598 iniquitatis
1239 2530 1440 2581 amavit
1481 2546 1492 2580 :
1525 2530 1620 2582 sed
1650 2531 2127 2595 reprehensionem
2155 2547 2266 2583 sua:

686 2622 997 2689 iniquitatis
1028 2621 1255 2675 sortitus
1468 2629 1551 2673 est
1588 2636 1615 2672 a
1655 2620 2091 2687 mutojnmentn,
2118 2621 2263 2689 quod

690 2713 928 2765 humana
967 2713 1200 2780 loquens
1231 2728 1386 2774 voce,
1438 2712 1714 2781 prophetae
1748 2714 2076 2765 dementiam
2130 2714 2269 2765 inhi-

688 2804 806 2858 buit
844 2805 906 2858 η.
946 2805 1020 2857 Ex
1051 2820 1161 2873 quo
1188 2804 1455 2857 discimus
1489 2802 1828 2865 Balaamum,
1862 2812 2151 2870 postquam
2180 2818 2268 2855 se-

690 2894 798 2947 mel
835 2909 863 2947 a
910 2892 1019 2947 Deo
1056 2893 1370 2961 prohibitus
1409 2902 1493 2946 est
1541 2894 1607 2946 ad
1668 2893 1957 2947 Balaaeum
1992 2894 2062 2946 ob
2103 2894 2267 2946 tumi-

687 2985 811 3040 dam
835 3000 987 3037 suam
1010 2986 1319 3051 passionem
1347 3002 1506 3051 quam
1529 2986 1719 3037 insana
1747 2988 2045 3054 impostura
2066 2988 2263 3048 alebat,

699 3072 987 3135 accedere,
1019 3074 1083 3125 ad
1118 3075 1293 3139 ipsum
1354 3075 1548 3125 iterato
1584 3090 1807 3143 pergere
1858 3077 2211 3129 contendisse
2250 3094 2265 3132 :

686 3162 782 3216 sed
813 3161 905 3218 Dei
939 3164 1136 3217 timore
1190 3180 1253 3217 ac
1284 3166 1588 3219 terroribus
1644 3168 1695 3218 in
1752 3170 1836 3219 via
1893 3170 2263 3235 perterritum,

2375 1986 2460 2020 σιν
2493 1971 2881 2039 ἀστηρίκτους.
2928 1970 2998 2021 ’Π
3031 1970 3139 2038 γὰρ
3175 1968 3379 2038 καρδία
3406 1967 3588 2021 αὑτῶν
3630 1968 3762 2037 πρὸς
3804 1970 3964 2022 οὐδὲν

2370 2062 2518 2122 ἄλλο,
2550 2061 2581 2130 ἦ
2616 2062 2753 2129 πρὸς
2784 2060 3106 2124 πλεονεξίαν
3127 2060 3429 2130 ὲξήσκηται
3454 2061 3604 2131 [ἢτοι
3640 2062 3961 2128 ἀσελγείας,

2372 2152 2403 2221 ἢ
2437 2152 2532 2205 καὶ
2553 2152 2875 2220 κτημάτων,
2899 2150 2971 2201 δι’
2993 2150 3160 2219 ἄπερι
3207 2150 3505 2219 ἀμφότερα
3563 2151 3962 2211 καταλιπόντες

2370 2244 2469 2305 τὴν
2527 2243 2975 2296 κατευθύνουσαν
3031 2242 3233 2304 αὐτοὺς
3282 2241 3420 2312 πρὸς
3487 2242 3766 2311 σωτηρίαν
3814 2241 3961 2299 ἅδον.

2374 2332 2755 2401 ἐπλανήθησαν
2772 2332 2996 2401 ταύτης,
3020 2332 3188 2385 ταύτὸ
3221 2332 3488 2393 παθόντες
3512 2332 3637 2403 [τῷι
3675 2351 3697 2383 ε
3734 2332 3966 2400 Βαλαὰμ

2373 2423 2470 2476 τοῦ
2496 2422 2667 2491 Βοσόρ
2690 2438 2703 2451 ·
2739 2441 2758 2472 ι
2816 2424 2942 2473 ἐπεὶ
2972 2423 3225 2485 κάκεῖνος
3250 2423 3340 2475 διὰ
3366 2422 3700 2489 δωροδοκίαν
3734 2425 3826 2474 καὶ
3867 2441 3965 2490 μι-

2375 2515 2501 2567 σθὸν
2527 2515 2739 2576 ἀδικίας
2771 2515 3081 2585 ἠγάπησεν.
3121 2514 3373 2582 Ἐλεγξιν
3415 2514 3472 2567 δὲ
3532 2515 3660 2583 ἔσχε
3691 2516 3792 2583 τῆς
3825 2515 3967 2576 ἰδίας

2376 2609 2721 2675 παρανομίας
2746 2608 3041 2674 ὑποζύγιον
3066 2608 3301 2675 ἄφωνον,
3330 2608 3359 2660 ὃ
3397 2609 3455 2660 ἐν
3483 2606 3775 2675 ἀνθρώπου
3806 2611 3965 2675 φωνῇ

2375 2700 2774 2769 φθεγξάμενον,
2808 2700 3050 2752 ἐκώλυσε
3077 2701 3179 2770 τὴν
3211 2700 3306 2752 τοῦ
3344 2701 3633 2769 προφήτου
3678 2717 3970 2769 παραφρο-

2378 2794 2561 2862 σύνην.
2615 2794 2735 2861 Ἀφ’
2758 2785 2820 2846 οὗ
2862 2792 3211 2861 μανθάνομεν
3238 2795 3319 2845 ὅτι
3356 2793 3444 2845 διὰ
3478 2794 3541 2845 τὸ
3569 2793 3841 2860 φυσιῶδες
3865 2795 3970 2845 αύ-

2375 2886 2469 2938 τού
2494 2886 2686 2947 πάθος,
2710 2888 2738 2938 ό
2765 2887 3014 2955 Βαλαὰμ,
3055 2889 3196 2955 ὅπερ
3226 2886 3312 2939 διὰ
3327 2887 3426 2955 τῆς
3462 2887 3765 2954 μανιώδους
3794 2886 3972 2939 αὐτοῦ

2380 2978 2723 3046 μαγγανείας
2772 2978 3020 3045 ἔτρεφεν,
3050 2976 3200 3039 anas
3242 2975 3510 3038 κωλυθεὶς
3551 2978 3657 3029 ὑπὸ
3678 2977 3773 3029 τοῦ
3801 2978 3969 3036 Θεοῦ.

2376 3070 2435 3121 τὸ
2461 3071 2717 3139 δεύτερον
2748 3070 3069 3136 φιλονείκως
3095 3070 3233 3139 πρὸς
3270 3069 3364 3121 τὸν
3399 3069 3581 3122 Βαλὰκ
3626 3073 3972 3141 πορευθῆναι

2376 3162 2636 3229 ἠπείγετο
2662 3180 2675 3192 ·
2718 3163 2813 3214 καὶ
2837 3162 2915 3229 τῷ
2945 3161 3097 3229 φόϐῳ
3124 3162 3215 3213 τοῦ
3242 3162 3379 3213 Θεοῦ
3414 3163 3693 3231 πεδηθεὶς,
3726 3167 3821 3216 καὶ
3855 3168 3974 3227 τοῖς

690 3255 856 3308 verba
908 3255 1311 3311 benedictionis
1354 3256 1636 3309 enunilere
1688 3260 2029 3327 compulsum
2074 3260 2261 3315 fuisse.

2375 3258 2513 3307 κατὰ
2560 3256 2661 3324 τὴν
2707 3255 2826 3307 όδδν
2876 3254 3122 3323 δείμασι,
3150 3254 3214 3305 τὸ
3270 3256 3422 3324 ῥῆμα
3467 3258 3567 3322 τῆς
3605 3256 3861 3321 εὐλογίας
3909 3261 3973 3309 οὐ

688 3344 970 3411 Propheta:
1000 3348 1144 3397 enim
1170 3362 1293 3412 quae
1321 3346 1635 3414 loquuntur.
1662 3348 1901 3401 scientes
1928 3352 2262 3417 loquuntur;

684 3446 739 3489 et
776 3435 983 3491 ideirco
1014 3438 1058 3491 is
1098 3439 1360 3505 propheta
1403 3441 1709 3507 appellatus
1744 3449 1849 3503 est,
1876 3441 2022 3509 quod
2057 3443 2263 3495 sciebat

687 3528 817 3596 quid
852 3529 1061 3582 diceret
1100 3547 1114 3582 :
1149 3545 1325 3597 neque
1395 3536 1676 3597 ignorans.
1734 3548 1864 3585 casu
1923 3534 2104 3586 dicere
2155 3550 2265 3586 me-

685 3620 822 3673 liora
893 3621 1076 3690 clegit.
1143 3620 1313 3691 Igitur
1375 3623 1687 3675 benedictio
1748 3624 1835 3676 illa
1896 3640 2000 3676 non
2063 3627 2266 3678 insame

686 3710 974 3776 cujusdam
1044 3696 1416 3776 divinationis,
1470 3712 1564 3766 sed
1624 3714 1820 3766 divinae
1876 3714 2093 3769 virtutis
2127 3731 2265 3783 opus

686 3799 811 3855 fuit.

760 3891 928 3948 Vens.
978 3895 1157 3949 l7-l9.
1198 3914 1216 3945 ι
1256 3894 1316 3947 lli
1345 3904 1473 3949 sunt
1514 3896 1692 3951 fontes
1716 3899 1834 3952 sine
1859 3914 1995 3967 aqua
2019 3940 2036 3964 ,
2094 3910 2146 3953 et
2174 3916 2267 3953 ne-

686 3984 828 4039 bula:
868 3986 1084 4039 turbine
1106 3990 1415 4055 exagitata,
1448 3990 1671 4057 quibus,
1704 3994 1880 4062 caligo
1916 3994 2265 4046 tenebrarum

686 4086 1021 4128 reservatur.
1066 4076 1313 4145 Superba
1343 4084 1489 4133 enim
1536 4082 1797 4137 vanitatis
1834 4085 2117 4153 loquentes
2156 4086 2269 4154 pel-

687 4166 885 4220 liciunt
925 4169 977 4220 in
1013 4169 1301 4227 desideriis
1340 4176 1527 4228 carnis
1585 4174 1812 4229 luxuria:
1859 4193 1955 4231 eos
1993 4179 2083 4247 qui
2135 4196 2267 4246 pau-

688 4259 861 4312 iulum
891 4260 1177 4329 eﬂugiunt,
1206 4264 1297 4331 qui
1332 4265 1385 4317 in
1415 4280 1605 4319 errore
1626 4281 2045 4322 conversantnr.
2083 4270 2271 4325 Liber-

690 4360 862 4405 tatem
931 4354 1041 4406 illis
1096 4358 1518 4423 promittentes,
1579 4374 1707 4411 eum
1766 4361 1869 4427 ipsi
1939 4363 2083 4415 servi
2160 4364 2270 4416 sint

686 4443 1059 4511 corruptionis
1098 4462 1110 4497 :
1145 4458 1173 4496 a
1204 4461 1314 4514 quo
1337 4448 1482 4499 enim
1514 4449 1639 4516 quis
1656 4460 1948 4512 superatus
1970 4461 2074 4515 est,
2106 4452 2269 4520 hujus

687 4543 742 4589 et
778 4550 969 4589 servus
995 4547 1098 4590 est.
1135 4556 1153 4586 ι
1191 4537 1325 4590 Cum
1359 4541 1526 4591 multa
1562 4555 1657 4606 per
1678 4542 2069 4611 digressionem
2098 4545 2267 4598 dixis-

688 4634 773 4680 set
794 4628 959 4685 (inter
988 4644 1109 4697 quae
1141 4638 1192 4683 et
1216 4630 1524 4697 exemplum
1554 4632 1792 4685 Balaami
1816 4636 2143 4705 proposuit),
2168 4638 2265 4690 de-

690 4733 801 4771 nuo
828 4719 895 4770 ad
931 4720 1339 4787 impurissimos
1369 4721 1666 4776 Gnostieos
1695 4739 2007 4779 sermonem
2034 4742 2264 4781 conver-

687 4814 773 4871 tit,
798 4825 1003 4879 eosque
1032 4829 1051 4861 ι
1096 4811 1338 4867 fontibus
1373 4815 1492 4868 sine
1518 4830 1659 4882 aqua
1682 4833 1701 4865 ι
1736 4817 2028 4879 assimilat,
2068 4820 2266 4887 quippe

687 4903 780 4969 qui
817 4918 1007 4971 puram
1040 4918 1103 4957 ac
1132 4904 1424 4957 salutarem
1483 4907 1813 4975 evangelica:
1858 4910 2265 4975 praedicationis

688 5008 884 5061 aquam
918 4993 1217 5047 amiserant
1244 5012 1258 5046 :
1289 5003 1404 5047 tum
1446 4998 1609 5049 etiam
1653 4999 1893 5052 nubibus
1918 5015 2015 5054 eos
2039 5017 2261 5069 compa-

688 5092 791 5146 rat,
822 5099 943 5153 qute
969 5100 998 5137 a
1028 5088 1308 5139 contrario
1331 5098 1494 5139 vento
1535 5087 1809 5154 feruntur,
1844 5106 2008 5158 quem
2057 5092 2266 5147 idcirco

694 5192 713 5225 ι
753 5177 1026 5229 turbinem
1066 5196 1085 5228 ι
1113 5193 1206 5231 seu
1242 5181 1541 5247 procnllam
1604 5191 1782 5240 vocat,
1815 5185 2264 5253 quandoquidem

690 5267 932 5335 exagitat
964 5279 1015 5321 et
1045 5270 1330 5337 perturbat
1362 5287 1484 5339 quae
1518 5271 1711 5325 defert.
1753 5273 1867 5327 Non
1892 5284 2021 5328 sunt
2057 5277 2263 5345 itaque.

690 5356 889 5426 inquit,
923 5361 1096 5413 nubes
1126 5362 1430 5428 pellucidze,
1464 5364 1771 5429 cuiusmodi
1799 5368 2147 5430 suntsaneti,
2174 5369 2266 5421 sed

690 5448 866 5515 plenze
905 5452 1161 5517 caligine.
1224 5452 1291 5503 At
1322 5468 1422 5507 cur
1463 5454 1577 5505 ita?
1630 5455 1863 5509 Causam
1918 5458 2033 5526 ipse
2088 5459 2265 5523 affert,

691 5537 842 5605 quia,
876 5538 1076 5608 inquit,
1120 5541 1281 5593 etiam
1313 5560 1332 5591 ι
1366 5543 1604 5611 superba
1646 5563 1664 5594 ι
1698 5561 1762 5596 ex
1797 5563 1814 5595 ι
1850 5548 2091 5600 vanitate
2133 5568 2150 5598 ι
2188 5550 2268 5602 lo-

692 5640 981 5697 quuntur:
1025 5632 1365 5698 pellicitnttes
1397 5649 1493 5701 per
1540 5638 1819 5691 carnalem
1871 5640 2270 5708 concupiscen-

770 5806 814 5837 "
855 5803 1021 5859 Nunt.
1052 5824 1183 5872 uti,
1220 5808 1291 5862 ‘28
1329 5825 1487 5879 seqq.

2372 3349 2777 3417 παρεποίησε-ι’
2810 3348 2947 3416 ὅπερ
2976 3348 3037 3398 οὐ
3068 3348 3168 3414 τῆς
3202 3348 3463 3415 μαντείας
3489 3342 3578 3417 ἦν.
3614 3349 3679 3400 Οί
3699 3348 3811 3417 γὰρ
3837 3368 3978 3418 πρι-

2586 3444 2942 3511 ἐπιστάμενοι
2981 3443 3315 3511 φθέγγονται
3352 3445 3388 3499 ἃ
3418 3445 3772 3513 φθέγγονται.
3802 3446 3973 3498 Ὅθεν

2370 3538 2461 3587 καὶ
2497 3538 2791 3605 προφήτην
2822 3538 2985 3588 αὐτὸν
3050 3538 3335 3601 ἐκάλεσεν,
3394 3538 3472 3600 ὡς
3512 3538 3884 3606 ἐπιστάμενον
3936 3540 3973 3591 ἀ

2369 3442 2537 3509 φῆται

2367 3625 2535 3691 λέγει.
2567 3628 2641 3678 Οὑ
2671 3630 2782 3696 γὰρ
2813 3627 2881 3679 ἀν
2922 3629 2980 3678 ὲν
3020 3627 3221 3697 ἐκλογῇ
3246 3629 3441 3695 γέγονε
3474 3628 3585 3680 τῶν
3612 3628 3973 3697 κρειττόνων.

2367 3718 2578 3783 ἀγνοῶν
2596 3719 2632 3771 ἃ
2658 3719 2983 3786 φθέγγεται.
3014 3722 3088 3771 Ού
3107 3720 3204 3787 τῆς
3253 3720 3513 3788 μαντείας
3547 3721 3723 3775 τοίνυν
3759 3723 3793 3788 ὴ
3820 3722 3976 3773 εὐλο-

2372 3808 2484 3873 γία.
2514 3808 2647 3860 ἀλλά
2680 3809 2780 3877 τῆς
2812 3808 3093 3878 δυνάμεως
3113 3808 3208 3861 τοῦ
3236 3808 3397 3863 Θεοῦ.

2445 3922 2462 3952 ι
2504 3895 2662 3953 Οὗτοί
2691 3903 2797 3954 εἰσι
2828 3902 3009 3969 πηγαὶ
3050 3901 3291 3972 ἄνυδροι,
3324 3902 3547 3969 νεφέλαι
3573 3901 3679 3955 ὑπὸ
3709 3902 3976 3966 λαίλαπος

2371 3994 2743 4061 ἐλαυνόμεναι,
2785 3988 2867 4052 οἷς
2900 3994 2929 4043 ὁ
2966 3990 3132 4055 ζόφος
3162 3990 3259 4042 τοῦ
3302 3991 3529 4053 σκότους
3559 3993 3642 4054 εις
3674 3992 3849 4044 αἰῶνα
3878 4009 3976 4044 τε-

2369 4085 2625 4153 τήρηται.
2683 4083 3001 4153 ’Υπέρογκα
3042 4082 3153 4151 γὰρ
3184 4081 3544 4150 ματαιότητος
3579 4082 3974 4151 φθεγγόμενοι,

2368 4173 2711 4236 δελεάζουσιν
2747 4176 2828 4236 είς
2885 4172 3075 4244 [vulg].
3126 4172 3231 4243 ἐν]
3287 4172 3587 4241 επιθυμίας
3632 4175 3861 4244 σαρκὸς,
3916 4177 3975 4227 ἐν

2369 4266 2701 4331 ἀσελγείαις,
2734 4266 2861 4326 τοὺς
2898 4264 3069 4323 ὅντως
3098 4262 3515 4331 ἀποφεύγοντας
3546 4266 3569 4330 [
3595 4265 3733 4333 vulg.
3763 4268 3977 4332 ἀποφυ-

2369 4358 2606 4431 γόντας]
2652 4360 2778 4420 τοὺς
2808 4360 2865 4410 ὲν
2911 4356 3088 4425 πλάνῃ
3122 4356 3653 4425 ἀναστρεφομένους.
3713 4357 3939 4410 Ἐλευθε
3961 4386 3973 4398 ο

2375 4451 2497 4521 ρίαν
2526 4451 2710 4511 αὐτοῖς
2742 4448 3229 4517 ἐπαγγελλόμενοι,
3270 4448 3427 4500 αὐτοὶ
3472 4446 3652 4500 δοῦλοι
3702 4449 3977 4519 ὑπάρχονο

2370 4557 2461 4602 τες
2486 4540 2584 4609 τῆς
2616 4539 2844 4609 φθορᾶς.
2876 4531 2948 4609 Ὦ
2989 4540 3098 4607 γάρ
3136 4554 3224 4601 τις
3249 4538 3503 4608 ἥττηται,
3538 4537 3715 4608 τούτῳ
3750 4541 3848 4592 καὶ
3889 4541 3977 4592 δε-

2370 4632 2653 4689 δούλωται.
2696 4649 2715 4682 ι
2766 4629 3235 4699 Πεταξυλοτήσας
3280 4629 3474 4691 πολλὰ,
3525 4631 3584 4682 ὲν
3628 4624 3709 4691 οἷς
3763 4631 3825 4681 τὸ
3877 4632 3972 4684 τοῦ

2374 4721 2602 4790 Βαλαὰμ
2628 4722 2943 4791 προήγαγεν
2974 4721 3301 4791 ὑπόδειγμα,
3330 4720 3634 4773 ἐπανέλαϐε
3680 4723 3843 4773 πάλιν
3879 4726 3971 4773 τὸν

2375 4815 2504 4884 περὶ
2529 4814 2639 4865 τῶν
2669 4813 2997 4881 ἀκαθάρτων
3030 4814 3069 4864 Γ
3071 4814 3351 4866 νωστικῶν
3395 4813 3570 4880 λόγον.
3609 4813 3718 4865 Καὶ
3743 4814 3974 4867 ἀπεικά-

2375 4907 2457 4971 ζει
2495 4907 2693 4968 αὐτοὺς
2726 4923 2745 4956 ι
2779 4907 2987 4975 πηγαῖς
3034 4904 3305 4974 ἀνύδροις.
3355 4923 3375 4956 ι
3408 4905 3485 4967 ὡς
3539 4904 3967 4966 ἀπολωλεκότας

2373 4999 2434 5049 τὸ
2454 4998 2549 5049 τοῦ
2581 4996 2942 5066 κηρύγματος
2985 4996 3228 5065 καθαρὸν
3265 4996 3364 5048 καὶ
3417 4998 3651 5064 πότιμον
3683 4996 3829 5065 ὕδωρ
3870 4998 3971 5065 τῆς

2375 5093 2555 5158 ζωῆς·
2596 5092 2731 5145 ἀλλά
2778 5092 2873 5143 καὶ
2923 5090 3176 5157 νεφέλαις
3224 5090 3423 5151 αὐτοὺς
3473 5088 3812 5157 παραϐάλλει
3866 5091 3971 5141 ὑπό

2375 5186 2686 5253 πνεύματος
2708 5184 3123 5251 ἐλαυνομέναις,
3148 5182 3247 5233 τοῦ
3275 5182 3521 5232 ἐναντίου
3538 5195 3552 5208 ⁸
3578 5181 3660 5232 διὸ
3679 5183 3771 5232 καὶ
3795 5200 3815 5231 ι
3851 5184 3968 5233 λαί-

2376 5276 2523 5329 λαπα
2563 5293 2581 5325 ο
2630 5277 2765 5329 αὑτὸ
2812 5276 3095 5335 ἐκάλεσεν,
3153 5274 3229 5336 ὼς
3276 5272 3710 5343 συστρέφων[[.
3743 5272 3965 5343 -φον]

2376 5369 2469 5419 καὶ
2503 5368 2891 5436 συνταράσσων
2919 5366 2939 5437 [
2969 5366 3216 5433 Ῑ.-σσον
3246 5364 3264 5435 ]
3321 5365 3381 5416 τὸ
3414 5364 3799 5433 ἐλαυνόμενον.
3852 5365 3968 5417 Οὐκ

2377 5461 2515 5512 εἰσὶν
2544 5456 2659 5524 οὖν,
2708 5460 2866 5529 φησὶ,
2914 5458 3134 5525 νεφέλαι
3156 5457 3422 5523 διαυγεῖς,
3471 5456 3662 5524 ὥσπερ
3699 5458 3749 5508 οί
3794 5457 3961 5523 ἴιγιοι,

2379 5550 2493 5603 ἀλλ’
2525 5551 2749 5620 ὁμίχλαι
2781 5551 2947 5617 ζόφου
2981 5547 3214 5617 μεσταί*
3262 5547 3360 5599 καὶ
3391 5547 3552 5608 διατί,
3579 5548 3827 5615 ἐπήγαγε
3869 5547 3968 5616 τὴν

2379 5642 2582 5709 αἰτίαν,
2627 5644 2708 5695 ὃτι
2748 5642 2843 5695 καὶ
2895 5660 2913 5692 ι
2961 5641 3244 5711 ὑπέρογκα
3287 5656 3305 5689 ι
3356 5641 3421 5691 ὲκ
3476 5656 3495 5689 ι
3538 5641 3902 5708 ματαιότητος
3941 5658 3960 5691 ι
