4162 6442
238 414 373 478 1277

1012 425 1419 486 EXPOSITIO
1452 425 1527 482 [Ν
1569 424 1804 485 EPIST.
1844 426 1896 484 [1
1938 427 2001 486 S.
2035 428 2290 490 PETRI.
2331 455 2397 465 —
2422 431 2580 490 CAP.
2617 431 2712 492 III

3346 433 3481 498 1278

233 529 584 595 φθέγγονται,
607 531 949 596 δελεάζοντες
965 533 1052 586 διά
1085 537 1182 602 τῆς
1212 533 1480 604 σαρκικῆς
1515 533 1808 600 ἐπιθυμίας

1917 534 2041 584 tiam
2073 536 2137 587 ad
2169 537 2599 605 impudirilalem
2633 555 2728 593 eos
2751 540 2842 608 qui
2875 555 3000 594 vere
3030 540 3349 610 eﬂ‘ngeraut.
3379 562 3475 601 seu

198 623 290 677 ,ἐν
333 623 452 682 ταῖς
487 621 800 688 ἀσελγείαις
843 625 967 686 τοὺς
1019 625 1237 692 ἀληθῶς
1288 625 1665 692 ἀποφυγόντας
1719 624 1812 676 καὶ⁵

229 709 484 776 καθάπαξ
517 713 640 773 τοὺς
679 714 807 782 πρὶν
839 716 896 767 ἐν
925 714 1103 784 πλάνῃ
1132 715 1661 784 ἀναστρεφομένους,
1692 710 1809 765 εἶτα

231 802 337 853 ὑπὸ
366 802 556 871 Κυρίῳ
597 806 981 873 πραττόμενοι.
1037 805 1198 859 Ἀλλά
1234 805 1330 858 καὶ
1373 806 1569 866 δοῦλοι,
1621 806 1808 873 φησὶν,

229 890 384 955 ὄντες
409 893 564 946 αὐτοὶ
592 893 687 960 τῆς
717 895 1121 964 προειρημένης
1148 895 1513 963 ἀκαθαρσίας,
1552 895 1620 964 ἢν
1658 915 1677 945 ι
1718 903 1810 954 καὶ

233 980 441 1048 φθοράν
479 983 706 1044 δικαίως
737 984 912 1045 καλεῖ,
950 985 1261 1054 ἐλευθερίαν
1291 986 1402 1045 τοίς
1432 985 1808 1052 ἀπατιυμένοις

230 1073 660 1138 ἐπαγγέλλονται
681 1093 696 1106 ·
727 1074 809 1126 διὸ
840 1074 932 1126 καὶ
962 1075 1220 1144 λογισμὸν
1250 1074 1446 1141 ἐπάγει
1485 1075 1806 1144 θαυμάσιον,

229 1163 311 1215 δτι
337 1162 512 1217 δοῦλοι
537 1164 687 1227 ὄντες
715 1167 813 1232 τῆς
843 1167 1139 1236 ἁμαρτίας.
1201 1184 1220 1216 ι
1254 1161 1325 1234 τῼ
1357 1165 1463 1236 γάρ
1513 1183 1596 1228 τις
1637 1166 1808 1234 ἥττη-

229 1268 320 1304 ται
359 1273 378 1303 ι
423 1253 607 1319 πάθει,
651 1274 668 1306 ι
708 1255 882 1322 τούτῳ
920 1258 1014 1308 καὶ
1061 1255 1405 1308 δεδούλωται.
1456 1257 1618 1308 Αὐτοὶ
1659 1257 1809 1308 ἐλευ-

231 1343 419 1412 θερίαν
444 1344 620 1408 ἀλλοις
661 1348 1102 1415 ἐπαγγέλλονται.
1155 1347 1324 1400 Τοῦτο
1370 1346 1426 1399 δὲ
1475 1347 1808 1416 πλατύτερον

230 1433 318 1486 διά
355 1435 464 1488 τῶν
496 1435 622 1506 ἐξῆς
669 1439 1066 1508 γνωσθήσεται.

307 1547 327 1576 ε
358 1528 422 1582 El
444 1527 554 1599 γὰρ
585 1530 957 1598 ἀποφυγόντες
984 1533 1051 1584 τὰ
1081 1531 1364 1601 μιάσματα
1386 1530 1482 1584 τοῦ
1515 1530 1721 1600 κόσμου
1748 1532 1806 1584 ἐν

232 1620 524 1686 ἐπιγνώσει
569 1621 665 1673 τοῦ
717 1622 921 1688 Κυρίου
971 1623 1130 1690 ἡμῶν
1186 1623 1281 1676 καὶ
1320 1625 1572 1692 Σωτῆρος
1627 1622 1803 1692 Ἰησοῦ

228 1711 490 1779 Χριστοῦ,
533 1711 743 1773 τούτοις
782 1711 840 1764 δὲ
890 1714 1053 1765 πάλιν
1099 1714 1476 1779 ἐμπλακέντες
1509 1714 1800 1782 ἡττῶνται,

229 1806 452 1869 γέγονεν
487 1804 671 1866 αὐτοῖς
725 1803 794 1856 τὰ
853 1803 1057 1872 ἔσχατα
1115 1805 1332 1874 χείρονα
1381 1804 1490 1860 τῶν
1545 1804 1798 1873 πρώτων.

1914 623 2028 690 qui.
2067 640 2186 676 cum
2219 627 2352 678 olim
2408 627 2458 678 in
2514 643 2704 680 errore
2762 642 3140 693 versaremur,
3192 631 3258 682 ad
3307 633 3476 686 Deum

1913 717 2164 768 Conversi
2196 726 2371 770 erant.
2409 715 2608 770 Verum
2638 729 2690 772 et
2720 721 2862 774 servi
2891 721 2926 772 ii
2956 736 3081 775 cum
3115 722 3249 782 sint,
3280 723 3474 791 inquit,

1914 807 2182 874 prxdicta
2225 809 2584 862 immunditiat
2617 814 2801 879 (quam
2825 819 2880 864 et
2899 821 3044 866 recte
3070 815 3477 882 corruptionem

1912 901 2112 966 vocat),
2143 902 2444 956 libertatem
2497 911 2677 956 tamen
2717 903 2784 956 iis
2810 919 2950 971 quos
2996 905 3294 974 decipiunt,
3355 921 3480 975 pro-

1912 993 2126 1046 mittere
2165 992 2390 1045 audent.
2451 993 2733 1048 Rationem
2789 1011 2917 1048 vero
2977 996 3128 1050 addit
3176 997 3475 1051 mirabilem

1910 1095 2010 1133 cur
2053 1084 2194 1135 servi
2261 1083 2363 1151 ipsi
2417 1083 2548 1146 sint,
2602 1085 2730 1154 quia
2766 1085 2994 1151 scilicet,
3041 1105 3060 1138 ‹
3094 1101 3123 1139 a
3154 1101 3478 1156 quacunque

1909 1171 2034 1238 quis
2072 1189 2088 1220 ι
2139 1171 2430 1226 aﬂ‘ectione
2469 1190 2488 1224 ι
2531 1183 2822 1241 superatus
2870 1183 2973 1238 est,
3014 1177 3132 1244 ejus
3168 1185 3223 1230 et
3283 1191 3476 1231 servus

1908 1270 2011 1315 est.
2042 1279 2060 1311 ι
2090 1261 2196 1315 Sed
2223 1263 2324 1317 hoc
2345 1279 2412 1318 ex
2435 1264 2523 1330 iis,
2546 1280 2668 1334 qua;
2689 1264 2920 1321 inferius
2954 1266 3226 1330 dicentur,
3247 1265 3476 1321 manife-

1911 1355 2049 1408 stius
2078 1355 2188 1408 tiet.

1979 1529 2145 1583 Vens.
2179 1529 2368 1584 20-22.
2411 1549 2429 1580 ι
2476 1530 2532 1583 Si
2580 1531 2726 1584 enim
2775 1529 3110 1599 refugientes
3149 1529 3475 1598 coinquina-

1909 1622 2084 1675 tiones
2116 1623 2302 1675 mundi
2336 1623 2388 1676 in
2414 1623 2723 1692 cognitione
2750 1622 2958 1676 Domini
2990 1622 3161 1676 nostri
3211 1630 3263 1675 et
3287 1621 3477 1674 Salva-

1908 1713 2045 1765 toris
2068 1710 2194 1766 Jesu
2221 1712 2446 1776 Christi,
2468 1715 2552 1767 his
2578 1729 2795 1768 rursum
2827 1713 3090 1782 implicati
3125 1723 3474 1780 superantur,

1910 1803 2050 1855 facta
2086 1813 2213 1857 sunt
2236 1807 2318 1858 eis
2341 1807 2643 1870 posteriora
2665 1807 2934 1859 deteriora
2959 1805 3257 1874 prioribus.
3288 1803 3478 1857 Melius

231 1896 494 1964 Κρεῖττον
547 1897 654 1963 γὰρ
681 1891 750 1964 ἦν
783 1869 988 1958 αὐτοῖς,
1033 1869 1526 1964 μὴήέπεγνωκὲναι
1553 1869 1651 1965 τῆν
1688 1895 1804 1948 ὁδὸν

1917 1895 2052 1948 enim
2077 1903 2193 1947 erat
2225 1896 2329 1948 illis
2363 1911 2470 1949 non
2500 1909 2834 1962 cognoscere
2864 1898 3002 1949 viam
3035 1897 3280 1964 justiti-.2,
3313 1910 3476 1965 quam

229 1985 328 2051 τῆς
371 1982 741 2049 δικαιοσύνης,
778 1982 812 2050 ἢ
873 1983 1205 2048 ἐπιγνοῦσιν,
1258 1980 1580 2050 ἐπιπρέψαι
1631 1981 1709 2042 εἰς
1741 1984 1807 2034 τὰ

229 2074 408 2126 όπίσω
451 2074 559 2126 ἀπὸ
607 2074 704 2141 τῆς
739 2074 1138 2141 παραδοθείσης
1171 2073 1352 2134 αὐτοῖς
1380 2072 1538 2136 ἀγίας
1569 2072 1806 2139 ἐντολῆς.

231 2160 555 2230 Συμδέϐηκε
605 2162 662 2214 δὲ
698 2163 881 2224 αὐτοῖς
931 2163 994 2214 τὸ
1043 2163 1143 2231 τῆς
1198 2161 1431 2230 ἀληθοῦς
1480 2161 1806 2230 παροιμίας’

229 2251 392 2303 Κύων
458 2253 792 2321 ἐπιστρέψας
844 2253 936 2305 ἐπὶ
1009 2253 1100 2304 τὸν
1154 2252 1286 2304 ῐδιον
1346 2251 1561 2320 ἐμετὸν,
1619 2252 1712 2302 καὶ
1747 2243 1808 2312 ὗς

227 2340 539 2410 λουσαμένη
572 2341 651 2403 εἰς
691 2341 928 2411 κύλισμα
960 2342 1243 2412 βορϐόρου.
1278 2360 1298 2392 ι
1326 2345 1432 2396 Δύο
1466 2341 1808 2395 κατασκευά-

170 2421 180 2433 ’
227 2432 313 2493 ζει
364 2431 450 2484 διά
493 2432 603 2485 τῶν
659 2433 1092 2502 προειρημένων,
1153 2433 1232 2485 ὅτι
1289 2434 1382 2486 καὶ
1438 2432 1516 2500 τῷ
1568 2433 1806 2500 ὴττώντι

227 2525 442 2591 ἀνάγκη
465 2524 556 2576 τὸν
587 2526 894 2593 ἡττώμενον
921 2525 1210 2588 δουλεύειν,
1241 2525 1335 2578 καὶ
1360 2526 1443 2577 ὅτι
1471 2526 1522 2577 oi.
1556 2523 1692 2593 μετά
1710 2524 1810 2586 τὴν

230 2619 526 2685 ἐπίγνωσιν
553 2621 648 2687 τῆς
692 2620 952 2689 ἀληθείας
993 2621 1152 2674 πάλιν
1203 2621 1513 2690 ἐνεχόμενοι
1539 2621 1650 2682 τοῖς
1673 2635 1810 2689 προ-

229 2712 435 2779 τέροις,
493 2712 699 2780 χείροσι
753 2713 869 2764 τῶν
896 2712 1176 2780 προτέρων
1227 2713 1554 2781 περιέπεσον
1598 2715 1807 2772 κακοῖς.

230 2800 452 2863 Τούτοις
497 2801 554 2852 δὲ
602 2803 695 2854 καὶ
740 2803 839 2870 τὴν
888 2802 1188 2870 παροιμίαν
1236 2803 1430 2869 ἐπάγει
1487 2803 1805 2870 συνήγορον.

233 2893 389 2945 Ἐστι
421 2892 476 2943 δέ
507 2893 536 2943 ὀ
567 2891 723 2958 λόγος
761 2891 967 2955 οὕτως’
1010 2893 1070 2943 Ei
1097 2893 1207 2960 γὰρ
1241 2891 1533 2954 ἐπιγνώσει
1565 2891 1659 2944 τοῦ
1695 2893 1807 2943 Κυ-

232 2982 350 3052 ρίου
381 2985 476 3034 καὶ
525 2982 778 3050 Σωτῆρος
827 2982 1002 3051 Ἰησοῦ
1033 2982 1291 3052 Χριστοῦ,
1323 2985 1693 3049 ἀποφυγόντες
1742 2982 1810 3035 τά

233 3074 521 3143 μιάσματα
558 3073 654 3125 τοῦ
693 3075 918 3141 κόσμου,
964 3076 1174 3136 τούτοις
1228 3074 1392 3126 πάλιν
1438 3071 1808 3142 ἐμπλακέντες

232 3163 509 3232 ἡττῶνται
543 3162 742 3228 αὐτῶν,
779 3163 994 3226 πάντως
1046 3181 1147 3216 που
1188 3164 1283 3216 καὶ
1329 3163 1668 3216 δουλεύουσιν
1709 3162 1808 3214 αὑ-

229 3257 368 3316 τοῖς,
411 3255 504 3307 καὶ
542 3257 721 3323 χεῖρον
749 3255 858 3307 τῶν
891 3255 996 3324 πρὸ
1033 3258 1131 3324 τῆς
1170 3254 1516 3321 ἐπιγνώσεως
1556 3256 1685 3323 περὶ
1713 3254 1820 3322 τὴν

230 3345 476 3399 δουλείαν
533 3347 734 3398 τούτων
792 3348 1072 3413 γεγόνασι,
1113 3345 1652 3407 κατασπουδάζοντος
1714 3347 1814 3396 αὑ-

231 3439 359 3499 τοὺς
392 3437 486 3488 τοῦ
523 3437 735 3489 Σατανᾶ
781 3439 987 3506 χείροσι
1040 3437 1482 3507 περιενεχθῆναι.
1537 3436 1628 3488 Διὸ
1672 3436 1814 3488 καὶό

232 3527 556 3588 Ἀπόστολός
600 3545 783 3593 φησιν,
838 3529 920 3580 ὅτι
979 3529 999 3599 |_
1040 3527 1275 3599 ἐπειδὴ]
1327 3528 1486 3581 τοῦτο
1525 3529 1813 3580 ἀπόκειται

232 3619 350 3679 τοῖς
379 3615 703 3686 παλινῳδίαν
729 3617 835 3668 τῶν
873 3617 1060 3670 κακῶν
1098 3617 1307 3688 ᾄδουσι,
1337 3621 1584 3685 κρεῖττον
1611 3613 1678 3684 ἦν
1713 3617 1812 3668 αύτ-

236 3710 345 3769 τοῖς
387 3708 520 3776 μηδὲ
568 3707 948 3778 ἐπιγνῶναι,ἣ
991 3709 1302 3773 ἐπιγνόντες
1484 3707 1655 3778 ηας]
1705 3707 1818 3775 χεί-

237 3815 385 3868 ροσιν
411 3797 636 3862 ἁλῶναι,
668 3798 787 3850 ἐπεὶ
841 3800 937 3852 καὶ
991 3798 1137 3851 κύων
1181 3801 1274 3851 ἐπὶ
1300 3800 1360 3852 τὸ
1402 3800 1532 3852 ῐδιον
1564 3799 1815 3868 ἐξήραμα

234 3888 599 3956 ἐπιστρέφων,
649 3887 1088 3958 βδελυκτότερος,
1127 3888 1322 3958 ὥσπερ
1369 3889 1562 3957 ἀμέλει
1616 3891 1709 3942 καὶ
1753 3883 1814 3951 ὗς

233 3978 664 4048 ἀποκνλισθῆναι
703 3978 959 4047 ζητοῦσα,
1007 3979 1073 4049 [Ῑ.
1116 3980 1243 4032 add.
1285 3982 1331 4031 εἰ
1376 3979 1393 4049 1
1448 3981 1507 4030 ἐν
1563 3979 1811 4049 βορϐόρῳ

231 4069 394 4123 τοῦτο
464 4072 626 4131 ποιεῖ,
676 4069 1042 4140 ῥυπαρωτέρα
1103 4071 1214 4123 τῶν
1279 4071 1560 4140 προτέρων
1627 4071 1816 4140 ρύπων

235 4163 510 4230 φαίνεται.

845 4249 1094 4301 ΚΕΦΔΛ.
1125 4249 1206 4301 Γ’.

311 4358 332 4391 ι
362 4337 511 4409 ΚαὶῙ
538 4341 680 4408 vulg.
705 4355 810 4392 om.
837 4341 930 4392 καὶ
955 4338 973 4410 ]
999 4339 1202 4408 ταύτην
1224 4340 1348 4410 ἤδη.
1376 4341 1670 4410 ἀγαπητοὶ,
1700 4341 1815 4394 δευ-

237 4433 402 4502 τέραν
437 4431 564 4499 ὑμῖν
590 4431 784 4498 γράφω
822 4431 1132 4499 ἐπιστολὴν,
1165 4435 1221 4483 ἐν
1270 4428 1355 4494 αἷς
1377 4433 1626 4502 διεγείρω
1664 4435 1816 4502 ὑμῶν

1911 1994 2032 2051 post
2068 1985 2400 2052 agnitionem
2448 1995 2749 2039 retrorsum
2793 1986 3040 2040 converti
3077 1987 3145 2040 ab
3195 2001 3281 2048 eo,
3333 1986 3476 2054 quod

1912 2071 2020 2124 illis
2052 2073 2310 2124 traditqu
2343 2084 2443 2130 est.
2482 2082 2672 2127 sancto
2728 2076 3005 2130 mandato.
3045 2075 3283 2145 Contigit
3331 2075 3474 2128 enim

1909 2163 1990 2216 eis
2025 2163 2154 2215 illud
2191 2163 2300 2214 veri
2359 2162 2522 2232 396
2569 2166 2845 2232 proverbii
2884 2184 2896 2218 :
2925 2165 3090 2220 Canis
3125 2181 3379 2220 reversus
3408 2164 3476 2218 ad

1911 2269 2065 2306 Suum
2101 2257 2385 2319 vomitum,
2422 2265 2474 2307 et
2504 2272 2599 2309 sus
2627 2258 2733 2310 lota
2759 2258 2811 2309 in
2839 2258 3121 2311 volntabro
3151 2259 3267 2310 luti.
3302 2276 3320 2307 υ
3363 2257 3476 2309 Duo

1909 2362 1973 2398 ex
2015 2346 2288 2413 pradictis
2322 2347 2536 2400 astruit.
2571 2345 2774 2417 Nempe
2823 2349 3080 2417 primum,
3108 2363 3330 2403 necesse
3355 2361 3478 2400 esse

1909 2451 2032 2489 cum
2082 2436 2172 2504 qni
2207 2437 2389 2489 victus
2429 2447 2534 2500 est,
2577 2438 2770 2492 victori
2829 2442 3043 2493 servire
3091 2453 3192 2493 suo
3227 2455 3241 2489 :
3282 2437 3478 2491 deinde

1913 2525 1966 2578 in
1995 2527 2182 2599 pejora
2218 2529 2356 2577 mala
2393 2528 2600 2593 prolabi
2633 2541 2748 2589 eos;
2782 2529 2871 2596 qui
2914 2537 3036 2598 post
3065 2529 3301 2598 agnitam
3334 2527 3478 2580 veri-

1910 2626 2076 2669 tatem
2137 2618 2416 2686 prioribus
2457 2634 2650 2672 rnrsus
2679 2620 2960 2674 erroribus
2992 2620 3360 2688 implicantur.
3398 2619 3478 2674 Ad

1910 2723 2143 2776 quorum
2182 2709 2649 2762 conﬁrmationem
2681 2709 2990 2764 Salomonis
3013 2710 3353 2778 proverbium
3383 2708 3481 2761 ad-

1909 2799 2062 2853 ducit
2095 2801 2160 2848 ".
2195 2799 2476 2854 Orationis
2508 2810 2688 2854 autem
2736 2803 2907 2856 series
2949 2803 3019 2856 ita
3051 2818 3110 2856 se
3143 2803 3302 2856 habet
3333 2821 3344 2856 :
3375 2802 3476 2865 Illi,

1911 2887 2004 2956 qui
2059 2887 2373 2958 cognitione
2405 2889 2616 2944 Domini
2667 2903 2720 2943 et
2773 2889 3074 2945 Salvatoris
3125 2891 3298 2945 nostri
3351 2889 3482 2945 Jesu

1913 2979 2116 3032 Christi
2149 2981 2334 3032 mundi
2371 2982 2781 3049 inquinamenta
2809 2984 3104 3051 aliquando
3154 2983 3479 3053 eﬂ‘ngrrant,

1914 3069 1958 3121 si
1987 3066 2168 3120 denuo
2193 3069 2258 3121 iis
2291 3071 2482 3124 irretiti
2527 3082 2874 3138 superantur,
2910 3088 3015 3122 non
3059 3071 3231 3124 solum
3274 3071 3477 3123 cisdrtlt

1914 3160 2226 3212 omnimode
2249 3160 2515 3221 serviunt,
2554 3161 2648 3214 St'tl
2701 3162 2866 3213 etiam
2902 3163 3148 3214 daemone
3203 3161 3482 3212 adnitente

1919 3259 1976 3303 ut
2002 3251 2355 3317 prolabanlur
2412 3253 2463 3304 in
2525 3252 2732 3319 pejora.
2773 3253 3046 3305 deteriore
3103 3267 3263 3319 quam
3325 3259 3481 3302 antea

1917 3342 2182 3394 Servitute
2247 3355 2588 3409 premuntur.
2651 3342 2829 3406 Quare
2876 3344 2951 3395 ait
2989 3360 3000 3394 :
3036 3342 3483 3410 Quamloquideut

1918 3441 2067 3484 tanta
2103 3435 2368 3500 pernicies
2401 3447 2584 3487 urauet
2618 3448 2734 3494 eos,
2769 3435 2858 3500 qui
2891 3436 3179 3500 pessimam
3217 3435 3482 3485 malorum

1909 3525 2242 3583 cantilenam
2285 3533 2592 3585 rerantant,
2627 3527 2820 3578 inelius
2852 3525 3095 3579 futurum
3152 3523 3345 3576 fuisset
3381 3524 3486 3576 illis

1917 3618 1961 3671 si
1995 3633 2178 3670 veram
2212 3618 2351 3670 viam
2381 3618 2731 3682 agnovissent
2773 3631 3072 3685 nunquam,
3112 3630 3274 3684 quam
3304 3630 3368 3668 ea
3399 3629 3488 3669 se-

1919 3710 2024 3762 mel
2057 3711 2262 3778 agnita,
2286 3709 2572 3776 pejoribus
2603 3710 2759 3762 malis
2784 3709 3052 3761 obnoxios
3091 3708 3206 3759 lieri
3236 3720 3398 3771 ;uam
3433 3714 3489 3759 et

1919 3801 2071 3854 canis
2100 3802 2164 3854 ad
2185 3802 2442 3854 vomitum
2465 3816 2623 3853 suum
2655 3799 2952 3859 rediens.lit
2975 3797 3412 3859 abominabilior,
3434 3805 3490 3850 ct

1918 3907 2014 3946 sus
2051 3893 2246 3945 iterum
2281 3893 2522 3945 revoluta
2555 3907 2733 3957 caano,
2768 3891 3045 3945 sordidior
3103 3906 3269 3960 quam
3337 3889 3489 3958 prius

1921 3982 2116 4047 fuerat,
2150 3993 2392 4050 apparet.

2535 4239 2760 4294 CAPUT
2809 4241 2923 4294 111..

1990 4330 2157 4386 Vens.
2186 4321 2240 4395 l,
2277 4331 2330 4386 2.
2388 4350 2406 4382 ι
2453 4331 2604 4385 ιιςιιιίι
2637 4350 2763 4386 erce
2845 4333 2983 4398 obis,
3019 4332 3347 4399 charissimi,
3401 4349 3492 4388 se-

1920 4423 2153 4477 cundam
2191 4425 2372 4476 scribo
2389 4425 2696 4490 epistolam,
2734 4425 2786 4478 in
2814 4427 3016 4494 Quibus
3059 4437 3290 4480 vestram
3315 4428 3496 4482 excito

236 4525 298 4576 ἐν
325 4523 628 4592 ὑπομνήσει
648 4521 747 4591 τὴν
777 4521 1043 4591 εἰλικρινῆ
1073 4522 1328 4584 διάνοιαν,
1365 4525 1670 4591 μνησθῆναι
1708 4525 1815 4576 τῶν

1923 4515 1975 4567 iu
2004 4514 2430 4567 commonitione
2461 4516 2728 4566 sinceram
2754 4524 3011 4578 mentem,
3037 4524 3094 4568 ut
3118 4531 3387 4570 memores
3420 4517 3497 4569 si-

239 4610 652 4680 προειρημένων
685 4610 946 4678 ῥημάτων
990 4611 1093 4662 ὑπὸ
1130 4612 1238 4664 τῶν
1287 4612 1456 4678 ἁγίων
1494 4614 1814 4679 προφητῶν,

236 4706 333 4758 καί
365 4704 467 4772 τῆς
503 4702 612 4754 τῶν
652 4703 966 4754 ἀποστόλων
1004 4703 1159 4770 ὑμῶν
1203 4704 1419 4773 ἐντολῆς
1461 4704 1554 4756 τοῦ
1616 4705 1818 4772 Κυρίου

243 4795 342 4848 καὶ
377 4793 629 4862 Σωτῆρος
673 4792 867 4860 Ἰησοῦ.
919 4811 936 4843 t
989 4794 1080 4845 Ἐκ
1120 4794 1309 4847 τούτου
1352 4795 1694 4864 μανθάνομεν
1730 4797 1823 4848 δύο

234 4886 337 4947 τὰς
369 4884 548 4942 πάσας
583 4879 719 4934 εἶναι
755 4882 848 4935 τοῦ
882 4883 1086 4950 Πέτρου
1133 4885 1472 4946 Ἐπιστολάς.
1501 4885 1574 4937 Τὸ
1598 4886 1675 4948 δὲ,
1713 4906 1729 4934 ε
1763 4887 1821 4937 ἐν

236 4970 328 5035 αῖς
370 4973 622 5041 διεγείρω
662 4973 810 5040 ὑμῖν,
853 4992 870 5023 ι
913 4971 1087 5036 οὕτως
1131 4977 1307 5027 ἐστιν·
1361 4977 1447 5026 Ἐν
1483 4970 1568 5037 αἷς,
1603 4979 1821 5028 ἐπιστο-

238 5066 383 5124 λαῖς,
407 5063 572 5115 οἱονεὶ
598 5062 665 5114 δι’
691 5056 768 5114 ὧν
805 5064 1100 5115 ἐπιστολῶν
1132 5084 1150 5116 ι
1183 5065 1434 5134 διεγείρω
1470 5066 1566 5134 τὴν
1598 5067 1655 5118 ἐν
1697 5067 1824 5134 ύμῖν

237 5153 504 5223 εἰλικρινῆ
529 5151 788 5206 διάνοιαν.
816 5172 836 5204 ι
871 5154 1130 5223 Καθαρᾶς
1151 5154 1258 5223 γὰρ
1291 5155 1552 5217 διανοίας,
1586 5156 1693 5206 τῶν
1724 5157 1822 5225 ἤδη

238 5245 619 5297 ἀκουσθέντων
670 5244 703 5312 ἢ
739 5244 1109 5297 ἀποτεθέντων
1164 5245 1447 5314 σωτηρίων
1500 5246 1821 5314 μνησθῆναι,

241 5333 340 5385 καὶ
383 5331 728 5402 διεγερθῆναι
761 5333 895 5400 πρὸς
929 5332 1263 5401 ἐπανάληψιν
1303 5333 1401 5400 τῆς
1438 5334 1641 5385 τούτων
1663 5337 1828 5402 ἐργα-

245 5422 372 5481 σίας
401 5422 548 5490 πάσῃ
590 5421 820 5488 δυνάμει
876 5423 968 5473 καὶ
1029 5422 1322 5492 προθυμίᾳ.
1368 5423 1630 5492 ’Λπετέοη
1659 5425 1830 5476 δὲδιὰ

252 5510 610 5578 προφητικῶν
637 5510 730 5563 καὶ
776 5512 1150 5565 ἀποστολικῶν
1181 5515 1570 5584 κηρυγμάτων.
1617 5514 1705 5566 Διὸ
1742 5521 1834 5568 καὶ

251 5599 464 5663 Παῦλός
495 5617 660 5668 φησιν
680 5617 693 5631 ·
732 5619 750 5650 ι
804 5601 1341 5673 Ἐποικοδομούιιενοι
1369 5607 1461 5656 ἐπὶ
1492 5605 1568 5674 τῷ
1603 5605 1835 5675 θεμελίῳ

328 5781 374 5812 ’⁸
399 5778 558 5834 Prov.
612 5796 760 5844 xxvr,
803 5781 884 5832 ll.

1925 4604 1993 4656 tis
2031 4617 2242 4666 eorum,
2287 4619 2409 4671 quae
2464 4605 2708 4671 pnedixi,
2744 4605 3033 4657 verborum
3067 4621 3095 4658 a
3137 4614 3344 4659 sanctis
3374 4621 3497 4675 pro-

1927 4695 2124 4762 phetis,
2182 4702 2235 4746 et
2297 4696 2666 4762 apostolorum
2718 4704 3045 4757 vestrorum,
3102 4708 3496 4764 praeceptorum

1929 4785 2138 4837 Domini
2180 4794 2233 4838 et
2272 4785 2594 4838 Salvator-is.
2644 4804 2661 4834 ι
2713 4785 2790 4838 Ex
2837 4785 2920 4838 bis
2971 4787 3150 4840 verbis
3210 4787 3497 4850 discimus.

1927 4877 2066 4930 duas
2096 4886 2300 4948 tantum
2340 4876 2604 4944 Epistolas
2633 4876 2848 4930 Pelrnm
2883 4877 3194 4946 scripsisse.
3231 4897 3249 4930 ι
3291 4878 3347 4932 In
3379 4882 3504 4949 qui-

1930 4969 2032 5022 bus
2064 4971 2265 5031 excito,
2307 4988 2322 5018 ι
2359 4973 2494 5033 ριρη
2527 4969 2628 5021 hoc
2659 4978 2765 5033 est,
2805 4970 2858 5020 in
2888 4970 3092 5038 quibus
3121 4972 3387 5039 epistolis,
3419 4973 3501 5025 vel

1931 5075 2028 5127 per
2055 5075 2190 5127 quas
2222 5060 2478 5124 epistolas
2520 5079 2536 5109 ι
2580 5072 2812 5115 vestram
2841 5063 3020 5116 excito
3049 5063 3316 5116 sinceram
3348 5078 3503 5116 men-

1934 5159 2064 5206 tem.
2112 5171 2130 5203 ι
2179 5152 2419 5204 Sincera:
2453 5153 2596 5205 enim
2637 5156 2833 5206 mentis
2864 5164 2974 5219 est,
3005 5169 3193 5207 eorum
3235 5170 3354 5221 qua:
3402 5170 3506 5206 au—

1933 5242 2046 5295 dita
2082 5252 2135 5295 et
2165 5244 2409 5311 depOsita
2441 5257 2566 5297 sunt
2600 5248 2936 5308 uici-nuisse,
2970 5254 3022 5298 et
3075 5246 3138 5297 ad
3189 5260 3253 5299 ea
3308 5247 3502 5298 iterum

1937 5344 2186 5404 prompte
2229 5343 2281 5388 et
2317 5336 2573 5388 alacriter
2607 5336 2934 5402 perﬁcienda
2972 5336 3218 5390 excitari.
3250 5333 3504 5402 Deposita

1937 5441 2066 5479 vero
2096 5441 2156 5477 ca
2197 5435 2326 5478 sunt
2375 5441 2469 5492 per
2499 5426 2840 5493 pr0plieticas
2871 5434 2923 5479 et
2955 5424 3285 5493 apostolicas
3312 5423 3507 5491 prmdi-

1941 5519 2207 5570 catioues.
2272 5515 2453 5580 Quare
2509 5526 2563 5569 ct
2615 5517 2816 5570 l‘aulus
2871 5517 2986 5568 ait:
3023 5533 3041 5566 ι
3081 5512 3503 5584 Superasdilicati

1944 5624 2107 5676 Supra
2179 5607 2586 5660 l'nndmucntum
2651 5607 3019 5676 apostolorum
3097 5617 3152 5660 et
3214 5607 3505 5674 prophetae
