4162 6442
677 386 825 452 1283

1530 376 2110 438 THEOPHYLACTI
2150 380 2562 442 BULGARIIE
2592 381 2952 442 ARCHIEP.

3798 375 3944 445 1284

671 509 921 556 creatura
960 491 1235 549 sensibilis
1266 490 1408 544 facta
1436 496 1520 543 est
1548 489 1710 553 bona,
1736 496 1789 542 et
1819 500 2037 557 propter
2072 490 2246 543 homi-

2373 494 2412 544 εδ
2436 495 2727 562 πρόσωπον
2755 492 2856 560 τῆς
2883 491 3045 559 γῆς.»
3086 491 3297 559 Ὠσπερ
3333 488 3445 559 γὰρ
3498 489 3604 542 ύπδ
3636 487 3773 541 Θεοῦ
3804 491 3942 540 ὑπο·

672 591 760 645 uis
790 585 1292 658 praevaricationem
1321 581 1484 635 etiam
1533 579 1649 647 ipsa
1682 597 1699 628 ι
1745 580 1971 631 vanitati
2003 579 2251 647 subjecta

674 679 847 741 est“,
885 696 901 727 ι
964 684 1021 729 ut
1080 676 1296 727 [irinum
1360 671 1572 725 scilicet
1622 683 1747 723 esse
1805 684 1915 721 non
1983 669 2251 724 haberet:

679 772 896 831 deinde,
940 783 1063 822 cum
1097 767 1150 819 in
1183 765 1388 819 diluvio
1432 765 1589 833 pauci
1625 764 2023 817 remansissent
2057 764 2125 831 pii
2155 765 2255 816 Ιιο-

684 866 879 926 mines,
914 860 1028 914 Noe
1061 859 1270 911 scilicet
1306 857 1505 925 aliique
1539 857 1591 908 in
1623 870 1746 907 arca
1790 856 2013 917 servati,
2047 863 2105 907 ut
2154 871 2251 909 no-

684 969 809 1007 vum
841 951 1045 1006 mundo
1076 965 1260 1004 semen
1283 949 1769 1002 subministrarem
1798 965 1810 998 :
1840 956 2007 999 totum
2041 949 2260 1001 univer-

682 1062 803 1100 sum
838 1051 1153 1099 renovatum
1187 1051 1292 1105 est,
1336 1056 1397 1093 ac
1425 1041 1567 1093 velut
1594 1038 1759 1108 399
1788 1040 2017 1092 alterum
2046 1039 2258 1091 initiqu

680 1139 845 1206 cepit.
880 1135 983 1189 Sed
1013 1150 1186 1203 neque
1214 1142 1327 1186 tum
1364 1136 1597 1184 humana
1630 1146 1820 1183 natura
1846 1130 1897 1183 in
1924 1132 2094 1198 primo
2116 1141 2258 1183 statu

682 1230 1001 1298 permansit,
1035 1226 1127 1279 sed
1163 1225 1368 1278 sensim
1402 1223 1467 1276 ad
1501 1223 1767 1275 deteriora
1805 1221 2042 1280 deﬂexit.
2078 1241 2104 1273 a
2138 1223 2261 1287 qui-

682 1323 785 1376 bus
814 1337 931 1375 eam
960 1335 1067 1372 non
1100 1317 1334 1370 Mosaica
1368 1318 1469 1379 lex,
1503 1329 1600 1367 nec
1653 1314 1822 1381 ipsius
1856 1312 2065 1366 Domini
2121 1330 2259 1382 pra:-

684 1412 861 1466 scmia
901 1410 1034 1463 satis
1062 1407 1331 1460 avocavit.
1357 1404 1624 1470 Quoniam
1657 1403 1822 1471 igitur
1854 1404 2133 1473 multiplrx
2160 1405 2262 1458 luit

684 1501 751 1553 ad
776 1500 1002 1554 salutem
1037 1501 1270 1561 vocatio,
1300 1511 1363 1548 ac
1392 1494 1671 1563 multiplex
1707 1509 1770 1546 ex
1800 1495 2165 1548 inobedientia
2207 1503 2262 1549 et

682 1590 1004 1645 inﬁdelitate
1046 1588 1278 1657 perditio
1309 1603 1324 1647 ;
1360 1586 1565 1639 ideirco
1607 1586 1952 1639 necessarius
1990 1588 2093 1639 erit
2118 1588 2263 1640 dilu-

681 1682 830 1733 vium
876 1678 1013 1745 ignis
1048 1685 1101 1730 et
1129 1675 1473 1743 consumptio
1506 1689 1520 1725 :
1569 1689 1676 1725 non
1722 1682 1900 1725 tamen
1949 1678 2059 1726 haec
2086 1671 2264 1725 omni-

684 1769 844 1825 moda
872 1780 924 1823 et
952 1767 1213 1836 perfecta,
1244 1781 1351 1817 non
1382 1767 1540 1833 plane
1570 1764 1905 1830 animarum,
1961 1765 2053 1817 sed
2084 1778 2263 1830 neque

683 1876 975 1931 corporum
1020 1876 1033 1912 ε

682 1951 921 2002 tribunal
975 1948 1177 2003 Christi
1211 1948 1278 2011 ",
1318 1964 1337 1995 ι
1376 1960 1483 1997 non
1499 1947 1695 2013 iutique
1722 1947 2043 2013 corporibus
2073 1955 2270 2000 exutos

686 2055 783 2093 seu
815 2038 1104 2091 animabus
1139 2036 1271 2089 solis
1293 2072 1307 2099 τ
1339 2037 1430 2088 sed
1466 2050 1589 2087 cum
1616 2037 1934 2103 corporibus
1964 2038 2271 2103 corruptio-

687 2131 772 2186 nis
799 2127 1428 2199 expertilius.Quomodo
1448 2130 1588 2179 enim
1621 2129 1798 2179 anima
1827 2129 2030 2197 absque
2046 2142 2273 2196 corpore

688 2222 971 2290 puniatur,
1002 2239 1020 2270 ι
1042 2220 1282 2272 referens
1313 2219 1532 2287 propria
1558 2220 1825 2286 corporis,
1862 2233 1958 2271 seu
1985 2227 2145 2286 prout
2173 2234 2267 2286 per

688 2328 892 2382 corpus
926 2313 1093 2381 gessit
1125 2311 1147 2362 Ἰ
1185 2329 1203 2359 ι
1242 2309 1357 2362 Non
1409 2310 1555 2361 enim
1598 2308 1733 2375 justi
1766 2310 1964 2376 judicis
1993 2319 2119 2373 est,
2148 2325 2269 2362 eum

687 2409 795 2459 duo
823 2408 1002 2460 simul
1047 2414 1102 2458 et
1126 2406 1260 2457 idem
1289 2405 1660 2472 peccaverint,
1684 2418 1848 2455 unum
1878 2405 2082 2471 absque
2114 2419 2269 2471 paena

688 2496 987 2559 dimittere,
1022 2502 1074 2546 et
1103 2494 1154 2546 in
1176 2494 1402 2545 alterum
1438 2501 1607 2543 totum
1633 2492 1813 2543 delicti
1850 2492 2061 2558 pondus
2092 2500 2272 2544 trans-

686 2586 849 2642 ferre.
904 2587 1217 2654 Propterea,
1258 2585 1302 2636 si
1341 2597 1440 2635 nos
1490 2582 1799 2633 immundus
1847 2582 2105 2634 materias
2152 2584 2273 2647 igne

690 2690 920 2745 purgare
939 2676 1203 2737 solemus,
1231 2682 1285 2726 et
1319 2671 1384 2724 ad
1421 2672 1712 2739 pristinum
1753 2673 1981 2723 nitorem
2017 2674 2272 2723 restbue-

694 2786 790 2836 re;
827 2765 966 2839 [cur
989 2772 1093 2819 non
1124 2767 1300 2820 simile
1332 2766 1460 2833 quid
1501 2766 1659 2816 fuerat
1692 2772 1743 2816 et
1771 2762 1913 2816 Deus
1939 2762 2059 2831 (l)?
2090 2761 2108 2833 ]
2138 2762 2270 2815 illud

698 2873 902 2924 autem,
941 2878 957 2910 ι
1000 2858 1255 2912 reservati
1304 2856 1357 2909 in
1390 2855 1740 2924 diemjudii-ii
1776 2871 1838 2907 ac
1869 2855 2208 2923 perditionis,
2250 2872 2268 2905 ι

696 2951 968 3006 communi
998 2965 1157 3003 sensu
1191 2948 1592 3017 accipiendum,
1618 2960 1679 2997 ac
1702 2946 1746 2998 si
1777 2956 1921 2999 esset
1957 2962 1972 2998 :
2009 2966 2025 2994 ι
2055 2946 2106 2997 in
2130 2945 2271 2998 diem

694 3041 904 3111 iudicii,
932 3047 985 3093 et
1015 3058 1033 3089 ι
1067 3040 1116 3091 in
1147 3039 1288 3091 diem
1319 3054 1336 3087 ι
1366 3036 1709 3105 perditionis.
1748 3054 1765 3085 ι
1793 3065 1862 3074 -
1898 3054 1915 3085 ι
1941 3033 2213 3088 Judicium
2248 3053 2267 3086 ι

699 3142 878 3185 autem
916 3129 1055 3181 idem
1088 3128 1228 3181 valet
1256 3128 1338 3179 hic
1369 3141 1432 3178 ac
1462 3126 1863 3179 condemnatio.

772 3314 933 3372 νω.
967 3314 1081 3380 8,9.
1120 3334 1137 3367 ι
1166 3314 1346 3369 Unum
1381 3330 1511 3370 vero
1539 3316 1641 3370 hoc
1669 3332 1774 3370 non
1806 3318 1969 3371 lateat
1994 3334 2107 3378 vos,
2148 3317 2277 3370 cha-

693 3408 922 3473 rissimi,
968 3409 1094 3474 quia
1140 3423 1281 3462 unus
1307 3407 1425 3462 dies
1455 3409 1598 3477 apud
1634 3407 1925 3461 Dominum
1963 3410 2278 3464 sicutmille

695 3500 846 3559 anni,
875 3508 928 3551 et
969 3499 1116 3552 mille
1140 3500 1267 3551 anni
1303 3502 1446 3553 sicut
1475 3516 1617 3553 unus
1648 3500 1785 3553 dies.
1822 3500 1937 3553 Non
1969 3500 2143 3552 tardat
2173 3501 2277 3552 Do-

698 3596 880 3643 minus
929 3591 1349 3657 promissionem
1401 3605 1579 3649 suam,
1629 3594 1769 3643 sicut
1825 3593 2044 3658 quidam
2083 3595 2275 3645 existi-

697 3691 848 3734 mant
883 3696 903 3746 ;
954 3680 1047 3733 sed
1080 3680 1347 3747 patienter
1381 3683 1491 3750 agit
1519 3695 1742 3749 propter
1784 3698 1907 3746 nos,
1951 3685 2143 3737 nolens
2175 3686 2274 3735 ali-

694 3786 833 3840 quos
880 3772 1078 3839 perire,
1130 3772 1223 3826 sed
1270 3787 1460 3825 unmes
1504 3773 1569 3825 ad
1603 3775 1974 3841 pmnitentiam
2010 3775 2214 3827 venire.
2255 3795 2273 3825 ι

697 3866 964 3919 Absoluto
995 3862 1061 3918 de
1091 3868 1567 3919 consummatione
1614 3867 1796 3919 saeculi
1850 3883 2134 3931 sermone,
2170 3884 2278 3935 quo

698 3958 857 4019 dixit,
884 3972 1003 4009 eam
1038 3968 1090 4009 et
1116 3958 1428 4011 necessario
1475 3967 1529 4010 et
1566 3974 1659 4027 per
1685 3959 1858 4027 ignem
1886 3959 2280 4027 futuram(qua:

698 4048 883 4101 omnia
912 4039 1012 4099 nos
1050 4062 1269 4117 quoque
1310 4046 1489 4101 fusius
1517 4051 1944 4119 enarravimus),
1987 4052 2184 4104 transit
2213 4052 2279 4103 ad

701 4139 947 4209 ejusdem
976 4140 1465 4194 consummationis
1496 4141 1841 4206 dilationem,
1872 4152 1926 4195 et
1956 4144 2030 4194 ait
2063 4159 2076 4194 :
2114 4161 2131 4192 ι
2164 4141 2279 4196 Non

710 4231 888 4282 tardat
920 4229 1182 4283 Dominus
1213 4230 1635 4297 promissionem
1664 4244 1843 4292 suam,
1888 4233 2029 4285 sicut
2059 4236 2279 4299 quidam

700 4319 1040 4381 existimant,
1098 4318 1193 4371 sed
1238 4320 1509 4387 patienter
1534 4321 1664 4387 agit,
1708 4338 1726 4369 ι
1771 4322 2001 4373 salutem
2047 4335 2279 4374 vestram

699 4416 1045 4477 exspectans.
1062 4420 1116 4461 et
1136 4408 1519 4461 salvandorum
1550 4409 1764 4461 numeri
1791 4412 2274 4477 complementum;

701 4516 935 4568 cumque
967 4498 1107 4553 Deus
1149 4499 1452 4552 immensus
1476 4499 1569 4563 sit,
1601 4501 1748 4552 nulla
1784 4510 1869 4553 est
1908 4500 2051 4569 apud
2096 4502 2272 4570 ipsum

700 4593 911 4656 dilatio,
940 4608 1032 4646 seu
1056 4590 1390 4645 diuturnitas
1413 4593 1673 4659 temporis
1702 4610 1718 4656 -,
1753 4592 1847 4645 sed
1870 4593 2031 4645 etiam
2070 4612 2087 4643 ι
2128 4594 2275 4647 mille
2307 4572 2350 4628 ί)

702 4687 830 4738 anni
872 4702 890 4733 ι
930 4686 977 4737 ei
1007 4693 1135 4735 sunt
1180 4701 1197 4733 ι
1227 4684 1370 4735 sicut
1405 4697 1546 4735 unus
1572 4684 1714 4748 dies,
1758 4701 1777 4733 ι
1813 4685 1944 4752 quin
1972 4686 2272 4738 secundum

706 4777 894 4839 David,
922 4778 1062 4829 sicut
1097 4774 1319 4827 minima
1341 4788 1468 4843 pars
1503 4774 1631 4827 diei.
1660 4775 1751 4828 Sic
1767 4778 1911 4828 enim
1941 4778 2052 4830 ait:
2084 4796 2101 4827 ι
2126 4776 2276 4841 Quo-

702 4868 846 4919 niam
894 4867 1041 4919 mille
1077 4867 1205 4918 anni
1258 4875 1385 4919 ante
1423 4866 1614 4920 oculos
1663 4876 1806 4931 tuos,
1839 4867 2087 4932 Domine,
2134 4880 2277 4922 sucut

703 4957 819 5010 dies
849 4957 1101 5009 hesterna
1117 4972 1234 5025 qua:
1259 4957 1537 5023 praeteriit,
1555 4967 1609 5009 et
1638 4958 1885 5010 custodia
1908 4958 1962 5011 in
1989 4971 2146 5011 nocte
2172 4960 2270 5013 η.»

703 5045 986 5109 Videlicet,
1006 5055 1065 5099 ut
1094 5055 1304 5113 tempus
1320 5047 1697 5100 brevissimum
1719 5046 1940 5113 indicet,
1971 5069 1986 5096 ι
2018 5047 2280 5102 custodia:

703 5139 878 5190 noctis
912 5154 930 5186 ι
973 5134 1106 5188 illud
1136 5144 1415 5205 comparat
1456 5153 1468 5187 :
1506 5138 1773 5205 siquidem
1809 5153 1912 5191 nox
1956 5140 2008 5191 in
2040 5149 2280 5207 quatuor

704 5237 886 5297 partes
946 5226 1263 5281 dividitur:
1322 5234 1375 5279 et
1438 5225 1703 5281 Dominus
1774 5246 1793 5277 ι
1829 5237 2022 5296 quarta
2092 5232 2274 5299 vigilia

702 5319 881 5371 noctis
928 5319 1075 5370 venit
1117 5316 1160 5346 ²⁷
1201 5333 1219 5365 ι
1286 5313 1355 5366 ad
1415 5320 1715 5384 apostolos,
1766 5327 1824 5370 ut
1876 5319 1929 5370 in
1980 5318 2274 5389 Evangelio

703 5420 977 5463 narratur.

2362 588 2537 639 στᾶσα
2606 587 2640 654 ἡ
2686 583 2921 653 αἰσθητὴ
2948 582 3145 645 κτίσις,
3178 580 3320 649 καλή
3357 596 3373 611 -
3403 579 3491 632 διὰ
3520 579 3576 632 δὲ
3604 580 3704 648 τὴν
3724 578 3819 631 τοῦ
3845 579 3945 630 ἀν-

2358 677 2585 746 θρώπου
2614 674 3060 746 παράϐασιν,καὶ
3087 673 3225 741 αὐτὴ
3254 673 3286 741 ὴ
3315 670 3490 733 κτίσις
3518 674 3585 740 τῇ
3623 671 3948 739 ματαιότητι

2359 770 2632 838 ὑπετάγη,
2678 767 2825 819 τοῦτ’
2848 768 2965 818 ἔστι
3002 764 3079 834 τῷ
3118 765 3192 834 μὴ
3248 763 3464 833 βέϐαιον
3488 763 3633 831 ἔχειν
3651 763 3711 814 τὸ
3767 758 3935 813 εἶναι’

2356 856 2478 913 εἶτα
2506 861 2593 912 διὰ
2623 860 2718 912 τοῦ
2760 856 3169 926 κατακλυσμοῦ,
3204 857 3418 926 μικρῶν
3457 857 3548 906 ἐπὶ
3592 856 3689 924 τῆς
3719 854 3823 921 γῆς
3852 855 3946 906 δν-

2359 970 2467 1004 των
2501 952 2610 1003 τῶν
2668 948 2936 1001 θεοσεὸὦν
3001 945 3326 1015 ἀνθρώπων,
3386 950 3477 998 καὶ
3523 941 3633 997 οἷον
3687 945 3946 1013 δευτέρου

2362 1039 2781 1108 ἁνακαινισμοῦ,
2812 1039 2988 1109 ἀρχὴν
3027 1037 3121 1090 τοῦ
3163 1038 3372 1106 κόσμου
3397 1036 3676 1099 λαϐόντος,
3728 1037 3816 1089 διὰ
3848 1035 3946 1087 τοῦ

2362 1132 2503 1194 Νότε,
2531 1131 2627 1183 καὶ
2649 1129 2760 1181 τῶν
2790 1131 2846 1181 ὲν
2879 1131 2947 1197 τῇ
2997 1127 3211 1195 κιϐωτῷ
3252 1126 3407 1190 ζώων
3475 1127 3949 1195 διαφυλαχθέντων

2363 1227 2441 1286 εἰς
2464 1226 2525 1276 τὸ
2548 1224 2710 1275 πάλιν
2744 1223 3007 1288 συστῆναι
3034 1222 3258 1289 σπέρμα
3291 1217 3368 1286 τῷ
3404 1218 3616 1286 κόσμῳ,
3649 1218 3797 1281 ὅμως
3814 1216 3941 1268 οὐδὲ

2360 1318 2481 1367 τότε
2535 1316 2633 1385 τῆς
2692 1315 2802 1366 τῶν
2867 1312 3172 1382 ἀνθρώπων
3225 1312 3646 1380 προτερησάσης
3701 1308 3943 1377 φύσεως,

2362 1405 2476 1459 ἀλλ’
2505 1407 2599 1458 ἐπὶ
2651 1404 2860 1475 χείροσι
2907 1405 3015 1457 τῶν
3056 1404 3349 1474 προτέρων
3376 1397 3946 1471 ἀπορῤευσάσηςοιῶν

2362 1497 2525 1564 νόμος
2588 1496 2617 1547 ὁ
2642 1494 2731 1547 διὰ
2756 1493 3035 1555 Μωῦσέως
3095 1490 3461 1561 ἀπέστρεψεν,
3515 1488 3612 1556 οὐχ
3636 1488 3670 1556 ἡ
3705 1487 3795 1538 τοῦ
3828 1488 3948 1539 Κυ-

2367 1589 2483 1657 ρίου
2521 1587 2796 1655 παρουσία
2914 1585 3039 1637 Επεὶ
3071 1583 3166 1637 οὖν
3209 1583 3549 1652 πολύτροπος
3589 1580 3688 1649 μὲν
3731 1580 3764 1649 ἡ
3810 1580 3946 1649 πρὸς

2360 1668 2767 1746 τὴνσωτηρίαν
2790 1675 3004 1743 κλῆσις,
3040 1672 3377 1743 πολυσχεδὴς
3401 1672 3457 1724 δὲ
3484 1674 3517 1741 ἡ
3557 1669 3618 1733 ἐξ
3661 1669 3948 1731 ἀπειθείας

2361 1767 2632 1825 ἀπώλεια,
2675 1767 2766 1819 διὰ
2812 1765 2973 1818 τοῦτο
3016 1766 3320 1832 ἀναγκαῖος
3369 1762 3526 1815 ἔσται
3576 1764 3605 1814 ὁ
3632 1760 3726 1813 τοῦ
3773 1761 3949 1829 πυρὸς

1083 1877 1102 1910 ι
1139 1855 1341 1911 Omnes
1365 1857 1508 1909 enim
1543 1871 1642 1908 nos
1669 1864 1849 1908 astare
1882 1863 2097 1922 Oportet
2135 1862 2262 1907 ante

2373 1859 2775 1927 κατακλυσμὸς,
2810 1858 2987 1928 φθορά
3019 1858 3138 1925 μὲν,
3171 1857 3221 1908 εί
3249 1857 3344 1908 καὶ
3381 1856 3453 1926 μὴ
3488 1853 3760 1922 παντελής
3796 1866 3815 1884 ·
3843 1852 3952 1919 ψυ-

2375 1951 2484 2018 χῶν
2522 1951 2635 2017 γὰρ
2669 1948 2752 2010 οὒ,
2780 1949 2897 2000 ἀλλ’
2931 1949 3052 2001 οὐδὲ
3093 1947 3386 2016 σωμάτων·
3430 1964 3448 1995 ι
3471 1946 3685 2007 Πάντας
3716 1945 3825 2012 γὰρ
3864 1944 3951 1995 δεῖ

2374 2045 2521 2111 ἡμᾶς
2550 2043 2899 2110 παραστῆναι
2943 2030 3022 2108 τῷ
3079 2040 3282 2108 βήματι
3305 2038 3399 2089 τοῦ
3466 2036 3728 2107 Χριστοῦ,
3768 2054 3785 2085 ι
3822 2035 3951 2103 οὐχὶ

2374 2116 2569 2202 γυμνοὶ
2606 2134 2893 2201 σωμάτων,
2930 2132 3129 2200 ψυχαῖς
3170 2131 3377 2198 μόναν,
3431 2129 3563 2181 ἀλλὰ
3597 2127 3731 2192 μετά
3762 2128 3955 2193 σωμά-

2372 2243 2479 2277 των
2499 2225 2813 2295 ἀφθάρτων.
2843 2226 2963 2286 Πῶς
3013 2225 3120 2293 γὰρ
3150 2223 3214 2276 ἂν
3246 2225 3278 2292 ὴ
3310 2223 3458 2291 ψυχὴ
3500 2220 3793 2287 κολασθείη
3843 2236 3910 2283 γυ
3930 2248 3947 2257 -

2378 2319 2482 2386 μνὴ
2508 2318 2778 2384 σώματος,
2814 2315 3153 2383 κομιουμένη
3184 2314 3252 2365 τὰ
3276 2314 3366 2365 διὰ
3394 2311 3489 2363 τοῦ
3523 2311 3777 2378 σώματος
3802 2310 3945 2376 αὐτῇ

2373 2406 2774 2473 πεπραγμένα;
2834 2406 2908 2454 Οὐ
2940 2404 3050 2471 γὰρ
3075 2403 3286 2455 δικαίου
3316 2401 3528 2471 κριτοῦ,
3560 2400 3653 2453 δύο
3680 2401 3942 2468 πλημμεο

2375 2495 2576 2567 λητάντ
2599 2513 2674 2548 ων
2708 2495 2849 2547 κατὰ
2871 2494 3091 2557 ταύτὸν,
3140 2494 3231 2546 τὸν
3284 2493 3379 2546 ἕνα
3407 2494 3647 2561 ἀφεῖναι,
3712 2493 3848 2561 πρὶς
3891 2490 3952 2540 δὲ

2373 2590 2464 2639 τὴν
2496 2587 2684 2655 ἕτερον
2718 2588 2778 2638 τὸ
2801 2588 2910 2638 πᾶν
2957 2584 3053 2638 τοῦ
3088 2586 3437 2654 ἐγκλήματος
3484 2584 3785 2652 ἐπιφέρειν.
3814 2582 3951 2633 Ἀλο

2374 2679 2481 2740 λως
2527 2696 2584 2729 τε
2612 2679 2691 2736 δὲ,
2736 2680 2818 2730 ὅτι
2850 2677 2948 2729 καὶ
2981 2679 3116 2746 πυρὶ
3148 2677 3423 2745 εἰώθαμεν
3454 2677 3551 2736 τὰς
3588 2676 3663 2744 μὴ
3698 2674 3951 2743 καθαρὰς

2372 2769 2481 2820 τῶν
2504 2769 2646 2820 ύλῶν
2680 2769 2986 2838 καθαίρειν,
3012 2769 3105 2820 καὶ
3138 2769 3274 2838 πρὸς
3290 2768 3351 2821 τὸ
3381 2768 3669 2835 εἰλικρινὲς
3695 2766 3950 2820 ἀποκαθ-

2377 2860 2550 2928 ιστᾷν.
2584 2859 2657 2910 Τδ
2704 2858 2782 2921 δὲ,
2836 2877 2853 2905 ι
2884 2858 3208 2928 τηρούμενοι
3233 2861 3310 2921 είς
3340 2859 3556 2928 ἡμέραν
3593 2859 3824 2925 κρίσεως
3857 2859 3954 2909 καὶ

2376 2949 2673 3012 ἀπωλείας,
2709 2970 2728 2999 ι
2762 2949 2905 3001 οὓτω
2935 2951 3079 3003 κατά
3103 2948 3286 3002 κοινοῦ
3343 2949 3427 3014 τὸ,
3456 2968 3475 2999 ι
3525 2950 3604 3011 είς
3662 2948 3899 3018 ἡμέραν,
3926 2966 3945 2998 ι

2377 3039 2631 3106 ληπτέον,
2676 3039 2827 3091 τοῦτ’
2859 3040 3026 3105 ἐστιν,
3064 3042 3141 3103 είς
3168 3039 3379 3109 ἡμέραν
3426 3038 3679 3110 κρίσεως,
3715 3040 3809 3091 καὶ
3873 3041 3953 3101 είς

2379 3130 2591 3199 ἡμέραν
2648 3148 2665 3179 σ
2696 3129 2994 3191 ἀπωλείας.
3021 3148 3040 3181 ι
3068 3160 3136 3171 -
3176 3148 3195 3181 ι
3224 3128 3468 3198 Κρίσεως
3500 3146 3519 3179 ι
3562 3128 3638 3193 δὲ,
3668 3129 3789 3181 ἀντὶ
3830 3127 3955 3206 τοῦ⁹

2293 3198 2342 3257 c
2382 3225 2785 3295 κατακρίσεως.

2454 3336 2472 3367 ι
2507 3318 2600 3368 Ἕν
2636 3316 2694 3369 δὲ
2713 3316 2871 3368 τοῦτο
2895 3315 2969 3385 μὴ
2999 3315 3308 3368 λανθανέτω
3337 3315 3502 3383 ὑμᾶς,
3527 3315 3833 3382 ἀγαπητοὶ,
3856 3316 3946 3367 ὅτι

2380 3409 2475 3477 μία
2507 3409 2693 3479 ἡμέρα
2718 3409 2867 3477 παρὰ
2898 3408 3088 3474 Κυρίῳ
3119 3408 3194 3469 ὼς
3260 3406 3407 3476 χίλια
3422 3407 3539 3474 ἔτη,
3564 3407 3658 3458 καὶ
3680 3407 3828 3475 χίλια
3850 3408 3947 3476 ἐτη

2377 3501 2452 3563 ὡς
2494 3501 2678 3573 ἡμέρα
2743 3502 2863 3569 μία.
2897 3502 2973 3553 Οὐ
3021 3499 3270 3569 βραδύνει
3298 3502 3325 3551 ὁ
3355 3499 3559 3569 Κύριος
3589 3500 3685 3568 τῆς
3714 3502 3958 3568 ἐπαγγε-

2378 3594 2519 3653 λίας,
2549 3592 2623 3652 ὦς
2655 3609 2797 3655 τινες
2850 3592 3160 3660 βραδυτῆτα
3191 3591 3475 3659 ἡγοῦνται,
3506 3590 3641 3643 ἀλλὰ
3674 3592 3953 3661 μακροθυ-

2381 3687 2471 3753 μεῖ
2493 3687 2570 3746 είς
2628 3686 2796 3753 ἡμᾶς,
2822 3684 2897 3753 μὴ
2930 3683 3250 3753 βουλόμενός
3286 3699 3410 3734 τινα
3453 3682 3772 3747 ἀπολέσθαι,
3816 3683 3955 3735 ἀλλὰ

2379 3779 2586 3838 πάντας
2613 3779 2692 3835 εἰς
2759 3777 3050 3843 μετάνοιαν
3086 3774 3354 3844 χωρῆσαι.
3396 3792 3413 3824 ι
3455 3774 3954 3843 Συμπρανάμενος

2378 3868 2467 3917 τὸν
2498 3867 2626 3935 περὶ
2677 3866 2774 3934 τῆς
2841 3864 3150 3925 συντελείας
3208 3864 3387 3929 λόγον,
3442 3863 3526 3914 ὅτι
3571 3863 3873 3926 inanimi
3896 3862 3954 3925 ἐξ

2380 3956 2644 4025 ἀνάγκης,
2688 3958 2780 4006 καὶ
2806 3956 2873 4005 ἐκ
2901 3954 3070 4022 πυρὸς
3098 3952 3168 4022 (ἃ
3200 3953 3379 4003 πάντα
3426 3952 3517 4003 καὶ
3548 3953 3707 4020 ἡμεῖς
3731 3952 3953 4013 διεξοδι-

2382 4054 2625 4121 κώτερον
2656 4050 3033 4119 διεξήλθομεν)
3060 4088 3073 4108 ,
3106 4047 3481 4116 μεταϐἐὸηκεν
3522 4047 3615 4097 ἐπὶ
3649 4047 3746 4114 τὴν
3776 4047 3957 4114 παρα-

2380 4161 2536 4197 τασιν
2578 4146 2672 4194 τοῦ
2726 4146 2919 4211 χρόνου
2947 4142 3044 4208 τῆς
3089 4140 3182 4191 τοῦ
3234 4139 3440 4206 κόσμου
3495 4138 3825 4199 συντελείας,
3859 4138 3953 4190 καί

2383 4247 2568 4297 φησιν,
2627 4232 2709 4283 ὅτι
2750 4249 2767 4280 ι
2794 4232 2868 4281 0-)
2898 4229 3149 4298 βραδύνει
3182 4229 3209 4277 ὁ
3236 4227 3441 4296 Κύριος
3472 4226 3568 4295 τῆς
3596 4227 3953 4292 ἐπαγγελίας,

2380 4320 2454 4381 ὥς
2479 4338 2623 4390 ,τινες
2684 4320 2991 4390 βραδυτῆτα
3034 4316 3314 4386 ἡγοῦνται,
3360 4316 3497 4367 ἀλλά
3535 4316 3903 4385 μακροθυμεῖ,
3929 4337 3949 4367 ι

2385 4394 2493 4481 τὴν
2508 4413 2783 4480 σωτηρίαν
2822 4410 2976 4477 ὑμῶν
3006 4408 3385 4476 ἐκδεχόμενος,
3421 4408 3517 4459 καὶ
3551 4407 3612 4457 τὸ
3641 4407 3749 4458 τῶν
3778 4408 3957 4475 σωθη-

2386 4505 2628 4574 σομένων
2671 4504 2965 4571 πλήρωμα.
3000 4501 3130 4551 "Acs
3154 4501 3219 4568 δὴ
3264 4498 3476 4568 ἀπείρῳ
3510 4498 3625 4550 ὄντι
3664 4499 3831 4567 αύτῷ,
3858 4501 3954 4550 οῦ-

2375 4597 2463 4648 δὲν
2517 4594 2668 4663 αύτῴ
2708 4595 3181 4661 παρατεταμὲνον,
3227 4590 3364 4643 ἀλλά
3388 4592 3482 4641 καὶ
3510 4589 3579 4641 τά
3619 4607 3639 4638 ι
3667 4590 3812 4656 χίλια
3853 4591 3953 4659 ἔτη

2379 4688 2452 4748 ὼς
2490 4686 2587 4755 μία
2620 4685 2800 4754 ἡμέρα
2856 4685 2988 4753 παρ’
3047 4681 3229 4752 αὐτῷ·
3259 4700 3277 4733 ι
3315 4681 3517 4749 μᾶλλον
3561 4681 3636 4745 δὲ,
3679 4683 3818 4732 κατὰ
3861 4684 3953 4732 τὴν

2379 4780 2564 4840 Δαϐὶδ,
2590 4779 2710 4831 οὐδὲ
2731 4780 2791 4829 τὸ
2831 4777 3151 4848 [πολλοστὸν
3178 4775 3391 4844 ἡμέρας
3432 4772 3591 4843 (φησὶ
3614 4772 3723 4840 γὰρ
3754 4772 3951 4834 οὓτως-

2384 4888 2402 4919 ι
2437 4871 2560 4921 “Ott
2587 4870 2734 4937 χίλια
2762 4869 2857 4935 ἔτη
2876 4869 2931 4918 ἐν
2963 4866 3261 4935 ὀφθαλμοῖς
3296 4882 3412 4928 σου,
3441 4864 3633 4932 Κύριε,
3664 4863 3735 4924 ὡς
3770 4865 3956 4930 ἡμέρα

2381 4962 2415 5029 ἡ
2448 4960 2622 5028 ἐχθὲς,
2664 4961 2784 5028 ἥτις
2822 4958 3030 5026 διῆλθε,
3072 4960 3166 5010 καὶ
3192 4955 3409 5025 φυλακὴ
3448 4959 3506 5007 ὲν
3544 4954 3699 5006 νυκτί
3724 4970 3737 4982 υ
3788 4972 3807 5003 ι
3866 4956 3953 5005 δια

2379 5052 2479 5120 τῆς
2515 5051 2763 5119 φυλακῆς
2794 5050 2857 5103 τὸ
2890 5049 3228 5119 βραχύτατον
3265 5045 3528 5117 δηλῶν),]
3586 5046 3799 5113 φυλακῇ
3859 5063 3955 5097 νυ-

2382 5146 2508 5206 κτὸς
2547 5145 2928 5197 ἀπεικάσαντα
2967 5146 3035 5194 τὰ
3073 5142 3220 5210 χίλια
3247 5140 3366 5209 ἐτη.
3421 5139 3485 5190 Ἦ
3524 5139 3619 5203 νὺξ
3643 5138 3697 5189 δὲ
3721 5139 3802 5197 εἰς
3831 5140 3959 5188 τέσ.

2382 5252 2522 5305 σαρα
2580 5236 2864 5305 μερίζεται
2923 5235 3291 5303 διαστήματα,
3324 5230 3379 5282 εί
3413 5246 3473 5298 γε
3524 5233 3620 5283 καὶ
3671 5231 3699 5281 ὁ
3749 5229 3951 5297 Κύριος

2384 5346 2401 5377 ι
2427 5330 2663 5399 τετάρτῃ
2694 5330 2910 5397 φυλακῇ
2944 5329 3043 5396 τῆς
3080 5327 3272 5389 νυκτὸς
3304 5344 3323 5376 ι
3382 5328 3493 5386 τοῖς
3522 5326 3687 5390 ἱεροῖς
3718 5326 3955 5376 ἀποστί-

2375 5418 2487 5479 λοις
2522 5418 2911 5485 (παρίσταται,
2936 5435 2955 5467 ι
3011 5417 3085 5479 ὦς
3116 5434 3247 5485 φησι
3284 5417 3341 5468 τὸ
3392 5414 3742 5479 Εὑαγγέλιον.

770 5526 815 5557 ⁸⁸
846 5526 1004 5581 Rom.
1032 5542 1148 5593 vni,
1186 5526 1275 5581 20.
1352 5528 1459 5583 "ll
1480 5527 1607 5582 Cor.
1628 5526 1788 5591 v.10.
1862 5527 1908 5558 “
1940 5524 2081 5579 Psal.
2108 5541 2264 5580 Lxxxt

2373 5529 2406 5583 ί.
2467 5530 2510 5559 ⁸⁷
2537 5530 2731 5586 Matth.
2763 5547 2872 5595 λιν,
2912 5531 3005 5584 ‘25.

2036 5621 2231 5681 Varia:
2267 5623 2594 5683 lectiones.

780 5726 856 5795 (l)
898 5724 1019 5777 IIn-c
1050 5729 1209 5781 Verba
1246 5728 1310 5782 ad
1342 5728 1665 5797 explendum
1701 5744 1920 5782 sensum
1953 5729 2065 5795 ipse
2119 5730 2281 5781 addo.
2324 5726 2512 5783 Editus
2547 5738 2728 5783 textus
2756 5728 2921 5781 multa
2954 5726 3040 5782 hic
3069 5727 3298 5794 amplius
3329 5725 3521 5788 habet;
3576 5737 3696 5791 que
3743 5720 3952 5775 exscri-

705 5795 834 5849 bere
860 5814 969 5851 tum
1001 5800 1175 5852 Itbtut.
