4042 6188
244 349 309 425 49
404 396 417 403 -
834 343 1082 405 EPIST.
1129 344 1234 407 AD
1281 341 1656 405 CAltOLUM
1705 342 1775 400 ll.
1825 342 1929 402 EX
1976 342 2327 403 DlSSEltT.
2378 344 2400 404 Ι
2444 345 2545 404 DE
2594 347 2996 410 Pll/EDEST.
3541 359 3621 419 50

245 479 3619 517 __________.____—.___________—_

1397 628 2398 760 HINCMARI

720 880 974 1032 DE
1103 875 2985 1042 PRfEDESTINATlONE
3058 896 3092 933 ³

1250 1138 1650 1217 CONTRA
1724 1138 2557 1214 GOTHESCALCUW

1582 1405 2235 1491 LECTORI

1044 1556 1133 1617 De
1157 1558 1363 1638 priore
1394 1556 1718 1619 Hzncmari
1739 1576 1913 1638 opere
1941 1567 2148 1621 contra
2176 1560 2766 1626 Prwdestfnaliauos.

286 1799 490 1883 Duplex
522 1799 635 1881 fuit
664 1797 963 1883 Hincmari
997 1797 1278 1883 adversus
1309 1796 1857 1883 Prmdestinationos
1888 1798 2235 1883 lucubratio.
2273 1802 2397 1883 Una
2428 1806 2543 1857 tres
2574 1804 2754 1883 libros
2785 1808 3110 1883 continens,
3140 1828 3241 1881 pro
3273 1812 3609 1873 defensione

228 1868 688 1952 Carisiaeensium
717 1870 849 1952 ejus
870 1868 1515 1952 capitulorumcontra
1535 1868 2005 1952 Gothos-ealcum,
2027 1888 2152 1942 qua}
2182 1873 2601 1952 Lugdunenses
2634 1878 2867 1952 scriptis
2900 1881 3024 1934 suis
3057 1868 3491 1952 iriipugnarant.
3514 1868 3609 1941 Al:

228 1948 333 2022 tera
356 1960 464 1999 non
497 1940 1000 2022 librisdistincta,
1033 1940 1134 2022 sed
1179 1940 1472 2022 capitibus
1502 1945 1630 2022 octo
1660 1944 1718 1995 et
1749 1940 2007 2022 triginta,
2033 1940 2167 2022 cum
2216 1940 2636 2022 Lugdunenses
2669 1940 2875 2003 iterum
2908 1940 3186 2005 adverstis
3221 1940 3606 2012 ‘l'lincmarum

227 2012 808 2093 ins_urgerent._A-tque
838 2012 966 2093 beas
980 2010 1274 2093 posterior
1305 2010 1405 2093 illa
1433 2015 1523 2093 est
1553 2010 1894 2093 Dissertatio
1925 2030 2101 2083 quam
2135 2014 2191 2067 in
2212 2010 2333 2093 hoc
2366 2017 2656 2072 volumine
2700 2020 2984 2093 integram
3026 2010 3607 2093 reprzesentamus

226 2081 398 2142 οοάἱοέ
421 2084 611 2140 sancti
646 2081 893 2156 Rémigii
927 2081 1298 2156 Rbemensis,
1322 2081 1408 2156 vel
1444 2081 1737 2156 llincmari
1770 2081 1989 2156 potius,
2010 2101 2042 2137 a
2069 2103 2183 2155 quo
2210 2085 2426 2141 librum
2462 2081 2929 2146 monasterio‘illi
2965 2081 3167 2149 datum
3200 2096 3368 2151 docet
3400 2081 3609 2155 inseri:

229 2156 347 2229 ptio.
373 2156 585 2212 Prioris
617 2153 1040 2226 autem'operis
1072 2153 1214 2235 sola,
1240 2154 1394 2224 quod
1440 2154 1644 2219 sciam,
1670 2154 1824 2279 apud
1860 2153 2248 2211 Flodoardum
2286 2163 2465 2213 restat
2495 2160 2741 2231 epistola
2793 2181 2895 2219 seu
2946 2165 3204 2236 praefatio
3238 2170 3306 2222 ad
3341 2153 3609 2226 Carolum

229 2245 412 2279 regem.
443 2244 631 2279 unam
664 2228 735 2279 ad
766 2226 1003 2279 iactura:
1032 2224 1311 2279 solatium
1342 2225 1451 2279 hoc
1482 2224 1607 2279 loco
1637 2241 1704 2279 ex
1752 2224 1896 2279 lberi
1926 2226 2117 2279 visum
2148 2232 2237 2279 cst
2267 2246 2452 2279 onerm
2487 2232 2760 2279 nmtinm-

227 2224 412 2302 regem,
443 2244 631 2301 quam
664 2228 735 2283 ad
758 2224 1003 2298 jactura:
1032 2224 1311 2281 solatium
1342 2225 1451 2281 hoc
1482 2224 1607 2280 loco
1637 2241 1704 2280 ex

1752 2224 1896 2280 iberi
1926 2226 2117 2281 visum
2148 2232 2237 2283 cst
2267 2246 2452 2301 opera:
2486 2224 2761 2303 pretium.

701 2470 1249 2557 HINCMARI
1304 2468 1839 2555 EPISTOLA
1903 2471 2045 2554 AD
2105 2472 2679 2562 CAItOLUM
2742 2479 3135 2567 REGEM

1046 2620 1264 2681 Priori
1288 2621 1417 2701 ejus
1447 2630 1656 2681 contra
1684 2620 2246 2683 Pratdestz'nationos
2281 2622 2465 2703 Operi
2490 2627 2771 2707 prmﬁxa.

293 2786 528 2859 Domino
551 2783 808 2857 glorioso
834 2780 953 2854 regi
979 2781 1205 2844 Canem
1239 2780 1607 2846 Hmcmanus,
1631 2780 1866 2835 nomine
1896 2783 1947 2846 Α
1988 2780 2209 2836 nimus.
2249 2785 2382 2848 Quze
2416 2786 2695 2858 capitula,
2729 2788 2882 2844 sicut
2910 2808 2941 2844 a
2973 2792 3143 2847 nobis
3183 2800 3451 2867 excerpta
3482 2803 3622 2854 sunt

235 2893 333 2931 non
362 2873 567 2930 merito
600 2870 958 2927 Rhemorum
989 2869 1302 2942 episcopus
1327 2886 1391 2923 ac
1420 2869 1609 2941 plebis
1640 2869 1739 2924 Dei
1774 2870 1859 2924 fa-

236 2963 424 3028 mulus,
458 2979 585 3018 una
614 2977 748 3016 cum
781 2958 1018 3032 collegis
1049 2958 1285 3013 domnis
1316 2963 1373 3013 et
1404 2957 1682 3013 fratribus
1714 2958 1861 3013 meis

236 3052 555 3109 venerandis
588 3048 900 3122 episcopis,
929 3047 1261 3103 oratoribus
1292 3046 1515 3102 scilicet
1545 3045 1753 3102 salutis
1784 3050 1863 3102 at-

236 3158 329 3213 que
356 3137 759 3214 prosperitatis
789 3141 994 3193 vestra:
1023 3136 1267 3191 devotis.

295 3229 396 3285 Deo
424 3228 650 3301 gratias
685 3226 917 3299 agimus
945 3224 1047 3297 qui
1078 3241 1177 3280 cor
1204 3227 1461 3279 vestrum
1495 3225 1564 3279 ad
1604 3242 1862 3279 amorem

238 3336 386 3373 suum
406 3316 679 3374 accendit
700 3319 756 3370 et
782 3314 853 3369 ad
884 3312 1276 3386 cognitionem
1300 3312 1559 3369 veritatis
1589 3318 1646 3367 et
1675 3313 1865 3368 ortho-

237 3406 371 3462 doxa:
390 3405 521 3462 fidei
546 3403 857 3461 scientiam
880 3406 937 3458 et
957 3400 1321 3474 diligentiam
1345 3401 1550 3473 ignivit
1575 3418 1586 3455 :
1613 3402 1863 3473 pruden-

239 3493 360 3548 tiam
386 3508 622 3569 quoque
650 3495 710 3546 et
740 3488 1186 3562 intelligentiam
1210 3488 1373 3544 vobis
1405 3488 1461 3543 in
1494 3488 1705 3543 litteris
1728 3489 1867 3543 divi-

239 3579 377 3637 nitus
420 3578 732 3655 inspiratis
762 3577 1017 3647 donavit,
1050 3581 1109 3632 et
1148 3577 1206 3631 in
1240 3594 1440 3632 earum
1492 3577 1868 3632 meditatione

237 3675 389 3743 atque
415 3667 852 3733 exercitatione,
872 3669 1158 3738 quantum
1190 3664 1352 3720 vobis
1384 3683 1488 3737 pro
1518 3666 1597 3721 rei
1622 3665 1867 3738 publicae

238 3759 464 3832 negotiis
486 3757 651 3825 licet,
675 3754 941 3811 studium
962 3758 1165 3810 vestrae
1189 3754 1513 3810 devotionis
1531 3754 1869 3826 quotidiano

236 3852 528 3927 augmento
550 3846 628 3902 ad
651 3843 964 3900 utilitatem
992 3847 1206 3898 sanctas
1238 3860 1355 3898 suae
1381 3842 1648 3899 Ecclesiae
1680 3861 1873 3915 prove-

237 3935 329 3991 hit.
350 3932 635 4011 Czeterum
667 3931 925 4005 capitula
955 3930 1255 4005 synodalia
1286 3931 1703 3987 venerabilium
1734 3949 1871 3987 con-

237 4025 588 4080 sacerdotum
608 4025 965 4089 nostrorum,
982 4021 1159 4075 trium
1179 4018 1402 4075 scilicet
1418 4019 1870 4091 provinciarum,

1970 2869 2099 2925 suis
2132 2871 2369 2943 scriptis
2404 2872 2655 2929 inserere
2682 2877 3011 2946 noluerunt,
3038 2897 3107 2933 ne
3136 2882 3207 2936 ab
3232 2881 3348 2937 illis
3369 2884 3621 2956 legeren-

1972 2962 2069 3011 tur
2099 2958 2155 3011 in
2189 2977 2439 3030 quorum
2464 2980 2672 3017 manus
2701 2963 2923 3018 illoruu‘
2965 2968 3221 3037 capitula
3249 2971 3615 3044 devenirent;

1972 3048 2071 3102 sed
2105 3049 2371 3119 quaedam
2397 3052 2465 3105 de
2497 3051 2589 3105 his
2621 3070 2745 3123 (ιιιίο
2778 3052 2834 3105 in
2866 3055 3138 3125 capitulis
3168 3075 3201 3110 a
3232 3059 3400 3114 nobis
3429 3078 3618 3117 excer-

1971 3135 2087 3206 ptis
2118 3135 2429 3203 habentur,
2466 3138 2576 3193 alio
2610 3158 2783 3195 sensu
2819 3147 2874 3195 et
2912 3141 3041 3197 aliis
3068 3144 3260 3200 verbis
3297 3147 3618 3220 tetigerunt.

1974 3228 2037 3279 ut.
2067 3225 2459 3281 abominanda
2498 3227 2597 3282 illa
2637 3234 3027 3287 monstrarent
3060 3249 3072 3286 :
3108 3235 3373 3305 quaedam
3414 3241 3613 3293 autem

1974 3320 2521 3384 sui‘ipresserunt,et
2542 3317 2732 3371 taliter
2754 3318 2885 3373 inde
2904 3322 3244 3376 memoriam
3266 3323 3616 3395 habuerunt,

1974 3401 2142 3472 quasi
2180 3419 2283 3456 nos
2316 3409 2518 3458 contra
2550 3411 2882 3461 sanctorum
2917 3408 3153 3463 Patrum
3187 3428 3360 3467 sensa
3389 3414 3446 3468 in
3477 3414 3622 3468 Afri-

1976 3507 2120 3544 cana
2151 3495 2207 3545 et
2253 3493 2531 3547 Arausica
2563 3496 2782 3565 synodo
2831 3499 3210 3554 senserimus.
3238 3506 3312 3555 De
3362 3504 3620 3573 quodam

1976 3584 2170 3633 autem
2206 3580 2482 3651 capitulo,
2518 3582 2573 3635 id
2616 3588 2723 3651 est,
2758 3587 2910 3655 quod
2957 3605 3161 3642 omnes
3204 3589 3471 3646 homines
3502 3591 3627 3646 vult

1978 3667 2133 3722 Deus
2164 3667 2355 3723 salvos
2389 3669 2509 3723 fieri
2543 3670 2676 3726 licet
2706 3691 2817 3726 non
2853 3691 3055 3728 omnes
3087 3675 3403 3743 salventur,
3429 3678 3624 3733 fundi-

1978 3759 2075 3810 tus
2108 3760 2436 3821 tacuerunt,
2462 3758 2611 3812 sicut
2642 3763 3012 3831 postmodum
3040 3763 3371 3834 signantius
3395 3765 3629 3820 demon-

1981 3844 2333 3911 strabimus;
2367 3863 2498 3899 cum
2552 3847 2835 3903 Dominus
2889 3850 3043 3904 dicat
3076 3868 3087 3905 :
3122 3853 3252 3907 Ecce
3297 3855 3629 3910 constituite

1980 3950 2145 4004 super
2172 3942 2355 4003 gentes
2396 3944 2445 3989 et
2494 3953 2680 4005 regna,
2714 3946 2774 3991 ut
2822 3940 3020 3992 evellas
3050 3948 3100 3994 el
3127 3940 3393 4012 (Ieslruas,
3423 3948 3475 3997 et
3521 3942 3630 3998 dis-

1978 4024 2193 4095 perdas,
2217 4032 2266 4078 et
2316 4024 2562 4094 dissipes,
2595 4034 2646 4079 et
2689 4025 2940 4096 mli/ires,
2972 4036 3024 4082 et
3066 4029 3276 4099 plantes
3300 4031 3426 4097 (Jer.
3451 4048 3491 4101 ι,
3518 4033 3630 4099 10.)

240 4112 371 4169 sicut
396 4112 621 4170 ibidem
654 4110 988 4167 continetur
1025 4114 1082 4164 ct
1121 4108 1368 4163 inferius
1393 4108 1678 4180 scriptum
1714 4108 1873 4164 inve-
1906 4145 1952 4209 Β
1984 4111 2151 4167 Prius
2191 4112 2367 4173 enim,
2402 4112 2451 4166 si
2506 4114 2576 4166 de
2622 4115 2982 4169 conscientia
3032 4122 3188 4171 recta
3236 4117 3628 4190 intelligentia:

238 4201 429 4271 nietur,
452 4203 625 4259 vobis
666 4198 879 4265 delata,
913 4216 1039 4271 quae
1087 4202 1299 4253 nostra:
1351 4196 1668 4252 humilitati
1706 4199 1878 4268 juxta

239 4291 581 4363 Scripturam
607 4287 1037 4362 praecipientem
1062 4302 1074 4340 :
1097 4287 1371 4357 Interroga
1390 4287 1686 4342 sacerdotes
1710 4288 1877 4357 legem

237 4396 396 4435 meam
426 4379 642 4452 (Aggzz’i
671 4395 734 4443 ιι,
768 4376 881 4448 12),
914 4375 1052 4448 quia
1080 4379 1136 4430 et
1176 4374 1308 4429 fidei
1352 4374 1539 4446 legem
1572 4375 1875 4447 esse‘lcgi—

241 4485 380 4535 mus,
411 4466 869 4542 prazcedentium
916 4481 1119 4537 regum
1170 4480 1350 4529 more,
1383 4464 1455 4518 ob
1488 4464 1748 4518 studium
1783 4482 1875 4518 co-

238 4558 567 4630 gnoscendae
597 4555 881 4623 veritatis,
913 4553 1159 4626 legenda
1180 4556 1235 4608 et
1254 4551 1590 4607 ventilanda
1609 4552 1876 4620 dedistis,

239 4646 598 4715 revolvimus.
620 4644 684 4700 ln
708 4642 926 4717 quibus
949 4658 1075 4710 nos,
1100 4640 1236 4696 licet
1266 4639 1506 4696 nomina
1532 4644 1730 4695 nostra
1761 4640 1882 4695 sint

237 4733 420 4803 tacita,
443 4731 852 4807 designatione
880 4734 1077 4787 tamen
1099 4730 1340 4785 effectus
1360 4728 1518 4784 velut
1550 4745 1663 4783 non
1689 4729 1882 4785 catho-

236 4822 370 4879 licos
397 4821 810 4895 reprehensos,
836 4823 894 4875 et
923 4818 1047 4874 sine
1081 4817 1461 4872 fraternitatis
1493 4821 1759 4889 respectu
1783 4818 1879 4872 de-

234 4916 456 4985 spectos
482 4908 837 4983 reperimus.
861 4905 1130 4979 Capitula
1148 4922 1402 4977 quoque,
1427 4923 1555 4976 qua:
1578 4906 1651 4960 ob
1684 4910 1882 4961 notam

231 5000 387 5057 vobis
417 5006 477 5056 et
506 5000 663 5055 intra
706 4995 1186 5052 innotescendam
1230 4992 1661 5057 necessitatem,
1686 5012 1753 5049 ex
1785 5012 1883 5049 ca-

234 5087 580 5145 tholicorum
607 5088 847 5143 Patrum
872 5083 1147 5141 sensibus
1168 5087 1226 5139 et
1249 5082 1443 5137 verbis
1465 5082 1881 5154 excerpsimus,

232 5177 381 5233 velut
413 5175 675 5243 inutilia,
693 5175 813 5230 imo
835 5173 1008 5229 noxia
1029 5170 1263 5245 repulsa
1281 5174 1337 5226 et
1369 5170 1707 5225 abominata
1738 5170 1890 5225 inve-

293 5360 315 5387 ⁸
346 5348 741 5413 Flodoardus,
763 5346 866 5401 lib.
890 5362 953 5401 ιιι
975 5342 1240 5399 Historia:
1262 5338 1771 5413 Rhemensis,cap.
1801 5342 1887 5409 15,

233 5420 297 5474 de
320 5419 492 5476 libris
527 5421 602 5476 ab
633 5410 947 5474 Hincmaro
977 5413 1320 5486 compositis
1339 5428 1367 5486 _:
1404 5410 1891 5486 Composuitivolu-

231 5507 347 5548 men
377 5493 581 5563 ingens
605 5491 793 5563 plures
822 5489 1100 5563 continens
1113 5481 1291 5539 libros
1400 5481 1888 5563 Praedestinatione

232 5563 323 5617 Dei
351 5572 403 5620 et
432 5553 621 5618 libero
657 5560 910 5625 arbitrio,
933 5565 1119 5614 contra
1168 5554 1431 5627 quosdam
1459 5553 1886 5627 _reprehensores

232 5650 350 5689 suos
398 5637 705 5707 episcopos,
735 5632 1080 5702 maximeque
1124 5624 1312 5684 contra
1359 5624 1756 5681 Golhcscaleum
1804 5635 1887 5682 αι-

1984 4202 2142 4255 fuere
2161 4202 2386 4267 confisi,
2402 4206 2682 4273 ponentes
2705 4220 2772 4257 ea
2792 4222 2919 4275 qua:
2936 4206 3253 4271 destruere,
3269 4206 3627 4274 nitebantur,

1985 4290 2138 4345 sicut
2168 4289 2266 4344 illa
2296 4308 2429 4344 cum
2464 4290 2793 4363 integritate
2818 4311 2925 4347 sua
2946 4298 3307 4364 acceperant,
3331 4294 3389 4347 in
3413 4294 3631 4365 quibus

1986 4377 2283 4434 evellenda
2312 4383 2369 4433 et
2399 4378 2741 4451 dissipanda
2779 4385 2944 4435 erant
2984 4380 3310 4451 legentibus
3350 4381 3629 4435 demons-

1988 4472 2160 4533 trare,
2187 4472 2244 4521 et
2274 4471 2409 4521 tunc
2436 4467 2550 4522 illis
2576 4486 2674 4538 per
2695 4468 3097 4521 auctoritatem
3121 4468 3434 4524 destructis
3458 4471 3633 4539 atque

1986 4555 2288 4626 dispersis,
2306 4574 2409 4611 sua
2433 4555 2854 4610 rationabiliter
2874 4560 2929 4610 et
2950 4555 3351 4611 ordinabiliter
3370 4556 3635 4627 plantare

1989 4644 2311 4699 debuerant
2341 4662 2406 4698 ac
2441 4643 2497 4696 in
2530 4642 2781 4698 sublime
2816 4643 3168 4698 wdificantes
3201 4642 3490 4698 extollere.

2061 4733 2141 4786 De
2162 4732 2413 4803 quodam
2438 4732 2614 4787 etiam
2634 4732 3083 4804 capitulo,quasi
3106 4731 3424 4787 ludificatio
3441 4730 3640 4802 aliqua

1992 4821 2049 4875 in
2075 4820 2257 4875 sacris
2279 4820 2571 4892 mysteriis
2593 4838 2719 4876 esse
2744 4821 2945 4891 possit,
2964 4821 3046 4876 ita
3073 4820 3436 4892 scripserunt
3456 4823 3522 4873 ut
3550 4817 3636 4874 le-

1992 4913 2193 4983 gentes
2216 4908 2323 4963 hoc
2346 4928 2378 4963 a
2401 4909 2568 4963 nobis
2590 4910 2808 4964 dictum
2838 4910 3015 4965 fuisse
3045 4907 3364 4981 intelligere
3387 4906 3635 4979 possint,

1993 4999 2063 5052 de
2087 5014 2202 5070 quo
2226 4996 2367 5051 nihil
2393 5016 2426 5052 a
2448 4998 2614 5053 nobis
2636 5002 2723 5052 est
2754 5001 3141 5052 memoratum
3172 5014 3184 5050 :
3211 5000 3268 5052 et
3289 5012 3468 5067 quare
3490 4990 3637 5048 nihil

1995 5105 2028 5141 a
2058 5087 2227 5142 nobis
2259 5087 2394 5141 inde
2426 5086 2502 5141 sit
2522 5086 2765 5154 dictum,
2786 5091 2843 5141 et
2866 5085 2920 5139 in
2945 5086 3115 5156 cujus
3139 5083 3372 5155 scriptis
3393 5100 3428 5135 a
3448 5076 3635 5144 nobis,

1996 5179 2393 5248 posteaquam
2418 5174 2516 5229 illa
2537 5174 2791 5246 capitula
2818 5173 3184 5245 scripsimus,
3212 5170 3288 5226 sit
3316 5168 3636 5232 inventum,

1998 5360 2099 5417 que
2132 5345 2481 5417 Batramnuoz
2504 5342 3266 5417 monarltuinVCorlieiensera,
3286 5333 3359 5417 ad
3387 5331 3642 5417 (‘Ia'rolum

1998 5403 2194 5485 regem.
2231 5414 2385 5468 Idem
2438 5414 2653 5468 ibidem
2687 5432 2813 5485 cap.
2850 5416 2915 5467 16
2949 5430 2961 5465 :
2995 5413 3124 5465 Item
3152 5404 3307 5485 aliud
3345 5403 3643 5485 edidit‘vo-

1999 5477 2178 5560 [uinea
2243 5488 2457 5560 insigne
2485 5486 2553 5541 ad
2592 5477 2838 5540 eunulem
2882 5482 3298 5560 regem,_contra
3352 5477 3643 5547 prwfatum

2000 5554 2397 5614 Gothesraleum
2424 5565 2474 5612 el
2500 5566 2720 5613 caeteros
2748 5554 3274 5625 praedestinatianos.
