4042 6188
313 413 388 478 51
1244 407 1625 470 HINCMARI
1669 402 2117 502 RHEMENSIS
2163 401 2783 465 ARCHIEPISCOPI.

3637 399 3734 464 52

311 562 419 604 suo
440 545 562 602 lcco
583 542 868 602 dicemus.
893 543 1274 599 Inseruerunt
1295 541 1472 598 etiam
1494 541 1554 596 in
1584 539 1806 596 eisdem
1838 537 1964 594 suis
1992 536 2050 603 Α
2077 537 2364 608 synodum
2395 536 2877 591 consacerdotum
2900 534 3071 590 debet
3091 532 3306 604 venire,
3329 537 3395 590 ut
3413 537 3516 590 aut
3541 501 3739 592 discat

311 633 550 707 scriptis
566 634 636 690 de
657 632 1013 706 quibusdam
1041 631 1336 687 sexdecim
1359 629 1654 702 capitulis,
1680 627 1846 700 quasi
1873 643 1972 681 no-

309 723 402 780 bis
421 723 674 779 debeant
694 720 976 794 imputari
997 737 1010 776 :
1032 719 1102 776 de
1119 718 1336 792 quibus
1357 717 1503 774 nihil
1519 714 1966 784 audivimus,vel

307 811 593 879 vidimus,
618 813 934 882 antequam
969 807 1319 864 venerabilis
1348 807 1467 864 Ebo
1489 804 1972 877 Gratianopolila-

311 917 427 956 nus
457 899 770 972 episcOpus
789 897 958 954 vobis
990 914 1078 966 ea,
1101 896 1268 968 quasi
1292 913 1327 950 a
1349 897 1512 950 bonae
1545 893 1838 949 memorize
1861 893 1970 947 fra-

313 993 404 1046 tre
426 991 616 1045 vestro
641 987 915 1044 Lothario
938 986 1307 1050 transmissa,
1323 983 1477 1056 apud
1494 981 1852 1039 Vermeriam
1877 997 1971 1053 pa-

314 1077 527 1134 latium
564 1075 792 1132 detulit.
821 1078 1080 1142 Quorum
1113 1073 1502 1146 capitulorum
1537 1076 1832 1128 auctorem
1867 1086 1971 1124 nec

317 1165 401 1222 ibi
425 1167 774 1222 adnotatum
797 1163 1150 1230 invenimus,
1174 1179 1279 1218 nec
1299 1179 1434 1217 cum
1456 1159 1710 1216 multum
1735 1158 1974 1230 quaesie-

321 1254 529 1324 rimus,
553 1253 813 1311 invenire
832 1253 1148 1309 valuimus.
1169 1253 1331 1308 Unde
1352 1249 1690 1322 putavimus
1711 1247 1852 1318 quia
1875 1246 1974 1302 ali-

321 1347 493 1418 cujus
513 1343 733 1401 invidia
754 1345 825 1400 ad
844 1344 1198 1414 cujusquam
1215 1339 1546 1413 opinionem
1568 1337 1971 1393 infamandam

323 1434 543 1490 fuerint
573 1431 907 1506 compilata,
932 1432 1084 1488 sicut
1115 1445 1264 1501 saepe
1294 1426 1654 1500 legimus.Ut
1678 1427 1750 1481 de
1772 1425 1974 1480 multis

323 1539 513 1596 pauca
541 1536 1090 1584 commemoremus,
1113 1517 1292 1574 veluti
1321 1515 1565 1589 epistola
1583 1513 1974 1587 capitulorum

321 1611 564 1678 exstitit,
587 1627 764 1684 quam
785 1607 1137 1666 venerabilis
1163 1608 1295 1663 lbas
1318 1605 1628 1679 episcopus
1659 1620 1827 1660 suam
1847 1619 1978 1658 esse

320 1700 381 1756 in
415 1700 638 1774 synodo
678 1697 1017 1771 denegavit;
1077 1699 1134 1752 et
1189 1696 1344 1752 sicut
1373 1693 1614 1768 quidam
1663 1691 1857 1748 aemuli
1903 1693 1976 1747 de

319 1788 512 1846 verbis
542 1788 698 1845 beati
728 1785 1047 1861 Augustini
1077 1785 1269 1842 adhuc
1301 1785 1361 1839 in
1407 1801 1516 1840 sua
1541 1782 1660 1838 vita
1691 1781 1973 1846 fecerunt,

315 1893 447 1970 quae
487 1875 586 1932 ille
629 1880 833 1970 argute
881 1879 940 1970 et
987 1873 1272 1970 catholico
1321 1872 1558 1970 repulit,
1582 1874 1872 1970 quantum
1902 1870 1972 1924 ad
2007 1907 2054 1970 Β

311 1962 474 2020 illius
521 1962 796 2018 notitiam
843 1961 1051 2016 exinde
1109 1959 1392 2033 pervenit.
1417 1960 1554 2014 Post
1611 1959 1740 2030 ejus
1799 1959 1976 2012 etiam

315 2050 816 2123 obitum,quidam
833 2048 1013 2104 invidi
1031 2047 1398 2121 capitulatim
1417 2047 1486 2102 de
1508 2046 1696 2119 ipsius
1714 2045 1973 2118 scriptis,

317 2156 387 2197 ex
405 2139 501 2195 his
522 2138 702 2195 etiam
727 2139 883 2194 unde
903 2154 1060 2193 nunc
1081 2137 1295 2209 agitur,
1311 2134 1582 2208 colligere
1601 2137 1974 2200 curaverunt,

318 2232 386 2286 ut
412 2226 572 2283 illius
619 2227 946 2284 doctrinam
1000 2225 1385 2282 orthodoxam
1435 2228 1612 2296 atque
1661 2223 1976 2279 utillimam

321 2318 397 2374 ob
425 2333 687 2390 persons:
708 2315 872 2372 illius
891 2314 1174 2371 invidiam
1193 2313 1487 2370 vilifaccre
1509 2312 1977 2384 praevalerent,et

316 2405 564 2463 lectores
592 2405 833 2462 devotos
876 2405 950 2460 ab
981 2403 1142 2460 illius
1193 2402 1510 2458 dilectione
1540 2419 1606 2458 ac
1636 2401 1885 2458 lectione
1916 2405 1975 2456 et

317 2492 649 2550 necessaria
701 2491 1049 2550 credulitate
1106 2495 1454 2548 averterent.
1515 2493 1649 2556 Quae
1707 2489 1975 2545 videlicet

318 2581 666 2638 aemulorum
697 2579 1022 2648 mendacia,
1056 2597 1126 2636 ex
1165 2578 1526 2652 delegatione
1570 2583 1782 2634 sanctae
1815 2579 1973 2634 sedis

321 2671 599 2729 Romanae
640 2686 745 2744 per
773 2668 1153 2726 Caelestinum
1184 2685 1419 2740 papam,
1444 2672 1684 2724 sanctus
1729 2667 1974 2740 Prosper

319 2758 608 2817 catholico
630 2761 687 2816 et
705 2757 980 2830 prudenti
1005 2755 1156 2830 style
1179 2755 1327 2812 falsa
1346 2773 1475 2812 esse
1494 2760 1551 2812 et
1571 2756 1974 2828 imprudenter

311 2849 545 2922 objecta
575 2847 852 2916 ostendit,
868 2851 925 2902 et
943 2845 1251 2902 memorati
1281 2861 1349 2901 ac
1373 2843 1858 2901 memorandiviri
1876 2845 1974 2899 do-

314 2936 565 2993 ctrinam
587 2935 974 2993 orthodoxam
995 2951 1125 2990 esse
1145 2933 1510 2990 lucidissime
1529 2933 1968 2989 demonstravit.

313 3025 483 3083 Unde
515 3029 572 3081 et
602 3023 727 3080 fieri
759 3027 973 3095 potest,
996 3027 1062 3080 ut
1099 3021 1215 3077 ista
1251 3021 1525 3094 capitula,
1551 3039 1679 3094 quae
1711 3021 1872 3076 vobis
1903 3039 1972 3076 ex

313 3113 552 3170 nomine
573 3112 935 3169 confratrum
960 3115 1294 3168 nostrorum
1319 3111 1391 3166 ab
1415 3110 1547 3166 aliis
1559 3127 1737 3184 quam
1760 3111 1830 3166 ab
1853 3110 1971 3166 illis

311 3201 506 3259 delata
530 3200 619 3258 vel
648 3200 1004 3257 transmissa
1043 3205 1204 3266 sunt,
1232 3199 1430 3256 taliter
1469 3198 1530 3254 in
1579 3198 1968 3271 suggilatione

2077 629 2181 680 aut
2209 625 2457 680 doceat?
2498 622 2744 680 Litteras
2776 641 3031 696 namque
3079 624 3475 695 quorumdam
3525 641 3732 680 eorum

2077 713 2318 786 quidam
2349 716 2616 767 nostrum
2639 713 2924 784 benignas
2945 717 3002 767 et
3025 713 3312 768 fraternas
3335 713 3732 786 suscepimus,

2079 805 2427 874 nostrasque
2460 800 2574 856 illis
2607 801 2966 866 remisimus,
3001 805 3058 855 et
3087 799 3234 855 nihil
3273 801 3344 856 de
3381 801 3498 858 tale
3528 819 3732 858 eorum

2078 895 2241 963 patre
2271 889 2694 962 perSpeximus,
2727 889 3086 955 audivimus,
3119 889 3744 956 intelleximus,sensi-

2079 977 2327 1046 mus,vel
2350 978 2644 1051 percipere
2665 977 3100 1050 praevaluimus.
3123 977 3182 1033 Si
3207 983 3401 1034 autem
3425 979 3568 1036 talia
3591 982 3739 1038 scri-

2079 1071 2344 1141 pserunt,
2365 1068 2410 1123 si
2436 1068 2577 1123 forte
2601 1067 2681 1122 illi
2708 1066 3093 1139 scripserunt,
3111 1072 3176 1123 ut
3191 1085 3360 1124 suam
3383 1070 3740 1142 sapientiam

2081 1158 2152 1212 de
2184 1162 2384 1212 nostra
2413 1155 2753 1228 insipientia
2782 1157 3274 1226 demonstrarent,
3299 1162 3356 1213 et
3383 1157 3518 1230 plus
3547 1159 3619 1214 de
3641 1161 3739 1232 ja-

2081 1247 2304 1302 ctantia
2361 1246 2552 1302 laudis
2607 1245 2934 1318 appetitum
2984 1251 3334 1318 quaererent,
3357 1263 3535 1319 quam
3583 1249 3742 1304 bona

2082 1340 2283 1392 nostra
2311 1339 2368 1390 et
2397 1336 2542 1391 bene
2574 1352 2608 1389 a
2638 1335 2808 1390 nobis
2838 1335 3016 1404 dicta,
3038 1333 3088 1390 si
3120 1335 3326 1403 forent,
3351 1353 3454 1407 per
3481 1335 3732 1392 charita-

2082 1429 2201 1480 tem
2234 1443 2342 1480 sua
2373 1425 2627 1480 facerent
2660 1441 2672 1480 :
2709 1424 2755 1480 si
2789 1425 2966 1480 etiam
2997 1441 3168 1480 secus
3197 1441 3232 1479 a
3261 1424 3430 1480 nobis
3461 1424 3616 1481 dicta
3646 1425 3735 1482 in-

2080 1517 2382 1581 venerunt,
2403 1513 2537 1586 plus
2565 1512 2670 1568 illa
2687 1511 2988 1585 publicare
3009 1529 3186 1586 quam
3208 1529 3316 1569 nos
3343 1513 3591 1570 fraterne
3613 1531 3735 1570 cor-

2084 1603 2272 1676 rigere
2297 1601 2636 1658 maluerunt
2661 1621 2674 1658 :
2708 1601 2998 1658 miramur
3025 1603 3096 1658 de
3125 1601 3304 1658 tantis
3335 1607 3393 1658 et
3422 1601 3642 1658 talibus
3660 1603 3739 1658 vi-

2085 1692 2186 1760 ris,
2203 1691 2658 1764 archiepiscopis
2673 1695 2730 1747 et
2746 1691 3156 1764 episcoporum
3179 1689 3743 1764 primoribus,maxi-

2085 1797 2178 1836 me
2209 1784 2406 1836 autem
2438 1781 2510 1837 de
2539 1781 2756 1847 Ebonc,
2781 1780 2882 1852 qui
2925 1779 3235 1853 religiosus
3264 1784 3372 1848 est,
3406 1784 3472 1835 ut
3509 1781 3740 1837 audivi-

2086 1887 2248 1938 mus;
2283 1869 2500 1942 quippe
2531 1869 2684 1925 sicut
2713 1870 2785 1924 ab
2817 1869 2962 1942 ipsis
2993 1885 3142 1942 pene
3173 1869 3483 1926 cunabulis
3514 1867 3624 1926 sub
3657 1887 3743 1926 re-

2085 1958 2300 2030 ligione
2331 1963 2388 2014 et
2419 1957 2623 2014 habitu
2676 1958 2928 2030 regulari
2971 1957 3229 2014 nutritus
3280 1957 3339 2013 in
3391 1958 3740 2014 Rhemensis

2085 2047 2352 2103 Ecclesiae
2385 2047 2760 2112 monasterio,
2787 2045 2886 2103 ubi
2928 2045 3242 2120 requiescit
3271 2051 3510 2104 sanctus
3542 2047 3739 2103 Remi-

2085 2137 2238 2210 gius.
2257 2139 2319 2192 In
2341 2153 2458 2208 quo
2473 2135 2600 2191 loco
2617 2135 2888 2209 religioso
2907 2153 3076 2192 suam
3095 2136 3284 2208 exegit
3300 2140 3743 2209 aetatem,quou-

2085 2242 2228 2297 sque
2251 2243 2285 2280 a
2305 2225 2520 2280 domno
2542 2226 2736 2280 Ebone
2759 2223 3044 2280 avunculo
3067 2241 3194 2294 suo,
3213 2228 3357 2280 tunc
3379 2224 3738 2280 Rhemorum

2084 2313 2540 2386 archiepiscopo,
2560 2312 2780 2368 ibidem
2805 2313 3088 2368 diaconus
3120 2316 3520 2380 consecratus,
3545 2316 3603 2370 et
3632 2313 3741 2369 ab-

2081 2402 2188 2457 bas
2218 2401 2640 2458 monachorum
2669 2401 2740 2456 ad
2772 2400 3102 2474 regularem
3124 2401 3390 2458 ordinem
3418 2401 3742 2457 tenendum

2082 2495 2140 2546 et
2159 2491 2608 2563 gubernandum
2631 2490 3051 2545 constitutione
3067 2489 3384 2563 episcopali
3401 2493 3492 2546 est
3509 2489 3741 2546 ordina-

2081 2583 2197 2635 tus.
2214 2581 2512 2651 Quemque
2533 2578 2616 2633 ita
2635 2577 2992 2633 humilitatis
3010 2581 3210 2634 tenore
3233 2579 3542 2646 nutritum,
3559 2583 3614 2633 et
3632 2577 3737 2633 hu-

2081 2668 2349 2725 militatis
2384 2668 2578 2724 locum
2611 2671 2882 2739 appetere
2907 2672 2965 2723 et
3005 2673 3203 2724 tenere
3223 2667 3368 2724 velle
3395 2667 3735 2735 didicimus,

2081 2762 2146 2814 ut
2165 2757 2244 2812 illi
2270 2762 2326 2813 et
2346 2757 2620 2813 omnibus
2643 2755 2928 2828 scriptum
2951 2761 3073 2812 est:
3097 2757 3160 2813 Si
3179 2757 3407 2829 spiritus
3422 2764 3739 2830 potestatem

2080 2847 2327 2903 habentis
2355 2846 2662 2902 ascenderit
2683 2861 2852 2918 super
2877 2853 2946 2912 te,
2977 2846 3155 2902 locum
3183 2853 3338 2902 tuum
3365 2862 3434 2902 ne
3457 2845 3740 2903 dimiseris

2081 2936 2284 3006 (Et-de.
2317 2953 2372 3007 Χ,
2409 2937 2485 3004 li).
2523 2935 2779 3006 Spiritus
2839 2933 2997 2990 enim
3057 2938 3406 3007 potestatem
3463 2935 3737 2992 habentis

2081 3023 2325 3096 spiritus
2349 3027 2438 3078 est
2469 3023 2753 3096 superbia:
2785 3021 2949 3078 locus
2973 3027 3171 3078 autem
3205 3027 3406 3078 noster
3433 3029 3520 3079 est
3548 3023 3739 3078 humi-

2080 3112 2236 3178 litas,
2259 3129 2437 3184 quam
2470 3130 2503 3168 a
2534 3129 2596 3168 se
2624 3129 2757 3167 vere
2788 3110 2950 3166 locus
2984 3111 3251 3168 munitus
3281 3116 3339 3167 et
3369 3111 3549 3168 turris
3581 3111 3740 3168 forti-

2077 3199 2306 3256 tudinis
2338 3217 2444 3255 nos
2496 3199 2719 3255 discere
2759 3199 2930 3271 jubet
2965 3215 2977 3253 :
3009 3200 3212 3254 Discite
3237 3215 3272 3254 α
3301 3215 3405 3266 me,
3438 3198 3735 3272 inquiens,

311 3293 514 3347 nostra
541 3287 874 3362 conscripta
903 3305 1019 3343 non
1069 3286 1304 3356 fuerint,
1340 3287 1442 3343 sed
1490 3270 1809 3360 instigante
1839 3287 1966 3342 dia-
1998 3270 2040 3336 Ο
2081 3291 2213 3360 quia
2267 3289 2418 3344 mitis
2473 3304 2598 3342 sum
2653 3295 2706 3343 et
2750 3270 2978 3343 humilis
3039 3287 3201 3344 corde
3252 3287 3456 3357 (Malm.
3491 3270 3570 3352 xi,
3616 3289 3736 3359 19);

310 3377 464 3446 bolo,
489 3376 643 3433 inter
689 3381 898 3432 caetera
929 3375 1086 3432 mala
1117 3393 1243 3448 quae
1275 3392 1433 3430 nunc
1478 3375 1537 3430 in
1585 3375 1696 3430 hoc
1745 3375 1964 3431 mundo

310 3466 713 3532 crebrescunt,
746 3464 819 3520 ad
850 3463 1288 3519 immittendam
1327 3460 1480 3518 inter
1511 3464 1738 3520 Domini
1773 3481 1964 3520 sacer-

307 3555 476 3624 dotes
497 3553 852 3610 discordiam
877 3551 996 3608 sint
1018 3553 1300 3619 confecta,
1319 3553 1418 3624 qui
1437 3551 1780 3608 charitatem
1801 3553 1966 3609 vehe-

309 3646 539 3699 menter
565 3641 624 3696 in
659 3641 831 3698 nobis
853 3643 911 3697 et
937 3639 1107 3696 timet
1129 3638 1450 3707 et‘lnvidet,
1472 3657 1605 3695 cum
1625 3640 1783 3696 videt
1802 3641 1962 3696 illam

310 3746 347 3786 a
373 3729 544 3786 nobis
574 3728 792 3786 servari
821 3727 1161 3785 hominibus
1190 3729 1442 3784 terrenis
1485 3728 1543 3784 in
1590 3732 1762 3799 terra,
1787 3747 1962 3802 quam

309 3816 410 3874 ille
430 3834 660 3874 servare
680 3816 886 3873 nolens
909 3815 1211 3890 angelicus
1233 3815 1478 3889 spiritus
1497 3817 1697 3873 amisit
1718 3817 1773 3872 in
1798 3818 1962 3874 coelo.

309 3905 611 3972 Quomodo
641 3905 800 3960 enim
828 3903 954 3960 ﬁeri
985 3908 1184 3976 posset
1213 3909 1280 3960 ut
1309 3905 1394 3960 sic
1417 3905 1622 3960 fratres
1655 3905 1836 3961 nostri
1860 3923 1966 3961 nos

312 3992 680 4050 succensorie
702 4009 836 4048 cum
861 3992 1302 4048 annibilationis
1319 3993 1595 4064 despectu
1609 3993 1963 4065 judicarent,

313 4081 416 4154 qui
447 4080 712 4155 regulam
744 4080 1130 4147 Dominicam,
1157 4080 1409 4154 qualiter
1427 4081 1776 4138 confratrem
1798 4083 1965 4154 quis-

315 4185 431 4242 que
459 4169 775 4226 admonere
803 4169 1028 4235 debeat,
1053 4169 1330 4226 continue
1349 4187 1463 4242 prm
1487 4169 1674 4226 oculis
1694 4171 1832 4225 etin
1857 4189 1962 4227 usu

316 4257 577 4330 quotidie
599 4257 894 4314 habeant?
914 4257 1212 4330 Scriptum
1232 4257 1390 4313 enim
1415 4275 1544 4314 esse
1565 4264 1927 4331 cognoscunt
1948 4277 1962 4314 :

318 4346 649 4420 Priusquam
676 4347 991 4418 interroges,
1013 4362 1084 4402 ne
1101 4349 1370 4417 vituperes
1400 4362 1744 4418 quemquam,
1767 4356 1818 4403 et
1845 4365 1969 4404 cum

320 4435 764 4508 interrogaveris,
795 4437 1010 4508 corripe
1027 4437 1175 4508 juste
1202 4436 1390 4502 (Eeeli.
1423 4453 1500 4502 xi,
1531 4435 1610 4507 7).

391 4523 641 4578 Sanctus
670 4525 828 4580 enim
856 4523 1222 4597 Augustinus
1251 4523 1655 4580 haereticorum
1685 4530 1744 4581 et
1773 4543 1966 4598 repre-

2073 3393 2373 3448 quamque
2399 3393 2504 3448 pro
2529 3375 2656 3432 loco
2677 3379 2803 3432 tuto
2824 3381 3028 3432 contra
3051 3375 3323 3432 elationis
3345 3393 3412 3432 ac
3435 3377 3738 3448 jactantiae

2075 3464 2372 3536 spiritum,
2393 3465 2699 3536 praefatum
2723 3464 3064 3538 religiosum
3086 3463 3275 3520 virum
3299 3464 3508 3522 obnixe
3539 3471 3739 3522 tenere

2073 3551 2218 3608 velle
2249 3552 2610 3620 audivimus,
2635 3557 2691 3608 et
2719 3571 2825 3626 pro
2874 3557 3030 3610 certo
3085 3553 3402 3621 credimus,
3431 3558 3488 3609 et
3515 3553 3734 3610 idcirco

2075 3642 2467 3697 discredimus
2499 3641 2612 3696 ista
2645 3641 2902 3714 capitula
2922 3643 2994 3698 ab
3017 3659 3083 3698 eo
3103 3643 3365 3699 confecta
3389 3659 3402 3698 :
3428 3642 3567 3716 quia
3595 3659 3736 3715 prse-

2073 3731 2366 3787 termissis
2392 3730 2642 3786 aliorum
2666 3731 3146 3786 consacerdotum
3170 3731 3529 3801 nominibus,
3549 3731 3736 3788 solius

2075 3819 2293 3876 Ebonis
2311 3835 2522 3874 nomen
2547 3835 2682 3874 cum
2703 3818 3159 3892 archiepiscopis
3175 3824 3264 3876 est
3280 3819 3496 3876 ibidem
3509 3821 3736 3892 jactan-

2073 3911 2181 3976 ter,
2224 3911 2291 3962 ut
2339 3906 2695 3979 quibusdam
2745 3906 2997 3972 videtur,
3049 3923 3420 3980 expressum;
3471 3911 3529 3964 et
3573 3909 3731 3980 quod

2075 4011 2254 4068 quam
2277 3995 2530 4050 maxime
2551 3995 2608 4048 in
2634 3994 2742 4049 hoc
2764 3995 2889 4066 ipse
2909 3994 3548 4068 collaboraverit,quasi
3579 4013 3610 4052 c
3641 4014 3730 4052 re-

2075 4083 2246 4157 gione
2263 4083 2338 4139 sit
2359 4100 2622 4150 sensum,
2636 4083 2894 4139 utetiam
2913 4100 3047 4140 cum
3063 4084 3519 4158 archiepiscopis
3542 4085 3734 4157 major

2075 4173 2300 4228 caeteris
2327 4175 2386 4227 et
2409 4171 2632 4227 doctior
2666 4171 2726 4226 in
2774 4173 3069 4228 sententia
3101 4171 3291 4228 fuerit.
3319 4173 3438 4230 Hoc
3469 4174 3624 4230 enim
3657 4175 3730 4230 de

2076 4265 2277 4317 sancto
2306 4261 2657 4333 Augustino,
2674 4260 2774 4332 qui
2808 4259 2865 4314 in
2889 4260 3154 4317 conciliis
3174 4261 3464 4318 Africanis
3485 4261 3732 4318 scientia

2075 4354 2132 4404 et
2152 4349 2350 4405 labore
2371 4365 2438 4404 ac
2459 4348 2760 4422 vigilantia
2782 4349 2972 4421 major
2992 4349 3235 4420 exstitit,
3251 4367 3620 4422 nequaquam
3645 4351 3734 4407 in-

2074 4438 2360 4494 venimus.
2379 4438 2522 4492 Nam
2541 4441 2598 4492 et
2619 4437 2742 4510 ipse
2765 4442 3006 4495 sanctus
3017 4438 3378 4512 Augustinus
3400 4457 3512 4494 non
3532 4438 3726 4496 solum

2077 4543 2138 4581 se
2169 4525 2392 4582 caeteris
2438 4526 2802 4598 coepiscopis
2849 4526 3138 4600 privatam
3182 4527 3428 4602 gloriam
3457 4544 3728 4600 qumrens

317 4609 639 4665 hensorum
669 4627 912 4666 suorum
945 4613 1184 4684 scripta,
1214 4617 1273 4669 et
1301 4611 1361 4667 in
1392 4611 1476 4668 eis
1507 4613 1786 4686 quiddam
1822 4615 1969 4670 bene
1999 4633 2046 4698 ι)
2076 4631 2190 4670 non
2225 4613 2496 4686 praetulit,
2532 4631 2637 4670 nec
2667 4615 2924 4698 praeferri
2956 4616 3246 4688 permisit,
3268 4633 3562 4698 verumse
3593 4615 3727 4673 aliis

317 4695 542 4752 dictum
562 4695 802 4765 invenit,
820 4699 1243 4771 benignissime
1274 4701 1614 4772 acceptavit,
1629 4706 1686 4757 et
1705 4701 1874 4774 plura
1895 4705 1966 4760 ad

317 4789 508 4842 rectos
540 4801 750 4842 sensus
787 4785 1157 4858 interpretari
1186 4786 1522 4855 elaboravit,
1556 4789 1718 4846 nulla
1767 4796 1962 4848 autem

315 4872 388 4928 de
406 4877 563 4930 recto
582 4889 758 4930 sensu
781 4874 852 4929 ad
879 4890 1123 4946 pravum
1144 4873 1425 4930 inclinare
1445 4879 1709 4935 tentavit.
1729 4881 1799 4934 Et
1819 4897 1963 4952 quo-

314 4960 488 5018 modo
518 4960 725 5016 fratres
756 4961 939 5038 nostri
999 4961 1141 5018 talia
1195 4967 1452 5034 agerent,
1481 4968 1795 5038 antequam
1858 4987 1962 5025 nos

313 5049 638 5104 secundum
669 5036 1064 5120 evangelicum
1109 5049 1370 5121 regulam
1401 5051 1490 5107 vel
1529 5036 1658 5108 viva
1685 5071 1842 5124 voce,
1874 5058 1961 5112 vel

312 5134 546 5208 scriptis
578 5135 705 5193 suis
733 5134 873 5192 inde
902 5137 1349 5210 interrogarent,
1381 5143 1446 5194 ut
1473 5139 1558 5195 vel
1591 5141 1848 5200 volentes
1873 5146 1958 5200 di-

311 5237 440 5279 cere
469 5224 762 5292 docerent,
783 5222 871 5280 vel
917 5241 1161 5296 pravum
1203 5225 1542 5296 sentientes,
1563 5233 1620 5284 et
1648 5231 1719 5285 ad
1751 5234 1959 5288 trami-

310 5311 430 5365 tem
456 5311 714 5368 veritatis
745 5316 802 5368 et
831 5312 965 5368 fidei
998 5312 1186 5368 redire
1216 5317 1674 5384 contemnentes,
1711 5319 1958 5379 fraterne

311 5398 371 5450 et
397 5398 610 5468 saepius
653 5404 1112 5469 commonerent,
1147 5404 1206 5456 ct
1253 5404 1616 5460 auctoritatis
1665 5406 1872 5464 divina:
1905 5417 1962 5467 et

310 5486 647 5540 sanctorum
669 5485 908 5544 Patrum
939 5487 1156 5560 scripta
1183 5488 1351 5545 nobis
1381 5501 1788 5565 proponerent,
1814 5504 1961 5555 etut

309 5566 370 5622 in
392 5584 577 5625 unum
599 5575 1042 5633 conveniremus
1063 5593 1172 5632 nos
1186 5593 1322 5632 cum
1341 5584 1789 5640 mansuetudine
1810 5593 1867 5642 et
1887 5587 1960 5644 lc-

308 5655 494 5712 nitate
521 5656 855 5731 invitarent,
879 5663 1133 5721 scientes
1173 5664 1314 5737 quia
1359 5666 1668 5742 episcopus
1699 5674 1826 5731 ideo
1857 5678 1957 5732 ad-

2077 4703 2409 4776 supposuit,
2433 4719 2567 4758 cum
2598 4703 2723 4774 ipse
2755 4691 2889 4774 plus
2929 4702 3060 4758 aliis
3089 4691 3458 4771 laboraverit,
3481 4705 3635 4761 sicut
3664 4706 3721 4760 in

2072 4791 2338 4864 epistolis
2360 4792 2430 4846 ad
2450 4795 2720 4846 sanctum
2744 4791 3146 4847 Innocentium
3169 4809 3382 4864 papam
3405 4793 3726 4868 scriptis,et

2074 4881 2145 4936 ad
2169 4879 2316 4936 alios
2339 4877 2668 4952 apostolica:
2691 4880 2847 4934 sedis
2873 4879 3285 4953 praesules,qui
3309 4880 3503 4954 legere
3527 4883 3720 4939 volue-

2071 4969 2148 5024 rit
2169 4969 2425 5024 invenire
2443 4967 2680 5024 valebit.
2701 4968 2814 5024 Nec
2835 4968 2906 5023 de
2929 4967 3048 5024 ullo
3070 4967 3478 5042 episcoporum
3502 4972 3562 5028 in
3585 4971 3722 5028 ullis

2071 5055 2334 5112 conciliis
2360 5055 2554 5111 taliter
2575 5055 2844 5128 legimus,
2865 5055 2976 5113 nisi
2998 5057 3144 5113 forte
3165 5058 3498 5132 apostolica:
3518 5060 3721 5116 littera:

2070 5149 2306 5218 propter
2335 5144 2658 5200 evidentem
2691 5161 2931 5202 causam
2963 5145 3218 5219 aliquem
3241 5149 3716 5222 coepiscoliorum

2069 5235 2142 5290 ad
2174 5235 2284 5290 hoc
2306 5233 2605 5306 negotium
2627 5250 2763 5289 cum
2790 5235 3227 5308 archiepiscopo
3257 5255 3364 5294 suo
3385 5255 3454 5293 ex
3485 5239 3722 5294 nomine

2069 5323 2367 5396 designari
2399 5322 2780 5390 decreverint,
2804 5323 2959 5379 sicut
2979 5325 3050 5380 de
3069 5325 3584 5399 Augustodunensi
3604 5326 3722 5398 epi-

2069 5428 2243 5484 scopo
2274 5410 2334 5465 in
2382 5410 2646 5482 epistolis
2689 5411 2841 5466 beati
2875 5413 3133 5485 Gregorii
3186 5415 3466 5488 legimus;
3498 5420 3719 5487 quanto

2069 5501 2260 5572 magis
2289 5498 2400 5555 iste
2431 5498 2737 5571 religiosus
2767 5503 2825 5554 et
2853 5500 2941 5555 vir
2960 5507 3170 5559 cautus
3201 5504 3259 5560 in
3293 5503 3632 5575 bujusmodi
3655 5521 3718 5560 se

2068 5592 2270 5645 efferre
2303 5587 2588 5643 noluisset
2616 5592 2718 5642 aut
2751 5589 3029 5660 przeferri,
3057 5593 3348 5665 despectis
3378 5610 3446 5648 ac
3478 5597 3718 5666 prseter-

2069 5677 2270 5734 missis
2291 5675 2514 5732 caeteris
2535 5677 2916 5750 coepiscopis,
2935 5680 3336 5753 permisisset?
3351 5682 3474 5736 lluc
3495 5681 3720 5738 accedit
