4042 6188
224 394 306 457 53

847 358 1096 456 Epls'r.
1141 392 1245 454 AD
1289 391 1667 454 CAROLUM
1715 391 1788 452 ἢ.
1833 387 1939 450 EX
1985 389 2342 454 DlSSERT.
2387 392 2408 453 Ι
2458 395 2560 455 DE
2601 394 3006 456 pnmonsr.

3566 350 3647 456 54‘

226 527 370 600 quia
392 526 601 582 fratres
623 525 809 582 nostri
831 529 889 582 et
918 526 1359 581 consacerdotes
1387 525 1569 595 surda
1597 541 1734 580 aure.
1765 540 1880 578 non
1909 522 1966 589 Α
1996 523 2333 596 Scripturis,
2357 531 2414 581 et
2443 526 2740 583 catholicae
2768 532 2942 599 atque
2974 527 3301 599 apostolica:
3352 527 3639 597 Ecclesiae,

222 616 575 674 debuissent.
596 614 853 671 transire
883 612 1215 670 Salomonis
1246 613 1471 670 dictum
1503 612 1886 669 commonito-

222 707 411 774 rium,
442 704 493 761 si
520 722 590 762 ex
619 704 790 761 nobis
818 707 921 760 aut
949 703 1156 759 auditu
1197 708 1301 759 aut
1349 703 1566 775 scripto
1607 702 1888 775 quiddam

220 794 454 852 sinistri
485 797 711 850 secreto
756 792 1142 866 accepissent,
1168 796 1234 848 ut
1263 808 1623 865 praepropere
1651 791 1796 847 illud
1828 791 1888 846 in

217 884 552 957 publicum,
586 898 938 955 quacunque
971 881 1299 937 mobilitate
1330 885 1531 937 nostra
1551 880 1889 948 moti,unde

219 990 345 1029 non
367 989 577 1029 sumus
597 971 841 1040 conscii,
856 972 928 1026 ad
968 970 1376 1027 contentiones
1398 974 1454 1025 et
1465 970 1667 1042 jurgia
1687 986 1890 1041 propa-

219 1060 548 1116 larent.Ait
576 1061 737 1116 enim
763 1077 778 1115 :
805 1064 951 1132 Qua?
982 1059 1238 1115 viderunt
1264 1060 1409 1115 oeuli
1440 1067 1625 1126 tuz,ne
1641 1060 1888 1130 proferas

216 1151 286 1204 in
322 1150 517 1221 jurgio
562 1150 686 1217 cito,
714 1165 785 1203 ne
826 1156 1011 1219 postea
1060 1148 1351 1204 emendare
1387 1164 1497 1203 non
1536 1149 1730 1219 possis,
1764 1164 1888 1202 cum

218 1238 664 1295 dehonestaveris
693 1239 935 1292 amicum
967 1244 1123 1293 tuum
1149 1239 1331 1306 (Prov.
1362 1254 1493 1304 xxv,
1524 1236 1600 1308 8).

299 1328 537 1383 Scimus
567 1330 765 1381 tamen
796 1325 938 1398 quia
967 1329 1107 1381 sunt
1138 1325 1403 1381 nonnulli
1433 1325 1555 1397 qui,
1579 1325 1721 1380 dum
1754 1323 1887 1395 plus

219 1433 433 1489 sapere
463 1431 643 1488 quam
672 1418 900 1487 oportet
928 1431 1132 1486 sapere
1157 1414 1412 1481 student,
1433 1431 1467 1468 a
1488 1413 1886 1485 proximorum

219 1521 369 1578 pace
390 1502 831 1568 resiliunt,dum
854 1518 953 1558 eos
965 1501 1123 1558 velut
1142 1502 1382 1558 hebetes
1408 1501 1744 1574 stultosque
1758 1519 1889 1557 con-

219 1594 523 1650 temnunt.
555 1590 718 1647 Unde
764 1607 868 1662 per
923 1606 987 1645 se
1032 1589 1261 1645 Veritas
1310 1590 1590 1645 admonet
1632 1589 1835 1645 dicens
1871 1605 1883 1644 :

219 1681 420 1737 Habete
450 1682 510 1736 in
539 1679 689 1736 vobis
717 1680 823 1746 sal,
854 1687 906 1735 et
932 1695 1124 1751 pacem
1152 1678 1341 1735 habete
1386 1680 1532 1734 inter
1576 1695 1666 1734 vos
1701 1677 1885 1745 (Marc.

221 1787 305 1837 Ix,
321 1769 413 1838 49)
440 1786 455 1836 ;
487 1773 554 1824 ut
583 1766 857 1840 quisquis
877 1766 1092 1823 habere
1113 1766 1200 1823 sal
1223 1766 1522 1838 sapientia:
1546 1767 1763 1833 studet,
1782 1784 1884 1821 eu-

222 1861 318 1915 ret
334 1873 574 1914 necesse
595 1859 686 1913 est
707 1860 1000 1928 quatenus
1021 1873 1055 1912 a
1077 1873 1217 1929 pace
1240 1856 1560 1911 concordiae
1584 1872 1885 1927 nunquam
1919 1891 1968 1955 Β

221 1947 481 2003 recedat.
514 1944 680 2002 Unde
712 1943 1051 2001 terribiliter
1094 1943 1309 1999 Paulus
1335 1945 1613 2000 admonet
1639 1944 1839 1998 dicens
1873 1960 1885 1998 :

214 2037 426 2092 Pacem
452 2035 758 2107 sequimini
785 2050 910 2089 cum
937 2033 1211 2101 omnibus,
1229 2041 1282 2089 et
1308 2034 1748 2098 sanctimoniam,
1770 2034 1892 2088 sine

218 2142 337 2199 qua
360 2140 518 2181 nemo
549 2122 755 2179 videbit
783 2127 962 2179 Deum
991 2121 1142 2195 (Heb.
1174 2139 1276 2191 xn,
1316 2124 1425 2190 10).
1454 2121 1746 2194 Praecipue
1786 2139 1887 2176 au-

222 2219 353 2270 tem
384 2230 492 2269 nos
521 2230 653 2269 eam
682 2228 912 2268 servare
932 2215 991 2266 et
1018 2210 1309 2283 persequi,
1335 2212 1393 2267 id
1415 2215 1504 2266 est
1524 2211 1773 2284 perfecte
1808 2229 1889 2267 se-

221 2301 334 2376 qui
356 2302 660 2367 debemus,
679 2301 778 2373 qui
802 2300 917 2356 Deo
944 2300 1203 2372 quotidie
1235 2300 1561 2356 sacriﬁcare
1583 2301 1888 2367 debemus,

219 2396 284 2448 et
303 2389 552 2446 veritate
572 2392 937 2445 contestante
958 2388 1292 2461 specialiter
1308 2389 1475 2461 quasi
1495 2390 1888 2462 praecipimur,

219 2485 296 2537 ut
333 2480 381 2535 si
406 2479 715 2536 otl'eramas
742 2494 961 2533 munus
984 2482 1252 2533 nostrum
1286 2478 1357 2533 ad
1392 2477 1666 2547 altare,et
1700 2478 1774 2533 ibi
1810 2495 1892 2533 re-

220 2567 464 2626 cordati
513 2566 795 2623 fuerimus
843 2565 983 2639 quia
1030 2566 1209 2622 frater
1238 2570 1438 2622 noster
1467 2566 1643 2622 habet
1669 2566 1890 2639 aliquid

224 2658 549 2715 adversum
569 2673 694 2723 nos,
712 2655 1117 2729 relinquamus
1134 2655 1214 2711 ibi
1238 2672 1457 2711 munus
1475 2659 1741 2711 nostrum
1760 2659 1892 2710 ante

223 2746 441 2813 altare,
473 2749 530 2801 et
560 2761 764 2801 eamus
794 2744 960 2817 prius
990 2743 1353 2801 reconciliari
1388 2743 1548 2799 fratri
1582 2749 1802 2813 nostro,
1836 2748 1894 2800 et

228 2841 384 2892 tunc
406 2834 701 2890 venientes
723 2833 1039 2890 offeramus
1062 2850 1281 2888 munus
1303 2837 1568 2889 nostrum
1583 2833 1784 2905 (Matth.
1800 2851 1893 2903 xv,

226 2924 357 2995 23).
381 2925 524 2980 Ecce
554 2924 762 2978 ductor
789 2928 847 2978 et
884 2922 1087 2979 doctor
1134 2925 1332 2978 noster
1359 2939 1393 2977 a
1421 2921 1894 2977 discordantibus

236 3030 361 3069 non
373 3011 495 3067 vult
511 3012 771 3083 accipere
792 3009 1583 3078 sacrificium,holocaustum
1598 3010 1895 3081 suscipere

235 3105 496 3157 recusat.
524 3099 625 3156 Hie
655 3116 792 3173 ergo
842 3100 1320 3173 perpendendum
1351 3103 1461 3165 est,
1495 3103 1781 3171 quantum
1819 3100 1897 3155 sit

234 3187 467 3245 malum
489 3187 814 3254 discordiae,
830 3192 1066 3260 propter
1083 3189 1232 3260 quod
1259 3191 1316 3243 et
1335 3187 1481 3244 illud
1505 3206 1619 3243 non
1642 3188 1897 3243 admitti-

234 3281 361 3345 tur,
375 3294 479 3350 per
502 3277 654 3349 quod
677 3254 852 3348 culpa
870 3254 1118 3332 laxatur:
1134 3277 1259 3332 Non
1282 3276 1437 3333 enim
1477 3295 1583 3333 nos
1615 3278 1894 3333 adversus
1925 3254 1968 3321 (ἶ

237 3368 450 3423 fratres
482 3369 714 3422 nostros
739 3365 1047 3432 habemus,
1081 3365 1131 3420 si
1181 3364 1325 3421 talia
1373 3369 1576 3421 contra
1626 3383 1733 3421 nos
1764 3369 1898 3421 ante

241 3454 617 3511 collationem
648 3455 1031 3526 scripserunt.
1056 3454 1167 3509 Sed
1212 3455 1568 3510 credendum
1602 3457 1691 3510 est
1719 3453 1769 3509 si
1800 3453 1902 3509 illa

240 3542 646 3615 scripsissent,
680 3543 755 3598 ad
805 3559 934 3610 nos,
961 3546 1165 3597 contra
1215 3559 1361 3614 qnos
1393 3541 1494 3597 illa
1522 3541 1896 3614 scripserant,

238 3630 909 3688 transmisissent.Nune
925 3634 1121 3686 autem
1134 3629 1251 3686 illis
1269 3631 1563 3702 quomodo
1586 3632 1901 3687 rescribere

234 3736 583 3793 possumus,
607 3736 743 3774 cum
776 3722 976 3774 utrum
1016 3717 1117 3773 illa
1147 3718 1495 3791 scripserint
1527 3719 1902 3793 ignoremus?

306 3807 732 3864 Verumtamen
768 3825 842 3864 ne
874 3807 1001 3863 sine
1034 3823 1315 3879 responso
1350 3811 1546 3863 nostro
1577 3813 1768 3864 vestra
1796 3810 1901 3863 do-

238 3895 494 3952 minatio
523 3901 781 3968 maneat,
813 3896 979 3953 vobis
1011 3897 1083 3952 de
1114 3896 1285 3968 cujus
1324 3914 1503 3951 manu
1551 3896 1652 3952 illa
1681 3897 1902 3968 accepi-

241 4002 407 4053 mus,
422 3986 754 4053 corde,ore,
776 3990 837 4041 et
885 3984 1056 4057 style,
1089 4002 1203 4039 non
1253 3985 1634 4041 formidantes
1665 4002 1903 4057 carpen-

241 4075 394 4129 tium
419 4091 531 4129 nos
549 4073 1010 4147 derogationem,
1029 4074 1381 4145 respondere
1396 4091 1692 4129 curamus.
1714 4073 1905 4128 Primo

244 4163 475 4219 scilicet
493 4162 793 4219 mittentes
814 4180 882 4218 ea
897 4180 1025 4235 qua:
1043 4161 1114 4218 ab
1138 4161 1358 4218 eisdem
1392 4162 1668 4217 fratribus
1690 4162 1909 4218 nostris

241 4251 305 4307 in
340 4251 565 4325 synodo
588 4251 921 4323 conscripta
947 4249 1128 4306 fuisse
1148 4250 1443 4322 leguntur,
1464 4250 1597 4306 licet
1620 4250 1753 4305 hinc
1776 4256 1908 4306 ante

243 4341 363 4398 alia
390 4341 572 4397 fuisse
605 4340 939 4412 conscripta
962 4339 1349 4411 reperiantur.
1383 4340 1493 4394 Sed
1529 4340 1666 4411 quia
1697 4340 1817 4394 bzee
1850 4340 1907 4393 in

242 4429 729 4503 suggillationem
762 4433 1026 4484 nostram
1058 4432 1116 4483 et
1144 4432 1347 4483 contra
1376 4432 1644 4500 excerpta
1678 4446 1712 4483 a
1742 4428 1910 4484 nobis

242 4517 512 4589 capitula
541 4518 807 4574 confecta
854 4521 1200 4585 noscuntur,
1233 4533 1301 4572 ea
1331 4517 1587 4587 primum
1623 4517 1909 4588 judicavi-

1998 619 2329 686 sanctazque
2371 617 2644 672 Romana:
2691 618 2847 673 sedis
2896 616 3051 684 ﬁdei,
3075 622 3130 672 et
3188 618 3641 674 orthodoxorum

1999 702 2235 758 Patrum
2270 705 2564 773 sensibus,
2591 706 2691 777 qui
2718 706 2905 762 eidem
2934 710 3147 761 saneta:
3181 707 3353 761 matri
3375 706 3641 762 Ecclesia:

1998 793 2414 863 praesederunt,
2445 799 2501 849 et
2531 795 2629 866 qui
2665 797 2736 850 ab
2768 796 2969 851 eadem
3001 794 3319 867 apostolica
3366 796 3500 850 sede
3531 796 3641 850 Ro-

1999 899 2174 937 mana
2205 885 2372 940 nobis
2406 886 2462 938 in
2496 902 2715 941 canone
2738 885 3049 957 recipiendi
3082 885 3201 939 dati
3230 886 3644 953 sunt,sensum

1999 976 2265 1026 nostrum
2297 972 2355 1027 in
2389 972 2607 1029 eisdem
2640 974 2912 1047 capitulis
2942 991 3284 1046 expressum
3307 973 3643 1029 concordari

1997 1060 2398 1117 demonstrare
2420 1063 2803 1134 potuerimus,
2832 1082 3002 1133 agerc
3029 1061 3649 1131 veraeiter,humilitcr

1997 1166 2063 1203 ac
2077 1149 2277 1211 deuote
2300 1152 2669 1207 studebimus
2695 1171 2706 1207 :
2728 1152 2868 1224 quia
2889 1152 3133 1207 aliorum
3154 1153 3223 1207 ad
3245 1150 3648 1224 stipulandum

1998 1242 2209 1292 nostrae
2233 1239 2528 1294 catholica:
2552 1241 2948 1313 intelligentiae
2972 1259 3214 1297 sensum
3237 1240 3555 1296 sententias
3569 1257 3652 1294 re-

1996 1326 2186 1398 cipere
2211 1344 2316 1382 nec
2333 1330 2588 1399 proferre
2616 1329 2927 1397 voluimus,
2944 1349 3077 1385 cum
3110 1334 3335 1385 constet
3356 1329 3499 1383 illud
3521 1345 3650 1385 esse

1996 1432 2198 1470 verum
2230 1420 2403 1488 atque
2437 1418 2791 1473 catholicum
2823 1421 2978 1489 quod
3012 1419 3139 1491 ipsa
3168 1422 3354 1474 mater
3382 1416 3647 1473 omnium

1995 1503 2484 1571 Ecclesiarum,et
2508 1507 2853 1563 universalis
2876 1508 3134 1563 Ecclesia
3153 1507 3381 1563 duxerit
3411 1508 3482 1561 ad
3516 1524 3646 1579 pro-

1998 1593 2276 1648 bandum.
2296 1596 2364 1648 Et
2385 1596 2432 1649 si
2452 1596 2551 1666 qui
2572 1596 2809 1651 fuerunt
2828 1596 3101 1667 appellati
3126 1596 3492 1664 doctores,ad
3517 1613 3645 1668 pro-
3722 1640 3729 1649 .

1997 1682 2252 1737 bandam
2274 1684 2405 1739 fidei
2428 1683 2821 1740 sinceritatem
2842 1685 3075 1739 illorum
3094 1685 3412 1741 sententias
3429 1703 3544 1740 non
3567 1701 3646 1739 re-

1997 1770 2477 1843 cipimus,neque
2499 1772 2872 1844 proferimus,
2899 1774 3009 1828 nisi
3044 1791 3291 1844 quorum
3324 1772 3646 1827 sententias
3684 1761 3702 1779 ⁸

1999 1859 2126 1930 ipsa
2148 1860 2434 1915 catholica
2458 1865 2645 1916 mater
2672 1861 2929 1916 Ecclesia
2950 1861 3199 1916 decrevit
3228 1879 3355 1916 esse
3376 1861 3645 1933 probabi-

1999 1948 2103 2002 les.
2139 1948 2196 2004 Si
2228 1953 2423 2003 autem
2456 1955 2515 2004 et
2538 1950 2717 2022 aliqui
2739 1955 3104 2005 emerserunt
3134 1950 3230 2021 qui
3266 1948 3646 2003 doctrinalem

1998 2037 2335 2092 cathedram
2370 2042 2700 2098 tenuerunt.
2738 2044 3049 2110 postquam
3098 2040 3168 2093 ab
3212 2039 3417 2093 eadem
3448 2041 3650 2091 sancta

2000 2126 2135 2180 sedc
2157 2142 2340 2180 canon
2366 2144 2665 2181 sacrarum
2682 2127 3322 2199 Scripturarum,atquc
3347 2126 3649 2179 doctorum

2000 2214 2729 2283 catholicorumﬁdelibus
2758 2215 2983 2271 cunctis
3012 2219 3102 2270 est
3131 2216 3327 2282 datus,
3346 2212 3444 2285 qui
3484 2213 3653 2268 aliter

2000 2308 2516 2376 senserunt,quam
2548 2304 2659 2376 ipsi
2684 2304 3090 2359 intellexerunt
3112 2308 3286 2375 atque
3307 2303 3651 2368 docuerunt,

2000 2409 2149 2464 quos
2182 2392 2309 2465 ipsa
2331 2398 2516 2448 mater
2538 2393 2825 2447 catholica
2845 2411 2950 2448 suo
2975 2394 3293 2447 orthodoxo
3325 2392 3459 2446 sinu
3492 2407 3650 2445 rece-

2001 2481 2515 2553 pit,amplectitur,
2539 2487 2715 2553 atque
2748 2482 2917 2543 fovet.
2943 2498 3047 2536 nec
3079 2482 3381 2546 debemus,
3417 2496 3522 2534 nec
3552 2496 3650 2533 ne-

2001 2585 2162 2623 cesse
2192 2568 2499 2633 habemus,
2535 2570 2605 2623 ad
2642 2569 3049 2623 auctoritatem
3075 2567 3395 2622 sententias
3418 2566 3651 2621 illorum

2001 2659 2276 2729 proferre,
2312 2661 2411 2711 aut
2443 2657 2695 2728 recipere
2724 2657 3014 2725 volumus,
3044 2657 3320 2728 quoniam
3352 2655 3412 2709 in
3446 2654 3575 2710 istis
3598 2659 3655 2710 ct

2003 2763 2106 2817 per
2137 2746 2281 2800 istos
2299 2744 2441 2800 satis
2473 2746 2543 2800 ad
2580 2734 2828 2800 salutem
2862 2746 3254 2801 habemus.Et
3282 2745 3332 2801 si
3364 2742 3461 2816 qui
3486 2743 3654 2798 aliter

2003 2852 2177 2906 quam
2204 2833 2297 2889 isti
2324 2834 2639 2889 maturiore
2652 2840 2708 2888 et
2729 2835 3318 2889 sanioredocumento
3337 2832 3652 2888 tenendum

2005 2924 2348 2989 docuerunt,
2372 2924 2769 2994 dogmatizant
2799 2928 2902 2977 aut
2930 2923 3321 2994 dogmatizare
3372 2938 3653 2993 praesum-

2005 3015 2397 3084 pscrunt,totu
2410 3029 2463 3064 m
2479 3010 2750 3064 ducimus
2767 3011 2896 3065 ﬁdei
2912 3016 2968 3063 ct
2982 3011 3157 3065 saluti
3173 3011 3477 3064 adversum
3494 3009 3659 3079 quid-

2005 3100 2142 3171 quid
2177 3100 2247 3153 ab
2279 3116 2477 3155 eorum
2512 3099 2730 3153 salubri
2757 3098 3021 3153 doctrina
3050 3102 3279 3152 constat
3306 3114 3433 3151 esse
3466 3097 3657 3149 diver-

2006 3206 2161 3243 sum.
2178 3183 2387 3243 Eorum
2424 3186 2595 3242 etiam
2619 3186 2937 3241 sententias
2960 3186 3059 3258 qui
3088 3187 3283 3241 divina
3300 3184 3654 3257 dignatione,

2008 3281 2317 3349 postquam
2342 3276 2464 3347 ipse
2486 3293 2670 3331 canon
2690 3294 2722 3330 a
2736 3276 2906 3330 beato
2920 3275 3148 3330 Gelasio
3167 3272 3531 3344 conscriptus
3547 3275 3657 3339 est,

2008 3383 2185 3421 sensu
2209 3370 2265 3421 et
2295 3365 2561 3419 doctrina
2594 3364 2879 3419 catholica
2907 3368 2964 3419 ct
3003 3363 3311 3419 sanctitate
3351 3377 3658 3417 conversa-

2010 3456 2186 3510 tionis
2218 3455 2275 3508 in
2307 3452 2564 3509 Ecclesia
2597 3455 2939 3512 floruerunt,
2964 3457 3020 3507 ct
3052 3454 3121 3507 ab
3172 3452 3433 3523 ipsorum
3464 3449 3659 3505 ortho-

2010 3545 2291 3599 doxorum
2326 3544 2585 3608 Patrum,
2621 3541 2717 3613 qui
2772 3541 2829 3595 in
2886 3542 3087 3595 eodem
3136 3557 3355 3595 canone
3402 3539 3659 3594 adnotati

2012 3637 2169 3699 sunt,
2206 3631 2337 3685 ﬁdei
2365 3631 2503 3703 quia
2532 3630 2817 3685 catholica
2848 3630 3112 3684 doctrina
3142 3628 3286 3684 nihil
3330 3628 3658 3697 dissonum,

2014 3721 2157 3776 nihil
2183 3720 2477 3776 diversum
2499 3720 2861 3791 scripserunt
2883 3718 2966 3773 vel
2991 3715 3663 3787 docuerunt,reverentia

2012 3811 2136 3883 pari
2171 3809 2603 3881 amplectimur.
2628 3808 2819 3863 Veluti
2852 3806 3197 3861 venerabilis
3230 3807 3390 3861 Beda:
3422 3804 3660 3878 presby-

2015 3900 2143 3963 teri,
2170 3916 2203 3953 a
2234 3897 2538 3969 discipulis
2562 3896 2747 3952 sancti
2773 3914 2933 3967 papae
2957 3894 3213 3967 Gregorii
3238 3893 3520 3950 catholica
3550 3893 3663 3947 fide

2017 3985 2318 4052 imbuti,et
2350 4004 2383 4041 a
2413 3990 2614 4041 sancto
2637 3986 2937 4041 Theodoro
2961 3985 3417 4056 archiepiscopo,
3442 3984 3665 4039 utrius-—

2016 4095 2128 4150 quc
2157 4075 2394 4146 linguae,
2419 4076 2625 4130 Graeca:
2653 4074 2920 4129 videlicet
2949 4078 3004 4128 et
3054 4074 3288 4141 Latium,
3319 4073 3524 4146 perito,
3549 4075 3605 4127 et
3633 4089 3668 4127 a

2019 4170 2223 4223 sancta
2257 4166 2520 4219 Romana
2561 4162 2814 4217 Ecclesia
2848 4164 2916 4216 ad
2952 4163 3167 4233 Anglos
3190 4167 3320 4233 post
3350 4160 3667 4233 discipulos

2012 4254 2170 4311 beati
2196 4252 2453 4325 Gregorii
2488 4252 2557 4306 ad
2583 4252 2971 4306 eruditionem
3005 4251 3373 4315 transmisso,
3410 4268 3521 4304 non
3555 4266 3671 4304 me-

2020 4344 2292 4399 diocriter
2323 4342 2615 4410 instructi,
2642 4360 2707 4395 ac
2736 4342 3076 4396 veneranda:
3110 4338 3401 4394 memoria:
3444 4336 3669 4390 Paulini

2020 4432 2362 4505 patriarcha:
2411 4429 2802 4501 Aquileiensis
2863 4428 3169 4499 parrochiae,
3209 4430 3383 4497 atque
3440 4424 3669 4480 Alcuini

2020 4519 2125 4575 viri
2161 4518 2413 4591 religiosi
2447 4522 2504 4573 et
2534 4519 2709 4573 docti.
2736 4521 2990 4582 Quorum
3042 4517 3210 4570 fidem
3259 4520 3313 4569 et
3344 4514 3669 4569 doctrinam

247 4623 390 4662 mus
420 4623 657 4679 ponere,
691 4623 819 4678 quze
852 4603 1093 4677 majoris
1124 4603 1553 4674 nominis,licet
1584 4623 1697 4661 non
1721 4610 1914 4661 aucto-
1942 4622 1992 4687 Ι)
2022 4607 2337 4680 apostolica
2364 4608 2529 4662 sedes
2564 4607 2826 4659 Romana
2858 4623 2968 4659 non
3011 4604 3202 4657 solum
3252 4602 3672 4675 benignissime

242 4694 466 4763 ritatis,
499 4693 638 4766 quia
686 4694 902 4767 partim
952 4710 1067 4749 non
1117 4693 1402 4763 veritatis,
1433 4699 1670 4767 propter
1716 4699 1911 4750 tamen

240 4781 599 4857 synodalem
621 4781 1135 4854 prastitulationem
1150 4778 1395 4853 dignum
1408 4781 1684 4837 duximus
1700 4800 1871 4855 magn
1882 4782 1922 4835 ἰ-

238 4872 532 4945 pendere.
552 4871 775 4927 Deinde
805 4870 906 4928 illa
935 4888 1063 4943 quae
1096 4887 1130 4926 a
1159 4868 1430 4943 pluribus
1461 4874 1518 4924 et
1549 4888 1650 4941 per
1670 4870 1920 4926 aliorum

240 4978 474 5017 manus
505 4960 575 5016 de
591 4960 865 5033 pluribus
886 4978 954 5017 ex
968 4960 1065 5016 his
1085 4958 1280 5016 causis
1302 4958 1660 5031 accepimus,
1688 4964 1924 5032 propter

242 5067 438 5124 quam
463 5049 877 5105 necessitatem
898 5066 967 5104 ex
988 5048 1411 5104 catholicorum
1434 5047 1764 5114 Patrum,ut
1782 5048 1923 5103 dixi-

240 5137 704 5208 mus,sensibus
726 5140 784 5192 et
806 5136 999 5193 verbis
1022 5136 1279 5209 capitula
1309 5136 1410 5192 illa
1441 5141 1698 5209 quatuor
1727 5155 1921 5193 cxcer-

240 5244 389 5301 pere
412 5224 886 5298 procuravimus,
901 5243 969 5281 ea
998 5225 1328 5281 conditione
1362 5230 1424 5281 ut
1454 5227 1525 5280 de
1553 5225 1923 5295 singulorum

242 5314 496 5386 scriptis
514 5331 583 5368 ex
604 5312 856 5385 singulis
871 5312 1176 5369 sententiis
1191 5331 1316 5385 quze
1334 5314 1389 5368 in
1404 5333 1437 5368 a
1452 5314 1620 5369 nobis
1639 5317 1925 5387 excerptis

240 5401 535 5476 capitulis
564 5400 963 5469 continentur,
979 5403 1247 5474 quaedam
1271 5408 1445 5475 prout
1467 5420 1704 5459 necesse
1726 5404 1929 5459 videri-

242 5508 391 5547 mus
426 5507 745 5563 ponamus.
772 5490 907 5546 Post
937 5490 1078 5560 haec,
1104 5491 1363 5564 capitula
1392 5509 1426 5547 a
1458 5493 1628 5547 nobis
1661 5499 1930 5566 excerpta

240 5582 316 5637 de
351 5580 602 5635 Patrum
635 5579 913 5635 sensibus
934 5583 993 5634 et
1021 5580 1235 5649 verbis,
1274 5585 1338 5635 ut
1364 5580 1463 5635 illa
1506 5583 1925 5654 excerpsimus,

242 5685 478 5742 ponere
508 5666 983 5741 procurabimus.
1008 5668 1080 5724 Et
1110 5669 1158 5725 si
1212 5669 1427 5725 divinis
1475 5673 1532 5725 et
1574 5670 1931 5730 authentieis

2023 4696 2360 4768 acccptavit,
2377 4712 2573 4749 verum
2597 4698 2653 4748 et
2674 4692 2874 4747 multis
2898 4693 3172 4747 laudibus
3194 4692 3421 4759 extulit,
3442 4693 3593 4749 sicut
3614 4691 3672 4745 in

2030 4785 2265 4856 scriptis
2287 4784 2469 4856 ipsius
2492 4788 2702 4837 sancta:
2721 4782 2878 4838 sedis
2902 4781 3383 4854 invenimus,quze
3405 4781 3672 4837 Ecclesiae

2030 4878 2259 4945 nostra;
2286 4874 2357 4926 ab
2405 4873 2604 4927 eadem
2658 4872 3047 4927 Ecclesiarum
3098 4877 3282 4927 matre
3329 4872 3677 4943 acceperunt

2028 4967 2290 5033 tempore
2318 4962 2459 5015 divae
2494 4961 2785 5017 meritoria).
2808 4961 2992 5016 Caroli
3033 4960 3417 5032 imperatoris,
3442 4959 3676 5032 quando

2031 5052 2291 5125 synodus
2316 5069 2416 5123 pro
2440 5051 2674 5122 cognita
2707 5049 3046 5105 inﬁdelitate
3080 5050 3284 5106 Felicis
3333 5054 3422 5106 est
3451 5048 3673 5114 habita,

2032 5145 2087 5196 et
2110 5142 2178 5196 ad
2207 5142 2520 5196 Itomanrm
2545 5139 2859 5194 Ecclesium
2886 5140 3036 5194 velut
3058 5140 3129 5193 ad
3152 5138 3370 5211 apicem
3396 5135 3677 5191 Ecclesia-

2036 5248 2165 5284 rum
2204 5228 2569 5284 transmissa.
2604 5229 2712 5282 Sed
2747 5233 2802 5283 ct
2853 5247 3052 5282 eormn
3104 5228 3318 5299 scripta
3367 5226 3467 5295 qui
3517 5224 3679 5295 legit,

2039 5337 2212 5390 quam
2243 5319 2360 5372 sint
2382 5318 2677 5372 laudanda
2697 5322 2747 5371 et
2776 5318 3103 5388 recipienda
3128 5311 3682 5384 intelligitDenique

2038 5407 2086 5462 si
2124 5407 2348 5474 talium,
2365 5411 2429 5460 ut
2451 5406 2729 5472 diximus,
2746 5405 3051 5461 sententiis
3073 5401 3407 5458 concordari
3429 5400 3687 5474 capitula

2039 5514 2165 5568 qua:
2183 5495 2579 5568 excerpsimus
2600 5496 2999 5550 demonstrare
3022 5510 3135 5546 non
3169 5490 3551 5561 potuerimus,
3586 5509 3686 5561 pa-

2042 5586 2149 5641 rati
2182 5602 2389 5640 sumus
2423 5586 2758 5641 doctoribus
2788 5588 2845 5639 ct
2876 5580 3175 5636 catholicis
3208 5597 3407 5636 aurem
3459 5596 3685 5635 accom-

2042 5677 2301 5744 modare,
2334 5693 2572 5731 sensum
2604 5674 2873 5739 subdere,
2905 5674 2961 5725 ct
3005 5670 3131 5726 sine
3179 5671 3549 5728 contentione
3582 5686 3687 5725 nos

3702 6134 3923 6178 Δ
