4042 6188
323 298 406 378 {$5
1261 293 1649 357 HINCMARI
1696 293 2148 356 RHEMENSIS
2191 293 2812 356 ARCHIEPISCOPI.
2978 287 2988 296 ’
3655 296 3736 359 56

327 427 606 486 doctrinae
627 423 864 486 illorum
879 425 1272 503 subjicere.Et
1292 423 1710 498 quialibellum
1735 425 1806 480 de
1829 424 1972 480 scri-
2000 424 2056 492 Α
2085 424 2310 496 quinto,
2348 425 2503 480 unde
2529 427 2726 480 notam
2759 423 2928 480 nobis
2976 424 3144 496 quasi
3189 423 3362 480 tacite
3411 427 3468 480 et
3496 441 3528 481 e
3556 423 3738 483 latere

328 515 426 572 nio
457 515 622 581 bona;
645 513 937 582 memoriis
960 513 1160 570 fratris
1198 513 1374 569 vestri
1418 513 1671 570 Lotharii
1714 511 1840 569 sine
1876 531 1978 567 no-

330 587 489 670 mine
521 601 779 668 auctoris
809 599 1200 674 suscepimus,
1225 601 1284 656 in
1337 618 1452 673 quo
1501 601 1844 674 singillatim
1877 619 1981 674 per

329 693 459 750 loca
483 690 720 766 singula
739 689 993 762 capitula
1019 708 1053 745 a
1071 689 1242 746 nobis
1263 695 1531 763 excerpta
1551 693 1691 746 sunt
1710 689 1981 761 posita,et

327 796 577 838 assensu
597 777 1153 851 illius,quiscunque
1168 777 1266 833 ille.
1281 777 1981 850 fuerit,reprehensasunt

326 872 386 936 et
433 867 731 934 damnata,
759 883 894 922 cum
939 867 1010 922 de
1053 865 1474 923 catholicorum
1521 867 1757 921 Patrum
1807 866 1980 921 dictis

331 961 534 1014 nostra
553 954 813 1030 capitula
834 954 884 1011 si
905 954 1227 1027 poterimus
1247 956 1593 1013 confirmare
1615 953 1977 1021 curabimus,

331 1043 520 1118 ipsius
541 1042 717 1099 etiam
749 1043 1230 1115 reprehensiones
1246 1061 1551 1116 ponemus,
1575 1047 1631 1097 et
1649 1060 1768 1109 eas,
1793 1059 1978 1114 quan-

327 1137 456 1188 tum
488 1131 773 1188 Dominus
803 1131 1046 1198 dederit,
1071 1133 1372 1188 confutare
1401 1131 1790 1186 studebimus.
1814 1132 1980 1186 Tunc

327 1221 566 1278 demum
589 1236 876 1295 ponemus
897 1221 969 1276 de
990 1220 1244 1293 capitulo
1263 1220 1621 1276 confratrum
1643 1223 1976 1276 nostrorum

2089 512 2477 586 impegerunt,
2504 513 2656 585 quod
2677 511 2734 567 in
2759 511 3124 569 Gothescalci
3149 512 3384 584 scriptis
3404 511 3736 570 invenimus

2088 607 2398 674 postquam
2426 600 2684 674 capitula
2713 609 2964 674 quatuor
2995 617 3146 673 saepe
3190 605 3515 658 memorata
3543 619 3736 658 excer-

2088 690 2408 762 psimus,et
2427 689 2566 761 quid
2597 689 2728 742 inde
2751 688 3364 756 scntiamus,Domino
3387 688 3736 762 inspirante,

2087 777 2372 833 dicemus.
2404 779 2473 832 Et
2504 778 2586 832 sic
2619 779 2856 832 tandem
2888 777 3273 850 subjiciemus
3303 776 3405 834 illa
3451 779 3650 836 decem
3681 784 3744 836 et

2089 883 2188 921 sex
2209 866 2466 938 capitula
2496 884 2599 938 pro
2629 866 2846 938 quibus
2876 867 2948 923 de
2979 867 3287 922 Scotorum
3317 865 3582 939 pultibus
3602 885 3740 925 con-

2089 956 2298 1010 fratres
2329 955 2534 1021 nostri,
2569 955 2697 1010 sine
2744 954 2917 1026 culpa
2953 959 3172 1021 nostra,
3205 955 3264 1010 in
3314 955 3424 1011 hac
3457 957 3746 1016 duntaxat

2088 1061 2265 1100 causa
2296 1060 2400 1097 nos
2431 1060 2666 1114 pascere
2695 1043 3096 1108 decreverunt,
3125 1047 3181 1098 ct
3229 1043 3369 1116 quid
3419 1045 3490 1100 de
3519 1044 3742 1102 eisdem

2088 1131 2364 1204 capitulis
2395 1131 2742 1197 sentiamus,
2765 1149 2834 1188 ex
2850 1130 3271 1188 catholicorum
3305 1132 3540 1188 Patrum
3561 1135 3744 1190 sensi-

2089 1221 2201 1276 bus
2230 1221 2628 1276 ostendemus.

1386 1494 2666 1642 HINGMARI

1562 1719 2094 1770 ARCHIEPISCOPI
2138 1720 2522 1769 BHEIBNSIS

1053 1857 1656 1946 PBEFATIO
1717 1857 2572 1970 SUBSEQUENTIS
2633 1859 3027 1947 OPERIS

409 2115 626 2176 Omnes
655 2115 716 2171 in
748 2131 998 2188 quorum
1030 2133 1246 2172 manus
1276 2115 1385 2171 hoc
1406 2114 1626 2171 laboris
1649 2115 1833 2170 nostri
1855 2133 1994 2188 opu-
2025 2119 2070 2183 Β
2098 2119 2274 2171 ventu
2306 2116 2460 2188 apud
2494 2114 2801 2171 Bonoilum
2849 2116 3358 2189 transcripsimus,
3390 2123 3449 2175 et
3496 2123 3628 2193 post
3670 2137 3763 2176 re-

339 2204 571 2270 sculum
609 2203 853 2270 venerit,
887 2203 1138 2278 supplici
1190 2203 1494 2260 devotione
1541 2221 1645 2276 per
1691 2203 1996 2260 charitatis

337 2293 563 2370 viscera
591 2291 968 2366 postulamus
999 2295 1062 2348 ut
1085 2291 1366 2365 quoniam
1399 2293 1471 2347 de
1514 2292 1658 2364 ipsis
1699 2292 1996 2348 schedulis

339 2379 700 2438 notariorum
744 2384 878 2438 ante
925 2379 1418 2447 emendationem,
1452 2380 1709 2436 instante
1757 2382 1996 2437 domino

341 2473 542 2527 nostro
572 2484 708 2543 rege
737 2467 961 2536 Carolo,
996 2469 1106 2524 sub
1146 2467 1441 2524 celeritate
1491 2468 1634 2524 illud
1683 2469 1995 2525 transcribi

345 2557 613 2628 fecimus,
645 2561 705 2614 et
733 2557 949 2614 idcirco
979 2557 1038 2613 in
1071 2557 1217 2614 locis
1245 2557 1518 2630 plurimis
1548 2558 1707 2614 eradi
1731 2562 1787 2613 et
1807 2576 2000 2615 emen-

339 2647 469 2705 dari
491 2647 758 2721 quaedam
783 2647 1106 2703 necessitas
1126 2646 1487 2720 compulit,si
1503 2652 1674 2704 nacta
1695 2647 1998 2704 occasione

347 2735 562 2810 aliquis
583 2735 835 2794 aemulus
866 2739 1028 2793 recta
1056 2735 1192 2792 hinc
1222 2735 1488 2802 eraserit,
1521 2738 1578 2791 et
1626 2737 1772 2792 forte
1822 2754 1999 2808 prava

339 2823 943 2898 superinduxerit,aut
963 2822 1315 2896 scriptorum
1339 2823 1632 2896 imperitia
1654 2842 1824 2880 secus
1845 2830 1996 2880 tran.

340 2913 658 2991 scripserit,
691 2912 947 2970 alienum
997 2913 1166 2969 nobis
1209 2930 1464 2970 errorem
1515 2931 1630 2968 non
1677 2913 1992 2986 imputent.

342 3003 454 3060 Sed
487 3001 728 3060 collecta
757 3001 852 3058 hic
897 3020 932 3058 a
976 3001 1146 3058 nobis
1195 3002 1532 3058 testimonia
1573 2991 1993 3058 catholicorum

341 3090 742 3165 inspicientes,
760 3108 1010 3164 quorum
1035 3091 1359 3147 doctrinam
1383 3108 1582 3162 sensu,
1597 3109 1692 3147 ore
1714 3096 1770 3147 et
1792 3109 1992 3158 manu,

341 3183 628 3253 quantum
653 3177 750 3234 dat
765 3179 1996 3252 Dominus,sequimur,autsupcrseminata

343 3267 416 3324 ab
449 3267 688 3322 inimico
719 3266 942 3322 zizania
972 3267 1030 3321 in
1065 3267 1258 3322 medio
1290 3266 1468 3322 tritici
1509 3267 1759 3323 evellant
1787 3271 1845 3324 et
1873 3268 1996 3323 col-

343 3356 550 3430 ligant,
581 3359 686 3411 aut
713 3353 763 3410 si
794 3358 1026 3410 tantum
1058 3354 1332 3412 adhibere
1363 3355 1586 3427 dignati
1620 3355 1836 3412 fuerint
1863 3361 1994 3412 stu-

2104 2204 2430 2260 vcrsioncm
2452 2205 2522 2260 de
2553 2203 2815 2260 tumultu
2847 2203 3170 2275 Brionensi,
3197 2207 3452 2280 quodam
3482 2208 3763 2268 offerente

2102 2292 2331 2360 clerico,
2350 2311 2418 2348 ex
2446 2292 2662 2349 scrinio
2683 2293 2921 2361 Ebonis,
2949 2293 3104 2349 sicut
3148 2293 3273 2368 ipse
3319 2296 3560 2366 dixerat,
3594 2315 3768 2356 vene-

2105 2381 2307 2438 rabilis
2337 2380 2860 2454 Gratianopolitani
2910 2381 3167 2455 episcopi
3219 2384 3573 2458 accepimus,
3607 2385 3757 2444 inte-

2101 2488 2272 2544 grum
2305 2469 2400 2527 hic
2450 2488 2663 2543 ponere
2713 2471 2961 2544 dignum
3009 2471 3308 2541 duximus,
3337 2474 3477 2546 quia
3524 2478 3582 2531 et
3620 2492 3760 2531 con-

2103 2559 2426 2615 structione
2447 2563 2502 2615 et
2526 2576 2738 2615 sensus
2767 2559 3010 2616 veritate
3041 2565 3210 2617 caute
3249 2561 3486 2632 incedit,
3501 2564 3762 2636 exceptis

2105 2649 2337 2704 duobus
2367 2648 2532 2716 locis,
2566 2647 2626 2703 in
2655 2648 2874 2720 quibus
2905 2665 3040 2705 eum
3069 2649 3152 2705 ita
3179 2650 3397 2708 dixisse
3427 2668 3540 2707 non
3573 2653 3764 2708 credi-

2105 2753 2241 2793 mus
2273 2737 2424 2792 sicut
2455 2737 2512 2791 in
2536 2753 2602 2793 co
2633 2737 2850 2810 scripto
2881 2736 3213 2794 invenimus
3235 2755 3411 2811 quem
3445 2740 3517 2796 de
3547 2741 3764 2800 scrinio

2107 2825 2462 2882 venerabilis
2492 2826 2709 2880 Ebonis
2741 2826 3098 2899 accepimus,
3133 2843 3267 2883 cum
3300 2827 3358 2882 in
3389 2827 3523 2884 aliis
3563 2827 3645 2884 sic
3674 2847 3766 2885 ca-

2111 2914 2327 2970 tholico
2360 2915 2591 2981 dixerit,
2625 2915 2780 2970 sicut
2828 2914 3049 2986 patebit
3090 2914 3422 2989 legentibus
3455 2933 3468 2971 :
3506 2916 3760 2974 maxime

2107 3001 2247 3074 quia
2270 3002 2326 3057 in
2353 3003 2556 3058 eodem
2581 3003 2820 3074 scripto,
2843 3020 3019 3076 quem
3041 3021 3144 3076 per
3165 3020 3377 3060 manus
3399 3005 3622 3077 prrefati
3647 3005 3762 3062 He-

2111 3089 2346 3156 riboldi,
2379 3091 2533 3146 sicut
2558 3090 2629 3145 ad
2661 3107 2722 3146 se
2750 3108 2784 3145 a
2814 3089 3089 3162 praedicto
3129 3091 3297 3148 Floro
3341 3093 3762 3150 transmissum

2105 3179 2462 3251 accepimus,
2496 3179 2668 3235 aliter
2696 3178 3091 3236 invenerimus
3123 3197 3299 3253 quam
3333 3179 3392 3236 in
3426 3180 3539 3236 isto
3583 3198 3762 3254 quem

2105 3271 2305 3339 postea
2335 3267 2688 3338 accepimus,
2720 3267 3101 3340 reperiamus.
3134 3270 3260 3335 Qua
3288 3269 3357 3324 de
3389 3287 3446 3326 re
3479 3267 3758 3326 immuta-

2101 3359 2227 3410 tum
2257 3356 2330 3411 ab
2353 3355 2548 3428 aliquo
2569 3357 2960 3429 suspicamur.
2981 3360 3116 3424 Quae
3139 3356 3284 3425 loca,
3300 3362 3613 3430 antequam
3631 3374 3754 3413 ser-

341 3445 529 3516 dium,
562 3460 665 3516 per
692 3459 1106 3517 quemcunque
1136 3441 1254 3498 illis
1284 3441 1569 3516 placuerit
1598 3444 1800 3514 paucis
1840 3444 1992 3501 litte-
2023 3483 2066 3550 Ο
2105 3461 2336 3499 monem
2372 3443 2538 3499 illum
2575 3445 2826 3501 scribere
2846 3445 3204 3514 adoriamur,
3233 3445 3563 3518 specialiter
3590 3444 3754 3503 desi-

340 3532 486 3590 rulis
534 3531 657 3588 haec
719 3531 1160 3596 innotescendo.
1185 3532 1258 3588 de
1315 3530 1584 3588 Ecclesia:
1646 3532 1994 3590 Rhemensis

343 3621 576 3680 archivo
607 3622 762 3682 unde
807 3619 1222 3687 dubitaverint,
1259 3620 1510 3676 relevare
1557 3626 1890 3692 procurent.
1924 3623 1996 3678 Et

343 3711 514 3785 cujus
542 3708 869 3786 dignationi
901 3708 1026 3764 haec
1059 3725 1186 3780 qua:
1231 3711 1559 3781 sequuntur
1607 3709 1995 3766 transcribere

341 3791 779 3872 complacuerit,
809 3797 964 3853 hanc
995 3797 1173 3853 etiam
1203 3795 1656 3868 postulationem
1705 3798 1993 3854 conscribi

341 3903 682 3960 quasumus
711 3885 907 3942 faciat.
937 3889 1070 3950 Quae
1119 3884 1250 3941 ideo
1307 3884 1560 3940 dicimus
1599 3890 1656 3940 et
1685 3903 1996 3958 precamur

342 3976 621 4052 quoniam
652 3977 710 4031 et
738 3973 878 4031 olim
900 3973 1234 4030 Nestorium
1256 3973 1991 4048 Constantinopolitanum,

341 4069 399 4121 et
427 4063 748 4121 Macarium
768 4061 1196 4120 Antiochenum
1217 4061 1580 4136 episcopum,
1595 4063 1665 4118 de
1687 4062 1993 4136 scripturis

341 4152 696 4210 authenticis
711 4168 779 4208 ac
801 4155 1140 4208 sanctorum
1153 4151 1328 4206 dictis
1340 4151 1606 4223 quaedam
1622 4151 1993 4209 interrasisse

339 4245 516 4316 atque
537 4240 868 4314 corrupisse
891 4239 1273 4314 prodentibus
1293 4238 1472 4312 gestis
1493 4240 1906 4311 comperimus.
1923 4242 1993 4296 Et

339 4329 494 4388 sicut
521 4328 784 4404 ipsorum
829 4327 930 4400 qui
977 4327 1372 4384 interfuerunt
1419 4327 1664 4383 concilio
1712 4327 1992 4384 relatione

339 4417 676 4487 didicimus,
711 4417 946 4490 quando
967 4416 1109 4472 diva:
1140 4415 1433 4472 memoriae
1466 4416 1718 4472 domnus
1749 4416 1990 4472 Carolus

340 4505 614 4576 Felicem,
629 4503 918 4562 infelicem
953 4503 1318 4578 Orgellitanze
1349 4504 1600 4560 civitatis
1625 4505 1986 4578 episcopum,

339 4592 604 4668 synodali
651 4593 882 4652 decreto
930 4593 1270 4649 haereticum
1319 4594 1762 4666 comprobatum
1811 4599 1990 4666 atque

337 4683 685 4743 damnatum
713 4682 1020 4756 comperit,
1041 4681 1218 4738 etiam
1248 4681 1529 4738 revictum
1579 4669 1797 4737 invenit
1826 4682 1983 4755 quia,

337 4775 611 4844 corrupto
639 4769 986 4828 muneribus
1005 4770 1240 4843 juniore
1283 4769 1726 4828 Bibliothecario
1754 4772 1985 4843 Aquen-

337 4859 421 4930 sis
452 4857 672 4932 palatii,
695 4857 910 4914 librum
945 4857 1097 4915 beati
1127 4857 1328 4913 Hilarii
1360 4857 1524 4925 rasit,
1555 4863 1613 4913 et
1645 4858 1742 4913 ubi
1795 4859 1982 4931 scrip—

337 4951 466 5006 tum
497 4951 622 5004 erat
650 4946 788 5022 quia
817 4947 875 5004 in
899 4947 1000 5002 Dei
1025 4946 1168 5002 Filio
1188 4949 1372 5002 carnis
1397 4946 1681 5002 humilitas
1699 4947 1978 5014 adoretur,

336 5037 586 5108 immisit
629 5038 814 5096 carnis
868 5036 1154 5092 humilitas
1205 5035 1511 5108 adoptatur.
1562 5034 1672 5090 Sed
1722 5039 1780 5088 et
1828 5035 1982 5092 sicut

336 5141 470 5200 mox
499 5123 680 5185 lector
710 5123 985 5191 inveniet,
1018 5141 1348 5180 sermonem
1384 5123 1532 5179 Flori
1565 5124 1635 5178 de
1682 5123 1978 5194 prmdesti-

335 5213 569 5275 natione
600 5213 883 5288 nuperius
911 5212 1132 5270 editum
1168 5231 1282 5268 non
1315 5210 1534 5266 incerto
1567 5211 1779 5265 indicio
1801 5212 1979 5266 credi-

335 5317 469 5358 mus
496 5303 899 5376 depravatum.

405 5389 467 5444 In
489 5389 676 5463 capite
696 5389 1088 5446 indiculorum
1113 5387 1414 5460 sequentis
1436 5385 1626 5458 operis
1649 5405 1978 5444 sermonem

331 5475 506 5544 Flori,
539 5495 714 5551 quem
747 5481 1051 5534 mutuante
1083 5474 1416 5543 Ilcriboldo,
1449 5476 1746 5546 quondam
1784 5477 1979 5532 Antis-

328 5565 757 5624 siodorensium
783 5565 1098 5624 venerabili
1129 5563 1422 5637 episcopo,
1456 5562 1515 5618 in
1547 5564 1813 5636 synodali
1843 5583 1979 5622 con-

2104 3549 2282 3605 gnare
2315 3531 2674 3588 curabimus.
2700 3532 2806 3588 Ubi
2839 3531 2998 3588 enim
3029 3533 3173 3590 dicit
3205 3550 3218 3588 :
3252 3557 3281 3584 ‹‹
3306 3534 3416 3590 Sed
3446 3550 3594 3606 quos
3616 3551 3763 3607 pra:-

2103 3620 2271 3677 scivit
2286 3624 2344 3676 et
2360 3619 2622 3692 prmvidit
2642 3620 2828 3676 malos
2851 3625 3024 3694 atque
3047 3621 3504 3695 impiosfuturos
3525 3621 3762 3694 preprio

2101 3709 2261 3778 vitio,
2294 3709 2418 3781 ipse
2465 3726 2564 3764 eos
2609 3709 3043 3781 praadestinavit
3098 3711 3172 3766 ad
3212 3715 3488 3766 aeternam
3520 3711 3762 3766 damna-

2101 3797 2762 3870 tionemjustojudicio;
2790 3820 2817 3847 ››
2840 3797 2897 3853 in
2930 3797 3032 3854 illa
3062 3797 3253 3855 rotula
3275 3798 3560 3872 scriptum
3581 3798 3761 3854 habe-

2101 3891 2198 3942 tur
2227 3904 2404 3959 quam
2435 3887 2504 3942 de
2523 3885 2833 3942 Heriboldo
2865 3885 3200 3959 accepimus
3233 3903 3247 3944 :
3283 3911 3311 3938 ‹‹
3347 3887 3458 3944 Sed
3489 3885 3628 3960 quia
3654 3893 3759 3944 eos

2102 3975 2392 4049 prmscivit
2419 3979 2476 4031 et
2507 3975 2769 4047 praevidit
2821 3974 3006 4030 malos
3057 3980 3234 4049 atque
3285 3975 3498 4049 impios
3525 3977 3757 4032 futuros

2102 4063 2334 4136 proprio
2381 4063 2542 4130 vitio,
2577 4063 3006 4134 praedestinavit
3048 4064 3120 4120 ad
3183 4068 3460 4120 aeternam
3505 4064 3756 4119 damna-

2099 4153 2340 4221 tionem,
2367 4169 2484 4224 qua
2512 4151 2624 4224 ipsi
2657 4151 3008 4223 punirentur
3039 4152 3206 4223 justo
3243 4151 3491 4225 judicio.
3530 4173 3557 4202 ››
3591 4152 3663 4206 Et
3692 4151 3756 4208 in

2099 4258 2166 4298 eo
2198 4241 2322 4296 loco
2353 4241 2454 4296 ubi
2485 4241 2770 4312 scriptum
2801 4244 2928 4296 est:
2956 4264 2983 4290 ‹‹
3008 4240 3133 4296 Non
3167 4239 3324 4296 enim
3355 4239 3451 4294 ille
3495 4238 3756 4311 aliquem

2098 4329 2533 4402 praedestinavit
2565 4333 2629 4383 ut
2655 4328 2846 4384 malus
2875 4332 3050 4394 esset,
3073 4328 3174 4384 sed
3205 4343 3336 4382 vere
3364 4343 3599 4382 omnem
3632 4344 3756 4382 ma-

2098 4417 2221 4472 lum
2247 4415 2683 4488 praedestinavit
2713 4421 2778 4471 ut
2807 4414 3136 4488 impunitus
3168 4431 3285 4470 non
3316 4418 3505 4482 esset;
3539 4437 3566 4465 ››
3598 4414 3754 4471 inve-

2098 4505 2295 4560 nimus
2323 4504 2382 4560 in
2411 4503 2600 4560 rotula
2628 4521 2807 4576 quam
2839 4521 2875 4560 a
2909 4503 3185 4576 praedicto
3235 4502 3545 4560 Heribeldo
3581 4520 3754 4559 acce-

2097 4593 2294 4666 pimus
2325 4609 2339 4648 :
2378 4615 2404 4641 α
2437 4593 2547 4648 Sed
2577 4609 2706 4647 vere
2734 4591 3168 4664 prmdestinavit
3188 4595 3526 4664 pcenam,ut
3557 4591 3754 4647 omnis

2095 4681 2287 4737 malus
2317 4679 2644 4753 impunitus
2669 4697 2786 4736 non
2817 4683 2990 4737 esset.
3009 4698 3038 4730 »ι
3072 4679 3237 4746 Quod
3267 4679 3328 4751 in
3360 4678 3747 4752 sequentibus

2092 4769 2220 4844 ipse
2249 4769 2612 4826 demonstrat
2640 4768 2842 4824 dicens
2865 4785 2879 4823 :
2906 4791 2934 4820 «
2961 4768 3198 4824 Poenam
3247 4784 3449 4824 eorum
3499 4771 3560 4824 et
3597 4784 3748 4840 prrs-

2015 4845 2062 4908 Π
2092 4859 2294 4924 scisse,
2327 4858 2468 4930 quia
2497 4857 2651 4913 Deus
2680 4860 2862 4924 est,et
2890 4855 3519 4928 praedestinasse,quia
3541 4855 3744 4926 justus

2088 4949 2197 5000 est.
2225 4945 2492 5000 »Ca3tera
2519 4942 2788 5000 catholici
2842 4941 3076 4998 lectoris
3112 4941 3342 5014 judicio
3387 4940 3742 5013 derelinqui-

2089 5050 2244 5088 mus.
2274 5033 2385 5088 Sed
2419 5032 2633 5088 idcirco
2664 5031 2821 5086 hunc
2865 5045 3197 5085 sermonem
3245 5045 3316 5085 ex
3362 5029 3588 5102 integro
3638 5046 3742 5101 po-

2089 5139 2223 5177 nere
2255 5119 2649 5176 neccssarium
2680 5117 3137 5190 duximus,quia
3165 5133 3234 5173 ex
3261 5133 3328 5174 eo
3373 5117 3654 5174 conﬁctor
3681 5115 3744 5172 in

2085 5209 2348 5281 proximo
2372 5208 2864 5280 subsequentium
2895 5205 3294 5278 capitulorum
3326 5207 3445 5262 duo
3489 5203 3749 5276 capitula

2089 5299 2159 5354 de
2190 5296 2553 5370 praescientia
2581 5301 2638 5352 ct
2665 5294 3196 5368 praedestinatione,
3232 5295 3476 5352 confuso
3505 5298 3563 5348 et
3601 5310 3745 5366 prae-

2086 5391 2316 5459 postero
2347 5385 2568 5451 ordine,
2600 5401 2667 5440 ac
2689 5401 2866 5440 sensu
2898 5382 3241 5451 falsissimo,
3266 5383 3325 5438 in
3359 5381 3616 5438 secundo
3646 5397 3744 5437 ca-

2085 5474 2268 5547 pitulo
2299 5473 2524 5529 studuit
2544 5472 2878 5544 compilare.
2905 5472 3058 5530 sicut
3088 5473 3188 5545 qui
3212 5471 3370 5528 hunc
3394 5474 3454 5526 et
3475 5468 3579 5526 illa
3598 5468 3746 5542 lege.

2089 5563 2165 5619 rit
2195 5567 2388 5635 aperte
2419 5561 2724 5635 intelliget.
