4042 6188
273 321 358 379 65
994 323 1096 383 DE
1141 323 1904 384 PR/EDESTINATIONE
1951 325 2470 387 DlSSERTATIO
2512 327 2976 390 POSTERIOR.
3608 337 3686 397 66

273 453 339 532 in,
362 451 598 532 Pelagio
615 453 915 532 damnatis
936 454 1613 532 universalitcr_Ecclesia
1633 474 1934 532 consenseo
1963 461 2014 526 Α
2048 458 2204 513 tione
2233 460 2499 530 sequenti
2540 477 2711 531 opere
2751 460 2966 532 smpius
3015 461 3262 519 facimus
3307 464 3687 532 mentionem,

273 525 370 599 rit,
391 525 672 599 sategerit
693 529 866 597 atque
887 525 1322 598 subscripserit,
1342 527 1468 599 haec
1491 531 1682 583 tamen
1709 528 1931 599 specia-

271 596 393 652 lius
426 596 712 671 adfersus
732 596 866 653 eum
886 596 1138 671 ejusque
1164 597 1500 671 complices,
1525 615 1628 670 per
1654 596 1931 671 apostoli-

269 685 404 743 eam
424 668 938 743 se_dem,_instantia
954 669 1278 743 beatissimi
1292 668 1508 725 Aurelii
1522 668 1788 743 Carthagi
1800 687 1934 725 nen-

267 739 353 794 sis
396 739 684 812 episcopi,
726 744 902 812 atque
941 741 1274 812 Augustini.
1308 757 1442 796 cum
1485 741 1617 796 aliis
1657 739 1926 797 trecentis

267 811 725 893 quattuordecim
755 811 1066 893 episcopis,
1090 812 1321 893 abnejus
1349 813 1713 893 pravissimis
1745 813 1930 868 sensi-

267 881 402 957 bus
417 887 608 947 eruta,
640 881 1034 957 vindicata—et
1067 882 1274 957 multis
1309 881 1426 957 tam
1459 884 1722 957 epistolis
1753 901 1930 956 quam

267 951 446 1028 libris
495 959 619 1014 toto
649 955 1085 1028 orbe‘vulgatis.
1119 954 1312 1009 omnis
1361 951 1648 1028 hodieque
1694 951 1931 1028 gaudet,

269 1025 612 1098 conﬁtetur,
636 1025 931 1098 praedicat,
953 1030 1010 1081 et
1057 1029 1236 1091 tenet,
1270 1031 1445 1098 atque
1472 1025 1710 1082 tenebit
1741 1027 1932 1082 Eccle-

268 1096 380 1151 sia.
410 1096 514 1170 His
536 1096 1807 1170 periomniarconsentaneam,'prmdicabilem
1832 1116 1932 1170 pa-

269 1168 616 1241 ternitatem
637 1168 1179 1241 lraternitatemque
1199 1168 1449 1223 vestram
1473 1170 1661 1241 gratia
1680 1187 1812 1241 supt
1830 1168 1936 1224 ina

266 1239 556 1294 invictam
581 1244 756 1312 atque
784 1239 1176 1312 praevalidam,
1201 1245 1258 1293 et
1283 1257 1390 1293 suo
1413 1239 1653 1295 munere
1674 1239 1929 1311 gauden-

268 1317 388 1365 tem
425 1311 714 1384 perpetim
749 1328 1089 1366 conservare
1120 1311 1416 1383 dignetur.

336 1453 651 1526 Cmterum
685 1452 1044 1526 multiplices
1077 1469 1143 1508 ac
1173 1457 1470 1526 tortuosae
1519 1457 1571 1509 ct
1621 1458 1935 1511 venenatas

267 1523 600 1580 sententias
631 1523 1018 1594 Gothescalci,
1053 1526 1225 1597 cuius
1263 1525 1463 1580 debita
1493 1542 1625 1580 cum
1667 1542 1932 1581 exsecra-

2040 547 2138 603 sed
2172 553 2228 601 et
2257 548 2634 620 eomplicium
2665 551 2793 621 ejus
2837 568 3055 624 agones
3085 553 3388 622 pestiferos
3420 554 3514 611 hic
3545 573 3688 628 pra:-

2041 654 2253 708 ponere
2286 654 2400 690 non
2433 639 2828 694 necessarium
2861 639 3160 706 duximus,
3183 641 3321 712 quia
3347 643 3482 699 licet
3511 646 3687 716 pesti-

2039 724 2166 779 lens
2188 742 2388 780 eorum
2411 727 2678 782 doctrina
2697 745 2766 782 ex
2786 728 3105 800 aliquantis
3129 747 3190 785 se
3216 731 3274 784 in
3297 732 3524 787 diversa
3543 735 3690 790 scin-

2038 813 2140 867 dat
2168 813 2402 881 itinera,
2435 816 2504 870 de
2536 817 3044 888 praedestinatione
3087 823 3280 874 tamen
3313 821 3690 892 reproborum

2041 902 2110 957 ad
2149 903 2473 970 interitum,
2505 910 2563 959 et
2593 907 2746 978 quod
2782 907 2939 962 Deus
2988 924 3102 962 non
3162 923 3367 963 omnes
3425 909 3694 966 homines

2039 991 2164 1048 vult
2183 993 2373 1048 salvos
2399 993 2541 1060 ﬁeri,
2567 995 2666 1050 sed
2692 1012 2792 1050 eos
2813 997 3224 1052 tantummodo
3246 997 3346 1069 qui
3371 997 3695 1071 salvantur,

2039 1087 2096 1137 et
2125 1081 2265 1154 quia
2296 1101 2410 1138 non
2446 1101 2548 1156 pro
2579 1084 2857 1140 omnibus
2889 1102 3102 1156 passus
3133 1085 3232 1152 sit,
3259 1087 3413 1142 unde
3442 1103 3696 1158 opuscu-

2041 1170 2163 1225 lum
2197 1173 2566 1244 subsequens
2596 1173 3018 1229 catholicorum
3050 1174 3378 1231 doctrinam
3409 1176 3700 1232 sufficien-

2043 1264 2132 1314 ter
2151 1260 2425 1324 ostendit,
2448 1262 2782 1332 conspirare
2805 1267 3214 1330 noscuntur,et
3233 1268 3436 1320 contra
3456 1265 3696 1336 eosjam

2043 1348 2388 1420 singillatim
2422 1349 2479 1403 in
2521 1348 2651 1403 aliis
2699 1349 2914 1406 libellis
2969 1357 3104 1407 ante
3164 1351 3270 1407 hos
3328 1353 3494 1422 actis,
3527 1359 3699 1426 prout

2044 1437 2331 1492 Dominus
2371 1437 2551 1505 dedit,
2586 1437 2844 1493 laborem
2883 1433 3302 1511 impendimus,
3335 1441 3491 1497 sicut
3519 1441 3570 1497 ei
3603 1442 3698 1498 cui

2043 1519 2281 1581 libuerit
2309 1525 2398 1581 vel
2431 1525 2660 1581 licuerit
2689 1531 2884 1598 patere
2913 1527 3149 1584 valebit.

1489 1792 2491 1906 HING'MABI

1580 1991 2026 2038 ARCHIEPISCOPI
2071 1993 2420 2037 RDEMENTIS

631 2125 771 2274 DE
839 2124 1852 2278 PR/EDESTINATIONE
1926 2123 2103 2274 DEI
2180 2125 2307 2272 ET
2377 2123 2769 2273 ΗΒΕΒο
2835 2123 3345 2274 ARBITRIO

1367 2367 1908 2436 POSTEIllOll
1998 2365 2629 2434 DlSSERTATlO

1097 2504 1397 2566 Adversus
1427 2508 1918 2568 GOTIIESCALCUM
1947 2514 2004 2566 et
2026 2513 2264 2564 cazteros
2297 2502 2881 2564 Prmdestinatz’anos.

673 2745 724 2812 ί
773 2751 1122 2809 EPISTOLA
1159 2753 1254 2808 AD
1294 2753 1564 2809 REGEM.

339 2835 605 2892 Domino
625 2835 855 2890 Caaoco
885 2833 1006 2906 regi
1028 2832 1282 2906 glorioso
1313 2834 1682 2900 Hmcmaaus.
1707 2835 1942 2889 nomine

280 2918 392 2980 non
425 2924 646 2979 merito
680 2923 1037 2978 Rhemorum
1061 2923 1393 2995 episcopus,
1419 2940 1486 2978 ac
1518 2924 1704 2996 plebis
1736 2923 1833 2979 Dei
1867 2923 1944 2978 fa-

283 3011 504 3082 mulus,
533 3028 657 3067 una
686 3027 819 3066 eum
853 3007 1091 3083 collegis
1123 3010 1379 3066 dominis
1400 3016 1458 3067 et
1487 3013 1763 3067 fratribus
1795 3012 1942 3067 meis

277 3101 636 3158 venerandis
694 3099 1004 3172 episcopis,
1063 3099 1392 3156 oratoribus
1451 3100 1673 3156 scilicet
1734 3101 1942 3156 salutis

280 3196 458 3263 atque
491 3188 904 3262 prosperitatis
932 3192 1137 3243 vestra:
1164 3187 1404 3245 devotis.

350 3280 554 3352 Nuper
572 3277 774 3350 elapso
797 3294 996 3333 mense
1015 3276 1210 3345 Junio,
1231 3295 1334 3350 per
1355 3278 1736 3335 Indictionem
1762 3278 1941 3352 septi-

281 3385 463 3435 mam,
499 3375 658 3423 anno
708 3367 1135 3422 Incarnationis
1183 3367 1498 3422 Dominicze
1537 3368 1662 3435 859,
1695 3369 1941 3424 dedistis

283 3457 452 3512 nobis
469 3457 744 3529 quaedam
767 3454 1043 3526 capitula,
1059 3455 1211 3510 sicut
1231 3459 1442 3510 nostra:
1459 3456 1687 3512 dixistis
1709 3456 1943 3512 humili-

282 3545 407 3612 tati,
443 3563 478 3600 a
509 3543 780 3616 Remigio
823 3542 1290 3599 reverentissimo
1333 3544 1817 3616 Lugdunensium
1849 3563 1940 3601 ar-

280 3633 657 3706 chiepiscopo
677 3635 882 3688 vestra:
905 3637 1170 3704 porrecta
1189 3632 1560 3699 sublimitati,
1577 3633 1854 3704 jubentcs
1877 3639 1943 3690 ut

279 3727 548 3794 tempore
578 3738 840 3794 congruo
870 3721 940 3776 de
970 3720 1064 3776 his
1091 3721 1255 3776 vobis
1288 3722 1667 3777 redderemus
1700 3740 1940 3795 respon-

278 3821 438 3877 s‘um,
469 3809 521 3865 si
553 3810 867 3865 unanimes
899 3827 1014 3864 uno
1045 3826 1143 3864 ore
1175 3811 1515 3865 eorumdem
1548 3811 1939 3884 capitulorum

279 3899 484 3956 sensui
505 3899 1030 3954 concordaremus:
1053 3917 1124 3954 an
1145 3900 1285 3972 quia
1299 3899 1464 3954 vobis
1487 3917 1520 3954 a
1539 3917 1686 3955 cana
1702 3901 1940 3955 Patrum

280 3989 397 4044 ﬁde
420 3989 478 4044 in
500 3988 860 4061 quibusdam
880 3987 1192 4044 dissentire
1213 3988 1581 4056 videbantur,
1602 3993 1802 4044 noster
1817 4006 1942 4044 sen-

283 4096 410 4144 sus,
432 4095 612 4152 quem
645 4095 679 4132 a
707 4069 992 4132 catholico
1013 4077 1247 4133 tramite
1277 4095 1393 4133 non
1423 4078 1651 4134 deviare
1673 4078 1942 4134 credeba-

280 4167 380 4235 tis,
398 4167 472 4222 ah
493 4167 581 4224 eis
605 4167 664 4222 in
689 4165 887 4238 aliquo
907 4165 1238 4238 dissideret,
1258 4171 1570 4239 sequentes
1591 4171 1648 4223 et
1668 4168 1938 4240 praecepti

282 4256 518 4312 Domini
541 4249 900 4328 jussiohem,
935 4259 992 4311 et
1021 4254 1416 4311 Christianam
1447 4257 1941 4329 przedcccssorum

281 4350 614 4402 vestrorum
647 4344 1153 4401 consuetudinem.
1179 4344 1282 4400 Est
1299 4343 1457 4401 enim
1479 4348 1537 4400 et
1557 4344 1771 4400 divinis
1793 4344 1940 4418 legi-

283 4435 396 4490 bus
427 4439 696 4500 cautum,
714 4437 772 4489 et
800 4433 992 4506 prisco
1022 4433 1380 4489 anteriorum
1413 4433 1746 4507 principum
1779 4453 1941 4492 more

282 4527 542 4591 suetum,
559 4525 625 4578 ut
641 4522 1106 4594 quotiescunque
1127 4520 1186 4577 in
1209 4522 1496 4578 catholica
1512 4523 1626 4578 ﬁde
1640 4523 1726 4579 vel
1746 4523 1942 4581 divina

283 4611 564 4684 religione
595 4611 878 4683 quiddam
911 4611 1042 4667 novi
1074 4611 1396 4679 emerserit,
1421 4629 1454 4666 a
1475 4611 1783 4685 principali
1813 4631 1941 4670 sen-

279 4701 467 4756 tentia
497 4700 910 4772 episcoporum
941 4699 1235 4756 consultui
1271 4701 1574 4768 referatur,
1591 4705 1648 4756 et
1671 4703 1824 4773 quod
1851 4719 1940 4759 eo-

281 4807 416 4844 rum
429 4787 1123 4861 judicio,Scripturarum
1145 4791 1481 4843 sanctarum
1505 4789 1941 4860 auctoritate,et

279 4877 742 4933 orthodoxorum
759 4877 806 4932 2
823 4877 1241 4949 magistrorum
1256 4876 1721 4949 doctrina,atque
1739 4895 1942 4933 secun-

281 4967 428 5020 dum
447 4965 857 5021 auctoritatem
881 4965 1317 5025 canonicam.et
1339 4964 1570 5019 decreta
1593 4966 1937 5036 pontificum

283 5053 929 5120 Romanorum,Christi
952 5054 1050 5109 Dei
1083 5054 1268 5109 nostri
1289 5052 1485 5108 vicarii
1509 5057 1566 5108 et
1590 5059 1804 5109 sancta:
1827 5056 1936 5110 Ec-

281 5141 476 5198 clesiae
507 5141 792 5216 praesules
822 5143 1198 5211 credendum,
1223 5141 1610 5214 sequendum,
1645 5147 1702 5198 et
1731 5148 1938 5200 tenen-

281 5233 450 5297 dum,
474 5236 650 5304 atque
680 5231 1116 5304 praedicandum
1149 5230 1526 5298 decreverint,
1555 5230 1613 5286 id
1646 5233 1717 5288 ad
1749 5235 1936 5289 omni-

284 5319 396 5374 bus
419 5319 592 5376 corde
616 5319 892 5376 credatur
919 5320 992 5376 ad
1018 5319 1334 5392 justitiam,
1357 5335 1454 5374 ore
1485 5320 1834 5376 confiteatur
1863 5325 1936 5378 ad

282 5407 558 5477 salutem,
579 5414 870 5482 sequatur
887 5410 956 5464 ad
981 5409 1361 5474 vocationem,
1387 5412 1657 5463 teneatur
1673 5411 1744 5465 ad
1767 5427 1936 5468 coro-

1976 2755 2024 2820 B
2053 2751 2223 2818 lensi,
2255 2751 2311 2806 in
2342 2751 2478 2806 villa
2499 2769 2626 2824 quae
2656 2749 2870 2806 dicitur
2899 2748 3272 2821 Saponarias,
3292 2753 3425 2806 ante
3452 2748 3701 2804 biduum

2051 2859 2228 2913 quam
2257 2841 2420 2896 vobis
2462 2845 2725 2912 porrecta
2763 2838 3000 2904 fuerint,
3035 2842 3175 2893 sunt
3214 2839 3480 2906 recitata,
3511 2837 3702 2910 profe-

2052 2934 2212 2985 rente
2243 2934 2300 2984 et
2329 2931 2654 3001 deponente
2686 2944 2755 2982 ea
2784 2926 3005 2999 synodo
3027 2926 3243 2982 domno
3267 2926 3530 2998 Remigio
3558 2927 3706 2999 Lug-

2053 3017 2410 3072 dunensium
2461 3015 2898 3088 archiepiscopo
2932 3031 2946 3070 :
2981 3031 3109 3086 quas.
3161 3013 3314 3069 sicut
3355 3013 3520 3082 dixit,
3553 3019 3612 3070 et
3641 3013 3702 3070 in

2051 3107 2472 3179 epigrammate
2493 3104 2839 3160 eorumdum
2859 3100 3251 3174 capitulorum
3269 3101 3621 3166 continetur,
3640 3101 3700 3156 in

2053 3195 2160 3250 hoc
2189 3195 2316 3267 ipso
2348 3211 2522 3261 anno,
2548 3193 2607 3246 in
2632 3189 2903 3246 Kalendis
2925 3188 3309 3244 nihilominus
3335 3189 3554 3244 ibidem
3578 3188 3703 3244 des-

2051 3284 2275 3356 criptis,
2301 3287 2359 3338 et
2387 3283 2446 3337 in
2477 3279 2762 3337 suburbio
2797 3276 3124 3350 Lingonicaa
3149 3277 3312 3333 urbis
3344 3278 3414 3332 ad
3445 3275 3700 3334 instruc-

2053 3373 2269 3427 tionem
2293 3369 2580 3426 Dominici
2602 3365 2801 3442 pepuli
2821 3367 2948 3440 ipse
2968 3370 3026 3422 et
3047 3365 3158 3421 sibi
3183 3365 3715 3437 comprovinciales_

2050 3459 2322 3534 Episcopi
2354 3459 2683 3516 ediderunt.
2704 3457 2772 3512 Et
2803 3456 2861 3510 in
2892 3455 3149 3510 crastina
3179 3453 3294 3510 alia
3324 3455 3591 3526 quadam
3614 3471 3704 3511 ca-

2051 3549 2334 3623 pitula,de
2355 3549 2574 3621 quibus
2595 3551 2727 3618 post
2745 3543 2996 3600 locuturi
3021 3560 3250 3613 sumus,
3273 3543 3484 3598 relecta
3508 3543 3698 3599 fuere:

2050 3656 2228 3711 super
2243 3634 3004 3710 quibus,sicutquibusdam
3023 3649 3091 3688 ex
3109 3631 3390 3687 fratribus
3404 3632 3594 3687 visum
3613 3635 3704 3687 est

2050 3727 2441 3800 quorumdam
2467 3741 2676 3780 sensus
2707 3727 2798 3778 est
2827 3726 3046 3777 motus.
3066 3721 3211 3776 Nam
3245 3724 3311 3775 ut
3330 3737 3482 3788 vere,
3507 3725 3564 3776 et
3594 3737 3700 3774 nos

2051 3818 2361 3881 fateamur,
2381 3818 2591 3869 nostra:
2623 3809 2990 3867 conscientiae
3021 3826 3199 3880 super
3226 3808 3452 3880 pridem
3475 3808 3698 3880 capitu-

2051 3905 2143 3974 lis,
2159 3922 2286 3977 quze
2309 3909 2372 3959 ut
2391 3901 2648 3958 diximus
2665 3899 2968 3972 Remigius
2984 3897 3461 3969 archiepiscopus
3480 3897 3700 3969 synodo

2051 3995 2518 4067 praesentavcrat,
2535 3986 3236 4054 recitatis,catholicorum
3259 3986 3330 4041 ad
3356 3985 3699 4042 memoriam

2051 4083 2396 4139 reducentes
2445 4081 2748 4135 doctorum
2799 4075 3165 4144 traditiones,
3218 4092 3333 4130 non
3379 4073 3607 4130 modice
3637 4091 3702 4130 se

2051 4173 2495 4228 concusserunt.
2521 4167 2684 4224 Unde
2725 4170 3058 4222 nostrorum
3092 4163 3331 4236 quidam
3365 4162 3500 4218 fidei
3537 4161 3699 4218 Chri-

2049 4260 2254 4317 stiana:
2285 4257 2406 4314 zelo
2437 4255 2704 4313 succensi
2743 4253 2943 4326 aliqua
2978 4253 3200 4325 synodo
3229 4251 3458 4307 voluere
3489 4267 3700 4323 sugge-

2051 4367 2176 4406 rere
2201 4367 2214 4404 :
2239 4349 2339 4404 sed
2375 4351 2566 4403 motus
2590 4343 2773 4400 nostri
2795 4344 2868 4399 ab
2901 4341 3106 4398 eodem
3127 4338 3439 4396 venerabili
3471 4335 3699 4394 archie-

2050 4438 2288 4512 piscopo
2311 4435 2574 4509 Remigio
2597 4429 3081 4506 Lugdunensium
3105 4431 3245 4484 sunt
3266 4426 3528 4484 modeste
3547 4443 3702 4483 com-

2048 4527 2227 4600 positi
2250 4543 2263 4580 :
2287 4544 2354 4582 eo
2375 4521 2784 4580 venerabiliter
2803 4522 3130 4592 perorante.
3149 4521 3214 4573 ut
3234 4516 3283 4572 si
3305 4533 3700 4589 quorumcun-

2050 4633 2164 4688 que
2180 4619 2513 4669 nostrorum
2533 4626 2743 4666 sensus
2759 4609 2830 4664 ab
2849 4606 3070 4664 eisdem
3088 4605 3330 4680 prolatis
3345 4603 3618 4678 capitulis
3637 4604 3698 4662 in

2049 4705 2245 4776 aliquo
2265 4700 2671 4758 dissentiendo
2691 4716 2753 4754 se
2783 4700 3194 4762 commoveret,
3217 4695 3289 4751 ad
3321 4695 3580 4768 proxime
3607 4695 3697 4750 fu-

2049 4799 2242 4849 turam
2276 4791 2563 4864 synodum
2589 4786 3011 4844 catholicorum
3041 4785 3226 4841 libros
3247 4785 3551 4841 doctorum
3575 4784 3699 4858 qui-

2047 4899 2161 4956 que
2182 4882 2404 4937 deferrc
2426 4882 2799 4947 curemus,et
2819 4877 2973 4932 sicut
3002 4876 3214 4932 melius
3243 4876 3569 4931 secundum
3601 4891 3696 4931 ca-

2049 4971 2167 5027 thol
2179 4971 2324 5025 icam
2340 4974 2396 5025 et
2409 4968 2788 5042 apostolicam
2803 4966 3128 5023 doctrinam
3145 4965 3204 5020 in
3220 4982 3530 5022 commune
3547 4964 3696 5020 inve-

2047 5061 2331 5126 nerimus,
2354 5060 2425 5114 dc
2445 5064 2648 5114 cmtero
2670 5074 2876 5111 omnes
2906 5054 3266 5111 unanimiter
3283 5060 3608 5110 teneamus.
3631 5053 3692 5108 In

2047 5149 2217 5222 cujus
2261 5147 2581 5212 devotione,
2609 5145 3206 5218 coepiscoporumque
3253 5144 3440 5215 ipsius
3485 5141 3692 5196 dicece-

2046 5254 2456 5310 scos,quorum
2475 5235 2650 5290 etiam
2669 5238 2726 5289 et
2743 5239 2877 5290 ante
2894 5234 3321 5289 ordinationem
3338 5234 3592 5286 mentem
3605 5246 3694 5284 ca-

2045 5327 2323 5383 tholicam
2343 5330 2516 5398 atque
2537 5322 2884 5390 doctrinam,
2900 5323 3053 5378 sicut
3072 5326 3129 5376 et
3149 5337 3248 5375 vos
3278 5335 3394 5374 non
3416 5317 3575 5386 latet,
3590 5334 3690 5374 co—

2045 5417 2375 5491 gnovimus,
2391 5419 2677 5487 quantum
2702 5411 2901 5469 sensui
2925 5407 3263 5484 pusillitatis
3284 5409 3493 5462 nostrae
3514 5406 3689 5464 fidem

281 5514 444 5567 nam,
464 5499 817 5570 praedicetur
836 5499 910 5554 ad
931 5497 1184 5554 lucrum.
1209 5499 1342 5564 Quae
1364 5496 1658 5570 siquidem
1680 5501 1936 5572 capitula
1965 5491 2012 5556 D
2044 5505 2486 5560 accommodare
2519 5503 2828 5568 audemus,
2862 5497 3230 5571 percepimus
3272 5494 3412 5568 quia
3457 5513 3572 5552 non
3621 5513 3691 5552 ex

276 5585 341 5642 in
371 5585 665 5642 conventu
696 5588 1108 5661 episcoporum
1135 5586 1336 5642 habito
1371 5586 1426 5639 in
1468 5585 1762 5643 territorio
1793 5589 1930 5645 Tul-

2042 5595 2211 5667 ipsis,
2225 5597 2290 5649 ut
2307 5611 2420 5648 non
2440 5592 2706 5647 dicamus
2725 5607 2827 5662 per
2846 5587 3027 5660 ipsos,
3044 5584 3265 5659 synodo
3282 5584 3540 5660 capitula
3561 5585 3690 5660 ipsa
