4042 6188
329 293 406 384 o7
1247 277 1644 346 HINCMAnI
1691 277 1965 344 RHEME

2075 279 2142 342 IS
2189 279 2810 346 ARCHIEPISCOPI.
3663 289 3742 350 68

330 381 491 477 fuere
513 416 756 492 prolata.
783 381 1144 490 Quapropter
1163 417 1431 488 quamvis
1450 415 1665 472 blande
1688 415 1858 471 sibilo
1879 431 1980 470 eos
2009 416 2054 480 Α
2093 413 2560 487 eolloqueremur
2589 433 2878 485 sermone,
2903 423 2958 474 et
2978 433 3076 473 eos
3100 417 3147 473 si
3171 417 3367 490 alique
3397 419 3570 474 modo
3591 421 3745 476 vale-

329 509 568 582 quidam
593 506 911 562 cbaraxare
933 505 1241 561 voluerunt
1261 505 1332 561 de
1351 523 1418 563 ee
1435 507 1590 576 quod
1615 509 1854 561 sanctus
1873 504 1990 558 Coe-

331 597 584 656 lestinus
600 593 906 667 episcopos
925 593 1256 650 Gallicanos
1273 593 1797 666 redarguit,dicens
1811 593 1984 664 (epist.

331 685 386 758 8)
415 701 466 741 :«
490 683 640 750 Quid
675 681 796 738 illic
819 681 1032 753 inquit,
1059 682 1180 753 spei
1205 685 1312 748 est,
1338 681 1438 737 ubi
1459 681 1760 755 magistris
1789 685 1986 736 tacen-

331 775 486 830 tibus
517 771 577 827 bi
623 771 968 842 loquuntur,
1003 769 1104 842 qui
1138 768 1186 826 si
1220 769 1302 825 ita
1342 775 1432 826 est
1471 787 1672 825 eorum
1713 768 1983 842 discipuli

329 880 442 918 non
478 858 760 916 fuerunt?
785 858 988 913 Timeo
1009 875 1082 913 ne
1107 858 1375 914 cohibere
1395 858 1472 913 sit
1501 858 1610 912 hoc
1639 862 1829 912 tacere
1863 873 1876 911 :
1909 857 1986 910 ti-

328 966 454 1006 meo
487 965 560 1004 ne
601 946 789 1020 magis
825 946 936 1019 ipsi
979 945 1319 1018 loquantur,
1345 945 1443 1018 qui
1483 945 1830 1018 permittunt
1866 945 1984 1000 illis

325 1039 520 1100 taliter
548 1035 728 1108 loqui.
758 1035 820 1090 In
851 1035 1069 1091 talibus
1098 1035 1295 1090 causis
1321 1051 1436 1090 non
1465 1038 1623 1090 caret
1651 1032 1985 1106 suspicione

325 1126 719 1193 taciturnitas,
749 1123 888 1198 quia
917 1127 1247 1179 occurreret
1273 1124 1488 1179 veritas
1519 1123 1566 1179 si
1598 1122 1826 1178 falsitas
1855 1122 1982 1177 dis-

323 1215 584 1288 pliceret.
610 1213 814 1269 Merito
836 1229 1090 1284 namque
1111 1229 1293 1268 causa
1324 1229 1430 1266 nos
1453 1211 1708 1282 respicit,
1733 1211 1782 1264 si
1813 1210 1985 1266 silen-

323 1304 404 1359 tio
437 1305 734 1358 faveamus
764 1301 1005 1357 errori.»
1031 1301 1149 1356 Nos
1174 1305 1369 1355 tamen
1401 1299 1619 1372 plures,
1646 1299 1744 1371 qui
1779 1316 1980 1354 eorum

323 1398 380 1448 et
414 1393 608 1463 fidem,
633 1395 690 1446 et
743 1391 1094 1457 doctrinam,
1141 1393 1198 1444 et
1258 1389 1626 1460 prudentiam
1689 1389 1976 1456 novimus,

324 1481 522 1537 minus
553 1481 613 1536 in
643 1481 726 1536 eis
771 1479 886 1533 ista
925 1477 1303 1532 noscentibus
1343 1478 1693 1532 sententiam
1727 1495 1829 1550 pro
1861 1477 1979 1532 dis-

322 1571 594 1628 sensione
651 1567 926 1640 baptismi
990 1568 1063 1622 de
1130 1567 1299 1622 beate
1341 1567 1648 1640 Cypriane,
1696 1583 1730 1621 a
1776 1571 1978 1622 sancto

319 1660 646 1732 Augustino
695 1657 1090 1711 collaudatum
1147 1672 1568 1728 saepenumero,
1599 1655 1657 1710 in
1689 1655 1836 1710 libre
1884 1672 1980 1709 se-

321 1749 512 1804 cunde
561 1749 632 1802 de
681 1745 980 1818 baptismo
1013 1748 1209 1813 (contr.
1247 1747 1440 1801 Donat.
1473 1762 1524 1799 c.
1559 1747 1614 1812 4)
1647 1745 1896 1816 positam
1929 1746 1976 1800 3

319 1834 755 1909 proposuimus.
780 1858 806 1886 ‹‹
831 1834 1131 1900 Quomodo
1181 1833 1360 1900 enim,
1388 1833 1598 1905 inquit,
1625 1833 1815 1906 potuit
1861 1832 1974 1889 ista

319 1944 411 1983 res
431 1925 613 1980 tantis
629 1923 1077 1979 altercationem
1100 1922 1333 1979 nebulis
1354 1922 1616 1978 involuta
1630 1923 1702 1978 ad
1727 1921 1970 1994 pleuarii

319 2013 547 2070 concilii
580 2003 940 2067 luculentam
972 2011 1424 2067 illustratienem
1448 2011 1971 2068 confirmationem-

318 2121 430 2176 quc
463 2102 721 2175 perduci,
745 2099 857 2155 nisi
890 2100 1080 2173 primo
1105 2100 1333 2156 diutius
1361 2117 1465 2172 per
1494 2101 1652 2156 orbis
1682 2105 1967 2156 terrarum

318 2193 583 2266 regiones
615 2189 820 2245 multis
849 2188 985 2244 hinc
1015 2193 1191 2262 atque
1221 2189 1358 2243 hinc
1386 2187 1883 2260 disputationibus
1911 2194 1969 2245 et

317 2279 726 2338 collationibus
747 2277 1152 2350 episcoporum
1187 2281 1476 2348 pertracto
1496 2279 1830 2334 constaret?
1855 2280 1967 2334 lloc

318 2375 513 2427 autem
546 2368 683 2424 facit
711 2368 935 2423 sanitas
956 2367 1138 2438 pacis,
1163 2371 1228 2421 ut
1251 2383 1385 2421 cum
1409 2365 1635 2422 diutius
1655 2367 1856 2438 aliqua
1871 2367 1968 2422 ob-

317 2461 582 2516 scuriora
611 2461 972 2530 quaeruntur,
999 2460 1056 2511 et
1087 2459 1324 2528 propter
1353 2454 1679 2510 inveniendi
1713 2455 1964 2511 difficul-

314 2551 492 2604 tatem
525 2547 784 2602 diversas
843 2544 1082 2617 pariunt
1128 2543 1188 2598 in
1239 2544 1490 2598 fraterna
1543 2543 1964 2615 disceptatione

315 2635 660 2705 sententias,
683 2635 866 2690 donec
899 2634 968 2688 ad
1014 2650 1216 2688 verum
1249 2631 1538 2702 liquidum
1573 2633 1960 2704 perveniatur,

317 2723 614 2781 vinculum
653 2726 992 2796 permaneat
1022 2721 1288 2789 unitatis,
1312 2737 1384 2775 ne
1421 2719 1479 2774 in
1521 2724 1684 2791 parte
1724 2720 1964 2792 praecisa

316 2817 616 2870 remaneat
635 2811 961 2868 insanabile
981 2809 1194 2866 vulnus
1215 2809 1449 2865 erroris.
1472 2809 1542 2864 Et
1562 2809 1690 2864 ideo
1712 2809 1964 2881 plerum-

313 2919 428 2974 que
458 2901 817 2957 doctioribus
849 2899 1046 2954 minus
1077 2899 1298 2971 aliquid
1331 2897 1638 2964 reveletur,
1669 2903 1732 2952 ut
1759 2915 1959 2953 eorum

313 2991 542 3064 patiens
579 2994 636 3046 et
666 2988 908 3044 humilis
948 2987 1223 3054 Charitas,
1247 2987 1306 3042 in
1339 3004 1456 3058 qua
1505 2987 1730 3042 fructus
1775 2988 1962 3058 major

311 3083 418 3147 est,
453 3079 882 3150 comprobatur,
915 3076 1001 3132 vel
1049 3077 1342 3148 quomodo
1391 3079 1628 3130 teneant
1675 3075 1957 3130 unitatem

2098 519 2296 558 remus
2327 504 2396 558 ab
2429 503 2538 559 hac
2569 522 2746 576 prava
2774 505 3095 562 intentione
3138 506 3212 560 ad
3263 505 3559 562 catholicae
3611 507 3749 564 ﬁdei

2097 591 2382 647 unitatem
2409 597 2752 666 cooperante
2768 594 3014 650 Domino
3037 611 3460 651 revocaremus.
3476 596 3585 652 Sed
3610 595 3752 670 quia

2095 680 2310 751 partim
2341 682 2824 753 occupationibus
2855 682 3176 755 prmpediti,
3211 683 3426 756 partim
3457 689 3653 740 autem
3687 685 3748 740 in

2094 769 2368 825 fraternis
2413 770 2790 826 suasionibus
2821 772 3020 828 minus
3051 789 3230 844 quam
3272 788 3510 828 necesse
3561 773 3751 829 fuerat

2094 857 2379 925 obauditi,
2404 876 2504 915 eos
2525 876 2672 932 quos
2694 877 2928 916 monere
2950 861 3356 932 disposuimus
3377 878 3414 916 a
3431 878 3540 916 sua
3558 860 3750 918 inten-

2095 945 2250 1002 tione
2292 964 2558 1004 revocare
2598 948 2972 1020 nequivimus
3006 965 3020 1004 :
3054 950 3190 1006 inde
3219 949 3381 1022 quia,
3413 950 3570 1006 sicut
3605 949 3750 1006 dicit

2090 1035 2424 1108 Apostolus,
2454 1037 2824 1104 Quorumdam
2861 1037 3154 1094 hominum
3192 1046 3409 1110 peccata
3452 1041 3748 1111 manifesta

2089 1132 2237 1192 sunt,
2287 1125 2654 1197 prwcedentia
2709 1126 2779 1181 ad
2819 1127 3133 1199 judicium;
3180 1127 3440 1200 quosdam
3487 1136 3669 1184 autem
3695 1137 3750 1186 et

2088 1213 2513 1286 subsequantur.
2545 1213 2817 1270 Similiter
2843 1223 2895 1272 et
2921 1217 3067 1288 facta
3097 1215 3236 1272 bona
3270 1217 3566 1288 manifesta
3592 1225 3741 1283 sunt,

2088 1310 2140 1357 ct
2165 1317 2290 1374 qua?
2318 1303 2480 1358 aliter
2506 1320 2564 1358 se
2592 1303 2806 1370 habent,
2839 1304 3098 1360 abscondi
3124 1321 3234 1360 non
3266 1313 3494 1376 possunt
3523 1306 3570 1378 (I
3604 1307 3741 1360 Tim.

2088 1409 2142 1458 v,
2175 1393 2266 1458 24,
2296 1395 2410 1460 25),
2435 1393 2578 1448 adeo
2617 1393 3011 1464 quorumdam
3043 1394 3641 1462 exerevitdissensio,
3676 1399 3744 1450 ut

2089 1479 2212 1535 haec
2240 1479 2606 1536 dissonantia
2635 1483 2707 1536 ad
2739 1486 2990 1537 vestram
3023 1482 3349 1554 perveniret
3375 1481 3666 1548 notitiam,
3685 1487 3744 1539 et

2088 1569 2352 1642 synodali
2377 1571 2629 1636 decreto,
2648 1587 2752 1643 pro
2775 1570 2896 1626 zelo
2923 1570 3054 1625 ﬁdei
3077 1575 3133 1626 et
3152 1571 3558 1627 unanimitatis
3579 1588 3740 1627 amo-

2089 1675 2168 1724 re,
2195 1663 2508 1730 antequam
2539 1659 2662 1714 hmo
2693 1658 2862 1714 nobis
2895 1661 3319 1731 perscrutanda
3342 1660 3741 1716 committere-

2089 1746 2184 1812 tis,
2209 1751 2463 1818 quatuor
2491 1746 2750 1818 capitula
2777 1747 3094 1819 episcopali
3126 1753 3176 1804 4
3205 1747 3556 1804 diffinitiene
3576 1749 3743 1805 vobis

2086 1835 2156 1890 de
2174 1834 2594 1890 catholicorum
2615 1836 2850 1891 Patrum
2869 1835 3041 1892 dictis
3065 1836 3346 1910 colligi,et
3367 1837 3740 1910 singulorum

2081 1923 2385 1996 exigeretis
2418 1924 2694 1980 manibus
2743 1924 3026 1980 reborari.
3061 1925 3270 1981 Postea
3292 1941 3428 1982 vero
3451 1917 3537 1982 ‘et
3587 1943 3740 1998 quo-

2081 2013 2353 2068 rumdam
2393 2030 2462 2068 ex
2508 2013 2604 2068 his
2637 2013 2737 2085 qui
2785 2013 3008 2069 eisdem
3041 2013 3316 2086 capitulis
3362 2015 3736 2088 subscripse-

2080 2105 2232 2168 rant,
2259 2106 2316 2156 et
2337 2101 2590 2157 aliorum
2613 2102 2790 2158 etiam
2822 2102 3115 2158 intentum
3135 2107 3226 2159 est
3250 2103 3620 2160 accumulata
3639 2121 3737 2160 ve-

2079 2190 2297 2257 cordia,
2311 2195 2378 2245 ut
2398 2207 2639 2250 necesse
2663 2191 2809 2247 foret
2829 2195 2885 2246 et
2897 2191 3186 2264 jussionis
3203 2196 3406 2248 vestrae
3426 2191 3732 2260 instantia,

2077 2283 2134 2334 et
2164 2279 2554 2336 exsecutionis
2585 2283 2798 2336 nostra:
2821 2280 3175 2348 obedientia,
3200 2279 3337 2336 hinc
3359 2297 3558 2337 eorum
3584 2298 3736 2354 quos

2076 2368 2469 2440 praemisimus
2492 2369 2728 2441 scriptis
2749 2373 2806 2424 et
2829 2369 3330 2442 propositionibus
3349 2369 3586 2426 litterali
3603 2369 3728 2426 effi-

2075 2457 2164 2512 cio
2187 2459 2558 2530 respondere.
2577 2457 2732 2514 Inter
2750 2475 2878 2530 quae
2900 2465 2957 2513 et
2981 2457 3075 2513 his
3096 2457 3530 2530 capitulis,qua3
3554 2458 3724 2514 nobis

2074 2564 2262 2618 nuper
2289 2546 2552 2615 dedistis,
2588 2564 2691 2619 pro
2722 2546 2906 2602 nostri
2939 2545 3218 2619 ingenieli
3251 2547 3590 2620 capacitate,
3611 2549 3722 2603 sub

2074 2636 2368 2691 dubietate
2390 2640 2585 2690 tamen
2609 2635 3020 2709 respOndimus
3036 2652 3049 2690 :
3067 2636 3206 2708 quia
3227 2652 3343 2691 non
3365 2636 3723 2692 credidimus

2074 2728 2139 2778 ut
2174 2725 2383 2779 fratres
2408 2729 2465 2779 et
2483 2723 2809 2796 coepiscepi
2843 2723 3026 2778 nostri
3049 2727 3253 2780 contra
3281 2724 3512 2797 regulas
3543 2724 3722 2781 eccle-

2074 2812 2344 2882 siasticas
2373 2813 2681 2868 adversum
2710 2828 2818 2867 nos
2848 2811 2989 2873 talia
3019 2811 3363 2868 debuissent
3395 2812 3721 2869 conscribe-

2071 2919 2131 2957 re
2154 2919 2168 2957 :
2195 2900 2520 2974 priesertim
2543 2918 2677 2956 cum
2700 2918 2818 2956 non
2849 2899 3188 2974 ignorarent
3218 2900 3536 2958 Dominicis
3555 2901 3728 2958 insti-

2067 2990 2394 3046 tutionibus
2426 2994 2485 3045 et
2533 2989 2762 3062 legibus
2808 2995 3010 3046 sancto
3047 2989 3279 3068 ‘Spiritu
3331 2989 3722 3064 promulgatis

2074 3081 2375 3152 przeﬁxum
2408 3096 2556 3148 esse,
2577 3077 2829 3150 qualiter
2859 3079 2907 3134 si
2939 3078 2998 3132 in
3031 3079 3320 3150 saepefatis
3351 3079 3558 3152 capitis
3587 3079 3724 3135 ﬁdei

311 3186 446 3224 cum
477 3167 537 3224 in
576 3168 750 3222 rebus
797 3165 1242 3222 obscurioribus
1275 3163 1504 3243 diversa
1561 3165 1841 3230 sentiunt,
1876 3163 1961 3218 vel
1993 3147 2036 3212 C
2073 3169 2543 3242 obloqueremur,
2581 3184 2687 3223 nos
2744 3167 3114 3239 compellare,
3165 3171 3222 3222 et
3266 3172 3407 3222 tunc
3455 3168 3720 3241 synodali

315 3257 608 3331 quomodo
637 3255 927 3327 accipiant
962 3254 1266 3310 veritatem
1299 3270 1432 3308 cum
1485 3258 1686 3308 contra
1718 3253 1774 3306 id
1807 3253 1961 3324 quod

311 3345 646 3401 sentiebant
677 3343 1034 3398 declaratum
1066 3358 1196 3397 esse
1225 3346 1604 3414 cognoscunt.
1631 3363 1658 3390 ››

380 3433 656 3490 Sciebant
697 3447 952 3502 namque
989 3429 1167 3486 iidem
1205 3429 1566 3485 venerabiles
1605 3427 1874 3484 catholici
1906 3433 1964 3485 et

306 3522 462 3579 docti
491 3520 619 3589 viri,
648 3519 788 3594 quia
827 3519 889 3574 in
935 3519 1140 3575 multis
1187 3518 1522 3590 regionibus
1551 3535 1618 3574 ac
1649 3517 1961 3591 provinciis

308 3614 430 3669 haec
459 3611 737 3684 pestifera
770 3611 894 3664 erat
925 3611 1283 3663 recemmota
1313 3607 1598 3662 doctrina.
1630 3608 1700 3662 Et
1731 3607 1858 3663 ideo
1891 3607 1963 3662 si-

305 3701 550 3758 lentium
585 3699 640 3754 in
665 3699 791 3754 suis
813 3696 1126 3770 provinciis
1150 3697 1446 3769 imponere
1471 3702 1590 3752 tam
1615 3697 1782 3752 facile
1803 3697 1960 3753 sicut

302 3794 452 3848 forte
481 3791 750 3862 poterant
779 3785 1094 3842 noluerunt
1123 3786 1326 3853 errori,
1351 3786 1534 3840 donec
1565 3786 1636 3840 ad
1669 3785 1958 3857 plurimo-

303 3898 435 3938 rum
463 3877 729 3935 notitiam
751 3879 1028 3949 perventa
1054 3873 1443 3947 plurimorum
1467 3875 1693 3945 judicio
1717 3875 1958 3948 quaestio

301 3970 631 4042 sopiretur:
667 3965 807 4038 quia
836 3970 902 4020 ut
929 3963 1072 4019 dicit
1102 3968 1343 4020 sanctus
1372 3963 1716 4020 Coelestinus
1747 3965 1803 4019 in
1836 3967 1957 4038 epi-

302 4058 454 4114 stola
483 4057 553 4112 ad
589 4053 920 4133 Nestorium
953 4053 1180 4108 directa
1201 4054 1378 4125 (epist.
1401 4055 1436 4107 5
1459 4055 1517 4108 in
1537 4055 1716 4124 ﬁn.),c
1743 4055 1959 4123 Omnes

301 4147 516 4204 debent
545 4160 720 4201 nosse
749 4143 909 4214 quod
962 4141 1179 4214 agitur,
1212 4141 1443 4214 quoties
1486 4142 1748 4197 omnium
1780 4159 1959 4198 causa

300 4239 657 4306 tractatur,»
682 4231 950 4288 videlicet
979 4235 1045 4285 ut
1075 4247 1209 4286 cum
1231 4230 1494 4286 omnium
1527 4231 1584 4286 in
1617 4233 1792 4288 unius
1826 4250 1956 4305 pro-

301 4324 594 4398 positione
627 4321 802 4378 fuerit
825 4319 1079 4376 diffinita
1098 4319 1468 4387 consultatio,
1493 4325 1836 4378 cunctorum
1866 4339 1959 4378 va-

300 4413 416 4469 leat
437 4414 509 4469 ad
535 4429 742 4469 omnes
761 4427 1034 4468 emanare
1064 4409 1298 4465 solutio.
1323 4410 1452 4465 Haec
1474 4411 1678 4466 eadem
1701 4428 1958 4483 namque

2062 3259 2288 3329 judicio
2321 3275 2428 3314 nos
2457 3261 2807 3328 nostrasque
2838 3255 3160 3312 sententias
3190 3273 3224 3311 a
3252 3272 3362 3313 sua
3380 3256 3723 3312 debuissent

2070 3347 2481 3403 communione
2511 3344 2836 3416 explodere.
2871 3345 3037 3400 Nunc
3087 3362 3240 3413 vero,
3263 3345 3402 3416 quia
3430 3345 3568 3400 certi
3620 3362 3722 3399 su-

2070 3453 2225 3508 mus,
2241 3437 2412 3508 cujus
2429 3432 2834 3506 compositioni
2855 3433 3137 3488 debemus
3155 3433 3225 3488 de
3245 3433 3718 3505 szepenominatis

2069 3524 2498 3598 quaestionibus
2517 3523 2888 3595 respondere,
2911 3522 3155 3578 servatis
3186 3521 3535 3578 relationum
3557 3523 3724 3578 abso-

2068 3615 2395 3670 lutionibus
2426 3617 2630 3668 contra
2659 3628 2757 3666 cos
2789 3610 3006 3683 quibus
3037 3627 3072 3666 a
3100 3615 3294 3666 vestra
3321 3610 3721 3667 dominatione

2069 3721 2172 3776 pro
2201 3701 2475 3774 imposito
2509 3699 2676 3756 nobis
2706 3699 3030 3755 ministerio
3053 3699 3211 3771 jussi
3241 3716 3450 3756 sumus
3480 3700 3720 3756 reddere

2067 3792 2375 3858 rationem,
2401 3794 2605 3846 contra
2633 3789 2755 3844 haec
2788 3792 3019 3844 tantum
3042 3788 3317 3860 capitula,
3343 3793 3628 3860 quantum
3649 3805 3721 3844 ex

2068 3881 2238 3938 nobis
2267 3883 2356 3936 est
2383 3895 2518 3934 cum
2540 3877 2818 3933 omnibus
2848 3893 3050 3950 pacem
3074 3876 3375 3946 habentes,
3399 3895 3468 3934 ex
3487 3882 3717 3934 sancta-
3779 3894 3787 3902 ‘

2067 3987 2196 4026 rum
2229 3967 2664 4040 Scripturarum
2690 3965 3056 4033 auctoritate,
3080 3970 3138 4020 et
3157 3965 3579 4022 catholicorum
3612 3967 3720 4022 Pa-

2066 4063 2224 4115 trum
2256 4055 2581 4124 sententiis,
2607 4054 2952 4126 simpliciter
2973 4054 3324 4126 respondere
3343 4055 3716 4125 curabimus;

2067 4153 2130 4204 ut
2159 4148 2253 4202 cui
2288 4148 2433 4202 forte
2464 4145 2663 4200 omnia
2700 4144 2801 4199 illa
2839 4143 3027 4215 legere
3057 4160 3172 4199 non
3203 4142 3434 4199 licuerit
3462 4143 3551 4200 vel
3598 4161 3718 4200 non

2065 4237 2325 4302 libuerit,
2339 4234 2434 4290 hic
2455 4233 2899 4306 compendiosas
2918 4249 3022 4304 pro
3040 4236 3301 4304 tempore
3319 4232 3718 4306 capitulorum

2065 4321 2475 4394 responsiones
2495 4319 2753 4375 inveniat
2779 4337 2792 4375 :
2817 4336 2966 4392 quas
2990 4319 3196 4375 furatis
3225 4319 3450 4376 herulis
3473 4337 3506 4376 a
3527 4320 3718 4376 diver-

2065 4413 2148 4470 sis
2179 4409 2629 4482 occupationum
2661 4407 3262 4479 distensionibus,qui
3285 4407 3716 4480 cogitationum

301 4502 579 4574 capitula,
605 4497 958 4557 sicut-facile
990 4497 1288 4554 reminisci
1320 4498 1582 4571 potestis,
1608 4505 1742 4555 ante
1773 4501 1956 4556 trien-
1987 4517 2034 4582 D
2064 4503 2239 4558 ferias
2269 4517 2384 4555 non
2418 4498 2724 4566 habemus,
2751 4497 2905 4552 sicut
2936 4497 3006 4553 de
3036 4495 3342 4552 sententiis
3373 4500 3716 4554 sanctorum

301 4590 466 4645 nium
499 4589 670 4645 nobis
699 4589 759 4642 in
797 4587 936 4643 villa
975 4587 1462 4660 Rothomagensis
1499 4589 1948 4662 episcopii,quaa

300 4677 488 4735 Nielfa
517 4677 751 4742 dicitur,
775 4677 1008 4748 quando
1040 4677 1096 4730 in
1129 4677 1390 4732 excubiis
1412 4682 1612 4734 contra
1641 4679 1950 4735 Nortman-

301 4784 512 4823 norum
534 4765 969 4822 infestationem
988 4766 1364 4838 degebamus,
1381 4767 1490 4822 sub
1512 4767 1680 4822 titulo
1701 4769 1867 4840 quasi
1892 4768 1952 4824 in

300 4855 612 4912 Valentius
633 4855 856 4928 synodo
877 4855 1209 4928 conscripta
1239 4856 1476 4922 fuerint,
1499 4874 1652 4912 anno
1679 4857 1952 4912 lncarna-

299 4944 480 5001 tionis
513 4944 829 5000 Deminicee
859 4945 985 5012 855,
1021 4945 1130 5000 sub
1163 4945 1436 5001 Lethario
1468 4944 1818 5016 imperatore
1849 4947 1951 5000 de-

301 5035 494 5102 distis,
531 5039 594 5089 ut
636 5035 705 5089 ad
764 5033 866 5088 illa
895 5051 1022 5105 qua:
1055 5033 1222 5088 nobis
1281 5033 1614 5088 viderentur
1671 5033 1954 5088 catholico

301 5141 370 5179 ex
399 5123 852 5179 orthodexorum
887 5121 1222 5195 magisterio
1254 5122 1778 5194 responderemus:
1814 5137 1948 5175 cum

302 5212 432 5268 aliis
462 5229 948 5285 quorumcunque
979 5211 1214 5283 scriptis
1245 5227 1370 5281 qua:
1404 5209 1540 5264 hinc
1581 5210 1652 5264 ad
1696 5214 1948 5264 vestram

305 5299 570 5356 notitiam
595 5317 906 5372 pervenere
930 5318 942 5356 :
969 5315 1221 5372 quorum
1248 5297 1515 5368 quaedam
1547 5297 1764 5368 scripta
1796 5314 1948 5352 rece-

302 5387 520 5461 pimus,
547 5390 646 5446 sed
687 5407 756 5445 ea
794 5388 1091 5461 publicare
1125 5385 1442 5452 noluimus,
1473 5385 1700 5440 solliciti
1735 5403 1952 5442 servare

303 5480 566 5535 unitatem
595 5481 824 5550 spiritus
873 5479 933 5531 in
984 5474 1202 5529 vinculo
1242 5475 1393 5545 pacis
1423 5473 1580 5544 (Eph.
1613 5491 1688 5540 1v,
1721 5475 1774 5545 3)
1802 5491 1816 5530 ε
1849 5475 1950 5530 de-

305 5583 410 5627 nec
439 5583 573 5624 cum
605 5567 691 5624 eis
730 5565 828 5642 qui
861 5562 1042 5620 vobis.
1064 5561 1163 5620 illa
1193 5560 1640 5619 transmiserant
1678 5563 1951 5620 familiari

2062 4595 2297 4648 Patrum
2349 4588 2705 4661 accepimus,
2739 4603 2811 4642 ne
2857 4591 3090 4658 torpore
3120 4585 3206 4642 vel
3257 4585 3652 4642 inebedientia
3681 4605 3719 4643 a

2060 4683 2251 4736 vestra
2281 4677 2696 4732 denetaremur
2725 4674 3055 4729 Christiana
3085 4673 3406 4741 devotione,
3439 4675 3720 4730 commit-

2062 4774 2180 4824 tere
2225 4763 2520 4822 schedulis
2568 4763 2954 4819 tumultuario
3009 4778 3278 4818 sermone
3322 4763 3710 4820 studuimus:

2062 4856 2338 4930 quoniam
2373 4855 2431 4908 in
2463 4853 2716 4925 praefatis
2762 4851 3144 4908 relationibus
3185 4849 3479 4924 provocati
3510 4850 3714 4906 multi-

2063 4945 2314 5018 plicibus
2370 4941 2789 5014 multiplicium
2851 4940 3246 5006 illatienibus,
3311 4937 3717 5011 multipliciter

2062 5031 2606 5105 multiplicibusque
2648 5028 3078 5094 collationibus,
3105 5045 3218 5084 non
3253 5029 3379 5083 sine
3411 5027 3564 5082 sicut
3594 5027 3712 5081 sci-

2060 5139 2194 5176 mus
2225 5125 2283 5174 et
2313 5120 2662 5174 confitemur
2691 5117 2925 5172 lectoris
2955 5117 3146 5182 taedio,
3170 5133 3350 5172 sensu
3381 5116 3481 5170 sed
3511 5119 3711 5171 tamen

2061 5208 2366 5274 catholico,
2387 5207 2444 5262 in
2467 5207 2657 5262 tribus
2677 5206 2844 5261 libris
2873 5204 3150 5260 laciuiose
3173 5221 3441 5260 sermone
3472 5221 3712 5275 respon-

2061 5301 2197 5354 dere
2228 5297 2574 5369 sategimus.
2599 5295 2709 5350 Sed
2743 5293 2803 5348 in
2825 5293 2933 5348 hoc
2961 5292 3213 5346 maxime
3234 5291 3487 5364 benigne
3507 5291 3710 5347 lectori

2061 5405 2168 5443 nos
2199 5385 2534 5442 satisfacere
2575 5387 2975 5449 autumamus,
3005 5380 3145 5453 quia
3182 5379 3550 5454 singulorum
3583 5380 3715 5436 sin-

2059 5476 2229 5549 gulas
2261 5489 2492 5545 semper
2529 5475 2810 5544 ponentes
2847 5471 3190 5540 sententias,
3220 5467 3600 5543 singulariter
3637 5469 3712 5526 ad

2061 5563 2288 5637 objecta
2315 5564 2373 5617 ct
2401 5557 2731 5616 resistentia
2764 5558 2898 5615 fidei
2949 5559 3298 5636 resPOndere
3345 5557 3708 5618 studuimus.
