4042 6188
249 259 323 354 ,73

973 261 1076 320 DE
1117 259 1876 326 PRIEDESTINA'I‘IONE
1919 263 2441 326 DISSERTATIO
2484 264 2949 326 POSTERIOR.

3582 270 3660 332 74

251 408 359 448 nos
379 390 600 465 quippe
619 389 709 448 vel
729 391 1046 464 praedicare
1077 392 1586 466 suggillatis,quia
1614 410 1749 450 cum
1779 394 1904 468 lege
1931 397 1989 465 Α
2017 399 2106 452 est
2140 395 2201 452 in
2230 413 2346 452 uno
2377 395 2527 452 libro
2577 412 2944 468 responsum,
2979 397 3300 456 monachus
3339 398 3449 459 fuit
3494 399 3662 474 Syra-v

248 481 350 538 Dei
381 485 444 536 et
489 479 814 554 pr0phetis,
848 497 986 536 cum
1033 481 1344 555 Evangelio
1394 481 1606 537 Christi
1659 485 1904 556 ejusque

249 569 556 644 apostolis,
571 569 1144 642 pradestinationem
1176 570 1450 640 dicimus,
1476 589 1541 627 eo
1573 573 1726 645 quod
1752 573 1906 631 Deus

246 659 543 740 quosdam
574 659 884 716 hominum
913 658 1000 715 sic
1025 659 1402 732 praedestinet
1429 660 1501 715 ad
1531 660 1709 716 vitam
1741 662 1904 734 regni

245 749 555 817 caelorum,
579 751 644 804 ut
672 747 721 803 si
752 749 800 804 9
831 747 1020 804 nolint
1067 765 1232 805 orare
1280 752 1337 805 ct
1369 749 1661 822 jejunare,
1695 755 1798 806 aut
1844 749 1904 806 in

246 838 407 895 omni
441 853 618 910 opere
651 837 845 892 divino
872 835 1079 910 vigiles
1118 853 1268 905 esse,
1301 855 1401 894 eos
1447 837 1685 894 omnino
1716 839 1905 912 perire

247 945 362 984 non
391 943 593 999 posse.
614 949 645 976 »
677 927 747 981 Et
773 924 946 998 paqu
977 935 1148 999 post:
1183 949 1210 977 ‹‹
1240 927 1366 982 Non
1397 927 1684 983 miramur
1711 944 1812 983 vos
1833 928 1905 983 de

248 1015 440 1085 nobis,
477 1015 538 1071 id
570 1018 661 1072 est
706 1013 976 1071 homines
1025 1014 1095 1071 de
1140 1013 1504 1084 hominibus,
1538 1016 1686 1072 falsa
1730 1033 1904 1090 posse

247 1107 605 1180 conﬁngere,
638 1121 774 1161 cum
804 1104 1106 1161 videamus
1134 1123 1236 1162 vos
1285 1106 1371 1162 sic
1421 1123 1456 1162 a
1493 1107 1725 1164 diabolo
1775 1125 1906 1164 esse

247 1193 590 1263 fascinatos,
623 1198 690 1250 ut
737 1193 1068 1266 Scripturas
1125 1199 1360 1251 sanctas
1408 1199 1464 1251 et
1509 1195 1794 1254 veridicas
1831 1195 1904 1253 ad

246 1283 568 1350 voluntatis
596 1287 802 1339 vestrae
830 1281 1192 1340 intellectum
1215 1289 1443 1341 mutare
1464 1284 1757 1356 nitamini,
1782 1308 1810 1338 ››
1845 1289 1905 1344 et

251 1373 476 1448 reliqua
505 1391 634 1447 quae
663 1373 880 1432 diserte
908 1372 1302 1446 prosequitur.

312 1463 394 1519 De
427 1479 548 1536 quo
597 1461 868 1518 videlicet
913 1461 1408 1536 Hypomnesticon
1457 1462 1626 1534 libro,
1660 1463 1900 1536 quidam

250 1555 618 1610 contendunt
639 1553 796 1624 quod
817 1568 952 1610 eum
971 1557 1212 1608 sanctus
1223 1552 1590 1626 Augustinus
1613 1571 1726 1610 non
1751 1570 1904 1610 com-

249 1642 528 1716 posuerit,
549 1640 832 1714 quoniam
851 1639 1086 1698 illorum
1109 1642 1404 1698 erroribus
1423 1641 1904 1699 manifestissime

250 1730 600 1788 contradicit
631 1747 645 1787 :
677 1730 938 1787 dicentes
976 1730 1116 1803 quia
1158 1735 1398 1790 sanctus
1437 1731 1768 1804 episcopus,
1801 1731 1901 1804 qui

251 1820 516 1877 omnium
537 1819 827 1876 librorum
846 1818 1006 1876 illius
1025 1820 1266 1876 nomina
1279 1820 1338 1876 in
1361 1820 1550 1876 indice
1573 1820 1904 1892 conscripta

248 1908 386 1965 Vita:
437 1908 632 1982 ipsius
691 1909 1080 1980 subjunxerit,
1113 1907 1283 1964 illum
1341 1927 1458 1965 non
1517 1909 1899 1966 adnotaverit.

250 1997 408 2056 Unde
437 1999 754 2055 sciendum
785 2002 894 2064 est,
909 1997 1046 2070 quia
1073 1997 1272 2070 plures
1301 1997 1462 2054 illius
1495 1997 1679 2063 libros
1723 1997 1901 2054 habe-

251 2106 400 2158 mus,
433 2088 539 2160 qui
569 2087 632 2144 in
663 2088 870 2146 eodem
917 2086 1175 2144 indiculo
1218 2104 1334 2143 non
1380 2087 1672 2144 habentur
1703 2103 1716 2144 :
1750 2086 1904 2143 sicut

251 2184 331 2235 est
360 2179 434 2234 de
467 2175 796 2248 Disciplina
821 2174 1171 2245 Christiana,
1207 2180 1443 2250 excepto
1465 2175 1640 2232 etiam
1669 2175 1768 2231 illo
1801 2175 1902 2248 qui

249 2265 518 2324 titulatur
538 2266 613 2322 de
635 2265 914 2321 Doctrina
933 2263 1284 2321 Christiana.
1299 2266 1410 2321 Sed
1433 2268 1490 2320 et
1507 2265 1576 2321 de
1600 2264 1902 2320 Praedesti-

253 2357 483 2414 natione
513 2355 738 2429 gratim,
759 2358 820 2410 et
847 2355 918 2410 de
946 2353 1277 2411 Haeresibus
1310 2354 1384 2410 ad
1431 2353 1903 2421 Quodvultdeum

253 2446 590 2516 diaconum,
622 2447 680 2500 et
725 2443 799 2500 de
844 2443 1068 2500 unitate
1115 2443 1444 2514 Trinitatis,
1468 2447 1527 2498 et
1571 2442 1788 2498 librum
1833 2442 1905 2498 de

255 2533 624 2604 Pcenitentia,
636 2549 814 2606 quem
835 2536 1257 2589 commemorat
1276 2531 1336 2587 in
1371 2531 1619 2604 epistola
1649 2532 1720 2588 ad
1752 2531 1905 2587 Con-

255 2622 511 2680 sentium
541 2621 901 2678 monachum
931 2622 1110 2693 (epist.
1146 2621 1268 2689 146,
1288 2621 1399 2677 sub
1429 2621 1577 2692 ﬁn.),
1601 2625 1658 2676 et
1687 2619 1904 2676 librum

255 2712 351 2785 qui
380 2711 660 2768 titulatur
687 2711 760 2766 de
788 2707 996 2766 Verbis
1026 2708 1280 2778 Domini,
1314 2713 1372 2765 et
1399 2708 1545 2765 alios
1571 2725 1721 2781 quos
1741 2725 1906 2764 com-

256 2817 578 2858 memorare
625 2799 993 2872 superﬂuum
1037 2798 1312 2855 ducimus
1346 2815 1359 2853 :
1391 2815 1526 2854 cum
1573 2797 1730 2854 idem
1781 2797 1908 2870 ipse

257 2895 492 2948 sanctus
521 2888 891 2962 Augustinus
920 2887 981 2947 in
1009 2887 1126 2946 ﬁne
1165 2886 1662 2944 Retractationum
1700 2885 1857 2942 dicat
1888 2901 1904 2942 :

259 3003 288 3032 α
319 2979 446 3035 Haec
481 2995 664 3052 Opera
707 2980 1005 3050 nongenta
1051 2980 1111 3032 et
1151 2977 1266 3033 tria
1313 2976 1374 3031 in
1417 2975 1586 3032 libris
1639 2973 1910 3031 ducentis

259 3068 494 3142 triginta
525 3067 758 3123 duobus
793 3083 888 3124 me
935 3066 1190 3123 dictasse
1237 3065 1474 3133 recolui,
1505 3065 1738 3137 quando
1788 3064 1910 3120 haec

2013 502 2292 552 cusanus,
2326 483 2435 540 iste
2485 489 2680 540 autem
2731 483 2986 540 Hilarius
3043 485 3262 540 exstitit
3304 487 3660 546 Arelatensis

2013 573 2455 646 episcopus,cui
2478 573 2656 630 simul
2688 591 2823 630 cum
2864 574 3144 647 Prospero
3181 573 3292 631 istc
3325 593 3472 647 quos
3503 594 3662 634 nunc

2013 680 2412 720 memoramus
2435 663 2614 720 libros
2637 663 2956 736 rescripsit.
2973 664 3033 720 Si
3055 663 3191 736 quis
3213 668 3410 721 tamen
3423 667 3659 723 eosdem

2011 751 2193 809 libros
2226 771 2339 808 non
2381 754 2784 823 habet,videat
2831 753 2892 810 in
2941 753 3280 812 collectione
3313 755 3662 815 venerabilis

2021 843 2303 898 lO‘Bedae
2352 843 2673 917 presbyteri
2706 844 2777 899 de
2803 843 3105 916 opusculis
3136 843 3326 901 sancti
3351 843 3664 918 Augustini
3721 841 3730 918 ζ

2013 948 2191 1004 super
2220 931 2571 1004 apostolum,
2595 935 2653 988 et
2682 932 2763 988 ibi
2796 933 3020 990 discere
3049 933 3262 1006 poterit
3306 933 3464 1006 quod
3492 935 3682 998 antea.

2011 1017 2320 1092 ignoravit.
2353 1020 2552 1077 Sancti
2583 1020 2969 1078 nihilominus
2998 1021 3256 1096 episc0pi
3283 1021 3489 1079 Africis
3524 1037 3664 1096 pre-

2010 1108 2212 1164 vincies
2270 1109 2352 1164 ita
2405 1110 2744 1166 eorumdem
2793 1109 3078 1167 librorum
3128 1110 3189 1166 in
3237 1110 3518 1184 synodica
3555 1127 3666 1178 sua

2011 1196 2261 1270 epistola
2289 1198 2513 1254 faciunt
2541 1199 2900 1256 mentionem
2949 1199 3246 1257 dicentes:
3278 1222 3307 1251 ‹‹
3335 1200 3438 1258 Dei
3475 1199 3666 1274 gratia

2013 1285 2336 1358 plurimum
2377 1287 2802 1360 amplectendis
2850 1287 3069 1345 sanctis
3119 1287 3420 1362 fratribus,
3451 1288 3664 1348 Joanni

2011 1376 2348 1448 presbytero
2394 1379 2451 1432 et
2489 1375 2986 1444 archimandritze,
3017 1381 3076 1434 et
3117 1377 3364 1435 Venerio
3393 1377 3664 1448 diacono,

2013 1469 2070 1521 et
2101 1464 2372 1522 fidelibus
2402 1465 2542 1522 viris
2587 1482 2839 1538 quorum
2884 1465 2945 1522 in
2991 1471 3182 1524 vestra
3229 1465 3476 1540 epistola
3522 1465 3664 1526 sub-

2011 1554 2248 1625 scriptio
2275 1554 2628 1624 continetur,
2661 1555 2964 1626 Datianus,
2987 1556 3360 1626 Fortunatus,
3384 1555 3662 1625 Boethus,

2009 1642 2224 1711 Victor,
2249 1643 2666 1714 Scholasticus,
2698 1643 2998 1710 Orontius,
3019 1643 3424 1714 Vindicianus,
3444 1643 3664 1713 Victor,

2009 1731 2348 1800 Januarius,
2380 1731 2774 1803 Victorianus,
2808 1732 3072 1800 Pontius,
3105 1731 3563 1801 Quodvultdeus,
3587 1733 3668 1790 fa-

2013 1819 2158 1875 muli
2189 1820 2406 1876 Christi
2445 1820 2506 1875 in
2552 1819 2798 1877 Domino
2829 1821 3102 1877 salutem.
3134 1822 3204 1876 Et
3227 1820 3288 1876 in
3335 1821 3540 1886 eadem
3589 1820 3664 1878 ad

2010 1908 2205 1965 locum
2241 1925 2254 1965 :
2287 1930 2316 1960 ‹‹
2351 1909 2557 1965 Libros
2588 1909 2775 1966 sancti
2802 1909 3304 1983 Augustini,quos
3335 1909 3408 1968 ad
3431 1909 3670 1982 Prospe-

2011 2016 2144 2054 rum
2202 2001 2260 2054 et
2317 1997 2601 2054 Hilarium
2660 1997 2916 2071 scripsit,
2976 1997 3318 2055 memoratis
3382 1997 3668 2060 fratribus

2011 2086 2290 2160 legendos
2319 2085 2564 2159 ingerite
2597 2103 2610 2143 :
2644 2103 2894 2159 quorum
2927 2087 3286 2144 mentionem
3325 2088 3506 2146 beatae
3539 2103 3668 2164 mea

2013 2176 2210 2233 moria)
2228 2176 2558 2244 Hormisda,
2575 2176 2731 2232 sedis
2753 2175 3083 2248 apostolicae
3105 2175 3398 2250 gloriosus
3419 2176 3672 2240 antistes.

2014 2265 2073 2320 in
2105 2264 2370 2340 epistola,
2405 2282 2582 2338 quam
2606 2264 2934 2321 consulenti
2965 2281 3028 2322 se
3049 2269 3252 2323 sancto
3274 2265 3438 2322 fratri
3459 2282 3666 2324 consa-

2013 2355 2350 2426 cerdotique
2384 2358 2583 2410 nostro
2614 2353 2940 2412 Possessori
2979 2354 3235 2428 scripsit,
3268 2373 3404 2414 cum
3453 2371 3668 2428 magno

2013 2442 2301 2516 prmconio
2355 2443 2653 2500 catholicae
2727 2442 2920 2500 laudis
2991 2442 3266 2513 inseruit;
3318 2445 3490 2518 cujus
3545 2443 3668 2502 haec

2012 2532 2189 2588 verba
2219 2535 2360 2588 sunt
2389 2533 2569 2604 (epist.
2603 2532 2773 2602 van)
2807 2531 2927 2588 :De
2957 2533 3200 2589 arbitrio
3248 2537 3444 2590 tamen
3483 2532 3668 2590 libero

2015 2625 2071 2678 et
2093 2621 2282 2694 gratia
2310 2621 2412 2677 Dei
2435 2621 2576 2693 quid
2601 2621 2881 2689 Romana,
2898 2620 3006 2678 hoc
3035 2627 3126 2678 est
3146 2621 3434 2678 catholica
3461 2637 3670 2694 sequa-

2016 2713 2114 2766 tur
2139 2713 2196 2766 et
2244 2714 2434 2766 servet
2479 2707 2756 2778 Ecclesia,
2789 2709 2924 2766 licet
2973 2710 3033 2766 in
3082 2710 3259 2768 variis
3302 2709 3470 2767 libris
3510 2709 3666 2766 beati

2013 2798 2348 2872 Augustini,
2382 2802 2439 2854 et
2468 2797 2721 2854 maxime
2753 2799 2826 2854 ad
2877 2797 3162 2854 Hilarium
3210 2803 3270 2856 et
3314 2799 3666 2872 Prosperum

2017 2887 2250 2944 abunde
2270 2887 2459 2960 possit
2480 2886 2714 2960 agnosci
2729 2891 2952 2955 ,tamen
2976 2891 3035 2942 et
3061 2887 3122 2943 in
3145 2887 3380 2944 scriniis
3403 2886 3672 2946 ecclesia-

2017 2974 2181 3033 sticis
2213 2992 2489 3048 expressa
2516 2973 2778 3046 capitula
2799 2975 3192 3031 continentur.
3213 2996 3242 3026 ιι
3275 2976 3345 3031 Et
3373 2974 3433 3031 in
3463 2975 3668 3042 eadem

2019 3063 2268 3138 epistola
2297 3064 2520 3137 praefati
2543 3063 2730 3120 sancti
2751 3063 3010 3138 episcopi
3031 3063 3158 3136 ipsa
3177 3063 3330 3121 beati
3352 3063 3670 3138 Augustini

262 3135 588 3224 retractavi,
619 3159 819 3212 utrum
849 3155 1080 3229 aliquos
1111 3153 1302 3210 adhuc
1339 3135 1541 3211 esseni
1581 3153 1910 3210 dictaturus
1940 3135 1984 3202 (ἶ
2020 3135 2197 3211 verba
2217 3135 2645 3226 de‘supradicto
2666 3135 3159 3226 Hypomnesticon
3180 3152 3329 3210 libro
3350 3169 3420 3210 ex
3438 3135 3674 3226 respon-

261 3246 559 3318 ignorans.
589 3247 782 3317 Atque
829 3244 1020 3316 ipsam
1077 3260 1280 3300 eorum
1333 3243 1808 3300 retractationem
1853 3242 1914 3298 in

263 3333 428 3390 libris
454 3333 693 3392 duobus
723 3331 1254 3406 edidi,urgentibus
1284 3331 1913 3404 fratribus,antequam

265 3422 538 3497 epistolas
559 3427 738 3495 atque
759 3438 1058 3480 sermones
1077 3421 1150 3476 ad
1171 3421 1630 3494 populum,alios
1641 3420 1912 3490 dictatos,

267 3512 408 3568 alios
434 3529 469 3568 a
497 3527 592 3567 me
625 3509 834 3578 dictos,
867 3512 1184 3566 retractare
1213 3508 1587 3581 coepissem.»
1611 3509 1682 3564 Et
1724 3507 1914 3564 isdem

266 3606 503 3658 sanctus
560 3597 894 3673 episcopus,
945 3597 1045 3669 qui
1099 3597 1354 3653 indicem
1411 3597 1697 3652 librorum
1755 3595 1916 3652 illius

267 3691 381 3748 sive
411 3687 799 3763 epistolarum
827 3686 1270 3758 conscripsit,in
1293 3687 1407 3742 fine
1435 3685 1625 3758 ipsius
1675 3682 1915 3741 indiculi

267 3778 588 3851 subjungat
616 3775 820 3831 dicens
853 3791 866 3831 :
907 3795 930 3823 α
959 3773 1162 3846 Ἐὶιωῐ,
1187 3773 1400 3845 inquit,
1414 3771 1592 3828 simul
1615 3790 1762 3845 quos
1794 3789 1916 3828 me-

267 3871 528 3926 moratus
557 3867 801 3924 sanctus
827 3863 1190 3937 Augustinus
1211 3862 1431 3936 Spiritu
1453 3863 1648 3918 divino
1669 3865 1834 3919 actus
1855 3862 1916 3918 in

268 3959 466 4016 sancta
492 3953 756 4012 Ecclesia
783 3951 1070 4008 catholica
1101 3953 1172 4008 ad
1203 3951 1650 4009 instructionem
1689 3951 1915 4008 anima-

269 4061 397 4102 rum
425 4044 562 4100 fecit
591 4042 798 4110 libros,
828 4044 1134 4109 tractatus,
1171 4041 1470 4115 epistolas,
1505 4039 1665 4096 mille
1712 4043 1770 4096 et
1807 4039 1916 4095 tri-

270 4133 446 4206 ginta,
476 4135 717 4205 excepto
749 4129 850 4204 qui
878 4129 1178 4188 numerari
1209 4148 1324 4187 non
1355 4133 1623 4204 possunt,
1645 4127 1785 4202 quia
1811 4145 1917 4186 nec

270 4237 576 4282 numerum
598 4219 929 4293 designavit
949 4218 1272 4292 ipsorum.»
1291 4219 1418 4292 Ipse
1435 4223 1678 4276 sanctus
1700 4217 1920 4290 episco-

269 4327 395 4382 pus,
427 4309 525 4383 qui
555 4309 661 4366 illa
689 4307 1024 4380 descripsit,
1042 4307 1338 4366 numerari
1369 4324 1486 4364 non
1515 4323 1688 4380 posse
1709 4310 1918 4362 tracta-

265 4404 365 4456 tus
390 4404 447 4456 et
474 4397 758 4473 epistolas
785 4396 946 4454 illius
977 4397 1139 4468 dixit,
1175 4401 1234 4453 et
1263 4396 1505 4469 quidam
1538 4395 1805 4452 omnium
1851 4393 1920 4450 li-

2023 3243 2189 3300 sione
2220 3241 2401 3298 tertiac
2428 3240 2768 3314 quaestionis
2799 3242 2872 3298 ad
2902 3241 3282 3300 revincendos
3302 3247 3532 3316 ponunt
3549 3241 3673 3318 has-7

2025 3331 2256 3388 retices.
2304 3335 2374 3386 Et
2429 3331 2555 3404 ipse
2611 3331 2820 3388 beatus
2871 3331 3241 3405 Augustinus
3289 3331 3350 3389 in
3405 3330 3556 3389 libro
3597 3331 3673 3388 ad

2024 3421 2344 3480 Dulcitium
2393 3421 2464 3476 de
2511 3423 2640 3476 octo
2685 3419 3130 3492 quaestionibus,
3163 3437 3312 3493 quas
3358 3419 3412 3476 ei
3455 3419 3674 3492 scripto

2024 3510 2197 3568 solvit
2225 3513 2518 3566 revertens
2540 3527 2584 3566 a
2611 3509 2982 3582 Carthagine,
3003 3525 3474 3567 commemorans
3491 3506 3698 3575 libros'

2024 3617 2166 3658 suos
2195 3598 2255 3654 in
2287 3598 2500 3670 quibus
2529 3599 2602 3654 de
2631 3597 2854 3654 eisdem
2887 3597 3310 3670 quaestionibus
3335 3597 3672 3670 scripserat,

2025 3691 2108 3746 ita
2158 3689 2228 3744 ad
2277 3689 2454 3743 finem
2506 3686 2694 3759 ipsius
2739 3687 2930 3759 operis
2977 3687 3048 3742 de
3097 3687 3300 3743 eodem
3343 3687 3670 3760 Hypomne-

2025 3777 2213 3836 sticon
2247 3775 2394 3832 libro
2425 3777 2848 3831 commemorat
2879 3773 3079 3830 dicens
3114 3791 3128 3830 ε
3161 3796 3190 3825 ‹‹
3221 3773 3447 3830 Addere
3493 3771 3672 3837 etiam

2024 3867 2134 3929 hoc
2155 3882 2333 3938 quam
2363 3863 2619 3920 maxime
2649 3863 2786 3918 huic
2809 3863 2968 3936 operi
3009 3865 3252 3936 oportet,
3267 3866 3336 3919 ut
3361 3865 3553 3920 vestra
3575 3877 3676 3918 ca-

2024 3953 2270 4022 lumnia,
2289 3970 2466 4026 quam
2499 3952 2670 4009 nobis
2691 3951 2943 4024 objicere
2972 3950 3196 4024 soletis,
3227 3967 3332 4024 per
3376 3949 3675 4008 illumina-

2023 4043 2243 4100 tionem
2266 4041 2466 4116 gratiae
2487 4040 2804 4098 Salvatoris
2820 4039 3296 4110 revincatur,imo
3317 4040 3674 4111 confutetur,

2024 4136 2083 4188 et
2097 4136 2308 4189 nostra:
2331 4131 2468 4187 ﬁdei
2513 4129 2818 4202 integritas
2847 4129 3279 4202 comprobetur.
3295 4129 3540 4186 Credere
3569 4145 3677 4186 nos

2025 4221 2242 4294 quippe
2269 4219 2356 4276 vel
2377 4217 2692 4293 praedicare
2722 4217 3074 4292 suggillatis,
3095 4217 3235 4290 quia
3261 4233 3396 4274 cum
3426 4215 3553 4289 lege
3572 4214 3679 4282 Dei

2025 4315 2083 4367 et
2103 4308 2571 4384 prophetis,cum
2601 4306 2912 4380 Evangelio
2931 4305 3148 4362 Christi
3175 4306 3226 4378 ej
3237 4321 3421 4377 usque
3440 4307 3676 4376 aposto-

2025 4398 2098 4456 lis
2126 4397 2697 4472 praedestinationem
2726 4395 2997 4462 dicimus,
3030 4415 3060 4443 ››
3091 4397 3150 4450 et
3188 4393 3415 4467 reliqua
3438 4410 3565 4466 quas
3595 4390 3679 4455 ibi

269 4487 502 4545 brorum
532 4487 656 4545 sive
682 4484 1067 4560 epistolarum
1098 4487 1226 4559 ejus
1256 4501 1569 4542 numerum
1597 4483 1918 4558 diligentis-
1945 4505 1994 4572 Β
2026 4488 2208 4545 lector
2236 4506 2306 4544 ex
2329 4487 2557 4560 integro
2583 4503 2717 4541 cum
2754 4487 2916 4540 sexta
2938 4481 3280 4555 quaestionis
3300 4481 3588 4540 solutione
3606 4481 3681 4554 de

273 4577 415 4635 sime
461 4577 520 4634 in
567 4576 686 4633 ﬁne
733 4575 927 4650 ipsius
977 4575 1290 4648 Scriptura:
1336 4575 1609 4632 eumdem
1646 4577 1918 4630 sanctum

276 4665 607 4740 episcopum
637 4664 1016 4738 subjunxisse
1045 4667 1334 4722 testantur
1364 4681 1377 4720 :
1412 4681 1548 4720 cum
1595 4661 1826 4736 possint
1863 4665 1922 4718 et

276 4755 387 4828 ipsi
431 4756 623 4812 videre
670 4755 733 4810 in
775 4755 982 4812 eodem
1030 4752 1288 4810 indiculo
1335 4753 1384 4809 si
1427 4751 1744 4824 conscripti
1783 4755 1922 4808 sunt

279 4843 408 4901 libri
435 4843 532 4900 isti
576 4844 648 4901 de
698 4841 1212 4900 Praedestinatione
1259 4845 1620 4908 sanctorum,
1655 4858 1721 4897 ac
1763 4841 1920 4898 Bono

284 4931 738 5006 perseverantiae,
772 4948 919 5005 quos
977 4930 1162 4988 sancti
1207 4929 1521 5004 Augustini
1569 4947 1697 4986 esse
1751 4946 1921 4986 nemo

292 5021 562 5096 denegare
587 5025 693 5077 aut
718 5021 870 5078 volet
899 5025 1001 5078 aut
1027 5017 1198 5076 valet.
1229 5019 1309 5076 De
1331 5019 1545 5090 quibus
1576 5018 1752 5074 etiam
1781 5035 1922 5074 con-

293 5111 516 5167 tendere
572 5111 862 5184 quosdam
920 5108 1275 5177 audivimus,
1327 5106 1426 5179 qui
1485 5107 1719 5163 eosdem
1769 5105 1923 5162 beati

292 5199 591 5272 Augustini
637 5197 822 5254 libros
864 5197 1257 5272 intelligenter
1302 5213 1418 5252 non
1456 5195 1736 5269 legerant,
1771 5194 1926 5268 quod

295 5287 359 5344 de
385 5287 500 5345 illis
527 5287 820 5361 scriptum
850 5285 928 5343 sit
957 5285 1018 5342 in
1057 5285 1340 5355 indiculo,
1364 5284 1686 5358 Responsio
1733 5284 1927 5356 objec-

293 5376 365 5432 tis
418 5376 618 5434 Hilarii
675 5375 827 5432 liber
868 5392 906 5444 1,
940 5391 1074 5432 cum
1132 5376 1258 5432 sine
1313 5373 1512 5446 aliqua
1557 5373 1928 5430 contentione

295 5465 499 5524 falsum
528 5484 658 5526 esse
678 5465 871 5525 valeat
898 5464 1286 5524 demonstrari
1317 5465 1389 5522 ab
1421 5463 1514 5521 his
1545 5464 1645 5538 qui
1691 5463 1927 5520 eosdem

289 5550 463 5616 libros
489 5559 818 5618 noscuntur
844 5554 1079 5626 habere,
1109 5554 1249 5630 quia
1275 5559 1334 5614 et
1377 5552 1477 5614 ille
1524 5553 1803 5627 Hilarius,
1833 5552 1930 5616 cui

597 5685 876 5749 Parant.
921 5681 1150 5749 CXXV.

2028 4576 2520 4651 Hypomnesticon
2552 4573 2700 4629 libro
2725 4571 3002 4628 inveniet.
3027 4571 3309 4629 Similiter
3345 4576 3402 4630 et
3430 4572 3502 4629 de
3529 4571 3682 4645 libro

2029 4667 2130 4739 qui
2151 4667 2261 4722 sub
2295 4663 2530 4720 nomine
2549 4661 2736 4718 sancti
2761 4660 3096 4736 Hieronymi
3118 4661 3452 4720 intitulatur
3480 4662 3552 4720 de
3579 4662 3681 4721 In-

2028 4742 2348 4811 duratione'
2365 4752 2556 4808 cordis
2589 4749 3084 4824 Pharaonis,quia
3103 4768 3305 4808 eorum
3330 4751 3531 4810 sensui
3552 4767 3687 4825 con:-

2029 4842 2282 4909 tradicit,
2305 4858 2656 4914 magnopere
2685 4843 2962 4915 satagunt
2989 4858 3106 4897 non
3155 4858 3284 4898 esse
3321 4839 3532 4914 ipsius.
3567 4842 3681 4902 Sed

2031 4931 2174 4989 nihil
2205 4930 2290 4986 eis
2321 4929 2549 5002 proficit
2580 4930 2628 4986 si
2659 4947 2794 4985 eum
2846 4929 3140 5001 rejiciunt,
3166 4929 3444 5003 quoniam
3493 4918 3715 5014 isdem‘

2031 5025 2272 5078 sanctus
2302 5019 2707 5092 Hieronymus,
2741 5022 2799 5074 et
2828 5018 3020 5074 caeteri
3069 5019 3343 5076 Doctores
3390 5017 3682 5085 catholici,

2035 5111 2238 5166 eodem
2271 5125 2448 5164 sensu
2481 5123 2578 5163 eos
2609 5106 2762 5163 male
2808 5107 3025 5164 sentire
3070 5108 3440 5178 convincunt,
3472 5122 3588 5179 quo
3627 5109 3686 5164 et

2033 5197 2190 5254 idem
2222 5197 2371 5252 liber
2399 5195 2633 5252 illorum
2663 5197 2854 5252 exurit
2875 5196 3117 5253 zizania.

2110 5289 2185 5343 De
2209 5285 2656 5358 reprehensione
2679 5285 3066 5342 nihilominus
3087 5285 3386 5358 sua,unde
3403 5283 3688 5357 prsimisi-

2037 5392 2192 5442 mus,
2215 5378 2418 5430 contra
2465 5375 2878 5433 obtrectatores
2908 5392 3048 5432 suos
3079 5374 3264 5430 isdem
3294 5373 3354 5430 in
3386 5374 3501 5432 ﬁne
3549 5373 3686 5446 lihai

2037 5465 2108 5522 de
2138 5465 2296 5520 Bono
2317 5463 2756 5537 perseverantia:
2787 5463 2926 5520 dicit
2951 5481 2964 5520 :
3003 5487 3024 5514 (ι
3059 5463 3168 5532 Qui
3197 5479 3332 5520 vero
3360 5479 3454 5521 me
3493 5457 3689 5531 errare

2036 5553 2392 5626 existimant,
2423 5552 2601 5613 etiam
2630 5557 2807 5630 atque
2835 5551 3013 5612 etiam
3043 5549 3356 5628 diligenter
3383 5571 3511 5633 qua:
3549 5557 3692 5629 sunt

3328 5681 3366 5747 3

3715 638 3740 797 ﬁ,
3775 655 3782 661 _

3715 938 3809 1053 ἐκ
