4006 6194
368 326 448 391 75

1296 318 1681 386 HINCMARI
1725 313 2174 383 RHEMENSIS
2220 317 2835 384 ARCHIEPISCOPI.

3696 317 3776 382 76

370 461 526 518 dicta
554 458 942 527 considerent,
975 473 1048 514 ne
1077 456 1344 513 fortassis
1369 455 1482 530 ipsi
1513 459 1780 536 errent.»
1802 455 2015 512 Beatus
2047 453 2104 520 Α
2132 451 2432 526 aliquibus
2461 455 2695 528 scriptis
2727 470 2863 511 eum
2895 470 2931 510 a
2955 469 3073 526 quo
3101 451 3238 510 talis
3256 456 3494 510 emanat
3511 453 3781 510 doctrina

368 549 662 624 siquidem
692 544 1037 605 leestinus
1065 545 1174 602 hoc
1220 544 1279 599 in
1329 545 1576 618 epistola
1622 543 1897 601 decretali
1947 543 2020 598 ad

367 637 684 695 Venerium
731 639 790 692 et
834 638 1071 690 caeteros
1123 633 1452 690 Gallicanos
1502 633 1805 708 episcopos
1843 631 2021 688 etiam

367 731 504 801 post
551 724 780 781 obitum
831 721 992 779 illius
1042 722 1407 779 demonstrat
1454 723 1630 796 (epist.
1661 721 1740 795 8.)
1771 721 2020 778 dicens:

368 839 400 868 «ι
429 815 705 871 Vitcntur
731 811 1076 884 hujusmodi
1109 811 1222 884 qui.
1241 811 1513 868 laborant
1543 813 1638 867 ll
1690 828 1794 884 per
1837 813 2022 867 terras

368 901 530 960 aliud
549 917 729 974 quam
751 899 850 958 ille
873 899 1267 972 nosterjussit
1293 898 1550 973 agricola
1583 899 1892 954 seminare.
1909 897 2025 954 Nec

368 993 564 1048 tamen
587 987 790 1045 mirari
811 987 1208 1062 possumus,si
1228 987 1349 1043 hrec
1372 987 1776 1060 ergaviventes
1794 985 1853 1042 hi
1869 1001 2025 1042 nunc

367 1083 596 1138 tentare
616 1077 964 1150 audent,qui
985 1077 1258 1134 nituntur
1278 1076 1452 1134 etiam
1468 1076 1896 1150 quiescentium
1920 1075 2027 1132 fra-

366 1171 527 1226 trum
558 1167 903 1225 memoriam
933 1165 1240 1238 dissipare.
1270 1166 1666 1239 Augustinum
1699 1170 1912 1221 sanctae
1937 1181 2025 1220 re-

367 1255 726 1316 cordationis
768 1255 959 1313 virum
1010 1272 1112 1329 pro
1160 1255 1279 1311 vita
1328 1272 1437 1311 sua
1484 1259 1660 1328 atque
1709 1253 1937 1309 meritis
1964 1251 2025 1307 in

369 1350 575 1404 nostra
588 1344 1004 1403 communione
1025 1361 1258 1416 semper
1277 1343 1616 1411 habuimus,
1637 1359 1742 1399 nec
1764 1358 2026 1414 unquam

369 1435 528 1493 hunc
556 1434 810 1492 sinistris
843 1433 1200 1506 suspicionis
1229 1431 1437 1489 saltem
1482 1448 1686 1488 rumor
1731 1429 2024 1504 aspersit:

370 1539 549 1597 quem
563 1527 738 1580 tantae
751 1520 1008 1580 scientiaa
1021 1519 1159 1578 olim
1175 1519 1357 1576 fuisse
1371 1519 1773 1592 meminimus,
1787 1523 1854 1574 ut
1877 1517 2030 1574 inter

372 1612 691 1686 magisth
701 1610 880 1684 optim
889 1627 954 1667 os
966 1609 1142 1666 etiam
1156 1609 1348 1666 a‘meis
1361 1625 1592 1682 semper
1622 1607 1952 1664 decessorib
1959 1625 2029 1664 us

371 1701 708 1760 haberetur.
725 1701 878 1757 Bene
897 1715 1034 1772 ergo
1056 1699 1127 1755 de
1151 1715 1218 1755 eo
1242 1714 1448 1754 omnes
1469 1697 1528 1752 in
1565 1713 1876 1754 commune
1897 1713 2028 1753 sen-

371 1793 602 1858 serunt,
617 1792 820 1863 utpote
841 1787 943 1860 qui
973 1787 1192 1859 ubique
1223 1787 1454 1843 cunctis
1474 1791 1532 1842 et
1557 1786 1742 1842 amori
1765 1785 1940 1842 tuerit
1973 1789 2031 1841 et

371 1877 784 1937 honori.Unde
803 1876 1114 1934 resistatur
1139 1873 1358 1932 talibus
1389 1892 1536 1948 quos
1577 1875 1729 1932 male
1771 1891 2029 1931 crescere

370 1965 850 2024 videmus.Nefas
879 1968 969 2021 est
998 1964 1119 2020 haec
1150 1963 1271 2036 pati
1303 1963 1606 2036 religiosas
1635 1963 2032 2035 animas,qua-

374 2071 508 2112 rum
558 2053 956 2122 afflictatione,
990 2051 1131 2125 quia
1179 2053 1446 2108 membra
1487 2056 1692 2108 nostra
1729 2055 1888 2120 sunt,
1921 2068 2028 2108 nos

374 2159 610 2216 quoque
652 2141 922 2200 convenit
964 2141 1284 2198 macerari:
1319 2139 1589 2212 quamvis
1640 2145 1875 2198 maneat
1921 2139 2030 2197 hos

376 2231 678 2302 beatitudo
708 2228 1372 2304 promissa,quieun'que
1393 2230 1717 2302 probantur
1757 2246 2028 2302 persecu-

376 2321 598 2378 tionem
612 2324 849 2394 propter
850 2321 875 2391 j
885 2319 1150 2376 ustitiam
1166 2319 1480 2376 sustinere:
1503 2319 1721 2391 quibus
1742 2317 1882 2392 quid
1905 2335 2033 2390 pro-

378 2409 574 2468 mittat
585 2408 870 2467 Dominus
891 2409 952 2464 in
975 2409 1240 2464 futurum
1263 2425 1516 2481 sequens
1538 2424 1729 2464 sermo
1752 2407 2028 2464 declarat.

377 2498 502 2556 Non
517 2501 608 2555 est
627 2497 928 2571 agentium
941 2514 1120 2554 causa
1141 2497 1662 2568 solorum,quando
1687 2495 2032 2552 universalis

377 2585 637 2644 Ecclesia
655 2603 1006 2659 quacunque
1036 2586 1289 2642 novitate
1313 2585 1603 2658 pulsatur.
1628 2584 2032 2658 Intelligamus

379 2675 502 2732 haec
532 2675 663 2750 ipsa
691 2675 856 2732 vobis
885 2692 1012 2748 quae
1044 2674 1214 2731 nobis
1248 2692 1364 2731 non
1404 2674 1636 2747 placent
1685 2672 2028 2746 displieere:

377 2765 538 2840 quod
559 2765 642 2822 ita
664 2765 902 2822 demum
925 2763 1174 2838 probare
1195 2763 1602 2838 poterimus,si
1622 2762 1898 2836 imposito
1919 2761 2035 2816 im-

379 2854 580 2930 probis
602 2854 834 2913 silentio
853 2855 924 2912 de
941 2854 1044 2911 tali
1075 2871 1136 2911 re
1157 2853 1216 2910 in
1237 2859 1537 2928 posterum
1575 2851 1812 2926 querela
1839 2867 2032 2907 cessa-

377 2942 486 3002 bit.
525 2966 554 2996 »
581 2945 840 3003 Sanctus
869 2959 1103 3018 quoque
1129 2943 1368 3016 Propter
1397 2942 1533 3000 hinc
1577 2941 1637 2998 in
1685 2939 1932 3015 epistola
1960 2940 2034 2996 ad

379 3033 662 3092 Ruﬁnum
683 3033 766 3092 ita
787 3033 928 3090 dicit
951 3049 964 3090 :
991 3055 1021 3086 «
1042 3033 1178 3101 Has,
1197 3029 2036 3106 inquiens,versutias,quibus

378 3139 444 3180 se
463 3121 572 3180 filii
601 3123 980 3180 tenebrarum
1009 3121 1070 3178 in
1102 3120 1552 3178 similitudinem
1594 3118 1854 3176 ﬁliorum
1883 3117 2034 3174 lucis

376 3211 802 3284 transﬁgurare
821 3210 1151 3277 voluerunt,
1167 3227 1302 3264 cum
1324 3214 1381 3264 et
1401 3207 1788 3264 Orientalium
1817 3205 2034 3278 episcoo
2061 3188 2105 3256 C

380 3315 594 3372 porum
635 3297 886 3370 judicia,
920 3301 978 3353 et
1023 3297 1353 3368 apostolica:
1401 3296 1558 3351 sedis
1607 3295 1944 3362 auctoritas,
1977 3297 2034 3350 et

374 3386 787 3443 Africanorum
812 3384 1196 3442 conciliorum
1227 3383 1527 3458 vigilantia
1563 3382 2032 3456 deprehenderit,

376 3472 760 3532 beatissimus
781 3489 1016 3546 quoque
1035 3471 1424 3546 Augustinus,
1438 3470 1730 3544 praecipua
1751 3470 1953 3544 utique
1970 3471 2030 3526 in

377 3563 488 3620 hoc
519 3567 780 3638 tempore
811 3562 998 3635 portio
1028 3559 1261 3617 Domini
1293 3561 1684 3628 sacerdotum,
1716 3559 1948 3632 copiose
1976 3564 2034 3616 et

378 3651 624 3728 pulchre
644 3651 704 3709 in
735 3649 940 3708 multis
969 3647 1336 3706 voluminum
1385 3647 1884 3721 disputationibus
1931 3649 2031 3705 de-

380 3742 595 3801 struxit
627 3759 640 3800 :
675 3745 876 3814 utpote
905 3739 1058 3795 inter
1088 3736 1276 3794 multa
1296 3737 1396 3794 Dei
1428 3737 1600 3805 dena,
1616 3737 1832 3810 quibus
1862 3737 2030 3794 illum

381 3829 896 3890 abundantissime
926 3827 1170 3900 spiritus
1189 3825 1452 3882 veritatis
1490 3825 1773 3898 implevit,
1807 3825 2032 3884 habens

381 3921 560 3978 etiam
587 3919 741 3976 hanc
771 3917 1027 3974 scientia:
1058 3921 1117 3972 et
1144 3915 1441 3990 sapientiae
1485 3932 1555 3972 ex
1599 3915 1703 3972 Dei
1751 3914 2033 3972 charitate

379 4007 683 4076 virtutem,
709 4010 774 4064 ut
795 4023 911 4064 non
933 4005 1126 4064 solum
1147 4005 1321 4062 istam
1345 4004 1536 4061 adhuc
1565 4003 1626 4060 iu
1657 4004 1782 4061 suis
1802 4005 2034 4062 detrun-

381 4095 714 4155 cationibus
736 4095 1142 4170 palpitantem,
1158 4095 1260 4151 sed
1285 4095 1461 4151 etiam
1483 4093 1700 4149 multas
1724 4093 1889 4166 prius
1911 4093 2033 4149 ha:-

381 4203 542 4244 reses
588 4185 802 4242 invicto
829 4184 990 4242 verbi
1015 4184 1208 4258 gladio
1257 4181 1590 4240 debellaret.
1622 4183 1722 4238 Cui
1769 4183 1920 4240 inter
1949 4187 2035 4240 tot

381 4275 770 4334 certaminum
784 4273 1194 4348 palmas,inter
1213 4277 1297 4328 tot
1316 4271 1751 4344 triumphorum
1765 4289 2030 4340 coronas,

381 4365 455 4424 ad
486 4363 980 4422 illuminationem
1011 4361 1299 4430 Ecclesiae,
1332 4365 1389 4417 et
1419 4361 1491 4416 ad
1541 4359 1786 4432 gloriam
1818 4360 2032 4417 Christi

383 4471 500 4528 qua
523 4453 650 4528 ipse
668 4454 1001 4512 illustratus
1031 4457 1120 4510 est
1144 4449 1774 4526 perfulgenti,quidam
1805 4454 2032 4506 nostro-

2129 543 2513 599 conveniant?
2543 545 2755 616 Magna
2781 542 2938 600 enim
2958 541 3147 616 gloria
3167 559 3277 599 sua
3298 541 3560 599 humano
3579 542 3782 617 generi

2131 631 3035 706 consuluerunt,siAugustinum
3055 631 3126 688 ab
3150 647 3344 688 errore
3365 633 3782 689 revocaverint.

2130 719 2255 777 Nisi
2287 720 2435 776 forte
2463 723 2564 778 l2
2595 721 2850 778 modesti
2877 719 3167 790 homines,
3199 720 3449 794 novique
3488 737 3785 790 censores,

2132 825 2482 882 magnorum
2516 810 2682 882 prius
2714 809 3058 866 meritorum
3090 809 3217 866 seni
3263 809 3688 866 honorabiliter
3720 827 3790 867 ac

2133 897 2588 955 misericorditer
2615 903 2888 972 parcunt,
2921 903 2978 955 et
3007 898 3196 955 secnri
3248 897 3390 971 quia
3433 897 3616 955 libros
3656 901 3788 972 ejus

2133 1003 2304 1044 nemo
2323 1005 2576 1060 usquam
2597 987 2838 1061 recipiat
2857 987 3790 1062 conquiescunt.Atquinoverint,

2135 1074 2252 1132 imo
2275 1079 2580 1144 noverunt,
2595 1093 2711 1132 non
2743 1074 2936 1132 solum
2972 1077 3793 1150 Romanam,Africanamque

2133 1163 2476 1233 Ecclesium,
2509 1165 2562 1221 ei
2593 1183 2696 1238 per
2741 1182 2945 1222 omnes
2993 1165 3200 1222 mundi
3247 1171 3444 1239 partes
3483 1166 3792 1224 universos

2133 1252 2544 1325 promissionis
2573 1253 2897 1326 ﬁlios,cum
2927 1253 3196 1311 doctrina
3213 1253 3395 1327 hujus
3414 1253 3521 1310 viri
3550 1255 3709 1312 sicut
3730 1255 3793 1312 in

2135 1345 2262 1398 tota
2297 1341 2412 1398 fide
2442 1343 2526 1398 ita
2549 1342 2610 1398 in
2639 1343 2840 1416 gratiae
2870 1343 3237 1400 confessione
3283 1359 3605 1418 congruere
3636 1361 3649 1398 :
3685 1344 3792 1400 sed

2135 1429 2313 1487 etiam
2345 1431 2406 1486 in
2437 1429 2530 1487 his
2561 1431 2707 1504 ipsis
2751 1431 2916 1501 locis,
2941 1430 3003 1487 in
3051 1431 3271 1504 quibus
3319 1432 3604 1489 adversus
3649 1449 3796 1490 eum

2136 1519 2504 1592 querimonia
2530 1520 2878 1588 concitatur,
2901 1537 3030 1578 esse
3049 1519 3301 1594 propitio
3331 1521 3448 1578 Deo
3479 1519 3796 1594 plurimos,

2137 1609 2238 1682 qui
2268 1609 2341 1666 ad
2373 1609 2805 1682 perceptionem
2836 1608 3180 1682 evangelica
3210 1609 3659 1684 apostoliceque
3690 1611 3802 1667 do-

2137 1697 2337 1754 ctrina:
2357 1697 2768 1755 saluberrimis
2797 1699 2925 1770 eius
2965 1697 3472 1771 disputationibus
3509 1699 3802 1756 imbuun-

2059 1823 2108 1890 Β
2138 1791 2252 1856 tur,
2293 1790 2352 1842 et
2411 1785 2670 1859 quotidie
2699 1786 2760 1842 in
2813 1787 3096 1843 membris
3148 1787 3410 1860 corporis
3456 1787 3678 1845 Christi
3738 1789 3802 1844 in

2137 1878 2426 1948 quantum
2457 1875 2681 1948 eaipse
2712 1874 3066 1948 multiplicat
3096 1875 3440 1932 dilatantur.
3475 1900 3504 1927 »

2209 1965 2280 2020 Et
2303 1963 2442 2020 item
2465 1963 2619 2020 idem
2643 1965 2892 2036 Prosper
2914 1965 2975 2020 in
2997 1963 3148 2021 libro
3169 1980 3345 2038 quem
3366 1964 3553 2022 edidit
3591 1970 3805 2024 contra

2138 2051 2402 2110 Cassiani
2414 2053 2712 2125 quondam
2734 2053 2966 2110 abbatis
2985 2053 3334 2126 librum,qui
3351 2059 3716 2126 praenotatur
3725 2056 3802 2114 de

2139 2141 2500 2198 Protectione
2520 2141 2642 2212 Dei,
2657 2143 2730 2198 de
2749 2141 3270 2214 reprehensoribus
3288 2141 3573 2199 librorum
3605 2145 3802 2201 sancti

2135 2233 2473 2305 Augustini,
2489 2231 2711 2288 scilicet
2741 2232 2813 2287 de
2835 2231 3209 2304 Correptione
3229 2235 3288 2287 et
3307 2231 3525 2299 Gratia,
3547 2231 3622 2289 de
3644 2231 3802 2290 Pran-

2139 2323 2530 2380 destinatione
2587 2327 2948 2390 sanctorum,
2981 2339 3050 2378 ac
3107 2322 3266 2378 Bono
3325 2322 3798 2396 perseverantiae,

2139 2428 2289 2483 quos
2318 2411 2474 2468 circa
2501 2411 2680 2466 finem
2728 2408 3011 2476 ediderat,
3041 2408 3127 2465 ita
3171 2412 3304 2482 post
3350 2409 3586 2466 laudem
3635 2410 3803 2467 beati

2137 2499 2449 2572 Augustini
2499 2517 2534 2556 a
2580 2499 2888 2556 C(nlestino
2944 2496 3234 2571 prolatam
3292 2497 3480 2555 dicit:
3515 2499 3805 2557 «Contra

2140 2591 2314 2646 istam
2342 2589 2682 2646 clarissimae
2714 2587 3069 2644 laudationis
3105 2587 3334 2655 tubam,
3366 2594 3570 2644 contra
3615 2587 3803 2645 istam

2141 2677 2523 2736 sacratissimi
2547 2676 2865 2734 testimonii
2888 2675 3256 2749 dignitatem,
3271 2677 3448 2732 audet
3475 2675 3803 2750 quisquam

2141 2767 2414 2841 malignae
2435 2765 2934 2838 interpretationis
2954 2782 3228 2821 murmur
3254 2763 3542 2834 emittere,
3573 2770 3634 2822 et
3663 2783 3803 2838 per-

2141 2853 2356 2928 spicuas
2387 2851 2916 2925 sincerissimaeque
2946 2852 3246 2908 sententiae
3293 2852 3512 2908 nubem
3543 2851 3803 2926 oblique

2142 2942 2546 3017 ambiguitatis
2567 2941 2918 2998 obtendere?
2938 2945 3004 2998 ut
3031 2940 3272 3009 scilicet,
3287 2940 3430 3013 quia
3455 2939 3518 2997 in
3546 2941 3807 3015 epistola

2141 3050 2305 3107 papae
2326 3031 2632 3100 librorum,
2646 3047 2751 3104 pro
2769 3029 2985 3104 quibus
3005 3033 3203 3086 actum
3225 3033 3335 3098 est,
3350 3047 3466 3086 non
3482 3046 3803 3104 expressus

2142 3127 2233 3178 est
2261 3118 2642 3190 titulus,hinc
2663 3137 2762 3176 eos
2787 3122 3067 3192 appareat
3095 3135 3210 3174 non
3233 3118 3532 3191 probatos,
3544 3119 3802 3178 etistam

2141 3210 2202 3266 in
2234 3215 2505 3267 sanctum
2533 3207 2932 3282 Augustinum
2962 3205 3360 3264 laudationem
3389 3224 3492 3280 pro
3539 3208 3802 3266 anterio-

2139 3315 2272 3354 rum
2303 3297 2657 3372 scriptorum
2689 3295 2916 3353 meritis
2942 3295 3125 3353 fuisse
3171 3295 3464 3354 collatam.
3492 3320 3522 3348 ››
3551 3297 3624 3354 Et
3661 3303 3803 3370 post

2141 3385 2444 3459 aliquanta
2479 3403 2493 3442 :
2524 3409 2552 3438 «
2583 3384 2916 3458 Apostolica
2946 3384 3104 3440 enim
3134 3385 3304 3443 sedes
3333 3385 3487 3458 quod
3521 3402 3556 3442 a
3585 3403 3804 3458 preco-

2139 3475 2322 3550 gnitis
2342 3473 2455 3532 sibi
2478 3491 2594 3532 non
2622 3475 2912 3546 discrepat
2932 3491 3067 3531 cum
3087 3474 3460 3548 praecognitis
3481 3475 3714 3548 probat,
3738 3480 3800 3532 et

2140 3563 2538 3638 quodjudicio
2553 3563 2754 3636 jungit
2781 3563 2956 3620 laude
2987 3579 3105 3618 non
3137 3562 3486 3630 dividit.Qui
3517 3579 3656 3636 ergo
3687 3563 3802 3621 hos

2140 3653 2400 3727 proxime
2421 3652 2609 3710 editos
2631 3652 2812 3709 libros
2840 3652 3120 3719 refutant,
3143 3651 3536 3708 anterioribus
3563 3653 3805 3725 acquie-

2141 3747 2328 3811 scant,
2355 3747 2414 3799 et
2437 3741 2510 3798 iis
2543 3759 2669 3814 quae
2700 3758 2805 3814 pro
2835 3739 3024 3814 gratia
3050 3740 3387 3798 Christiana
3437 3740 3604 3813 prius
3653 3747 3806 3798 sunt

2141 3832 2361 3905 scripta
2385 3831 2774 3888 consentiant.
2807 3830 2920 3887 Sed
2949 3847 3066 3887 non
3106 3830 3350 3886 faciunt.
3383 3829 3590 3886 Sciunt
3633 3831 3804 3888 enim

2140 3921 2340 3978 omnia
2367 3919 2693 3994 Pelagianis
2721 3936 2852 3976 esse
2882 3919 3192 3986 contraria,
3215 3922 3272 3976 et
3299 3917 3446 3974 nihil
3476 3918 3590 3976 sibi
3621 3935 3803 3992 posse

2141 4014 2468 4083 competere
2501 4005 2572 4065 ad
2604 4007 3090 4082 consequentium
3121 4006 3565 4075 resolutionem,
3585 4007 3636 4064 si
3663 4023 3805 4066 con-

2142 4099 2420 4155 ﬁteantur
2474 4097 2536 4154 in
2584 4097 3046 4170 praecedentibus
3088 4095 3408 4154 consistere
3465 4096 3799 4154 veritatem.

2142 4188 2328 4262 Igitur
2342 4187 2682 4259 bujusmodi
2702 4185 3010 4244 hominum
3032 4183 3306 4259 pravitati
3325 4201 3441 4241 non
3462 4190 3583 4242 tam
3597 4185 3806 4258 dispu-

2140 4277 2431 4332 tationum
2461 4275 2679 4344 studio,
2699 4291 2878 4348 quam
2919 4275 3338 4332 auctoritatum
3370 4273 3674 4347 privilegio
3706 4289 3804 4331 re-

2141 4365 2470 4423 sistendum
2485 4369 2576 4422 est
2601 4383 2615 4422 :
2640 4369 2706 4421 ut
2727 4365 2798 4421 de
2820 4363 3097 4437 prostrati
3118 4363 3344 4420 dudum
3367 4363 3661 4436 dogmatis
3675 4379 3805 4422 cor-

2141 4471 2281 4528 pore
2330 4453 2559 4510 nullum
2609 4455 2942 4511 membrum
2992 4454 3222 4511 sinatur
3267 4468 3621 4530 assurgere:
3655 4451 3804 4525 quia

385 4545 704 4616 rum,quod
723 4544 793 4600 de
810 4543 922 4616 ipsi
936 4543 1190 4600 multum
1205 4540 1520 4598 dolendum
1539 4545 1647 4608 est,
1667 4539 1911 4596 occultis
1932 4539 2032 4596 sed
2062 4559 2111 4626 D
2143 4548 2348 4600 notum
2367 4547 2456 4600 est
2471 4543 2552 4599 ita
2573 4561 2635 4600 se
2654 4542 2930 4600 falsitatis
2952 4541 3156 4599 istrius
3181 4539 3397 4598 habere
3413 4540 3805 4608 versutias,ut

382 4651 500 4692 non
513 4633 826 4706 incognitis
837 4631 1342 4690 susurrationibus
1356 4631 1754 4704 obloquuntur
1767 4647 1780 4688 :
1795 4635 1852 4687 et
1864 4633 2038 4704 prout

383 4721 496 4781 sibi
523 4721 802 4780 obnoxias
825 4721 1156 4794 aliquorum
1175 4739 1345 4777 aures
1365 4725 1842 4794 opportunasque
1872 4736 2034 4792 repe-

385 4811 587 4881 rerint,
602 4810 820 4883 scripta
848 4811 976 4881 ejus
999 4809 1216 4880 quibus
1235 4826 1396 4864 error
1424 4809 1868 4882 Pelagianorum
1920 4809 2036 4865 im-

385 4903 687 4976 pugnatur
707 4897 1282 4968 infamant,dicentcs
1301 4915 1435 4953 eum
1453 4897 1703 4953 liberum
1724 4897 2034 4953 arbitrium

386 4989 626 5066 penitus
647 4987 1009 5055 submovere,
1024 4990 1081 5042 et
1101 4987 1210 5042 sub
1231 4985 1430 5060 gratiae
1461 4986 1695 5040 nomine
1719 4985 2033 5041 necessita-

387 5084 508 5138 tem
527 5075 841 5153 praedicare
858 5074 1122 5145 fatalem;
1147 5075 1488 5148 adjicientes
1507 5075 1681 5130 etiam
1696 5074 1844 5130 duas
1865 5073 2034 5130 illum

387 5167 634 5228 humani
652 5165 883 5241 generis
903 5181 1131 5220 massas
1159 5168 1218 5220 et
1243 5164 1392 5220 duas
1414 5162 1568 5218 credi
1594 5161 1738 5218 velle
1769 5167 2032 5231 naturas,

390 5261 460 5315 ut
487 5256 710 5314 scilicet
736 5259 912 5312 tanta:
935 5252 1172 5326 pietatis
1207 5253 1330 5309 viro
1365 5253 1731 5325 Paganorum
1763 5255 1820 5308 et
1851 5251 2034 5317 Mani-

389 5345 684 5403 chmorum
707 5343 1036 5403 ascribatur
1065 5341 1502 5416 impietas.Quaa
1521 5341 1571 5397 si
1597 5357 1732 5396 vera
1761 5346 1917 5411 sunt,
1933 5358 2038 5398 cur

389 5431 504 5506 ipsi
536 5439 658 5492 tam
680 5433 1040 5510 negligentes
1079 5447 1152 5487 ne
1191 5430 1384 5488 dicam
1427 5428 1592 5502 impii
1625 5434 1782 5499 sunt,
1818 5435 1884 5488 ut
1913 5431 2060 5488 tam'

389 5521 704 5594 abruptam
723 5522 1042 5596 perniciem
1072 5521 1146 5580 ab
1175 5518 1435 5576 Ecclesia
1462 5535 1576 5574 non
1599 5519 1900 5592 repellant,
1914 5527 2034 5580 tam

383 5607 614 5677 Insanis
641 5611 1152 5689 praedicationibus
1182 5626 1299 5671 non
1347 5607 1643 5684 resistant,
1675 5627 1780 5672 nec
1825 5611 2033 5675 saltem

2145 4631 2196 4688 si
2229 4631 2281 4687 ei
2313 4630 2503 4700 liceat,
2523 4633 2808 4704 praetenta
2840 4628 3218 4686 correctionis
3255 4627 3534 4702 imagine,
3558 4626 3805 4701 aliquod

2143 4720 2257 4778 sibi
2287 4719 2606 4776 faventium
2637 4719 2850 4777 radicis
2881 4736 3000 4776 suae
3029 4734 3272 4793 germen
3309 4716 3594 4790 excipere,
3609 4719 3803 4774 totam

2143 4827 2206 4867 se
2229 4809 2416 4882 possit
2444 4809 2504 4865 in
2532 4810 2741 4884 exigua
2762 4809 2854 4866 sui
2875 4811 3038 4882 parte
3059 4804 3475 4881 reparare.Ubi
3494 4805 3653 4862 enim
3677 4822 3802 4863 non

2143 4897 2302 4954 aliud
2333 4897 2510 4954 habet
2531 4915 2766 4955 summa
2792 4914 2970 4971 quam
2991 4896 3200 4970 portio,
3221 4911 3338 4952 non
3361 4897 3453 4950 est
3472 4893 3804 4954 devotionis

2142 4987 2375 5044 dedisse
2404 5003 2584 5060 prepe
2603 4991 2814 5059 totum,
2833 4987 2936 5044 sed
2967 4985 3193 5043 fraudis
3223 4983 3553 5042 restituisse
3571 4981 3659 5040 vel
3690 4983 3808 5040 mi-

2141 5074 2569 5144 nimum.Quod
2603 5094 2676 5133 ne
2706 5075 3143 5150 hypocritarum
3173 5074 3510 5132 obtineatur
3537 5071 3802 5145 insidiis,

2141 5165 2493 5222 conﬁdimus
2505 5165 2738 5222 Domini
2749 5164 3106 5238 protectione
3125 5162 3624 5238 praestandummt
3634 5162 3804 5234 quod

2143 5258 2417 5328 operatus
2453 5259 2544 5312 est
2571 5256 2632 5312 in
2664 5254 3022 5324 Innocentio,
3051 5253 3302 5322 Zozimo,
3327 5249 3647 5320 Bonifacio,
3667 5249 3804 5309 ϐω-

2141 5343 2654 5418 lestino,operetur
2680 5348 2738 5402 et
2766 5344 2827 5400 in
2846 5344 3044 5418 Xysto,
3058 5347 3116 5400 et
3135 5343 3196 5400 in
3212 5339 3484 5400 custodia
3502 5337 3804 5396 Dominici

2142 5433 2336 5508 gregis
2355 5433 2478 5491 haec
2499 5433 2576 5492 sit
2597 5453 2733 5508 pars
2752 5433 2947 5508 glorias
2967 5433 3108 5490 huic
3145 5435 3438 5490 reservata
3459 5427 3705 5503 pastori,
3733 5433 3806 5486 ut

2143 5524 2298 5582 sicut
2325 5523 2410 5580 illi
2439 5523 2612 5598 lupos
2633 5525 2877 5598 abegere
2914 5524 3280 5588 manifestos,
3312 5521 3396 5578 ita
3423 5517 3520 5576 hic
3543 5517 3805 5592 depellat

2113 5613 2404 5678 ‘occultos
2435 5631 2450 5673 :
2482 5612 2583 5674 illo
2613 5611 2856 5674 auribus
2887 5613 3012 5676 suis
3060 5609 3389 5674 doctissimi
3439 5606 3600 5670 senis
3627 5605 3800 5670 inso-
