4042 6188
333 314 412 382 79
1269 314 1656 376 ΗΙΝΟΜΑΒΙ
1703 313 1985 376 ΒΗΕΜΕᾸ

2094 313 2153 376 IS
2199 313 2818 378 ARCHIEPISCOPI.
3661 320 3746 400 89

335 447 435 504 riae
489 443 874 518 Augustinus,
914 445 1068 502 sicut
1125 449 1330 502 contra
1387 445 1532 504 alias
1589 445 1798 504 solitus
1841 449 1984 515 erat,
2014 446 2071 514 Α
2101 445 2430 518 Loquentes
2451 462 2586 520 ergo
2608 447 2679 504 de
2701 447 2801 504 Dei
2822 447 3012 522 gratia
3031 451 3089 506 et
3110 449 3444 506 obedientia
3461 447 3743 533 hominis,

334 540 520 595 morte
542 539 870 608 praeventus
893 535 1130 609 speciali
1153 535 1350 592 labore
1371 535 1632 609 nequivit
1653 536 1982 610 confligere.

335 627 504 682 Forte
553 625 730 682 etiam
783 624 920 698 quia
958 643 1062 698 pro
1095 629 1248 682 certo
1281 625 1352 682 ad
1385 643 1551 682 suam
1579 642 1696 682 non
1726 621 1988 699 pervenit

334 714 603 794 notitiam
637 732 650 772 :
686 731 863 786 quam
897 715 947 772 si
977 715 1270 771 evidrnter
1317 715 1669 788 agnovisset,
1702 715 1859 772 credi
1890 731 1986 787 po-

333 807 448 860 test
474 803 544 860 de
574 803 764 876 ipsius
793 803 1036 860 fervoris
1065 802 1187 859 zelo
1219 819 1357 876 erga
1386 803 1522 859 ﬁdei
1565 801 1982 871 sinceritatem,

335 893 474 966 quia
498 911 615 950 non
637 893 934 950 omitteret
956 893 1097 966 quin
1121 896 1324 948 contra
1343 891 1505 947 illam
1519 892 1772 954 scribere
1783 907 1987 963 procu-

334 988 525 1042 raret:
561 983 714 1040 sicut
743 986 802 1039 et
831 987 1034 1039 contra
1063 983 1396 1054 istam,quae
1427 982 1583 1054 apud
1615 979 1811 1038 Gallos
1833 979 1984 1036 exci-

334 1077 458 1131 tata
486 1090 591 1147 per
619 1073 971 1146 Prosperum
1015 1077 1072 1128 et
1105 1071 1388 1128 llilarium
1449 1070 1561 1126 sibi
1620 1069 1897 1137 innotuit,
1929 1072 1986 1128 et

334 1167 506 1221 antea
536 1163 596 1219 in
623 1161 914 1218 Africanis
945 1161 1283 1234 regionibus
1312 1165 1666 1217 commotam
1687 1175 1804 1216 non
1823 1157 1984 1232 igno-

333 1251 500 1322 ravit,
535 1251 748 1324 cuique
777 1267 990 1307 nomen
1023 1251 1176 1322 quod
1198 1253 1401 1324 postea
1430 1249 1652 1322 accepit
1682 1265 1797 1304 non
1829 1247 1983 1304 indi-

333 1343 440 1414 dit,
473 1340 612 1414 quia
641 1339 702 1396 in
731 1357 838 1397 suo
871 1344 1131 1412 tempore
1188 1355 1527 1411 compressa
1581 1337 1829 1411 pleniter
1865 1353 1982 1392 non

333 1430 648 1489 obmutuit.
683 1431 794 1486 Sed
825 1433 958 1503 post
995 1429 1222 1486 obitum
1253 1427 1433 1496 illius,
1467 1426 1814 1483 auctoritate
1845 1441 1982 1498 apo-

335 1519 552 1577 stolicae
607 1519 782 1589 sedis,
819 1535 922 1592 per
975 1518 1211 1574 beatum
1269 1516 1668 1584 Caelestinum,
1701 1514 1986 1572 instantia

335 1608 524 1666 sancti
555 1607 838 1680 Prosperi,
873 1625 942 1663 ex
989 1607 1352 1679 delegatione
1401 1606 1588 1678 ipsius
1613 1608 1828 1661 sanctae
1859 1603 1984 1658 uni-

333 1697 575 1755 versalis
605 1696 894 1764 Ecclesiae,
927 1697 1117 1752 verbis
1149 1695 1375 1769 praefati
1402 1692 1753 1751 venerabilis
1783 1695 1982 1766 Augu-

333 1787 472 1845 stini
504 1785 768 1860 synodali
801 1803 1050 1842 censura
1089 1791 1176 1841 est
1207 1786 1541 1858 redarguta,
1575 1783 1856 1851 convicta,
1892 1786 1983 1837 at-
2012 1823 2060 1890 Β

334 1893 446 1950 que
477 1876 688 1948 sopita,
715 1874 893 1932 veluti
924 1873 1365 1947 suprascriptus
1396 1875 1604 1930 beatus
1634 1871 1983 1928 leestinus

332 1966 393 2022 in
424 1969 748 2020 memorata
775 1963 1022 2037 epistola
1053 1965 1418 2020 demonstrat
1446 1962 1646 2018 dicens
1675 1963 1854 2034 (epist.
1877 1962 1931 2034 8)
1967 1977 1980 2016 :

335 2077 363 2104 «
396 2052 808 2110 Dilectissimis
841 2053 1122 2110 fratribus
1151 2051 1420 2120 Venerio,
1452 2051 1696 2118 Marino,
1723 2049 1981 2118 Leontio,

331 2142 612 2210 Ausonio,
643 2142 957 2210 Archadio,
989 2141 1258 2213 Filtanio,
1291 2145 1348 2196 et
1389 2139 1615 2196 caeteris
1660 2138 1983 2196 Galliarum

331 2231 624 2306 episcopis
651 2231 1017 2288 leestinus.
1040 2253 1067 2282 »
1095 2233 1166 2287 Et
1195 2232 1266 2287 ad
1299 2230 1491 2286 locum
1527 2247 1541 2286 :
1579 2251 1609 2280 ‹‹
1639 2229 1770 2286 Filii
1800 2229 1983 2284 nostri

334 2326 652 2396 praesentes
691 2321 938 2394 Prosper
957 2325 1015 2376 et
1035 2319 1310 2388 Hilarius,
1337 2335 1586 2392 quorum
1617 2318 1771 2374 circa
1799 2318 1985 2374 Deum

335 2415 604 2484 nostrum
653 2409 989 2468 sollicitudo
1038 2409 1332 2465 laudanda
1362 2413 1470 2475 est,
1507 2412 1735 2464 tantum
1789 2405 1984 2464 nescio

334 2501 550 2574 quibus
580 2499 937 2574 presbyteris
967 2498 1087 2554 illic
1115 2497 1417 2570 licere,qui
1435 2495 1788 2554 dissensioni
1813 2495 1988 2552 eccle-

335 2590 560 2647 siarum
591 2589 888 2657 studeant,
921 2591 1060 2646 sunt
1090 2589 1244 2660 apud
1277 2605 1386 2644 nos
1418 2587 1802 2659 prosecuti,ut
1834 2585 1986 2641 indi-

333 2677 680 2752 sciplinatas
706 2677 1060 2749 quaestiones
1081 2679 1352 2732 vocantes
1369 2677 1430 2731 in
1448 2674 1987 2746 medium,pertina-

337 2767 484 2826 citer
501 2784 601 2824 eos
623 2767 821 2824 dicant
849 2767 1166 2838 praedicare
1195 2764 1564 2822 adversantia
1591 2762 1842 2820 veritati.
1877 2763 1987 2819 Sed

336 2861 542 2914 vestras
570 2855 870 2912 dilectioni
888 2854 996 2911 hoc
1011 2853 1236 2927 justius
1268 2854 1630 2926 imputamus
1652 2853 1886 2926 quando
1904 2851 1988 2907 illi

336 2961 520 3018 supra
545 2962 649 3004 vos
697 2945 918 3001 habent
965 2944 1192 3016 copiam
1243 2943 1603 3016 disputandi.
1635 2965 1663 2995 »
1698 2944 1769 2998 Et
1799 2941 1938 2998 item
1969 2957 1984 2996 :

337 3057 367 3087 «ι
391 3035 693 3103 Hahetote,
719 3034 926 3090 fratres
948 3031 1304 3100 charissimi,
1338 3049 1441 3104 pro
1472 3031 1770 3088 catholicae
1801 3029 1988 3102 plebis

335 3140 478 3198 pace
498 3125 814 3180 tractatum
838 3138 852 3177 :
879 3122 1068 3179 sciant
1089 3137 1173 3190 se,
1205 3121 1252 3176 si
1283 3127 1476 3176 tamen
1513 3123 1828 3178 censentur
1857 3137 1986 3192 pre-

2097 535 2155 590 id
2188 535 2347 591 omni
2381 537 2552 593 modo
2584 541 2837 595 statuere
2858 539 3160 608 debemus,
3176 543 3242 596 ut
3270 555 3457 614 neque
3483 541 3654 613 proni
3681 543 3746 605 in

2095 624 2614 700 sinistram,neque
2644 627 2966 699 importuni
2996 627 3056 683 in
3087 627 3407 698 dexteram,
3439 629 3599 702 regia
3627 647 3748 689 ma-

2095 713 2187 786 gis
2215 714 2558 788 gradiamur
2586 715 2699 772 via.
2719 715 2868 772 Illud
2900 721 3097 774 autem
3125 717 3557 774 venerationem
3579 723 3747 778 tuam

2095 801 2310 860 dixisse
2339 802 2592 862 miratus
2621 807 2942 878 sum,quod
2963 805 3163 864 nullus
3195 824 3460 881 unquam
3485 808 3597 865 sub
3619 808 3751 866 reli-

2093 890 2258 964 giosa
2288 893 2647 965 professione
2677 898 2881 952 contra
2911 894 3260 954 catholicam
3291 897 3468 953 fidem
3487 895 3574 954 vel
3606 895 3780 956 scrio'

2095 981 2278 1052 pserit
2307 981 2393 1038 vel
2423 983 2842 1055 praedicavcrit,
2864 1002 2999 1042 cum
3029 985 3271 1058 plurimi
3300 985 3658 1060 multiplices
3687 991 3748 1048 et

2093 1069 2369 1144 profanos
2381 1086 2607 1128 errores
2617 1089 2756 1130 suos
2776 1073 2955 1130 etiam
2973 1074 3328 1146 scriptorum
3343 1075 3744 1138 monumentis

2093 1159 2467 1224 crediderunt
2517 1161 2880 1233 inserendos,
2915 1163 3016 1236 qui
3047 1167 3245 1220 tamen
3283 1163 3612 1222 Christiano
3637 1181 3743 1224 nov

2093 1247 2251 1304 mine
2281 1247 2706 1321 gloriabantur.
2736 1251 2991 1308 Breviter
3026 1269 3164 1326 ergo
3212 1251 3424 1320 dicam,
3454 1257 3744 1325 quantum

2093 1355 2228 1398 cum
2249 1338 2490 1395 absente
2519 1339 2680 1412 loqui
2713 1341 3127 1414 possum,quid
3150 1341 3367 1398 sentire
3387 1359 3522 1398 cum
3549 1342 3746 1400 catho-

2090 1427 2206 1484 lica
2234 1425 2504 1484 Ecclesia
2551 1428 2784 1485 debeas.
2817 1430 2878 1486 Id
2911 1436 3001 1486 est
3029 1435 3095 1486 ut
3123 1446 3258 1486 cum
3291 1430 3482 1504 gratia
3511 1420 3745 1491 Domini

2093 1514 2488 1588 operationem
2520 1516 2796 1590 baptizati
2829 1517 3037 1575 famuli
3065 1535 3297 1592 semper
3325 1519 3636 1594 adjungas,
3671 1520 3745 1578 ad

2093 1621 2229 1660 cum
2259 1605 2357 1677 qui
2391 1605 2962 1676 praedestinationem
2993 1606 3228 1664 excluso
3261 1605 3457 1664 labore
3487 1607 3746 1676 hominis

2093 1693 2303 1750 asserit
2330 1711 2466 1749 cum
2498 1693 2713 1768 Pelagii
2759 1695 3032 1769 dogmate
3061 1696 3388 1756 detesteris.
3420 1697 3750 1771 Anathema

2093 1799 2229 1856 ergo
2250 1781 2464 1856 illi,qui
2483 1782 2638 1840 inter
2663 1783 2922 1856 reliquas
2955 1783 3172 1858 Pelagii
3201 1783 3533 1858 impietates
3561 1785 3750 1843 homi-

2092 1888 2228 1928 nem
2258 1870 2384 1928 sine
2414 1877 2648 1944 peccato
2671 1871 2917 1939 nasci,et
2936 1890 3040 1946 per
3071 1873 3264 1930 solum
3288 1873 3548 1932 laborem
3573 1890 3746 1948 posse

2092 1959 2665 2029 salvari,damnanda
2695 1961 3150 2035 praesumptione
3180 1963 3628 2032 contenderit,et
3641 1963 3746 2036 qui

2093 2065 2228 2105 eum
2260 2049 2388 2104 sine
2417 2049 2608 2122 gratia
2636 2049 2738 2106 Dei
2770 2048 3004 2107 liberari
3037 2067 3211 2124 posse
3243 2049 3570 2110 crediderit.
3600 2053 3744 2114 Item

2095 2137 2410 2214 anathema
2441 2137 2654 2210 illi,qui
2688 2138 2988 2196 hominem
3019 2157 3155 2196 cum
3187 2140 3345 2197 ﬁdeli
3375 2142 3745 2201 confessione

2091 2227 2434 2290 solemniter
2452 2227 2816 2299 baptizatum
2842 2232 2901 2286 et
2930 2233 3288 2286 asserentem
3319 2229 3665 2288 catholicam
3685 2230 3746 2286 fi-

2091 2317 2322 2384 dem,et
2339 2317 2718 2389 postmodum
2747 2334 2854 2391 per
2883 2318 3114 2374 diversa
3141 2318 3350 2375 mundi
3380 2317 3560 2392 hujus
3585 2318 3747 2377 able.-

2095 2408 2390 2463 ctamenta
2419 2409 2478 2461 et
2505 2409 2870 2463 tentanienta
2898 2407 3330 2482 prolapsum,in
3349 2407 3536 2465 Adam
3563 2412 3619 2465 et
3637 2409 3751 2466 ori-

2093 2493 2288 2568 ginale
2317 2498 2621 2567 peccatum
2646 2495 2890 2568 periisse
2920 2496 3411 2556 asseruerit.ltem
3434 2497 3752 2562 anathema

2093 2581 2203 2652 illi,
2237 2582 2338 2656 qui
2363 2600 2466 2656 per
2495 2584 2597 2640 Dei
2627 2585 3057 2657 praescientiam
3086 2586 3388 2644 hominem
3419 2587 3668 2660 deprimi
3687 2587 3749 2653 in

2095 2676 2346 2730 mortem
2389 2672 2618 2729 dixerit.
2648 2673 2792 2730 Item
2849 2675 3165 2731 anathema
3215 2673 3323 2742 illi,
3375 2676 3478 2749 qui
3535 2677 3750 2736 dixerit

2095 2761 2265 2817 illum
2287 2761 2388 2834 qui
2419 2761 2592 2834 periit
2611 2779 2727 2820 non
2749 2763 3047 2837 accepisse
3065 2769 3131 2820 ut
3147 2763 3346 2820 salvus
3367 2781 3495 2821 esse
3523 2768 3744 2840 posset.

2096 2850 2244 2907 Item
2274 2849 2590 2907 anathema
2608 2849 2822 2925 illi,qui
2843 2843 3230 2925 dixerit‘quod
3249 2871 3352 2911 vas
3371 2853 3433 2910 in
3449 2858 3748 2912 contume-

2095 2938 2236 2995 liam
2269 2956 2386 2996 non
2424 2939 2611 3012 possit
2651 2957 2982 3014 assurgere,
3014 2945 3080 2998 ut
3109 2943 3188 3000 sit
3214 2959 3316 3000 vas
3347 2943 3409 2999 in
3439 2943 3745 3020 honorem.

2097 3029 2242 3086 Item
2273 3028 2588 3086 anathema
2619 3028 2725 3097 illi,
2757 3030 2858 3103 qui
2891 3031 3102 3088 dixerit
3145 3031 3299 3105 quod
3330 3032 3597 3090 Christus
3627 3049 3747 3093 non

2096 3135 2200 3192 pro
2232 3119 2509 3175 omnibus
2538 3125 2808 3176 mortuus
2837 3119 2934 3189 sit,
2959 3137 3065 3178 nec
3095 3137 3300 3178 omnes
3329 3121 3598 3178 homines
3629 3120 3747 3182 sal-

335 3195 908 3286 sbyterii-dignitate,
932 3211 1100 3268 vobis
1129 3228 1258 3268 esse
1281 3211 1578 3282 subjectos
1603 3228 1616 3278 ;
1640 3210 1832 3266 sciant
1859 3225 1985 3266 om-
2013 3195 2058 3264 C
2096 3225 2198 3265 vos
2257 3225 2386 3264 esse
2445 3207 2604 3264 velit.
2637 3208 2782 3265 Cum
2833 3213 3030 3266 autem
3069 3211 3142 3267 ad
3176 3227 3283 3268 nos
3311 3209 3370 3266 in
3402 3209 3618 3268 Christi
3648 3227 3750 3270 no-

337 3319 442 3358 nes
473 3301 574 3374 qui
604 3301 756 3358 male
786 3301 1180 3372 docent,quod
1211 3301 1325 3357 sibi
1357 3300 1582 3356 discere
1611 3299 1802 3373 magis
1834 3315 1988 3354 com-

337 3393 499 3463 petat
519 3405 698 3462 quam
728 3389 1108 3446 docere.Nam
1139 3389 1281 3462 quid
1303 3389 1362 3444 in
1379 3387 1640 3444 ccclesiis
1665 3405 1767 3444 vos
1789 3387 1982 3460 agitis,

335 3479 388 3536 si
418 3478 504 3534 illi
534 3495 831 3536 summam
862 3482 1100 3534 teneant
1130 3477 1527 3550 praedicandi?
1551 3500 1579 3528 ››

404 3568 492 3624 Ad
523 3568 694 3640 cujus
715 3566 1048 3639 jussionem
1081 3565 1342 3638 praedicti
1375 3565 1698 3623 Galliarum
1727 3563 1985 3638 episcopi

335 3658 627 3732 synodum
651 3657 1066 3724 habuerunt,et
1091 3655 1428 3727 hujusmodi
1453 3671 1625 3726 prave
1647 3653 1983 3723 sentientes,

337 3748 439 3804 aut
461 3743 872 3816 resipiscentes
895 3743 1106 3816 pietate
1127 3742 1520 3799 ecclesiastica
1544 3741 1984 3816 regulariterre-

337 3836 750 3908 ceperunt,aut
770 3833 830 3888 in
853 3849 962 3888 sua
981 3832 1252 3888 vecordia
1271 3838 1329 3888 et
1349 3833 1542 3904 pravis
1564 3831 1838 3887 sensibus
1859 3847 1986 3902 per-

337 3923 614 3982 sistentes
661 3919 978 3994 episcopali
1036 3923 1210 3992 atque
1257 3919 1540 3977 catholica
1571 3923 1629 3974 et
1671 3917 1989 3992 apostolica

336 4011 682 4072 auctoritate
704 4029 738 4069 a
757 4010 1048 4068 consortio
1074 4010 1336 4066 ﬁdelium
1367 4012 1838 4082 segregaverunt,
1874 4007 1986 4064 sic-

338 4105 404 4158 ut
423 4099 674 4174 epistola
693 4099 957 4173 amicalis
980 4101 1082 4156 Ιϐ
1103 4098 1302 4155 Fausti
1334 4099 1408 4154 ad
1440 4097 1726 4154 Lucidum
1757 4097 1990 4170 presby-

336 4196 552 4260 terum,
585 4193 643 4246 et
670 4188 905 4246 libellus
933 4189 1199 4261 ejusdem
1230 4186 1551 4261 presbyteri
1586 4185 1788 4242 Lucidi
1821 4186 1880 4242 in
1901 4203 1990 4258 sy-

338 4280 490 4338 nodo
525 4283 829 4353 porrectus
880 4277 1169 4350 episcopis
1207 4280 1404 4348 aperte
1436 4275 1836 4332 demonstrat:
1861 4291 1988 4347 quae

340 4373 614 4442 utraque,
648 4372 705 4425 et
732 4366 1039 4440 epistolam
1091 4365 1310 4422 scilicet
1339 4369 1394 4421 et
1421 4363 1795 4420 correctionis
1824 4363 1990 4418 libcl-
2028 4439 2034 4444 ν

336 4457 482 4526 lum,
503 4457 576 4513 ad
607 4456 1134 4513 demonstrandum
1168 4455 1246 4510 rei
1279 4453 1514 4510 evidens
1547 4455 1987 4519 documentum,

339 4545 479 4618 quia
504 4561 621 4601 non
643 4545 962 4617 quaerimus
985 4545 1054 4602 de
1078 4543 1383 4600 mendacio
1406 4547 1667 4600 astruere
1684 4542 1989 4599 veritatem
2018 4569 2067 4636 D

337 4634 436 4691 hic
463 4634 718 4692 inserere
749 4634 1144 4691 necessarium
1176 4634 1472 4690 duximus.

535 4777 778 4850 Epistola
808 4778 996 4834 Fausti
1017 4777 1087 4832 ad
1113 4776 1375 4833 Lucidum
1399 4776 1797 4850 presbyterum.

411 4901 439 4962 ἐς
466 4909 712 4966 Domino
759 4908 1214 4977 devinctissimo,
1247 4913 1304 4966 et
1333 4907 1478 4964 mihi
1509 4905 1748 4982 speciali
1777 4905 1991 4962 affectu

337 5000 668 5058 venerando
697 5004 756 5055 et
781 4999 1156 5072 suscipiendo
1190 4998 1376 5067 fratri,
1402 4997 1621 5053 Lucido
1655 4995 1990 5068 presbytero

341 5089 614 5147 Faustus.
643 5088 896 5146 Grandis
947 5089 1202 5146 Charitas
1251 5091 1338 5144 est
1368 5102 1578 5158 parum
1609 5083 1763 5139 cauti
1795 5082 1992 5138 fratris

338 5195 593 5236 errorem
614 5197 717 5252 per
739 5179 842 5234 Dei
871 5179 1122 5253 gratiam
1153 5183 1210 5233 et
1238 5174 1601 5247 adjutorium
1635 5169 1823 5244 magis
1843 5169 1988 5227 velle

339 5283 747 5342 curare,quam
775 5269 928 5325 sicut
949 5267 1166 5324 summi
1200 5262 1492 5322 antistites
1523 5261 1884 5317 meditantur
1914 5259 1987 5316 ab

339 5358 564 5416 unitate
589 5359 968 5432 suspendere.
987 5357 1136 5424 Quid
1167 5370 1409 5428 possum
1441 5353 1512 5408 de
1543 5351 1652 5406 hoc
1685 5367 1862 5406 sensu
1883 5349 1990 5406 sic-

337 5453 405 5506 ut
431 5449 520 5506 vis
550 5465 686 5508 cum
717 5445 1102 5506 unanimitate
1132 5449 1236 5500 tua
1265 5460 1367 5515 per
1395 5440 1620 5497 litteras
1650 5437 1986 5512 loqui.cum

335 5541 392 5595 te
419 5554 677 5612 praesens
725 5537 914 5594 multa
943 5540 1000 5592 et
1031 5533 1250 5592 blanda
1276 5537 1334 5589 et
1364 5528 1574 5586 humili
1606 5527 1990 5586 collocatione

313 5643 643 5704 nunquam
677 5626 972 5702 potuerim
1025 5625 1097 5684 ad
1142 5627 1296 5683 viam
1336 5617 1602 5682 veritatis
1651 5616 1988 5678 attrahere?

2095 3296 2252 3354 mine
2300 3297 2550 3367 veneris,
2613 3303 2717 3354 aut
2773 3315 2909 3354 cum
2960 3317 2996 3356 a
3048 3299 3268 3357 sanctis
3341 3299 3746 3361 sacerdotibus

2093 3391 2370 3443 evocatus
2402 3386 2607 3454 fueris,
2636 3391 2780 3444 tunc
2827 3393 3160 3461 opportuna
3207 3387 3258 3445 si
3305 3387 3593 3446 Dominus
3612 3389 3745 3460 jus..-

2091 3475 2238 3532 serit
2274 3475 2416 3532 locis
2463 3476 2588 3533 suis
2635 3475 2976 3534 testimonia
3023 3478 3408 3553 proferemus,
3441 3478 3660 3550 quibus
3691 3481 3750 3548 et

2095 3583 2224 3638 quae
2255 3565 2546 3622 catholica
2591 3571 2734 3623 sunt
2783 3567 3259 3634 manifestentur,
3285 3571 3344 3624 et
3370 3583 3498 3639 qua:
3545 3566 3748 3624 catho-

2093 3655 2224 3712 licis
2253 3655 2548 3712 contraria
2605 3656 3002 3714 destruantur.
3035 3657 3153 3714 Nos
3205 3659 3402 3712 autem
3460 3672 3564 3730 per
3617 3653 3753 3714 illu-

2097 3743 2480 3803 minationem
2537 3743 2754 3802 Christi
2807 3743 3088 3801 veraciter
3142 3748 3201 3802 et
3256 3743 3613 3800 conﬁdenter
3657 3759 3750 3800 as-

2093 3833 2370 3900 serimus,
2403 3838 2462 3889 et
2500 3851 2638 3890 cum
2699 3833 2798 3905 qui
2856 3833 3028 3906 periit
3073 3850 3180 3906 per
3226 3832 3484 3905 culpam,
3515 3831 3748 3898 salvum

2095 3939 2224 3979 esse
2254 3921 2515 3994 potuisse
2544 3938 2648 3996 per
2675 3923 2948 3995 gratiam,
2970 3922 3020 3979 si
3051 3921 3250 3996 gratia
3279 3921 3392 3995 ipsi
3421 3920 3626 3978 famuli
3657 3920 3744 3978 la-

2096 4009 2254 4067 boris
2307 4009 2699 4067 obedientiam
2747 4027 2864 4068 non
2915 4015 3206 4084 negasset,
3240 4014 3298 4067 et
3325 4027 3462 4067 eum
3510 4010 3606 4082 qui
3637 4026 3746 4082 per

2097 4099 2346 4173 gratiam
2367 4100 2441 4155 ad
2465 4101 2628 4156 bonae
2649 4099 3176 4157 consummationis
3191 4103 3380 4157 metas
3398 4098 3632 4158 servitio
3645 4099 3749 4156 ob-

2098 4191 2378 4262 sequente
2397 4189 2892 4262 pervenit,cadere
2913 4205 3018 4262 per
3039 4188 3326 4246 desidiam
3347 4194 3407 4246 et
3429 4188 3618 4262 perire
3644 4205 3747 4260 po-

2096 4278 2282 4334 tuisse
2311 4294 2415 4351 per
2443 4277 2700 4350 culpam.
2731 4278 2850 4336 Nos
2895 4295 3032 4352 ergo
3061 4295 3166 4352 per
3197 4277 3482 4347 medium,
3510 4277 3746 4335 Christo

2099 4365 2266 4434 duce,
2281 4367 2633 4440 gradientes,
2657 4372 2789 4440 post
2808 4369 3059 4442 gratiam
3079 4369 3208 4426 sine
3227 4383 3340 4440 qua
3361 4365 3507 4422 nihil
3531 4379 3748 4425 sumus

2097 4455 2358 4512 laborem
2406 4455 2679 4512 officiosa:
2729 4456 3030 4515 servitutis
3061 4457 3416 4515 asserimus:
3448 4457 3550 4514 sed
3581 4457 3749 4514 omni

2099 4546 2272 4602 modo
2293 4544 2691 4618 arrogantiam
2701 4550 2758 4602 et
2768 4547 3284 4620 praesumptionem
3313 4539 3531 4604 laboris
3549 4544 3750 4602 exclu-

2099 4635 2296 4691 dimus
2312 4652 2326 4703 ;
2345 4637 2410 4690 ut
2429 4635 2570 4692 totis
2585 4635 2809 4692 viribus
2829 4636 3184 4693 desudantes
3205 4652 3278 4692 ne
3293 4635 3554 4710 gratiain
3575 4635 3748 4692 nobis

2097 4723 2723 4796 evacuetur,quidquid
2741 4725 2812 4782 de
2833 4742 3015 4782 manu
3035 4724 3270 4782 Domini
3290 4723 3748 4798 susceperimus,

2098 4816 2138 4869 ‘I
2156 4815 2193 4870 7
2211 4813 2431 4870 donum
2452 4813 2901 4886 pronuntiemus
2923 4831 3050 4872 esse
3071 4831 3188 4871 non
3209 4813 3750 4888 prctium,scientes

2099 4901 2316 4959 laboris
2337 4902 2527 4976 ipsius
2553 4903 2811 4960 fructum
2833 4903 3011 4960 ofﬁcii
3041 4921 3166 4960 rem
3197 4921 3346 4974 esse,
3379 4921 3495 4961 non
3526 4901 3746 4971 meriti,

2100 5008 2234 5048 cum
2255 4991 2626 5064 Evangelista
2648 4993 2938 5049 dicentes:
2961 4993 3118 5050 Servi
3128 4993 3352 5051 inutiles
3369 4991 3749 5065 sumus;un

2097 5080 2384 5136 debuimus
2428 5082 2626 5152 facere,
2684 5083 2914 5152 fecimus
2962 5082 3112 5154 (Luc.
3143 5099 3280 5152 XVII,
3315 5084 3426 5153 10).
3459 5081 3590 5138 Hec
3617 5097 3750 5154 quae

2097 5169 2349 5226 strictim
2391 5187 2495 5242 pro
2533 5170 2789 5242 epistola:
2819 5171 3098 5228 brevitate
3127 5177 3451 5228 memorata
3476 5174 3615 5228 sunt
3643 5174 3753 5228 aut

2096 5258 2351 5332 recipere
2373 5264 2564 5328 se,aut
2583 5276 2874 5334 respuere,
2901 5259 3264 5317 unanimitas
3283 5266 3386 5317 tua
3415 5263 3751 5316 recurrente

2095 5365 2363 5406 sermone
2395 5349 2762 5423 respondeat.
2795 5349 3080 5405 Caeterum
3123 5349 3226 5422 qui
3276 5349 3426 5406 hanc
3483 5347 3752 5405 veritatis

2096 5455 2436 5496 mensuram
2465 5437 2654 5512 gratia
2682 5439 3044 5510 praecedente
3072 5443 3132 5495 et
3159 5443 3371 5496 conatu
3401 5441 3753 5511 assurgente

2095 5545 2213 5586 non
2228 5527 2528 5610 osequitur,
2561 5527 2777 5600 dignus
2807 5527 2918 5584 erit
2946 5527 3047 5601 qui
3077 5527 3259 5586 sacris
3317 5527 3625 5584 liminibus
3653 5542 3751 5582 ar-

2096 5617 2440 5693 ceatur.Ego
2458 5619 2658 5676 tamen
2689 5615 3056 5676 individuam
3071 5614 3219 5673 mihi
3245 5614 3570 5674 bonitatem
3579 5617 3749 5673 tuam
