4042 6188
289 337 370 400 81
1009 337 1114 400 DE
1157 334 1924 400 PRJEDESTINATIONE
1965 337 2494 404 DISSERTATIO
2536 345 3003 410 POSTERIOR.
3387 429 3390 433 _
3631 353 3712 416 82

286 477 417 532 toto
448 471 688 530 sincerae
719 469 1099 543 benignitatis
1140 469 1412 544 amplexu
1443 469 1504 524 in
1533 468 1627 526 via
1665 468 1944 539 retinens,
1975 468 2032 537 Α
2061 471 2361 545 deguisse;
2397 474 2495 546 qui
2529 475 2670 532 dicit
2697 477 2864 550 ignes
2901 482 2958 535 et
2995 478 3222 538 inferna
3251 499 3367 540 non
3397 500 3546 544 esse.
3577 485 3710 546 Haec

288 565 454 620 intra
483 560 692 618 matris
737 559 1007 617 Ecclesiae
1048 560 1339 632 gremium
1387 575 1730 632 permanere
1775 577 1948 633 repu-

287 649 458 710 diato
484 651 595 708 hoc
623 666 818 706 errore
865 648 1161 716 desidero;
1194 649 1293 722 qui
1343 649 1394 705 si
1441 650 1556 705 cito
1616 655 1948 724 respuatur,

285 737 626 816 ignorantia
655 738 841 796 fuisse
869 737 1161 794 videbitur
1185 755 1199 792 :
1224 737 1590 810 blasphemia
1617 756 1751 796 vero
1783 755 1953 812 repu-

287 831 540 898 tabitur,
565 829 614 886 si
637 827 1016 902 pertinaciter
1033 827 1401 884 defendatur.
1426 828 1669 885 Gravem
1696 845 1952 902 namque

287 920 350 977 in
375 923 680 976 auctorem
701 921 1111 990 retorquemus
1132 917 1493 985 invidiam,si
1510 917 1777 974 dicamus
1794 919 1950 992 quod

288 1011 342 1067 ei
373 1007 833 1083 possibilitatem
873 1007 1242 1078 capessenda:
1285 1007 1494 1064 salutis
1533 1007 1786 1064 noluerit
1813 1009 1952 1065 dare

288 1100 396 1174 qui
457 1097 674 1171 periit:
707 1113 843 1152 cum
883 1095 1128 1152 minime
1185 1111 1396 1169 negare
1442 1097 1761 1169 possimus,
1795 1099 1950 1171 quod

290 1187 563 1245 mandati
585 1185 1086 1260 praevaricatorem
1105 1184 1164 1240 in
1181 1185 1391 1255 judicii
1411 1186 1502 1243 sui
1523 1186 1953 1242 examinatione

289 1277 625 1334 damnabit.
661 1275 768 1343 Qui
799 1273 954 1331 enim
988 1290 1104 1330 non
1134 1277 1224 1330 est
1253 1273 1539 1330 obnoxius
1559 1276 1630 1330 de
1653 1279 1948 1348 suscepto,

287 1367 494 1424 nescio
524 1365 818 1438 quomodo
849 1361 1034 1436 possit
1063 1379 1192 1418 esse
1221 1363 1292 1418 de
1322 1363 1548 1436 perdito
1572 1380 1584 1419 :
1611 1381 1678 1420 ac
1708 1363 1791 1420 sic
1825 1381 1952 1436 pec-

289 1460 501 1513 cantes
532 1455 593 1510 in
621 1455 826 1522 Deum,
853 1453 1024 1526 cujus
1053 1453 1112 1507 in
1138 1451 1346 1525 primis
1377 1453 1673 1510 incautius
1703 1454 1954 1510 asserui-

289 1563 436 1604 mus
484 1543 756 1618 gratiam,
788 1541 849 1596 in
907 1541 1219 1614 postremis
1277 1542 1406 1614 ejus
1432 1541 1702 1599 videmur
1755 1543 1950 1616 impu-

289 1651 482 1710 gnara
515 1631 834 1705 justitiam.
868 1630 1056 1704 Hujus
1105 1633 1300 1688 autem
1349 1631 1608 1704 epistolae
1642 1619 1954 1705 exemplar

289 1735 537 1781 mecum
567 1721 806 1790 retineo,
831 1719 891 1776 in
915 1722 1200 1777 conventu
1222 1723 1561 1778 sanctorum
1580 1721 1948 1792 Antistitum,

292 1813 348 1872 si
378 1813 467 1869 ita
497 1826 732 1868 necesse
777 1809 970 1876 fuerit,
993 1809 1428 1883 proferendum.
1457 1812 1642 1876 Quam
1673 1811 1722 1866 si
1763 1811 1951 1868 susci-
1981 1823 2032 1909 Β

291 1902 579 1978 piendam
607 1898 901 1974 putaverit
925 1898 1261 1955 fraternitas
1281 1901 1403 1968 tua,
1427 1902 1529 1955 aut
1559 1899 1954 1974 subscriptam

289 2009 485 2048 manu
515 1989 751 2064 propria
779 2005 915 2046 mox
946 1989 1224 2056 remittat,
1259 1992 1360 2044 aut
1391 1989 1774 2061 sequentibus
1807 1989 1956 2046 scri-

285 2069 419 2155 ptis
441 2079 680 2136 omnino
699 2095 762 2136 se
783 2078 1146 2152 improbasse
1173 2077 1540 2151 respondeat.
1565 2079 1728 2145 Quod
1751 2077 1801 2134 si
1824 2095 1953 2135 eam

289 2168 722 2242 subscriptam,
774 2170 840 2222 ut
887 2167 1026 2238 dixi,
1077 2165 1369 2222 remittere
1429 2165 1707 2234 nolueris,
1759 2171 1955 2240 aperte

286 2258 499 2316 adhuc
529 2275 592 2314 se
618 2256 680 2312 in
709 2272 902 2312 errore
931 2255 1243 2329 persistere
1275 2255 1404 2328 ipso
1429 2255 1665 2312 silentio
1696 2272 1957 2330 compro-

285 2348 496 2414 babis,
528 2363 594 2402 ac
623 2345 866 2419 proinde
889 2345 1014 2418 jam
1057 2344 1466 2401 necessitatem
1499 2345 1642 2401 mihi
1673 2346 1852 2402 facies
1880 2345 1954 2402 ad

287 2451 614 2510 personam
645 2423 809 2490 tuam
839 2432 1090 2508 publicis
1122 2433 1502 2490 conventibus
1527 2435 1952 2508 exponendam.

285 2513 371 2583 Et
420 2524 555 2582 ideo
611 2523 935 2580 secundum
991 2522 1113 2578 haec
1169 2540 1295 2596 qua:
1328 2539 1484 2578 ame
1541 2527 1682 2580 sunt
1735 2523 1957 2580 directa

288 2613 582 2680 rescribe,
605 2617 776 2681 utea,
801 2612 1041 2669 remotis
1061 2611 1526 2680 circuitionibus,
1546 2615 1648 2668 aut
1669 2629 1954 2686 agnoscas

285 2692 405 2760 aut
465 2719 724 2775 respuas.
760 2705 894 2757 Item
947 2702 1063 2758 alia
1117 2718 1308 2757 nmnu.
1357 2702 1608 2758 Faustus
1658 2701 1956 2775 exemplar

283 2789 564 2864 epistolae
596 2806 737 2846 meae
769 2787 946 2863 relegi
978 2793 1035 2846 et
1062 2787 1408 2862 subscripsi.
1435 2811 1464 2839 »

521 2935 652 2992 Item
676 2933 959 3006 ezemplar
985 2932 1162 2989 libelli
1188 2931 1386 2989 ιιιθίἀί
1407 2933 1734 3006 presbyteri.

375 3082 404 3110 τι
423 3057 690 3114 Dominis
703 3056 856 3114 beati
864 3056 1064 3113 ssimis
1081 3055 1209 3112 etin
1223 3056 1452 3113 Christo
1469 3055 1956 3114 reverentissimis

287 3149 598 3215 P'atribus,
622 3145 922 3214 Eufronio,
939 3145 1226 3213 Viventio,
1242 3144 1514 3216 Veriano,
1536 3145 1734 3214 Paulo,
1757 3146 1958 3201 Eutro-

2060 562 2261 618 omnia
2290 563 2460 635 quasi
2491 564 2672 638 impia
2693 570 2747 622 et
2771 567 3090 642 sacrilegiis
3119 569 3337 641 repleta
3359 575 3706 634 condemno.

2059 652 2146 707 Ita
2177 655 2372 708 autem
2403 671 2600 710 assero
2631 656 2882 728 gratiam
2913 657 3032 725 Dei,
3058 662 3122 713 ut
3149 659 3420 717 adnisum
3451 663 3710 724 hominis

2059 744 2117 797 et
2137 745 2408 798 conatum
2434 744 2632 816 gratize
2655 761 2886 818 semper
2907 747 3228 820 adjungam
3255 763 3266 802 :
3292 752 3349 804 et
3379 749 3708 811 libertatem

2059 829 2376 886 voluntatis
2399 831 2670 888 humanae
2693 850 2809 890 non
2831 834 3198 902 exstinctam,
3223 837 3322 892 sed
3351 839 3711 898 attenuatam

2060 923 2117 974 et
2133 918 2492 976 inﬁrmatam
2506 937 2633 977 esse
2649 923 3046 994 pronuntiem;
3061 928 3120 980 et
3136 925 3451 996 periclitari
3462 943 3596 984 eum
3611 929 3710 1002 qui

2061 1007 2258 1064 salvus
2289 1013 2400 1078 est,
2419 1013 2475 1065 et
2490 1027 2624 1066 eum
2645 1010 2743 1083 qui
2773 1011 2945 1084 periit
2974 1013 3235 1084 potuisse
3265 1014 3496 1070 salvari.
3514 1015 3712 1074 Chris-

2059 1099 2187 1152 tum
2211 1097 2386 1153 etiam
2419 1099 2602 1153 Deum
2628 1115 2693 1154 ac
2723 1099 3080 1157 Salvatorem
3114 1107 3400 1171 nostrum,
3423 1109 3712 1176 quantum

2061 1185 2310 1258 pertinet
2326 1187 2396 1242 ad
2416 1186 2648 1244 divitias
2665 1189 2943 1245 bonitatis
2961 1207 3099 1257 suae,
3115 1190 3364 1262 pretium
3383 1192 3587 1250 mortis
3607 1209 3712 1270 pro

2061 1275 2338 1332 omnibus
2355 1277 2696 1332 hominibus
2715 1278 2996 1335 obtulisse
3017 1297 3030 1334 :
3052 1283 3108 1336 et
3125 1281 3264 1353 quia
3280 1281 3508 1338 nullum
3526 1283 3714 1356 perire

2060 1363 2200 1420 velit
2213 1365 2313 1438 qui
2330 1369 2420 1421 est
2441 1365 2694 1422 salvator
2705 1367 2969 1422 omnium
2989 1367 3298 1425 hominum
3315 1371 3567 1428 maxime
3580 1372 3716 1430 fide-

2062 1447 2397 1522 lium,dives
2419 1455 2477 1510 in
2495 1455 2769 1511 omnibus
2788 1455 2886 1529 qui
2909 1457 3180 1512 invocant
3197 1457 3385 1514 illum.
3401 1460 3472 1516 Et
3495 1461 3634 1534 quia
3654 1461 3712 1518 in

2061 1543 2242 1599 tantis
2259 1545 2435 1600 rebus
2453 1544 2821 1600 conscientiae
2841 1545 3324 1604 satisfaciendum
3341 1553 3449 1617 est,
3470 1549 3713 1607 memini

2061 1649 2156 1688 me
2185 1636 2320 1687 ante
2341 1632 2556 1688 dixisse
2584 1634 2738 1705 quod
2760 1633 3028 1690 Christus
3052 1651 3154 1706 pro
3186 1635 3281 1693 his
3312 1640 3543 1694 tantum
3567 1655 3715 1712 quos

2061 1720 2388 1778 credituros
2425 1721 2716 1794 praescivit
2759 1723 3110 1793 advenisset,
3152 1725 3473 1782 sententias
3517 1727 3713 1782 Domi-

2061 1810 2225 1868 nicas
2253 1827 2526 1884 sequens,
2550 1811 2768 1884 quibus
2789 1811 2907 1866 ait:
2931 1813 3084 1869 Sicut
3101 1814 3276 1870 Filius
3306 1813 3546 1872 hominis
3566 1817 3719 1872 venit

2062 1918 2175 1957 non
2227 1902 2562 1970 ministrari,
2606 1900 2700 1957 sed
2755 1901 3092 1969 ministrare,
3154 1911 3206 1959 et
3257 1906 3504 1961 animum
3555 1922 3717 1962 suam

2062 1989 2484 2064 redemptionem
2529 1991 2660 2046 dare
2697 2006 2798 2063 pro
2845 1991 3037 2046 multis
3086 1991 3291 2060 (Matth.
3343 2010 3436 2061 xx,
3483 1995 3596 2062 28).
3645 1993 3717 2050 Et

2063 2079 2212 2135 illud
2242 2095 2258 2136 :
2289 2081 2388 2136 Hie
2413 2087 2494 2137 est
2520 2079 2684 2136 cadiae
2724 2081 3015 2150 sanguinis
3045 2083 3156 2136 mei
3196 2081 3332 2138 Novi
3367 2084 3716 2152 Testamenti,

2065 2171 2162 2244 qui
2195 2185 2296 2242 pro
2345 2170 2536 2225 multis
2584 2168 2893 2242 effundetur
2941 2171 3002 2226 in.
3051 2171 3428 2227 remissionem
3469 2179 3716 2244 peccato-

2060 2275 2188 2314 rum
2228 2257 2430 2326 (Matth.
2477 2275 2629 2324 xxv1,
2677 2259 2789 2329 28).
2821 2257 2925 2313 Vel
2985 2258 3128 2314 illud
3188 2259 3450 2332 Apostoli
3498 2277 3512 2316 :
3564 2259 3720 2316 Sicut

2061 2347 2228 2404 semel
2255 2355 2517 2404 statutum
2542 2354 2622 2404 est
2667 2347 2982 2404 hominibus
3013 2349 3175 2414 mori,
3209 2350 3287 2404 ita
3335 2355 3416 2404 est
3461 2349 3716 2406 Christus

2061 2437 2226 2493 semel
2255 2437 2467 2493 oblatus
2512 2445 2593 2494 est
2621 2437 2692 2494 ad
2737 2437 3038 2494 multorum
3081 2437 3458 2494 exhauriendo.
3497 2444 3718 2510 peccata

2064 2525 2241 2598 (Hebr.
2264 2543 2340 2592 IX,
2371 2527 2485 2597 27).
2515 2525 2681 2581 Nunc
2709 2542 2843 2580 vero
2891 2543 3192 2582 sacrorum
3239 2525 3713 2584 testimoniorum

2063 2614 2430 2686 auctoritate,
2455 2631 2581 2687 quae
2607 2615 2840 2670 abunde
2872 2631 2974 2686 per
3003 2615 3194 2686 spatia
3215 2614 3546 2671 divinarum
3569 2615 3718 2672 Scri-

2063 2708 2370 2780 pturarum
2393 2703 2790 2770 inveniuntur,
2806 2707 2862 2758 et
2882 2703 3180 2759 seniorum
3199 2703 3474 2760 doctrinas
3495 2703 3717 2762 ratione

2063 2792 2374 2866 patefacta,
2399 2791 2590 2848 libens
2609 2792 2792 2847 fateor
2811 2791 3107 2848 Christum
3129 2791 3306 2848 etiam
3336 2809 3440 2864 pro
3472 2792 3715 2866 perditis

2064 2881 2390 2950 advenisse,
2439 2881 2539 2954 qui
2597 2881 2800 2936 eodem
2859 2880 3092 2936 nolente
3147 2881 3466 2953 perierunt.
3518 2883 3718 2955 Neque

2063 2969 2222 3026 enim
2254 2969 2342 3025 fas
2371 2972 2460 3024 est
2491 2968 2645 3024 circa
2675 2985 2772 3024 eos
2803 2969 2995 3024 solum
3028 2968 3126 3040 qui
3149 2968 3423 3024 videntur
3441 2985 3570 3025 esse
3599 2969 3718 3025 sal-

2062 3057 2202 3127 vati,
2227 3057 2528 3113 immensae
2551 3056 2785 3112 divitias
2817 3054 3099 3112 bonitatis
3121 3073 3187 3111 ac
3217 3056 3501 3112 beneficia
3519 3056 3719 3113 divina

2019 3206 2022 3208 η
2065 3145 2358 3204 concludi.
2391 3146 2539 3201 Nam
2580 3145 2630 3200 si
2678 3145 2976 3201 Christum
3024 3144 3119 3200 his
3169 3148 3400 3200 tantum
3459 3145 3718 3202 remedia

287 3237 418 3312 pio,
440 3209 736 3304 Marcello,
757 3209 1021 3299 Claudio,
1045 3209 1304 3302 Leontio,
1339 3209 1642 3306 Mamerto,
1667 3209 1948 3305 Auxanio,
1983 3209 2028 3280 α
2065 3234 2334 3293 attulisse
2364 3233 2616 3290 dicimus
2637 3233 2736 3306 qui
2769 3233 3054 3306 redempti
3079 3237 3238 3302 sunt,
3263 3232 3595 3290 videbimur
3623 3234 3718 3290 ab-

285 3313 569 3398 Megetio,
592 3323 1072 3390 Leontio,Croco,
1087 3321 1373 3392 Ursicino,
1397 3323 1656 3390 Fonteio,
1680 3323 1948 3395 Patienti,

287 3405 536 3478 Fausto,
571 3413 788 3483 Graeco,
822 3411 1086 3481 Claudio,
1119 3411 1354 3478 Basilio,
1380 3414 1742 3480 Praetextato,
1776 3413 1950 3486 Prag-

287 3503 501 3572 matio,
533 3501 821 3568 Viventio,
859 3501 1072 3557 Joanni
1111 3501 1406 3574 episcopo,
1441 3501 1815 3574 Theoplasto,
1847 3503 1950 3560 Ju-

286 3589 478 3656 liano,
501 3589 774 3664 Opilioni,
804 3590 1110 3659 Leocadio,
1142 3588 1410 3658 Amicali,
1445 3593 1504 3646 et
1551 3590 1771 3646 Licinio
1821 3607 1950 3664 pre-

287 3681 571 3754 Sbyteris,
594 3679 875 3736 Lucidus.
895 3679 1193 3752 Correptio
1212 3682 1408 3735 vestra
1433 3677 1596 3734 salus
1616 3679 1872 3752 publica,
1895 3683 1954 3736 et

287 3769 590 3827 Sententia
609 3771 803 3825 vestra
823 3767 1114 3824 medicina
1135 3771 1244 3824 est.
1265 3767 1428 3824 Unde
1448 3771 1504 3824 et
1526 3784 1632 3842 ego
1651 3785 1953 3826 summum

287 3858 628 3914 remedium
676 3858 847 3922 duco,
881 3860 947 3912 ut
975 3855 1300 3930 praeteritos
1350 3873 1575 3913 errores
1624 3858 1953 3914 accusando

291 3963 596 4014 excusem,
622 3950 683 4001 et
711 3945 1014 4002 salutifera
1041 3945 1406 4018 professione
1427 3962 1522 4002 me
1551 3945 1794 4003 diluam.
1818 3947 1954 4003 Pro-

281 4027 438 4093 inde
479 4035 656 4108 juxta
701 4033 1058 4108 praedicandi
1117 4033 1374 4090 recentia
1429 4025 1650 4090 statuta
1702 4035 1954 4104 concilii,

293 4125 521 4181 damno
548 4123 857 4180 vobiscum
887 4139 1128 4180 sensum
1161 4122 1352 4190 illum,
1387 4123 1486 4196 qui
1519 4123 1659 4179 dicit
1697 4123 1957 4180 laborem

289 4213 578 4270 humanae
610 4212 957 4269 obedientize
1001 4211 1209 4268 divinae
1247 4213 1447 4285 gratiae
1482 4229 1599 4268 non
1647 4229 1776 4270 esse
1817 4214 1958 4284 jun-

291 4303 594 4378 gendum;
630 4300 731 4374 qui
762 4299 905 4356 dicit
952 4305 1084 4374 post
1113 4301 1290 4374 primi
1320 4301 1576 4357 hominis
1626 4301 1859 4374 lapsum
1891 4318 1961 4358 ex

292 4396 428 4448 toto
447 4389 761 4446 arbitrium
775 4388 1095 4446 voluntatis
1115 4391 1496 4460 exstinctum;
1522 4389 1623 4463 qui
1645 4390 1786 4446 dicit
1803 4390 1958 4462 quod

294 4479 574 4536 Christus
621 4477 912 4534 Dominus
940 4483 998 4535 et
1025 4479 1288 4536 Salvator
1316 4484 1518 4538 noster
1547 4483 1792 4536 mortem
1843 4497 1959 4535 non

2060 3325 2281 3383 solvere
2310 3341 2426 3380 non
2457 3325 2811 3396 redemptos,
2839 3339 2986 3396 quos
3015 3339 3118 3394 pro
3150 3323 3556 3396 redemptione
3588 3339 3720 3380 con-

2059 3419 2283 3488 tempta
2313 3417 2543 3470 constat
2582 3430 2710 3468 esse
2757 3411 3108 3484 puniendos.
3139 3415 3350 3468 Assero
3402 3411 3582 3468 etiam
3613 3429 3719 3486 per

2059 3504 2344 3560 rationem
2375 3506 2432 3558 et
2460 3502 2725 3557 ordinem
2767 3500 3114 3557 saeculorum
3159 3501 3305 3557 alios
3332 3501 3459 3575 lege
3491 3501 3712 3575 gratiae,

2061 3592 2206 3650 alios
2237 3592 2363 3664 lege
2394 3592 2598 3663 Moysi,
2625 3590 2768 3646 alios
2819 3590 2944 3662 lege
2976 3593 3218 3659 naturae,
3247 3607 3425 3662 quam
3473 3591 3629 3648 Deus
3658 3589 3719 3646 in

2061 3681 2325 3738 omnium
2357 3679 2632 3736 cordibus
2665 3679 2924 3750 scripsit,
2947 3677 3006 3733 in
3053 3695 3156 3751 spe
3187 3679 3474 3734 adventus
3504 3677 3722 3734 Christi

2061 3771 2244 3827 fuisse
2275 3769 2528 3825 salvatus
2565 3785 2577 3824 :
2612 3765 2809 3824 nullos
2857 3770 3054 3823 tamen
3087 3783 3155 3822 ex
3198 3765 3363 3823 initio
3413 3766 3617 3822 mundi
3647 3765 3720 3822 ab

2062 3856 2332 3932 originali
2366 3873 2516 3912 nexu
2539 3856 2654 3912 nisi
2677 3856 3097 3911 intercessione
3121 3855 3271 3912 sacri
3301 3855 3608 3930 sanguinis
3628 3854 3724 3911 ab-

2064 3948 2309 4005 solutos.
2335 3947 2616 4002 Profiteor
2643 3945 2820 4000 etiam
2845 3948 3094 4001 aeternos
3125 3945 3290 4016 ignes
3323 3950 3380 4000 et
3411 3943 3725 4000 infernales

2065 4037 2334 4094 flammas
2365 4035 2533 4090 factis
2566 4033 2922 4106 capitalibus
2954 4038 3330 4106 praeparatas,
3361 4033 3500 4106 quia
3529 4047 3725 4106 perse-

2062 4128 2332 4182 verantes
2364 4123 2424 4179 in
2458 4125 2637 4180 ﬁnem
2671 4123 2961 4178 humanas
2985 4123 3189 4195 culpas
3223 4121 3428 4176 merito
3459 4122 3728 4193 sequitur

2067 4214 2262 4270 divina
2291 4213 2604 4281 sententia,
2627 4228 2804 4284 quam
2825 4212 2989 4282 juste
3011 4211 3322 4266 incurrunt
3343 4209 3442 4282 qui
3465 4210 3585 4264 haec
3609 4225 3724 4264 non

2066 4307 2186 4359 toto
2213 4303 2386 4358 corde
2416 4300 2788 4357 crediderint.
2815 4300 2984 4355 Orate
3016 4317 3118 4372 pro
3152 4316 3265 4366 me,
3291 4296 3512 4352 domini
3539 4296 3725 4352 sancti

2068 4396 2127 4448 et
2155 4389 2458 4464 apostolici
2484 4390 2701 4445 Patres.
2728 4389 2986 4442 Lucidus
3019 4388 3322 4459 presbyter
3341 4385 3495 4440 hanc
3518 4385 3730 4458 cpisto-

2067 4480 2186 4536 lam
2218 4496 2396 4534 manu
2429 4478 2666 4550 propria
2687 4475 3034 4546 subscripsi,
3059 4479 3116 4530 ct
3137 4491 3262 4546 quae
3286 4475 3345 4528 in
3369 4490 3438 4530 ea
3457 4479 3728 4530 astruun~

289 4586 407 4644 pro
431 4569 703 4624 omnium
735 4567 922 4624 salute
952 4568 1303 4641 susceperit;
1327 4569 1429 4642 qui
1457 4569 1600 4625 dicit
1629 4569 1784 4642 quod
1815 4586 1958 4642 prm-
1991 4582 2040 4649 Ῑ)
2069 4575 2166 4627 tur
2196 4585 2412 4636 assero,
2437 4571 2494 4622 et
2524 4583 2651 4638 quae
2687 4570 2825 4620 sunt
2853 4565 3134 4619 damnata
3164 4564 3400 4620 damno.
3428 4586 3455 4612 ››

293 4657 557 4715 scientia
587 4657 689 4713 Dei
719 4655 1020 4714 hominem
1050 4649 1334 4713 violenter
1364 4657 1676 4731 compellat
1706 4659 1777 4714 ad
1809 4675 1964 4714 mor-

294 4751 450 4812 tem,
471 4745 564 4800 vel
594 4746 750 4819 quod
797 4745 902 4802 Dei
934 4749 1174 4818 pereant
1201 4745 1503 4803 voluntate
1551 4747 1652 4820 qui
1701 4752 1962 4820 pereunt,

293 4835 406 4910 qui
441 4834 589 4890 dicit
617 4837 771 4908 quod
809 4838 942 4908 post
972 4839 1275 4906 acceptum
1313 4835 1573 4909 legitime
1601 4837 1964 4909 baptismum

291 4925 363 4980 in
393 4923 587 4978 Adam
617 4923 905 4978 moriatur
941 4922 1278 4996 quicunque
1305 4923 1647 4998 deliquerit;
1691 4926 1792 4998 qui
1827 4926 1970 4982 dicit

294 5012 458 5068 alios
480 5013 797 5084 deputatus
817 5012 890 5068 ad
911 5016 1182 5081 mortem,
1201 5011 1350 5068 alios
1371 5013 1443 5069 ad
1465 5014 1646 5070 vitam
1670 5014 1968 5082 praedesti-

293 5105 510 5168 natos;
537 5099 637 5173 qui
665 5099 807 5155 dicit
831 5101 902 5156 ab
924 5101 1107 5159 Adam
1140 5118 1328 5174 usque
1349 5103 1422 5158 ad
1444 5102 1742 5158 Christum
1774 5102 1970 5160 nullos

291 5207 374 5247 ex
403 5189 692 5263 gentibus
739 5204 846 5261 per
902 5189 1156 5262 primam
1189 5188 1286 5245 Dei
1317 5190 1590 5263 gratiam,
1624 5191 1683 5246 id
1733 5196 1822 5248 est
1867 5209 1971 5266 per

287 5278 497 5351 legem
529 5282 760 5333 natura;
790 5276 850 5332 in
883 5278 1196 5334 adventum
1225 5277 1441 5335 Christi
1481 5279 1662 5336 fuisse
1693 5279 1966 5351 salvatos,

291 5385 370 5424 eo
403 5367 562 5439 quod
606 5367 864 5422 liberum
913 5366 1221 5441 arbitrium
1253 5385 1323 5424 ex
1353 5369 1628 5425 omnibus
1677 5369 1737 5424 in
1779 5369 1970 5442 primo

285 5460 546 5529 parente
579 5455 980 5529 perdiderint;
1025 5455 1124 5529 qui
1163 5455 1306 5513 dicit
1345 5457 1712 5530 patriarchas
1743 5475 1808 5514 ac
1838 5476 1969 5532 pro-

291 5545 512 5619 phetas
541 5545 630 5603 vel
666 5562 942 5602 summos
964 5562 1226 5619 quosque
1250 5551 1610 5617 sanctorum,
1635 5549 1814 5604 etiam
1837 5554 1972 5606 ante

297 5634 738 5708 redemptionis
772 5634 876 5692 18
909 5639 1192 5709 tempoea,
1217 5637 1278 5692 in
1315 5637 1572 5708 paradisi
1615 5637 1975 5696 habitatione

2145 4660 2275 4716 Haec
2303 4661 2500 4714 autem
2531 4655 2661 4711 ideo
2695 4654 2789 4710 his
2815 4653 3051 4726 scriptis
3083 4653 3452 4726 interponere
3483 4652 3731 4724 dignum

2075 4748 2454 4811 duximus,ut
2476 4744 2857 4800 manifestum
2894 4743 3013 4811 ﬁat,
3031 4742 3170 4816 quia
3191 4741 3457 4815 quaedam
3474 4740 3573 4798 isti
3613 4757 3734 4797 mo-

2075 4835 2240 4893 derni
2269 4832 2771 4890 Praedestinatiani
2803 4831 3027 4900 dicunt,
3053 4849 3180 4904 quze
3209 4835 3267 4888 et
3294 4835 3517 4887 veteres
3545 4831 3732 4887 haere-

2075 4925 2175 4982 tici
2209 4929 2341 4980 ante
2384 4922 2656 4979 dixerunt
2688 4941 2700 4978 :
2737 4922 2952 4996 quibus
3001 4920 3289 4976 catholica
3317 4925 3374 4976 et
3407 4918 3732 4992 apostolica

2075 5014 2418 5071 auctoritate
2451 5017 2508 5068 et
2539 5012 2658 5082 isti,
2682 4999 2854 5084 longe
2880 5014 3012 5083 post
3036 5009 3291 5066 exorturi
3316 5015 3494 5082 atque
3521 5006 3726 5074 futuri,

2075 5102 2284 5160 devicti
2335 5106 2394 5158 et
2442 5101 2823 5175 przedamnati
2877 5102 3135 5168 fuerunt,
3161 5100 3315 5156 sicut
3368 5099 3616 5167 Prosper
3670 5094 3730 5148 in

2078 5193 2316 5267 praefato
2347 5191 2496 5247 libro
2528 5193 2730 5246 eontra
2759 5189 3023 5246 Cassiani
3064 5189 3295 5244 abbatis
3323 5186 3541 5242 librum
3573 5181 3730 5239 edito

2080 5283 2152 5338 ad
2195 5281 2390 5337 locum
2422 5279 2562 5334 dicit
2595 5296 2656 5334 :u
2683 5278 3067 5345 Venerabilis,
3109 5275 3406 5349 inquiens,
3435 5271 3731 5328 memoriae

2080 5370 2336 5444 pontifex
2357 5367 2722 5438 leestinus,
2748 5369 2842 5424 cui
2873 5369 2944 5423 ad
2971 5365 3270 5423 catholicae
3293 5361 3561 5417 Ecclesiae
3593 5379 3733 5434 prae-

2081 5459 2298 5516 sidium
2320 5459 2508 5514 multa
2523 5457 2804 5513 Dominus
2821 5457 3018 5530 gratim
3043 5471 3158 5508 sure
3179 5453 3332 5506 dona
3353 5450 3600 5524 largitus
3623 5455 3733 5518 est,

2081 5548 2272 5605 sciens
2311 5547 2606 5604 damnatis
2660 5563 2776 5602 non
2825 5560 3065 5601 examen
3117 5539 3350 5614 judicii,
3386 5541 3487 5596 sed
3538 5540 3734 5597 solum

2083 5637 2388 5696 sententiae
2421 5636 2744 5693 remedium
2777 5649 2904 5690 esse
2944 5630 3366 5703 praestandum,
3397 5629 3734 5688 leestium
