4042 6188
331 322 412 389 88
1268 326 1652 390 HINCMARI
1698 323 2148 389 RHEMENSIS
2191 323 2809 389 ABGHIEPISGOPI.
3665 320 3749 386 84

332 457 505 532 quasi
533 475 648 516 non
670 455 922 516 discussi
943 459 1159 534 negotii
1190 460 1554 520 audientiam
1584 459 1981 534 postulantem
2013 459 2066 527 Α
2096 458 2196 531 qui
2227 457 2535 531 paululum
2568 476 2630 514 se
2670 459 2740 514 ad
2791 456 3039 531 legenda
3085 417 3208 512 haec
3258 453 3482 529 dignati
3530 453 3750 512 fuerint

331 547 515 604 totius
547 546 724 604 Italiae
753 548 976 606 finibus
999 551 1186 622 jussit
1212 550 1466 606 extrudi.
1496 549 1652 605 Adeo
1683 554 1742 606 et
1772 549 1990 621 praede-

331 652 634 693 cessorum
655 630 900 694 suorum
924 643 1146 694 statuta
1165 642 1222 696 et
1243 640 1474 695 decreta
1490 637 1794 712 synodalia
1815 637 1992 692 invio-

332 724 590 782 labiliter
618 727 906 784 servanda
925 728 1218 796 censebat,
1243 731 1308 783 ut
1336 728 1491 800 quod
1523 729 1622 783 19
1655 725 1834 784 semel
1869 743 1986 782 me-

327 819 533 872 ruerat
575 815 801 872 abscidi
843 831 1220 888 nequaquam
1275 817 1608 872 admitteret
1663 815 1986 872 retractari.

329 902 447 960 Nec
474 920 608 960 vero
641 904 908 977 segniore
957 920 1098 960 cura
1128 905 1200 960 ab
1233 904 1342 960 hoc
1373 905 1577 960 eodem
1625 905 1830 961 morbo
1862 905 1986 960 Bri-

333 991 570 1049 tannias
590 991 890 1050 liberavit:
912 993 1145 1066 quando
1163 993 1452 1065 quosdam
1475 993 1748 1050 inimicos
1763 993 1986 1065 gratia},

337 1080 532 1140 solum
556 1085 675 1138 sua:
696 1081 940 1155 originis
961 1085 1336 1154 occupantes,
1356 1081 1531 1138 etiam
1555 1081 1747 1138 abillo
1770 1085 1990 1138 secreto

332 1169 556 1228 exclusi
585 1170 819 1240 Oceani,
843 1175 901 1226 et
941 1170 1208 1228 ordinato
1258 1169 1470 1228 Scottis
1518 1171 1812 1244 episcOpo,
1847 1171 1990 1226 dum

335 1259 665 1316 Romanam
693 1257 955 1316 insulam
981 1261 1182 1317 studet
1209 1276 1438 1316 servare
1460 1258 1830 1328 catholicam,
1855 1260 1992 1316 fecit

332 1347 512 1404 etiam
531 1347 844 1404 barbaram
865 1348 1280 1405 Christianam.
1297 1349 1404 1404 Per
1420 1349 1578 1404 hunc
1598 1348 1789 1404 virum
1811 1349 1990 1406 etiam

337 1435 664 1494 Orientales
709 1436 978 1493 Ecclesiae
1017 1437 1254 1510 gemina
1283 1441 1444 1510 peste
1490 1442 1751 1510 purgatae
1801 1442 1940 1493 sunt
1973 1455 1987 1494 :

343 1525 580 1598 quando
610 1525 822 1598 Cyrillo
852 1525 1251 1582 Alexandrinae
1285 1525 1447 1582 urbis
1479 1525 1750 1594 antistiti,
1773 1525 1993 1598 glorio-

332 1612 576 1670 sissimo
609 1614 744 1670 fidei
786 1613 1084 1671 catholica:
1131 1615 1538 1684 defensori,ad
1587 1614 1990 1671 debellendam

330 1701 736 1758 Nestorianam
767 1702 1129 1776 impietatem
1179 1703 1498 1776 apostolico
1547 1703 1861 1761 auxiliatus
1904 1710 1994 1760 est

328 1789 545 1862 gladio,
561 1807 675 1862 quo
705 1791 884 1848 etiam
905 1790 1220 1866 Pelagiani,
1244 1794 1387 1848 dum
1412 1793 1676 1866 cognatis
1701 1793 1990 1849 confoede-

329 1881 538 1934 rantur
555 1880 874 1952 erroribus,
896 1879 1110 1936 iterum
1143 1886 1671 1953 prosternerentur.
1693 1883 1798 1938 Per
1828 1881 1986 1938 hunc

328 1965 522 2023 virum
554 1967 710 2023 intra
731 1966 949 2024 Gallias
970 1968 1104 2025 istis
1131 1967 1298 2041 ipsis,
1323 1969 1425 2042 qui
1447 1975 1660 2026 saneta
1693 1971 1986 2026 memoriae

329 2055 645 2128 Augustini
674 2057 893 2129 scripta
921 2057 1376 2130 reprehendunt,
1403 2058 1866 2132 maleloquentiae
1897 2065 1988 2116 est

333 2143 608 2217 adempta
657 2143 944 2202 libertas:
980 2147 1214 2218 quando
1270 2147 1705 2204 consulentium
1761 2145 1986 2204 actione

333 2236 630 2306 suscepta,
661 2238 718 2290 et
755 2233 1042 2290 librorum
1082 2235 1184 2308 qui
1225 2235 1560 2293 errantibus
1599 2236 1988 2310 displicebant

333 2319 549 2394 pietate
576 2321 981 2396 laudata,quid
1005 2318 1298 2397 oporteret
1317 2325 1390 2380 de
1411 2341 1612 2382 eorum
1643 2325 1986 2382 auctoritate

335 2410 541 2467 sentiri
573 2416 777 2468 sancto
821 2412 1216 2468 manifestavit
1251 2413 1503 2486 eloquio,
1528 2415 1826 2472 evidenter
1853 2432 1984 2488 pro-

335 2497 941 2572 nuntians,quantum
971 2501 1082 2557 sibi
1115 2503 1591 2574 praesumptionis
1623 2504 1794 2560 istius
1825 2505 1986 2558 novi-

332 2589 426 2644 tas
449 2587 808 2662 displiceret,
825 2607 942 2662 qua
962 2591 1243 2648 auderent
1264 2591 1503 2664 quidam
1525 2594 1805 2650 adversus
1831 2593 1986 2649 anti-

335 2692 486 2750 quos
515 2677 831 2752 magistros
859 2678 1181 2735 insolenter
1217 2680 1540 2754 insurgere,
1563 2686 1622 2737 et
1659 2681 1987 2754 indiscipli-

338 2769 479 2822 nata
520 2765 820 2823 calumnia
857 2767 1257 2840 praedicationi
1302 2770 1564 2826 veritatis
1603 2771 1938 2842 obstrepere
1970 2787 1984 2828 :

341 2853 818 2929 «Augustinum,
858 2855 1153 2928 inquiens,
1175 2861 1389 2914 sanctae
1441 2860 1859 2916 recordationis
1905 2860 1988 2916 vi-

334 2959 492 3014 rum,
509 2960 612 3017 pro
626 2943 744 3000 vita
761 2961 868 3000 sua
884 2950 1060 3018 atque
1079 2963 1183 3018 pro
1205 2945 1452 3014 meritis,
1466 2948 1525 3004 in
1544 2952 1746 3004 nostra
1760 2966 1990 3022 semper

337 3031 752 3090 communione
800 3032 1144 3103 habuimus,
1177 3057 1206 3084 »
1251 3039 1308 3090 et
1356 3037 1678 3108 sequentia,
1715 3037 1868 3094 sicut
1922 3054 1991 3094 ex

342 3119 593 3193 epistola
609 3123 875 3194 ejusdem
895 3140 1059 3196 papae
1075 3141 1256 3196 supra
1273 3125 1602 3196 posuimus.
1619 3126 1766 3192 Quia
1786 3127 1992 3184 nihilo-

2101 563 2404 620 occupare,
2436 547 2732 603 evidenter
2761 547 3101 620 agnoscant,
3137 543 3455 616 impiarum
3485 543 3752 616 profana-

2100 653 2350 709 rumque
2389 636 2732 708 opinionum
2777 634 3007 690 nullum
3055 635 3157 690 20
3207 633 3483 690 cordibus
3531 633 3749 690 nostris

2097 724 2403 782 inhzesisse
2421 723 2756 798 vestigium,
2781 727 2837 780 et
2857 721 3257 796 blasphemias
3279 738 3426 793 quas
3447 739 3753 794 pnrspexe-

2098 815 2218 870 rint
2249 819 2448 870 nostra
2483 812 2844 887 professione
2875 811 3163 878 damnari,
3187 810 3248 866 in
3287 811 3629 866 earumdem
3661 827 3752 867 re-

2098 903 2430 976 pertoribus
2461 906 2740 959 censeant
2768 902 2979 958 debere
3009 899 3229 974 puniri.
3248 920 3280 976 n
3298 898 3430 954 Hzee
3459 903 3753 956 commota

2098 996 2157 1048 et
2186 1007 2522 1064 compressa
2551 995 2726 1063 atque
2779 989 3105 1063 composita
3133 987 3251 1045 illis
3280 987 3365 1044 ita
3391 987 3552 1044 fuere
3593 991 3750 1045 tem-

2099 1081 2362 1156 poribus.

2751 1175 2984 1234 CAPUT
3025 1175 3094 1232 ll.

2098 1269 2206 1324 Per
2234 1283 2365 1340 quos
2395 1275 2445 1340 et
2473 1267 2710 1340 qualiter
2738 1265 2852 1340 htec
2877 1264 3064 1340 eadem
3092 1263 3341 1340 haeresis,
3373 1272 3437 1320 ut
3463 1262 3528 1320 de
3559 1270 3751 1340 trunco

2169 1336 2562 1394 aniaritudihis
2617 1339 2813 1410 spuria
2867 1337 3220 1406 vitulamina,
3261 1337 3319 1392 in
3361 1343 3596 1409 tempore
3650 1336 3751 1392 ista

2165 1411 2544 1484 pallula-verit.

2171 1527 2234 1582 In
2265 1526 2376 1582 hoc
2407 1529 2606 1582 autem
2650 1529 2914 1598 tempore
2943 1522 3184 1596 quidam
3215 1521 3650 1592 Gothescalcus,
3683 1538 3755 1578 ex

2101 1614 2440 1688 metropolis
2483 1613 2754 1671 Ecclesiae
2786 1613 3146 1670 Rhemorum
3196 1609 3571 1680 monasterio,
3593 1609 3754 1683 quod

2100 1703 2342 1760 Orbacis
2370 1703 2606 1769 dicitur,
2637 1701 2842 1758 habitu
2894 1701 3242 1768 monachus,
3269 1704 3462 1755 mente
3506 1698 3753 1769 ferinus,

2101 1793 2316 1866 quietis
2347 1792 2745 1866 impatiens,et
2764 1790 2918 1847 inter
2936 1807 3075 1846 suos
3099 1787 3419 1846 mobilitate
3441 1787 3611 1844 noxia
3635 1787 3757 1844 sin-

2098 1882 2340 1956 gularis,
2373 1884 2444 1939 de
2491 1881 2768 1938 omnibus
2800 1897 2928 1953 quae
2958 1895 3226 1952 perverse
3283 1881 3423 1934 tunc
3469 1877 3754 1950 temporis

2095 1988 2268 2028 sensa
2299 1973 2663 2043 cognoverat,
2689 1972 2944 2042 quatuor
2973 1967 3086 2024 sibi
3115 1966 3292 2040 elegit
3319 1965 3595 2040 capitula,
3617 1982 3754 2022 om-

2094 2060 2260 2116 nium
2291 2075 2437 2132 pene
2469 2059 2918 2130 perversitatum
2949 2055 3184 2112 illarum
3218 2051 3444 2111 faetidas
3473 2059 3531 2111 et
3557 2071 3754 2110 caenu-

2094 2149 2282 2205 lentas
2315 2149 2470 2205 feces
2501 2148 2561 2203 in
2589 2165 2651 2203 se
2673 2145 3052 2214 continentia,
3071 2145 3288 2218 quibus
3310 2143 3670 2222 simplicium
3693 2147 3759 2198 ot

2094 2239 2432 2294 devotorum
2454 2253 2664 2293 sensus
2687 2237 3098 2308 pervertere,et
3117 2231 3385 2306 magistri
3407 2230 3518 2289 sibi
3538 2249 3756 2288 nomen

2095 2327 2455 2400 usurpando,
2490 2330 2624 2398 post
2653 2342 2715 2381 se
2745 2322 3068 2397 discipulos
3099 2322 3352 2392 trahere,
3379 2319 3617 2393 illisque
3647 2320 3755 2394 qui

2095 2417 2168 2472 ad
2201 2433 2310 2472 sua
2326 2419 2461 2470 vota
2491 2414 2735 2470 auribus
2765 2413 3094 2486 prurientes
3125 2409 3441 2483 magistros
3474 2409 3588 2466 sibi
3621 2427 3757 2466 coa-

2099 2522 2332 2561 cervare
2361 2505 2666 2560 decertant
2714 2501 2931 2558 valeret
2978 2499 3258 2566 indebite,
3282 2497 3558 2572 quoniam
3607 2497 3756 2572 legi-

2097 2595 2238 2650 time
2261 2610 2376 2650 non
2399 2595 2646 2665 poterat,
2667 2590 2788 2646 vita
2807 2589 3082 2664 religiosa
3100 2593 3158 2645 et
3179 2587 3466 2644 catholica
3485 2586 3759 2644 doctrina

2095 2699 2364 2756 praiesse.
2391 2683 2563 2754 Isque
2589 2697 2736 2753 quos
2757 2679 2950 2752 potuit
2973 2677 3089 2735 sibi
3111 2671 3426 2750 complices
3445 2676 3579 2732 fecit
3599 2675 3755 2732 dun-

2095 2775 2256 2828 taxat
2274 2769 2558 2826 innotesci
2585 2767 3116 2840 desiderantes,qui
3141 2766 3418 2840 quoniam
3440 2765 3611 2822 rectis
3635 2782 3757 2821 non

2098 2865 2366 2934 poterant
2386 2857 2639 2932 dyscolis
2671 2857 2792 2914 noti
2823 2858 3048 2912 ﬁerent.
3073 2855 3300 2928 Quique
3330 2872 3365 2912 a
3396 2854 3761 2912 monasterio

2098 2948 2498 3022 irregulariter
2517 2947 2738 3014 exiens,
2753 2944 3078 3019 peragratis
3101 2943 3437 3017 regionibus
3457 2943 3755 3016 plurimis,

2098 3039 2158 3095 in
2185 3037 2530 3110 Moguntina
2549 3035 2780 3092 civitate
2811 3033 3023 3091 habitae
3053 3034 3274 3107 synodo
3296 3038 3354 3089 et
3384 3033 3622 3089 Rabano
3653 3050 3758 3088 ar-

2098 3127 2468 3201 chiepiscopo
2485 3123 2751 3181 libellum
2769 3124 2858 3181 sui
2877 3123 3090 3180 erroris
3107 3121 3759 3196 porrigens,damnatus

341 3208 542 3266 minus
571 3226 640 3266 ex
669 3193 1032 3283 delegatione
1063 3193 1392 3284 apostolica:
1423 3213 1580 3269 sedis
1610 3213 1730 3270 hmo
1760 3215 1988 3271 incom-
2018 3193 2063 3264 ο
2099 3193 2475 3272 cum-litteris
2503 3213 2885 3289 synodalibus
2906 3213 2978 3268 ad
3001 3193 3360 3268 Rhemorum
3382 3209 3758 3282 metropolim

335 3296 526 3370 posita
554 3296 614 3352 in
647 3297 884 3354 Gallicis
924 3299 1263 3372 regionibus
1302 3302 1714 3373 composuerit,
1747 3303 1902 3360 sicut
1933 3308 1990 3360 et

332 3383 395 3438 in
425 3384 668 3456 prafata
717 3385 964 3457 epistola
1003 3387 1350 3445 leestinus
1397 3389 1764 3460 monstravit,
1798 3391 1986 3449 isdem

333 3471 584 3545 Prosper
609 3471 670 3528 in
693 3475 1028 3547 praefatione
1049 3476 1568 3534 Vincentianarum
1587 3480 1985 3552 objectionum

332 3561 590 3618 ostendit
636 3563 836 3619 dicens
871 3581 938 3619 :«
976 3564 1246 3634 Quidam,
1279 3567 1490 3638 inquit,
1527 3567 1868 3627 Christianae
1918 3589 1986 3628 ac

332 3649 600 3708 fraternae
625 3651 929 3709 charitatis
949 3653 1134 3722 obliti,
1157 3655 1217 3709 in
1239 3659 1469 3712 tantum
1494 3656 1982 3716 existimationem

332 3743 596 3796 nostram
629 3757 863 3813 quoquo
895 3742 1068 3797 modo
1095 3744 1338 3799 student
1366 3743 1592 3812 laedere,
1626 3751 1692 3802 ut
1722 3765 1890 3802 suam
1923 3765 1986 3804 se

331 3833 588 3885 evertere
617 3829 863 3884 nocendi
885 3830 1204 3903 cupiditate
1235 3850 1352 3889 non
1381 3834 1634 3890 videant.
1659 3836 1986 3894 Contexunt

331 3917 862 3988 enim,etqualibus
878 3925 1126 3991 possunt
1143 3922 1446 3978 sententiis
1459 3925 1981 3996 comprehendunt,

328 4003 834 4078 ineptissimarum
852 4011 1244 4079 quarumdam
1269 4010 1772 4084 blasphemiarum
1794 4017 1986 4088 prodi-

331 4092 497 4166 giosa
553 4094 879 4164 mendacia,
910 4113 1095 4169 eaque
1151 4099 1515 4156 ostendenda
1560 4105 1618 4156 et
1667 4103 1984 4176 ingerenda

330 4180 537 4238 multis
551 4181 786 4256 publice
802 4184 1194 4258 privatimque
1206 4187 1983 4260 circumferunt,asscrentes

329 4269 473 4326 talia
499 4269 560 4326 in
591 4276 791 4328 nostro
823 4289 952 4330 esse
983 4291 1181 4344 sensu,
1207 4277 1345 4349 quia
1367 4276 1655 4335 diabolico
1686 4283 1985 4338 continen-

327 4358 726 4417 turindiculo.
751 4363 886 4428 Quae
917 4363 1063 4420 falso
1107 4365 1167 4418 in
1209 4382 1316 4420 nos
1347 4367 1420 4422 ad
1452 4369 1854 4426 suscitandam
1887 4371 1982 4426 in-

327 4446 547 4504 vidiam
569 4449 851 4522 jactitari,
879 4451 1046 4508 facile
1075 4458 1133 4508 et
1161 4454 1522 4511 sufficienter
1551 4459 1982 4531 subscriptione

2097 3309 2186 3360 est
2213 3304 2500 3360 remissus
2525 3321 2538 3360 :
2565 3319 2818 3376 quarum
2854 3301 3186 3356 litterarum
3211 3299 3508 3373 exemplar
3534 3298 3629 3354 hic
3660 3299 3760 3355 in-

2096 3410 2288 3450 serere
2313 3391 2657 3448 rationabile
2686 3391 2993 3462 dusimus,
3011 3390 3163 3462 quod
3189 3389 3271 3446 ita
3294 3405 3355 3445 se
3378 3388 3617 3444 habet.«
3643 3387 3760 3444 Re-

2094 3481 2497 3539 verentissims
2521 3481 2686 3536 fratri
2707 3484 2764 3535 et
2784 3479 3186 3536 consacerdoti
3205 3478 3518 3534 Hincmaro
3539 3476 3764 3534 archie-

2096 3571 2336 3646 piscopo
2369 3569 2648 3626 Rabanus
2672 3585 2874 3624 servus
2895 3565 3109 3624 Christi
3143 3569 3201 3623 et
3221 3581 3520 3623 servorum
3541 3566 3673 3636 ejus
3693 3564 3759 3622 in

2095 3659 2341 3715 Domino
2374 3657 2649 3714 salutem.
2673 3657 2889 3714 Notum
2922 3655 3000 3710 sit
3032 3654 3327 3710 dilectioni
3355 3659 3562 3710 vestra:
3592 3654 3759 3726 quod

2094 3747 2335 3820 quidam
2365 3763 2692 3820 gyrovagus
2742 3743 3068 3800 monachus
3110 3743 3344 3799 nomine
3384 3741 3758 3812 Gothescalc,

2092 3837 2192 3909 qui
2225 3853 2288 3892 se
2318 3835 2530 3892 asserit
2563 3833 2928 3890 sacerdotem
2971 3832 3029 3887 in
3061 3837 3256 3890 vestra
3283 3830 3564 3904 parochia
3590 3831 3763 3888 ordi-

2093 3930 2325 3994 natum,
2362 3925 2434 3980 de
2468 3921 2633 3980 italia
2673 3921 2832 3978 venit
2876 3921 2948 3978 ad
2999 3938 3106 3978 nos
3153 3919 3538 3994 Moguntiam,
3572 3937 3765 3979 novas

2094 4012 2549 4087 superstitiones
2580 4016 2636 4068 et
2667 4011 2898 4066 noxiam
2925 4009 3250 4066 doctrinam
3281 4011 3353 4066 de
3382 4008 3765 4082 praedestina-

2093 4102 2248 4160 tione
2279 4101 2380 4159 Dei
2425 4100 2827 4166 introducens,
2862 4103 2918 4154 et
2956 4097 3205 4172 populos
3235 4097 3296 4153 in
3325 4113 3580 4154 errorem
3611 4097 3760 4155 mit-

2093 4195 2222 4249 tens
2248 4209 2260 4246 :
2288 4191 2490 4247 dicens
2523 4189 2679 4261 quod
2721 4187 3156 4267 praedestinatio
3187 4186 3286 4244 Dei
3323 4186 3479 4244 sicut
3507 4185 3567 4240 in
3594 4185 3760 4245 bono

2093 4281 2171 4337 sit
2197 4279 2281 4336 ita
2309 4283 2368 4336 et
2397 4277 2458 4333 in
2490 4277 2676 4346 malo;
2709 4281 2768 4332 et
2799 4275 2946 4332 tales
2977 4275 3100 4332 sint
3126 4275 3187 4330 in
3216 4275 3326 4331 hoc
3365 4274 3586 4330 mundo
3618 4275 3762 4348 qui-

2093 4371 2250 4437 dam,
2275 4368 2376 4440 qui
2425 4370 2665 4438 propter
2703 4365 3275 4437 praadestinationem
3323 4363 3424 4420 Dei
3473 4379 3603 4435 quae
3651 4381 3764 4422 eos

2091 4462 2260 4530 cogat
2289 4457 2350 4511 in
2382 4458 2632 4510 mortem
2663 4453 2767 4522 ire,
2793 4469 2908 4509 non
2939 4452 3172 4526 possint
3202 4452 3274 4508 ab
3304 4467 3498 4507 errore
3529 4455 3586 4506 et
3615 4467 3763 4523 pec—

329 4533 510 4591 unius
537 4535 917 4608 probaremus
944 4541 1360 4609 anathematis,
1386 4545 1500 4600 nisi
1531 4546 1870 4620 malignitas
1894 4566 1984 4606 eo-
2011 4565 2060 4631 ι)
2090 4549 2218 4602 cato
2249 4562 2312 4601 se
2341 4544 2650 4616 corrigere,
2685 4541 2856 4614 quasi
2887 4541 3042 4598 Dens
3073 4537 3172 4597 eos
3213 4538 3449 4596 fecisset
3477 4539 3549 4596 ab
3581 4539 3762 4598 initio

330 4623 602 4696 rum,qui
633 4641 696 4680 se
741 4629 969 4700 gravari
1017 4634 1228 4700 putant
1257 4632 1306 4688 si
1339 4633 1412 4688 de
1441 4634 1609 4690 nobis
1641 4636 1787 4692 bene
1840 4655 1978 4694 sen-

329 4710 529 4779 tiatur,
560 4710 747 4784 ipsam
772 4716 1222 4790 subscriptionis
1252 4725 1464 4776 nostra:
1486 4722 1827 4781 brevitatem
1857 4744 1982 4783 sus-

328 4804 560 4872 pectam
591 4807 747 4859 esset
773 4803 1068 4863 habitura.
1091 4807 1255 4864 Unde
1286 4827 1360 4866 ne
1401 4809 1580 4882 hujus
1613 4815 1860 4886 querela:
1891 4815 1980 4871 in-

325 4889 626 4946 veniretur
641 4894 889 4966 occasio,
907 4897 1303 4953 necessarium
1319 4900 1785 4974 conveniensque
1803 4904 1980 4960 credi-

329 4977 620 5045 dimus,ut
640 4979 759 5037 sive
775 4983 848 5038 ad
867 4983 1334 5042 calumnantium
1355 4987 1584 5044 animos
1601 4990 1978 5064 mitigandos,

329 5067 450 5124 sive
471 5067 544 5124 ad
565 5085 664 5126 eos
687 5087 936 5143 quorum
957 5074 1200 5130 auribus
1222 5074 1339 5130 tale
1359 5074 1581 5148 aliquid
1606 5078 1870 5134 insonuit
1892 5081 1979 5136 in-

329 5158 664 5230 struendos,
679 5164 990 5232 quantum,
1009 5161 1323 5234 adjuvante
1344 5162 1612 5236 Domino,
1639 5167 1760 5222 ﬁeri
1781 5173 1978 5241 potue-

329 5245 426 5314 rit,
450 5245 620 5319 plene
640 5246 950 5322 lucideque
973 5251 1302 5322 pendamus
1323 5252 1464 5324 quid
1487 5253 1558 5308 de
1577 5258 1864 5326 perversis
1886 5259 1979 5315 de-

327 5333 695 5392 ﬁnitionibus
709 5337 1068 5408 judicemus.
1094 5339 1411 5410 Propositis
1433 5340 1614 5414 igitur
1633 5343 1976 5417 singillatim

327 5423 621 5478 sexdecim
653 5425 950 5498 capitulis,
983 5427 1093 5481 sub
1133 5445 1487 5502 unoquoque
1526 5447 1726 5490 eorum
1768 5453 1978 5495 sensus

327 5510 513 5565 nostri
537 5517 595 5566 et
615 5513 955 5587 ﬁdei,quam
977 5521 1183 5572 contra
1199 5516 1538 5590 Pelagianos
1559 5537 1627 5575 ex
1647 5526 1976 5595 apostolicae

330 5597 488 5656 sedis
529 5602 877 5660 auctoritate
917 5605 1306 5676 defendimus,
1337 5607 1514 5664 verba
1553 5627 1838 5682 ponemus
1870 5635 1883 5672 :
1917 5622 1980 5673 ut

2089 4630 2514 4706 incorrigibiles
2543 4648 2693 4700 esse,
2717 4634 2774 4686 et
2805 4647 2987 4703 penna:
3019 4629 3298 4686 obnoxios
3345 4627 3406 4685 in
3443 4628 3761 4686 interitum

2090 4723 2194 4778 ire.
2222 4723 2379 4778 Ilanc
2401 4737 2537 4793 ergo
2559 4719 2894 4792 opinionem
2918 4737 3107 4792 nuper
3128 4719 3184 4774 in
3211 4718 3432 4792 synodo
3453 4717 3608 4790 apud
3634 4717 3766 4774 Mo-

2088 4811 2356 4886 guntiam
2386 4808 2588 4864 habita
2616 4809 2687 4864 ab
2721 4825 2788 4864 eo
2819 4808 3151 4878 audientes,
3185 4811 3242 4864 ct
3287 4805 3763 4880 incorrigibilem

2089 4917 2224 4957 eum
2255 4897 2628 4972 reperientes.
2653 4901 2949 4954 annuente
2989 4901 3166 4968 atque
3202 4897 3452 4967 jubente
3481 4893 3762 4968 piissimo

2088 5007 2222 5062 rege
2251 4992 2450 5044 nostro
2483 4986 2792 5053 Ludovico,
2823 4985 3190 5041 decrevimus
3217 5000 3353 5040 eum
3385 5001 3522 5041 cum
3549 4985 3764 5057 perni-

2088 5079 2247 5135 ciosa
2278 5095 2386 5133 sua
2416 5075 2681 5132 doctrina
2705 5069 3052 5130 damnatum
3085 5072 3316 5130 mittere
3341 5074 3416 5130 ad
3439 5090 3573 5141 vos;
3601 5089 3765 5144 qua-

2085 5173 2258 5224 tenus
2287 5183 2421 5223 eum
2455 5163 2770 5220 recludatis
2814 5165 2872 5220 in
2903 5167 3094 5219 vestra
3133 5161 3414 5236 parochia
3443 5162 3600 5218 unde
3627 5161 3767 5232 pri-

2085 5274 2250 5314 mum
2268 5254 2598 5312 inordinate
2615 5253 2876 5320 recessit,
2895 5256 2953 5309 et
2969 5269 3086 5308 non
3109 5251 3319 5310 sinatis
3337 5269 3471 5307 eum
3489 5247 3770 5322 amplius

2089 5362 2345 5404 errorem
2370 5345 2597 5411 docere,
2628 5345 2684 5398 et
2715 5341 2990 5398 seducere
3012 5341 3297 5415 populum
3321 5339 3767 5409 Christianum,

2087 5435 2364 5510 quiajam
2388 5431 2605 5488 multos
2623 5431 2915 5499 seductos,
2931 5435 2998 5487 ut
3019 5431 3234 5499 audivi,
3255 5430 3527 5497 habet,et
3545 5427 3767 5488 minus

2086 5528 2325 5584 devotos
2355 5538 2493 5594 erga
2525 5536 2692 5574 suam
2727 5519 3000 5587 salutem,
3025 5521 3122 5592 qui
3164 5519 3387 5576 dicunt.
3413 5517 3560 5584 Quid
3594 5515 3767 5574 mihi

2088 5611 2345 5690 proderit
2373 5610 2637 5667 laborare
2667 5608 2726 5664 in
2759 5608 2992 5665 servitio
3014 5607 3157 5665 Dei?
3186 5607 3325 5678 quia
3355 5606 3402 5663 si
3436 5605 3767 5679 prmdesti-
