  <div class='ocr_page' id='page_1' title='image "/cluster/home/n/w/nwhite01/storage/ocr_20150623/125/hvd.32044054759873/048.png"; bbox 0 0 4042 6188; ppageno 0'>
   <div class='ocr_carea' id='block_1_1' title="bbox 253 367 332 438">
    <p class='ocr_par' dir='ltr' id='par_1_1' title="bbox 253 367 332 438">
     <span class='ocr_line' id='line_1_1' title="bbox 253 367 332 438; baseline 0 0"><span class='ocrx_word' id='word_1_1' title='bbox 253 367 332 438; x_wconf 77' lang='lat'>85</span> 
     </span>
    </p>
   </div>
   <div class='ocr_carea' id='block_1_2' title="bbox 977 367 2948 436">
    <p class='ocr_par' dir='ltr' id='par_1_2' title="bbox 977 367 2948 436">
     <span class='ocr_line' id='line_1_2' title="bbox 977 367 2948 436; baseline 0.001 -2"><span class='ocrx_word' id='word_1_2' title='bbox 977 368 1080 434; x_wconf 87' lang='lat' dir='ltr'>DE</span> <span class='ocrx_word' id='word_1_3' title='bbox 1120 367 1880 434; x_wconf 64' lang='lat' dir='ltr'>PRIEDESTINA&#39;I‘IONE</span> <span class='ocrx_word' id='word_1_4' title='bbox 1923 368 2442 435; x_wconf 83' lang='lat' dir='ltr'>DISSERTATIO</span> <span class='ocrx_word' id='word_1_5' title='bbox 2484 370 2948 436; x_wconf 79' lang='lat' dir='ltr'>POSTERIOR.</span> 
     </span>
    </p>
   </div>
   <div class='ocr_carea' id='block_1_3' title="bbox 3580 370 3662 442">
    <p class='ocr_par' dir='ltr' id='par_1_3' title="bbox 3580 370 3662 442">
     <span class='ocr_line' id='line_1_3' title="bbox 3580 370 3662 442; baseline 0 0"><span class='ocrx_word' id='word_1_6' title='bbox 3580 370 3662 442; x_wconf 78' lang='lat'><strong>80</strong></span> 
     </span>
    </p>
   </div>
   <div class='ocr_carea' id='block_1_4' title="bbox 253 501 3666 581">
    <p class='ocr_par' dir='ltr' id='par_1_4' title="bbox 253 501 3666 581">
     <span class='ocr_line' id='line_1_4' title="bbox 253 501 3666 581; baseline 0.002 -19"><span class='ocrx_word' id='word_1_7' title='bbox 253 506 428 562; x_wconf 83' lang='lat' dir='ltr'>natus</span> <span class='ocrx_word' id='word_1_8' title='bbox 458 519 593 560; x_wconf 88' lang='lat' dir='ltr'>sum</span> <span class='ocrx_word' id='word_1_9' title='bbox 647 501 722 560; x_wconf 89' lang='lat' dir='ltr'>ad</span> <span class='ocrx_word' id='word_1_10' title='bbox 770 506 1040 571; x_wconf 85' lang='lat' dir='ltr'>mortem,</span> <span class='ocrx_word' id='word_1_11' title='bbox 1072 520 1378 578; x_wconf 84' lang='lat' dir='ltr'>nunquam</span> <span class='ocrx_word' id='word_1_12' title='bbox 1427 503 1522 560; x_wconf 79' lang='grc'>21</span> <span class='ocrx_word' id='word_1_13' title='bbox 1569 501 1732 559; x_wconf 83' lang='lat' dir='ltr'>illam</span> <span class='ocrx_word' id='word_1_14' title='bbox 1773 519 1902 559; x_wconf 88' lang='lat' dir='ltr'>eva-</span> <span class='ocrx_word' id='word_1_15' title='bbox 1932 502 1988 571; x_wconf 76' lang='grc' dir='ltr'><strong>Α</strong></span> <span class='ocrx_word' id='word_1_16' title='bbox 2019 503 2188 572; x_wconf 82' lang='lat' dir='ltr'>Quasi</span> <span class='ocrx_word' id='word_1_17' title='bbox 2231 511 2426 577; x_wconf 79' lang='lat' dir='ltr'>stuppa</span> <span class='ocrx_word' id='word_1_18' title='bbox 2477 504 2698 562; x_wconf 79' lang='lat' dir='ltr'>collecta</span> <span class='ocrx_word' id='word_1_19' title='bbox 2747 505 2848 564; x_wconf 86' lang='grc'>22</span> <span class='ocrx_word' id='word_1_20' title='bbox 2893 519 3173 581; x_wconf 80' lang='lat' dir='ltr'>synagoga</span> <span class='ocrx_word' id='word_1_21' title='bbox 3217 509 3580 581; x_wconf 78' lang='lat' dir='ltr'>peccantium,</span> <span class='ocrx_word' id='word_1_22' title='bbox 3609 517 3666 570; x_wconf 80' lang='lat' dir='ltr'>et</span> 
     </span>
    </p>
   </div>
   <div class='ocr_carea' id='block_1_5' title="bbox 251 591 1900 666">
    <p class='ocr_par' dir='ltr' id='par_1_5' title="bbox 251 591 1900 666">
     <span class='ocr_line' id='line_1_5' title="bbox 251 591 1900 666; baseline -0.002 -15"><span class='ocrx_word' id='word_1_23' title='bbox 251 593 388 651; x_wconf 88' lang='lat' dir='ltr'>dam</span> <span class='ocrx_word' id='word_1_24' title='bbox 421 610 436 649; x_wconf 88' lang='lat'><strong>:</strong></span> <span class='ocrx_word' id='word_1_25' title='bbox 471 591 520 651; x_wconf 92' lang='lat' dir='ltr'>si</span> <span class='ocrx_word' id='word_1_26' title='bbox 549 597 746 650; x_wconf 88' lang='lat' dir='ltr'>autem</span> <span class='ocrx_word' id='word_1_27' title='bbox 775 591 928 650; x_wconf 90' lang='lat' dir='ltr'>male</span> <span class='ocrx_word' id='word_1_28' title='bbox 957 609 1149 666; x_wconf 82' lang='lat' dir='ltr'>egero,</span> <span class='ocrx_word' id='word_1_29' title='bbox 1181 597 1240 649; x_wconf 90' lang='lat' dir='ltr'>et</span> <span class='ocrx_word' id='word_1_30' title='bbox 1267 592 1720 666; x_wconf 71' lang='lat' dir='ltr'>przedestinatus</span> <span class='ocrx_word' id='word_1_31' title='bbox 1767 609 1900 649; x_wconf 90' lang='lat' dir='ltr'>sum</span> 
     </span>
    </p>
   </div>
   <div class='ocr_carea' id='block_1_6' title="bbox 249 681 1900 755">
    <p class='ocr_par' dir='ltr' id='par_1_6' title="bbox 249 681 1900 755">
     <span class='ocr_line' id='line_1_6' title="bbox 249 681 1900 755; baseline -0.001 -16"><span class='ocrx_word' id='word_1_32' title='bbox 249 683 318 739; x_wconf 87' lang='lat' dir='ltr'>ad</span> <span class='ocrx_word' id='word_1_33' title='bbox 349 683 556 749; x_wconf 87' lang='lat' dir='ltr'>vitam,</span> <span class='ocrx_word' id='word_1_34' title='bbox 570 682 698 739; x_wconf 83' lang='lat' dir='ltr'>sine</span> <span class='ocrx_word' id='word_1_35' title='bbox 714 681 836 738; x_wconf 90' lang='lat' dir='ltr'>ulla</span> <span class='ocrx_word' id='word_1_36' title='bbox 855 681 1216 738; x_wconf 83' lang='lat' dir='ltr'>dubitatione</span> <span class='ocrx_word' id='word_1_37' title='bbox 1235 682 1306 738; x_wconf 91' lang='lat' dir='ltr'>ad</span> <span class='ocrx_word' id='word_1_38' title='bbox 1327 686 1602 738; x_wconf 70' lang='lat' dir='ltr'>aeternam</span> <span class='ocrx_word' id='word_1_39' title='bbox 1637 682 1900 755; x_wconf 81' lang='lat' dir='ltr'>requiem</span> 
     </span>
    </p>
   </div>
   <div class='ocr_carea' id='block_1_7' title="bbox 245 769 1902 844">
    <p class='ocr_par' dir='ltr' id='par_1_7' title="bbox 245 769 1902 844">
     <span class='ocr_line' id='line_1_7' title="bbox 245 769 1902 844; baseline 0.001 -18"><span class='ocrx_word' id='word_1_40' title='bbox 245 771 416 826; x_wconf 89' lang='lat' dir='ltr'>vado.</span> <span class='ocrx_word' id='word_1_41' title='bbox 431 769 562 826; x_wconf 64' lang='lat' dir='ltr'>Haec</span> <span class='ocrx_word' id='word_1_42' title='bbox 591 786 730 844; x_wconf 89' lang='lat' dir='ltr'>ergo</span> <span class='ocrx_word' id='word_1_43' title='bbox 761 769 962 842; x_wconf 82' lang='lat' dir='ltr'>paucis</span> <span class='ocrx_word' id='word_1_44' title='bbox 982 769 1146 826; x_wconf 88' lang='lat' dir='ltr'>vobis</span> <span class='ocrx_word' id='word_1_45' title='bbox 1170 769 1540 843; x_wconf 83' lang='lat' dir='ltr'>scripsimus,</span> <span class='ocrx_word' id='word_1_46' title='bbox 1562 770 1902 828; x_wconf 88' lang='lat' dir='ltr'>intimantes</span> 
     </span>
    </p>
   </div>
   <div class='ocr_carea' id='block_1_8' title="bbox 245 857 1901 932">
    <p class='ocr_par' dir='ltr' id='par_1_8' title="bbox 245 857 1901 932">
     <span class='ocr_line' id='line_1_8' title="bbox 245 857 1901 932; baseline 0.001 -18"><span class='ocrx_word' id='word_1_47' title='bbox 245 858 484 932; x_wconf 89' lang='lat' dir='ltr'>qualem</span> <span class='ocrx_word' id='word_1_48' title='bbox 519 858 650 930; x_wconf 86' lang='lat' dir='ltr'>ejus</span> <span class='ocrx_word' id='word_1_49' title='bbox 679 857 1007 915; x_wconf 81' lang='lat' dir='ltr'>doctrinam</span> <span class='ocrx_word' id='word_1_50' title='bbox 1038 858 1366 932; x_wconf 90' lang='lat' dir='ltr'>reperimus</span> <span class='ocrx_word' id='word_1_51' title='bbox 1391 875 1404 914; x_wconf 89' lang='lat'><strong>:</strong></span> <span class='ocrx_word' id='word_1_52' title='bbox 1431 876 1534 915; x_wconf 92' lang='lat' dir='ltr'>vos</span> <span class='ocrx_word' id='word_1_53' title='bbox 1555 859 1730 915; x_wconf 88' lang='lat' dir='ltr'>etiam</span> <span class='ocrx_word' id='word_1_54' title='bbox 1751 859 1901 916; x_wconf 86' lang='lat' dir='ltr'>vale-</span> 
     </span>
    </p>
   </div>
   <div class='ocr_carea' id='block_1_9' title="bbox 243 946 1899 1020">
    <p class='ocr_par' dir='ltr' id='par_1_9' title="bbox 243 946 1899 1020">
     <span class='ocr_line' id='line_1_9' title="bbox 243 946 1899 1020; baseline 0.001 -17"><span class='ocrx_word' id='word_1_55' title='bbox 243 947 382 1004; x_wconf 86' lang='lat' dir='ltr'>bitis</span> <span class='ocrx_word' id='word_1_56' title='bbox 406 947 478 1004; x_wconf 89' lang='lat' dir='ltr'>de</span> <span class='ocrx_word' id='word_1_57' title='bbox 509 965 607 1004; x_wconf 88' lang='lat' dir='ltr'>ore</span> <span class='ocrx_word' id='word_1_58' title='bbox 631 949 760 1020; x_wconf 87' lang='lat' dir='ltr'>ejus</span> <span class='ocrx_word' id='word_1_59' title='bbox 793 947 930 1020; x_wconf 92' lang='lat' dir='ltr'>quid</span> <span class='ocrx_word' id='word_1_60' title='bbox 963 947 1142 1004; x_wconf 86' lang='lat' dir='ltr'>sentit</span> <span class='ocrx_word' id='word_1_61' title='bbox 1157 946 1392 1020; x_wconf 89' lang='lat' dir='ltr'>plenius</span> <span class='ocrx_word' id='word_1_62' title='bbox 1418 946 1643 1016; x_wconf 90' lang='lat' dir='ltr'>audire,</span> <span class='ocrx_word' id='word_1_63' title='bbox 1666 953 1726 1004; x_wconf 88' lang='lat' dir='ltr'>et</span> <span class='ocrx_word' id='word_1_64' title='bbox 1755 949 1899 1020; x_wconf 90' lang='lat' dir='ltr'>quid</span> 
     </span>
    </p>
   </div>
   <div class='ocr_carea' id='block_1_10' title="bbox 243 1037 1900 1110">
    <p class='ocr_par' dir='ltr' id='par_1_10' title="bbox 243 1037 1900 1110">
     <span class='ocr_line' id='line_1_10' title="bbox 243 1037 1900 1110; baseline 0.001 -18"><span class='ocrx_word' id='word_1_65' title='bbox 243 1037 378 1093; x_wconf 90' lang='lat' dir='ltr'>inde</span> <span class='ocrx_word' id='word_1_66' title='bbox 397 1038 698 1110; x_wconf 86' lang='lat' dir='ltr'>agendum</span> <span class='ocrx_word' id='word_1_67' title='bbox 729 1037 808 1094; x_wconf 85' lang='lat' dir='ltr'>sit</span> <span class='ocrx_word' id='word_1_68' title='bbox 823 1038 986 1109; x_wconf 90' lang='lat' dir='ltr'>juste</span> <span class='ocrx_word' id='word_1_69' title='bbox 1017 1038 1347 1094; x_wconf 81' lang='lat' dir='ltr'>decernere.</span> <span class='ocrx_word' id='word_1_70' title='bbox 1380 1037 1664 1094; x_wconf 88' lang='lat' dir='ltr'>Dominus</span> <span class='ocrx_word' id='word_1_71' title='bbox 1703 1037 1900 1093; x_wconf 91' lang='lat' dir='ltr'>omni-</span> 
     </span>
    </p>
   </div>
   <div class='ocr_carea' id='block_1_11' title="bbox 242 1125 1898 1200">
    <p class='ocr_par' dir='ltr' id='par_1_11' title="bbox 242 1125 1898 1200">
     <span class='ocr_line' id='line_1_11' title="bbox 242 1125 1898 1200; baseline 0 -18"><span class='ocrx_word' id='word_1_72' title='bbox 242 1131 451 1200; x_wconf 84' lang='lat' dir='ltr'>potens</span> <span class='ocrx_word' id='word_1_73' title='bbox 481 1126 856 1183; x_wconf 82' lang='lat' dir='ltr'>sanctitatem</span> <span class='ocrx_word' id='word_1_74' title='bbox 883 1131 1140 1182; x_wconf 86' lang='lat' dir='ltr'>vestram</span> <span class='ocrx_word' id='word_1_75' title='bbox 1169 1127 1320 1182; x_wconf 87' lang='lat' dir='ltr'>bene</span> <span class='ocrx_word' id='word_1_76' title='bbox 1342 1125 1654 1195; x_wconf 86' lang='lat' dir='ltr'>valen&#39;tcm,</span> <span class='ocrx_word' id='word_1_77' title='bbox 1687 1131 1746 1183; x_wconf 92' lang='lat' dir='ltr'>et</span> <span class='ocrx_word' id='word_1_78' title='bbox 1793 1144 1898 1200; x_wconf 91' lang='lat' dir='ltr'>pro</span> 
     </span>
    </p>
   </div>
   <div class='ocr_carea' id='block_1_12' title="bbox 243 1213 1897 1287">
    <p class='ocr_par' dir='ltr' id='par_1_12' title="bbox 243 1213 1897 1287">
     <span class='ocr_line' id='line_1_12' title="bbox 243 1213 1897 1287; baseline -0.004 -17"><span class='ocrx_word' id='word_1_79' title='bbox 243 1215 415 1271; x_wconf 89' lang='lat' dir='ltr'>nobis</span> <span class='ocrx_word' id='word_1_80' title='bbox 444 1218 735 1282; x_wconf 85' lang='lat' dir='ltr'>orantem,</span> <span class='ocrx_word' id='word_1_81' title='bbox 769 1215 829 1270; x_wconf 92' lang='lat' dir='ltr'>in</span> <span class='ocrx_word' id='word_1_82' title='bbox 861 1219 1142 1270; x_wconf 75' lang='lat' dir='ltr'>aeternum</span> <span class='ocrx_word' id='word_1_83' title='bbox 1173 1231 1516 1271; x_wconf 80' lang='lat' dir='ltr'>conservare</span> <span class='ocrx_word' id='word_1_84' title='bbox 1546 1213 1840 1287; x_wconf 86' lang='lat' dir='ltr'>dignetur.</span> <span class='ocrx_word' id='word_1_85' title='bbox 1869 1235 1897 1263; x_wconf 87' lang='lat'><strong>»</strong></span> 
     </span>
    </p>
   </div>
   <div class='ocr_carea' id='block_1_13' title="bbox 243 1301 1898 1376">
    <p class='ocr_par' dir='ltr' id='par_1_13' title="bbox 243 1301 1898 1376">
     <span class='ocr_line' id='line_1_13' title="bbox 243 1301 1898 1376; baseline -0.001 -16"><span class='ocrx_word' id='word_1_86' title='bbox 243 1303 503 1376; x_wconf 88' lang='lat' dir='ltr'>Indeque</span> <span class='ocrx_word' id='word_1_87' title='bbox 531 1321 567 1360; x_wconf 88' lang='lat' dir='ltr'>a</span> <span class='ocrx_word' id='word_1_88' title='bbox 593 1303 859 1376; x_wconf 79' lang='lat' dir='ltr'>synodali</span> <span class='ocrx_word' id='word_1_89' title='bbox 906 1308 1194 1360; x_wconf 91' lang='lat' dir='ltr'>conventu</span> <span class='ocrx_word' id='word_1_90' title='bbox 1235 1303 1295 1359; x_wconf 91' lang='lat' dir='ltr'>in</span> <span class='ocrx_word' id='word_1_91' title='bbox 1345 1301 1634 1359; x_wconf 88' lang='lat' dir='ltr'>Carisiaco</span> <span class='ocrx_word' id='word_1_92' title='bbox 1682 1301 1898 1376; x_wconf 89' lang='lat' dir='ltr'>palatio</span> 
     </span>
    </p>
   </div>
   <div class='ocr_carea' id='block_1_14' title="bbox 239 1390 1895 1465">
    <p class='ocr_par' dir='ltr' id='par_1_14' title="bbox 239 1390 1895 1465">
     <span class='ocr_line' id='line_1_14' title="bbox 239 1390 1895 1465; baseline -0.001 -17"><span class='ocrx_word' id='word_1_93' title='bbox 239 1391 456 1448; x_wconf 85' lang='lat' dir='ltr'>iterum</span> <span class='ocrx_word' id='word_1_94' title='bbox 487 1391 727 1448; x_wconf 86' lang='lat' dir='ltr'>auditus</span> <span class='ocrx_word' id='word_1_95' title='bbox 761 1393 834 1448; x_wconf 91' lang='lat' dir='ltr'>ab</span> <span class='ocrx_word' id='word_1_96' title='bbox 865 1391 1174 1465; x_wconf 84' lang='lat' dir='ltr'>episcopis,</span> <span class='ocrx_word' id='word_1_97' title='bbox 1193 1396 1252 1448; x_wconf 92' lang='lat' dir='ltr'>et</span> <span class='ocrx_word' id='word_1_98' title='bbox 1267 1391 1491 1448; x_wconf 71' lang='lat' dir='ltr'>caeteris</span> <span class='ocrx_word' id='word_1_99' title='bbox 1512 1407 1690 1465; x_wconf 89' lang='lat' dir='ltr'>quam</span> <span class='ocrx_word' id='word_1_100' title='bbox 1713 1390 1895 1464; x_wconf 90' lang='lat' dir='ltr'>pluri-</span> 
     </span>
    </p>
   </div>
   <div class='ocr_carea' id='block_1_15' title="bbox 240 1479 1896 1554">
    <p class='ocr_par' dir='ltr' id='par_1_15' title="bbox 240 1479 1896 1554">
     <span class='ocr_line' id='line_1_15' title="bbox 240 1479 1896 1554; baseline 0 -18"><span class='ocrx_word' id='word_1_101' title='bbox 240 1480 354 1538; x_wconf 87' lang='lat' dir='ltr'>mis</span> <span class='ocrx_word' id='word_1_102' title='bbox 382 1481 530 1537; x_wconf 91' lang='lat' dir='ltr'>viris</span> <span class='ocrx_word' id='word_1_103' title='bbox 558 1479 971 1538; x_wconf 86' lang='lat' dir='ltr'>ecclesiasticis</span> <span class='ocrx_word' id='word_1_104' title='bbox 1001 1485 1176 1554; x_wconf 91' lang='lat' dir='ltr'>atque</span> <span class='ocrx_word' id='word_1_105' title='bbox 1213 1479 1523 1554; x_wconf 84' lang='lat' dir='ltr'>religiosis,</span> <span class='ocrx_word' id='word_1_106' title='bbox 1557 1480 1657 1553; x_wconf 91' lang='lat' dir='ltr'>qui</span> <span class='ocrx_word' id='word_1_107' title='bbox 1706 1479 1896 1536; x_wconf 89' lang='lat' dir='ltr'>eidem</span> 
     </span>
    </p>
   </div>
   <div class='ocr_carea' id='block_1_16' title="bbox 239 1569 1896 1644">
    <p class='ocr_par' dir='ltr' id='par_1_16' title="bbox 239 1569 1896 1644">
     <span class='ocr_line' id='line_1_16' title="bbox 239 1569 1896 1644; baseline -0.002 -16"><span class='ocrx_word' id='word_1_108' title='bbox 239 1571 462 1644; x_wconf 83' lang='lat' dir='ltr'>synodo</span> <span class='ocrx_word' id='word_1_109' title='bbox 480 1569 1172 1640; x_wconf 79' lang='lat' dir='ltr'>interfuerunt,videlicet</span> <span class='ocrx_word' id='word_1_110' title='bbox 1182 1569 1485 1626; x_wconf 90' lang='lat' dir='ltr'>Wenilone</span> <span class='ocrx_word' id='word_1_111' title='bbox 1505 1569 1896 1626; x_wconf 90' lang='lat' dir='ltr'>Sennensium</span> 
     </span>
    </p>
   </div>
   <div class='ocr_carea' id='block_1_17' title="bbox 239 1657 1896 1733">
    <p class='ocr_par' dir='ltr' id='par_1_17' title="bbox 239 1657 1896 1733">
     <span class='ocr_line' id='line_1_17' title="bbox 239 1657 1896 1733; baseline -0.002 -17"><span class='ocrx_word' id='word_1_112' title='bbox 239 1658 701 1733; x_wconf 84' lang='lat' dir='ltr'>archiepiscopo,</span> <span class='ocrx_word' id='word_1_113' title='bbox 725 1660 1038 1716; x_wconf 87' lang='lat' dir='ltr'>Hincmaro</span> <span class='ocrx_word' id='word_1_114' title='bbox 1067 1658 1426 1716; x_wconf 82' lang='lat' dir='ltr'>Rhemorum</span> <span class='ocrx_word' id='word_1_115' title='bbox 1451 1659 1748 1732; x_wconf 89' lang='lat' dir='ltr'>episcopo,</span> <span class='ocrx_word' id='word_1_116' title='bbox 1767 1657 1896 1716; x_wconf 88' lang='lat' dir='ltr'>Fol-</span> 
     </span>
    </p>
   </div>
   <div class='ocr_carea' id='block_1_18' title="bbox 238 1747 1898 1821">
    <p class='ocr_par' dir='ltr' id='par_1_18' title="bbox 238 1747 1898 1821">
     <span class='ocr_line' id='line_1_18' title="bbox 238 1747 1898 1821; baseline -0.002 -15"><span class='ocrx_word' id='word_1_117' title='bbox 238 1749 404 1806; x_wconf 88' lang='lat' dir='ltr'>coino</span> <span class='ocrx_word' id='word_1_118' title='bbox 425 1747 856 1806; x_wconf 85' lang='lat' dir='ltr'>Morinensium</span> <span class='ocrx_word' id='word_1_119' title='bbox 871 1747 1164 1821; x_wconf 88' lang='lat' dir='ltr'>episcopo,</span> <span class='ocrx_word' id='word_1_120' title='bbox 1181 1749 1500 1804; x_wconf 92' lang='lat' dir='ltr'>Teuderico</span> <span class='ocrx_word' id='word_1_121' title='bbox 1522 1747 1898 1804; x_wconf 78' lang='lat' dir='ltr'>Cameracen-</span> 
     </span>
    </p>
   </div>
   <div class='ocr_carea' id='block_1_19' title="bbox 238 1836 1894 1911">
    <p class='ocr_par' dir='ltr' id='par_1_19' title="bbox 238 1836 1894 1911">
     <span class='ocr_line' id='line_1_19' title="bbox 238 1836 1894 1911; baseline -0.001 -17"><span class='ocrx_word' id='word_1_122' title='bbox 238 1837 392 1895; x_wconf 89' lang='lat' dir='ltr'>sinm</span> <span class='ocrx_word' id='word_1_123' title='bbox 415 1838 716 1911; x_wconf 88' lang='lat' dir='ltr'>episcopo,</span> <span class='ocrx_word' id='word_1_124' title='bbox 730 1837 998 1894; x_wconf 83' lang='lat' dir='ltr'>Rotbado</span> <span class='ocrx_word' id='word_1_125' title='bbox 1018 1837 1381 1894; x_wconf 75' lang='lat' dir='ltr'>Suessonicae</span> <span class='ocrx_word' id='word_1_126' title='bbox 1398 1836 1648 1894; x_wconf 88' lang='lat' dir='ltr'>civitatis</span> <span class='ocrx_word' id='word_1_127' title='bbox 1669 1837 1894 1910; x_wconf 87' lang='lat' dir='ltr'>episco-</span> 
     </span>
    </p>
   </div>
   <div class='ocr_carea' id='block_1_20' title="bbox 239 1925 1896 2002">
    <p class='ocr_par' dir='ltr' id='par_1_20' title="bbox 239 1925 1896 2002">
     <span class='ocr_line' id='line_1_20' title="bbox 239 1925 1896 2002; baseline -0.002 -17"><span class='ocrx_word' id='word_1_128' title='bbox 239 1945 332 2002; x_wconf 89' lang='lat' dir='ltr'>po,</span> <span class='ocrx_word' id='word_1_129' title='bbox 360 1927 696 2001; x_wconf 81' lang='lat' dir='ltr'>Ragenario</span> <span class='ocrx_word' id='word_1_130' title='bbox 741 1925 1230 1984; x_wconf 88' lang='lat' dir='ltr'>Ambianensium</span> <span class='ocrx_word' id='word_1_131' title='bbox 1287 1925 1579 2000; x_wconf 91' lang='lat' dir='ltr'>episcopo,</span> <span class='ocrx_word' id='word_1_132' title='bbox 1633 1927 1896 1983; x_wconf 91' lang='lat' dir='ltr'>Immone</span> 
     </span>
    </p>
   </div>
   <div class='ocr_carea' id='block_1_21' title="bbox 238 2015 1897 2089">
    <p class='ocr_par' dir='ltr' id='par_1_21' title="bbox 238 2015 1897 2089">
     <span class='ocr_line' id='line_1_21' title="bbox 238 2015 1897 2089; baseline -0.001 -15"><span class='ocrx_word' id='word_1_133' title='bbox 238 2015 798 2089; x_wconf 83' lang='lat' dir='ltr'>Noviomagensium</span> <span class='ocrx_word' id='word_1_134' title='bbox 854 2015 1149 2088; x_wconf 88' lang='lat' dir='ltr'>episcopo,</span> <span class='ocrx_word' id='word_1_135' title='bbox 1198 2015 1450 2088; x_wconf 90' lang='lat' dir='ltr'>Erpoino</span> <span class='ocrx_word' id='word_1_136' title='bbox 1499 2015 1897 2072; x_wconf 82' lang='lat' dir='ltr'>Silvanecten-</span> 
     </span>
    </p>
   </div>
   <div class='ocr_carea' id='block_1_22' title="bbox 240 2103 1894 2180">
    <p class='ocr_par' dir='ltr' id='par_1_22' title="bbox 240 2103 1894 2180">
     <span class='ocr_line' id='line_1_22' title="bbox 240 2103 1894 2180; baseline -0.001 -19"><span class='ocrx_word' id='word_1_137' title='bbox 240 2105 393 2162; x_wconf 89' lang='lat' dir='ltr'>sium</span> <span class='ocrx_word' id='word_1_138' title='bbox 455 2103 753 2178; x_wconf 82' lang='lat' dir='ltr'>episcopo,</span> <span class='ocrx_word' id='word_1_139' title='bbox 801 2106 965 2178; x_wconf 91' lang='lat' dir='ltr'>Lupo</span> <span class='ocrx_word' id='word_1_140' title='bbox 1024 2103 1542 2162; x_wconf 88' lang='lat' dir='ltr'>Catalaunensium</span> <span class='ocrx_word' id='word_1_141' title='bbox 1601 2105 1894 2180; x_wconf 91' lang='lat' dir='ltr'>episcopo,</span> 
     </span>
    </p>
   </div>
   <div class='ocr_carea' id='block_1_23' title="bbox 237 2192 1900 2267">
    <p class='ocr_par' dir='ltr' id='par_1_23' title="bbox 237 2192 1900 2267">
     <span class='ocr_line' id='line_1_23' title="bbox 237 2192 1900 2267; baseline -0.001 -16"><span class='ocrx_word' id='word_1_142' title='bbox 237 2192 600 2251; x_wconf 85' lang='lat' dir='ltr'>Yrminl&#39;rido</span> <span class='ocrx_word' id='word_1_143' title='bbox 617 2193 1058 2250; x_wconf 88' lang='lat' dir='ltr'>Belvacensium</span> <span class='ocrx_word' id='word_1_144' title='bbox 1087 2193 1646 2267; x_wconf 87' lang='lat' dir='ltr'>episcopo,Pardulo</span> <span class='ocrx_word' id='word_1_145' title='bbox 1673 2195 1900 2250; x_wconf 85' lang='lat' dir='ltr'>Laudu-</span> 
     </span>
    </p>
   </div>
   <div class='ocr_carea' id='block_1_24' title="bbox 240 2281 1957 2357">
    <p class='ocr_par' dir='ltr' id='par_1_24' title="bbox 240 2281 1957 2357">
     <span class='ocr_line' id='line_1_24' title="bbox 240 2281 1957 2357; baseline -0.001 -17"><span class='ocrx_word' id='word_1_146' title='bbox 240 2282 516 2340; x_wconf 89' lang='lat' dir='ltr'>nensium</span> <span class='ocrx_word' id='word_1_147' title='bbox 569 2281 866 2356; x_wconf 89' lang='lat' dir='ltr'>episcopo,</span> <span class='ocrx_word' id='word_1_148' title='bbox 911 2282 1240 2340; x_wconf 87' lang='lat' dir='ltr'>Teutboldo</span> <span class='ocrx_word' id='word_1_149' title='bbox 1293 2282 1602 2356; x_wconf 74' lang='lat' dir='ltr'>provinciae</span> <span class='ocrx_word' id='word_1_150' title='bbox 1661 2284 1898 2357; x_wconf 90' lang='lat' dir='ltr'>Lugdu-</span> <span class='ocrx_word' id='word_1_151' title='bbox 1949 2297 1957 2310; x_wconf 62' lang='grc' dir='ltr'>ι</span> 
     </span>
    </p>
   </div>
   <div class='ocr_carea' id='block_1_25' title="bbox 238 2371 1898 2446">
    <p class='ocr_par' dir='ltr' id='par_1_25' title="bbox 238 2371 1898 2446">
     <span class='ocr_line' id='line_1_25' title="bbox 238 2371 1898 2446; baseline 0 -18"><span class='ocrx_word' id='word_1_152' title='bbox 238 2372 516 2429; x_wconf 88' lang='lat' dir='ltr'>nensium</span> <span class='ocrx_word' id='word_1_153' title='bbox 585 2376 646 2428; x_wconf 89' lang='lat' dir='ltr'>et</span> <span class='ocrx_word' id='word_1_154' title='bbox 703 2371 1034 2446; x_wconf 74' lang='lat' dir='ltr'>Lingonicae</span> <span class='ocrx_word' id='word_1_155' title='bbox 1091 2371 1345 2428; x_wconf 86' lang='lat' dir='ltr'>civitatis</span> <span class='ocrx_word' id='word_1_156' title='bbox 1403 2371 1698 2446; x_wconf 87' lang='lat' dir='ltr'>episcopo,</span> <span class='ocrx_word' id='word_1_157' title='bbox 1759 2373 1898 2430; x_wconf 84' lang='lat' dir='ltr'>Ger-</span> 
     </span>
    </p>
   </div>
   <div class='ocr_carea' id='block_1_26' title="bbox 237 2460 1900 2535">
    <p class='ocr_par' dir='ltr' id='par_1_26' title="bbox 237 2460 1900 2535">
     <span class='ocr_line' id='line_1_26' title="bbox 237 2460 1900 2535; baseline 0 -17"><span class='ocrx_word' id='word_1_158' title='bbox 237 2461 446 2518; x_wconf 87' lang='lat' dir='ltr'>nobrio</span> <span class='ocrx_word' id='word_1_159' title='bbox 477 2461 915 2518; x_wconf 76' lang='lat' dir='ltr'>Turonensium</span> <span class='ocrx_word' id='word_1_160' title='bbox 947 2460 1256 2535; x_wconf 66' lang='lat' dir='ltr'>provinciae</span> <span class='ocrx_word' id='word_1_161' title='bbox 1284 2461 1579 2535; x_wconf 89' lang='lat' dir='ltr'>episcopo,</span> <span class='ocrx_word' id='word_1_162' title='bbox 1615 2461 1900 2535; x_wconf 81' lang='lat' dir='ltr'>Rigboldo</span> 
     </span>
    </p>
   </div>
   <div class='ocr_carea' id='block_1_27' title="bbox 239 2549 1900 2623">
    <p class='ocr_par' dir='ltr' id='par_1_27' title="bbox 239 2549 1900 2623">
     <span class='ocr_line' id='line_1_27' title="bbox 239 2549 1900 2623; baseline -0.001 -16"><span class='ocrx_word' id='word_1_163' title='bbox 239 2550 605 2607; x_wconf 79' lang='lat' dir='ltr'>Rhemorum</span> <span class='ocrx_word' id='word_1_164' title='bbox 653 2549 1091 2623; x_wconf 89' lang='lat' dir='ltr'>chorepiscopo,</span> <span class='ocrx_word' id='word_1_165' title='bbox 1138 2549 1335 2608; x_wconf 88' lang='lat' dir='ltr'>Witao</span> <span class='ocrx_word' id='word_1_166' title='bbox 1386 2550 1900 2607; x_wconf 84' lang='lat' dir='ltr'>Camaracensium</span> 
     </span>
    </p>
   </div>
   <div class='ocr_carea' id='block_1_28' title="bbox 238 2637 1901 2712">
    <p class='ocr_par' dir='ltr' id='par_1_28' title="bbox 238 2637 1901 2712">
     <span class='ocr_line' id='line_1_28' title="bbox 238 2637 1901 2712; baseline -0.001 -17"><span class='ocrx_word' id='word_1_167' title='bbox 238 2637 688 2712; x_wconf 85' lang='lat' dir='ltr'>chorepiscopo.</span> <span class='ocrx_word' id='word_1_168' title='bbox 719 2643 778 2696; x_wconf 91' lang='lat' dir='ltr'>et</span> <span class='ocrx_word' id='word_1_169' title='bbox 807 2637 960 2708; x_wconf 78' lang='lat' dir='ltr'>aliis,</span> <span class='ocrx_word' id='word_1_170' title='bbox 976 2637 1076 2712; x_wconf 90' lang='lat' dir='ltr'>qui</span> <span class='ocrx_word' id='word_1_171' title='bbox 1108 2655 1264 2695; x_wconf 91' lang='lat' dir='ltr'>nunc</span> <span class='ocrx_word' id='word_1_172' title='bbox 1295 2639 1397 2695; x_wconf 90' lang='lat' dir='ltr'>Dei</span> <span class='ocrx_word' id='word_1_173' title='bbox 1429 2639 1617 2712; x_wconf 86' lang='lat' dir='ltr'>gratia</span> <span class='ocrx_word' id='word_1_174' title='bbox 1644 2638 1901 2712; x_wconf 87' lang='lat' dir='ltr'>episcopi</span> 
     </span>
    </p>
   </div>
   <div class='ocr_carea' id='block_1_29' title="bbox 239 2727 1902 2802">
    <p class='ocr_par' dir='ltr' id='par_1_29' title="bbox 239 2727 1902 2802">
     <span class='ocr_line' id='line_1_29' title="bbox 239 2727 1902 2802; baseline 0 -18"><span class='ocrx_word' id='word_1_175' title='bbox 239 2727 526 2799; x_wconf 79' lang='lat' dir='ltr'>ordinati,</span> <span class='ocrx_word' id='word_1_176' title='bbox 559 2731 701 2784; x_wconf 81' lang='lat' dir='ltr'>tunc</span> <span class='ocrx_word' id='word_1_177' title='bbox 731 2731 926 2784; x_wconf 89' lang='lat' dir='ltr'>autem</span> <span class='ocrx_word' id='word_1_178' title='bbox 951 2728 1080 2801; x_wconf 90' lang='lat' dir='ltr'>jam</span> <span class='ocrx_word' id='word_1_179' title='bbox 1109 2728 1276 2784; x_wconf 74' lang='lat' dir='ltr'>dictae</span> <span class='ocrx_word' id='word_1_180' title='bbox 1306 2729 1526 2802; x_wconf 81' lang='lat' dir='ltr'>synodo</span> <span class='ocrx_word' id='word_1_181' title='bbox 1575 2745 1711 2784; x_wconf 92' lang='lat' dir='ltr'>cum</span> <span class='ocrx_word' id='word_1_182' title='bbox 1749 2727 1902 2801; x_wconf 89' lang='lat' dir='ltr'>epis-</span> 
     </span>
    </p>
   </div>
   <div class='ocr_carea' id='block_1_30' title="bbox 243 2813 1900 2890">
    <p class='ocr_par' dir='ltr' id='par_1_30' title="bbox 243 2813 1900 2890">
     <span class='ocr_line' id='line_1_30' title="bbox 243 2813 1900 2890; baseline -0.001 -16"><span class='ocrx_word' id='word_1_183' title='bbox 243 2819 405 2890; x_wconf 88' lang='lat' dir='ltr'>copis</span> <span class='ocrx_word' id='word_1_184' title='bbox 421 2817 552 2874; x_wconf 86' lang='lat' dir='ltr'>suis</span> <span class='ocrx_word' id='word_1_185' title='bbox 570 2817 900 2874; x_wconf 88' lang='lat' dir='ltr'>secundum</span> <span class='ocrx_word' id='word_1_186' title='bbox 919 2817 1384 2874; x_wconf 87' lang='lat' dir='ltr'>ecclesiasticum</span> <span class='ocrx_word' id='word_1_187' title='bbox 1407 2813 1630 2874; x_wconf 85' lang='lat' dir='ltr'>morem</span> <span class='ocrx_word' id='word_1_188' title='bbox 1643 2817 1900 2874; x_wconf 87' lang='lat' dir='ltr'>fuerunt.</span> 
     </span>
    </p>
   </div>
   <div class='ocr_carea' id='block_1_31' title="bbox 243 2905 1905 2980">
    <p class='ocr_par' dir='ltr' id='par_1_31' title="bbox 243 2905 1905 2980">
     <span class='ocr_line' id='line_1_31' title="bbox 243 2905 1905 2980; baseline 0 -18"><span class='ocrx_word' id='word_1_189' title='bbox 243 2905 474 2963; x_wconf 86' lang='lat' dir='ltr'>Wenilo</span> <span class='ocrx_word' id='word_1_190' title='bbox 494 2905 888 2974; x_wconf 88' lang='lat' dir='ltr'>scilicet,tunc</span> <span class='ocrx_word' id='word_1_191' title='bbox 907 2922 1042 2962; x_wconf 91' lang='lat' dir='ltr'>cum</span> <span class='ocrx_word' id='word_1_192' title='bbox 1065 2906 1389 2979; x_wconf 81' lang='lat' dir='ltr'>Ragenario</span> <span class='ocrx_word' id='word_1_193' title='bbox 1409 2911 1574 2980; x_wconf 89' lang='lat' dir='ltr'>patre</span> <span class='ocrx_word' id='word_1_194' title='bbox 1593 2924 1722 2976; x_wconf 92' lang='lat' dir='ltr'>suo,</span> <span class='ocrx_word' id='word_1_195' title='bbox 1748 2923 1905 2962; x_wconf 89' lang='lat' dir='ltr'>nunc</span> 
     </span>
    </p>
   </div>
   <div class='ocr_carea' id='block_1_32' title="bbox 251 2993 1904 3069">
    <p class='ocr_par' dir='ltr' id='par_1_32' title="bbox 251 2993 1904 3069">
     <span class='ocr_line' id='line_1_32' title="bbox 251 2993 1904 3069; baseline -0.001 -16"><span class='ocrx_word' id='word_1_196' title='bbox 251 3000 448 3053; x_wconf 87' lang='lat' dir='ltr'>autem</span> <span class='ocrx_word' id='word_1_197' title='bbox 471 2993 1039 3069; x_wconf 80' lang='lat' dir='ltr'>Rothomagensium</span> <span class='ocrx_word' id='word_1_198' title='bbox 1055 2995 1550 3069; x_wconf 86' lang='lat' dir='ltr'>archiepiscopus,</span> <span class='ocrx_word' id='word_1_199' title='bbox 1570 3001 1771 3052; x_wconf 66' lang='lat' dir='ltr'>IEneas</span> <span class='ocrx_word' id='word_1_200' title='bbox 1801 3012 1904 3051; x_wconf 91' lang='lat' dir='ltr'>no-</span> 
     </span>
    </p>
   </div>
   <div class='ocr_carea' id='block_1_33' title="bbox 250 3082 1902 3158">
    <p class='ocr_par' dir='ltr' id='par_1_33' title="bbox 250 3082 1902 3158">
     <span class='ocr_line' id='line_1_33' title="bbox 250 3082 1902 3158; baseline -0.001 -17"><span class='ocrx_word' id='word_1_201' title='bbox 250 3083 437 3141; x_wconf 82' lang='lat' dir='ltr'>tarius</span> <span class='ocrx_word' id='word_1_202' title='bbox 461 3083 614 3140; x_wconf 87' lang='lat' dir='ltr'>sacri</span> <span class='ocrx_word' id='word_1_203' title='bbox 637 3082 864 3156; x_wconf 86' lang='lat' dir='ltr'>palatii,</span> <span class='ocrx_word' id='word_1_204' title='bbox 895 3088 952 3140; x_wconf 91' lang='lat' dir='ltr'>et</span> <span class='ocrx_word' id='word_1_205' title='bbox 981 3085 1156 3141; x_wconf 92' lang='lat' dir='ltr'>modo</span> <span class='ocrx_word' id='word_1_206' title='bbox 1187 3084 1544 3141; x_wconf 87' lang='lat' dir='ltr'>Parisiorum</span> <span class='ocrx_word' id='word_1_207' title='bbox 1572 3085 1902 3158; x_wconf 85' lang='lat' dir='ltr'>episcopus,</span> 
     </span>
    </p>
   </div>
   <div class='ocr_carea' id='block_1_34' title="bbox 2010 595 3662 674">
    <p class='ocr_par' dir='ltr' id='par_1_34' title="bbox 2010 595 3662 674">
     <span class='ocr_line' id='line_1_34' title="bbox 2010 595 3662 674; baseline 0.006 -26"><span class='ocrx_word' id='word_1_208' title='bbox 2010 595 2401 650; x_wconf 79' lang='lat' dir='ltr'>consummatio</span> <span class='ocrx_word' id='word_1_209' title='bbox 2431 595 2657 650; x_wconf 79' lang='lat' dir='ltr'>illorum</span> <span class='ocrx_word' id='word_1_210' title='bbox 2679 597 2902 665; x_wconf 84' lang='lat' dir='ltr'>ﬂamma</span> <span class='ocrx_word' id='word_1_211' title='bbox 2930 597 3077 668; x_wconf 78' lang='lat' dir='ltr'>ignis</span> <span class='ocrx_word' id='word_1_212' title='bbox 3106 597 3292 668; x_wconf 78' lang='lat' dir='ltr'>(Eccli,</span> <span class='ocrx_word' id='word_1_213' title='bbox 3321 617 3438 670; x_wconf 66' lang='lat' dir='ltr'>xxx,</span> <span class='ocrx_word' id='word_1_214' title='bbox 3459 600 3568 674; x_wconf 89' lang='grc'>10),</span> <span class='ocrx_word' id='word_1_215' title='bbox 3601 603 3662 658; x_wconf 85' lang='lat' dir='ltr'>et</span> 
     </span>
    </p>
   </div>
   <div class='ocr_carea' id='block_1_35' title="bbox 2011 681 3724 758">
    <p class='ocr_par' dir='ltr' id='par_1_35' title="bbox 2011 681 3724 758">
     <span class='ocr_line' id='line_1_35' title="bbox 2011 681 3724 758; baseline 0.006 -22"><span class='ocrx_word' id='word_1_216' title='bbox 2011 681 2113 738; x_wconf 90' lang='lat' dir='ltr'>illa</span> <span class='ocrx_word' id='word_1_217' title='bbox 2139 688 2306 738; x_wconf 86' lang='lat' dir='ltr'>vetus</span> <span class='ocrx_word' id='word_1_218' title='bbox 2337 684 2729 756; x_wconf 86' lang='lat' dir='ltr'>congregatio,</span> <span class='ocrx_word' id='word_1_219' title='bbox 2759 689 2814 739; x_wconf 86' lang='lat' dir='ltr'>et</span> <span class='ocrx_word' id='word_1_220' title='bbox 2841 683 2955 739; x_wconf 88' lang='lat' dir='ltr'>ista</span> <span class='ocrx_word' id='word_1_221' title='bbox 2982 701 3132 740; x_wconf 91' lang='lat' dir='ltr'>nova</span> <span class='ocrx_word' id='word_1_222' title='bbox 3158 686 3499 758; x_wconf 86' lang='lat' dir='ltr'>complexio,</span> <span class='ocrx_word' id='word_1_223' title='bbox 3521 692 3662 749; x_wconf 86' lang='lat' dir='ltr'>sunt</span> <span class='ocrx_word' id='word_1_224' title='bbox 3714 727 3724 736; x_wconf 85' lang='grc'><strong><em>-</em></strong></span> 
     </span>
    </p>
   </div>
   <div class='ocr_carea' id='block_1_36' title="bbox 2009 773 3659 845">
    <p class='ocr_par' dir='ltr' id='par_1_36' title="bbox 2009 773 3659 845">
     <span class='ocr_line' id='line_1_36' title="bbox 2009 773 3659 845; baseline 0.004 -17"><span class='ocrx_word' id='word_1_225' title='bbox 2009 788 2203 828; x_wconf 89' lang='lat' dir='ltr'>errore</span> <span class='ocrx_word' id='word_1_226' title='bbox 2234 789 2778 845; x_wconf 85' lang='lat' dir='ltr'>parcs,quanquam</span> <span class='ocrx_word' id='word_1_227' title='bbox 2811 773 3040 829; x_wconf 89' lang='lat' dir='ltr'>diversa</span> <span class='ocrx_word' id='word_1_228' title='bbox 3074 775 3659 834; x_wconf 77' lang='lat' dir='ltr'>fatentes.Etidcirco</span> 
     </span>
    </p>
   </div>
   <div class='ocr_carea' id='block_1_37' title="bbox 2009 859 3661 935">
    <p class='ocr_par' dir='ltr' id='par_1_37' title="bbox 2009 859 3661 935">
     <span class='ocr_line' id='line_1_37' title="bbox 2009 859 3661 935; baseline 0.004 -20"><span class='ocrx_word' id='word_1_229' title='bbox 2009 859 2372 932; x_wconf 83' lang='lat' dir='ltr'>capitulatim</span> <span class='ocrx_word' id='word_1_230' title='bbox 2434 861 2503 916; x_wconf 90' lang='lat' dir='ltr'>de</span> <span class='ocrx_word' id='word_1_231' title='bbox 2559 879 2913 935; x_wconf 88' lang='lat' dir='ltr'>unaquaque</span> <span class='ocrx_word' id='word_1_232' title='bbox 2979 861 3270 918; x_wconf 87' lang='lat' dir='ltr'>sententia</span> <span class='ocrx_word' id='word_1_233' title='bbox 3324 865 3661 935; x_wconf 91' lang='lat' dir='ltr'>ponendum</span> 
     </span>
    </p>
   </div>
   <div class='ocr_carea' id='block_1_38' title="bbox 2009 949 3663 1026">
    <p class='ocr_par' dir='ltr' id='par_1_38' title="bbox 2009 949 3663 1026">
     <span class='ocr_line' id='line_1_38' title="bbox 2009 949 3663 1026; baseline 0.004 -22"><span class='ocrx_word' id='word_1_234' title='bbox 2009 949 2286 1005; x_wconf 86' lang='lat' dir='ltr'>duximus</span> <span class='ocrx_word' id='word_1_235' title='bbox 2314 967 2442 1022; x_wconf 73' lang='lat' dir='ltr'>quae</span> <span class='ocrx_word' id='word_1_236' title='bbox 2473 949 2554 1005; x_wconf 90' lang='lat' dir='ltr'>illi</span> <span class='ocrx_word' id='word_1_237' title='bbox 2587 950 2878 1018; x_wconf 83' lang='lat' dir='ltr'>dixerunt,</span> <span class='ocrx_word' id='word_1_238' title='bbox 2911 953 2969 1006; x_wconf 90' lang='lat' dir='ltr'>et</span> <span class='ocrx_word' id='word_1_239' title='bbox 2999 967 3125 1024; x_wconf 61' lang='lat' dir='ltr'>qua</span> <span class='ocrx_word' id='word_1_240' title='bbox 3156 951 3255 1008; x_wconf 85' lang='lat' dir='ltr'>isti</span> <span class='ocrx_word' id='word_1_241' title='bbox 3303 951 3526 1022; x_wconf 88' lang='lat' dir='ltr'>dicunt,</span> <span class='ocrx_word' id='word_1_242' title='bbox 3560 953 3663 1026; x_wconf 86' lang='lat' dir='ltr'>qui</span> 
     </span>
    </p>
   </div>
   <div class='ocr_carea' id='block_1_39' title="bbox 2008 1037 3666 1112">
    <p class='ocr_par' dir='ltr' id='par_1_39' title="bbox 2008 1037 3666 1112">
     <span class='ocr_line' id='line_1_39' title="bbox 2008 1037 3666 1112; baseline 0.003 -18"><span class='ocrx_word' id='word_1_243' title='bbox 2008 1037 2430 1094; x_wconf 88' lang='lat' dir='ltr'>catholicorum</span> <span class='ocrx_word' id='word_1_244' title='bbox 2453 1042 2511 1094; x_wconf 89' lang='lat' dir='ltr'>et</span> <span class='ocrx_word' id='word_1_245' title='bbox 2535 1039 2868 1112; x_wconf 78' lang='lat' dir='ltr'>apostolicae</span> <span class='ocrx_word' id='word_1_246' title='bbox 2890 1040 3047 1097; x_wconf 89' lang='lat' dir='ltr'>sedis</span> <span class='ocrx_word' id='word_1_247' title='bbox 3078 1041 3354 1097; x_wconf 70' lang='lat' dir='ltr'>doctrinae</span> <span class='ocrx_word' id='word_1_248' title='bbox 3376 1041 3666 1099; x_wconf 78' lang='lat' dir='ltr'>contradi-</span> 
     </span>
    </p>
   </div>
   <div class='ocr_carea' id='block_1_40' title="bbox 2007 1125 3664 1200">
    <p class='ocr_par' dir='ltr' id='par_1_40' title="bbox 2007 1125 3664 1200">
     <span class='ocr_line' id='line_1_40' title="bbox 2007 1125 3664 1200; baseline 0.004 -19"><span class='ocrx_word' id='word_1_249' title='bbox 2007 1125 2393 1199; x_wconf 88' lang='lat' dir='ltr'>cunt,quiquc</span> <span class='ocrx_word' id='word_1_250' title='bbox 2404 1128 2660 1200; x_wconf 88' lang='lat' dir='ltr'>capitula</span> <span class='ocrx_word' id='word_1_251' title='bbox 2680 1145 2714 1184; x_wconf 91' lang='lat' dir='ltr'>a</span> <span class='ocrx_word' id='word_1_252' title='bbox 2732 1129 2901 1184; x_wconf 89' lang='lat' dir='ltr'>nobis</span> <span class='ocrx_word' id='word_1_253' title='bbox 2919 1146 2986 1184; x_wconf 90' lang='lat' dir='ltr'>ex</span> <span class='ocrx_word' id='word_1_254' title='bbox 3003 1129 3460 1187; x_wconf 86' lang='lat' dir='ltr'>orthodoxorum</span> <span class='ocrx_word' id='word_1_255' title='bbox 3470 1131 3664 1188; x_wconf 87' lang='lat' dir='ltr'>verbis</span> 
     </span>
    </p>
   </div>
   <div class='ocr_carea' id='block_1_41' title="bbox 2007 1215 3664 1293">
    <p class='ocr_par' dir='ltr' id='par_1_41' title="bbox 2007 1215 3664 1293">
     <span class='ocr_line' id='line_1_41' title="bbox 2007 1215 3664 1293; baseline 0.004 -22"><span class='ocrx_word' id='word_1_256' title='bbox 2007 1219 2277 1287; x_wconf 80' lang='lat' dir='ltr'>excerpta</span> <span class='ocrx_word' id='word_1_257' title='bbox 2307 1215 2650 1288; x_wconf 86' lang='lat' dir='ltr'>discerpunt</span> <span class='ocrx_word' id='word_1_258' title='bbox 2682 1234 2696 1272; x_wconf 89' lang='lat'>:</span> <span class='ocrx_word' id='word_1_259' title='bbox 2731 1220 2787 1274; x_wconf 91' lang='lat' dir='ltr'>et</span> <span class='ocrx_word' id='word_1_260' title='bbox 2817 1218 2900 1274; x_wconf 90' lang='lat' dir='ltr'>sic</span> <span class='ocrx_word' id='word_1_261' title='bbox 2931 1217 3230 1274; x_wconf 74' lang='lat' dir='ltr'>catholicze</span> <span class='ocrx_word' id='word_1_262' title='bbox 3263 1223 3440 1292; x_wconf 91' lang='lat' dir='ltr'>atque</span> <span class='ocrx_word' id='word_1_263' title='bbox 3491 1237 3664 1293; x_wconf 80' lang='lat' dir='ltr'>apos-</span> 
     </span>
    </p>
   </div>
   <div class='ocr_carea' id='block_1_42' title="bbox 2005 1303 3660 1380">
    <p class='ocr_par' dir='ltr' id='par_1_42' title="bbox 2005 1303 3660 1380">
     <span class='ocr_line' id='line_1_42' title="bbox 2005 1303 3660 1380; baseline 0.004 -21"><span class='ocrx_word' id='word_1_264' title='bbox 2005 1303 2191 1360; x_wconf 82' lang='lat' dir='ltr'>tolicae</span> <span class='ocrx_word' id='word_1_265' title='bbox 2222 1303 2494 1360; x_wconf 73' lang='lat' dir='ltr'>Ecclesiae</span> <span class='ocrx_word' id='word_1_266' title='bbox 2526 1306 2944 1378; x_wconf 87' lang='lat' dir='ltr'>magistrorum</span> <span class='ocrx_word' id='word_1_267' title='bbox 2991 1311 3275 1379; x_wconf 87' lang='lat' dir='ltr'>ponentes</span> <span class='ocrx_word' id='word_1_268' title='bbox 3319 1308 3660 1380; x_wconf 86' lang='lat' dir='ltr'>sententias,</span> 
     </span>
    </p>
   </div>
   <div class='ocr_carea' id='block_1_43' title="bbox 2007 1392 3663 1470">
    <p class='ocr_par' dir='ltr' id='par_1_43' title="bbox 2007 1392 3663 1470">
     <span class='ocr_line' id='line_1_43' title="bbox 2007 1392 3663 1470; baseline 0.004 -22"><span class='ocrx_word' id='word_1_269' title='bbox 2007 1392 2256 1466; x_wconf 86' lang='lat' dir='ltr'>qualiler</span> <span class='ocrx_word' id='word_1_270' title='bbox 2286 1393 2368 1448; x_wconf 91' lang='lat' dir='ltr'>illi</span> <span class='ocrx_word' id='word_1_271' title='bbox 2402 1399 2811 1460; x_wconf 88' lang='lat' dir='ltr'>senserunt,et</span> <span class='ocrx_word' id='word_1_272' title='bbox 2841 1399 3039 1451; x_wconf 91' lang='lat' dir='ltr'>utrum</span> <span class='ocrx_word' id='word_1_273' title='bbox 3071 1401 3273 1453; x_wconf 87' lang='lat' dir='ltr'>nostro</span> <span class='ocrx_word' id='word_1_274' title='bbox 3305 1395 3568 1470; x_wconf 85' lang='lat' dir='ltr'>collegio,</span> <span class='ocrx_word' id='word_1_275' title='bbox 3586 1415 3663 1454; x_wconf 89' lang='lat' dir='ltr'>an</span> 
     </span>
    </p>
   </div>
   <div class='ocr_carea' id='block_1_44' title="bbox 2005 1480 3666 1549">
    <p class='ocr_par' dir='ltr' id='par_1_44' title="bbox 2005 1480 3666 1549">
     <span class='ocr_line' id='line_1_44' title="bbox 2005 1480 3666 1549; baseline 0.004 -12"><span class='ocrx_word' id='word_1_276' title='bbox 2005 1480 2239 1538; x_wconf 88' lang='lat' dir='ltr'>illorum</span> <span class='ocrx_word' id='word_1_277' title='bbox 2272 1482 2563 1549; x_wconf 90' lang='lat' dir='ltr'>divisioni,</span> <span class='ocrx_word' id='word_1_278' title='bbox 2596 1483 2978 1540; x_wconf 85' lang='lat' dir='ltr'>difﬁnitiones</span> <span class='ocrx_word' id='word_1_279' title='bbox 3011 1487 3352 1543; x_wconf 88' lang='lat' dir='ltr'>eorumdem</span> <span class='ocrx_word' id='word_1_280' title='bbox 3382 1486 3666 1544; x_wconf 82' lang='lat' dir='ltr'>orthodo-</span> 
     </span>
    </p>
   </div>
   <div class='ocr_carea' id='block_1_45' title="bbox 2003 1571 3662 1648">
    <p class='ocr_par' dir='ltr' id='par_1_45' title="bbox 2003 1571 3662 1648">
     <span class='ocr_line' id='line_1_45' title="bbox 2003 1571 3662 1648; baseline 0.004 -22"><span class='ocrx_word' id='word_1_281' title='bbox 2003 1588 2212 1627; x_wconf 88' lang='lat' dir='ltr'>xorum</span> <span class='ocrx_word' id='word_1_282' title='bbox 2255 1571 2492 1639; x_wconf 86' lang='lat' dir='ltr'>faciant,</span> <span class='ocrx_word' id='word_1_283' title='bbox 2525 1572 2772 1629; x_wconf 90' lang='lat' dir='ltr'>Domino</span> <span class='ocrx_word' id='word_1_284' title='bbox 2821 1572 3145 1646; x_wconf 85' lang='lat' dir='ltr'>inspirante</span> <span class='ocrx_word' id='word_1_285' title='bbox 3187 1578 3245 1630; x_wconf 88' lang='lat' dir='ltr'>et</span> <span class='ocrx_word' id='word_1_286' title='bbox 3291 1579 3662 1648; x_wconf 85' lang='lat' dir='ltr'>cooperante,</span> 
     </span>
    </p>
   </div>
   <div class='ocr_carea' id='block_1_46' title="bbox 2005 1660 3668 1736">
    <p class='ocr_par' dir='ltr' id='par_1_46' title="bbox 2005 1660 3668 1736">
     <span class='ocr_line' id='line_1_46' title="bbox 2005 1660 3668 1736; baseline 0.004 -21"><span class='ocrx_word' id='word_1_287' title='bbox 2005 1660 2408 1718; x_wconf 88' lang='lat' dir='ltr'>demonstrare</span> <span class='ocrx_word' id='word_1_288' title='bbox 2437 1662 2949 1728; x_wconf 88' lang='lat' dir='ltr'>curabimus,cum</span> <span class='ocrx_word' id='word_1_289' title='bbox 2967 1667 3136 1719; x_wconf 79' lang='lat' dir='ltr'>sectae</span> <span class='ocrx_word' id='word_1_290' title='bbox 3159 1663 3442 1736; x_wconf 68' lang='lat' dir='ltr'>pestiferae</span> <span class='ocrx_word' id='word_1_291' title='bbox 3463 1663 3668 1720; x_wconf 90' lang='lat' dir='ltr'>catho-</span> 
     </span>
    </p>
   </div>
   <div class='ocr_carea' id='block_1_47' title="bbox 2003 1747 3664 1823">
    <p class='ocr_par' dir='ltr' id='par_1_47' title="bbox 2003 1747 3664 1823">
     <span class='ocr_line' id='line_1_47' title="bbox 2003 1747 3664 1823; baseline 0.003 -20"><span class='ocrx_word' id='word_1_292' title='bbox 2003 1747 2252 1804; x_wconf 89' lang='lat' dir='ltr'>licorum</span> <span class='ocrx_word' id='word_1_293' title='bbox 2283 1749 2558 1806; x_wconf 89' lang='lat' dir='ltr'>sensibus</span> <span class='ocrx_word' id='word_1_294' title='bbox 2589 1751 2960 1823; x_wconf 89' lang='lat' dir='ltr'>respondere,</span> <span class='ocrx_word' id='word_1_295' title='bbox 2977 1755 3032 1806; x_wconf 89' lang='lat' dir='ltr'>et</span> <span class='ocrx_word' id='word_1_296' title='bbox 3055 1751 3124 1806; x_wconf 92' lang='lat' dir='ltr'>dc</span> <span class='ocrx_word' id='word_1_297' title='bbox 3145 1749 3422 1823; x_wconf 87' lang='lat' dir='ltr'>capitulis</span> <span class='ocrx_word' id='word_1_298' title='bbox 3437 1769 3474 1810; x_wconf 88' lang='lat' dir='ltr'>a</span> <span class='ocrx_word' id='word_1_299' title='bbox 3492 1751 3664 1808; x_wconf 85' lang='lat' dir='ltr'>nobis</span> 
     </span>
    </p>
   </div>
   <div class='ocr_carea' id='block_1_48' title="bbox 2008 1837 3342 1912">
    <p class='ocr_par' dir='ltr' id='par_1_48' title="bbox 2008 1837 3342 1912">
     <span class='ocr_line' id='line_1_48' title="bbox 2008 1837 3342 1912; baseline 0 -21"><span class='ocrx_word' id='word_1_300' title='bbox 2008 1837 2298 1910; x_wconf 86' lang='lat' dir='ltr'>excerptis</span> <span class='ocrx_word' id='word_1_301' title='bbox 2329 1838 2614 1894; x_wconf 90' lang='lat' dir='ltr'>rationem</span> <span class='ocrx_word' id='word_1_302' title='bbox 2647 1839 2888 1896; x_wconf 87' lang='lat' dir='ltr'>reddere</span> <span class='ocrx_word' id='word_1_303' title='bbox 2909 1837 3277 1912; x_wconf 63' lang='lat' dir='ltr'>coeperimus.</span> <span class='ocrx_word' id='word_1_304' title='bbox 3313 1861 3342 1891; x_wconf 83' lang='lat'><strong>»</strong></span> 
     </span>
    </p>
   </div>
   <div class='ocr_carea' id='block_1_49' title="bbox 2645 1980 3014 2036">
    <p class='ocr_par' dir='ltr' id='par_1_49' title="bbox 2645 1980 3014 2036">
     <span class='ocr_line' id='line_1_49' title="bbox 2645 1980 3014 2036; baseline 0 0"><span class='ocrx_word' id='word_1_305' title='bbox 2645 1980 2876 2036; x_wconf 88' lang='lat' dir='ltr'>CAPUT</span> <span class='ocrx_word' id='word_1_306' title='bbox 2917 1981 3014 2036; x_wconf 88' lang='grc' dir='ltr'>ΙΙΙ.</span> 
     </span>
    </p>
   </div>
   <div class='ocr_carea' id='block_1_50' title="bbox 2111 2086 3667 2160">
    <p class='ocr_par' dir='ltr' id='par_1_50' title="bbox 2111 2086 3667 2160">
     <span class='ocr_line' id='line_1_50' title="bbox 2111 2086 3667 2160; baseline 0.001 -18"><span class='ocrx_word' id='word_1_307' title='bbox 2111 2087 2413 2160; x_wconf 79' lang='lat' dir='ltr'>Fulgentio,</span> <span class='ocrx_word' id='word_1_308' title='bbox 2443 2103 2514 2142; x_wconf 75' lang='lat' dir='ltr'>ea:</span> <span class='ocrx_word' id='word_1_309' title='bbox 2541 2087 2711 2160; x_wconf 81' lang='lat' dir='ltr'>cujus</span> <span class='ocrx_word' id='word_1_310' title='bbox 2729 2087 2890 2144; x_wconf 85' lang='lat' dir='ltr'>libris</span> <span class='ocrx_word' id='word_1_311' title='bbox 2928 2087 3000 2160; x_wconf 82' lang='lat' dir='ltr'>ad</span> <span class='ocrx_word' id='word_1_312' title='bbox 3026 2104 3187 2144; x_wconf 84' lang='lat' dir='ltr'>suam</span> <span class='ocrx_word' id='word_1_313' title='bbox 3230 2086 3667 2160; x_wconf 81' lang='lat' dir='ltr'>conﬁrmandam</span> 
     </span>
    </p>
   </div>
   <div class='ocr_carea' id='block_1_51' title="bbox 2129 2158 3521 2233">
    <p class='ocr_par' dir='ltr' id='par_1_51' title="bbox 2129 2158 3521 2233">
     <span class='ocr_line' id='line_1_51' title="bbox 2129 2158 3521 2233; baseline 0.001 -19"><span class='ocrx_word' id='word_1_314' title='bbox 2129 2158 2473 2216; x_wconf 70' lang='lat' dir='ltr'>‘sententiam</span> <span class='ocrx_word' id='word_1_315' title='bbox 2499 2159 2750 2230; x_wconf 69' lang='lat' dir='ltr'>exempla</span> <span class='ocrx_word' id='word_1_316' title='bbox 2778 2158 3270 2217; x_wconf 64' lang='lat' dir='ltr'>Praedestinatiani</span> <span class='ocrx_word' id='word_1_317' title='bbox 3289 2158 3521 2233; x_wconf 71' lang='lat' dir='ltr'>panum.</span> 
     </span>
    </p>
   </div>
   <div class='ocr_carea' id='block_1_52' title="bbox 2079 2283 3665 2358">
    <p class='ocr_par' dir='ltr' id='par_1_52' title="bbox 2079 2283 3665 2358">
     <span class='ocr_line' id='line_1_52' title="bbox 2079 2283 3665 2358; baseline 0.001 -20"><span class='ocrx_word' id='word_1_318' title='bbox 2079 2283 2242 2340; x_wconf 90' lang='lat' dir='ltr'>Unde</span> <span class='ocrx_word' id='word_1_319' title='bbox 2273 2300 2704 2356; x_wconf 86' lang='lat' dir='ltr'>praemonemus</span> <span class='ocrx_word' id='word_1_320' title='bbox 2734 2299 3030 2356; x_wconf 89' lang='lat' dir='ltr'>quemque</span> <span class='ocrx_word' id='word_1_321' title='bbox 3060 2283 3445 2352; x_wconf 90' lang='lat' dir='ltr'>lectorem,ne</span> <span class='ocrx_word' id='word_1_322' title='bbox 3460 2299 3665 2358; x_wconf 86' lang='lat' dir='ltr'>pravo-</span> 
     </span>
    </p>
   </div>
   <div class='ocr_carea' id='block_1_53' title="bbox 2008 2370 3666 2445">
    <p class='ocr_par' dir='ltr' id='par_1_53' title="bbox 2008 2370 3666 2445">
     <span class='ocr_line' id='line_1_53' title="bbox 2008 2370 3666 2445; baseline 0.001 -19"><span class='ocrx_word' id='word_1_323' title='bbox 2008 2388 2140 2427; x_wconf 90' lang='lat' dir='ltr'>rum</span> <span class='ocrx_word' id='word_1_324' title='bbox 2173 2371 2388 2428; x_wconf 76' lang='lat' dir='ltr'>haereat</span> <span class='ocrx_word' id='word_1_325' title='bbox 2419 2371 2712 2439; x_wconf 87' lang='lat' dir='ltr'>sensibus,</span> <span class='ocrx_word' id='word_1_326' title='bbox 2729 2387 2862 2427; x_wconf 93' lang='lat' dir='ltr'>cum</span> <span class='ocrx_word' id='word_1_327' title='bbox 2894 2371 2954 2427; x_wconf 90' lang='lat' dir='ltr'>in</span> <span class='ocrx_word' id='word_1_328' title='bbox 2987 2371 3221 2428; x_wconf 90' lang='lat' dir='ltr'>illorum</span> <span class='ocrx_word' id='word_1_329' title='bbox 3243 2371 3479 2445; x_wconf 76' lang='lat' dir='ltr'>scriptis</span> <span class='ocrx_word' id='word_1_330' title='bbox 3499 2370 3666 2428; x_wconf 88' lang='lat' dir='ltr'>testi-</span> 
     </span>
    </p>
   </div>
   <div class='ocr_carea' id='block_1_54' title="bbox 2009 2459 3662 2534">
    <p class='ocr_par' dir='ltr' id='par_1_54' title="bbox 2009 2459 3662 2534">
     <span class='ocr_line' id='line_1_54' title="bbox 2009 2459 3662 2534; baseline 0 -18"><span class='ocrx_word' id='word_1_331' title='bbox 2009 2460 2210 2516; x_wconf 84' lang='lat' dir='ltr'>monia</span> <span class='ocrx_word' id='word_1_332' title='bbox 2257 2460 2544 2516; x_wconf 89' lang='lat' dir='ltr'>invenerit</span> <span class='ocrx_word' id='word_1_333' title='bbox 2593 2460 2784 2532; x_wconf 87' lang='lat' dir='ltr'>posita</span> <span class='ocrx_word' id='word_1_334' title='bbox 2826 2461 2898 2516; x_wconf 91' lang='lat' dir='ltr'>de</span> <span class='ocrx_word' id='word_1_335' title='bbox 2947 2460 3114 2517; x_wconf 90' lang='lat' dir='ltr'>libris</span> <span class='ocrx_word' id='word_1_336' title='bbox 3160 2459 3472 2534; x_wconf 89' lang='lat' dir='ltr'>Fulgentii,</span> <span class='ocrx_word' id='word_1_337' title='bbox 3503 2459 3662 2534; x_wconf 91' lang='lat' dir='ltr'>quod</span> 
     </span>
    </p>
   </div>
   <div class='ocr_carea' id='block_1_55' title="bbox 2009 2549 3666 2622">
    <p class='ocr_par' dir='ltr' id='par_1_55' title="bbox 2009 2549 3666 2622">
     <span class='ocr_line' id='line_1_55' title="bbox 2009 2549 3666 2622; baseline -0.001 -17"><span class='ocrx_word' id='word_1_338' title='bbox 2009 2549 2240 2621; x_wconf 89' lang='lat' dir='ltr'>reprobi</span> <span class='ocrx_word' id='word_1_339' title='bbox 2265 2549 2656 2622; x_wconf 66' lang='lat' dir='ltr'>prmdestinati</span> <span class='ocrx_word' id='word_1_340' title='bbox 2685 2554 2826 2605; x_wconf 88' lang='lat' dir='ltr'>sunt</span> <span class='ocrx_word' id='word_1_341' title='bbox 2846 2566 2962 2605; x_wconf 90' lang='lat' dir='ltr'>non</span> <span class='ocrx_word' id='word_1_342' title='bbox 2984 2550 3054 2606; x_wconf 91' lang='lat' dir='ltr'>ad</span> <span class='ocrx_word' id='word_1_343' title='bbox 3079 2550 3322 2617; x_wconf 89' lang='lat' dir='ltr'>malum,</span> <span class='ocrx_word' id='word_1_344' title='bbox 3346 2549 3450 2608; x_wconf 88' lang='lat' dir='ltr'>sed</span> <span class='ocrx_word' id='word_1_345' title='bbox 3469 2549 3542 2606; x_wconf 89' lang='lat' dir='ltr'>ad</span> <span class='ocrx_word' id='word_1_346' title='bbox 3573 2549 3666 2605; x_wconf 90' lang='lat' dir='ltr'>in-</span> 
     </span>
    </p>
   </div>
   <div class='ocr_carea' id='block_1_56' title="bbox 2010 2637 3666 2712">
    <p class='ocr_par' dir='ltr' id='par_1_56' title="bbox 2010 2637 3666 2712">
     <span class='ocr_line' id='line_1_56' title="bbox 2010 2637 3666 2712; baseline 0.001 -19"><span class='ocrx_word' id='word_1_347' title='bbox 2010 2639 2248 2693; x_wconf 91' lang='lat' dir='ltr'>teritum</span> <span class='ocrx_word' id='word_1_348' title='bbox 2275 2655 2287 2693; x_wconf 90' lang='lat'><strong>:</strong></span> <span class='ocrx_word' id='word_1_349' title='bbox 2314 2655 2440 2710; x_wconf 77' lang='lat' dir='ltr'>quae</span> <span class='ocrx_word' id='word_1_350' title='bbox 2459 2639 2514 2693; x_wconf 88' lang='lat' dir='ltr'>in</span> <span class='ocrx_word' id='word_1_351' title='bbox 2539 2638 2688 2694; x_wconf 89' lang='lat' dir='ltr'>libro</span> <span class='ocrx_word' id='word_1_352' title='bbox 2711 2639 2784 2693; x_wconf 90' lang='lat' dir='ltr'>ad</span> <span class='ocrx_word' id='word_1_353' title='bbox 2811 2637 3343 2712; x_wconf 87' lang='lat' dir='ltr'>Monimum,quasi</span> <span class='ocrx_word' id='word_1_354' title='bbox 3369 2638 3429 2694; x_wconf 90' lang='lat' dir='ltr'>in</span> <span class='ocrx_word' id='word_1_355' title='bbox 3459 2638 3666 2695; x_wconf 89' lang='lat' dir='ltr'>defen-</span> 
     </span>
    </p>
   </div>
   <div class='ocr_carea' id='block_1_57' title="bbox 2011 2725 3671 2800">
    <p class='ocr_par' dir='ltr' id='par_1_57' title="bbox 2011 2725 3671 2800">
     <span class='ocr_line' id='line_1_57' title="bbox 2011 2725 3671 2800; baseline 0.001 -18"><span class='ocrx_word' id='word_1_356' title='bbox 2011 2725 2174 2782; x_wconf 89' lang='lat' dir='ltr'>sione</span> <span class='ocrx_word' id='word_1_357' title='bbox 2193 2727 2346 2782; x_wconf 89' lang='lat' dir='ltr'>beati</span> <span class='ocrx_word' id='word_1_358' title='bbox 2367 2725 2930 2799; x_wconf 65' lang='lat' dir='ltr'>Augustini,saepius</span> <span class='ocrx_word' id='word_1_359' title='bbox 2971 2727 3410 2800; x_wconf 86' lang='lat' dir='ltr'>replicat.Unde</span> <span class='ocrx_word' id='word_1_360' title='bbox 3432 2743 3548 2784; x_wconf 88' lang='lat' dir='ltr'>non</span> <span class='ocrx_word' id='word_1_361' title='bbox 3578 2729 3671 2784; x_wconf 83' lang='lat' dir='ltr'>est</span> 
     </span>
    </p>
   </div>
   <div class='ocr_carea' id='block_1_58' title="bbox 2012 2814 3665 2890">
    <p class='ocr_par' dir='ltr' id='par_1_58' title="bbox 2012 2814 3665 2890">
     <span class='ocr_line' id='line_1_58' title="bbox 2012 2814 3665 2890; baseline 0.001 -18"><span class='ocrx_word' id='word_1_362' title='bbox 2012 2832 2249 2872; x_wconf 89' lang='lat' dir='ltr'>necesse</span> <span class='ocrx_word' id='word_1_363' title='bbox 2275 2815 2580 2874; x_wconf 74' lang='lat' dir='ltr'>catholicis</span> <span class='ocrx_word' id='word_1_364' title='bbox 2613 2817 2686 2872; x_wconf 90' lang='lat' dir='ltr'>ab</span> <span class='ocrx_word' id='word_1_365' title='bbox 2715 2815 2816 2872; x_wconf 91' lang='lat' dir='ltr'>illo</span> <span class='ocrx_word' id='word_1_366' title='bbox 2849 2817 3002 2872; x_wconf 87' lang='lat' dir='ltr'>hanc</span> <span class='ocrx_word' id='word_1_367' title='bbox 3031 2816 3185 2873; x_wconf 90' lang='lat' dir='ltr'>beati</span> <span class='ocrx_word' id='word_1_368' title='bbox 3218 2814 3529 2890; x_wconf 81' lang='lat' dir='ltr'>Augustini</span> <span class='ocrx_word' id='word_1_369' title='bbox 3561 2833 3665 2873; x_wconf 85' lang='lat' dir='ltr'>ex-</span> 
     </span>
    </p>
   </div>
   <div class='ocr_carea' id='block_1_59' title="bbox 2012 2903 3668 2978">
    <p class='ocr_par' dir='ltr' id='par_1_59' title="bbox 2012 2903 3668 2978">
     <span class='ocr_line' id='line_1_59' title="bbox 2012 2903 3668 2978; baseline 0 -17"><span class='ocrx_word' id='word_1_370' title='bbox 2012 2904 2376 2961; x_wconf 89' lang='lat' dir='ltr'>cusationem</span> <span class='ocrx_word' id='word_1_371' title='bbox 2427 2905 2744 2977; x_wconf 85' lang='lat' dir='ltr'>suscipere,</span> <span class='ocrx_word' id='word_1_372' title='bbox 2777 2905 2918 2977; x_wconf 90' lang='lat' dir='ltr'>quia</span> <span class='ocrx_word' id='word_1_373' title='bbox 2968 2905 3114 2961; x_wconf 91' lang='lat' dir='ltr'>satis</span> <span class='ocrx_word' id='word_1_374' title='bbox 3163 2921 3456 2978; x_wconf 88' lang='lat' dir='ltr'>superque</span> <span class='ocrx_word' id='word_1_375' title='bbox 3509 2903 3668 2962; x_wconf 89' lang='lat' dir='ltr'>idem</span> 
     </span>
    </p>
   </div>
   <div class='ocr_carea' id='block_1_60' title="bbox 2013 2992 3671 3066">
    <p class='ocr_par' dir='ltr' id='par_1_60' title="bbox 2013 2992 3671 3066">
     <span class='ocr_line' id='line_1_60' title="bbox 2013 2992 3671 3066; baseline 0.001 -18"><span class='ocrx_word' id='word_1_376' title='bbox 2013 2994 2223 3048; x_wconf 89' lang='lat' dir='ltr'>beatus</span> <span class='ocrx_word' id='word_1_377' title='bbox 2252 2992 2619 3066; x_wconf 89' lang='lat' dir='ltr'>Augustinus</span> <span class='ocrx_word' id='word_1_378' title='bbox 2649 3010 2711 3049; x_wconf 91' lang='lat' dir='ltr'>se</span> <span class='ocrx_word' id='word_1_379' title='bbox 2740 2993 2877 3048; x_wconf 89' lang='lat' dir='ltr'>hinc</span> <span class='ocrx_word' id='word_1_380' title='bbox 2909 2992 3226 3060; x_wconf 84' lang='lat' dir='ltr'>excusavit,</span> <span class='ocrx_word' id='word_1_381' title='bbox 3260 2997 3440 3066; x_wconf 87' lang='lat' dir='ltr'>atque</span> <span class='ocrx_word' id='word_1_382' title='bbox 3486 2997 3671 3050; x_wconf 87' lang='lat' dir='ltr'>retra-</span> 
     </span>
    </p>
   </div>
   <div class='ocr_carea' id='block_1_61' title="bbox 2014 3080 3673 3154">
    <p class='ocr_par' dir='ltr' id='par_1_61' title="bbox 2014 3080 3673 3154">
     <span class='ocr_line' id='line_1_61' title="bbox 2014 3080 3673 3154; baseline 0 -18"><span class='ocrx_word' id='word_1_383' title='bbox 2014 3081 2225 3137; x_wconf 91' lang='lat' dir='ltr'>ctando</span> <span class='ocrx_word' id='word_1_384' title='bbox 2255 3081 2533 3136; x_wconf 88' lang='lat' dir='ltr'>defendit.</span> <span class='ocrx_word' id='word_1_385' title='bbox 2565 3083 2637 3137; x_wconf 91' lang='lat' dir='ltr'>Et</span> <span class='ocrx_word' id='word_1_386' title='bbox 2667 3081 2894 3154; x_wconf 85' lang='lat' dir='ltr'>legatus</span> <span class='ocrx_word' id='word_1_387' title='bbox 2927 3081 3200 3136; x_wconf 70' lang='lat' dir='ltr'>Romana:</span> <span class='ocrx_word' id='word_1_388' title='bbox 3221 3080 3490 3137; x_wconf 70' lang='lat' dir='ltr'>Ecclesia:</span> <span class='ocrx_word' id='word_1_389' title='bbox 3521 3081 3673 3137; x_wconf 80' lang='lat' dir='ltr'>fide-</span> 
     </span>
    </p>
   </div>
   <div class='ocr_carea' id='block_1_62' title="bbox 253 3167 3670 3247">
    <p class='ocr_par' dir='ltr' id='par_1_62' title="bbox 253 3167 3670 3247">
     <span class='ocr_line' id='line_1_62' title="bbox 253 3167 3670 3247; baseline -0.001 -17"><span class='ocrx_word' id='word_1_390' title='bbox 253 3173 412 3230; x_wconf 87' lang='lat' dir='ltr'>Isaac</span> <span class='ocrx_word' id='word_1_391' title='bbox 432 3173 722 3229; x_wconf 88' lang='lat' dir='ltr'>diaconus</span> <span class='ocrx_word' id='word_1_392' title='bbox 753 3172 1081 3240; x_wconf 89' lang='lat' dir='ltr'>Parduli,et</span> <span class='ocrx_word' id='word_1_393' title='bbox 1107 3190 1264 3230; x_wconf 90' lang='lat' dir='ltr'>nunc</span> <span class='ocrx_word' id='word_1_394' title='bbox 1295 3173 1623 3247; x_wconf 74' lang='lat' dir='ltr'>Lingonicaa</span> <span class='ocrx_word' id='word_1_395' title='bbox 1655 3173 1908 3230; x_wconf 86' lang='lat' dir='ltr'>civitatis</span> <span class='ocrx_word' id='word_1_396' title='bbox 1951 3245 1966 3247; x_wconf 95' lang='lat'>_</span> <span class='ocrx_word' id='word_1_397' title='bbox 2014 3169 2204 3244; x_wconf 89' lang='lat' dir='ltr'>lisque</span> <span class='ocrx_word' id='word_1_398' title='bbox 2224 3170 2354 3240; x_wconf 88' lang='lat' dir='ltr'>ejus</span> <span class='ocrx_word' id='word_1_399' title='bbox 2374 3169 2662 3242; x_wconf 89' lang='lat' dir='ltr'>interpres</span> <span class='ocrx_word' id='word_1_400' title='bbox 2683 3171 2891 3226; x_wconf 88' lang='lat' dir='ltr'>beatus</span> <span class='ocrx_word' id='word_1_401' title='bbox 2911 3169 3176 3242; x_wconf 89' lang='lat' dir='ltr'>Prosper,</span> <span class='ocrx_word' id='word_1_402' title='bbox 3191 3170 3263 3226; x_wconf 91' lang='lat' dir='ltr'>de</span> <span class='ocrx_word' id='word_1_403' title='bbox 3294 3168 3468 3241; x_wconf 88' lang='lat' dir='ltr'>cujus</span> <span class='ocrx_word' id='word_1_404' title='bbox 3500 3167 3670 3226; x_wconf 90' lang='lat' dir='ltr'>libris</span> 
     </span>
    </p>
   </div>
   <div class='ocr_carea' id='block_1_63' title="bbox 251 3245 3671 3336">
    <p class='ocr_par' dir='ltr' id='par_1_63' title="bbox 251 3245 3671 3336">
     <span class='ocr_line' id='line_1_63' title="bbox 251 3245 3671 3336; baseline -0.002 -16"><span class='ocrx_word' id='word_1_405' title='bbox 251 3262 708 3336; x_wconf 87' lang='lat' dir='ltr'>episcopus.Sed</span> <span class='ocrx_word' id='word_1_406' title='bbox 729 3265 788 3318; x_wconf 88' lang='lat' dir='ltr'>et</span> <span class='ocrx_word' id='word_1_407' title='bbox 805 3261 1164 3319; x_wconf 89' lang='lat' dir='ltr'>venerabiles</span> <span class='ocrx_word' id='word_1_408' title='bbox 1185 3245 1432 3319; x_wconf 80' lang='lat' dir='ltr'>abbates</span> <span class='ocrx_word' id='word_1_409' title='bbox 1447 3263 1668 3336; x_wconf 85' lang='lat' dir='ltr'>synodo</span> <span class='ocrx_word' id='word_1_410' title='bbox 1689 3262 1802 3336; x_wconf 87' lang='lat' dir='ltr'>ipsi</span> <span class='ocrx_word' id='word_1_411' title='bbox 1825 3263 1909 3318; x_wconf 90' lang='lat' dir='ltr'>in-</span> <span class='ocrx_word' id='word_1_412' title='bbox 1936 3245 1979 3312; x_wconf 88' lang='lat' dir='ltr'><strong>C</strong></span> <span class='ocrx_word' id='word_1_413' title='bbox 2018 3258 2367 3331; x_wconf 86' lang='lat' dir='ltr'>recipiendis</span> <span class='ocrx_word' id='word_1_414' title='bbox 2398 3258 2458 3313; x_wconf 92' lang='lat' dir='ltr'>in</span> <span class='ocrx_word' id='word_1_415' title='bbox 2508 3258 2771 3332; x_wconf 87' lang='lat' dir='ltr'>catalogo</span> <span class='ocrx_word' id='word_1_416' title='bbox 2822 3259 3278 3315; x_wconf 84' lang='lat' dir='ltr'>orthodoxorum</span> <span class='ocrx_word' id='word_1_417' title='bbox 3325 3257 3671 3315; x_wconf 79' lang='lat' dir='ltr'>memoriam</span> 
     </span>
    </p>
   </div>
   <div class='ocr_carea' id='block_1_64' title="bbox 254 3346 3677 3420">
    <p class='ocr_par' dir='ltr' id='par_1_64' title="bbox 254 3346 3677 3420">
     <span class='ocr_line' id='line_1_64' title="bbox 254 3346 3677 3420; baseline -0.001 -12"><span class='ocrx_word' id='word_1_418' title='bbox 254 3353 525 3418; x_wconf 67' lang='lat' dir='ltr'>terruere,</span> <span class='ocrx_word' id='word_1_419' title='bbox 554 3351 873 3408; x_wconf 83' lang='lat' dir='ltr'>Ratbertus</span> <span class='ocrx_word' id='word_1_420' title='bbox 904 3350 1178 3420; x_wconf 62' lang='lat' dir='ltr'>Corbeiaa,</span> <span class='ocrx_word' id='word_1_421' title='bbox 1205 3352 1354 3408; x_wconf 89' lang='lat' dir='ltr'>Bavo</span> <span class='ocrx_word' id='word_1_422' title='bbox 1389 3351 1650 3419; x_wconf 88' lang='lat' dir='ltr'>Orbacis,</span> <span class='ocrx_word' id='word_1_423' title='bbox 1674 3355 1732 3407; x_wconf 92' lang='lat' dir='ltr'>et</span> <span class='ocrx_word' id='word_1_424' title='bbox 1779 3350 1909 3406; x_wconf 86' lang='lat' dir='ltr'>Hal-</span> <span class='ocrx_word' id='word_1_425' title='bbox 2019 3347 2239 3404; x_wconf 89' lang='lat' dir='ltr'>faciens</span> <span class='ocrx_word' id='word_1_426' title='bbox 2277 3351 2520 3404; x_wconf 90' lang='lat' dir='ltr'>sanctus</span> <span class='ocrx_word' id='word_1_427' title='bbox 2567 3347 2835 3404; x_wconf 87' lang='lat' dir='ltr'>Gelasius</span> <span class='ocrx_word' id='word_1_428' title='bbox 2883 3348 3037 3404; x_wconf 89' lang='lat' dir='ltr'>inter</span> <span class='ocrx_word' id='word_1_429' title='bbox 3067 3346 3214 3404; x_wconf 88' lang='lat' dir='ltr'>alios</span> <span class='ocrx_word' id='word_1_430' title='bbox 3244 3347 3326 3403; x_wconf 89' lang='lat' dir='ltr'>ita</span> <span class='ocrx_word' id='word_1_431' title='bbox 3354 3347 3520 3417; x_wconf 91' lang='lat' dir='ltr'>dicit,</span> <span class='ocrx_word' id='word_1_432' title='bbox 3543 3347 3677 3404; x_wconf 79' lang='lat' dir='ltr'>Item</span> 
     </span>
    </p>
   </div>
   <div class='ocr_carea' id='block_1_65' title="bbox 254 3434 3678 3512">
    <p class='ocr_par' dir='ltr' id='par_1_65' title="bbox 254 3434 3678 3512">
     <span class='ocr_line' id='line_1_65' title="bbox 254 3434 3678 3512; baseline -0.001 -16"><span class='ocrx_word' id='word_1_433' title='bbox 254 3439 471 3496; x_wconf 87' lang='lat' dir='ltr'>duinus</span> <span class='ocrx_word' id='word_1_434' title='bbox 489 3437 836 3495; x_wconf 83' lang='lat' dir='ltr'>Altivillaris</span> <span class='ocrx_word' id='word_1_435' title='bbox 857 3438 1219 3507; x_wconf 85' lang='lat' dir='ltr'>monasterii,</span> <span class='ocrx_word' id='word_1_436' title='bbox 1235 3439 1452 3512; x_wconf 88' lang='lat' dir='ltr'>aliique</span> <span class='ocrx_word' id='word_1_437' title='bbox 1482 3437 1704 3494; x_wconf 90' lang='lat' dir='ltr'>domini</span> <span class='ocrx_word' id='word_1_438' title='bbox 1727 3453 1913 3493; x_wconf 88' lang='lat' dir='ltr'>sacer-</span> <span class='ocrx_word' id='word_1_439' title='bbox 2017 3437 2279 3508; x_wconf 83' lang='lat' dir='ltr'>opuscala</span> <span class='ocrx_word' id='word_1_440' title='bbox 2305 3437 2452 3492; x_wconf 80' lang='lat' dir='ltr'>beati</span> <span class='ocrx_word' id='word_1_441' title='bbox 2467 3438 2728 3508; x_wconf 83' lang='lat' dir='ltr'>Prosperi</span> <span class='ocrx_word' id='word_1_442' title='bbox 2746 3437 2862 3492; x_wconf 82' lang='lat' dir='ltr'>viri</span> <span class='ocrx_word' id='word_1_443' title='bbox 2881 3437 3307 3508; x_wconf 78' lang='lat' dir='ltr'>religiosissimi,</span> <span class='ocrx_word' id='word_1_444' title='bbox 3331 3452 3436 3509; x_wconf 90' lang='lat' dir='ltr'>pro</span> <span class='ocrx_word' id='word_1_445' title='bbox 3458 3434 3560 3493; x_wconf 92' lang='lat' dir='ltr'>illo</span> <span class='ocrx_word' id='word_1_446' title='bbox 3579 3452 3678 3494; x_wconf 87' lang='lat' dir='ltr'>no-</span> 
     </span>
    </p>
   </div>
   <div class='ocr_carea' id='block_1_66' title="bbox 254 3523 3676 3604">
    <p class='ocr_par' dir='ltr' id='par_1_66' title="bbox 254 3523 3676 3604">
     <span class='ocr_line' id='line_1_66' title="bbox 254 3523 3676 3604; baseline -0.001 -18"><span class='ocrx_word' id='word_1_447' title='bbox 254 3529 417 3586; x_wconf 89' lang='lat' dir='ltr'>dotes</span> <span class='ocrx_word' id='word_1_448' title='bbox 449 3547 520 3586; x_wconf 85' lang='lat' dir='ltr'>ac</span> <span class='ocrx_word' id='word_1_449' title='bbox 545 3527 800 3584; x_wconf 88' lang='lat' dir='ltr'>diaconi.</span> <span class='ocrx_word' id='word_1_450' title='bbox 831 3528 1104 3586; x_wconf 86' lang='lat' dir='ltr'>Wlfadus</span> <span class='ocrx_word' id='word_1_451' title='bbox 1133 3545 1367 3604; x_wconf 89' lang='lat' dir='ltr'>quoque</span> <span class='ocrx_word' id='word_1_452' title='bbox 1398 3529 1758 3585; x_wconf 81' lang='lat' dir='ltr'>Rhemorum</span> <span class='ocrx_word' id='word_1_453' title='bbox 1789 3543 1910 3583; x_wconf 92' lang='lat' dir='ltr'>me-</span> <span class='ocrx_word' id='word_1_454' title='bbox 2019 3525 2110 3582; x_wconf 88' lang='lat' dir='ltr'>bis</span> <span class='ocrx_word' id='word_1_455' title='bbox 2130 3525 2426 3581; x_wconf 90' lang='lat' dir='ltr'>satissime</span> <span class='ocrx_word' id='word_1_456' title='bbox 2449 3525 2738 3582; x_wconf 75' lang='lat' dir='ltr'>satisfecit</span> <span class='ocrx_word' id='word_1_457' title='bbox 2761 3543 2774 3580; x_wconf 91' lang='lat'>:</span> <span class='ocrx_word' id='word_1_458' title='bbox 2799 3530 2857 3582; x_wconf 87' lang='lat' dir='ltr'>et</span> <span class='ocrx_word' id='word_1_459' title='bbox 2889 3525 3171 3598; x_wconf 89' lang='lat' dir='ltr'>quoniam</span> <span class='ocrx_word' id='word_1_460' title='bbox 3212 3541 3328 3582; x_wconf 90' lang='lat' dir='ltr'>non</span> <span class='ocrx_word' id='word_1_461' title='bbox 3360 3523 3676 3582; x_wconf 88' lang='lat' dir='ltr'>dicendum</span> 
     </span>
    </p>
   </div>
   <div class='ocr_carea' id='block_1_67' title="bbox 252 3613 3672 3690">
    <p class='ocr_par' dir='ltr' id='par_1_67' title="bbox 252 3613 3672 3690">
     <span class='ocr_line' id='line_1_67' title="bbox 252 3613 3672 3690; baseline -0.001 -16"><span class='ocrx_word' id='word_1_462' title='bbox 252 3617 499 3690; x_wconf 78' lang='lat' dir='ltr'>tropolis</span> <span class='ocrx_word' id='word_1_463' title='bbox 545 3633 902 3685; x_wconf 69' lang='lat' dir='ltr'>aaconomus,</span> <span class='ocrx_word' id='word_1_464' title='bbox 949 3621 1009 3673; x_wconf 91' lang='lat' dir='ltr'>et</span> <span class='ocrx_word' id='word_1_465' title='bbox 1057 3617 1391 3673; x_wconf 87' lang='lat' dir='ltr'>Rodoaldus</span> <span class='ocrx_word' id='word_1_466' title='bbox 1439 3615 1907 3683; x_wconf 87' lang='lat' dir='ltr'>archidiaconus,</span> <span class='ocrx_word' id='word_1_467' title='bbox 2019 3630 2207 3686; x_wconf 89' lang='lat' dir='ltr'>neque</span> <span class='ocrx_word' id='word_1_468' title='bbox 2227 3615 2580 3670; x_wconf 88' lang='lat' dir='ltr'>credendum</span> <span class='ocrx_word' id='word_1_469' title='bbox 2606 3614 2776 3671; x_wconf 82' lang='lat' dir='ltr'>nobis</span> <span class='ocrx_word' id='word_1_470' title='bbox 2797 3614 3088 3682; x_wconf 90' lang='lat' dir='ltr'>sit,Deum</span> <span class='ocrx_word' id='word_1_471' title='bbox 3114 3613 3562 3687; x_wconf 64' lang='lat' dir='ltr'>praedestinasse</span> <span class='ocrx_word' id='word_1_472' title='bbox 3598 3614 3672 3671; x_wconf 88' lang='lat' dir='ltr'>ad</span> 
     </span>
    </p>
   </div>
   <div class='ocr_carea' id='block_1_68' title="bbox 251 3700 3675 3778">
    <p class='ocr_par' dir='ltr' id='par_1_68' title="bbox 251 3700 3675 3778">
     <span class='ocr_line' id='line_1_68' title="bbox 251 3700 3675 3778; baseline -0.001 -16"><span class='ocrx_word' id='word_1_473' title='bbox 251 3723 384 3762; x_wconf 90' lang='lat' dir='ltr'>cum</span> <span class='ocrx_word' id='word_1_474' title='bbox 417 3705 553 3762; x_wconf 80' lang='lat' dir='ltr'>aliis</span> <span class='ocrx_word' id='word_1_475' title='bbox 579 3705 967 3778; x_wconf 87' lang='lat' dir='ltr'>sequentibus</span> <span class='ocrx_word' id='word_1_476' title='bbox 997 3705 1134 3762; x_wconf 91' lang='lat' dir='ltr'>cleri</span> <span class='ocrx_word' id='word_1_477' title='bbox 1185 3705 1513 3762; x_wconf 89' lang='lat' dir='ltr'>ordinibus.</span> <span class='ocrx_word' id='word_1_478' title='bbox 1545 3706 1610 3762; x_wconf 90' lang='lat' dir='ltr'>In</span> <span class='ocrx_word' id='word_1_479' title='bbox 1657 3721 1910 3778; x_wconf 91' lang='lat' dir='ltr'>quorum</span> <span class='ocrx_word' id='word_1_480' title='bbox 2019 3703 2326 3759; x_wconf 90' lang='lat' dir='ltr'>interitum</span> <span class='ocrx_word' id='word_1_481' title='bbox 2359 3703 2771 3774; x_wconf 85' lang='lat' dir='ltr'>reprobos,sed</span> <span class='ocrx_word' id='word_1_482' title='bbox 2799 3719 3030 3775; x_wconf 87' lang='lat' dir='ltr'>poenam</span> <span class='ocrx_word' id='word_1_483' title='bbox 3072 3701 3334 3774; x_wconf 88' lang='lat' dir='ltr'>reprobis</span> <span class='ocrx_word' id='word_1_484' title='bbox 3375 3700 3675 3774; x_wconf 63' lang='lat' dir='ltr'>predesti-</span> 
     </span>
    </p>
   </div>
   <div class='ocr_carea' id='block_1_69' title="bbox 251 3789 3672 3867">
    <p class='ocr_par' dir='ltr' id='par_1_69' title="bbox 251 3789 3672 3867">
     <span class='ocr_line' id='line_1_69' title="bbox 251 3789 3672 3867; baseline -0.001 -17"><span class='ocrx_word' id='word_1_485' title='bbox 251 3793 742 3867; x_wconf 68' lang='lat' dir='ltr'>praesentiaidem</span> <span class='ocrx_word' id='word_1_486' title='bbox 765 3792 1202 3862; x_wconf 86' lang='lat' dir='ltr'>Gothescalcus,</span> <span class='ocrx_word' id='word_1_487' title='bbox 1221 3791 1373 3848; x_wconf 89' lang='lat' dir='ltr'>sicut</span> <span class='ocrx_word' id='word_1_488' title='bbox 1402 3796 1459 3848; x_wconf 90' lang='lat' dir='ltr'>et</span> <span class='ocrx_word' id='word_1_489' title='bbox 1486 3791 1544 3848; x_wconf 92' lang='lat' dir='ltr'>in</span> <span class='ocrx_word' id='word_1_490' title='bbox 1569 3790 1913 3865; x_wconf 86' lang='lat' dir='ltr'>Moguntina</span> <span class='ocrx_word' id='word_1_491' title='bbox 2021 3808 2216 3858; x_wconf 79' lang='lat' dir='ltr'>nasse,</span> <span class='ocrx_word' id='word_1_492' title='bbox 2232 3809 2338 3846; x_wconf 87' lang='lat' dir='ltr'>nos</span> <span class='ocrx_word' id='word_1_493' title='bbox 2355 3792 2588 3846; x_wconf 88' lang='lat' dir='ltr'>credere</span> <span class='ocrx_word' id='word_1_494' title='bbox 2610 3796 2667 3846; x_wconf 88' lang='lat' dir='ltr'>et</span> <span class='ocrx_word' id='word_1_495' title='bbox 2696 3793 2904 3848; x_wconf 90' lang='lat' dir='ltr'>docere</span> <span class='ocrx_word' id='word_1_496' title='bbox 2935 3791 3374 3847; x_wconf 89' lang='lat' dir='ltr'>evidentissime</span> <span class='ocrx_word' id='word_1_497' title='bbox 3411 3789 3672 3847; x_wconf 89' lang='lat' dir='ltr'>instruit.</span> 
     </span>
    </p>
   </div>
   <div class='ocr_carea' id='block_1_70' title="bbox 251 3878 3678 3954">
    <p class='ocr_par' dir='ltr' id='par_1_70' title="bbox 251 3878 3678 3954">
     <span class='ocr_line' id='line_1_70' title="bbox 251 3878 3678 3954; baseline -0.001 -15"><span class='ocrx_word' id='word_1_498' title='bbox 251 3883 508 3951; x_wconf 86' lang='lat' dir='ltr'>civitate,</span> <span class='ocrx_word' id='word_1_499' title='bbox 529 3881 807 3938; x_wconf 84' lang='lat' dir='ltr'>inventus</span> <span class='ocrx_word' id='word_1_500' title='bbox 825 3881 1134 3938; x_wconf 67' lang='lat' dir='ltr'>haereticus</span> <span class='ocrx_word' id='word_1_501' title='bbox 1155 3885 1330 3953; x_wconf 89' lang='lat' dir='ltr'>atque</span> <span class='ocrx_word' id='word_1_502' title='bbox 1353 3879 1788 3954; x_wconf 89' lang='lat' dir='ltr'>incorrigibilis,</span> <span class='ocrx_word' id='word_1_503' title='bbox 1815 3879 1914 3934; x_wconf 84' lang='lat' dir='ltr'>ho-</span> <span class='ocrx_word' id='word_1_504' title='bbox 2019 3881 2146 3936; x_wconf 90' lang='lat' dir='ltr'>Non</span> <span class='ocrx_word' id='word_1_505' title='bbox 2176 3883 2372 3936; x_wconf 89' lang='lat' dir='ltr'>tamen</span> <span class='ocrx_word' id='word_1_506' title='bbox 2401 3881 2795 3936; x_wconf 87' lang='lat' dir='ltr'>venerandum</span> <span class='ocrx_word' id='word_1_507' title='bbox 2829 3879 3202 3954; x_wconf 89' lang='lat' dir='ltr'>Fulgentium</span> <span class='ocrx_word' id='word_1_508' title='bbox 3233 3896 3338 3952; x_wconf 84' lang='lat' dir='ltr'>pro</span> <span class='ocrx_word' id='word_1_509' title='bbox 3366 3879 3478 3936; x_wconf 92' lang='lat' dir='ltr'>hoc</span> <span class='ocrx_word' id='word_1_510' title='bbox 3520 3878 3678 3935; x_wconf 89' lang='lat' dir='ltr'>dicto</span> 
     </span>
    </p>
   </div>
   <div class='ocr_carea' id='block_1_71' title="bbox 253 3967 3676 4046">
    <p class='ocr_par' dir='ltr' id='par_1_71' title="bbox 253 3967 3676 4046">
     <span class='ocr_line' id='line_1_71' title="bbox 253 3967 3676 4046; baseline -0.001 -18"><span class='ocrx_word' id='word_1_511' title='bbox 253 3989 392 4029; x_wconf 88' lang='lat' dir='ltr'>nore</span> <span class='ocrx_word' id='word_1_512' title='bbox 413 3971 1016 4046; x_wconf 78' lang='lat' dir='ltr'>presbyterali,quem</span> <span class='ocrx_word' id='word_1_513' title='bbox 1046 3988 1151 4044; x_wconf 91' lang='lat' dir='ltr'>per</span> <span class='ocrx_word' id='word_1_514' title='bbox 1181 3971 1534 4043; x_wconf 80' lang='lat' dir='ltr'>Rigboldum</span> <span class='ocrx_word' id='word_1_515' title='bbox 1552 3969 1912 4026; x_wconf 84' lang='lat' dir='ltr'>Rhemorum</span> <span class='ocrx_word' id='word_1_516' title='bbox 2019 3968 2080 4024; x_wconf 92' lang='lat' dir='ltr'>in</span> <span class='ocrx_word' id='word_1_517' title='bbox 2111 3967 2337 4024; x_wconf 91' lang='lat' dir='ltr'>cunctis</span> <span class='ocrx_word' id='word_1_518' title='bbox 2367 3969 2894 4041; x_wconf 89' lang='lat' dir='ltr'>rejicimus,neque</span> <span class='ocrx_word' id='word_1_519' title='bbox 2922 3969 3088 4024; x_wconf 90' lang='lat' dir='ltr'>illum</span> <span class='ocrx_word' id='word_1_520' title='bbox 3111 3969 3172 4024; x_wconf 90' lang='lat' dir='ltr'>in</span> <span class='ocrx_word' id='word_1_521' title='bbox 3190 3968 3303 4024; x_wconf 90' lang='lat' dir='ltr'>hoc</span> <span class='ocrx_word' id='word_1_522' title='bbox 3322 3967 3676 4038; x_wconf 88' lang='lat' dir='ltr'>dicto,vide-</span> 
     </span>
    </p>
   </div>
   <div class='ocr_carea' id='block_1_72' title="bbox 254 4055 3678 4134">
    <p class='ocr_par' dir='ltr' id='par_1_72' title="bbox 254 4055 3678 4134">
     <span class='ocr_line' id='line_1_72' title="bbox 254 4055 3678 4134; baseline -0.001 -17"><span class='ocrx_word' id='word_1_523' title='bbox 254 4060 910 4134; x_wconf 83' lang='lat' dir='ltr'>chorepiscopum,cum</span> <span class='ocrx_word' id='word_1_524' title='bbox 927 4064 1085 4116; x_wconf 90' lang='lat' dir='ltr'>esset</span> <span class='ocrx_word' id='word_1_525' title='bbox 1105 4057 1466 4116; x_wconf 69' lang='lat' dir='ltr'>Suessonicae</span> <span class='ocrx_word' id='word_1_526' title='bbox 1486 4057 1774 4131; x_wconf 59' lang='lat' dir='ltr'>parochias</span> <span class='ocrx_word' id='word_1_527' title='bbox 1795 4073 1914 4113; x_wconf 91' lang='lat' dir='ltr'>mo-</span> <span class='ocrx_word' id='word_1_528' title='bbox 2019 4056 2156 4112; x_wconf 88' lang='lat' dir='ltr'>licet</span> <span class='ocrx_word' id='word_1_529' title='bbox 2185 4060 2252 4112; x_wconf 90' lang='lat' dir='ltr'>ut</span> <span class='ocrx_word' id='word_1_530' title='bbox 2280 4055 2510 4129; x_wconf 88' lang='lat' dir='ltr'>reprobi</span> <span class='ocrx_word' id='word_1_531' title='bbox 2557 4073 2591 4111; x_wconf 93' lang='lat' dir='ltr'>a</span> <span class='ocrx_word' id='word_1_532' title='bbox 2638 4057 2754 4112; x_wconf 90' lang='lat' dir='ltr'>Deo</span> <span class='ocrx_word' id='word_1_533' title='bbox 2809 4056 3201 4130; x_wconf 66' lang='lat' dir='ltr'>praedestinati</span> <span class='ocrx_word' id='word_1_534' title='bbox 3251 4057 3324 4114; x_wconf 93' lang='lat' dir='ltr'>ad</span> <span class='ocrx_word' id='word_1_535' title='bbox 3371 4055 3678 4114; x_wconf 88' lang='lat' dir='ltr'>interitum</span> 
     </span>
    </p>
   </div>
   <div class='ocr_carea' id='block_1_73' title="bbox 259 4143 3678 4221">
    <p class='ocr_par' dir='ltr' id='par_1_73' title="bbox 259 4143 3678 4221">
     <span class='ocr_line' id='line_1_73' title="bbox 259 4143 3678 4221; baseline -0.001 -17"><span class='ocrx_word' id='word_1_536' title='bbox 259 4149 506 4215; x_wconf 89' lang='lat' dir='ltr'>nachus,</span> <span class='ocrx_word' id='word_1_537' title='bbox 538 4149 727 4205; x_wconf 90' lang='lat' dir='ltr'>inscio</span> <span class='ocrx_word' id='word_1_538' title='bbox 755 4147 1009 4205; x_wconf 87' lang='lat' dir='ltr'>civitatis</span> <span class='ocrx_word' id='word_1_539' title='bbox 1040 4165 1158 4204; x_wconf 66' lang='lat' dir='ltr'>suae</span> <span class='ocrx_word' id='word_1_540' title='bbox 1204 4147 1497 4221; x_wconf 90' lang='lat' dir='ltr'>episcopo,</span> <span class='ocrx_word' id='word_1_541' title='bbox 1534 4149 1916 4220; x_wconf 89' lang='lat' dir='ltr'>usurpaverat</span> <span class='ocrx_word' id='word_1_542' title='bbox 2021 4145 2176 4202; x_wconf 92' lang='lat' dir='ltr'>credi</span> <span class='ocrx_word' id='word_1_543' title='bbox 2218 4143 2307 4201; x_wconf 90' lang='lat' dir='ltr'>vel</span> <span class='ocrx_word' id='word_1_544' title='bbox 2355 4144 2469 4200; x_wconf 92' lang='lat' dir='ltr'>dici</span> <span class='ocrx_word' id='word_1_545' title='bbox 2515 4145 2784 4214; x_wconf 89' lang='lat' dir='ltr'>debeant,</span> <span class='ocrx_word' id='word_1_546' title='bbox 2810 4146 2966 4202; x_wconf 90' lang='lat' dir='ltr'>sicut</span> <span class='ocrx_word' id='word_1_547' title='bbox 3009 4145 3430 4220; x_wconf 88' lang='lat' dir='ltr'>Augustinum,</span> <span class='ocrx_word' id='word_1_548' title='bbox 3471 4145 3533 4202; x_wconf 91' lang='lat' dir='ltr'>in</span> <span class='ocrx_word' id='word_1_549' title='bbox 3582 4145 3678 4202; x_wconf 89' lang='lat' dir='ltr'>his</span> 
     </span>
    </p>
   </div>
   <div class='ocr_carea' id='block_1_74' title="bbox 258 4232 3680 4311">
    <p class='ocr_par' dir='ltr' id='par_1_74' title="bbox 258 4232 3680 4311">
     <span class='ocr_line' id='line_1_74' title="bbox 258 4232 3680 4311; baseline -0.001 -17"><span class='ocrx_word' id='word_1_550' title='bbox 258 4238 452 4310; x_wconf 88' lang='lat' dir='ltr'>potius</span> <span class='ocrx_word' id='word_1_551' title='bbox 482 4254 668 4310; x_wconf 89' lang='lat' dir='ltr'>quam</span> <span class='ocrx_word' id='word_1_552' title='bbox 696 4237 1322 4311; x_wconf 83' lang='lat' dir='ltr'>acceperat,abjectus,</span> <span class='ocrx_word' id='word_1_553' title='bbox 1343 4241 1402 4293; x_wconf 90' lang='lat' dir='ltr'>et</span> <span class='ocrx_word' id='word_1_554' title='bbox 1428 4252 1532 4308; x_wconf 86' lang='lat' dir='ltr'>pro</span> <span class='ocrx_word' id='word_1_555' title='bbox 1559 4251 1670 4292; x_wconf 90' lang='lat' dir='ltr'>sua</span> <span class='ocrx_word' id='word_1_556' title='bbox 1699 4235 1912 4291; x_wconf 90' lang='lat' dir='ltr'>irrevo-</span> <span class='ocrx_word' id='word_1_557' title='bbox 2022 4235 2308 4290; x_wconf 86' lang='lat' dir='ltr'>duntaxat</span> <span class='ocrx_word' id='word_1_558' title='bbox 2337 4252 2464 4306; x_wconf 78' lang='lat' dir='ltr'>quae</span> <span class='ocrx_word' id='word_1_559' title='bbox 2496 4234 2633 4290; x_wconf 90' lang='lat' dir='ltr'>inde</span> <span class='ocrx_word' id='word_1_560' title='bbox 2663 4235 2887 4290; x_wconf 83' lang='lat' dir='ltr'>dixerat</span> <span class='ocrx_word' id='word_1_561' title='bbox 2914 4234 2975 4290; x_wconf 90' lang='lat' dir='ltr'>in</span> <span class='ocrx_word' id='word_1_562' title='bbox 3007 4234 3266 4306; x_wconf 78' lang='lat' dir='ltr'>praefatis</span> <span class='ocrx_word' id='word_1_563' title='bbox 3307 4233 3496 4302; x_wconf 88' lang='lat' dir='ltr'>libris,</span> <span class='ocrx_word' id='word_1_564' title='bbox 3518 4232 3680 4290; x_wconf 90' lang='lat' dir='ltr'>vide-</span> 
     </span>
    </p>
   </div>
   <div class='ocr_carea' id='block_1_75' title="bbox 259 4320 3683 4397">
    <p class='ocr_par' dir='ltr' id='par_1_75' title="bbox 259 4320 3683 4397">
     <span class='ocr_line' id='line_1_75' title="bbox 259 4320 3683 4397; baseline -0.001 -16"><span class='ocrx_word' id='word_1_565' title='bbox 259 4325 429 4382; x_wconf 83' lang='lat' dir='ltr'>cabili</span> <span class='ocrx_word' id='word_1_566' title='bbox 459 4325 860 4392; x_wconf 86' lang='lat' dir='ltr'>contumacia,</span> <span class='ocrx_word' id='word_1_567' title='bbox 883 4325 1208 4381; x_wconf 88' lang='lat' dir='ltr'>secundum</span> <span class='ocrx_word' id='word_1_568' title='bbox 1242 4324 1418 4397; x_wconf 90' lang='lat' dir='ltr'>leges,</span> <span class='ocrx_word' id='word_1_569' title='bbox 1451 4326 1508 4378; x_wconf 90' lang='lat' dir='ltr'>et</span> <span class='ocrx_word' id='word_1_570' title='bbox 1551 4321 1915 4396; x_wconf 88' lang='lat' dir='ltr'>Agathenses</span> <span class='ocrx_word' id='word_1_571' title='bbox 2023 4323 2158 4380; x_wconf 90' lang='lat' dir='ltr'>licet</span> <span class='ocrx_word' id='word_1_572' title='bbox 2188 4325 2258 4380; x_wconf 92' lang='lat' dir='ltr'>de</span> <span class='ocrx_word' id='word_1_573' title='bbox 2287 4323 2662 4394; x_wconf 88' lang='lat' dir='ltr'>Correptionc</span> <span class='ocrx_word' id='word_1_574' title='bbox 2691 4328 2750 4380; x_wconf 87' lang='lat' dir='ltr'>et</span> <span class='ocrx_word' id='word_1_575' title='bbox 2794 4323 3014 4394; x_wconf 89' lang='lat' dir='ltr'>Gratia,</span> <span class='ocrx_word' id='word_1_576' title='bbox 3047 4324 3118 4379; x_wconf 91' lang='lat' dir='ltr'>de</span> <span class='ocrx_word' id='word_1_577' title='bbox 3167 4320 3683 4379; x_wconf 71' lang='lat' dir='ltr'>Praadestinatione</span> 
     </span>
    </p>
   </div>
   <div class='ocr_carea' id='block_1_76' title="bbox 262 4408 3686 4485">
    <p class='ocr_par' dir='ltr' id='par_1_76' title="bbox 262 4408 3686 4485">
     <span class='ocr_line' id='line_1_76' title="bbox 262 4408 3686 4485; baseline -0.001 -16"><span class='ocrx_word' id='word_1_578' title='bbox 262 4429 536 4481; x_wconf 80' lang='lat' dir='ltr'>canones,</span> <span class='ocrx_word' id='word_1_579' title='bbox 558 4429 629 4469; x_wconf 91' lang='lat' dir='ltr'>ac</span> <span class='ocrx_word' id='word_1_580' title='bbox 657 4411 922 4485; x_wconf 87' lang='lat' dir='ltr'>regulam</span> <span class='ocrx_word' id='word_1_581' title='bbox 951 4411 1139 4470; x_wconf 88' lang='lat' dir='ltr'>sancti</span> <span class='ocrx_word' id='word_1_582' title='bbox 1169 4411 1490 4479; x_wconf 90' lang='lat' dir='ltr'>Benedicti,</span> <span class='ocrx_word' id='word_1_583' title='bbox 1513 4414 1579 4468; x_wconf 91' lang='lat' dir='ltr'>ut</span> <span class='ocrx_word' id='word_1_584' title='bbox 1607 4411 1916 4484; x_wconf 88' lang='lat' dir='ltr'>improbus</span> <span class='ocrx_word' id='word_1_585' title='bbox 2024 4418 2384 4480; x_wconf 90' lang='lat' dir='ltr'>sanctorum,</span> <span class='ocrx_word' id='word_1_586' title='bbox 2415 4416 2472 4468; x_wconf 93' lang='lat' dir='ltr'>et</span> <span class='ocrx_word' id='word_1_587' title='bbox 2501 4413 2658 4468; x_wconf 92' lang='lat' dir='ltr'>Bono</span> <span class='ocrx_word' id='word_1_588' title='bbox 2692 4410 3154 4485; x_wconf 84' lang='lat' dir='ltr'>perseverantiae,</span> <span class='ocrx_word' id='word_1_589' title='bbox 3187 4415 3245 4466; x_wconf 90' lang='lat' dir='ltr'>et</span> <span class='ocrx_word' id='word_1_590' title='bbox 3275 4408 3686 4484; x_wconf 84' lang='lat' dir='ltr'>Hypomnesti-</span> 
     </span>
    </p>
   </div>
   <div class='ocr_carea' id='block_1_77' title="bbox 259 4497 3684 4575">
    <p class='ocr_par' dir='ltr' id='par_1_77' title="bbox 259 4497 3684 4575">
     <span class='ocr_line' id='line_1_77' title="bbox 259 4497 3684 4575; baseline -0 -18"><span class='ocrx_word' id='word_1_591' title='bbox 259 4501 436 4575; x_wconf 80' lang='lat' dir='ltr'>virgis</span> <span class='ocrx_word' id='word_1_592' title='bbox 464 4518 677 4570; x_wconf 73' lang='lat' dir='ltr'>caecus,</span> <span class='ocrx_word' id='word_1_593' title='bbox 711 4501 867 4558; x_wconf 89' lang='lat' dir='ltr'>sicut</span> <span class='ocrx_word' id='word_1_594' title='bbox 894 4501 1268 4558; x_wconf 88' lang='lat' dir='ltr'>decreverant</span> <span class='ocrx_word' id='word_1_595' title='bbox 1309 4499 1633 4556; x_wconf 76' lang='lat' dir='ltr'>Germaniae</span> <span class='ocrx_word' id='word_1_596' title='bbox 1683 4500 1915 4574; x_wconf 90' lang='lat' dir='ltr'>provin-</span> <span class='ocrx_word' id='word_1_597' title='bbox 2023 4518 2132 4558; x_wconf 91' lang='lat' dir='ltr'>con</span> <span class='ocrx_word' id='word_1_598' title='bbox 2153 4518 2254 4558; x_wconf 90' lang='lat' dir='ltr'>sex</span> <span class='ocrx_word' id='word_1_599' title='bbox 2273 4501 2664 4574; x_wconf 84' lang='lat' dir='ltr'>quaestionum</span> <span class='ocrx_word' id='word_1_600' title='bbox 2686 4504 2891 4555; x_wconf 89' lang='lat' dir='ltr'>contra</span> <span class='ocrx_word' id='word_1_601' title='bbox 2924 4499 3264 4572; x_wconf 71' lang='lat' dir='ltr'>Pelagianos</span> <span class='ocrx_word' id='word_1_602' title='bbox 3285 4503 3345 4556; x_wconf 88' lang='lat' dir='ltr'>et</span> <span class='ocrx_word' id='word_1_603' title='bbox 3384 4497 3684 4556; x_wconf 80' lang='lat' dir='ltr'>Caelestia-</span> 
     </span>
    </p>
   </div>
   <div class='ocr_carea' id='block_1_78' title="bbox 261 4586 3682 4678">
    <p class='ocr_par' dir='ltr' id='par_1_78' title="bbox 261 4586 3682 4678">
     <span class='ocr_line' id='line_1_78' title="bbox 261 4586 3682 4678; baseline -0 -32"><span class='ocrx_word' id='word_1_604' title='bbox 261 4591 486 4646; x_wconf 88' lang='lat' dir='ltr'>ciarum</span> <span class='ocrx_word' id='word_1_605' title='bbox 519 4588 800 4678; x_wconf 80' lang='lat' dir='ltr'>episcopi,</span> <span class='ocrx_word' id='word_1_606' title='bbox 837 4605 908 4646; x_wconf 92' lang='lat' dir='ltr'>ne</span> <span class='ocrx_word' id='word_1_607' title='bbox 943 4587 1074 4646; x_wconf 90' lang='lat' dir='ltr'>aliis</span> <span class='ocrx_word' id='word_1_608' title='bbox 1103 4593 1338 4646; x_wconf 92' lang='lat' dir='ltr'>noceret</span> <span class='ocrx_word' id='word_1_609' title='bbox 1367 4588 1464 4662; x_wconf 92' lang='lat' dir='ltr'>qui</span> <span class='ocrx_word' id='word_1_610' title='bbox 1495 4588 1608 4678; x_wconf 82' lang='lat' dir='ltr'>sibi</span> <span class='ocrx_word' id='word_1_611' title='bbox 1639 4589 1916 4678; x_wconf 79' lang='lat' dir='ltr'>prodesse</span> <span class='ocrx_word' id='word_1_612' title='bbox 1945 4614 1996 4678; x_wconf 68' lang='grc' dir='ltr'><strong>Β</strong></span> <span class='ocrx_word' id='word_1_613' title='bbox 2023 4607 2152 4658; x_wconf 88' lang='lat' dir='ltr'>nos,</span> <span class='ocrx_word' id='word_1_614' title='bbox 2168 4594 2226 4646; x_wconf 89' lang='lat' dir='ltr'>et</span> <span class='ocrx_word' id='word_1_615' title='bbox 2253 4589 2315 4644; x_wconf 91' lang='lat' dir='ltr'>in</span> <span class='ocrx_word' id='word_1_616' title='bbox 2336 4589 2486 4678; x_wconf 77' lang='lat' dir='ltr'>libro</span> <span class='ocrx_word' id='word_1_617' title='bbox 2507 4589 2578 4644; x_wconf 91' lang='lat' dir='ltr'>de</span> <span class='ocrx_word' id='word_1_618' title='bbox 2597 4586 3110 4678; x_wconf 73' lang='lat' dir='ltr'>Praedestinatione</span> <span class='ocrx_word' id='word_1_619' title='bbox 3131 4587 3354 4678; x_wconf 67' lang='lat' dir='ltr'>gratiae,</span> <span class='ocrx_word' id='word_1_620' title='bbox 3373 4605 3522 4661; x_wconf 89' lang='lat' dir='ltr'>quos</span> <span class='ocrx_word' id='word_1_621' title='bbox 3542 4587 3682 4645; x_wconf 86' lang='lat' dir='ltr'>hinc</span> 
     </span>
    </p>
   </div>
   <div class='ocr_carea' id='block_1_79' title="bbox 260 4676 3676 4752">
    <p class='ocr_par' dir='ltr' id='par_1_79' title="bbox 260 4676 3676 4752">
     <span class='ocr_line' id='line_1_79' title="bbox 260 4676 3676 4752; baseline 0 -18"><span class='ocrx_word' id='word_1_622' title='bbox 260 4678 513 4744; x_wconf 85' lang='lat' dir='ltr'>nolebat,</span> <span class='ocrx_word' id='word_1_623' title='bbox 533 4677 831 4752; x_wconf 86' lang='lat' dir='ltr'>ergastulo</span> <span class='ocrx_word' id='word_1_624' title='bbox 862 4681 952 4734; x_wconf 89' lang='lat' dir='ltr'>est</span> <span class='ocrx_word' id='word_1_625' title='bbox 980 4678 1390 4735; x_wconf 89' lang='lat' dir='ltr'>retrusus.Sed</span> <span class='ocrx_word' id='word_1_626' title='bbox 1414 4694 1487 4734; x_wconf 91' lang='lat' dir='ltr'>ne</span> <span class='ocrx_word' id='word_1_627' title='bbox 1515 4677 1613 4734; x_wconf 91' lang='lat' dir='ltr'>ille</span> <span class='ocrx_word' id='word_1_628' title='bbox 1633 4676 1795 4734; x_wconf 89' lang='lat' dir='ltr'>solus</span> <span class='ocrx_word' id='word_1_629' title='bbox 1816 4693 1914 4750; x_wconf 90' lang='lat' dir='ltr'>pe-</span> <span class='ocrx_word' id='word_1_630' title='bbox 1947 4676 1976 4678; x_wconf 29' lang='grc' dir='ltr'>’ί</span> <span class='ocrx_word' id='word_1_631' title='bbox 2025 4683 2226 4736; x_wconf 89' lang='lat' dir='ltr'>contra</span> <span class='ocrx_word' id='word_1_632' title='bbox 2272 4676 2513 4734; x_wconf 67' lang='lat' dir='ltr'>aemulos</span> <span class='ocrx_word' id='word_1_633' title='bbox 2566 4693 2704 4732; x_wconf 89' lang='lat' dir='ltr'>suos</span> <span class='ocrx_word' id='word_1_634' title='bbox 2753 4677 3090 4750; x_wconf 88' lang='lat' dir='ltr'>scripserat,</span> <span class='ocrx_word' id='word_1_635' title='bbox 3121 4681 3179 4733; x_wconf 93' lang='lat' dir='ltr'>et</span> <span class='ocrx_word' id='word_1_636' title='bbox 3226 4677 3382 4734; x_wconf 91' lang='lat' dir='ltr'>sicut</span> <span class='ocrx_word' id='word_1_637' title='bbox 3405 4680 3676 4734; x_wconf 89' lang='lat' dir='ltr'>sanctum</span> 
     </span>
    </p>
   </div>
   <div class='ocr_carea' id='block_1_80' title="bbox 261 4766 3686 4840">
    <p class='ocr_par' dir='ltr' id='par_1_80' title="bbox 261 4766 3686 4840">
     <span class='ocr_line' id='line_1_80' title="bbox 261 4766 3686 4840; baseline -0 -17"><span class='ocrx_word' id='word_1_638' title='bbox 261 4767 422 4835; x_wconf 81' lang='lat' dir='ltr'>riret,</span> <span class='ocrx_word' id='word_1_639' title='bbox 457 4767 570 4824; x_wconf 90' lang='lat' dir='ltr'>sibi</span> <span class='ocrx_word' id='word_1_640' title='bbox 601 4766 1037 4824; x_wconf 84' lang='lat' dir='ltr'>consentientes</span> <span class='ocrx_word' id='word_1_641' title='bbox 1066 4771 1369 4840; x_wconf 79' lang='lat' dir='ltr'>coeperunt</span> <span class='ocrx_word' id='word_1_642' title='bbox 1398 4767 1786 4839; x_wconf 89' lang='lat' dir='ltr'>undecunque</span> <span class='ocrx_word' id='word_1_643' title='bbox 1822 4782 1918 4822; x_wconf 86' lang='lat' dir='ltr'>cx-</span> <span class='ocrx_word' id='word_1_644' title='bbox 2029 4766 2535 4840; x_wconf 88' lang='lat' dir='ltr'>Prosperum,imo</span> <span class='ocrx_word' id='word_1_645' title='bbox 2566 4770 2830 4822; x_wconf 88' lang='lat' dir='ltr'>sanctam</span> <span class='ocrx_word' id='word_1_646' title='bbox 2863 4770 3114 4822; x_wconf 86' lang='lat' dir='ltr'>matrem</span> <span class='ocrx_word' id='word_1_647' title='bbox 3145 4769 3202 4822; x_wconf 90' lang='lat' dir='ltr'>et</span> <span class='ocrx_word' id='word_1_648' title='bbox 3229 4767 3429 4823; x_wconf 91' lang='lat' dir='ltr'>sedem</span> <span class='ocrx_word' id='word_1_649' title='bbox 3451 4769 3686 4838; x_wconf 89' lang='lat' dir='ltr'>aposto-</span> 
     </span>
    </p>
   </div>
   <div class='ocr_carea' id='block_1_81' title="bbox 263 4853 3690 4928">
    <p class='ocr_par' dir='ltr' id='par_1_81' title="bbox 263 4853 3690 4928">
     <span class='ocr_line' id='line_1_81' title="bbox 263 4853 3690 4928; baseline -0.001 -16"><span class='ocrx_word' id='word_1_650' title='bbox 263 4871 524 4928; x_wconf 82' lang='lat' dir='ltr'>surgere,</span> <span class='ocrx_word' id='word_1_651' title='bbox 555 4860 615 4911; x_wconf 88' lang='lat' dir='ltr'>et</span> <span class='ocrx_word' id='word_1_652' title='bbox 643 4871 882 4928; x_wconf 88' lang='lat' dir='ltr'>pravam</span> <span class='ocrx_word' id='word_1_653' title='bbox 914 4855 986 4911; x_wconf 89' lang='lat' dir='ltr'>ab</span> <span class='ocrx_word' id='word_1_654' title='bbox 1015 4855 1116 4912; x_wconf 92' lang='lat' dir='ltr'>illo</span> <span class='ocrx_word' id='word_1_655' title='bbox 1159 4860 1444 4912; x_wconf 90' lang='lat' dir='ltr'>remotam</span> <span class='ocrx_word' id='word_1_656' title='bbox 1496 4855 1823 4911; x_wconf 90' lang='lat' dir='ltr'>doctrinam</span> <span class='ocrx_word' id='word_1_657' title='bbox 1862 4860 1920 4912; x_wconf 91' lang='lat' dir='ltr'>et</span> <span class='ocrx_word' id='word_1_658' title='bbox 2026 4855 2201 4912; x_wconf 86' lang='lat' dir='ltr'>licam</span> <span class='ocrx_word' id='word_1_659' title='bbox 2231 4854 2554 4928; x_wconf 86' lang='lat' dir='ltr'>sequimur.</span> <span class='ocrx_word' id='word_1_660' title='bbox 2575 4857 2686 4911; x_wconf 87' lang='lat' dir='ltr'>Sed</span> <span class='ocrx_word' id='word_1_661' title='bbox 2711 4854 2794 4910; x_wconf 90' lang='lat' dir='ltr'>sic</span> <span class='ocrx_word' id='word_1_662' title='bbox 2817 4856 2886 4910; x_wconf 93' lang='lat' dir='ltr'>de</span> <span class='ocrx_word' id='word_1_663' title='bbox 2901 4855 3230 4911; x_wconf 89' lang='lat' dir='ltr'>venerando</span> <span class='ocrx_word' id='word_1_664' title='bbox 3265 4854 3569 4928; x_wconf 83' lang='lat' dir='ltr'>Fulgentio</span> <span class='ocrx_word' id='word_1_665' title='bbox 3596 4853 3690 4911; x_wconf 87' lang='lat' dir='ltr'>di-</span> 
     </span>
    </p>
   </div>
   <div class='ocr_carea' id='block_1_82' title="bbox 259 4941 3686 5016">
    <p class='ocr_par' dir='ltr' id='par_1_82' title="bbox 259 4941 3686 5016">
     <span class='ocr_line' id='line_1_82' title="bbox 259 4941 3686 5016; baseline 0.001 -19"><span class='ocrx_word' id='word_1_666' title='bbox 259 4942 435 4999; x_wconf 81' lang='lat' dir='ltr'>verbo</span> <span class='ocrx_word' id='word_1_667' title='bbox 450 4947 511 4998; x_wconf 90' lang='lat' dir='ltr'>et</span> <span class='ocrx_word' id='word_1_668' title='bbox 533 4941 750 5014; x_wconf 88' lang='lat' dir='ltr'>scripto</span> <span class='ocrx_word' id='word_1_669' title='bbox 778 4941 1321 5010; x_wconf 89' lang='lat' dir='ltr'>disseminare.Quo</span> <span class='ocrx_word' id='word_1_670' title='bbox 1341 4942 1674 4999; x_wconf 87' lang='lat' dir='ltr'>adulterino</span> <span class='ocrx_word' id='word_1_671' title='bbox 1695 4943 1917 5000; x_wconf 90' lang='lat' dir='ltr'>semine</span> <span class='ocrx_word' id='word_1_672' title='bbox 2027 4946 2237 5011; x_wconf 90' lang='lat' dir='ltr'>cimus,</span> <span class='ocrx_word' id='word_1_673' title='bbox 2257 4943 2410 5002; x_wconf 91' lang='lat' dir='ltr'>sicut</span> <span class='ocrx_word' id='word_1_674' title='bbox 2437 4943 2498 5001; x_wconf 89' lang='lat' dir='ltr'>in</span> <span class='ocrx_word' id='word_1_675' title='bbox 2528 4943 2730 5000; x_wconf 89' lang='lat' dir='ltr'>Hilarii</span> <span class='ocrx_word' id='word_1_676' title='bbox 2759 4943 3114 5000; x_wconf 86' lang='lat' dir='ltr'>Arelatensis</span> <span class='ocrx_word' id='word_1_677' title='bbox 3143 4942 3390 5016; x_wconf 89' lang='lat' dir='ltr'>epistola</span> <span class='ocrx_word' id='word_1_678' title='bbox 3417 4943 3490 5000; x_wconf 89' lang='lat' dir='ltr'>ad</span> <span class='ocrx_word' id='word_1_679' title='bbox 3523 4959 3686 5000; x_wconf 85' lang='lat' dir='ltr'>sane.</span> 
     </span>
    </p>
   </div>
   <div class='ocr_carea' id='block_1_83' title="bbox 262 5030 3686 5109">
    <p class='ocr_par' dir='ltr' id='par_1_83' title="bbox 262 5030 3686 5109">
     <span class='ocr_line' id='line_1_83' title="bbox 262 5030 3686 5109; baseline -0 -23"><span class='ocrx_word' id='word_1_680' title='bbox 262 5030 383 5088; x_wconf 73' lang='lat' dir='ltr'>haec</span> <span class='ocrx_word' id='word_1_681' title='bbox 413 5031 638 5104; x_wconf 90' lang='lat' dir='ltr'>quibus</span> <span class='ocrx_word' id='word_1_682' title='bbox 681 5031 853 5088; x_wconf 91' lang='lat' dir='ltr'>nobis</span> <span class='ocrx_word' id='word_1_683' title='bbox 893 5032 1121 5104; x_wconf 87' lang='lat' dir='ltr'>jubetis</span> <span class='ocrx_word' id='word_1_684' title='bbox 1151 5032 1502 5104; x_wconf 89' lang='lat' dir='ltr'>respondere</span> <span class='ocrx_word' id='word_1_685' title='bbox 1549 5031 1918 5104; x_wconf 89' lang='lat' dir='ltr'>pullularunt</span> <span class='ocrx_word' id='word_1_686' title='bbox 2024 5038 2152 5090; x_wconf 90' lang='lat' dir='ltr'>tum</span> <span class='ocrx_word' id='word_1_687' title='bbox 2175 5032 2571 5109; x_wconf 83' lang='lat' dir='ltr'>Augustinum</span> <span class='ocrx_word' id='word_1_688' title='bbox 2595 5049 2700 5106; x_wconf 91' lang='lat' dir='ltr'>pro</span> <span class='ocrx_word' id='word_1_689' title='bbox 2721 5033 2829 5088; x_wconf 93' lang='lat' dir='ltr'>hoc</span> <span class='ocrx_word' id='word_1_690' title='bbox 2855 5031 3272 5106; x_wconf 85' lang='lat' dir='ltr'>negotio,unde</span> <span class='ocrx_word' id='word_1_691' title='bbox 3295 5048 3454 5089; x_wconf 90' lang='lat' dir='ltr'>nunc</span> <span class='ocrx_word' id='word_1_692' title='bbox 3471 5031 3686 5104; x_wconf 87' lang='lat' dir='ltr'>agitur,</span> 
     </span>
    </p>
   </div>
   <div class='ocr_carea' id='block_1_84' title="bbox 265 5117 3687 5195">
    <p class='ocr_par' dir='ltr' id='par_1_84' title="bbox 265 5117 3687 5195">
     <span class='ocr_line' id='line_1_84' title="bbox 265 5117 3687 5195; baseline -0.001 -20"><span class='ocrx_word' id='word_1_693' title='bbox 265 5118 541 5193; x_wconf 86' lang='lat' dir='ltr'>capitula.</span> <span class='ocrx_word' id='word_1_694' title='bbox 565 5121 929 5192; x_wconf 89' lang='lat' dir='ltr'>Quapropter</span> <span class='ocrx_word' id='word_1_695' title='bbox 953 5120 1144 5194; x_wconf 90' lang='lat' dir='ltr'>primo</span> <span class='ocrx_word' id='word_1_696' title='bbox 1175 5120 1480 5177; x_wconf 89' lang='lat' dir='ltr'>sciendum</span> <span class='ocrx_word' id='word_1_697' title='bbox 1509 5123 1618 5187; x_wconf 86' lang='lat' dir='ltr'>est,</span> <span class='ocrx_word' id='word_1_698' title='bbox 1635 5121 1914 5193; x_wconf 89' lang='lat' dir='ltr'>quoniam</span> <span class='ocrx_word' id='word_1_699' title='bbox 2025 5124 2097 5179; x_wconf 90' lang='lat' dir='ltr'>de</span> <span class='ocrx_word' id='word_1_700' title='bbox 2125 5124 2387 5195; x_wconf 90' lang='lat' dir='ltr'>ejusdem</span> <span class='ocrx_word' id='word_1_701' title='bbox 2423 5120 2708 5194; x_wconf 89' lang='lat' dir='ltr'>opuscula</span> <span class='ocrx_word' id='word_1_702' title='bbox 2728 5120 3230 5177; x_wconf 87' lang='lat' dir='ltr'>calumniantibus</span> <span class='ocrx_word' id='word_1_703' title='bbox 3247 5119 3464 5177; x_wconf 87' lang='lat' dir='ltr'>dicitur</span> <span class='ocrx_word' id='word_1_704' title='bbox 3487 5135 3500 5174; x_wconf 92' lang='lat'><strong>:</strong></span> <span class='ocrx_word' id='word_1_705' title='bbox 3525 5140 3554 5169; x_wconf 90' lang='grc'>‹‹</span> <span class='ocrx_word' id='word_1_706' title='bbox 3572 5117 3687 5174; x_wconf 90' lang='lat' dir='ltr'>Sed</span> 
     </span>
    </p>
   </div>
   <div class='ocr_carea' id='block_1_85' title="bbox 179 5205 3692 5284">
    <p class='ocr_par' dir='ltr' id='par_1_85' title="bbox 179 5205 3692 5284">
     <span class='ocr_line' id='line_1_85' title="bbox 179 5205 3692 5284; baseline -0 -23"><span class='ocrx_word' id='word_1_707' title='bbox 179 5249 196 5260; x_wconf 88' lang='lat'>.</span> <span class='ocrx_word' id='word_1_708' title='bbox 266 5208 535 5280; x_wconf 72' lang='lat' dir='ltr'>quaedam</span> <span class='ocrx_word' id='word_1_709' title='bbox 555 5207 752 5280; x_wconf 88' lang='lat' dir='ltr'>prisco</span> <span class='ocrx_word' id='word_1_710' title='bbox 779 5213 1038 5281; x_wconf 88' lang='lat' dir='ltr'>tempore</span> <span class='ocrx_word' id='word_1_711' title='bbox 1077 5209 1246 5266; x_wconf 89' lang='lat' dir='ltr'>aliter</span> <span class='ocrx_word' id='word_1_712' title='bbox 1273 5208 1544 5265; x_wconf 88' lang='lat' dir='ltr'>dixerunt</span> <span class='ocrx_word' id='word_1_713' title='bbox 1561 5207 1818 5265; x_wconf 79' lang='lat' dir='ltr'>haeretici</span> <span class='ocrx_word' id='word_1_714' title='bbox 1849 5210 1922 5266; x_wconf 91' lang='lat' dir='ltr'>de</span> <span class='ocrx_word' id='word_1_715' title='bbox 2029 5210 2674 5284; x_wconf 88' lang='lat' dir='ltr'>plane,inquiens,illud</span> <span class='ocrx_word' id='word_1_716' title='bbox 2691 5214 2881 5266; x_wconf 82' lang='lat' dir='ltr'>tacere</span> <span class='ocrx_word' id='word_1_717' title='bbox 2897 5228 3012 5265; x_wconf 89' lang='lat' dir='ltr'>non</span> <span class='ocrx_word' id='word_1_718' title='bbox 3026 5211 3228 5276; x_wconf 90' lang='lat' dir='ltr'>debeo,</span> <span class='ocrx_word' id='word_1_719' title='bbox 3245 5209 3401 5281; x_wconf 92' lang='lat' dir='ltr'>quod</span> <span class='ocrx_word' id='word_1_720' title='bbox 3415 5224 3476 5263; x_wconf 90' lang='lat' dir='ltr'>se</span> <span class='ocrx_word' id='word_1_721' title='bbox 3488 5205 3692 5262; x_wconf 89' lang='lat' dir='ltr'>dicant</span> 
     </span>
    </p>
   </div>
   <div class='ocr_carea' id='block_1_86' title="bbox 266 5294 3688 5372">
    <p class='ocr_par' dir='ltr' id='par_1_86' title="bbox 266 5294 3688 5372">
     <span class='ocr_line' id='line_1_86' title="bbox 266 5294 3688 5372; baseline -0 -19"><span class='ocrx_word' id='word_1_722' title='bbox 266 5296 522 5368; x_wconf 70' lang='lat' dir='ltr'>praefatis</span> <span class='ocrx_word' id='word_1_723' title='bbox 536 5299 790 5368; x_wconf 88' lang='lat' dir='ltr'>quatuor</span> <span class='ocrx_word' id='word_1_724' title='bbox 801 5297 1072 5370; x_wconf 91' lang='lat' dir='ltr'>capitulis</span> <span class='ocrx_word' id='word_1_725' title='bbox 1084 5315 1212 5371; x_wconf 72' lang='lat' dir='ltr'>qua:</span> <span class='ocrx_word' id='word_1_726' title='bbox 1234 5298 1492 5372; x_wconf 90' lang='lat' dir='ltr'>primum</span> <span class='ocrx_word' id='word_1_727' title='bbox 1507 5298 1922 5354; x_wconf 88' lang='lat' dir='ltr'>Gothescalcus</span> <span class='ocrx_word' id='word_1_728' title='bbox 2031 5303 2132 5359; x_wconf 72' lang='grc'><strong>23</strong></span> <span class='ocrx_word' id='word_1_729' title='bbox 2155 5305 2315 5356; x_wconf 88' lang='lat' dir='ltr'>tuam</span> <span class='ocrx_word' id='word_1_730' title='bbox 2341 5299 2736 5366; x_wconf 88' lang='lat' dir='ltr'>sanctitatem,</span> <span class='ocrx_word' id='word_1_731' title='bbox 2752 5298 2862 5355; x_wconf 88' lang='lat' dir='ltr'>hoc</span> <span class='ocrx_word' id='word_1_732' title='bbox 2881 5303 3114 5370; x_wconf 82' lang='lat' dir='ltr'>excepto</span> <span class='ocrx_word' id='word_1_733' title='bbox 3138 5299 3194 5354; x_wconf 88' lang='lat' dir='ltr'>in</span> <span class='ocrx_word' id='word_1_734' title='bbox 3221 5295 3389 5352; x_wconf 84' lang='lat' dir='ltr'>factis</span> <span class='ocrx_word' id='word_1_735' title='bbox 3422 5298 3482 5350; x_wconf 88' lang='lat' dir='ltr'>et</span> <span class='ocrx_word' id='word_1_736' title='bbox 3512 5294 3688 5352; x_wconf 89' lang='lat' dir='ltr'>dictis</span> 
     </span>
    </p>
   </div>
   <div class='ocr_carea' id='block_1_87' title="bbox 267 5384 3691 5461">
    <p class='ocr_par' dir='ltr' id='par_1_87' title="bbox 267 5384 3691 5461">
     <span class='ocr_line' id='line_1_87' title="bbox 267 5384 3691 5461; baseline 0.001 -21"><span class='ocrx_word' id='word_1_737' title='bbox 267 5385 376 5440; x_wconf 86' lang='lat' dir='ltr'>sibi</span> <span class='ocrx_word' id='word_1_738' title='bbox 407 5385 759 5457; x_wconf 85' lang='lat' dir='ltr'>assumpsit,</span> <span class='ocrx_word' id='word_1_739' title='bbox 793 5389 852 5442; x_wconf 88' lang='lat' dir='ltr'>et</span> <span class='ocrx_word' id='word_1_740' title='bbox 881 5387 952 5444; x_wconf 90' lang='lat' dir='ltr'>de</span> <span class='ocrx_word' id='word_1_741' title='bbox 982 5387 1186 5460; x_wconf 88' lang='lat' dir='ltr'>quinto</span> <span class='ocrx_word' id='word_1_742' title='bbox 1224 5388 1380 5460; x_wconf 91' lang='lat' dir='ltr'>quod</span> <span class='ocrx_word' id='word_1_743' title='bbox 1413 5391 1616 5461; x_wconf 87' lang='lat' dir='ltr'>postea</span> <span class='ocrx_word' id='word_1_744' title='bbox 1635 5388 1924 5461; x_wconf 87' lang='lat' dir='ltr'>superad-</span> <span class='ocrx_word' id='word_1_745' title='bbox 2032 5391 2308 5446; x_wconf 91' lang='lat' dir='ltr'>omnibus</span> <span class='ocrx_word' id='word_1_746' title='bbox 2339 5387 2636 5445; x_wconf 87' lang='lat' dir='ltr'>admirari.</span> <span class='ocrx_word' id='word_1_747' title='bbox 2671 5409 2699 5439; x_wconf 82' lang='grc'><strong>››</strong></span> <span class='ocrx_word' id='word_1_748' title='bbox 2734 5389 2969 5444; x_wconf 89' lang='lat' dir='ltr'>Scimus</span> <span class='ocrx_word' id='word_1_749' title='bbox 2999 5401 3251 5458; x_wconf 89' lang='lat' dir='ltr'>namque</span> <span class='ocrx_word' id='word_1_750' title='bbox 3283 5387 3556 5440; x_wconf 89' lang='lat' dir='ltr'>sanctum</span> <span class='ocrx_word' id='word_1_751' title='bbox 3585 5384 3691 5459; x_wconf 80' lang='lat' dir='ltr'>Cy-</span> 
     </span>
    </p>
   </div>
   <div class='ocr_carea' id='block_1_88' title="bbox 269 5472 3691 5552">
    <p class='ocr_par' dir='ltr' id='par_1_88' title="bbox 269 5472 3691 5552">
     <span class='ocr_line' id='line_1_88' title="bbox 269 5472 3691 5552; baseline 0.001 -22"><span class='ocrx_word' id='word_1_752' title='bbox 269 5473 454 5530; x_wconf 88' lang='lat' dir='ltr'>dendo</span> <span class='ocrx_word' id='word_1_753' title='bbox 483 5475 890 5547; x_wconf 70' lang='lat' dir='ltr'>praesumpsit,</span> <span class='ocrx_word' id='word_1_754' title='bbox 911 5481 968 5533; x_wconf 90' lang='lat' dir='ltr'>et</span> <span class='ocrx_word' id='word_1_755' title='bbox 989 5478 1255 5550; x_wconf 66' lang='lat' dir='ltr'>quaedam</span> <span class='ocrx_word' id='word_1_756' title='bbox 1287 5477 1456 5534; x_wconf 89' lang='lat' dir='ltr'>aliter</span> <span class='ocrx_word' id='word_1_757' title='bbox 1483 5476 1920 5545; x_wconf 88' lang='lat' dir='ltr'>Gothescalcus,</span> <span class='ocrx_word' id='word_1_758' title='bbox 2034 5480 2307 5552; x_wconf 88' lang='lat' dir='ltr'>prianum</span> <span class='ocrx_word' id='word_1_759' title='bbox 2341 5477 2510 5534; x_wconf 88' lang='lat' dir='ltr'>aliter</span> <span class='ocrx_word' id='word_1_760' title='bbox 2536 5478 2605 5533; x_wconf 88' lang='lat' dir='ltr'>de</span> <span class='ocrx_word' id='word_1_761' title='bbox 2637 5477 3043 5532; x_wconf 65' lang='lat' dir='ltr'>haereticorum</span> <span class='ocrx_word' id='word_1_762' title='bbox 3092 5472 3386 5546; x_wconf 89' lang='lat' dir='ltr'>baptismo</span> <span class='ocrx_word' id='word_1_763' title='bbox 3431 5475 3691 5532; x_wconf 89' lang='lat' dir='ltr'>sensisse</span> 
     </span>
    </p>
   </div>
   <div class='ocr_carea' id='block_1_89' title="bbox 268 5561 3690 5641">
    <p class='ocr_par' dir='ltr' id='par_1_89' title="bbox 268 5561 3690 5641">
     <span class='ocr_line' id='line_1_89' title="bbox 268 5561 3690 5641; baseline 0.001 -23"><span class='ocrx_word' id='word_1_764' title='bbox 268 5578 548 5620; x_wconf 88' lang='lat' dir='ltr'>novorum</span> <span class='ocrx_word' id='word_1_765' title='bbox 569 5561 1224 5624; x_wconf 66' lang='lat' dir='ltr'>Praedestinationorum</span> <span class='ocrx_word' id='word_1_766' title='bbox 1243 5566 1695 5640; x_wconf 89' lang='lat' dir='ltr'>primicerius,et</span> <span class='ocrx_word' id='word_1_767' title='bbox 1713 5565 1923 5622; x_wconf 65' lang='lat' dir='ltr'>scholae</span> <span class='ocrx_word' id='word_1_768' title='bbox 2035 5585 2210 5641; x_wconf 88' lang='lat' dir='ltr'>quam</span> <span class='ocrx_word' id='word_1_769' title='bbox 2235 5572 2476 5624; x_wconf 89' lang='lat' dir='ltr'>sanctus</span> <span class='ocrx_word' id='word_1_770' title='bbox 2498 5567 2832 5640; x_wconf 83' lang='lat' dir='ltr'>Stephanus</span> <span class='ocrx_word' id='word_1_771' title='bbox 2847 5566 3120 5620; x_wconf 68' lang='lat' dir='ltr'>Romanae</span> <span class='ocrx_word' id='word_1_772' title='bbox 3142 5561 3411 5620; x_wconf 80' lang='lat' dir='ltr'>Ecclesiae</span> <span class='ocrx_word' id='word_1_773' title='bbox 3431 5563 3690 5637; x_wconf 81' lang='lat' dir='ltr'>pontifex</span> 
     </span>
    </p>
   </div>
   <div class='ocr_carea' id='block_1_90' title="bbox 269 5651 3694 5730">
    <p class='ocr_par' dir='ltr' id='par_1_90' title="bbox 269 5651 3694 5730">
     <span class='ocr_line' id='line_1_90' title="bbox 269 5651 3694 5730; baseline 0 -20"><span class='ocrx_word' id='word_1_774' title='bbox 269 5651 513 5728; x_wconf 68' lang='lat' dir='ltr'>dyscolas</span> <span class='ocrx_word' id='word_1_775' title='bbox 534 5657 718 5726; x_wconf 89' lang='lat' dir='ltr'>caput</span> <span class='ocrx_word' id='word_1_776' title='bbox 746 5653 908 5710; x_wconf 90' lang='lat' dir='ltr'>dicit.</span> <span class='ocrx_word' id='word_1_777' title='bbox 932 5655 1146 5714; x_wconf 90' lang='lat' dir='ltr'>Verum</span> <span class='ocrx_word' id='word_1_778' title='bbox 1167 5657 1308 5730; x_wconf 87' lang='lat' dir='ltr'>quia</span> <span class='ocrx_word' id='word_1_779' title='bbox 1328 5656 1482 5714; x_wconf 86' lang='lat' dir='ltr'>sicut</span> <span class='ocrx_word' id='word_1_780' title='bbox 1501 5656 1788 5729; x_wconf 87' lang='lat' dir='ltr'>scriptum</span> <span class='ocrx_word' id='word_1_781' title='bbox 1813 5661 1925 5724; x_wconf 89' lang='lat' dir='ltr'>est,</span> <span class='ocrx_word' id='word_1_782' title='bbox 2036 5657 2306 5725; x_wconf 89' lang='lat' dir='ltr'>senserit,</span> <span class='ocrx_word' id='word_1_783' title='bbox 2319 5661 2376 5714; x_wconf 89' lang='lat' dir='ltr'>et</span> <span class='ocrx_word' id='word_1_784' title='bbox 2396 5673 2552 5714; x_wconf 90' lang='lat' dir='ltr'>nunc</span> <span class='ocrx_word' id='word_1_785' title='bbox 2576 5659 2782 5712; x_wconf 89' lang='lat' dir='ltr'>sancta</span> <span class='ocrx_word' id='word_1_786' title='bbox 2798 5651 3058 5710; x_wconf 87' lang='lat' dir='ltr'>Ecclesia</span> <span class='ocrx_word' id='word_1_787' title='bbox 3075 5655 3288 5720; x_wconf 89' lang='lat' dir='ltr'>teneat,</span> <span class='ocrx_word' id='word_1_788' title='bbox 3311 5657 3510 5712; x_wconf 89' lang='lat' dir='ltr'>tamen</span> <span class='ocrx_word' id='word_1_789' title='bbox 3540 5653 3694 5710; x_wconf 87' lang='lat' dir='ltr'>inter</span> 
     </span>
    </p>
   </div>
  </div>
