4042 6188
353 362 438 432 87
1063 409 1072 418 .
1294 361 1683 429 HINCMARI
1729 355 2178 460 BHEMENSIS
2223 353 2835 428 ARCHIEPISCOPI.
3587 349 3592 354 ’
3689 359 3772 426 88

359 501 679 562 catholicos
703 499 1031 575 computari
1061 501 1345 558 doctores.
1371 502 1624 558 Sanctus
1643 499 2008 574 Augustinus
2035 490 2092 564 Α
2112 497 2312 570 quarti
2345 503 2480 572 post
2509 499 2745 556 beatum
2780 498 3099 568 Gelasium,
3126 501 3184 555 et
3213 498 3388 556 ﬁdem
3437 498 3782 558 consulatus

359 593 631 668 quaedam
661 591 831 649 aliter
875 596 1147 648 sanctum
1197 590 1480 646 Hilarium
1535 589 1792 646 sensisse
1832 605 2010 662 quam

285 711 294 720 -
359 683 519 740 idem
550 680 754 739 sentiri
781 680 938 750 velit,
972 681 1028 736 in
1062 679 1210 736 libro
1243 684 1404 736 sexto
1435 679 1505 736 de
1529 679 1816 735 Trinitate
1853 677 2010 750 capi-

357 771 485 828 tulo
514 771 740 827 decimo
770 772 1082 836 monstrat,
1100 772 1158 823 et
1179 772 1418 824 sanctus
1441 769 1552 824 Leo
1593 767 1665 823 ad
1697 766 2010 822 Chalcedo-

361 873 544 918 nense
571 857 881 916 concilium
913 857 1404 924 confirmandum,
1437 856 1703 929 ejusdem
1734 855 1889 912 beati
1921 854 2014 910 Hi-

363 949 495 1008 larii
525 945 864 1005 testimonia
889 945 1044 1001 inter
1062 943 1482 1000 catholicorum
1501 945 1806 1000 doctorum
1827 959 2016 999 exem-

363 1039 465 1114 pla
507 1037 684 1095 etiam
733 1034 924 1110 prima
967 1037 1372 1101 connumerat,
1406 1038 1464 1088 ct
1505 1033 1714 1089 beatus
1745 1031 2014 1088 Gelasius

364 1141 522 1196 eum,
537 1126 691 1184 sicut
715 1129 774 1182 et
803 1127 1076 1182 sanctum
1092 1121 1510 1196 Augustinum,
1526 1138 1593 1178 ac
1613 1121 2016 1194 Properum,et

353 1216 932 1291 Cyprianum,atque
963 1213 1235 1280 Leonem,
1259 1211 1378 1266 sive
1406 1210 1823 1283 Hieronymum
1850 1225 2013 1265 rece-

369 1303 710 1380 ptissimum
726 1303 787 1358 in
809 1300 1072 1374 catalogo
1097 1299 1448 1372 scriptorum
1483 1297 2014 1356 ecclesiasticorum

369 1397 547 1466 atque
563 1391 885 1448 illustrium
917 1391 1238 1461 computat.
1271 1387 1384 1442 Sed
1414 1390 1471 1442 et
1499 1387 1572 1442 de
1599 1403 1665 1442 eo
1706 1391 1773 1442 ut
1810 1389 2014 1442 notum

369 1485 460 1540 est
487 1499 522 1538 a
550 1478 860 1537 notissimo
889 1477 1124 1546 dicitur,
1158 1473 1412 1532 Hilarius
1445 1474 1754 1547 episcopus
1803 1475 2014 1530 Roma-

371 1584 581 1628 norum
609 1568 834 1634 lucifer,
851 1565 1243 1622 Ecclesiarum
1260 1563 1498 1620 lucerna
1518 1567 1576 1620 et
1593 1561 1849 1636 pretiosa
1867 1561 2016 1618 lam-

359 1677 498 1734 'pas,
513 1657 758 1732 pulchro
779 1670 1072 1726 aureoque
1097 1667 1194 1710 ore
1226 1652 1488 1726 loquitur
1511 1651 1840 1709 universa.»
1860 1653 2018 1718 Quae-

371 1742 507 1805 dam
533 1745 704 1804 aliter
729 1748 968 1802 sanctus
987 1743 1356 1817 Augustinus
1386 1742 1571 1800 sensit
1599 1758 1778 1814 quam
1809 1742 2016 1797 beatus

2119 587 2457 660 Symmachi
2493 591 2549 644 et
2580 588 2781 656 Boetii,
2799 606 2916 661 qua
2944 591 3292 661 tempestate
3312 587 3617 645 Wandalis
3641 605 3782 662 prae-

2118 674 2229 731 fuit
2261 675 2590 733 Hildericus
2613 693 2920 733 successor
2947 676 3357 745 Trasemundi,
3391 677 3490 749 qui
3520 682 3655 750 post
3683 694 3782 734 ne-

2121 780 2245 820 cem
2267 768 2604 821 sanctorum
2622 770 2678 820 et
2702 765 3043 821 innumeras
3055 763 3253 821 clades
3273 765 3577 840 indignam
3596 767 3776 824 vitam

2119 851 2299 926 digna
2319 857 2505 909 morte
2536 849 2751 920 finivit,
2775 853 2964 910 isdem
3005 854 3212 910 beatus
3252 853 3498 927 Prosper
3534 855 3778 912 Chroni-

2121 957 2250 998 cam
2283 942 2436 998 mira
2461 943 2702 998 veritate
2735 942 3066 1015 composuit
3097 959 3112 999 :
3147 943 3206 998 in
3247 960 3364 1016 qua
3411 945 3775 1022 diversarum

2117 1031 2429 1103 regionum
2458 1031 2616 1088 viros
2647 1030 2959 1088 sanctitate
2980 1035 3040 1086 et
3058 1032 3347 1105 sapientia
3367 1032 3696 1105 preclaros,
3721 1038 3782 1090 et

2122 1119 2298 1175 etiam
2325 1123 2555 1176 exortos
2583 1120 2906 1188 haereticos,
2925 1137 3061 1176 cum
3091 1121 3249 1178 fama
3278 1121 3490 1195 cuique
3519 1137 3781 1196 congrua

2123 1208 2468 1282 designavit,
2503 1213 2560 1266 et
2615 1227 2732 1266 non
2779 1209 3049 1286 eumdem
3095 1210 3484 1267 venerabilem
3527 1211 3778 1287 Fulgen-

2119 1295 2270 1352 tium
2302 1298 2644 1354 nominavit.
2675 1298 3036 1355 Venerabilis
3067 1299 3358 1372 siquidem
3407 1301 3564 1358 Beda
3607 1318 3778 1374 pres-

2123 1384 2290 1457 byter
2315 1385 2376 1440 in
2398 1387 2684 1444 Chronica
2729 1403 2859 1456 sua,
2891 1405 3025 1443 cum
3076 1387 3277 1460 plures
3323 1387 3470 1446 alios
3515 1390 3777 1450 illustres

2121 1474 2278 1531 viros
2302 1475 2694 1550 descripserit,
2719 1493 2870 1550 saepe
2901 1478 3086 1533 fatum
3131 1477 3503 1552 Fulgentium
3555 1497 3776 1554 nequa-

2123 1580 2302 1636 quam
2334 1566 2830 1622 commemoravit.
2852 1565 3070 1622 Verum
3096 1582 3202 1622 nec
3233 1583 3268 1622 a
3295 1567 3504 1640 quinta
3533 1569 3778 1645 synodo,

2121 1669 2254 1724 qua
2285 1653 2648 1726 temporibus
2680 1653 2878 1728 Vigilii
2907 1653 3204 1710 undecimi
3236 1672 3399 1728 papa:
3431 1660 3567 1731 post
3582 1657 3780 1715 .Gela-

2121 1741 2302 1811 sium,
2328 1743 2438 1799 sub
2461 1741 2796 1800 Justiniano
2830 1743 3334 1818 Constantinopoli
3367 1749 3570 1802 contra
3599 1745 3786 1804 Theo~

373 1837 760 1909 Hieronymus
781 1851 798 1890 ε
818 1836 877 1890 et
907 1832 1046 1932 item
1069 1835 1310 1888 sanctus
1342 1831 1728 1931 Hieronymus
1749 1831 2012 1932 quasdam
2049 1863 2100 1932 Β
2129 1831 2338 1932 dorum
2369 1836 2426 1888 et
2447 1831 2600 1932 alios
2630 1831 2932 1932 hereticos
2962 1837 3060 1932 est
3093 1837 3426 1932 aggregata,
3459 1835 3537 1932 ad
3575 1835 3787 1891 contire

373 1925 543 1983 aliter
562 1923 749 1980 sensit
768 1937 946 1994 quam
963 1921 1173 1977 beatus
1192 1921 1578 1994 Augustinus,
1599 1923 1658 1976 et
1673 1920 1846 1976 ambo
1868 1919 2020 1974 inter

375 2013 694 2078 catholicos
744 2011 1012 2068 doctores
1059 2013 1452 2082 perseverant.
1489 2009 1765 2075 Quaedam
1825 2013 2022 2064 autem

374 2101 542 2161 aliter
566 2103 773 2158 beatus
799 2097 1130 2172 Gregorius,
1165 2098 1237 2154 de
1283 2114 1346 2154 se
1391 2097 1842 2169 praecedentium
1887 2097 2024 2153 doc-

373 2191 539 2250 trinae
567 2190 812 2248 ﬂoribus
843 2205 1020 2262 quam
1043 2187 1296 2243 maxime
1320 2187 1485 2243 favus
1511 2187 1765 2259 repletus
1801 2191 1860 2244 et
1889 2187 2024 2242 dul-

373 2281 576 2339 cedine
604 2279 983 2355 propensiore
1013 2278 1289 2350 profusus
1339 2277 1544 2346 sensit,
1559 2294 1737 2350 quam
1781 2281 2024 2334 sanctus

374 2372 860 2444 Hieronymus,et
888 2368 1156 2440 quaedam
1187 2367 1356 2424 aliter
1375 2367 1643 2438 exposuit
1680 2384 1857 2440 quam
1887 2383 2022 2424 san-

373 2465 504 2518 ctus
523 2457 892 2532 Augustinus
912 2457 1244 2528 exposuerit
1262 2455 1350 2512 vel
1371 2456 1702 2525 correxerit,
1727 2460 1785 2512 et
1818 2457 2023 2512 ambos

357 2553 438 2606 'ut
472 2547 826 2604 orthodoxos
854 2544 1227 2618 amplectitur
1255 2548 1311 2600 et
1341 2548 1407 2600 ut
1453 2545 1720 2600 doctores
1765 2545 2024 2601 Ecclesia

362 2638 716 2694 veneratur:
742 2633 1022 2707 quoniam
1055 2638 1121 2690 ut
1149 2635 1356 2690 beatus
1383 2634 1752 2707 Augustinus
1781 2634 1840 2688 in
1873 2633 2022 2690 libro

371 2728 444 2784 de
472 2724 772 2799 Baptismo
803 2721 946 2778 dicit
974 2723 1096 2792 (lib.
1130 2723 1200 2790 II,
1233 2739 1281 2778 ο.
1313 2722 1368 2795 5)
1404 2739 1417 2778 :
1453 2746 1482 2774 «
1516 2724 1648 2779 Ideo
1677 2723 2024 2796 plerumque

354 2814 732 2873 'doctioribus
762 2811 961 2870 minus
991 2809 1210 2885 aliquid
1239 2811 1546 2880 revelatur,
1579 2816 1646 2868 ut
1673 2827 1877 2868 eorum
1921 2829 2022 2884 pa-

370 2905 526 2963 tiens
581 2907 642 2960 et
693 2901 938 2958 humilis
991 2901 1268 2970 charitas,
1303 2901 1362 2956 in
1413 2919 1531 2974 qua
1571 2902 1799 2958 fructus
1837 2902 2026 2972 major

352 2997 484 3063 ‘est,
517 2992 948 3064 comprobatur,
981 2989 1069 3047 vel
1119 2991 1412 3063 quomodo
1458 2994 1696 3047 teneant
1737 2990 2021 3046 unitatem

374 3098 508 3140 cum
533 3081 596 3137 in
642 3081 818 3136 rebus
865 3079 1303 3137 obscurioribus
1345 3079 1574 3136 diversa
1623 3081 1901 3149 sentiunt,
1934 3078 2022 3135 vel

373 3170 668 3245 quomodo
698 3168 990 3242 accipiant
1017 3169 1319 3225 veritatem
1353 3185 1487 3224 cum
1519 3173 1723 3226 contra
1769 3169 1828 3225 id
1868 3169 2022 3241 quod

373 3236 706 3319 sentiebant
736 3236 1098 3316 declaratum
1127 3275 1256 3314 esse
1287 3263 1666 3332 cognoscunt.
1703 3281 1730 3308 »
1756 3236 2021 3314 Scientes
2051 3236 2094 3304 C

369 3349 738 3424 Scripturam
773 3347 1030 3404 divinam
1070 3363 1198 3403 esse
1248 3347 1565 3419 pretiosam
1617 3348 2020 3420 margaritam,

371 3455 501 3512 quae
531 3453 600 3495 ex
628 3435 788 3494 omni
834 3439 998 3508 parte
1045 3435 1220 3492 forari
1271 3439 1484 3508 potest,
1517 3440 1572 3492 ct
1620 3436 1748 3492 ideo
1797 3436 2022 3492 diverso

371 3528 544 3602 stylo,
577 3528 680 3584 sed
715 3542 831 3582 non
855 3525 1084 3581 diversa
1131 3525 1264 3592 fide,
1298 3529 1598 3596 exponunt
1627 3524 1796 3597 plura
1825 3525 2023 3598 plura-

369 3617 523 3688 liter,
547 3619 614 3672 ut
642 3614 913 3688 pluribus
944 3629 1061 3670 non
1091 3613 1266 3669 modo
1293 3612 1622 3682 salubriter,
1639 3631 1840 3670 verum
1863 3620 1922 3670 et
1941 3615 2027 3670 in-

371 3707 680 3762 notescant
707 3700 1267 3758 delectabiliter.Est
1296 3701 1471 3758 etiam
1504 3703 1643 3776 quia
1671 3703 1732 3758 in
1762 3704 2023 3777 catalogo

373 3793 703 3868 apostolica:
734 3789 912 3859 sedis,
935 3789 1034 3844 ubi
1063 3805 1098 3846 a
1126 3789 1295 3846 beato
1339 3790 1566 3848 Gelasio
1616 3792 1881 3849 doctores
1929 3809 2024 3850 ca-

368 3881 573 3940 tholici
607 3879 882 3952 descripti
912 3883 970 3936 et
997 3879 1287 3953 designati
1319 3885 1476 3949 sunt,
1510 3883 1782 3938 eumdem
1831 3882 2023 3938 virum

367 3967 762 4028 Venerabilem
777 3967 876 4024 Ful
884 3967 1147 4040 gentium
1167 3968 1528 4040 probabilem
1547 3988 1660 4027 non
1677 3972 2022 4044 reperimus.

373 4060 488 4117 Sed
517 4073 624 4114 nec
655 4057 934 4130 quoniam
973 4057 1034 4113 in
1083 4059 1580 4130 reprobandorum
1633 4061 2025 4133 descriptione

375 4148 746 4221 designatum
762 4145 1113 4216 invenimus,
1129 4146 1575 4220 improbabilem
1599 4165 1702 4220 per
1721 4149 1919 4204 omnia
1931 4151 2025 4222 ju—

373 4239 661 4294 dicamus.
676 4235 1007 4308 Imperante
1027 4235 1318 4308 siquidem
1339 4237 1773 4311 Anastasio,cuj
1783 4256 1851 4294 us
1875 4243 2024 4295 tem-

368 4342 508 4402 pore
537 4325 746 4382 beatus
778 4323 1047 4382 Gclasius
1077 4326 1289 4381 seriem
1337 4326 1794 4382 orthodoxorum
1847 4332 2024 4400 atque

367 4413 688 4472 illustrium
720 4413 978 4470 virorum
1008 4413 1209 4480 edidit,
1239 4414 1393 4470 sicut
1422 4413 1609 4487 ipsius
1639 4416 1904 4488 epistolis
1949 4419 2022 4473 ad

367 4503 642 4560 eumdem
687 4503 926 4559 directis
975 4503 1402 4570 manifestatur,
1436 4503 1803 4576 principatus
1833 4509 1924 4561 est
1961 4507 2022 4562 in

2133 1921 2409 1977 mandam
2443 1922 2616 1978 ﬁdem
2649 1921 2994 1978 catholicam
3044 1922 3198 1978 inter
3241 1921 3387 1980 alios
3429 1923 3782 1982 orthodoxo's

2133 2009 2399 2066 doctores
2446 2009 2744 2066 invenitur
2789 2009 3142 2084 descriptus.
3175 2011 3325 2077 Quin
3383 2027 3491 2068 nec
3539 2029 3574 2069 a
3619 2016 3786 2070 sexta

2131 2099 2352 2171 synodo
2376 2099 2710 2168 universali,
2739 2099 3246 2173 Constantinopoli
3296 2099 3588 2158 celebrata
3633 2105 3782 2158 tem-

2131 2189 2374 2259 poribus
2402 2189 2726 2262 Agathonis
2746 2189 3028 2246 tricesimi
3055 2188 3229 2262 primi
3251 2206 3412 2263 papae
3437 2207 3471 2246 a
3491 2191 3660 2248 beato
3685 2193 3790 2248 Ge—

2131 2274 2299 2346 lasio,
2324 2278 2434 2334 sub
2467 2278 2852 2334 Constantino
2873 2277 3160 2352 principe,
3184 2278 3339 2336 inter
3358 2279 3786 2337 catholicorum

2131 2367 2437 2422 doctorum
2468 2366 2809 2424 testimonia
2837 2383 3082 2424 suorum
3111 2365 3396 2423 librorum
3428 2369 3647 2425 mentio
3677 2369 3790 2426 ba-

2129 2455 2255 2512 bita
2299 2457 2586 2530 reperitur
2617 2474 2632 2513 :
2663 2457 2989 2530 praesertim
3036 2473 3173 2513 cum
3221 2456 3440 2530 plures,
3489 2459 3591 2530 qui
3650 2462 3787 2532 post

2131 2547 2404 2602 eumdem
2429 2547 2799 2619 Fulgentium
2821 2547 2880 2602 in
2903 2545 3160 2603 Ecclesia
3179 2545 3538 2616 claruerunt,
3557 2549 3630 2604 ad
3655 2561 3790 2605 con-

2132 2635 2484 2693 ﬁrmandam
2515 2637 2690 2692 ﬁdem
2721 2635 3066 2692 catholicam
3098 2635 3160 2690 in
3179 2635 3589 2694 testimonium
3613 2637 3785 2695 devo-

2133 2723 2246 2781 cati
2268 2726 2654 2798 reperiantur.
2687 2725 2852 2781 Unde
2883 2725 2933 2780 si
2980 2723 3150 2780 aliter
3179 2727 3250 2781 de
3276 2726 3790 2798 praedestinatione

2133 2811 2234 2869 Dei
2257 2813 2606 2887 dixit,quam
2629 2818 2868 2870 sanctus
2879 2813 3244 2888 Augustinus
3261 2813 3321 2869 in
3343 2815 3598 2886 prmfatis
3618 2815 3788 2873 libris

2132 2903 2206 2958 ad
2237 2902 2347 2960 sibi
2382 2905 2610 2976 objecta
2639 2903 2941 2976 rescriptis
2989 2904 3255 2972 correxit,
3289 2908 3348 2960 et
3396 2903 3567 2960 aliter
3608 2905 3786 2962 etiam

2134 3007 2312 3063 quam
2343 2993 2550 3050 beatus
2580 2995 2821 3065 Pr0pter
2840 3008 2908 3047 ex
2938 2991 3298 3066 delegatione
3329 2993 3486 3048 sedis
3517 2993 3790 3066 apostoli-

2133 3098 2211 3136 cae
2234 3083 2411 3154 jussu
2443 3081 2631 3138 sancti
2663 3079 2956 3142 Ccslestini
2988 3081 3282 3150 ditﬁnivit,
3303 3081 3586 3154 aliterque
3607 3099 3785 3156 quam

2134 3168 2263 3243 ipsa
2291 3175 2496 3227 sancta
2516 3171 2683 3226 sedes
2713 3169 3034 3243 apostolica
3063 3169 3218 3226 dicta
3247 3171 3506 3243 suscepit
3559 3189 3625 3228 ac
3671 3172 3785 3228 dici

2131 3261 2334 3332 voluit,
2366 3259 2491 3332 ipse
2520 3259 2748 3316 viderit.
2801 3259 2911 3316 Sed
2963 3263 3020 3316 et
3065 3275 3172 3315 nos
3203 3259 3343 3332 quid
3387 3257 3524 3316 inde
3551 3260 3786 3334 dixerit,

2131 3351 2270 3422 quia
2302 3349 2532 3405 cunctis
2569 3347 2902 3422 legentibus
2943 3351 3034 3405 est
3081 3348 3482 3416 manifestum,
3514 3348 3787 3422 ignorare

2132 3458 2247 3498 non
2281 3457 2618 3513 possumus.

2770 3545 3003 3602 CAPUT
3048 3546 3148 3601 VI.

2132 3636 2205 3692 De
2231 3635 2522 3708 apostolica
2546 3634 2670 3691 sede
2695 3633 2988 3708 sequenda,
3018 3633 3470 3708 cujusgdoctrinae
3518 3636 3691 3692 inniti
3734 3642 3787 3693 et

2521 3705 2896 3762 auctoritatem
2921 3705 3091 3778 sequi
3105 3705 3380 3762 debemus.

2203 3795 2518 3868 Sequimur
2548 3799 2745 3851 autem
2775 3811 2901 3867 qua;
2934 3793 3224 3851 catholica
3247 3799 3305 3851 et
3325 3794 3645 3868 apostolica
3674 3811 3784 3853 nos

2131 3886 2300 3942 docet
2328 3889 2532 3941 sancta
2561 3884 2828 3940 Romana
2854 3883 3132 3952 Ecclesia,
3147 3901 3274 3956 qum
3304 3901 3414 3940 nos
3442 3882 3502 3939 in
3534 3883 3648 3940 fide
3677 3899 3784 3958 ge-

2133 3973 2281 4044 nuit,
2305 3972 2590 4030 catholico
2615 3972 2766 4028 lacte
2799 3971 2963 4042 aluit,
2997 3973 3279 4029 uberibus
3311 3971 3454 4028 coelo
3485 3971 3674 4045 plenis
3703 3973 3782 4030 ad

2133 4062 2386 4119 solidum
2409 4062 2606 4118 cibum
2629 4061 3210 4134 nutrivit,disciplina
3229 4061 3550 4119 orthodoxa
3565 4061 3636 4118 ad
3660 4077 3788 4136 per-

2130 4152 2346 4208 lectum
2368 4153 2558 4207 virum
2581 4151 2868 4223 perduxit,
2882 4155 2940 4206 et
2968 4151 3040 4206 ad
3071 4149 3216 4206 alios
3236 4149 3648 4206 instruendum
3675 4168 3788 4207 sua

2133 4241 2474 4314 probatione
2504 4239 2783 4308 instituit,
2817 4241 2991 4312 atque
3039 4239 3100 4294 in
3148 4238 3456 4295 doctrinali
3504 4239 3785 4296 cathedra

2133 4332 2356 4387 fautorc
2371 4333 2428 4385 et
2444 4331 2512 4385 ad
2513 4330 2758 4400 juvante
2782 4327 3029 4384 Domino
3050 4327 3424 4384 sublimando
3447 4327 3782 4384 constituit:

2131 4421 2283 4476 sicut
2313 4422 2554 4476 sanctus
2577 4417 2952 4473 Innocentius
2973 4417 3045 4473 ad
3069 4417 3408 4474 Decentium
3443 4415 3784 4490 episcopum

2130 4509 2508 4581 Eugubinum
2534 4505 2738 4562 scribit
2757 4505 3148 4579 dicens(epist.
3167 4505 3325 4575 29,in
3347 4503 3558 4578 princ.)
3575 4521 3588 4560 :
3605 4506 3784 4572 «Quis

365 4590 995 4649 AfricaWandalorum
1019 4609 1120 4647 rex
1136 4593 2026 4660 Trascmundus,sicutinChro-
2053 4603 2100 4672 Β
2131 4599 2286 4654 enim
2321 4596 2563 4664 nesciat,
2599 4599 2702 4650 aut
2729 4612 2845 4650 non
2877 4596 3142 4650 advertat
3169 4593 3226 4649 id
3261 4595 3416 4666 quod
3448 4611 3482 4650 a
3518 4593 3782 4667 principe

369 4679 519 4736 uicis
549 4678 705 4748 aliis,
736 4683 794 4734 et
823 4679 1001 4736 etiam
1033 4679 1091 4734 in
1124 4680 1409 4736 Chronica
1455 4683 1805 4740 venerabilis
1853 4685 2019 4740 Beda:

367 4767 692 4842 presbyteri
717 4767 1062 4840 reperimus.
1095 4769 1275 4843 Cujus
1305 4775 1567 4843 tempore
1595 4771 1936 4846 Fulgentius
1959 4773 2018 4828 in

367 4857 563 4914 Africa
583 4856 827 4912 claruit:
854 4857 1112 4931 quinque
1141 4863 1342 4914 contra
1363 4861 1648 4932 quasdam
1679 4861 2021 4934 propositio-

340 4949 476 5002 -'nes
505 4945 768 5018 ejusdem
793 4947 1182 5004 Trasemundi
1214 4948 1534 5022 rescripsit,
1551 4953 1609 5004 et
1639 4953 1842 5005 contra
1891 4951 2018 5020 ejus

369 5035 674 5108 perfidiam
706 5039 824 5092 tres
853 5035 1034 5093 libros
1065 5039 1396 5110 composuit
1425 5055 1438 5092 :
1471 5037 1729 5110 primum
1752 5038 2021 5095 videlicet

369 5124 440 5180 de
469 5124 748 5198 mysterio
781 5125 1136 5194 Mediatoris,
1173 5127 1496 5182 secundum
1529 5127 1600 5182 de
1631 5128 1731 5182 24
1763 5127 2017 5182 immen-

366 5213 537 5269 sitate
565 5211 889 5270 divinitatis
921 5214 1051 5270 Filii
1081 5214 1204 5282 Dei,
1235 5214 1475 5271 tertium
1525 5215 1596 5270 de
1646 5221 2012 5273 sacramento

365 5301 681 5358 Dominicaa
712 5302 1024 5376 passionis.
1054 5303 1178 5358 Non
1211 5307 1409 5359 tamen
1441 5301 1607 5358 illum
1641 5308 1882 5360 sanctus
1905 5307 2012 5362 Ge-

359 5389 548 5448 lasius
596 5391 752 5448 inter
799 5392 1113 5464 scriptores
1173 5389 1600 5446 ecclesiasticos
1657 5395 2011 5463 numeravit,

363 5479 517 5542 sicut
545 5480 782 5536 beatum
805 5479 1294 5550 Prosperum,qui
1323 5480 1686 5552 temporibus
1724 5482 1874 5538 beati
1907 5484 2014 5540 Ge-

359 5568 494 5626 lasii
545 5587 707 5642 papa:
757 5567 1094 5640 supervixit.
1129 5567 1240 5624 Sed
1290 5573 1348 5625 et
1395 5569 1468 5625 ab
1511 5570 1692 5625 Adam
1725 5589 1910 5644 usque
1943 5573 2014 5628 ad

365 5657 585 5715 Justini
613 5655 860 5730 Augusti
892 5659 1158 5731 tempora
1193 5661 1250 5714 et
1297 5657 1522 5715 obitum
1554 5659 1799 5716 Joannis
1831 5677 2013 5734 papae,

2129 4685 2527 4760 apostolorum
2558 4685 2724 4740 Petro
2761 4683 2860 4741 25
2893 4684 3168 4740 Romana:
3199 4683 3468 4740 Ecclesia:
3496 4683 3782 4740 traditum

2127 4780 2236 4842 est,
2271 4791 2336 4830 ac
2367 4790 2524 4829 nunc
2553 4789 2742 4846 usque
2771 4772 3122 4844 custoditur,
3155 4772 3226 4828 ab
3257 4771 3534 4828 omnibus
3572 4771 3783 4830 debere

2127 4864 2364 4932 servari,
2397 4879 2504 4918 nee
2535 4861 2847 4936 superduei
2877 4864 2978 4918 aut
3009 4860 3300 4918 introduci
3345 4860 3588 4932 aliquid,
3622 4861 3783 4932 quod

2129 4957 2231 5010 aut
2260 4951 2668 5008 auctoritatem
2699 4968 2813 5007 non
2847 4950 3086 5017 habent,
3121 4954 3222 5006 aut
3252 4949 3489 5006 aliunde
3519 4949 3785 5022 accipere

2125 5041 2395 5097 videatur
2423 5039 2756 5113 exemplum
2787 5058 2800 5096 :
2836 5039 3162 5113 praesertim
3205 5055 3341 5096 cum
3373 5039 3452 5094 sit
3499 5037 3786 5094 manifes-

2126 5135 2277 5200 tum,
2309 5130 2370 5185 in
2418 5145 2651 5185 omnem
2703 5128 2952 5195 Italiam,
2989 5127 3227 5196 Gallias,
3262 5127 3598 5200 Hispanias,
3627 5127 3783 5182 Afri-

2123 5236 2272 5285 cam,
2307 5224 2482 5292 atque
2513 5217 2798 5286 Siciliam,
2829 5216 3174 5289 insulasque
3195 5215 3778 5288 interjacentes,nul-

2121 5307 2246 5364 lum
2279 5306 2607 5362 instituisse
2627 5305 2937 5372 Ecclesias,
2953 5305 3066 5360 nisi
3101 5321 3222 5373 eos,
3243 5321 3390 5378 quos
3423 5303 3778 5361 venerabilis

2123 5395 2425 5469 apostolus
2448 5395 2652 5450 Petrus
2683 5397 2784 5448 aut
2803 5394 2932 5464 ejus
2961 5410 3329 5449 successores
3361 5393 3780 5449 constituerint

2125 5485 2484 5551 sacerdotes;
2517 5487 2616 5538 aut
2636 5482 2834 5554 legant
2855 5482 2904 5538 si
2927 5483 2984 5538 in
3007 5482 3100 5538 his
3122 5482 3437 5556 provinciis
3459 5481 3611 5538 alius
3633 5497 3780 5555 apo-

2126 5571 2406 5629 stolorum
2440 5569 2732 5626 invenitur
2761 5573 2863 5626 aut
2891 5570 3108 5646 legitur
3136 5570 3425 5627 docuisse.
3451 5569 3558 5637 Qui
3579 5569 3628 5626 si
3663 5586 3782 5627 non

2126 5662 2346 5733 legunt,
2380 5658 2517 5732 quia
2551 5676 2844 5732 nusquam
2889 5659 3213 5730 inveniunt,
3248 5662 3474 5732 oportet
3521 5673 3621 5715 eos
3668 5658 3780 5715 hoc
