4042 6188
281 349 360 414 89
997 347 1100 408 DE
1141 345 1912 408 PRIEDESTINATIONE
1952 343 2473 410 DISSER'I‘ATIO
2513 347 2977 414 POSTERIOR.
3605 354 3688 420 90

282 481 451 556 sequi
481 481 640 556 quod
671 479 928 538 Ecclesia
972 480 1235 536 Romana
1281 479 1556 548 custodit,
1585 497 1621 536 a
1666 496 1784 552 qua
1831 495 1930 535 eos
1957 477 2016 546 Α
2043 482 2168 536 ctos
2197 496 2336 537 suos
2366 480 2930 540 incommutabiliter
2957 501 3062 557 per
3087 487 3402 560 gratuitam
3433 491 3684 564 gratiam

285 570 645 646 principium
677 569 970 642 accepisse
994 585 1112 625 non
1143 569 1390 626 dubium
1424 574 1540 625 est:
1576 585 1648 625 ne
1678 570 1818 625 dum
1837 585 1935 642 pe-

281 661 537 736 regrinis
568 659 994 716 assertionibus
1025 659 1470 732 student,caput
1499 658 1936 716 institutionum

281 750 598 807 videantur
626 747 914 806 amittere.
946 770 976 800 »

948 855 1182 911 CAPUT
1217 855 1288 910 V.

285 947 358 1002 De
387 942 800 1018 consuetudine
821 942 1128 1018 Gothescali
1163 952 1215 1000 et
1241 945 1590 1018 cg-mplicium
1617 945 1754 1018 ejus,
1797 953 1849 1003 et
1875 945 1941 1002 de

355 1017 520 1144 libris
547 1031 738 1072 eorum
764 1015 832 1072 de
879 1017 1074 1088 quibus
1125 1015 1379 1089 quadam
1407 1016 1500 1072 hic
1543 1015 1792 1090 excerpta
1837 1033 1939 1089 po-

352 1105 472 1144 nun
499 1104 591 1143 ur.

355 1178 799 1234 Praemonemus
847 1175 1024 1232 etiam
1054 1175 1420 1234 Gothescalci
1462 1181 1522 1233 et
1563 1175 1939 1250 complicium

283 1260 1141 1336 ejusforeconsuetudinem,ut
1151 1263 1570 1322 catholicorum
1582 1265 1938 1335 testimonia,

285 1353 549 1427 praelatis
579 1353 887 1409 doctorum
917 1356 1093 1425 atque
1124 1351 1410 1409 librorum
1449 1354 1812 1422 nominibus,
1845 1372 1940 1410 ex-

285 1446 488 1516 cerpta
517 1443 888 1509 detruncent,
923 1446 982 1497 et
1011 1442 1082 1498 ad
1107 1459 1247 1498 suos
1278 1459 1510 1510 sensus,
1530 1442 1683 1500 sicut
1708 1447 1765 1500 et
1795 1444 1943 1500 Scri-

286 1536 604 1604 pturarum
651 1531 996 1597 sententias,
1045 1530 1340 1589 inﬂectere
1381 1536 1609 1598 curent,
1648 1537 1941 1605 quatenus

287 1620 630 1678 auditorum
662 1619 776 1675 sibi
803 1636 1035 1688 sensus,
1066 1620 1116 1676 si
1149 1620 1348 1677 minus
1376 1621 1533 1677 cauti
1557 1622 1792 1689 fuerint,
1812 1639 1943 1678 con-

287 1709 486 1765 ciliare
518 1708 892 1781 praevaleant.
932 1708 1094 1765 Unde
1144 1709 1395 1782 quisque
1443 1709 1677 1767 illorum
1725 1711 1944 1784 scripta

289 1795 559 1870 relegens
589 1801 952 1853 memoratur
979 1799 1136 1870 quod
1167 1797 1384 1856 dicitur
1417 1816 1430 1855 :

350 1903 620 1970 Frigidus,
652 1918 685 1954 ο
709 1903 882 1968 pueri,
913 1904 1080 1969 fugite
1108 1905 1252 1968 hinc,
1282 1906 1411 1958 latet
1439 1907 1631 1972 anguis
1658 1907 1716 1958 in
1760 1907 1942 1958 herba.

291 2003 362 2059 Et
641 2074 809 2138 Carpe
839 2073 1072 2136 botrum,
1104 2087 1231 2126 cave
1262 2075 1490 2140 spinam.

289 2175 419 2240 Qua
447 2173 522 2229 de
545 2189 609 2230 re
631 2174 958 2230 secundum
971 2174 1313 2247 Apostolum
1329 2175 1529 2231 omnia
1548 2176 1863 2248 probantes
1892 2180 1950 2233 et

292 2279 418 2336 qua:
449 2263 614 2318 bona
641 2267 784 2319 sunt
811 2262 1131 2319 retinentes
1163 2265 1211 2336 (Ι
1245 2264 1422 2321 Thess.
1449 2282 1506 2331 ν,
1529 2267 1642 2333 21),
1675 2261 1803 2338 quae
1834 2265 1948 2338 ipsi

291 2353 824 2424 dixerint,qua2que
854 2355 1161 2408 auctorum
1192 2353 1474 2425 exemplis
1494 2355 1841 2410 conﬁrmare
1863 2371 1952 2409 vo-

293 2441 516 2499 luerint
542 2442 1013 2508 conferentes,ea
1042 2460 1169 2515 quae
1202 2442 1286 2497 illi
1317 2443 1663 2498 detruncata
1685 2443 1772 2499 vel
1795 2461 1958 2499 com-

293 2531 565 2605 pilataad
591 2548 763 2587 suam
776 2532 1238 2588 confirmandam
1259 2532 1605 2588 sententiam
1625 2533 1948 2606 proferunt,

293 2622 352 2676 in
384 2620 563 2676 libris
589 2625 918 2689 auctorum,
947 2621 1016 2677 de
1037 2620 1254 2694 quibus
1271 2622 1675 2679 testimonium
1705 2624 1948 2692 donant,

291 2711 539 2766 videant
570 2711 621 2766 si
657 2726 890 2767 meraca
916 2709 1158 2767 veritate
1179 2715 1319 2766 sunt
1346 2717 1614 2784 excerpta
1630 2729 1757 2784 qua:
1770 2713 1954 2785 profe-

296 2803 536 2867 runt;ut
567 2816 642 2856 ne
672 2799 767 2854 his
795 2799 1028 2855 incaute
1058 2801 1360 2856 credentes
1381 2817 1509 2873 qua;
1539 2799 1764 2874 prolata
1792 2806 1950 2871 sunt,

297 2905 403 2962 per
427 2889 564 2945 vias
579 2905 710 2962 quae
732 2889 897 2944 honre
913 2889 1152 2960 quidem
1178 2889 1452 2945 videntur
1479 2891 1734 2958 esse,sed
1752 2907 1954 2950 earum

307 2978 440 3034 linis
469 2979 548 3033 ad
581 2977 884 3033 interitum
917 2977 1098 3046 ducit,
1130 2977 1191 3033 in
1221 2977 1588 3035 infidelitatis
1618 2979 1956 3052 voraginem

276 3067 854 3140 -demergantur:sed
887 3065 1105 3122 faciant
1133 3067 1284 3122 sicut
1301 3072 1653 3140 praeceptum
1685 3073 1794 3125 est:
1813 3069 1958 3126 State

299 3173 467 3230 super
497 3159 641 3223 τοίω,
669 3163 722 3213 et
749 3157 1076 3228 interrogate
1103 3172 1230 3230 qua:
1255 3159 1330 3214 sit
1349 3159 1441 3214 via
1483 3159 1645 3224 bona,
1675 3165 1728 3215 et
1753 3159 1954 3214 ambu-

303 3221 408 3302 late
454 3247 520 3300 in
571 3221 662 3302 via
700 3247 837 3318 (Jer.
863 3221 1088 3316 v1,v16).
1111 3221 1223 3301 .llis
1269 3246 1353 3302 ita
1396 3221 1740 3319 przemissis,
1771 3265 1952 3320 pona-
1983 3221 2026 3289 α

305 3352 438 3391 mus
485 3352 620 3408 quas
661 3334 1099 3404 Gothescalcus,
1135 3334 1380 3408 signifer
1416 3339 1474 3392 et
1502 3335 1750 3408 praevius
1778 3340 1957 3409 atque

303 3425 482 3497 hujus
513 3441 709 3497 pravae
758 3424 1036 3480 doctrinae
1083 3425 1403 3480 modernus
1454 3425 1852 3496 resuscitator,
1884 3427 1955 3482 de

305 3515 494 3586 primo
525 3511 972 3586 capitulo,unde
999 3518 1267 3569 versatur
1295 3513 1625 3585 quaestiojn
1656 3513 1807 3570 libro
1837 3533 1955 3571 suae

301 3603 504 3658 virosa:
517 3601 1420 3674 conscriptionisarchiepiscopo
1438 3603 1677 3658 Rabano
1695 3608 1956 3675 porrecto

303 3691 526 3746 scribat
553 3689 762 3746 dicens
797 3707 811 3744 :
847 3713 875 3740 «
907 3691 1195 3759 Tandem,
1228 3691 1440 3763 inquit,
1476 3688 1587 3764 legi
1613 3691 1962 3761 librum,ve-

302 3780 566 3835 nerande
614 3779 898 3851 pontifex,
939 3783 1133 3855 tuum,
1165 3777 1224 3834 in
1275 3795 1392 3851 quo
1437 3779 1696 3852 positum
1747 3780 1955 3854 reperi,

299 3869 460 3942 quod
501 3867 675 3941 impii
702 3883 937 3940 quoque
968 3866 1087 3922 sive
1120 3868 1350 3940 reprobi
1385 3885 1498 3923 non
1529 3869 1649 3924 sint
1677 3869 1959 3926 divinitus

301 3959 372 4014 ad
401 3956 854 4014 damnationem
883 3955 1338 4028 praedestinati.»
1369 3957 1440 4012 Et
1468 3962 1602 4030 post
1617 3957 1954 4032 aliquanta:

303 4068 332 4096 κ
364 4045 688 4113 Prescivit,
712 4045 981 4116 inquam,
1005 4043 1139 4100 illos
1167 4045 1495 4117 pessimum
1523 4046 1830 4104 habituros
1861 4065 1959 4104 or-

302 4139 452 4202 tum,
475 4134 746 4207 pejorem
775 4132 1000 4190 obitum
1028 4149 1041 4188 :
1065 4133 1502 4206 praedestinavit
1530 4139 1726 4191 autem
1758 4153 1856 4192 eos
1885 4139 1958 4194 ad

302 4225 594 4281 luendum
621 4239 878 4296 perenne
907 4227 1266 4278 tormentum
1297 4227 1356 4280 et
1374 4223 1798 4296 sempiternum
1819 4227 1963 4283 inte-

302 4315 509 4370 ritum.
541 4336 572 4363 η
608 4313 680 4369 Et
709 4313 924 4368 iterum
958 4315 1091 4385 post
1121 4312 1424 4384 aliquanta
1457 4330 1470 4369 :
1503 4335 1532 4364 «
1561 4315 1707 4380 Quia
1737 4331 1798 4370 re
1827 4333 1963 4372 vera

301 4406 460 4461 sicut
487 4402 710 4460 electos
737 4419 942 4458 omnes
973 4401 1405 4474 praedestinavit
1424 4402 1496 4458 ad
1513 4401 1694 4458 vitam
1712 4419 1816 4476 per
1831 4421 1961 4477 gra-

299 4493 524 4549 tuitum
558 4490 746 4547 solius
777 4491 977 4564 gratiae
1007 4508 1126 4548 sua:
1157 4491 1532 4558 beneﬁcium,
1557 4493 1658 4549 20
1687 4495 1966 4564 quemad-

1971 1850 2022 1916 B

2047 587 2216 625 suam
2248 571 2680 642 praedestinavit
2727 573 2799 628 ad
2849 571 3028 629 vitam
3077 579 3372 646 aeternam,
3413 580 3688 638 similiter

2047 657 2286 714 omnino
2315 677 2520 716 omnes
2551 659 2849 732 reprobos,
2869 660 2970 734 qui
3001 661 3061 716 in
3093 661 3184 718 die
3206 665 3415 736 judicii
3441 670 3684 727 damna-

2048 748 2272 804 buntur
2298 753 2534 822 propter
2563 749 2827 823 ipsorum
2857 750 3014 808 mala
3042 752 3432 822 merita,idem
3457 756 3581 829 ipse
3597 759 3686 815 in-

2049 837 2487 896 commutabilis
2507 844 2657 896 Deus
2687 857 2790 912 per
2811 841 3044 912 justum
3069 841 3362 914 judicium
3392 861 3568 902 suum
3599 848 3687 904 in-

2045 927 2543 985 commutabiliter
2579 930 3017 1002 praedestinavit
3063 932 3136 988 ad
3185 937 3436 990 mortem
3485 935 3691 993 merito

2047 1015 2486 1089 sempiternam.
2522 1039 2550 1068 »
2585 1019 2656 1074 Et
2693 1019 2884 1076 donus
2925 1021 3276 1079 Prudentius
3321 1023 3382 1080 in
3422 1024 3690 1098 epistola,

2049 1122 2227 1178 quam
2243 1105 2412 1162 nobis
2423 1107 2715 1164 veneratio
2728 1113 2919 1166 vestra
2931 1111 3223 1168 deferente
3252 1127 3383 1168 eam
3405 1113 3572 1170 vobis
3593 1131 3690 1171 ve-

2049 1195 2294 1252 nerabili
2308 1197 2487 1253 IEnea
2501 1197 2855 1254 Parisiorum
2868 1200 3141 1273 episcopo
3159 1201 3423 1272 tradidit,
3439 1205 3611 1276 cujus
3629 1203 3692 1262 in

2047 1283 2305 1356 praefatis
2331 1283 2499 1341 libris
2530 1287 2874 1344 memoriam
2907 1288 3476 1364 fecimus,quamque
3506 1292 3696 1350 Weni—

2047 1372 2166 1428 loni
2200 1389 2307 1429 suo
2337 1373 2793 1448 archiepiscopo,
2834 1381 2891 1432 et
2934 1379 3160 1436 czeteris
3207 1380 3588 1454 coepiscopis,
3620 1383 3692 1438 ad

2051 1460 2479 1518 ordinationem
2511 1463 2774 1534 ejusdem
2803 1465 2992 1521 Encas
3032 1467 3382 1526 Prudentius
3431 1469 3558 1542 ipse
3607 1470 3694 1526 di-

2051 1549 2217 1618 rexit,
2243 1553 2306 1606 ut
2337 1551 2387 1606 si
2419 1567 2589 1608 secus
2615 1553 2976 1610 ordinandus
3006 1555 3270 1628 sentiret,
3293 1557 3354 1613 in
3383 1556 3574 1630 ipsius
3603 1575 3696 1616 or-

2049 1638 2349 1696 dinatione
2395 1639 2521 1712 ipse
2565 1640 2904 1698 nullatenus
2947 1644 3278 1701 consentire
3326 1647 3584 1717 deberet,
3614 1647 3698 1705 ita

2051 1727 2222 1784 dicit:
2263 1750 2291 1779 «
2321 1729 2686 1796 Secundo,ut
2715 1730 2817 1786 Dei
2849 1731 3268 1804 omnipotentis
3288 1721 3580 1792 altissimo
3601 1754 3698 1793 se-

2053 1820 2325 1890 cretoque
2353 1817 2596 1875 consilio
2632 1820 2832 1876 credat
2883 1825 3060 1893 atque
3106 1823 3377 1890 fateatur,
3410 1825 3697 1896 quosdam

2055 1905 2157 1962 Dei
2187 1906 2442 1980 gratuita
2471 1906 2871 1964 misericordia
2894 1913 3029 1964 ante
3053 1911 3254 1967 omnia
3300 1913 3516 1970 saecula
3559 1930 3702 1987 pm-

2055 1995 2378 2052 destinatos
2401 1997 2472 2052 ad
2489 1996 2986 2069 vitam,quosdam
3007 1998 3502 2072 imperscrutabili
3525 2002 3703 2074 justi-

2055 2085 2139 2141 tia
2169 2083 2612 2158 praedestinatos
2643 2086 2717 2142 ad
2749 2102 2982 2159 poenam
3009 2105 3022 2143 :
3055 2092 3122 2143 ut
3167 2089 3226 2144 id
3264 2089 3552 2161 videlicet,
3581 2091 3702 2150 sive

2055 2173 2117 2228 in
2165 2173 2480 2242 salvandis,
2513 2175 2632 2231 sive
2679 2174 2737 2230 in
2789 2175 3142 2234 damnandis
3180 2178 3700 2253 przedestinaverit,

2057 2263 2214 2334 quod
2246 2279 2308 2318 se
2331 2263 2662 2336 praascierat
2673 2263 2995 2336 judicando
3011 2283 3140 2323 esse
3152 2266 3702 2339 facturum,diéente

2057 2351 2379 2424 propheta:
2417 2353 2524 2420 Qui
2567 2355 2715 2425 fecit,
2763 2370 2889 2427 qum
2928 2357 3120 2427 futura
3163 2365 3310 2414 sunt.
3347 2360 3703 2418 Ratramnus

2059 2440 2445 2497 nihilominus
2477 2442 2816 2498 monasterii
2837 2444 3086 2500 Corbeize
3119 2446 3444 2504 monachus
3473 2447 3703 2506 libellos

2059 2530 2383 2602 duos,quos
2401 2530 2569 2586 nobis
2586 2532 3006 2589 examinandos
3017 2534 3282 2603 dedistis,
3297 2555 3366 2593 ea
3381 2537 3704 2596 intentione

2060 2618 2390 2676 elaboratos
2447 2621 2720 2692 porrexit,
2774 2627 2841 2678 ut
2887 2624 3163 2680 ostendat
3209 2631 3500 2698 quatenus
3551 2629 3706 2686 sicut

2061 2707 2227 2764 electi
2259 2726 2293 2763 a
2323 2709 2438 2764 Deo
2466 2709 2958 2781 praedestinantur
2985 2714 3056 2768 ad
3089 2713 3378 2786 vitam,ita
3397 2719 3455 2773 et
3473 2717 3704 2790 reprobi

2063 2816 2096 2854 a
2125 2798 2240 2854 Deo
2271 2797 2760 2871 prmdestinentur
2787 2801 2860 2857 ad
2891 2807 3160 2858 mortem.
3195 2804 3448 2879 Indeque
3478 2811 3710 2880 praeter-

2061 2887 2262 2943 missis
2294 2887 2443 2956 aliis,
2477 2905 2727 2961 quorum
2768 2889 3008 2947 nomina
3035 2891 3130 2948 hic
3159 2905 3276 2950 no‘n
3307 2897 3705 2953 necessarium

2064 2976 2292 3031 recitari
2319 2977 2674 3048 putavimus,
2708 2978 2986 3050 quoniam
3025 2978 3085 3034 in
3132 2997 3312 3038 unam
3351 2989 3709 3042 concurrunt

2065 3064 2434 3132 sententiam,
2468 3069 2527 3120 et
2554 3066 2611 3120 in
2644 3065 2902 3139 praefatis
2931 3067 3120 3124 tribus
3152 3068 3319 3126 libris
3349 3071 3478 3143 jam
3507 3077 3574 3128 ut
3606 3089 3706 3146 po-

2064 3153 2288 3208 tuimus
2312 3171 2380 3209 ex
2401 3153 2820 3211 catholicorum
2837 3156 3181 3214 auctoritate
3196 3160 3708 3232 respondimus,a'd

2066 3241 2322 3315 capitula
2346 3243 2802 3316 veniamus,quae
2817 3246 3460 3320 secundo,utlegiturin
3477 3249 3602 3323 lege
3621 3267 3712 3307 ve-

2065 3331 2172 3387 teri
2203 3331 2726 3420 (Jos.v,4),petrinis
2757 3333 3012 3406 cultellis
3041 3335 3515 3420 circumcidenda
3538 3355 3711 3396 aves.

2065 3418 2430 3492 trajussione
2442 3421 2832 3494 suscepimus,
2856 3440 3226 3498 quorumque
3237 3427 3410 3482 noxia
3431 3418 3608 3501 atque
3620 3445 3713 3485 su-

2066 3509 2291 3582 pertlua
2309 3510 2579 3566 acumine
2593 3511 3013 3568 catholicorum
3029 3519 3334 3586 amputare
3347 3516 3707 3574 curabimus.

2709 3619 2939 3676 CAPUT
2977 3619 3072 3676 VI.

2065 3706 2374 3784 Exordium
2397 3707 2765 3784 capitulorum
2787 3707 2853 3764 de
2881 3710 3078 3784 quibus
3106 3711 3308 3784 agitur,
3341 3711 3486 3767 unde
3510 3727 3741 3784 compo-.

2323 3780 2458 3834 sitor
2485 3795 2676 3834 eorum
2701 3781 2800 3836 illa
2829 3782 3130 3852 compilare
3146 3780 3446 3838 studuerit.

2138 3868 2316 3922 Aiunt
2344 3867 2522 3934 enim,
2539 3868 2859 3940 prtemissis
2879 3870 3454 3927 commendationum
3468 3887 3710 3928 suarum

2069 3956 2306 4023 fabulis,
2339 3956 2397 4010 in
2431 3957 2688 4013 secundo
2719 3957 3015 4031 capitulo:
3055 3980 3084 4010 «
3117 3964 3298 4016 Deum
3347 3961 3618 4033 praescire
3654 3965 3714 4018 et

2068 4045 2370 4118 proascissc
2387 4045 2736 4102 aeternaliter
2750 4051 2806 4102 et
2822 4047 2976 4103 bona
2995 4047 3090 4105 27
3119 4065 3246 4120 quae
3269 4047 3406 4104 boni
3419 4049 3712 4105 erantfac-

2068 4135 2208 4204 turi,
2224 4139 2280 4190 et
2299 4134 2457 4190 mala
2477 4151 2604 4207 quae
2627 4133 2767 4190 mali
2789 4140 2929 4192 sunt
2945 4135 3541 4209 gesturi,quiavocem
3555 4138 3714 4195 Scri-

2069 4229 2253 4296 pturze
2285 4223 2530 4279 dicentis
2559 4224 2870 4291 habemus,
2890 4226 3029 4280 Deus
3057 4233 3279 4294 aeterne,
3307 4229 3404 4298 qui
3429 4227 3712 4284 abscondi-

2069 4321 2250 4370 torum
2294 4329 2350 4368 es
2407 4315 2668 4385 cognitor,
2701 4315 2800 4386 qui
2842 4316 2986 4370 nosti
3030 4316 3215 4370 omnia
3259 4322 3552 4386 antequam
3579 4317 3717 4386 ﬁant

2071 4403 2230 4475 (Dan.
2262 4419 2384 4469 xm,
2428 4401 2501 4473 4),
2553 4399 2802 4458 ﬁdeliter
2843 4406 3112 4456 tenemus
3159 4405 3218 4456 et
3259 4400 3450 4473 placet
3493 4405 3712 4472 tenere,

2071 4493 2255 4548 bonos
2276 4491 2578 4564 praescisse
2601 4490 2840 4546 omnino
2853 4507 2956 4562 per
2973 4489 3222 4564 gratiam
3245 4507 3415 4546 suam
3437 4491 3622 4548 bonos
3634 4490 3718 4550 fu-

301 4582 552 4637 modum
580 4579 810 4636 Veteris
840 4583 899 4634 et
923 4579 1063 4634 Novi
1084 4579 1444 4636 Testamenti
1465 4580 1963 4653 paginemanifes-
1993 4593 2042 4658 D
2069 4584 2320 4648 turos,et
2348 4597 2451 4652 per
2479 4579 2746 4634 eamdem
2777 4579 3029 4652 gratiam
3075 4584 3290 4636 aeterna
3338 4580 3580 4653 praemia
3621 4598 3716 4638 ao-

299 4670 612 4726 tissimum
629 4671 893 4743 praebent
911 4668 1156 4725 solerter
1165 4685 1232 4725 ac
1243 4669 1436 4726 sobrie
1454 4671 1961 4730 considerantibus

297 4758 712 4824 indicium,sic
730 4759 972 4815 omnino
992 4762 1050 4814 et
1068 4759 1344 4831 reprobos
1364 4775 1630 4833 quosque
1651 4761 1722 4816 ad
1739 4765 1964 4819 interna;

297 4847 517 4903 mortis
549 4847 986 4920 praedestinavit
1013 4847 1392 4922 supplicium,
1426 4864 1530 4920 per
1558 4850 1963 4921 justissimum

295 4936 583 4993 videlicet
595 4935 1100 4994 incommutabilis
1112 4937 1360 5010 justitiaa
1374 4955 1491 4994 suae
1497 4939 1521 5010 j
1532 4937 1792 4995 udicium
1803 4981 1815 4994 .
1837 4963 1864 4990 »
1879 4941 1967 4996 In-

296 5026 372 5083 de
394 5032 456 5084 et
477 5026 541 5082 in
563 5025 837 5083 chartula
857 5043 978 5082 suae
1002 5028 1381 5099 professionis
1396 5028 1467 5084 ad
1487 5029 1760 5084 eumdem
1775 5030 1964 5086 Raba-

294 5133 450 5173 num
463 5117 816 5190 episcOpum
831 5116 914 5171 ita
929 5115 1090 5172 dicit:
1107 5140 1133 5166 «
1159 5119 1278 5190 Ego
1294 5117 1710 5184 Gothescalcus
1724 5119 1896 5175 credo
1910 5123 1967 5175 et

291 5206 610 5270 conﬁteor,
645 5206 923 5278 proﬁteor
949 5209 1008 5260 et
1035 5206 1322 5262 testificor
1367 5222 1435 5262 ex
1479 5211 1593 5262 Deo
1641 5206 1829 5274 Patre,
1861 5223 1965 5280 per

293 5293 493 5352 Deum
523 5293 765 5361 Filium,
786 5293 849 5348 in
875 5294 992 5350 Deo
1023 5294 1244 5367 Spiritu
1275 5299 1497 5362 saneto,
1529 5299 1587 5350 et
1617 5296 1845 5351 affirmo
1877 5299 1963 5351 at-

293 5401 418 5458 que
451 5383 719 5458 approbo
750 5400 948 5440 coram
975 5383 1092 5440 Deo
1139 5388 1198 5440 et
1226 5383 1445 5440 sanctis
1493 5385 1645 5458 ejus,
1679 5384 1833 5456 quod
1865 5401 1962 5457 ge-

293 5474 468 5530 mina
497 5479 590 5530 est
621 5472 1212 5546 praedestinatio,sive
1243 5473 1560 5529 electorum
1584 5474 1655 5528 ad
1679 5474 1962 5545 requiem,

290 5563 424 5620 sive
451 5563 844 5634 reproborum
877 5562 948 5617 ad
979 5565 1227 5617 mortem
1261 5578 1276 5617 :
1320 5561 1459 5634 quia
1490 5561 1644 5618 sicut
1689 5561 1844 5618 Deus
1875 5563 1964 5617 in-

292 5649 756 5709 commutabilis
767 5653 902 5707 ante
913 5650 1613 5708 mundiconstitutionem
1632 5667 1837 5708 omnes
1858 5650 1968 5708 ele-

2071 4675 2340 4742 ccpturos
2367 4685 2381 4723 :
2416 4667 2602 4724 malos
2633 4669 2935 4740 praescisse
2966 4686 3070 4742 per
3098 4669 3394 4742 propriam
3430 4671 3718 4728 malitiam

2073 4757 2260 4814 malos
2290 4759 2606 4825 futuros,et
2635 4774 2739 4830 per
2767 4775 2936 4814 suam
2956 4759 3251 4831 justitiam
3273 4759 3722 4818 aeternaultione

2074 4847 2468 4902 damnandos:
2493 4851 2557 4902 ut
2569 4848 2893 4903 secundum
2910 4847 3306 4918 Psalmistam,
3321 4851 3474 4923 Quia
3494 4855 3721 4923 potestas

2071 4937 2170 4992 Dei
2187 4943 2269 4992 est
2294 4944 2345 4992 et
2370 4937 2592 4992 Domini
2631 4936 3012 4992 misericordia
3041 4938 3214 5006 (Psal.
3250 4953 3362 5004 in,
3386 4938 3497 5010 12),
3518 4939 3724 4994 reddat

2073 5027 2372 5098 unicuique
2399 5024 2700 5081 secundum
2727 5042 2888 5098 opera
2918 5042 3019 5081 sua
3050 5026 3224 5099 (Rom.
3258 5043 3320 5091 ιι,
3351 5027 3407 5098 6)
3432 5047 3447 5094 ς
3483 5029 3542 5081 et
3571 5026 3725 5081 sicut

2075 5114 2394 5188 apostolica
2423 5113 2688 5172 doctrina
2717 5131 2780 5170 se
2809 5114 2988 5170 habet
3011 5131 3024 5170 :
3047 5115 3144 5171 His
3175 5115 3518 5188 quidem,qui
3535 5129 3726 5168 secun-

2022 5244 2026 5248 ι
2069 5205 2202 5260 dum
2225 5206 2552 5277 patientiam
2583 5204 2711 5260 boni
2757 5206 2954 5276 operis,
2987 5205 3225 5276 gloriam
3269 5212 3323 5260 et
3371 5203 3630 5258 honorem
3672 5209 3726 5259 et

2073 5295 2537 5366 incorruptionem
2567 5299 2843 5366 qmerunt,
2877 5295 3045 5349 vitam
3071 5301 3338 5351 mter-nam
3367 5309 3387 5344 :
3417 5290 3506 5346 his
3542 5298 3725 5348 autem

2073 5385 2171 5456 qui
2195 5390 2325 5439 sunt
2350 5399 2419 5438 ex
2445 5384 2804 5452 contentione,
2833 5390 2886 5438 ct
2912 5385 3007 5454 qui
3041 5399 3152 5437 non
3199 5381 3548 5452 acquiescant
3573 5381 3724 5437 veri-

2073 5473 2190 5540 tati,
2224 5471 2452 5528 credunt
2473 5479 2654 5527 autem
2685 5472 2986 5543 iniquitati,
3017 5472 3104 5526 ira
3145 5475 3196 5524 et
3242 5468 3567 5540 indignatio.
3607 5471 3722 5526 Tri-

2076 5562 2280 5618 bulatio
2308 5569 2361 5618 et
2386 5563 2640 5633 angustia
2689 5562 2746 5616 in
2795 5575 3010 5616 omnem
3059 5558 3306 5612 animam
3336 5556 3576 5614 hominis
3605 5574 3722 5630 ope-

2077 5653 2255 5708 rantis
2302 5650 2514 5707 malum
2561 5649 2742 5719 (ibid.,
2787 5649 2852 5715 '8,
2884 5646 2959 5720 9).
2993 5646 3058 5704 In
3104 5646 3310 5705 eodem
3359 5663 3536 5706 sensu
3566 5647 3722 5706 idem
