4042 6188
329 317 400 382 91
1261 314 1640 380 HINCMARI
1683 315 2126 379 RHENENSIS
2170 315 2322 377 ABG
2333 315 2792 378 HIEPISCOPI.
3654 316 3734 380 92

329 449 465 510 alibi
501 466 514 505 :
543 449 607 506 In
636 446 980 518 reuelatione,
1015 445 1225 522 inquit,
1259 449 1478 505 Domini
1523 451 1700 505 nostri
1745 447 1813 505 de
1839 449 1967 506 caelo
1995 447 2050 514 Α
2078 445 2629 522 tionemimpiorum
2651 449 2724 506 ad
2748 450 3099 506 mortem:et
3119 446 3736 524 quomodohocpossit

325 558 450 598 cum
476 538 688 610 angelis
717 539 936 594 virtutis
965 540 1102 612 ejus,
1123 541 1183 594 in
1209 540 1434 610 ﬂamma
1463 541 1606 610 ignis
1636 539 1817 594 dantis
1847 540 1976 594 vin-
2085 541 2402 610 utrumque
2435 538 2580 605 ﬁeri,
2612 537 2807 594 videre
2836 555 2954 607 non.
2985 535 3552 610 possumus,scilicet
3583 543 3648 594 ut
3678 543 3738 597 et

323 630 526 686 dictam
552 629 638 684 his
669 630 768 700 qui
795 645 906 684 non
934 635 1203 684 noverunt
1233 628 1420 694 Deum,
1451 635 1503 684 et
1553 631 1649 701 qui
1694 644 1806 684 non
1847 629 1974 684 obe-

323 719 489 775 diunt
513 717 807 790 Evangelia
835 717 934 772 Dei
960 719 1156 783 nostri,
1191 719 1289 788 qui
1315 733 1500 788 pwnas
1545 717 1755 773 dabunt
1796 719 1855 772 in
1887 720 1974 773 in-

325 811 496 867 teritu
525 815 760 866 aeternas
791 823 916 862 eum
944 808 1152 862 venerit
1179 807 1480 878 gloriﬁcari
1508 809 1567 861 in
1603 809 1806 863 sanctis
1835 809 1972 874 suis,

323 906 376 956 et
413 897 764 954 admirabilis
810 897 934 967 ﬁeri
981 897 1043 951 in
1089 895 1341 951 omnibus
1389 897 1485 968 qui
1531 895 1879 952 crediderunt
1905 895 1976 963 (ll

330 987 724 1058 Thess.1,7-1O).
747 986 862 1041 Nec
875 1001 1116 1057 prorsus
1134 983 1235 1038 ulli
1255 983 1407 1040 malo
1421 983 1848 1056 praescientiam
1873 983 1972 1040 Dei

323 1075 677 1150 imposuisse
693 1073 1365 1141 necessitatem,utaliud
1379 1090 1507 1129 esse
1519 1091 1636 1129 non
1649 1074 1974 1144 posset:sed

323 1167 481 1240 quod
505 1165 604 1222 ille
633 1165 866 1221 futurus
896 1167 1022 1219 erat
1049 1181 1116 1219 ex
1129 1163 1367 1236 propria
1384 1162 1978 1232 voluntate,illesicut

323 1255 498 1323 Deus,
535 1254 635 1328 qui
668 1252 829 1309 novit
858 1251 1056 1308 omnia
1085 1256 1404 1324 antequam
1437 1252 1600 1323 ﬁant,
1633 1251 1888 1324 praesciit
1907 1268 1976 1308 ex

323 1361 434 1401 sua
461 1341 892 1415 omnipotentia
921 1345 978 1396 et
1009 1340 1484 1402 incommutabili
1519 1341 1975 1412 majestateznec

323 1449 391 1490 ex
421 1431 759 1506 prtejudicio
792 1432 922 1502 ejus
953 1429 1230 1502 aliquem,
1259 1431 1362 1487 sed
1393 1447 1461 1485 ex
1492 1429 1698 1486 merito
1729 1429 1973 1501 propriae

322 1521 654 1596 iniquitatis
683 1519 980 1577 credimus
1009 1517 1385 1576 condemnari
1411 1536 1423 1574 :
1458 1535 1566 1575 nec
1594 1519 1754 1590 ipsos
1785 1517 1974 1574 malos

319 1612 452 1670 ideo
482 1612 671 1685 perire
701 1610 842 1684 quia
861 1609 996 1665 boni
1029 1625 1158 1665 esse
1184 1625 1298 1664 non
1332 1612 1668 1680 potuerunt,
1703 1608 1806 1664 sed
1835 1607 1976 1680 quia

322 1699 458 1758 boni
487 1717 616 1757 esse
637 1699 970 1766 noluerunt,
993 1713 1218 1771 suoque
1246 1697 1388 1751 vitio
1419 1695 1477 1751 in
1508 1713 1706 1752 massa
1728 1697 1972 1752 damna-

322 1788 611 1858 tionis,vel
631 1788 839 1844 merito
869 1784 1253 1860 originali,vel
1271 1784 1446 1841 etiam
1474 1783 1689 1841 actuali
1709 1802 1974 1858 perman-
2002 1816 2052 1884 B

321 1883 546 1937 serunt.
559 1902 584 1927 ››
616 1878 734 1932 Hoc
762 1875 1268 1949 capitulum,sicut
1287 1875 1650 1931 conferentes
1667 1891 1735 1930 ex
1755 1874 1972 1948 scripto

323 1967 474 2026 Flori
504 1965 772 2022 Ecclesiae
804 1963 1214 2038 Lugdunensis
1246 1963 1520 2031 ministri,
1554 1964 1709 2036 quod
1739 1963 1879 2019 olim
1911 1962 1970 2018 in

321 2055 560 2115 Bcnoilo
591 2071 626 2111 a
653 2054 992 2111 venerandae
1022 2051 1316 2110 memoriae
1349 2052 1657 2110 Heriboldo
1696 2052 1969 2126 episcopo

317 2144 793 2205 Antisiodorense
821 2141 1180 2215 accepimus,
1209 2146 1544 2215 excerptum
1595 2159 1665 2198 ex
1713 2143 1971 2200 maxima

320 2239 485 2308 parte
506 2233 1222 2305 invenimuszquapropter
1241 2219 1542 2305 utcunque
1563 2249 1597 2287 a
1612 2230 1834 2288 ratione
1851 2248 1967 2286 non

319 2322 615 2380 invenitur
641 2321 874 2395 penitus
905 2320 1152 2376 alienus.
1171 2321 1250 2377 De
1283 2321 1648 2393 praescientia
1677 2321 1834 2376 enim
1866 2319 1968 2376 Dei

318 2409 617 2466 catholicae
649 2406 780 2464 ﬁdei
812 2409 1055 2463 adversa
1082 2425 1198 2463 non
1223 2406 1505 2480 loquitur.
1522 2409 1632 2464 Sed
1647 2408 1966 2480 praetermi-

317 2499 396 2556 sit
420 2496 684 2554 insulsus
713 2499 1032 2568 excerptor,
1066 2497 1220 2569 quod
1252 2496 1468 2552 ibidem
1499 2497 1798 2552 invenerat
1828 2497 1967 2553 dare

319 2585 652 2660 exemplum
667 2587 736 2642 de
752 2583 952 2642 electis
972 2585 1126 2641 dono
1153 2584 1349 2658 gratiae
1377 2585 1448 2640 ad
1469 2586 1644 2641 vitam
1665 2588 1964 2658 mternam,

315 2676 515 2733 volens
537 2676 805 2748 quaedam
823 2691 926 2747 per
945 2689 1115 2730 suam
1137 2673 1488 2747 sapientiam
1510 2675 1820 2730 addere.Et
1837 2674 1964 2731 ideo

317 2780 682 2840 quaecunque
697 2763 918 2818 invenit
936 2779 1004 2818 ex
1017 2761 1396 2819 retributione
1409 2761 1654 2834 justitiaa
1665 2763 1964 2819 reddenda

315 2852 515 2926 impiis
563 2867 898 2913 coacervare
947 2850 1214 2924 exempla
1259 2851 1504 2909 curavit.
1546 2850 1757 2908 Dicens
1803 2851 1960 2907 enim

315 2941 501 2998 bonos
532 2939 833 3014 praescisse
864 2939 1104 2996 omnino
1135 2956 1239 3012 per
1265 2939 1516 3012 gratiam
1559 2957 1727 2996 suam
1776 2940 1962 2997 bonos

313 3029 564 3097 futuros,
596 3033 655 3084 et
699 3045 802 3102 per
847 3029 1114 3084 eamdem
1165 3027 1416 3102 gratiam
1465 3032 1684 3085 aeterna
1721 3028 1962 3102 praemia

313 3121 678 3192 accepturos,
710 3116 895 3173 tacuit
922 3116 1170 3189 aequalia
1208 3117 1438 3184 merita,
1471 3121 1528 3174 et
1573 3117 1709 3174 doni
1758 3119 1957 3190 gratia;

2082 623 2140 680 in
2169 643 2376 682 massa
2405 625 2802 682 damnationis
2833 625 3019 682 relicti
3048 630 3450 698 permaneant,
3483 630 3542 682 et
3589 627 3729 684 item

2084 714 2262 770 iidem
2293 715 2688 787 praedestinati
2717 733 2751 771 a
2780 716 2894 772 Deo
2927 715 3115 788 ipsius
3132 715 3642 788 praedestinatione
3663 717 3738 775 ad

2084 809 2331 862 mortem
2361 805 2596 861 vadant.
2630 805 2690 861 Si
2716 805 2874 861 enim
2907 805 2989 861 ita
3033 809 3399 861 constantem
3445 806 3742 878 posuisset

2084 891 2619 961 sententiam,sicut
2650 893 2857 950 Florus
2877 911 3006 952 eam
3027 893 3088 949 in
3108 909 3379 950 sermone
3395 910 3501 950 suo
3518 895 3736 966 posuit,

2087 982 2240 1038 unde
2271 981 2422 1038 hanc
2454 982 2565 1038 iste
2593 981 3106 1055 compilavit,bene
3130 999 3258 1038 eam
3291 981 3542 1055 quisque
3563 981 3738 1038 intel-

2083 1069 2453 1144 ligeret,quia
2486 1076 2641 1129 recte
2672 1071 3096 1128 constaret.Ait
3125 1071 3382 1142 enim,ut
3403 1071 3737 1128 audivimus

2081 1163 2140 1216 et
2169 1164 2432 1233 apparet,
2446 1160 2632 1217 isdem
2649 1160 2738 1216 vir
2753 1161 2962 1216 doctus
2983 1177 3128 1234 pene
3153 1159 3212 1215 in
3226 1159 3514 1234 principio
3527 1159 3733 1233 scripti

2083 1249 2206 1305 sui:
2235 1271 2262 1300 «
2286 1249 2580 1306 Praescivit
2607 1267 2744 1324 ergo
2777 1249 2902 1306 sine
2931 1249 3110 1306 dubio
3145 1255 3313 1318 Deus,
3337 1251 3396 1304 et
3425 1249 3580 1305 bona
3608 1265 3736 1322 quae

2085 1337 2224 1394 boni
2255 1343 2426 1394 erant
2456 1338 2751 1406 facturi,et
2783 1339 2937 1394 mala
2967 1356 3095 1411 quae
3126 1337 3266 1394 mali
3298 1341 3464 1394 erant
3481 1337 3735 1411 gesturi:

2083 1429 2184 1484 sed
2219 1428 2279 1484 in
2310 1428 2484 1486 bonis
2512 1429 2638 1503 ipse
2671 1429 2806 1486 fecit
2838 1445 2944 1486 sua
2974 1427 3163 1503 gratia
3191 1431 3255 1484 ut
3285 1427 3420 1484 boni
3453 1427 3738 1496 essent,in

2083 1517 2257 1574 malis
2285 1535 2418 1574 vero
2444 1535 2557 1574 non
2581 1518 2707 1592 ipse
2733 1518 2866 1574 fecit
2894 1522 2960 1574 ut
2989 1522 3188 1575 essent
3218 1515 3543 1590 mali,quod
3558 1516 3736 1586 absit,

2083 1607 2185 1662 sed
2217 1610 2448 1663 tantum
2472 1607 2763 1680 prmscivit
2789 1624 2888 1664 eos
2905 1604 3292 1680 propriovitio
3308 1604 3458 1662 tales
3479 1605 3733 1676 futuros,

2081 1695 2281 1768 Neque
2309 1696 2466 1752 enim
2499 1697 2869 1768 praescientia
2887 1695 2985 1753 Dei
3006 1693 3291 1768 imposuit
3311 1693 3396 1750 eis
3418 1693 3735 1751 necessita-

2083 1788 2200 1840 tem
2217 1788 2280 1840 ut
2291 1783 2449 1841 aliud
2463 1801 2591 1841 esse
2602 1802 2718 1841 non
2732 1789 2998 1858 possent:
3015 1785 3116 1841 sed
3131 1788 3363 1840 tantum
3378 1783 3534 1858 quod
3552 1782 3637 1840 illi
3652 1783 3740 1840 fu-

2081 1873 2198 1929 turi
2229 1878 2394 1930 erant
2422 1891 2490 1930 ex
2510 1873 2745 1946 propria
2763 1871 3174 1942 voluntate,illi
3204 1876 3270 1928 ut
3292 1873 3448 1930 Deus
3469 1871 3740 1946 praevidit

2080 1978 2149 2018 ex
2178 1979 2286 2018 sua
2313 1962 2696 2035 omnipotenti
2728 1963 3056 2036 majestate.
3086 1985 3114 2012 »
3145 1963 3216 2018 Et
3257 1965 3392 2034 post
3421 1959 3677 2034 plurima
3711 1979 3727 2017 :

2080 2073 2109 2101 ‹‹
2142 2052 2324 2108 Nemo
2355 2069 2422 2108 ex
2455 2051 2556 2108 Dei
2587 2051 2948 2125 przejudicio,
2983 2052 3084 2108 sed
3116 2067 3186 2107 ex
3227 2050 3435 2108 merito
3485 2050 3733 2124 propria:

2077 2137 2410 2212 iniquitatis
2461 2141 2906 2197 condemnatur.
2939 2163 2967 2191 »
2995 2141 3065 2196 Et
3115 2139 3331 2196 iterum
3379 2155 3559 2213 supra
3597 2143 3734 2196 ante

2079 2227 2266 2284 multa
2291 2245 2470 2301 quam
2501 2230 2574 2286 ad
2605 2229 2728 2286 haec
2757 2229 3124 2302 perveniaet:
3165 2249 3194 2278 «
3216 2229 3279 2285 In
3313 2227 3484 2285 malis
3511 2244 3645 2284 vero
3673 2231 3736 2284 et

2081 2316 2280 2389 impiis
2292 2335 2406 2374 non
2422 2317 2857 2390 praedestinavit
2877 2319 3248 2391 omnipotens
3269 2318 3424 2375 Deus
3441 2316 3732 2374 malitiam

2049 2411 2134 2462 .et
2163 2407 2616 2480 impietatem,id
2643 2413 2734 2464 est
2750 2412 2816 2464 ut
2843 2407 2984 2464 mali
3017 2407 3256 2480 etimpii
3273 2411 3555 2480 essent,et
3571 2405 3732 2463 aliud

2075 2512 2204 2552 esse
2232 2513 2348 2552 non
2377 2500 2636 2568 possent,
2671 2497 2772 2554 sed
2823 2514 2972 2569 quos
3023 2495 3316 2571 praescivit
3359 2499 3418 2552 et
3464 2493 3732 2568 praevidit

2074 2583 2263 2640 malos
2289 2588 2464 2658 atque
2494 2585 2709 2659 impios
2741 2587 2971 2643 futuros
3002 2584 3237 2659 proprio
3277 2585 3436 2654 vitio,
3469 2583 3728 2656 praedes-

2073 2672 2281 2729 tinavit
2311 2679 2588 2730 aiternam
2624 2675 3064 2732 damnationem
3084 2691 3202 2748 qua
3232 2673 3345 2748 ipsi
3375 2672 3734 2746 punirentur

2064 2763 2229 2834 justo
2253 2763 2623 2836 judicio,non
2649 2765 2788 2836 quia
2817 2763 2974 2820 aliud
3001 2780 3130 2820 esse
3146 2779 3263 2820 non
3281 2761 3726 2836 potuerunt,sed

2071 2850 2212 2922 quia
2240 2850 2398 2906 aliud
2433 2869 2562 2908 esse
2591 2851 2929 2908 noluerunt.
2961 2873 2990 2904 »
3025 2853 3209 2918 Quam
3258 2849 3606 2907 sententiam
3639 2847 3727 2904 sic

2069 2939 2272 2996 haberi
2303 2940 2364 2995 in
2394 2939 2598 2997 notula
2625 2941 2696 2996 ab
2729 2941 3040 2998 Heriboldo
3081 2944 3318 3013 accepta
3361 2937 3718 3013 relegimus:

2069 3029 2171 3084 sed
2202 3028 2262 3084 in
2284 3017 2590 3102 illa,quam
2609 3047 2677 3086 ex
2697 3028 2912 3086 scrinio
2929 3027 3412 3102 Ebonisepiscopi
3425 3025 3729 3085 Gratiano-

2069 3117 2317 3188 politani
2343 3135 2447 3190 per
2474 3119 2792 3190 quemdam
2815 3117 3345 3191 accepimus,aliter
3359 3121 3625 3174 constare
3638 3115 3728 3171 in-

314 3185 688 3282 praetermisit
715 3185 1007 3278 exempla:
1030 3204 1242 3277 Sicque
1285 3207 1638 3262 subsecutus
1669 3185 1956 3276 adjunxit,
1989 3185 2033 3252 Ο
2068 3185 2567 3279 venimus-ﬂuam
2600 3206 2870 3263 falsatum
2901 3185 3275 3280 nequaquam
3307 3205 3722 3273 discrodimus,

315 3295 502 3354 malos
525 3295 828 3370 praescisse
851 3311 954 3366 per
971 3293 1270 3370 propriam
1284 3294 1574 3350 malitiam
1594 3293 1780 3350 malos
1812 3294 1964 3348 futu-

311 3403 429 3455 ros,
462 3367 652 3458 et‘per
679 3401 847 3440 suam
871 3382 1168 3454 justitiam
1199 3367 1414 3438 aeterna
1442 3382 1662 3438 ultione
1683 3383 1964 3438 damnan-

311 3475 438 3531 dos.
472 3473 636 3530 Unde
666 3491 792 3544 quze
822 3471 1011 3528 alieno
1043 3471 1240 3526 labore
1261 3469 1526 3543 exempla
1545 3469 1958 3526 collectainve-

311 3563 418 3632 nit,
449 3561 781 3618 inordinata
813 3559 1015 3614 ordine
1037 3560 1253 3631 posuit.
1287 3558 1505 3618 Deinde
1535 3563 1846 3632 postquam
1880 3559 1962 3613 in-

311 3653 579 3708 ordinate
608 3648 803 3724 posuit
827 3649 983 3721 quod
1010 3648 1275 3703 ordinate
1315 3646 1556 3702 alterius
1586 3665 1684 3703 ore
1716 3647 1956 3721 accepit,

313 3757 418 3797 nec
443 3739 604 3812 ipsos
635 3737 822 3793 malos
850 3736 978 3792 ideo
1009 3737 1198 3808 perire
1230 3735 1369 3809 quia
1396 3735 1532 3792 boni
1562 3753 1690 3793 esse
1723 3755 1838 3792 non
1865 3754 1960 3810 po-

311 3831 572 3894 tuerunt,
605 3825 708 3881 sed
738 3823 878 3896 quia
904 3825 1041 3881 boni
1073 3840 1202 3880 esse
1231 3823 1798 3898 noluerunt,suoque
1822 3825 1958 3881 vitio

311 3916 373 3971 in
403 3931 602 3970 massa
621 3912 1014 3969 damnationis
1038 3912 1126 3968 vel
1150 3913 1358 3970 merito
1381 3913 1649 3986 originali
1672 3913 1758 3970 vel
1781 3915 1957 3970 etiam

311 4001 526 4059 actuali
556 4005 1028 4075 permanserunt,
1063 4001 1189 4058 sine
1237 4001 1359 4058 ulla
1404 4001 1848 4074 interpositione
1897 4003 1954 4059 in

310 4091 482 4147 tertio
511 4089 767 4164 capitulo
789 4089 1107 4146 subdiditzu
1129 4091 1240 4146 Sed
1271 4093 1328 4146 et
1349 4091 1420 4147 de
1448 4090 1959 4162 prmdestinationc

309 4179 411 4237 Dei
439 4179 539 4237 28
570 4178 876 4252 placuit,ct
891 4179 1140 4234 ﬁdeliter
1159 4177 1350 4250 placet
1361 4179 1533 4251 juxta
1549 4180 1956 4236 auctoritatem

310 4267 692 4343 apostolicam
722 4285 850 4341 quae
881 4267 1045 4336 dicit,
1076 4267 1157 4322 An
1187 4284 1298 4323 non
1317 4267 1476 4324 habet
1489 4275 1800 4340 potestatem
1816 4271 1956 4342 ﬁgu-

309 4359 396 4414 lus
427 4359 532 4414 luti
559 4374 630 4414 ex
655 4356 843 4414 eadem
870 4373 1053 4414 massa
1078 4358 1260 4428 facere
1286 4355 1443 4412 aliud
1461 4373 1556 4412 vas
1586 4358 1648 4412 in
1676 4357 1954 4426 honorem,

307 4445 466 4502 aliud
521 4462 646 4502 vero
688 4447 750 4501 in
795 4445 1181 4502 contumeliam
1239 4446 1412 4513 (Rom.
1463 4463 1540 4513 1x,
1589 4447 1698 4513 21;
1750 4447 1850 4502 ubi
1901 4451 1958 4503 et

2071 3311 2204 3350 cum
2234 3295 2294 3350 in
2327 3296 2420 3352 his
2441 3296 2672 3352 duobus
2693 3295 3184 3369 capitulis,ipsius
3202 3293 3458 3368 religiosi
3488 3299 3545 3352 et
3565 3293 3722 3351 docti

2068 3381 2173 3437 viri
2191 3400 2224 3438 a
2237 3383 2614 3455 compilatore
2630 3400 2833 3440 eorum
2850 3384 3137 3456 scriptum
3155 3383 3530 3440 commistum
3545 3386 3726 3454 atque

2070 3471 2209 3526 conf
2206 3488 2378 3527 usum
2393 3475 2449 3528 et
2471 3471 2882 3527 dotruncatum
2899 3471 3398 3544 reperiamuus.ln
3420 3469 3719 3526 Heriboldi

2070 3576 2324 3632 namque
2352 3559 2542 3616 rotula
2569 3559 2722 3616 sicut
2747 3561 3144 3633 praemisimus
3188 3560 3472 3632 scriptum
3514 3557 3720 3631 relegi-

2069 3664 2242 3704 mus:
2269 3652 2326 3704 et
2353 3648 2411 3702 in
2446 3649 2656 3718 rotula,
2691 3666 2869 3722 quam
2900 3649 3052 3705 sicut
3082 3649 3306 3705 dictum
3339 3653 3446 3714 est,
3481 3665 3548 3704 ex
3574 3645 3720 3704 scri-

2069 3736 2166 3793 nio
2195 3737 2412 3792 Ebonis
2443 3735 2775 3810 accepimus
2809 3753 2823 3792 :
2857 3737 2987 3810 Ipse
3033 3753 3133 3794 eos
3180 3735 3616 3810 praedestinavit
3643 3735 3720 3792 ad

2067 3829 2343 3888 (sternam
2401 3825 2852 3882 damnationem.
2891 3827 3055 3898 justo
3117 3825 3368 3897 judicio,
3429 3825 3720 3897 scriptum

2068 3913 2610 3986 invenimus,'quod
2642 3914 2754 3970 iste
2783 3914 2842 3970 in
2877 3915 2990 3970 {ine
3035 3914 3278 3988 capituli
3325 3913 3540 3987 posuit,
3575 3929 3717 3970 suo-

2067 4019 2181 4074 que
2212 4003 2350 4058 vitio
2382 4002 2441 4058 in
2474 4020 2671 4059 massa
2713 4003 3110 4061 damnationis
3155 4003 3242 4060 vel
3287 4002 3494 4060 merito
3543 4001 3720 4076 origi-

2067 4091 2184 4147 nali
2214 4092 2302 4148 vel
2334 4091 2510 4148 etiam
2541 4093 2757 4149 actuali
2806 4098 3276 4166 permanserunt.
3312 4115 3340 4142 »
3372 4093 3474 4150 29
3506 4090 3719 4147 Melius

2067 4181 2165 4238 ille
2195 4181 2410 4253 posuit,
2443 4181 2562 4237 imo
2593 4181 2691 4238 ille
2720 4182 2888 4251 bene,
2922 4181 3060 4256 quia
3094 4182 3204 4238 iste
3235 4180 3408 4238 male.
3431 4177 3720 4235 Videlicet

2065 4265 2962 4344 inquitFlorus,omnipotentem
2984 4269 3240 4327 Deumin
3263 4268 3436 4325 malis
3453 4267 3719 4341 ipsorum
3787 4316 3794 4320 .

2065 4359 2354 4415 malitiam
2384 4358 2688 4431 praescisse
2718 4358 2858 4432 quia
2883 4376 2953 4417 ex
2984 4359 3130 4432 ipsis
3159 4363 3390 4428 est,non
3422 4354 3721 4430 praedesti-

2065 4465 2238 4504 nasse
2267 4447 2408 4520 quia
2435 4463 2506 4502 ex
2524 4447 2625 4504 illo
2657 4465 2770 4504 non
2801 4452 2893 4504 est
2922 4465 2936 4503 :
2970 4463 3205 4521 pmnam
3234 4463 3368 4503 vero
3393 4444 3632 4502 illorum
3661 4447 3721 4500 et

309 4532 508 4590 statim
557 4533 912 4606 subjungit:
963 4533 1113 4602 Quod
1166 4534 1220 4588 si
1267 4533 1450 4590 volens
1498 4535 1636 4590 Deus
1683 4535 1959 4592 ostendere
1985 4555 2034 4621 D
2063 4534 2690 4608 prmscissequiaDeus
2711 4539 2818 4605 est,
2835 4540 2892 4592 et
2910 4532 3718 4621 prmdestinassequiajustus

311 4623 476 4688 iram,
506 4628 560 4677 et
600 4628 786 4678 notam
829 4623 1010 4693 facere
1053 4623 1352 4692 potentiam
1395 4637 1575 4688 suam,
1605 4623 1871 4678 sustinuit
1899 4625 1959 4678 in
2013 4620 2016 4621 ⁷
2066 4629 2174 4682 est.
2209 4627 2395 4690 Quam
2427 4623 2726 4680 sententiae
2753 4623 3102 4696 particulam
3134 4625 3246 4680 iste
3275 4620 3624 4694 compilator
3645 4621 3720 4676 de

309 4710 485 4766 multa
529 4709 805 4782 patientia
850 4725 982 4765 vasa
1029 4710 1134 4767 ira?
1177 4717 1362 4782 aptata
1413 4711 1529 4766 sive
1553 4717 1868 4783 praeparata
1895 4713 1958 4767 in
2062 4711 2482 4786 consequentia
2503 4713 2887 4784 prmeedentis
2909 4713 2980 4768 ad
3003 4713 3158 4769 istud
3177 4709 3485 4768 reservavit
3499 4707 3720 4780 capitu-

311 4800 614 4869 interitum,
646 4806 708 4855 ut
733 4797 1034 4856 ostenderet
1060 4797 1284 4856 divitias
1333 4801 1532 4870 gratiae
1557 4815 1679 4857 suae
1719 4801 1780 4856 in
1828 4817 1958 4856 vasa

306 4887 706 4946 misericordiae
736 4903 862 4961 quae
888 4890 1230 4961 praeparavit
1258 4889 1316 4943 in
1345 4889 1580 4960 gloriam
1626 4888 1808 4957 (ibid.,
1839 4891 1955 4960 22),

308 4978 555 5034 fidenter
601 4978 854 5033 fatemur
900 4975 1474 5050 praedestinationem
1525 4976 1842 5032 electorum
1881 4978 1954 5032 ad

309 5067 486 5122 vitam
516 5070 572 5122 et
602 5065 1174 5138 predestinationem
1197 5063 1514 5138 impiorum
1544 5065 1616 5121 ad
1640 5070 1908 5122 mortem.
1928 5089 1956 5116 »

311 5154 440 5222 Dat,
474 5154 627 5211 sicut
657 5155 828 5229 longe
861 5159 995 5211 ante
1025 5172 1132 5211 nos
1180 5153 1403 5209 dictum
1449 5157 1558 5221 est,
1589 5153 1714 5211 sine
1763 5159 1955 5210 mente

309 5259 544 5300 sonum.
571 5243 882 5300 Paululum
913 5243 1214 5315 praemisit,
1249 5241 1388 5314 quia
1418 5259 1524 5298 suo
1553 5242 1694 5298 vitio
1724 5243 1861 5298 mali
1894 5243 1954 5299 in

310 5348 508 5389 massa
538 5333 934 5390 damnationis
963 5331 1051 5387 vel
1081 5330 1288 5386 merito
1320 5329 1589 5404 originali
1635 5329 1722 5386 vel
1775 5333 1952 5388 etiam

311 5420 528 5476 actuali
584 5424 984 5494 permaneant,
1041 5424 1098 5476 et
1166 5419 1364 5475 statim
1433 5419 1758 5491 subjunxit,
1817 5421 1956 5494 quia

311 5508 534 5582 placuit
561 5515 618 5566 et
646 5510 895 5567 ﬁdeliter
927 5507 1115 5583 placet
1145 5507 1507 5580 ﬁdenterque
1539 5509 1770 5578 fatetur,
1805 5529 1954 5584 prai-

312 5597 764 5658 destinationem
793 5599 1110 5657 electorum
1139 5597 1210 5662 ad
1259 5595 1439 5654 vitam
1489 5602 1546 5654 et
1582 5599 1954 5672 praedestina-

2063 4801 2205 4858 lum.
2225 4800 2330 4858 Cui
2362 4801 2741 4872 conjunctum
2775 4805 2865 4858 est
2891 4800 2952 4858 in
2983 4800 3134 4857 Flori
3167 4798 3407 4871 scripto,
3429 4799 3575 4853 utet
3598 4794 3719 4852 illis

2065 4890 2144 4947 sit
2173 4888 2452 4947 meritum
2482 4905 2600 4946 suae
2635 4889 3051 4959 damnationis,
3083 4891 3140 4945 et
3160 4887 3220 4942 in
3240 4885 3341 4942 illo
3364 4887 3628 4958 potestas
3657 4887 3720 4940 et

2056 4978 2352 5050 judicium
2377 4979 2540 5050 juste
2571 4977 2930 5034 damnantis.
2963 4978 3089 5034 Non
3127 4975 3285 5032 enim
3333 4971 3720 5046 praedestinat

2065 5072 2236 5136 Deus,
2263 5067 2375 5124 nisi
2389 5067 2656 5139 quaeipse
2667 5071 2793 5123 erat
2815 5067 3076 5123 facturus
3097 5083 3111 5122 :
3135 5064 3512 5140 praescitvero
3528 5059 3720 5121 multa

2064 5173 2192 5230 quae
2221 5155 2347 5228 ipse
2375 5155 2641 5212 facturus
2675 5173 2787 5211 non
2819 5161 2930 5228 est,
2963 5155 3118 5212 sicut
3148 5153 3350 5210 omnia
3377 5151 3553 5218 mala,
3585 5166 3718 5222 qua

2063 5245 2270 5318 utique
2296 5243 2437 5300 mali
2469 5244 2714 5312 faciunt,
2747 5263 2861 5300 non
2896 5244 2992 5301 ille
3025 5262 3039 5300 :
3071 5243 3352 5317 ipsosque
3379 5239 3566 5296 malos
3596 5255 3716 5294 non

2063 5333 2193 5394 ideo
2225 5333 2415 5407 perire
2445 5332 2584 5406 quia
2614 5333 2750 5389 boni
2779 5350 2906 5390 esse
2936 5351 3052 5390 non
3085 5333 3420 5406 potuerunt,
3441 5327 3542 5384 sed
3575 5326 3720 5399 quia

2062 5423 2202 5480 boni
2235 5437 2363 5478 esse
2394 5421 2726 5490 noluerunt,
2742 5429 2800 5478 et
2829 5439 2935 5478 suo
2965 5423 3102 5478 vitio
3132 5437 3275 5479 vasa
3302 5419 3400 5475 ira:
3431 5419 3632 5490 aptata
3652 5415 3717 5471 in

2063 5513 2365 5569 interitum
2388 5516 2921 5583 perseveraverunt.
2946 5511 3112 5580 Quod
3135 5507 3488 5566 furatusiste
3501 5503 3720 5577 compi-

2063 5601 2213 5658 lator
2241 5601 2314 5656 de
2341 5598 2754 5670 medio,sciens
2770 5618 2834 5658 se
2845 5602 3122 5660 daturum
3141 5599 3300 5657 istud
3325 5593 3717 5670 apostolicum
