4042 6188
353 298 435 380 95
1289 317 1680 382 HINGMARI
1728 317 2174 382 RHEMENSIS
2220 317 2838 384 ARCHIEPISCOPI.
3682 323 3761 389 96

358 451 612 530 patietur
625 430 1202 508 aeternum.Sicenim
1225 456 1430 527 pptata
1450 453 1519 508 ad
1543 451 1843 508 interitum
1864 469 2003 507 vasa
2029 449 2087 520 Α
2117 452 2188 508 ad
2211 457 2514 526 peceatum
2541 472 2554 512 :
2581 457 2751 528 cujus
2776 455 2952 524 dicta,
2977 454 3114 529 quia
3141 453 3266 530 ipse
3298 454 3469 514 celeri
3501 473 3759 531 praeven-

357 547 498 598 sunt
528 541 646 608 irae,
679 540 834 596 sicut
863 544 919 596 et
938 540 1250 612 Apostolus
1273 541 1458 597 isdem
1482 541 1621 596 dicit
1641 543 1839 598 naiura
1859 543 2004 613 ﬁlios

357 634 465 688 ira:
482 630 766 703 (Ephesal,
801 631 886 701 3);
921 648 1036 685 non
1068 647 1186 704 qua
1216 631 1442 702 primus
1473 631 1648 686 homo
1679 637 1766 687 est
1797 631 2001 686 condi-

353 723 474 787 tus,
495 719 595 775 sed
629 736 746 792 qua
774 722 906 792 post
935 724 1238 791 peccatum
1271 719 1458 790 ipsius
1490 737 1558 774 ex
1579 720 1888 776 maledicto
1912 738 2000 776 se-

353 808 516 864 mine
533 807 783 881 quisque
802 806 892 863 est
911 812 1222 881 generatus
1239 826 1251 864 :
1267 809 1423 863 unde
1446 808 1551 863 soli
1576 807 1878 864 salvantur
1899 809 2000 880 qui

353 897 673 954 Salvatoris
703 897 892 970 gratia
921 896 1064 953 salvi
1097 898 1332 965 ﬁunt,et
1353 897 1619 970 psalmus
1641 898 2002 965 dicit,Factus

353 1005 478 1046 sum
533 997 794 1061 tanquam
849 1004 943 1044 cas
996 986 1271 1060 perditum
1317 987 1486 1056 (Psai.
1519 1005 1648 1056 xxx,
1685 988 1792 1056 13),
1844 989 2001 1058 quod

356 1078 594 1153 exponit
622 1078 1030 1152 Hieronymus,
1054 1077 1228 1139 homo
1254 1077 1519 1149 perditus
1540 1093 1642 1148 per
1673 1080 1999 1149 peccatum.

969 1202 1201 1258 CAPUT
1239 1203 1388 1258 VIII.

356 1294 506 1353 Unde
533 1293 1013 1364 Praedestinatiani
1039 1293 1430 1358 auctbritatem,
1459 1293 1746 1364 potiusque
1788 1293 2000 1362 opinio-

423 1383 549 1422 nem
603 1363 976 1436 hujuscemodi
1025 1363 1378 1435 expositionis
1425 1364 1708 1436 apostolici
1749 1364 1998 1434 capituli,

424 1453 536 1494 non
584 1435 694 1493 sibi
735 1437 1084 1509 profuturam
1141 1436 1272 1507 quia
1317 1451 1386 1490 ex
1431 1435 1712 1491 mendacio
1758 1450 2000 1506 sumpse-

427 1511 559 1564 rint.

425 1616 708 1672 Caeterum
737 1631 850 1670 non
884 1613 1024 1670 latet
1045 1631 1153 1669 nos
1176 1614 1330 1670 unde
1357 1613 1703 1686 compilator
1721 1613 2001 1686 capitulo-

353 1721 487 1762 rum
508 1705 665 1760 hunc
688 1701 992 1759 sententiae
1013 1702 1342 1776 apostolicae
1365 1720 1605 1759 sensum
1629 1720 1761 1758 cum
1785 1702 2002 1758 fiducia

351 1797 424 1852 ad
457 1809 632 1852 suum
665 1809 1026 1864 suorumque
1054 1791 1428 1864 complicium
1460 1809 1712 1848 errorem
1741 1791 2001 1848 astri’ien-
2027 1820 2077 1890 Β

350 1884 490 1940 dum
515 1881 904 1954 assumpserit
926 1897 940 1936 :
965 1879 1247 1936 nimirum
1269 1881 1341 1936 de
1365 1880 1554 1936 verbis
1581 1879 1996 1953 Fulgentii,qui

343 1974 504 2038 sicut
523 1987 704 2044 supra
720 1970 1127 2042 posuimus,ad
1143 1969 1466 2026 Monimum
1483 1971 1554 2025 de
1571 1969 2000 2041 prazdestinatis

349 2061 423 2119 ad
448 2060 750 2118 interitum
782 2059 900 2133 (lib.
933 2076 972 2127 I,
1006 2075 1054 2126 ε,
1081 2059 1156 2130 3),
1181 2058 1348 2130 quasi
1373 2059 1484 2114 sub
1507 2057 1844 2114 defensione
1862 2076 1996 2114 san-

349 2151 426 2208 cti
445 2149 778 2225 Augustini,
795 2148 1112 2220 scripserat
1131 2149 1470 2220 exponendo
1491 2147 1668 2203 verba
1688 2147 1847 2203 illius
1869 2163 1996 2220 quae

348 2239 572 2296 dixerat
594 2240 655 2295 in
685 2238 832 2294 libro
879 2239 950 2294 de
999 2237 1356 2293 Perfectione
1396 2236 1642 2308 justitiae
1689 2236 1992 2293 hominis:

347 2353 378 2382 «
411 2329 664 2401 Legente
693 2343 805 2394 me,
831 2325 1273 2399 inquis,lihrum
1291 2327 1363 2381 de
1381 2325 1737 2381 Perfectione
1749 2325 1996 2398 justitiae

343 2413 1035 2484 hominis,testimonium
1051 2412 1342 2486 propheta;
1357 2412 1415 2467 in
1429 2413 1694 2468 ordinem
1708 2412 1994 2486 relegens,

347 2505 554 2560 auditu
585 2506 754 2560 cauto
775 2500 1133 2574 pedetentim
1154 2501 1459 2574 paululum
1486 2503 1878 2568 retractavi,et
1897 2519 1998 2558 ca:-

346 2597 684 2666 tera,usque
715 2592 857 2647 dum
888 2609 922 2646 a
951 2591 1116 2646 beato
1147 2590 1474 2663 Augustino
1511 2589 1726 2647 ibidem
1759 2591 1993 2659 dicitur,

348 2683 450 2740 sed
483 2681 543 2737 in
574 2697 640 2737 eo
661 2696 873 2754 genere
893 2678 1200 2736 hominum
1223 2681 1378 2752 quod
1401 2679 1884 2751 praedestinatum
1907 2683 1998 2736 cst

347 2773 420 2828 ad
450 2769 775 2827 interitum.
810 2769 914 2826 Hic
944 2769 1100 2825 dicta
1129 2769 1316 2825 sancti
1351 2769 1668 2842 Augustini
1715 2768 1996 2826 determi-

345 2862 582 2926 nans,et
610 2861 680 2916 ad
713 2875 808 2915 me
827 2858 1212 2914 intentionem
1233 2861 1473 2919 tuarum
1495 2855 1754 2932 dirigens
1775 2857 1995 2914 littera-

346 2948 656 3019 rum,dicis
688 2947 902 3004 sentire
936 2964 1030 3004 me
1052 2951 1178 3020 jam
1211 2947 1548 3004 curiterum
1569 2947 1691 3004 haze
1713 2947 1991 3018 inculces,

345 3037 572 3096 scilicet
597 3037 755 3111 quod
790 3037 1006 3110 saepius
1035 3036 1346 3093 reluctanti
1371 3036 1514 3092 mihi
1541 3036 1997 3109 praedestinatio—

343 3145 477 3187 nem
507 3143 624 3184 non
654 3130 884 3182 tantum
913 3125 974 3180 in
1007 3125 1158 3182 bono
1190 3125 1324 3194 dici,
1357 3127 1458 3181 sed
1485 3125 1662 3181 etiam
1697 3126 1754 3180 in
1778 3124 1991 3181 male.»

2112 547 2210 598 tus
2239 546 2324 598 est
2357 543 2541 608 obitu,
2577 545 2823 617 Prosper
2851 545 2940 600 vir
2967 545 3232 602 eruditus
3261 550 3320 602 et
3342 551 3581 604 sanctus
3603 553 3761 606 recta

2113 632 2374 688 defendit
2420 633 2532 688 fide
2563 635 2684 701 (aL,
2719 639 2872 689 recte
2921 635 3179 690 defendit
3228 635 3410 704 ﬁdeli)
3438 641 3496 693 et
3523 639 3759 711 copioso

2113 721 2488 777 sermone.Ex
2519 722 2733 794 quibus
2754 721 3052 778 Gallorum
3081 723 3355 796 capitulis
3381 729 3447 780 ut
3477 743 3591 782 non
3613 727 3762 784 mul-

2113 814 2172 865 ta
2195 827 2352 865 nunc
2375 827 2762 882 ponamus,ne
2781 809 3046 866 libellum
3064 811 3246 867 istum
3270 831 3445 886 quem
3469 814 3758 887 prolixum

2110 899 2296 955 facere
2317 899 2656 972 disputandi
2675 900 2990 956 necessitas
3007 901 3160 974 cogit
3174 901 3544 974 prolixiorem
3561 905 3762 960 volun-

2110 991 2200 1044 tas
2233 989 2421 1044 t‘acere
2448 988 2730 1054 videatur,
2755 989 3006 1044 duarum
3039 991 3486 1062 responsionum
3507 992 3637 1049 loca
3657 995 3760 1050 du-

2111 1078 2307 1134 ximus
2339 1077 2670 1134 inserenda.
2705 1077 2943 1134 Decima
2973 1083 3182 1150 quarta
3212 1079 3428 1152 quippe
3459 1081 3758 1138 Gallorum

2110 1166 2358 1238 objectio
2391 1167 2475 1222 sic
2505 1166 2792 1225 habetur:
2817 1189 2846 1218 «
2866 1167 3028 1232 Quod
3051 1167 3152 1240 qui
3185 1169 3526 1242 evangelica:
3557 1169 3762 1242 praedi-

2110 1255 2324 1310 cationi
2356 1273 2472 1310 non
2523 1256 2786 1324 credunt,
2817 1271 2886 1311 ex
2933 1255 3031 1310 Dei
3084 1256 3591 1328 praedestinatione
3642 1275 3756 1315 non

2110 1345 2382 1411 credant;
2413 1348 2473 1400 et
2502 1345 2656 1416 quod
2690 1345 2844 1400 Deus
2875 1343 2954 1400 ita
2985 1345 3292 1414 definierit,
3327 1350 3393 1402 ut
3422 1347 3758 1420 quicunque

2108 1449 2226 1488 non
2258 1433 2524 1504 credunt,
2548 1449 2616 1488 ex
2645 1433 2836 1506 ipsius
2866 1433 3284 1490 constitutione
3310 1451 3426 1490 non
3459 1435 3757 1492 credant.»

2109 1521 2255 1578 Huic
2285 1521 2482 1594 itaque
2513 1521 2811 1594 pravitati,
2843 1537 2972 1593 quae
3021 1523 3177 1577 beati
3227 1522 3540 1596 Augustini
3583 1525 3758 1581 dictis

2108 1627 2224 1666 non
2257 1627 2323 1666 ex
2351 1611 2720 1678 veritate,sed
2751 1627 2820 1667 ex
2847 1609 3024 1666 livore
3051 1611 3562 1682 objiciebatur,tali
3589 1613 3758 1671 Pros-

2108 1718 2212 1772 per
2240 1717 2508 1756 sermone
2537 1699 2841 1772 respondit
2874 1715 2886 1754 :
2923 1722 2951 1750 «
2986 1699 3304 1757 Infidelitas
3345 1719 3461 1758 non
3511 1703 3759 1758 creden-

2110 1789 2260 1845 tium
2292 1789 2602 1862 Evangelio
2633 1805 3004 1861 nequaquam
3035 1806 3104 1845 ex
3125 1789 3224 1845 Dei
3248 1789 3758 1862 praedestinatione

2111 1881 2468 1952 generatur:
2503 1879 2788 1934 bonorum
2837 1878 2993 1941 enim
3047 1879 3198 1934 Deus
3248 1882 3454 1935 auctor
3498 1883 3606 1949 est,
3640 1897 3757 1936 non

2107 1967 2419 2024 malorum.
2447 1965 2882 2023 Prmdestinatio
2911 1966 3093 2040 igitur
3121 1967 3221 2024 Dei
3255 1985 3487 2040 semper
3513 1967 3573 2024 in
3603 1969 3758 2026 bono

2108 2061 2216 2124 est,
2249 2062 2352 2113 aut
2380 2058 2451 2112 ad
2484 2055 2932 2113 retributionem
2955 2056 3226 2129 justitize,
3251 2061 3353 2113 aut
3381 2057 3454 2113 ad
3486 2057 3758 2114 donatio-

2106 2163 2243 2202 nem
2275 2146 2576 2219 pertinens
2604 2145 2827 2218 gratiae.
2867 2146 3146 2204 Universae
3189 2147 3340 2203 enim
3385 2147 3496 2203 viae
3538 2147 3760 2204 Domini

2105 2235 2482 2292 misericordia
2513 2243 2565 2290 et
2592 2235 2795 2290 veritas
2827 2234 2997 2307 (Psai.
3027 2252 3182 2304 xxxv,
3217 2233 3590 2304 10).Proinde
3619 2235 3759 2290 inﬂa

2106 2322 2319 2380 delitas
2343 2340 2460 2382 non
2491 2323 2854 2379 credentium
2885 2340 3001 2378 non
3032 2323 3106 2378 ad
3129 2323 3608 2380 constitutionem
3631 2323 3756 2394 Dei,

2107 2413 2208 2468 sed
2245 2413 2316 2468 ad
2341 2411 2769 2484 praescientiam
2795 2412 3098 2468 referenda
3113 2417 3356 2485 est,quw
3373 2431 3491 2468 non
3511 2413 3641 2470 ideo
3661 2428 3760 2470 ne-

2105 2501 2438 2558 cessitatem
2471 2519 2586 2558 non
2610 2502 2881 2558 credendi
2905 2503 3124 2571 intulit,
3142 2504 3280 2576 quia
3304 2503 3426 2558 falli
3451 2505 3520 2560 de
3541 2521 3609 2560 ea
3628 2521 3758 2577 quae

2105 2592 2304 2648 futura
2333 2595 2458 2647 erat
2486 2591 2828 2648 inﬁdelitate
2862 2609 2979 2647 non
3001 2593 3209 2664 potuit.
3242 2614 3269 2641 »
3293 2591 3528 2649 Decima
3549 2593 3761 2665 quinta

2104 2679 2280 2736 etiam
2313 2679 2562 2750 objectio
2595 2679 2688 2735 his
2716 2681 2908 2736 verbis
2939 2680 3162 2737 inserta
3190 2685 3282 2736 est
3313 2697 3326 2737 :
3353 2703 3380 2732 ‹‹
3405 2681 3568 2748 Quod
3596 2679 3758 2739 idem

2103 2768 2182 2824 sit
2211 2769 2576 2841 praescientia
2615 2770 2770 2842 quod
2819 2769 3272 2842 przedestinatio.
3308 2792 3336 2820 »
3361 2769 3468 2826 Cui
3511 2771 3757 2845 Prosper

2101 2857 2189 2914 sic
2221 2857 2524 2930 respondit
2555 2874 2568 2913 :
2607 2879 2637 2909 «
2667 2858 2777 2925 Qui
2809 2857 3234 2931 praescientiam
3270 2859 3373 2916 Dei
3401 2859 3461 2915 in
3494 2859 3654 2916 nullo
3675 2861 3752 2917 ab

2103 2947 2292 3020 ipsius
2323 2947 2828 3020 prazdestinatione
2859 2939 3158 3016 dis'cernit,
3193 2949 3348 3020 quod
3369 2950 3748 3006 tribuendum

2101 3041 2194 3092 est
2221 3037 2338 3092 Deo
2370 3037 2440 3092 de
2471 3034 2662 3102 bonis,
2695 3035 2806 3092 hoc
2843 3035 2896 3092 ei
2942 3036 3118 3092 etiam
3165 3037 3237 3092 de
3287 3037 3460 3094 malis
3506 3042 3756 3095 conatur

2103 3124 2411 3180 ascribere.
2446 3124 2556 3180 Sed
2593 3140 2728 3179 cum
2759 3125 2913 3180 bona
2940 3125 3012 3181 ad
3041 3124 3377 3199 largitorem
3418 3131 3754 3200 cooperato-

343 3218 550 3274 Postea
563 3219 761 3272 autem
779 3213 1446 3270 assumittestimonium
1473 3213 1656 3269 sancti
1678 3213 1992 3286 Augustini
2021 3189 2065 3258 CI
2105 3229 2346 3286 remque
2377 3229 2576 3268 eorum
2609 3213 2818 3279 Deum,
2850 3212 3007 3269 mala
3036 3221 3230 3270 autem
3261 3215 3334 3271 ad
3361 3215 3755 3272 voluntariam

342 3323 413 3361 ex
440 3305 590 3360 libro
621 3305 723 3360 82
758 3304 1014 3359 secundo
1045 3303 1116 3358 de
1159 3301 1457 3374 Baptismo
1511 3303 1887 3374 parvulorum
1919 3303 1992 3358 ad

343 3391 844 3458 Marcellinum,ut
859 3407 1028 3447 suam
1045 3390 1234 3446 valeat
1249 3391 1597 3446 conﬁrmare
1619 3391 1990 3459 sententiam,

344 3480 485 3554 quia
513 3482 651 3538 sunt
673 3479 990 3535 damnandi
1014 3478 1409 3552 praedestinati
1432 3478 1504 3534 ad
1527 3480 1851 3550 pocnam.ln
1876 3496 1992 3552 quo

343 3569 494 3626 libro
523 3572 782 3624 tractans
813 3567 923 3624 hoc
955 3567 1343 3640 apostolicum
1373 3567 1777 3624 testimonium
1809 3570 1891 3624 ita
1911 3569 1995 3625 di-

342 3659 422 3716 cit
450 3658 637 3728 (Ibid.,
663 3673 712 3714 e.
743 3659 834 3730 26)
861 3674 876 3714 :
911 3681 940 3709 «
973 3657 1120 3725 Quia
1147 3675 1385 3714 causam
1417 3658 1750 3732 iniquitatis
1776 3678 1892 3716 sum
1925 3677 1993 3716 ex

341 3747 578 3822 propria
605 3747 781 3804 homo
818 3747 1030 3804 habuit
1077 3747 1398 3815 voluntate,
1432 3753 1738 3822 propterea
1785 3750 1991 3806 beatus

339 3835 559 3894 Paulus
587 3838 916 3893 sustinuisse
946 3835 1156 3892 asserit
1191 3840 1368 3892 Deum
1402 3838 1462 3892 in
1507 3837 1682 3894 multa
1723 3841 1994 3912 patientia

331 3935 471 3982 'uasa
497 3920 601 3984 in?
623 3933 808 3998 aptata
839 3927 891 3982 ia
923 3927 1207 3982 interitum
1247 3925 1418 3998 (Rom.
1452 3943 1528 3994 Ix,
1552 3928 1663 3999 22).
1701 3950 1729 3976 »
1761 3929 1832 3983 Et
1862 3932 1993 4000 post

341 4013 649 4088 paululum
675 4032 689 4070 :
717 4036 746 4065 «
773 4014 838 4070 In
869 4015 980 4071 hoc
999 4014 1198 4086 itaque
1222 4015 1336 4070 ista
1353 4032 1494 4070 vasa
1516 4015 1670 4072 Deus
1693 4016 1912 4088 aptavit
1931 4017 1989 4072 in

341 4105 494 4176 quod
527 4103 980 4178 praedestinavit,
995 4103 1104 4164 hoc
1127 4106 1216 4160 est
1237 4103 1294 4158 in
1318 4103 1622 4160 interitum
1649 4122 1662 4160 :
1686 4105 1852 4165 illum
1877 4107 1990 4162 uti-

340 4209 454 4265 que
477 4191 804 4262 interitum,
838 4209 1013 4265 quem
1047 4191 1262 4248 Paulus
1294 4192 1466 4248 malis
1506 4200 1740 4266 repente
1787 4213 1990 4268 supers

336 4285 654 4350 venturum
691 4282 1058 4338 demonstrat
1089 4281 1290 4338 dicens
1325 4299 1338 4336 :
1375 4281 1510 4337 Cum
1555 4285 1702 4338 enim
1747 4283 1993 4340 dixerint

332 4385 448 4444 pax
475 4378 528 4427 et
549 4373 834 4439 securitas,
869 4379 998 4426 tunc
1027 4373 1341 4442 repenti-nus
1371 4371 1450 4427 eis
1479 4375 1820 4444 superveniet
1847 4375 1990 4430 inte-

339 4461 477 4516 ritus
507 4462 555 4529 (ι
588 4461 765 4518 Thess.
792 4479 848 4530 v,
881 4461 958 4534 3).
986 4483 1014 4511 »
1047 4461 1186 4518 Post
1217 4478 1345 4534 quae
1371 4462 1678 4534 subjunxit
1701 4463 1760 4518 in
1783 4464 1988 4520 eodem

2101 3301 2408 3358 rationalis
2439 3305 2716 3357 creaturae
2749 3301 3074 3374 nequitiam
3116 3303 3420 3360 referenda
3469 3305 3611 3373 sint,
3641 3306 3760 3360 du-

2101 3391 2266 3446 bium
2318 3407 2432 3446 non
2481 3394 2572 3445 est
2603 3389 2729 3446 sine
2759 3389 2881 3445 ulla
2911 3391 3012 3448 83
3047 3391 3354 3464 temporali
3405 3393 3758 3462 differentia,

2103 3481 2288 3536 Deum
2307 3483 2366 3536 et
2387 3479 2690 3552 praescisse
2711 3478 2890 3534 simul
2915 3484 2970 3534 et
2996 3479 3447 3552 praedestinasse
3478 3499 3604 3554 qum
3627 3483 3760 3555 ipso

2101 3573 2268 3625 erant
2295 3573 2531 3624 auctore
2561 3568 2847 3633 facienda,
2877 3567 2966 3624 vel
2999 3585 3126 3642 qum
3157 3569 3330 3626 malis
3352 3570 3758 3643 meritisjusto

2101 3662 2267 3714 erant
2307 3657 2532 3730 judicio
2581 3657 2959 3713 retribuenda
2991 3673 3003 3713 :
3037 3659 3340 3730 praescisse
3387 3663 3584 3716 autem
3623 3664 3757 3716 tan-

2100 3747 2430 3815 tummodo,
2461 3763 2580 3801 non
2629 3745 2806 3800 etiam
2856 3743 3326 3818 praedestinasse,
3361 3762 3489 3818 qua
3536 3764 3652 3803 non
3685 3763 3758 3804 ex

2099 3835 2227 3909 ipso
2256 3837 2424 3891 erant
2443 3849 2683 3890 causam
2715 3833 3068 3906 operationis
3099 3833 3394 3890 habitura.
3429 3856 3458 3884 »
3489 3835 3606 3891 Nos
3635 3835 3756 3892 ita-

2101 3941 2234 3998 que,
2266 3923 2634 3991 charissime,
2667 3921 2790 3978 haec
2811 3921 3047 3978 interim
3072 3940 3258 3995 pauca
3279 3925 3350 3980 de
3371 3922 3536 3980 libris
3561 3925 3753 3982 sancti

2098 4012 2432 4086 Augustini,
2464 4017 2521 4067 et
2565 4012 2635 4068 de
2684 4011 3167 4082 responsionibus
3217 4012 3504 4086 Prosperi,
3535 4013 3610 4068 ob
3639 4013 3752 4072 hoc

2100 4101 2420 4157 maluimus
2449 4100 2588 4156 huic
2619 4099 2815 4156 libello
2846 4100 3122 4169 inserere,
3151 4104 3216 4156 ut
3243 4101 3439 4157 cuncti
3489 4103 3757 4158 noverint

2100 4191 2243 4264 quid
2277 4191 2526 4246 debeant
2555 4189 2625 4245 de
2655 4187 3164 4262 praedestinatione
3187 4193 3525 4246 sanctorum
3547 4191 3757 4264 impio-

2099 4297 2351 4354 rumque
2375 4279 2612 4336 sentire.
2649 4279 2780 4334 Haec
2823 4283 3060 4352 sumpta
3109 4283 3248 4335 sunt
3296 4281 3367 4336 de
3415 4279 3564 4338 libro
3615 4281 3753 4338 Ful-

2099 4369 2302 4444 gentii.
2749 4439 2780 4444 _
2802 4441 2809 4444 _
2833 4405 2892 4444 __~

2739 4439 2974 4496 CAPUT
3017 4440 3104 4496 IX.

337 4547 488 4604 libro
517 4528 588 4604 de
615 4550 784 4606 beato
814 4528 1144 4623 Augustino
1175 4528 1377 4606 dicens
1415 4528 1556 4624 (cap.
1589 4551 1683 4621 29)
1717 4568 1729 4607 :
1765 4575 1793 4602 «
1827 4553 1896 4608 Et
1926 4557 1990 4608 ut

2109 4529 2251 4631 οαεά
2279 4528 2736 4631 “iaciam
2755 4529 3014 4631 αίιλξξανῖξ
3059 4530 3490 4631 animum

337 4637 756 4706 manifestiora,
790 4637 1007 4712 inquit,
1037 4639 1326 4695 dictorum
1363 4640 1494 4711 ejus
1545 4641 1757 4696 indicio
1787 4646 1990 4698 nostra

337 4725 614 4784 fulciatur
643 4725 908 4800 assertio,
945 4727 1167 4800 aliquid
1213 4729 1382 4784 nobis
1434 4731 1770 4802 ponendum
1798 4736 1891 4804 est
1917 4732 1988 4788 de

335 4815 488 4872 libro
518 4831 694 4887 quem
728 4815 967 4889 scripsit
991 4817 1062 4873 de
1084 4817 1600 4874 Praedestinatione
1625 4823 1985 4890 sanctorum,

337 4922 453 4978 quo
471 4904 852 4966 manifestius
882 4906 1138 4964 ostendit
1169 4905 1296 4962 sine
1317 4908 1824 4980 praedestinatione
1845 4927 1988 4982 prte-

337 4993 642 5050 scientiam
685 4994 786 5050 Dei
838 5011 967 5051 esse
1015 5012 1208 5068 posse,
1239 4995 1810 5067 praedestinationem
1857 5014 1989 5054 vero

337 5082 463 5139 sine
494 5082 865 5155 praescientia
909 5100 1038 5140 esse
1086 5100 1201 5138 non
1252 5099 1443 5156 posse.
1479 5105 1506 5135 »
1540 5085 1610 5140 Et
1642 5089 1775 5157 post
1804 5103 1990 5157 pauca

340 5171 479 5243 (cap.
513 5169 603 5242 30)
639 5187 652 5224 :
689 5192 716 5222 ‹‹
749 5171 876 5226 Non
926 5173 1121 5226 autem
1171 5169 1426 5244 ignoras,
1467 5167 1645 5228 etiam
1699 5171 1986 5243 praeterito

337 5261 600 5332 tempore
632 5257 716 5314 illi
748 5257 1221 5322 luculentissimo
1244 5263 1447 5314 sancto
1469 5259 1783 5332 Augustini
1804 5261 1985 5332 Operi,

337 5347 495 5418 quod
527 5347 762 5420 scripsit
793 5348 862 5404 de
889 5345 1405 5402 Praedestinationc
1427 5350 1785 5416 sanctorum,
1811 5366 1844 5404 a
1867 5348 1992 5421 qui-

338 5435 591 5492 busdam
615 5435 798 5492 Gallis
819 5429 1114 5508 objectu'm
1139 5435 1294 5507 quod
1318 5435 1524 5490 beatus
1545 5437 1907 5510 Augustinus
1928 5437 1988 5494 in

339 5525 661 5580 assertione
692 5523 1225 5597 prazdestinationis
1257 5523 1464 5580 divina:
1507 5528 1842 5596 peccatores
1873 5544 1988 5583 non

338 5613 412 5670 ad
444 5612 635 5671 solum
667 5614 1111 5688 praedestinatos
1133 5613 1351 5672 diceret
1363 5613 1790 5686 judicium,sed
1813 5615 1988 5673 etiam

2171 4602 2304 4674 tiam
2335 4602 2393 4674 in
2423 4601 2794 4674 testimonium
2821 4599 3112 4674 deducunt,
3143 4599 3194 4658 et
3213 4602 3467 4674 quaedam
3494 4602 3561 4659 de
3591 4603 3756 4660 libris

2169 4672 2311 4746 beati
2337 4671 2629 4746 Augustini
2650 4673 2959 4746 proferunt,
2991 4643 3136 4728 unde
3165 4643 3280 4746 ipvse
3299 4675 3386 4730 vir
3408 4675 3646 4745 insignis
3665 4691 3757 4732 eos

2167 4744 2418 4820 revincit,
2448 4750 2500 4799 et
2526 4744 2845 4820 Futgentius
2892 4746 3006 4820 ipse
3051 4744 3428 4820 auctoritatem
3477 4744 3639 4820 quam
3685 4763 3758 4803 ex

2168 4817 2265 4872 illo
2293 4822 2581 4871 assumunt
2605 4817 2894 4887 mani/este
2913 4815 3178 4872 dissolvit.

2166 4905 2484 4960 Adducunt
2512 4903 2688 4958 etiam
2721 4903 2780 4958 in
2804 4903 3209 4960 testimonium
3234 4905 3526 4961 Isidorum
3550 4907 3758 4979 Hispa-

2097 4989 2322 5050 lensem
2353 4992 2717 5065 episcopum,
2749 4992 2942 5048 virum
2976 4993 3216 5048 doctum
3246 4998 3304 5050 et
3331 4994 3660 5068 legentibus
3691 4997 3754 5051 in

2099 5081 2302 5138 multis
2332 5083 2682 5154 proficuum,
2712 5081 2811 5154 qui
2835 5081 2896 5136 in
2928 5081 3076 5137 libro
3109 5083 3542 5139 Sententiarum
3574 5083 3788 5158 gcmi-.

2098 5188 2234 5228 nam
2269 5170 2410 5226 dicit
2439 5186 2567 5228 esse
2591 5169 3314 5242 praedestinationem,sive
3338 5171 3654 5234 electorum
3678 5173 3756 5230 ad

2097 5259 2507 5334 requiem,sive
2542 5260 2922 5332 reproborum
2945 5261 3015 5314 ad
3042 5261 3424 5328 mortem.Qui
3446 5261 3598 5317 hanc
3619 5279 3756 5318 sen-

2096 5349 2338 5406 tentiam
2371 5349 2432 5404 in
2464 5349 2721 5404 secundo
2773 5346 2942 5416 libro,
2979 5364 3107 5420 cap.
3138 5350 3194 5418 6,
3228 5350 3395 5422 quasi
3446 5367 3514 5406 ex
3560 5349 3758 5406 verbis

2097 5437 2284 5496 sancti
2316 5437 2579 5510 Gregorii
2600 5438 2670 5492 de
2689 5436 2838 5492 libro
2856 5436 3166 5497 Moralium
3184 5439 3468 5512 vigesimo
3485 5439 3760 5506 nono,vel

2096 5527 2380 5600 vigesimo
2412 5513 2638 5600 quinto,
2673 5526 2790 5582 sive
2822 5526 2892 5581 de
2927 5528 3112 5583 sancti
3145 5527 3460 5600 Augustini
3491 5528 3764 5597 dictis,ut

2101 5617 2332 5674 videtur
2361 5615 2714 5688 legentibus,
2733 5615 2817 5672 vel
2839 5617 3229 5690 undecunque
3251 5618 3761 5690 sumpserit,com-
