4042 6188
303 239 425 304 105
1030 237 1130 297 DE
1173 233 1930 296 Pii/EDESTINATIONE
1973 233 2492 300 DISSERTA'I‘IO
2538 237 3002 298 POSTERIOR.

303 389 424 429 non
455 375 547 428 est
575 361 858 442 iniquitas
888 369 1042 442 apud
1083 369 1290 425 Deum.
1324 369 1393 423 Et
1441 367 1578 423 hinc
1626 365 1960 442 intelligunt
1987 367 2044 436 Α
2722 367 2952 424 CAPUT
2992 369 3057 424 X.
3425 440 3433 448 .

300 478 446 516 vasa
475 457 888 515 misericordiae
919 475 1093 530 quam
1125 458 1382 529 gratuita
1411 456 1530 511 illis
1563 455 1954 511 misericordia

2070 477 2143 531 De
2180 477 2528 531 testimoniis
2553 477 2984 547 Scripturarum,
3017 475 3212 546 quibus
3258 477 3626 534 Gothescalcus
3675 487 3728 536 et

300 549 828 621 praaheatur,quod
851 548 947 602 irae
977 546 1152 611 vasis,
1175 564 1308 601 cum
1333 546 1549 618 quibus
1593 547 1677 602 eis
1711 550 1798 600 est
1833 564 1960 618 per-
2133 551 2231 624 sui
2260 549 2542 624 complig'cs
2581 546 2762 624 alieno
2790 563 2952 601 sensu
2983 547 3140 624 ajide
3167 548 3432 624 ('(ztliolica
3459 558 3510 604 et
3550 550 3724 606 ortho-

300 618 548 692 δίιίοηίε
579 618 760 691 causa
804 641 862 691 et
909 652 1108 690 massa
1155 635 1512 700 communis,
1543 635 1631 690 ira
1673 634 1869 690 debita
1906 639 1962 689 et
2133 618 2407 674 'doror-um
2436 619 2681 674 doctrina
2714 620 3196 674 irreverentissime
3225 618 3541 674 abutuntur.

289 727 464 796 justa
489 723 886 796 rependitur,»
908 725 980 780 Et
997 722 1140 779 item
1153 724 1518 797 Augustinus
1539 723 1598 778 in
1621 723 1866 796 epistola
1887 724 1959 779 ad

298 815 584 887 Optatum
635 813 860 869 dixerat
906 815 1086 884 (epist.
1117 813 1210 880 57)
1245 829 1257 867 :
1293 835 1320 862 «
1356 799 1662 884 Tanquam
1713 811 1959 884 ﬁgulum

297 901 521 970 luti,ex
549 901 752 957 eadem
795 917 992 956 massa
1013 899 1394 966 facere,aliud
1433 917 1535 956 vas
1565 899 1624 954 in
1655 899 1956 969 honorem,

298 989 460 1046 aliud
494 988 556 1044 in
587 987 1007 1045 contumeliam
1036 1006 1049 1044 :
1077 987 1284 1044 merito
1317 992 1511 1044 autem
1539 988 1834 1046 videretur
1873 989 1958 1043 in-

285 1079 549 1150 justam,
574 1077 732 1151 quod
763 1077 914 1134 ﬁunt
939 1094 1080 1134 vasa
1107 1077 1204 1133 iraa
1237 1077 1309 1132 ad
1340 1077 1810 1149 perditionem,si
1843 1095 1959 1132 non

293 1171 456 1224 esset
475 1167 608 1239 ipsa
630 1166 901 1223 universa
929 1183 997 1222 ex
1034 1166 1219 1222 Adam
1250 1183 1447 1222 massa
1477 1167 1772 1222 damnata.
1795 1167 1958 1233 Quod

292 1273 436 1330 ergo
457 1256 613 1312 ﬁunt
644 1255 778 1311 inde
812 1255 1106 1312 nascendo
1129 1272 1266 1311 vasa
1286 1254 1404 1322 iraa,
1425 1255 1680 1328 pertinet
1699 1256 1772 1310 ad
1797 1255 1956 1310 debi-

295 1351 419 1401 tam
441 1361 682 1418 poenam
707 1361 722 1400 :
749 1344 906 1417 quod
930 1349 1128 1400 autem
1150 1344 1302 1398 ﬁunt
1323 1345 1676 1399 renascendo
1695 1361 1834 1399 vasa
1855 1345 1960 1400 mis

295 1433 920 1505 sericordiae,pertinet
950 1432 1025 1488 ad
1054 1431 1378 1488 indebitam
1401 1431 1670 1505 gratiam.
1693 1433 1959 1489 Ostendit

295 1539 436 1596 ergo
467 1522 627 1578 Deus
657 1521 805 1578 iram
837 1537 1030 1588 suam,
1061 1537 1178 1577 non
1209 1521 1412 1593 utique
1457 1521 1955 1594 perturbationem

295 1611 505 1679 animi,
529 1611 686 1667 sicut
713 1613 803 1666 est
831 1627 960 1682 quae
991 1609 1076 1665 ira
1105 1609 1360 1664 hominis
1409 1614 1820 1681 nuncupatur;
1853 1611 1954 1666 sed

285 1702 518 1772 justam
553 1700 848 1772 ﬁxamque
877 1698 1216 1764 vindictam,
1251 1699 1404 1770 quod
1437 1699 1507 1754 de
1537 1698 1716 1770 stirpe
1755 1699 1953 1755 inohe-

292 1789 529 1846 dientiaa
567 1787 807 1844 ducitur
833 1804 1088 1861 propago
1118 1786 1342 1859 peccati
1373 1791 1546 1860 atque
1585 1785 1879 1860 supplicii,
1903 1793 1960 1844 et

286 1877 467 1934 homo
487 1880 666 1932 natus
689 1893 758 1933 ex
774 1876 1038 1944 muliere,
1057 1875 1210 1933 sicut
1233 1876 1290 1930 in
1331 1875 1481 1930 libro
1526 1875 1636 1931 Job
1669 1876 1957 1948 scriptum

282 1971 374 2022 est
399 1966 673 2038 (mp.xtv,
697 1964 986 2038 t):brevis
1009 1969 1100 2020 est
1130 1964 1264 2030 vita,
1289 1968 1345 2019 et
1382 1963 1592 2036 plenus
1617 1963 1952 2035 iracundia;

281 2057 414 2126 ejus
438 2055 597 2111 enim
622 2055 704 2110 rei
727 2071 828 2110 vas
861 2057 952 2111 est
980 2071 1098 2128 qua
1120 2053 1329 2127 plenus
1359 2059 1476 2121 est;
1503 2053 1658 2108 unde
1691 2053 1788 2109 irae
1819 2071 1957 2110 vasa

280 2144 586 2200 dicuntur.
610 2143 884 2200 Ostendit
911 2147 970 2200 et
991 2142 1310 2216 potentiam
1335 2159 1526 2209 suam,
1547 2159 1664 2214 qua
1688 2143 1832 2198 bene
1850 2143 1959 2198 uti-

277 2239 380 2288 tur
407 2234 591 2289 etiam
619 2233 814 2300 malis,
832 2232 1018 2288 multa
1047 2231 1164 2288 illis
1197 2231 1490 2286 naturalia
1521 2235 1578 2286 et
1609 2232 1956 2304 temporalia

279 2323 442 2378 bona
465 2317 748 2395 largiens,
770 2337 1090 2394 eorumque
1121 2319 1411 2376 malitiam
1431 2321 1500 2375 ad
1523 2321 1874 2376 exercendos
1897 2325 1956 2377 et

279 2412 732 2486 comparatione
754 2411 1154 2468 admonendos
1173 2411 1358 2466 bonos
1393 2411 1864 2478 accommodans,
1891 2413 1954 2465 ut

275 2502 344 2558 in
379 2502 468 2558 eis
494 2501 728 2558 discant
756 2517 926 2574 agere
973 2499 1194 2572 gratias
1248 2501 1380 2569 Deo,
1416 2499 1569 2570 quod
1604 2499 1677 2554 ab
1720 2497 1804 2554 eis
1837 2516 1950 2554 non

279 2592 414 2646 suis
437 2589 827 2662 meritis,quze
852 2587 913 2643 in
936 2588 1138 2644 eadem
1161 2603 1358 2644 massa
1379 2587 1542 2660 paria
1575 2589 1830 2654 fuerunt,
1849 2588 1948 2643 sed

279 2677 450 2735 illius
483 2676 856 2734 miseratione
889 2675 1126 2732 discreti
1145 2681 1302 2732 sunt.
1340 2699 1370 2726 »
1396 2676 1475 2732 De
1507 2677 1782 2748 qualibus
1813 2678 1950 2734 Grc-

279 2769 499 2842 gorius
528 2767 590 2822 in
620 2765 906 2839 vigesima
934 2764 1126 2838 prima
1154 2764 1470 2822 Ezechielis
1491 2765 1734 2821 homilia
1760 2765 1901 2822 dicit
1932 2784 1946 2823 :

3608 240 3724 301 106

2144 724 2460 781 Sciendum
2491 728 2580 780 est
2617 723 2815 795 etiam,
2851 725 3004 797 quod
3055 725 3163 780 sub
3216 724 3326 779 hoc
3376 741 3572 792 sensu,
3607 743 3720 798 quo

2071 813 2184 868 isto
2216 813 2562 886 compilator
2592 831 2736 868 usus
2766 817 2855 868 est
2872 812 3134 884 Apostoli
3167 811 3522 880 testimonio,
3542 814 3720 869 etiam

2069 902 2202 958 aliis
2225 901 2576 958 testimoniis
2600 901 2656 956 in
2690 903 3003 958 asserendo
3036 919 3210 957 suum
3241 917 3492 957 errorem
3519 902 3725 958 Gothe-

2070 992 2300 1047 scalcus
2321 1008 2454 1047 cum
2475 992 2599 1046 suis
2621 990 2989 1047 scholasticis
3013 991 3290 1062 utitur,ut
3314 991 3572 1047 Universa
3588 1007 3722 1062 pro-

2065 1089 2186 1152 pter
2211 1083 2559 1152 semetipsum
2589 1089 2836 1152 operatus
2864 1087 2944 1136 est
2989 1081 3272 1147 Dominus,
3309 1081 3542 1152 impium
3589 1096 3718 1152 quo-

2069 1187 2170 1243 que
2199 1170 2268 1225 ad
2298 1170 2442 1225 diem
2465 1171 2676 1225 malum
2715 1171 2896 1238 (Prov.
2928 1187 3042 1236 xw,
3078 1171 3163 1238 4);
3195 1172 3252 1224 et
3293 1168 3364 1224 de
3411 1167 3724 1225 Ecclesias-

2065 1260 2202 1326 tico,
2237 1261 2351 1332 Qui
2381 1259 2780 1330 transgreditur
2808 1275 2842 1314 a
2858 1259 3080 1330 justitia
3099 1258 3167 1313 ad
3191 1258 3720 1330 peccatum,paravit

2065 1365 2190 1404 eum
2217 1349 2359 1403 Deus
2387 1346 2458 1402 ad
2486 1347 2821 1418 romphazum
2851 1347 3038 1415 (Eccti.
3070 1363 3222 1411 xxvr,
3252 1349 3364 1414 27).
3389 1345 3470 1401 De
3501 1345 3718 1419 quibus

2067 1438 2147 1493 ita
2176 1436 2446 1493 catholici
2479 1437 2770 1492 sentiunt:
2793 1435 2932 1508 quia
2953 1435 3198 1508 impium
3221 1435 3292 1491 ad
3319 1434 3471 1490 diem
3493 1434 3716 1491 malum

2065 1531 2338 1599 operatus
2369 1530 2457 1581 est
2486 1525 2790 1593 Dominus,
2807 1528 2864 1580 et
2885 1524 3412 1597 transgredientem
3435 1523 3719 1596 ajustitia

2065 1615 2137 1670 ad
2159 1619 2463 1687 peccatum
2497 1615 2719 1686 paravit
2741 1615 2810 1668 ad
2833 1613 3215 1685 romphazam,
3247 1612 3387 1684 quia
3408 1628 3580 1684 quem
3613 1613 3720 1668 im-

2069 1703 2230 1776 pium
2275 1708 2332 1759 et
2379 1702 2906 1776 transgredientem
2957 1703 3220 1756 futurum
3263 1699 3567 1772 praescivit,
3600 1718 3716 1756 non

2068 1792 2503 1864 praedestinavit
2525 1795 2588 1847 ut
2625 1793 2697 1846 ad
2731 1791 2885 1846 diem
2934 1789 3046 1845 sibi
3097 1789 3414 1856 malum,ct
3441 1789 3514 1844 ad
3559 1805 3714 1844 rom-

2068 1881 2316 1954 phaeam,
2346 1881 2404 1936 id
2437 1884 2525 1936 est
2555 1881 2810 1936 debitam
2843 1878 3084 1934 ultionis
3114 1877 3432 1933 vindictam
3462 1877 3720 1949 perveni-

2069 1974 2172 2034 ret,
2189 1973 2289 2026 sed
2309 1969 2940 2042 permisit,factumque
2958 1966 3188 2040 proprio
3211 1965 3348 2021 vitio
3370 1965 3640 2038 impium,
3661 1969 3719 2024 et

2067 2059 2304 2114 arbitrio
2319 2077 2425 2114 suo
2443 2057 3118 2130 transgressorem,justo
3134 2055 3358 2128 judicio
3371 2055 3717 2110 condemna-

2064 2148 2166 2202 vit.
2186 2147 2291 2214 Qui
2317 2165 2429 2203 non
2454 2148 2580 2203 ideo
2604 2151 2694 2202 est
2715 2147 2934 2220 impius
2961 2147 3368 2216 t‘actus,neque
3389 2147 3480 2200 est
3501 2143 3716 2199 idcirco

2065 2241 2489 2308 transgressus,
2514 2237 2791 2309 quoniam
2812 2236 3033 2308 impius
3059 2236 3290 2290 futurus
3312 2237 3366 2289 et
3394 2237 3718 2306 transgres-

2063 2343 2161 2380 sor
2181 2330 2270 2381 est
2291 2326 2448 2380 aDeo
2473 2326 2778 2398 praescitus
2801 2341 2814 2379 :
2839 2325 2939 2380 sed
2960 2325 3086 2378 ideo
3101 2327 3191 2378 est
3211 2321 3431 2394 impius
3452 2325 3509 2378 et
3533 2326 3719 2378 trans-

2061 2430 2296 2486 gressor
2316 2431 2350 2470 a
2373 2415 2487 2470 Deo
2510 2413 2832 2486 prmscitus,
2851 2413 2988 2486 quia
3007 2411 3225 2484 impius
3245 2415 3303 2466 et
3321 2415 3720 2483 transgressor

2057 2503 2199 2558 vitio
2231 2520 2336 2560 suo
2368 2507 2490 2558 erat
2521 2504 2774 2559 futurus.
2807 2503 3114 2572 Propterea
3147 2499 3482 2573 quicunque
3515 2499 3721 2572 legerit

2061 2592 2170 2648 hoc
2199 2591 2459 2664 Apostoli
2493 2591 2894 2647 testimonium
2929 2590 2988 2644 in
3023 2589 3206 2661 hujus
3230 2589 3400 2644 tertio
3437 2589 3718 2660 compila-

2059 2682 2203 2759 toris
2231 2681 2486 2753 capitulo
2520 2679 2796 2752 positum,
2821 2679 3025 2735 sanius
3052 2679 3377 2734 secundum
3408 2676 3718 2734 catholico-

2061 2789 2190 2826 rum
2205 2770 2440 2826 Patrum
2455 2769 2780 2824 doctrinam
2804 2767 3127 2838 intelligere
3141 2767 3310 2822 debet
3321 2767 3474 2844 quod
3491 2766 3718 2823 dictum

200 2869 212 2879 '
282 2879 316 2907 ιι
352 2856 574 2913 Paulus
605 2873 738 2912 cum
763 2854 956 2912 adhuc
988 2853 1152 2911 rudis
1181 2859 1336 2910 esset
1367 2855 1426 2909 in
1463 2854 1598 2910 ﬁdei
1628 2855 1946 2923 vocatione,

277 2945 436 3018 quia
446 2946 574 3017 jam
595 2943 828 3001 Domini
850 2945 1025 3000 verba
1058 2948 1411 3017 perceperat,
1431 2947 1488 2999 et
1511 2943 1730 2998 caelesti
1762 2944 1952 3016 gratia

277 3034 509 3108 plenus
540 3037 682 3104 erat,
715 3051 818 3090 vas
849 3031 1149 3090 electionis
1176 3031 1672 3104 appellatur,cum
1695 3031 1944 3087 dicitur:

281 3105 396 3179 Vas
437 3124 718 3180 electionis
763 3122 907 3178 mihi
950 3129 1031 3178 est
1077 3121 1317 3194 (Act.1x,
1359 3123 1466 3190 15).
1505 3121 1645 3176 tlinc
1685 3125 1949 3192 pastores
1980 3105 2023 3172 C

276 3217 477 3284 atque
526 3212 788 3268 doctores
817 3210 1102 3284 propheta
1130 3211 1405 3266 admonet
1445 3211 1644 3266 dicens
1677 3229 1690 3265 :
1724 3209 1950 3264 Minuta-

274 3303 440 3356 mim'
465 3301 564 3374 qui
589 3302 746 3370 fertis
775 3317 905 3356 vasa
937 3301 1158 3356 Domini
1179 3300 1304 3370 (Isa.
1340 3317 1434 3367 LII,
1463 3300 1569 3368 11).
1587 3300 1608 3354 I
1615 3298 1704 3372 psi
1734 3298 1950 3355 etenim

277 3390 465 3464 quasi
499 3391 602 3446 42
632 3406 845 3445 mensae
895 3388 1130 3444 Domini
1177 3406 1317 3444 vasa
1357 3392 1608 3460 portant,
1643 3387 1742 3460 qui
1772 3388 1952 3444 vitam

277 3478 567 3535 fidelium
616 3477 934 3534 erudiendo
981 3475 1254 3544 tolerant,
1294 3483 1356 3532 ut
1405 3477 1756 3550 quandoque
1804 3477 1954 3533 hanc

275 3566 553 3624 Domino
583 3566 654 3621 ad
685 3565 1094 3622 holocaustum
1117 3571 1174 3622 et
1195 3565 1548 3621 sacriﬁcium
1572 3566 1950 3638 perducant.»

277 3659 462 3724 Quas
494 3671 746 3726 sequens
776 3653 1096 3711 sententias
1145 3654 1370 3715 Florus,
1404 3670 1484 3708 ex~
1520 3655 1690 3724 cujus
1738 3653 1954 3726 scripto

277 3746 413 3800 iste
445 3743 783 3816 quicunque
800 3743 878 3799 sit
907 3742 1256 3814 compilator
1295 3741 1598 3796 falsidicus
1641 3742 1763 3797 Ι]ωο
1793 3741 1956 3814 capi-

275 3833 428 3890 tula
455 3832 913 3888 commastieans
945 3833 1164 3904 expuit,
1197 3830 1416 3885 ibidem
1449 3831 1686 3902 scripsit
1731 3831 1954 3886 dicens.

2059 2865 2146 2917 est
2168 2860 2238 2914 ab
2260 2857 2533 2930 Apostolo
2558 2875 2571 2912 :
2599 2858 2732 2912 Vasa
2754 2858 2856 2912 ira:
2872 2857 3109 2927 per/"ecta
3130 2855 3211 2910 vel
3231 2861 3412 2926 aptata
3439 2854 3510 2910 ad
3533 2856 3720 2911 interi-

2057 2957 2173 3005 tum
2195 2949 2366 3018 (Rom.
2390 2965 2466 3012 IX,
2489 2949 2854 3016 2'2),peccato
2876 2943 3076 3015 primae
3099 2941 3592 3014 prawarieationis
3617 2960 3630 2997 :
3654 2947 3714 2998 et

2061 3037 2216 3109 quod
2241 3035 2401 3089 dicit.
2429 3033 2586 3089 Facit
2609 3034 2760 3088 Deus
2784 3049 2874 3087 vas
2907 3033 2966 3086 in
2985 3031 3262 3097 honorem,
3288 3028 3510 3099 scilicet
3529 3031 3718 3103 gratia

2061 3129 2118 3180 et
2140 3121 2650 3196 przedestinatione
2673 3137 2686 3176 :
2715 3119 2852 3176 facit
2882 3121 3076 3174 autem
3100 3134 3192 3174 vas
3217 3119 3279 3173 in
3307 3119 3713 3184 contumeliam,

2062 3230 2176 3268 non
2200 3211 2514 3284 operando,
2537 3210 2635 3264 sed
2654 3207 2987 3280 justissima
3007 3207 3348 3274 deserendo,
3371 3205 3522 3262 sicut
3545 3205 3719 3278 plena

2061 3307 2201 3357 sunt
2230 3301 2690 3356 orthodoxorum
2721 3297 3021 3354 volumina
3051 3295 3152 3352 tali
3183 3295 3562 3368 expositione.
3595 3294 3716 3350 Sci-

2062 3390 2195 3446 licet
2221 3391 2323 3446 43
2346 3405 2462 3460 qua
2483 3405 2580 3443 cor
2603 3385 2918 3442 Pharaonis
2957 3385 3112 3456 justo
3145 3384 3370 3456 judicio
3401 3383 3714 3450 induravit,

2064 3481 2219 3554 quod
2244 3495 2344 3552 per
2379 3477 2627 3550 gratiam
2659 3493 2774 3530 non
2816 3473 3098 3530 emollivit
3127 3491 3138 3528 :
3167 3473 3225 3527 in
3247 3473 3558 3544 reprobum
3591 3489 3720 3528 sen-

2065 3587 2198 3625 sum
2230 3585 2299 3624 ex
2327 3565 2712 3622 retributione
2736 3561 3005 3632 justitiae.
3039 3561 3179 3632 quia
3209 3563 3297 3616 est
3327 3565 3629 3632 peccatum
3661 3563 3719 3616 et

2064 3675 2237 3730 poma
2268 3653 2510 3728 peccati.
2549 3653 2612 3708 In
2644 3651 2803 3707 aliud
2835 3667 2986 3722 saepe
3033 3651 3336 3722 peccatum
3387 3652 3721 3720 peccatores

2064 3744 2322 3812 tradidit,
2350 3742 2488 3816 quia
2517 3740 2706 3814 gratia
2739 3757 2854 3794 non
2885 3738 3154 3793 liberavit
3178 3737 3446 3809 :justitia
3478 3753 3718 3792 excmcu-

2065 3835 2168 3900 vit,
2185 3833 2324 3905 quia
2342 3831 2530 3904 gratia
2552 3847 2666 3886 non
2690 3827 3046 3884 illuminavit
3067 3844 3080 3882 :
3101 3844 3202 3883 vas
3225 3827 3284 3882 in
3307 3825 3720 3882 contumeliam

2068 3920 2379 3992 fecit,quia
2400 3921 2563 3992 justo
2595 3919 2652 3972 in
2675 3933 2874 3973 massa
2897 3915 3241 3988 perditionis
3283 3919 3458 3988 atquc
3479 3915 3720 3972 damna-

2068 4010 2244 4066 tionis
2272 4008 2590 4080 reliquit,et
2611 4024 2726 4062 non
2750 4023 2852 4078 per
2873 4005 3121 4078 gratiam
3144 4004 3610 4077 prwdestinando
3622 4020 3723 4060 vas

2070 4097 2408 4154 honorabile
2440 4095 2594 4152 fecit.
2630 4095 2724 4150 Sic
2755 4098 2812 4150 et
2841 4091 3082 4148 inclusit
3112 4092 3392 4164 quoniam
3423 4107 3539 4146 non
3587 4108 3722 4164 ape-

2071 4187 2210 4257 ruit,
2243 4184 2531 4241 destruxit
2561 4183 2699 4256 quia
2729 4200 2845 4238 non
2876 4181 3204 4248 aedificavit,
3241 4179 3510 4253 dexpexit
3547 4196 3723 4250 quem

278 3947 310 3972 ιι
355 3921 538 3978 Unde
581 3920 910 3993 Apostolus,
944 3920 1157 3992 inquit,
1185 3937 1324 3974 vasa
1372 3919 1782 3974 misericordiae
1831 3919 1959 3989 ejus

276 4007 570 4085 appellat
596 4011 769 4078 (Rom.
804 4027 880 4078 ιχ,
910 4011 1028 4081 20),
1059 4011 1124 4064 ut
1149 4009 1480 4064 ostenderet
1509 4007 1741 4062 divitias
1762 4008 1959 4080 gratiae

274 4118 427 4157 sum
458 4115 590 4170 qua:
617 4098 957 4171 praeparavit
979 4097 1040 4152 in
1067 4095 1334 4169 gloriam.
1360 4097 1428 4152 Et
1450 4096 1742 4151 contrario
1765 4100 1960 4151 autem

272 4187 498 4246 malos
527 4186 815 4258 praescivit
843 4203 947 4258 per
977 4185 1271 4258 propriam
1294 4183 1581 4238 malitiam
1606 4182 1791 4240 malos
1814 4185 1965 4238 futu-

269 4294 416 4344 ros,
442 4280 506 4332 et
537 4273 821 4346 praescivit
849 4291 953 4346 per
983 4289 1150 4330 suam
1174 4272 1473 4344 justitiam
1506 4275 1722 4328 aeterna
1743 4271 1964 4328 ultione
2073 4293 2188 4332 non
2215 4272 2576 4346 respexit;-et
2605 4289 2740 4328 eum
2768 4270 2870 4344 qui
2897 4268 3327 4341 transgreditur
3348 4285 3379 4322 a
3393 4266 3632 4340 justitia
3650 4266 3723 4322 ad

267 4363 695 4423 damdandos.
727 4362 892 4419 Sicut
945 4361 1290 4434 praesciebat
1337 4362 1409 4417 de
1463 4360 1620 4416 Juda
1669 4361 1965 4433 proditore
2074 4363 2546 4436 iniquitatem,et
2573 4359 2952 4416 retributione
2965 4355 3208 4429 justitiaa
3230 4355 3384 4411 Deus
3408 4353 3724 4430 paravitad

268 4451 468 4528 quod
497 4467 624 4508 eum
649 4458 783 4508 esset
811 4449 1136 4517 traditurus,
1168 4449 1323 4506 sicut
1367 4448 1746 4522 Evangelium
1797 4448 1961 4516 dicit,
1995 4470 2038 4534 υ
2073 4451 2461 4524 romphaeam;
2493 4454 2552 4504 et
2571 4447 2842 4522 permisit
2861 4449 3066 4518 gentes
3096 4441 3647 4534 ingredivias_suas,
3669 4446 3729 4498 et

263 4559 426 4600 cum
461 4547 599 4596 esset
625 4555 766 4594 unus
806 4555 876 4594 ea:
922 4537 1205 4594 duodecim
1229 4537 1279 4608 (Ι
1305 4541 1468 4594 Joan.
1500 4555 1579 4605 v1,
1611 4539 1705 4606 72)
1739 4552 1752 4591 :
1787 4553 1963 4609 prms-
1995 4530 2028 4534 r
2074 4539 2373 4597 hominem
2419 4536 2644 4594 dimisit
2695 4535 2756 4590 in
2807 4550 2988 4590 manu
3033 4530 3262 4588 consilii
3310 4531 3432 4602 sui;
3466 4531 3726 4590 balteum

267 4631 503 4688 ciebat
530 4627 706 4683 etiam
737 4631 1012 4684 aeternam
1035 4627 1164 4698 ejus
1187 4625 1620 4682 damnationem
1651 4641 1784 4680 cum
1807 4625 1961 4680 dicc-
2074 4646 2276 4702 regum
2289 4627 2518 4697 justum
2541 4623 2862 4680 deserendo
2884 4619 3168 4688 dissolvit,
3184 4620 3322 4677 fune
3337 4637 3505 4677 renes
3523 4636 3726 4677 eorum

269 4724 378 4778 ret
407 4735 425 4772 :
476 4716 562 4772 Va:
591 4725 766 4773 autem
797 4717 1014 4774 homini
1043 4716 1134 4771 illi
1172 4732 1272 4788 per
1317 4731 1474 4788 quem
1524 4715 1676 4786 ﬁlius
1724 4714 1963 4770 hominis
2074 4716 2464 4791 permittendo
2491 4711 2824 4786 praecingit;
2858 4726 2928 4766 ex
2955 4709 3340 4766 retributione
3374 4708 3620 4782 justitiae
3666 4708 3728 4765 in

2073 4805 2452 4862 tentationem
2471 4799 3002 4872 inducit,quoniam
3017 4800 3178 4872 juste
3202 4797 3402 4854 induci
3419 4797 3725 4872 permittit.

2074 4897 2143 4951 Et
2173 4895 2231 4948 in
2262 4894 2392 4963 Job,
2425 4892 2676 4947 Privavit
2725 4891 2865 4946 Deus
2913 4890 3187 4960 sapientia
3219 4887 3360 4957 (Job.
3395 4905 3586 4955 χχχιχ,
3617 4887 3726 4956 17),

2077 4983 2168 5037 cui
2195 4983 2355 5053 justo
2387 4999 2500 5036 non
2533 4977 2692 5034 dedit
2727 4996 2739 5034 :
2775 4979 2924 5034 etde
2954 4977 3047 5033 his
3077 4978 3148 5032 de
3180 4975 3396 5048 quibus
3442 4975 3728 5046 scriptum

2077 5071 2339 5142 est,quia
2367 5085 2477 5124 non
2502 5075 2797 5140 potuerunt
2824 5066 3018 5122 audire
3067 5067 3326 5138 quoniam
3365 5064 3545 5120 vnluit
3587 5062 3728 5117 Deus

2077 5176 2165 5216 eos
2209 5157 2446 5214 occidere
2472 5157 2522 5225 (Ι
2548 5158 2674 5227 Reg.
2711 5173 2771 5222 ιι,
2804 5157 2917 5223 25),
2943 5154 3166 5210 scilicet
3214 5153 3368 5226 quod
3419 5149 3730 5206 mereban—

2081 5253 2175 5303 tur
2211 5265 2224 5303 :
2261 5251 2326 5301 ut
2358 5246 2566 5302 reddat
2587 5243 2828 5316 justitia
2857 5243 3013 5316 quod
3037 5259 3172 5318 non
3223 5238 3489 5310 indulget
3517 5237 3726 5311 gratia.

1950 5402 1958 5409 _
2078 5336 2240 5393 Unde
2261 5340 2318 5390 et
2336 5335 2600 5406 Prosper,
2616 5351 2686 5389 ex
2715 5333 2906 5388 verbis
2937 5330 3122 5388 sancti
3151 5326 3484 5400 Augustini,
3517 5326 3577 5382 in
3608 5343 3731 5384 res-

1108 5460 1178 5474 —
2079 5423 2360 5499 pensione
2391 5422 2738 5496 objectionis
2789 5439 2861 5479 xv
2899 5417 3446 5487 Vincentianarum,
3475 5416 3734 5476 ostendit

2077 5513 2217 5592 quia
2239 5513 2393 5573 sicut
2413 5513 2570 5572 Deus
2589 5511 2811 5572 nemini
2835 5505 3208 5570 correctionis
3231 5504 3442 5570 adimit
3459 5505 3638 5585 viam,
3651 5506 3733 5570 itu

643 5605 925 5710 Parnm.
970 5643 1200 5710 CXXV.
2916 5643 2922 5648 ’
3370 5636 3414 5704 4

269 4807 562 4868 tradetur
593 4823 612 4860 :
635 4806 829 4862 bonum
856 4813 974 4862 erat
997 4807 1050 4862 ei
1078 4807 1130 4861 si
1156 4807 1317 4860 natus
1346 4821 1455 4860 non
1473 4805 1669 4876 fuisset
1688 4803 1844 4860 homo
1871 4804 1966 4858 ille

268 4894 524 4972 (παωι.
554 4911 707 4961 xxvx,
752 4896 867 4964 74).
901 4895 970 4950 Et
1014 4893 1153 4950 item
1204 4893 1389 4949 malos
1431 4910 1546 4948 non
1594 4893 1722 4947 ideo
1778 4891 1964 4964 perire

265 4987 448 5062 quia
479 4981 620 5039 boni
647 5001 772 5040 esse
803 5001 920 5040 non
968 4987 1305 5056 potuerunt,
1340 4983 1442 5037 sed
1486 4981 1626 5054 quia
1667 4980 1802 5035 mali
1837 4996 1964 5034 esse

262 5077 642 5140 voluerunt,
665 5078 723 5130 et
751 5090 858 5130 suo
888 5073 1029 5130 vitio
1057 5089 1197 5128 vasa
1216 5072 1314 5128 ira:
1344 5075 1542 5144 aptata
1572 5069 1630 5124 in
1664 5068 1964 5124 interitum

260 5167 846 5242 perseveravcrunt,
863 5165 924 5218 et
941 5162 1000 5216 in
1019 5178 1215 5218 massa
1229 5159 1572 5233 perditionis
1587 5157 1672 5233 vel
1696 5155 1968 5231 originali

263 5256 374 5314 vel
412 5251 648 5311 actuali
673 5252 882 5309 merito
914 5250 1386 5326 permanserunt:
1422 5272 1449 5300 »
