4042 6188
337 338 450 400 10⁸7

1272 337 1568 400 HINCMA
1582 339 1658 400 ΠΙ
1705 334 2150 400 RHEMENSIS
2193 335 2816 398 ARCHIEPISCOPI:

3629 334 3748 398 {08

333 487 806 542 necquemquam
832 471 966 526 boni
988 471 1376 542 possibilitate
1393 435 1668 542 dispoliat
1691 487 1705 526 :
1731 469 1978 543 quiaqui
2009 473 2064 540 Α
2091 487 2237 536 nem,
2261 469 2528 542 protinus
2557 468 2964 539 addendo,Sed
2995 467 3168 526 libera
3196 483 3295 525 nos
3321 485 3356 524 a
3377 467 3746 537 malo(Matlh.

331 578 393 616 se
424 577 457 614 a
486 560 601 614 Deo
650 559 874 626 avertit,
921 559 933 612 i
943 577 1043 631 pse
1073 563 1129 614 et
1166 559 1308 616 velle
1357 561 1510 632 quod
1559 561 1778 616 bonum
1810 564 1899 615 est
1929 564 1987 614 et

330 666 500 720 posse
555 647 665 703 sibi
723 648 982 704 sustulit.
1019 649 1144 703 Non
1184 653 1273 704 est
1315 667 1450 722 ergo
1502 665 1893 721 consequens,
1922 652 1988 704 ut

331 737 486 792 Deus
509 735 724 809 quibus
747 736 1150 808 prnnitentiam
1174 754 1286 791 non
1308 737 1534 792 dederit
1573 737 1986 810 respiccntiam

333 826 661 900 abstulerit,
678 829 736 881 et
757 842 902 896 quos
924 843 1038 879 non
1061 824 1638 893 levaverit,alliserit:
1668 842 1802 881 cum
1826 825 1985 880 aliud

337 915 415 970 sit
444 915 735 970 insontem
769 914 826 968 in
859 914 1078 969 crimen
1113 913 1322 986 egisse,
1357 915 1510 986 quod
1546 913 1802 969 alienum
1835 917 1924 969 est
1953 931 1988 968 a

338 1005 454 1060 Deo
488 1003 646 1059 aliud
678 1003 995 1058 criminose
1027 1003 1254 1058 veniam
1289 1021 1402 1059 non
1452 1002 1702 1069 dedisse,
1727 1003 1880 1074 quod
1915 1002 1987 1057 de

338 1092 657 1166 peccatoris
687 1098 776 1148 cst
805 1095 1032 1147 merito.
1068 1094 1196 1147 Istae
1229 1096 1367 1148 sunt
1397 1093 1524 1147 duae
1567 1095 1845 1158 sortes,et
1869 1092 1985 1146 duo

335 1181 578 1238 funiculi
613 1181 885 1250 dimensi,
911 1199 1064 1237 unus
1097 1183 1171 1236 ad
1206 1181 1612 1247 occidendum,
1637 1185 1694 1235 et
1727 1197 1882 1236 unus
1912 1181 1984 1236 ad

332 1271 770 1339 vivificandnm,
795 1271 1229 1326 commemorati
1265 1272 1335 1325 de
1363 1269 1670 1342 scripturis
1693 1269 1750 1324 in
1789 1269 1986 1326 libello

336 1360 533 1416 domni
558 1359 953 1427 Prudentii,ad
979 1360 1442 1415 confirmandam
1475 1358 1825 1414 sententiam
1848 1359 1986 1430 quia

333 1453 473 1506 sunt
503 1447 730 1520 reprobi
782 1466 814 1502 a
848 1449 961 1502 Deo
995 1447 1389 1520 prmdestinati
1422 1449 1488 1502 ad
1525 1451 1798 1514 mortem,
1835 1447 1988 1503 sicut

334 1537 500 1594 electi
533 1537 604 1592 ad
635 1536 828 1591 vitam.
869 1537 976 1592 Sed
1030 1535 1262 1603 melius,
1289 1537 1428 1608 quia
1473 1536 1688 1601 verius,
1717 1537 1982 1608 Prosper,

333 1631 401 1682 ut
421 1625 695 1694 diximus,
713 1642 779 1680 ex
803 1625 993 1681 verbis
1025 1626 1209 1681 sancti
1251 1625 1584 1697 Augustini,
1610 1624 1860 1696 qualiter
1889 1642 1983 1679 ca-

330 1715 542 1770 tholice
572 1713 896 1786 intelligere
927 1715 1246 1770 debeamus
1290 1714 1632 1786 hujusmodi
1673 1714 1984 1786 Scriptura:

331 1820 508 1860 sacrae
538 1803 860 1858 locutiones
893 1802 1440 1874 aperuit.Vidclicct
1475 1802 1610 1874 quia
1639 1807 1741 1858 aut
1772 1804 1843 1858 ad
1876 1804 1984 1858 do-

337 1909 478 1948 num
497 1892 749 1965 pcrtinet
767 1891 1105 1964 grati:e,aut
1136 1892 1207 1946 ad
1251 1892 1692 1947 retrlbutionem
1717 1892 1985 1964 justitize,

337 1980 625 2053 quidquid
684 1980 838 2034 Deus
879 1979 1330 2034 misericorditer
1367 1980 1854 2052 justeque'facit,
1889 1981 1987 2053 qui

341 2068 475 2124 fecit
504 2086 630 2140 qua:
665 2069 860 2122 futura
881 2067 1191 2139 sunt,quia
1224 2072 1287 2121 ut
1307 2070 1364 2123 S.
1389 2068 1988 2141 Augustinusdicitin

340 2155 488 2212 libro
509 2157 578 2211 de
597 2157 752 2211 Bono
776 2156 1231 2228 perseverantire,
1251 2156 1392 2211 nihil
1425 2161 1515 2212 est
1547 2157 1658 2212 nisi
1701 2157 1852 2229 quod
1888 2161 1990 2212 aut

338 2245 464 2318 ipse
487 2245 753 2310 fecit,aut
776 2246 896 2299 ﬁeri
933 2246 1056 2318 ipse
1079 2245 1457 2317 permittit,et
1485 2245 1542 2300 in
1576 2245 1724 2301 libro
1747 2246 1816 2300 de
1847 2246 1988 2302 Gra-

338 2333 420 2390 tia
449 2337 506 2390 et
535 2333 716 2390 libero
735 2333 988 2388 Arbitrio
1010 2335 1080 2389 ad
1103 2333 1478 2389 Valentinum
1513 2338 1570 2389 et
1599 2351 1733 2390 cum
1766 2349 1832 2389 eo
1864 2351 1987 2389 mo-

337 2423 556 2479 nachos
579 2423 717 2495 (cap.
743 2423 833 2494 21)
859 2439 872 2478 :
899 2445 924 2470 ‹‹
951 2423 1155 2477 Fixum
1189 2423 1342 2476 enim
1359 2423 1529 2478 debet
1549 2439 1676 2479 esse
1694 2427 1750 2478 et
1772 2423 1986 2478 immo-

336 2511 450 2567 bile
475 2511 534 2566 in
565 2512 738 2568 corde
768 2513 978 2577 vestro,
1013 2511 1150 2582 quia
1199 2529 1313 2566 non
1363 2516 1452 2567 est
1501 2510 1784 2584 iniquitas
1832 2511 1988 2583 apud

335 2605 544 2667 Deum;
577 2617 643 2656 ac
663 2617 765 2672 per
786 2599 894 2654 hoc
918 2601 1152 2670 quando
1174 2599 1367 2672 legitis
1389 2600 1447 2655 in
1470 2600 1681 2656 litteris
1702 2599 1986 2669 veritatis,

333 2694 500 2746 aDeo
522 2688 720 2744 seduci
742 2687 1032 2755 homines,
1050 2693 1150 2744 aut
1179 2689 1422 2744 obtundi
1447 2689 1535 2744 vel
1558 2689 1834 2744 obdurari
1862 2706 1988 2744 cor-

333 2778 408 2834 da
437 2776 852 2846 eorum,nolite
895 2777 1162 2832 dubitare
1195 2777 1562 2849 prmcessisse
1593 2777 1750 2834 mala
1781 2779 1992 2834 merita

335 2882 558 2934 eorum,
575 2866 809 2936 utjuste
825 2863 938 2920 ista
962 2868 1398 2936 paterentur,nc
1421 2865 1736 2920 incurratis
1758 2865 1816 2920 in
1838 2863 1987 2920 illud

333 2953 704 3028 proverbium
753 2953 1082 3009 Salomonis
1115 2969 1128 3008 :
1163 2955 1492 3026 [nsipientia
1521 2956 1633 3010 viri
1660 2955 1830 3010 violat
1872 2954 1990 3010 vias

333 3045 469 3117 ejus,
497 3048 672 3100 Deum
691 3050 872 3098 autem
891 3050 1150 3098 causatur
1170 3043 1228 3097 in
1250 3042 1408 3098 corde
1425 3059 1524 3099 suo
1541 3043 1724 3113 (Prov.
1750 3041 1988 3114 x1x,3).»

332 3133 402 3188 Et
421 3132 479 3188 in
503 3133 706 3188 eodem
730 3135 860 3203 post
884 3129 1186 3202 aliquanta
1213 3133 1356 3204 (cap.
1379 3133 1471 3200 23)
1497 3150 1510 3187 :
1536 3132 1828 3197 «Quando
1849 3147 1986 3203 ergo

2093 577 2172 626 VI,
2207 559 2316 628 13),
2348 559 2659 615 manifeste
2689 559 2990 627 docemus,
3005 559 3134 630 ejus
3165 557 3442 614 inducere
3473 557 3534 614 in
3565 560 3752 614 tenta-

2095 646 2313 704 tionem
2345 665 2462 703 non
2492 664 2621 704 esse
2649 645 2809 703 aliud
2841 664 3018 720 quam
3052 663 3168 702 non
3197 645 3446 702 liberare
3483 663 3518 701 a
3559 645 3747 715 male;

2097 737 2226 808 ejus
2247 738 2486 810 perdere
2508 735 2768 792 animam
2800 753 2929 792 esse
2961 754 2994 792 a
3022 734 3348 808 perditione
3377 733 3601 791 salvam
3631 752 3750 790 non

2096 826 2304 882 facere.
2342 848 2370 875 ››
2401 827 2472 881 Et
2519 828 2759 882 sanctus
2809 824 3123 898 Gregorius
3173 824 3233 879 in
3278 823 3428 880 libro
3469 823 3750 898 vigesimo

2096 931 2250 970 nono
2301 914 2440 988 (cap.
2493 915 2582 983 15)
2613 912 2926 970 Moralium
2957 929 2971 968 :
3004 936 3032 962 «
3084 912 3502 985 Semetipsum,
3535 911 3750 985 inquit,

2097 1003 2382 1059 Dominus
2414 1003 2522 1059 hoc
2552 1001 2684 1077 gelu
2701 1002 2944 1076 gignere
2963 993 3256 1075 perhibet;
3282 1019 3395 1058 non
3421 1018 3534 1074 quo
3556 1018 3757 1075 pravo-

2097 1107 2229 1146 rum
2253 1095 2482 1147 mentes
2501 1089 2627 1163 ipse
2649 1091 2720 1146 ad
2743 1089 2977 1162 culpam
3009 1089 3243 1160 format,
3267 1089 3369 1146 sed
3391 1105 3506 1161 quo
3529 1107 3562 1144 a
3581 1088 3759 1164 culpa

2097 1197 2214 1235 non
2263 1179 2502 1246 liberat;
2535 1178 2689 1235 sicut
2730 1179 3016 1251 scriptum
3047 1181 3154 1248 est,
3187 1178 3294 1250 Ego
3345 1177 3619 1234 obdurabo
3659 1194 3757 1234 cor

2094 1269 2402 1325 Pharaonis
2433 1268 2624 1337 (Exod.
2657 1285 2715 1324 ιν
2734 1271 2791 1324 et
2809 1267 2930 1340 vn),
2953 1267 3108 1340 quod
3129 1265 3268 1339 quia
3296 1265 3754 1323 misericorditer

2097 1356 2324 1414 mollire
2355 1357 2560 1426 noluit,
2593 1357 2850 1430 profecto
2879 1355 3140 1412 districte
3187 1373 3249 1412 se
3279 1355 3567 1412 obdurare
3594 1373 3747 1411 nun-

2097 1445 2280 1502 tiavit.
2299 1469 2326 1494 ››
2359 1446 2504 1502 Hinc
2535 1449 2774 1502 sanctus
2805 1445 3170 1518 Augustinus
3201 1443 3261 1500 in
3300 1443 3528 1518 psalmo
3557 1461 3701 1500 xxxv
3731 1461 3748 1501 :

2097 1535 2262 1592 Dedit
2312 1535 2444 1592 illos
2491 1535 2632 1590 Deus
2679 1537 2738 1590 in
2787 1534 3250 1606 concupiscentias
3296 1531 3477 1589 cordis
3507 1531 3754 1601 illorum,

2093 1629 2276 1695 facere
2305 1637 2430 1696 (μίτοι)
2457 1639 2568 1678 ηοη
2598 1623 2927 1678 conveniunt
2955 1621 3128 1692 (Rom.
3164 1634 3203 1687 ι,
3235 1619 3347 1692 28).
3373 1619 3432 1676 Si
3469 1625 3614 1676 Deus
3644 1619 3758 1676 hoc

2098 1713 2239 1768 facit
2263 1717 2328 1767 ut
2347 1712 2564 1768 faciant
2585 1728 2712 1784 quae
2734 1727 2850 1766 non
2889 1708 3262 1780 conveniunt,
3283 1709 3425 1781 quid
3469 1708 3579 1782 ipsi
3611 1709 3759 1765 fece-

2098 1804 2274 1857 runt?
2293 1802 2441 1874 Ergo
2465 1801 2572 1856 fuit
2595 1798 3088 1872 concupiscentia,
3111 1814 3288 1871 quam
3310 1802 3541 1854 vtneere
3558 1796 3757 1854 nolue-

2102 1889 2367 1958 runt,cui
2394 1890 2762 1946 traderentur
2787 1887 3014 1958 judicio
3038 1886 3222 1958 Dei,si
3255 1891 3358 1943 aut
3387 1885 3547 1961 digni
3576 1885 3758 1942 habe-

2101 1984 2304 2035 rentur
2323 1979 2423 2051 qui
2455 1979 2847 2034 traderentur.
2869 1999 2896 2028 »
2921 1978 2992 2032 Et
3021 1976 3079 2032 in
3103 1963 3329 2049 psalmo
3359 1993 3532 2033 xxvnt
3555 1992 3569 2031 :
3591 2000 3618 2025 ‹‹
3640 1974 3757 2031 Alii

2100 2067 2374 2124 dicebant
2396 2068 2586 2122 Bonus
2617 2070 2726 2133 est,
2747 2065 2844 2121 alii
2875 2064 3112 2122 Non.Ut
3139 2064 3284 2120 alios
3315 2063 3376 2119 in
3408 2063 3757 2120 charitatem

2100 2174 2270 2213 suam
2295 2156 2604 2228 trajiceret,
2620 2155 2764 2211 alios
2785 2154 2846 2210 in
2877 2153 3102 2210 malitia
3119 2170 3320 2210 eorum
3343 2153 3756 2226 relinqueret.»

2100 2246 2170 2301 Et
2201 2245 2259 2300 in
2291 2244 2518 2318 psalmo
2545 2261 2598 2300 v1
2625 2261 2636 2300 :
2661 2244 2816 2300 Dedit
2843 2245 2967 2300 illos
2997 2245 3137 2299 Deus
3187 2245 3248 2298 in
3296 2241 3586 2315 reprobum
3632 2257 3758 2297 sen-

2098 2351 2242 2390 sum.
2275 2335 2423 2389 Nam
2455 2349 2522 2390 ea
2553 2337 2644 2389 est
2682 2332 2912 2390 cmcitas
2951 2332 3156 2388 menti.
3190 2332 3254 2388 In
3303 2348 3434 2388 eam
3482 2329 3759 2404 quisquis

2100 2423 2274 2478 datus
2326 2423 2500 2479 fuerit
2543 2423 2617 2478 ab
2663 2422 2936 2478 interiore
2967 2421 3068 2478 Dei
3111 2421 3240 2477 luce
3270 2419 3616 2488 secludiiur;
3650 2418 3754 2476 sed

2099 2512 2364 2567 nondum
2395 2511 2628 2584 penitus
2651 2529 2784 2567 cum
2818 2511 2877 2566 in
2898 2511 3008 2566 hac
3024 2510 3142 2566 vita
3162 2514 3252 2566 est
3275 2526 3288 2566 :
3323 2513 3462 2566 sunt
3480 2507 3636 2565 enim
3667 2510 3755 2564 te-

2099 2600 2290 2656 nebrze
2332 2599 2806 2673 cxteriores,qua2
2831 2599 3021 2673 magis
3052 2599 3126 2656 ad
3155 2598 3310 2655 diem
3334 2596 3544 2672 judicii
3575 2596 3755 2670 perti-

2099 2705 2236 2745 nere
2267 2687 2695 2761 intelliguntur,
2719 2693 2784 2744 ut
2815 2687 3051 2761 penitus
3078 2691 3238 2744 extra
3267 2687 3452 2742 Deum
3489 2685 3566 2742 sit
3592 2684 3756 2758 quis-

2099 2779 2233 2851 quis
2255 2778 2397 2834 dum
2414 2782 2647 2851 tempus
2674 2781 2766 2834 est
2790 2777 3002 2851 corrigi
3029 2776 3340 2833 noluerit.»
3359 2776 3430 2832 Et
3447 2775 3503 2832 ia
3523 2773 3754 2848 psalmo

2097 2884 2134 2924 v
2165 2885 2178 2923 :
2217 2889 2245 2919 «
2267 2867 2412 2923 Cum
2443 2866 2614 2940 punit
2637 2871 2786 2924 Deus
2816 2871 3169 2940 peccatores,
3195 2883 3311 2922 non
3335 2863 3555 2921 malum
3576 2879 3755 2920 suum

2099 2957 2185 3014 eis
2232 2956 2428 3026 infert,
2461 2957 2562 3013 sed
2612 2955 2785 3013 malis
2834 2972 3036 3012 eorum
3086 2972 3184 3012 eos
3232 2953 3550 3010 dimittit.»
3584 2953 3654 3009 Et
3693 2952 3754 3008 in

2099 3044 2326 3119 psalmo
2352 3063 2430 3101 vu
2463 3062 2476 3102 :
2511 3069 2539 3096 ‹‹
2574 3045 2715 3102 Esse
2745 3045 2818 3100 ad
2840 3043 3032 3101 lucem
3063 3043 3333 3116 pertinet,
3356 3059 3470 3098 non
3509 3057 3635 3098 esse
3678 3039 3752 3097 ad

2099 3135 2392 3192 tenebras.
2413 3133 2522 3202 Qui
2551 3151 2686 3208 ergo
2719 3133 2936 3191 deserit
2963 3149 3098 3189 eum
3130 3149 3164 3189 a
3189 3149 3306 3204 quo
3335 3131 3525 3187 factus
3555 3132 3664 3197 est,
3697 3132 3757 3185 et

334 3221 554 3277 auditis
595 3221 884 3276 dicentem
933 3220 1244 3274 Dominum
1279 3236 1292 3275 :
1328 3222 1434 3291 Ego
1484 3223 1746 3276 Dominus
1787 3220 1987 3276 saturi
2015 3211 2058 3278 C
2096 3223 2344 3279 inclinat
2361 3223 2420 3278 in
2452 3222 2510 3278 id
2543 3223 2697 3278 unde
2729 3223 2919 3279 factus
2948 3220 3128 3289 est,id
3159 3219 3335 3278 estin
3382 3218 3656 3287 nihilum,
3689 3216 3753 3274 in

329 3309 646 3383 prophetam
678 3311 840 3364 illum
865 3309 1075 3380 (Ezech.
1108 3326 1223 3375 xxv,
1255 3309 1310 3376 9)
1342 3325 1356 3363 :
1389 3312 1445 3363 et
1475 3311 1631 3380 quod
1686 3309 1768 3364 ait
1803 3311 1986 3381 Apos-

330 3398 486 3454 tolus
518 3415 532 3454 :
569 3398 734 3471 Cujus
781 3398 898 3453 vult
941 3400 1248 3464 miseretur,
1285 3405 1336 3453 et
1381 3415 1536 3468 quem
1589 3399 1706 3452 vult
1760 3398 1990 3454 obdurat

331 3487 508 3557 (Rom.
540 3504 617 3554 1x,
645 3489 751 3556 18),
787 3487 845 3542 in
878 3502 944 3541 eo
976 3502 1151 3556 quem
1185 3485 1381 3540 seduci
1418 3489 1523 3542 44
1567 3485 1853 3558 permittit
1898 3486 1988 3543 vel

333 3575 631 3641 obdurari,
667 3575 818 3630 mala
848 3576 976 3647 ejus
1009 3574 1237 3640 merita,
1274 3573 1331 3628 in
1366 3591 1432 3629 ea
1463 3592 1596 3630 vero
1626 3575 1796 3646 cujus
1821 3575 1989 3631 misc-
2041 3592 2046 3597 ·

334 3669 514 3731 retur,
544 3665 794 3738 gratiam
827 3665 926 3718 Dei
975 3682 1087 3742 non
1142 3663 1439 3718 reddentis
1471 3663 1625 3719 mala
1655 3681 1756 3736 pro
1789 3663 1984 3733 malis,

333 3753 435 3810 sed
467 3754 620 3809 bona
645 3771 748 3824 pro
783 3753 974 3820 malis,
1009 3746 1257 3806 ﬁdeliter
1285 3758 1343 3806 et
1372 3752 1775 3808 indubitanter
1804 3769 1987 3826 agno-

333 3841 498 3898 scite.
523 3843 638 3897 Nec
669 3841 796 3896 ideo
825 3841 1102 3896 auferatis
1134 3858 1166 3894 a
1215 3841 1512 3897 Pharaone
1552 3841 1800 3896 liberum
1833 3841 1986 3896 arbi-

334 3930 536 3998 trium,
571 3931 710 4003 quia
741 3930 944 3986 multis
976 3929 1116 3986 locis
1161 3929 1301 3985 dicit
1349 3931 1504 3987 Deus
1537 3947 1551 3986 :
1584 3933 1699 4003 Ego
1730 3930 1990 3987 induravi

335 4019 700 4088 Pharaonem,
723 4019 812 4075 vel
840 4019 1097 4074 induravi
1117 4017 1219 4074 aut
1249 4019 1516 4077 indurabo
1546 4037 1638 4076 cor
1681 4020 1988 4076 Pharaonis

339 4109 465 4164 Non
497 4107 652 4164 enim
685 4113 990 4180 propterea
1019 4108 1142 4180 ipse
1175 4107 1397 4163 Pharao
1429 4127 1544 4164 non
1575 4107 1870 4164 induravit
1891 4125 1990 4164 cor

337 4213 546 4265 suum;
585 4213 719 4252 nam
752 4202 809 4252 et
839 4197 947 4252 hoc
993 4197 1064 4252 de
1114 4195 1212 4250 illo
1264 4196 1495 4269 legitur,
1529 4197 1764 4269 quando
1794 4195 1990 4251 ablata

343 4288 434 4340 est
462 4284 534 4339 ab
579 4283 860 4356 Egyptiis
919 4284 1224 4357 cyuomyia
1271 4284 1498 4340 dicente
1547 4284 1892 4357 Scriptura:
1927 4285 1994 4340 Et

341 4373 662 4444 aggravavit
688 4373 904 4428 Pharao
952 4389 1044 4428 cor
1084 4389 1247 4427 suum
1290 4381 1340 4427 et
1387 4373 1447 4431 in
1495 4374 1594 4428 isto
1645 4381 1898 4445 tempore,
1941 4381 1992 4430 et

338 4463 520 4518 noluit
547 4460 818 4518 dimittere
843 4464 1106 4534 populum
1129 4461 1317 4534 (Exod.
1351 4461 1500 4534 vm);
1536 4479 1602 4518 ac
1647 4478 1748 4535 per
1795 4461 1904 4518 hoc
1935 4467 1991 4518 et

2095 3313 2206 3369 hoc
2237 3316 2474 3386 peccato
2502 3312 2862 3380 tenebratur,
2877 3315 2934 3368 et
2962 3315 3160 3367 tamen
3183 3327 3298 3366 non
3321 3307 3555 3382 penitus
3574 3305 3750 3380 perit,

2097 3403 2198 3458 sed
2233 3402 2290 3458 in
2325 3401 2547 3458 inﬁmis
2572 3401 2898 3457 ordinatur.
2927 3422 2955 3452 »
2989 3399 3092 3456 His
3121 3397 3541 3455 catholicorum
3574 3395 3753 3452 docu-

2102 3491 2320 3547 mentis
2351 3494 2631 3564 agnoscat
2659 3489 3052 3563 capitulorum
3102 3486 3469 3560 compilator,
3502 3483 3648 3542 nihil
3691 3500 3754 3541 se

2098 3579 2362 3652 adjuvari
2381 3595 2552 3652 posse
2573 3596 2607 3634 a
2629 3578 2935 3652 Fulgentio
2959 3577 3018 3633 in
3040 3575 3402 3650 expositione
3423 3574 3754 3632 secundum

2099 3685 2274 3724 suum
2308 3685 2547 3723 sensum
2582 3667 2763 3739 hujus
2794 3667 2894 3723 45
2926 3664 3228 3739 apostolici
3253 3662 3758 3730 testimonii.Qua-

2097 3761 2336 3829 propter
2365 3755 2434 3810 ad
2470 3755 2892 3828 perscrutanda
2922 3753 3162 3827 capituli
3216 3753 3441 3826 reliqua
3492 3756 3752 3808 transea-

2097 3863 2255 3902 IDUS.

2749 3959 2980 4016 CAPUT
3017 3959 3110 4016 XI.

2198 4085 2272 4140 De
2295 4083 2702 4156 perserutandis
2721 4084 2950 4156 capituli
2976 4083 3350 4156 subsequentis
3379 4081 3650 4154 reliquiis.

2171 4198 2432 4271 Denique
2453 4199 2535 4254 ait
2555 4203 2771 4266 noster,
2790 4197 2930 4271 quia
2947 4197 3208 4255 veritatis
3231 4196 3557 4254 secundum
3579 4211 3752 4251 suam

2099 4287 2548 4361 intelligentiam
2562 4287 2984 4344 infestissimus
2995 4285 3459 4361 persecutor,«ln
3473 4283 3754 4340 electione

2098 4380 2294 4432 tamen
2319 4375 2733 4432 salvandorum
2767 4374 3229 4432 misericordiam
3278 4372 3380 4430 Dci
3426 4371 3788 4446 praecedere-

2099 4467 2374 4523 meritum
2391 4466 2612 4522 bonum
2637 4483 2650 4522 :
2675 4465 2736 4521 in
2757 4463 3130 4521 damnatione
3147 4466 3340 4520 autem
3355 4460 3753 4535 periturorum

340 4549 500 4648 Deus
525 4550 940 4648 induravit
960 4549 1588 4648 justumjudiciummt
1620 4551 1744 4624 ipse
1769 4551 1989 4608 Pharao
2022 4583 2068 4648 Ι)
2099 4555 2322 4612 malum
2353 4553 2628 4610 meritum
2651 4547 2974 4627 praecedere
3002 4553 3234 4625 justum
3257 4550 3354 4606 Dei
3376 4549 3695 4624 judicium.
3723 4572 3754 4600 ››

340 4656 444 4712 per
463 4639 714 4695 liberum
737 4637 1104 4693 arbitrium.»
1127 4639 1314 4710 Hujus
1341 4639 1516 4695 etiam
1539 4639 1852 4697 locutionis
1875 4658 1994 4696 mo-

342 4729 483 4784 dum
505 4732 562 4783 et
583 4729 736 4782 Beda
757 4728 813 4780 in
837 4727 1094 4782 secundo
1123 4727 1271 4783 libro
1293 4730 1602 4784 commenti
1630 4730 1795 4784 Lucae
1817 4748 1990 4787 evan-

340 4815 559 4888 gelista
597 4815 1290 4888 demonstrat,exponens
1323 4817 1672 4874 sententiam
1703 4817 1841 4873 dicti
1887 4819 1993 4875 Do-

339 4902 562 4969 minici,
585 4903 842 4959 animam
874 4904 1092 4960 salvam
1127 4905 1310 4961 facere
1341 4923 1414 4961 an
1461 4907 1717 4978 perdere,
1743 4907 1851 4962 hoc
1900 4912 1990 4964 est

339 4991 639 5048 hominem
662 5010 863 5048 curare
877 5011 949 5049 an
976 5011 1090 5049 non
1107 5011 1119 5049 :
1137 5019 1161 5043 ‹‹
1181 4995 1338 5050 Idem
1355 4996 1608 5068 estquod
1627 4995 1988 5066 praemiserat

338 5082 485 5138 bene
512 5082 698 5138 facere
724 5101 796 5138 an
820 5083 972 5138 male
999 5101 1012 5140 ε
1036 5101 1150 5138 non
1183 5085 1336 5156 quod
1374 5085 1523 5140 Deus
1544 5100 1774 5139 summe
1795 5084 1984 5140 bonus

337 5175 542 5227 auctor
571 5171 710 5228 mali
741 5172 909 5228 nobis
937 5177 1040 5228 aut
1069 5173 1416 5245 perditionis
1459 5188 1586 5228 esse
1635 5171 1850 5244 possit;
1884 5173 1986 5228 sed

337 5261 493 5332 quod
525 5262 652 5334 ejus
683 5279 798 5317 non
821 5261 1040 5318 salvare
1065 5262 1374 5333 Scriptura:
1405 5260 1825 5316 consuetudine
1855 5277 1984 5332 per-

337 5349 472 5406 dere
495 5351 740 5419 dicatur,
758 5351 911 5407 sicut
934 5350 1147 5406 dicitur
1177 5350 1484 5404 indurassc
1515 5364 1613 5403 cor
1643 5347 1982 5422 Pharaonis,

337 5455 453 5494 non
485 5441 639 5512 quod
663 5439 836 5496 molle
857 5437 1364 5501 obduraverit,scd
1389 5437 1543 5508 quod
1576 5436 1803 5492 meritis
1834 5455 1986 5510 prae-

335 5528 677 5586 cedentibus
709 5530 1060 5586 obduratum
1090 5524 1548 5580 misericorditer
1583 5525 1844 5582 emollire
1875 5545 1982 5583 no-

333 5615 613 5702 luerit.Et
650 5635 784 5677 cum
823 5634 1118 5695 rogamus,
1152 5615 1227 5672 Ne
1255 5630 1352 5673 nos
1383 5614 1610 5673 inducas
1640 5617 1701 5674 in
1731 5619 1984 5678 tentatio-

2103 4643 2300 4700 Noluit
2328 4643 2450 4698 haec
2497 4643 2608 4699 iste
2656 4641 3003 4715 compilator
3049 4642 3134 4698 sic
3191 4656 3424 4714 ponere,
3455 4637 3609 4696 sicut
3649 4637 3754 4696 illa

2101 4732 2308 4790 Florus
2355 4733 2415 4788 in
2466 4749 2572 4789 suo
2621 4732 2837 4805 scripto
2887 4732 3034 4788 bene
3081 4728 3309 4786 studuit
3337 4743 3570 4802 ponere,
3602 4730 3660 4784 et
3688 4726 3751 4784 in

2099 4827 2555 4896 quantocunque
2583 4820 2685 4876 illa
2713 4819 2906 4878 verbis
2935 4817 3311 4888 convertit,in
3341 4822 3503 4873 tanto
3539 4833 3576 4872 a
3594 4821 3752 4872 recto

2098 4928 2273 4966 sensu
2305 4911 2597 4984 pervertit.
2623 4909 2776 4965 Dixit
2805 4925 3061 4981 namque
3091 4907 3206 4977 illc,
3233 4929 3261 4958 «
3285 4905 3415 4963 Sive
3461 4909 3655 4962 autem
3686 4905 3752 4960 in

2096 4997 2213 5054 illis
2235 4999 2335 5071 qui
2367 4997 2669 5054 salvantur
2697 4998 2816 5054 sive
2836 4998 2896 5053 in
2925 4997 3041 5053 illis
3061 4995 3160 5069 qui
3191 4999 3456 5068 pereunt,
3477 4993 3752 5050 voluntas

2097 5086 2330 5159 propria
2361 5091 2789 5154 remuneratur,
2819 5086 3090 5142 voluntas
3128 5083 3364 5158 propria
3409 5084 3749 5139 damnatur.

2096 5175 2207 5231 Sed
2239 5175 2298 5230 in
2321 5174 2613 5248 illis,quia
2643 5193 2746 5248 per
2781 5175 3030 5250 gratiam
3066 5173 3296 5230 Domini
3327 5170 3632 5229 salvatoris
3659 5173 3754 5226 est

2096 5267 2322 5332 sanata,
2340 5268 2406 5320 ut
2435 5281 2504 5321 ex
2533 5263 2692 5320 mala
2718 5268 2776 5320 et
2811 5281 2988 5336 prava
3023 5263 3188 5319 fieret
3206 5263 3361 5320 bona
3377 5266 3434 5318 et
3455 5264 3629 5326 recta,
3657 5263 3754 5316 est

2094 5351 2477 5426 proculdubio
2525 5351 2872 5424 dignissime
2913 5356 3209 5409 coronata.
3245 5353 3310 5408 In
3351 5350 3484 5408 istis
3527 5352 3749 5419 autem,

2094 5441 2234 5514 quia
2262 5459 2377 5498 non
2400 5441 2719 5514 acquiescit
2739 5457 2844 5514 per
2863 5440 3221 5499 Salvatorem
3242 5441 3496 5514 recipere
3527 5435 3752 5496 sanita-

2092 5529 2570 5604 tem,justissime
2600 5547 2703 5604 per
2730 5532 3004 5588 eumdem
3025 5531 3289 5605 judicem
3320 5529 3534 5586 sentiet
3551 5541 3755 5602 perpe-

2091 5623 2257 5678 tuam
2288 5619 2784 5680 domnationem.»
2815 5621 2886 5680 Et
2905 5636 3084 5701 supra
3114 5637 3128 5680 :
3162 5645 3190 5674 ‹‹
3225 5621 3374 5696 Ergo
3396 5618 3581 5678 bonos
3603 5631 3752 5694 pm-
