4006 6194
297 324 411 386 100

995 324 1098 386 DE
1140 322 1903 387 PIUEDES'I‘INA'I‘IONE
1949 322 2467 389 DlSSEllTATIO
2513 329 2975 391 POSTERIOR.

3594 332 3709 392 110

297 455 467 513 scivit
494 456 743 511 omnino
762 460 822 513 et
852 473 954 528 per
972 456 1218 529 gratiam
1243 474 1411 513 suam
1438 457 1622 513 bonos
1645 457 1958 524 futuros,et
1983 458 2032 524 A
2066 457 2292 514 vivendi
2316 460 2536 515 donum
2564 461 2863 533 pervenire
2883 466 3236 531 mereantur,
3259 463 3411 521 sicut
3428 464 3711 521 Dominus

296 563 403 618 per
430 545 703 600 eamdem
744 545 993 618 gratiam
1033 549 1247 601 {eterna
1290 546 1526 613 praemia
1567 550 1907 617 accepturos
1943 562 1955 599 :

297 635 353 689 id
389 638 478 690 est
508 633 569 688 in
604 633 881 705 praesenti
927 632 1139 689 saeculo
1186 634 1332 690 bene
1360 633 1614 690 victuros
1645 638 1704 690 et
1751 633 1812 689 in
1863 633 1958 689 fu-

293 727 429 779 turo
474 720 726 778 feliciter
762 722 1226 778 remunerandus
1259 739 1272 776 :
1308 728 1624 795 utrumque
1664 727 1859 778 tamen
1891 739 1961 778 ex

295 811 452 866 dono
483 808 905 866 misericordiae
935 809 1059 865 Dei.
1083 809 1248 866 Unde
1277 810 1591 882 Apostolus
1613 827 1752 865 vasa
1782 809 1958 865 mise-

292 898 560 954 ricordiae
591 897 724 969 ejus
755 896 1013 970 appellat
1043 897 1246 954 dicens
1272 914 1285 951 :
1320 900 1383 955 Ut
1410 899 1708 955 ostenderet
1735 898 1959 953 divitias

293 989 499 1057 gratiae
526 1001 652 1042 sum
680 988 743 1041 in
772 1002 903 1041 vasa
929 986 1345 1053 misericordiae,
1378 1002 1504 1059 quae
1536 988 1872 1059 praeparavit
1899 988 1960 1041 in

286 1076 533 1147 gloriam
562 1075 741 1142 (Rom.
779 1090 859 1139 xx,
889 1074 1001 1143 23).
1034 1074 1373 1129 Econtrario
1422 1079 1618 1130 autem
1668 1073 1854 1130 malos
1902 1077 1960 1129 et

290 1162 591 1236 prascivit
622 1179 726 1235 per
752 1160 1049 1234 propriam
1081 1160 1369 1217 malitiam
1401 1163 1588 1218 malos
1620 1162 1870 1228 futuros,
1900 1166 1959 1218 et

287 1250 590 1324 pmscivit
621 1266 725 1323 per
764 1266 936 1307 suam
967 1248 1263 1322 justitiam
1297 1255 1511 1306 aeterna
1540 1249 1762 1306 ultione
1792 1251 1956 1305 dam-

289 1341 547 1397 nandos.
570 1362 601 1389 »
625 1338 968 1395 lmmutavit
997 1337 1345 1411 compitalor
1374 1339 1757 1410 incomposite
1782 1339 1960 1395 verba

288 1427 646 1501 composita,
679 1432 737 1484 et
767 1431 995 1485 rectum
1034 1443 1265 1509 secsum
1306 1427 1608 1484 transtulit
1637 1427 1694 1482 in
1729 1443 1957 1499 perver-

286 1534 449 1574 sum.
486 1516 550 1573 Si
613 1515 772 1572 enim
834 1514 1098 1582 dixisset,
1141 1514 1203 1571 in
1262 1514 1583 1572 salvatione
1638 1515 1957 1571 electorum

288 1604 766 1661 misericordiam
827 1603 929 1659 Dei
989 1604 1314 1676 praecedere
1374 1604 1595 1660 bonum
1654 1604 1958 1671 meritum,

288 1701 600 1766 utcunque
648 1696 920 1749 constare
975 1691 1407 1765 intelligeretur
1450 1693 1758 1749 sententia.
1791 1693 1958 1749 Nunc

288 1787 515 1850 autem,
532 1781 675 1855 quia
698 1781 890 1837 dicere
912 1780 1139 1849 maluit,
1156 1780 1215 1835 in
1240 1781 1522 1837 electione
1542 1781 1955 1838 salvandorum
1986 1823 2035 1890 B

306 1889 313 1890 κ
355 1872 368 1883 ⁸
420 1888 429 1890 _
477 1870 758 1890 '__,,jf-‘_
806 1867 906 1890 “-2
948 1870 1265 1890 __-A-A_l_u_
1322 1870 1534 1890 1.-..ημ
1593 1870 1858 1890 __--A,!L__A‘
1928 1887 1949 1890 -

289 1870 766 1929 misericordiam
806 1867 909 1925 Dei
948 1870 1271 1941 praecedere
1321 1870 1541 1925 bonum
1592 1870 1888 1936 meritum,
1924 1887 1960 1926 a

287 1958 722 2033 consequentia
751 1957 893 2014 recti
925 1973 1137 2014 sensus
1165 1958 1427 2014 recessit.
1452 1958 1596 2013 Nam
1627 1959 1698 2014 de
1727 1957 1956 2014 salvan-

289 2050 507 2105 dorum
537 2046 823 2103 electione
869 2045 1155 2119 scriptum
1196 2050 1287 2101 est
1316 2063 1331 2102 :
1365 2048 1539 2117 Elegit
1582 2048 1724 2103 Deus
1764 2063 1865 2102 nos
1896 2048 1959 2103 in

292 2139 433 2209 ipso,
464 2136 530 2191 id
569 2140 665 2191 est
708 2135 769 2190 in
799 2134 1046 2203 Christo,
1077 2142 1203 2190 ante
1251 2135 1449 2190 mundi
1498 2137 1954 2204 constitutionem,

288 2225 701 2298 praedestinans
728 2239 829 2279 nos
854 2225 915 2278 in
944 2222 1285 2294 adoptionem
1311 2224 1556 2293 ﬁliorum
1574 2224 1787 2295 (Ephes.
1814 2241 1854 2291 1,
1879 2226 1953 2292 4).

290 2315 457 2372 Unde
486 2312 862 2385 Augustinus
891 2311 952 2365 in
984 2310 1134 2366 libro
1166 2312 1238 2366 de
1282 2311 1793 2367 Praedestinatione
1822 2328 1957 2367 san-

288 2412 529 2461 ctorum
559 2402 705 2458 dicit
725 2402 866 2474 (cap.
894 2402 984 2469 10)
1008 2418 1057 2456 :«
1091 2400 1150 2455 Si
1179 2405 1472 2472 quaeratur
1514 2402 1667 2455 unde
1709 2401 1958 2473 quisque

289 2496 370 2550 sit
389 2493 639 2565 dignus,
654 2506 769 2546 non
790 2489 1004 2545 desunt
1019 2489 1119 2560 qui
1137 2487 1644 2543 dicantvoluntate
1662 2487 1954 2544 humana:

296 2600 410 2639 nos
442 2581 726 2648 dicimus,
758 2577 950 2651 gratia
994 2575 1081 2633 vel
1133 2576 1641 2649 praedestinatione
1687 2576 1902 2632 divina.
1931 2600 1959 2627 ι»

295 2673 370 2727 Et
404 2668 869 2743 prmdestinatio,
906 2683 1033 2738 quas
1081 2666 1208 2723 sine
1255 2666 1621 2737 prmscientia
1664 2682 1792 2722 esse
1842 2683 1959 2721 non

297 2762 519 2832 potest,
549 2757 682 2830 ipsa
707 2760 799 2812 est
829 2754 1224 2823 electio,sicut
1253 2756 1420 2810 docet
1446 2754 1759 2826 Apostolus
1783 2770 1796 2809 :
1821 2755 1961 2822 Quos

294 2848 585 2921 praesciuit
630 2853 685 2901 et
722 2844 1138 2917 praedestinavit
1163 2844 1465 2914 conformes
1520 2844 1646 2914 ﬁeri
1700 2844 1962 2914 imaginis

304 2938 439 2992 Filii
456 2935 551 2991 sui
570 2935 888 3002 (Rom.vm,
910 2932 1029 3000 29).
1050 2932 1120 2987 Et
1139 2931 1350 2987 iterum
1373 2948 1385 2986 :
1407 2931 1546 2999 Quos
1566 2933 1850 3003 praesciuit
1866 2931 1962 2986 hos

302 3034 355 3083 et
380 3023 822 3098 przdestinavit,
843 3022 1069 3087 vocavit,
1086 3021 1426 3092 justiﬁcavlt,
1448 3021 1774 3092 gloriﬁcavit
1801 3018 1958 3091 (Ibid.

304 3133 355 3171 υ.
386 3114 511 3185 30);
546 3111 769 3184 quibus
797 3108 1049 3183 singulis
1092 3108 1243 3165 hanc
1271 3125 1571 3182 Opponens
1610 3108 1958 3164 sententiam

2069 546 2125 600 in
2150 548 2460 621 Evangelio
2482 548 2623 604 dicit
2647 567 2659 603 :
2685 550 2840 605 Multi
2867 558 2996 606 sunt
3022 553 3211 618 vocati,
3234 556 3398 623 pauci
3416 570 3538 612 vero
3558 555 3714 610 electi

2067 635 2271 715 (Matth.
2304 654 2440 705 xxn,
2485 637 2593 705 14),
2647 638 2782 694 hinc
2838 638 3128 712 intelligat
3183 640 3353 711 quale
3407 640 3502 707 sit,
3552 643 3709 714 quod

2066 726 2269 778 contra
2297 724 2397 780 Dei
2429 725 2677 799 gratiam
2706 727 3009 782 defensare
3038 725 3280 782 molitur
3300 726 3398 800 qui
3429 719 3500 784 de
3528 727 3710 786 libero

2066 811 2177 867 sibi
2200 811 2503 869 blanditur
2531 813 2791 869 arbitrio.
2818 815 3162 886 Quicunque
3183 814 3363 882 enim,
3385 815 3590 871 divinae
3618 834 3711 873 vo-

2065 899 2312 955 cationis
2350 917 2592 957 munere
2636 902 2932 968 derelicto,
2961 904 3032 962 ad
3080 901 3323 975 impiam
3370 920 3576 960 rursus
3606 905 3713 959 de-

2066 986 2280 1043 ﬂuxere
2302 988 2626 1058 perfidiam,
2652 988 2797 1060 ipsis
2821 989 2918 1045 Dei
2942 989 3191 1061 gratiam
3214 990 3617 1046 deserentibus
3638 990 3709 1046 ad

2064 1073 2430 1147 implendum
2463 1078 2615 1148 quod
2646 1077 2947 1132 voluerant
2980 1077 3201 1133 sufﬁcit
3244 1077 3576 1146 arbitrium,
3600 1101 3620 1127 ι
3657 1080 3717 1134 et

2064 1162 2442 1236 reliqua,quze
2467 1164 2642 1220 latius
2680 1170 2737 1220 et
2767 1165 3153 1222 disertissime
3175 1165 3391 1223 ibidem
3416 1170 3717 1239 prosequi-

2064 1256 2163 1307 tur
2190 1253 2389 1325 gratize
2420 1252 2671 1309 caelestis
2702 1259 2914 1310 orator.
2940 1254 3086 1309 Hinc
3117 1258 3175 1310 et
3203 1255 3448 1327 Prosper
3475 1254 3533 1310 in
3565 1255 3714 1312 libro

2066 1341 2503 1397 Sententiarum
2526 1341 3040 1414 epigrammatum,
3056 1359 3204 1414 quas
3228 1359 3297 1398 ex
3317 1344 3503 1399 sancti
3524 1346 3717 1417 Augu-

2065 1428 2205 1483 stini
2237 1430 2409 1485 dictis
2440 1430 2687 1486 breviter
2714 1430 3013 1486 adnotavit
3035 1431 3172 1503 (cap.
3195 1432 3382 1500 13Ο);ι
3406 1432 3568 1488 Sicut
3596 1433 3714 1487 duo

2065 1522 2224 1583 sunt,
2246 1517 2666 1589 inquit,ol‘ﬁcia
2687 1518 3007 1585 medicinae,
3024 1536 3208 1574 unum
3232 1536 3346 1591 quo
3368 1525 3614 1576 sanatur
3630 1520 3717 1576 in-

2066 1605 2315 1661 ﬁrmitas
2345 1604 2507 1660 aliud
2532 1622 2646 1677 quo
2677 1607 3009 1661 custoditur
3036 1607 3261 1663 sanitas
3284 1624 3297 1663 :
3321 1606 3402 1662 ita
3422 1608 3538 1663 duo
3559 1609 3715 1665 dona

2065 1698 2205 1748 sunt
2234 1694 2455 1765 gratiae,
2482 1711 2663 1749 unum
2689 1695 2842 1767 quod
2874 1697 3065 1750 aufert
3089 1695 3283 1750 carnis
3308 1696 3710 1768 cupiditatem,

2066 1782 2225 1837 aliud
2256 1783 2413 1854 quod
2447 1782 2584 1837 facit
2627 1782 2807 1837 animi
2850 1799 3214 1854 perseverare
3250 1784 3587 1840 virtutem.»
3615 1786 3712 1841 llis

2066 1872 2372 1926 doctorum
2404 1871 2711 1927 sententiis
2731 1872 2920 1927 discat
2939 1875 2997 1927 et
3026 1870 3311 1944 intelligat
3331 1889 3393 1928 se
3422 1890 3537 1928 non
3568 1874 3714 1929 bene

2065 1959 2303 2026 dixisse,
2318 1960 2377 2014 in
2399 1959 2679 2015 electione
2700 1959 3111 2015 salvandorum
3131 1945 3715 2017 misericordiam'Dei

2066 2048 2388 2121 praecedere
2438 2047 2711 2102 meritum
2764 2048 3014 2115 bonum;
3066 2048 3344 2120 quoniam
3395 2048 3587 2121 prima
3625 2053 3715 2105 est

2066 2152 2242 2208 quam
2263 2135 2444 2191 altera
2466 2152 2579 2189 non
2605 2134 2877 2207 praecedit
2893 2136 3083 2207 gratia
3106 2135 3164 2191 in
3183 2136 3462 2193 electione
3483 2141 3540 2192 et
3553 2154 3717 2193 voca-

2066 2225 2223 2280 tione
2243 2224 2821 2295 salvandorum,que3
2842 2240 3016 2278 omne
3049 2225 3318 2295 praecedit
3347 2224 3566 2280 bonum
3590 2242 3715 2281 me-

2067 2313 2245 2367 ritum
2271 2329 2284 2368 :
2312 2312 2453 2385 quin
2475 2317 2545 2367 et.
2560 2312 2816 2384 cogitare
2841 2316 2900 2366 et
2918 2312 3063 2368 velle
3090 2313 3330 2384 bonum,
3354 2317 3411 2368 et
3431 2314 3606 2369 ﬁdem
3629 2318 3715 2369 to-

2066 2401 2186 2457 tius
2206 2401 2399 2473 operis
2421 2400 2558 2455 boni
2577 2399 2976 2472 initium,qua:
3000 2418 3103 2473 per
3120 2400 3491 2457 dilectionem
3512 2418 3716 2474 opera-

2068 2495 2185 2555 tur,
2208 2488 2332 2544 sine
2361 2505 2480 2560 qua
2511 2488 2874 2561 impossibile
2912 2493 3002 2544 est
3040 2488 3268 2561 placere
3305 2490 3442 2558 Deo,
3470 2494 3534 2546 ut
3562 2491 3716 2547 Scri-

2068 2583 2241 2651 ptura
2261 2582 2512 2633 testatur
2526 2577 2726 2632 dicens
2746 2593 2758 2632 :
2777 2577 2895 2632 Non
2919 2582 3078 2649 quasi
3094 2580 3425 2649 sufﬁcientes
3443 2580 3617 2635 simus
3636 2595 3717 2635 co-

2066 2670 2244 2736 gitare
2271 2664 2486 2737 aliquid
2513 2682 2545 2720 ιι
2573 2664 2751 2732 nobis,
2767 2664 2928 2737 quasi
2953 2682 3023 2720 ea:
3049 2666 3205 2721 nobis
3226 2684 3244 2720 :
3263 2666 3356 2722 sed
3384 2669 3716 2739 sufﬁcientia

2067 2763 2250 2810 nostra
2270 2770 2340 2810 ex
2355 2755 2462 2810 Deo
2481 2762 2561 2809 est
2579 2754 2649 2826 (II
2668 2753 2789 2809 Cor.
2809 2771 2893 2825 ιιι,
2910 2755 2965 2826 5)
2989 2770 3002 2809 :
3034 2755 3140 2822 Qui
3156 2754 3305 2811 dedit
3322 2755 3478 2812 nobis
3503 2764 3554 2812 et
3582 2757 3719 2812 velle
3788 2766 3794 2773 '

2067 2850 2120 2898 et
2140 2843 2400 2913 perﬁcere
2423 2857 2523 2913 pro
2555 2841 2693 2897 bona
2721 2842 2994 2898 voluntate
3021 2843 3251 2914 (Philip.
3275 2860 3337 2911 ιι,
3367 2844 3475 2916 13),
3498 2848 3557 2899 et
3588 2861 3601 2900 :
3634 2845 3720 2901 At-

2070 2933 2173 2987 teri
2200 2930 2364 2985 datur
2395 2930 2527 3001 ﬁdes
2558 2932 2619 2985 in
2645 2929 2830 2986 eodem
2865 2933 3067 3002 spiritu
3095 2932 3140 2999 (Ι
3171 2932 3291 2987 Cor.
3320 2948 3419 2999 xu,
3451 2934 3528 2999 8).
3556 2932 3719 2988 Unde

2068 3019 2433 3091 Augustinus
2463 3016 2522 3073 in
2555 3016 2704 3073 libro
2735 3018 2806 3074 de
2837 3018 3347 3075 Praedestinatione
3381 3023 3718 3075 sanctorum

2071 3107 2213 3163 dicit
2241 3112 2379 3179 (cap.
2408 3106 2493 3178 18)
2519 3122 2532 3161 :
2558 3129 2579 3156 ι
2607 3105 2791 3178 Elegit
2821 3106 2976 3164 Deus
3005 3108 3066 3163 in
3088 3107 3318 3164 Christo
3348 3113 3481 3164 ante
3513 3108 3718 3171 mundi

306 3182 584 3260 sanctus
610 3182 980 3273 Augustinus
1037 3196 1344 3269 subjungit
1386 3196 1524 3269 (cap.
1560 3199 1649 3265 17)
1672 3220 1699 3247 ‹‹
1733 3201 1790 3252 et
1848 3213 1963 3251 non
1994 3182 2038 3251 C
2072 3195 2552 3252 constitutionem
2583 3196 2849 3251 membra
2878 3196 3045 3266 ejus:
3073 3199 3131 3252 et
3159 3197 3452 3269 quomodo
3481 3196 3721 3270 eligeret

308 3292 482 3361 alios;
508 3312 538 3341 ››
562 3294 624 3345 et
644 3288 850 3345 electio
873 3287 1074 3361 gratia;
1094 3286 1224 3359 ipsa
1243 3290 1334 3341 est
1354 3284 1774 3342 misericordia.
1799 3285 1966 3341 Dicat

308 3396 614 3453 ergo,quae
638 3375 1042 3433 misericordia
1063 3380 1153 3432 est
1175 3374 1289 3430 alia
1302 3392 1431 3447 quae
1453 3373 1725 3447 praecedit
1744 3375 1964 3429 bonum

310 3467 587 3523 meritum
621 3465 683 3521 in
724 3464 1008 3521 electione
1045 3463 1481 3529 salvandorum,
1515 3462 1564 3519 si
1596 3462 1656 3517 in
1686 3460 1965 3518 electione

310 3557 735 3613 salvandorum
766 3552 1040 3626 praecedit
1070 3550 1493 3609 misericordia.
1527 3549 1713 3624 Igitur
1742 3550 1967 3606 miseri-

310 3645 571 3701 cordiam
617 3643 722 3698 40
763 3640 1038 3713 praecedit
1084 3639 1504 3705 misericordia,
1537 3643 1595 3695 et
1622 3643 1794 3694 erunt
1838 3639 1967 3694 duae

310 3731 734 3791 misericordiae
752 3730 969 3803 quibus
989 3728 1289 3802 eliguntur
1307 3727 1569 3784 salvandi
1584 3744 1597 3783 :
1613 3744 1749 3783 cum
1772 3745 1884 3784 non
1907 3727 1968 3783 in

310 3823 594 3880 electione
620 3818 1061 3889 salvandorum,
1086 3817 1186 3874 sed
1224 3817 1279 3872 in
1306 3816 1626 3873 salvatione
1653 3816 1971 3872 electorum

313 3912 545 3967 duobus
562 3907 762 3964 modis
778 3907 858 3962 sit
878 3905 1255 3980 intelligenda
1272 3905 1370 3961 Dei
1396 3904 1971 3976 misericordia,vide—

312 4000 444 4056 licet
464 3999 600 4071 ejus
623 3996 886 4069 gratuita
910 3995 1117 4068 gratia.
1142 3995 1307 4050 Unde
1330 3994 1379 4049 si
1399 3992 1525 4050 vult
1545 3994 1697 4050 inter
1719 3994 1972 4066 primam

316 4095 369 4144 et
397 4086 730 4144 secundam
763 4084 1244 4151 misericordiam,
1268 4082 1585 4155 gratuitam
1606 4083 1831 4139 scilicet
1850 4100 1977 4156 gra-

316 4176 845 4247 tiam,cognoscere
862 4156 1269 4239 differentiam,
1284 4172 1438 4244 legat
1458 4171 1646 4227 sancti
1664 4171 1975 4244 Augustini

315 4264 532 4321 librum
555 4263 633 4319 de
663 4260 865 4335 gratis:
891 4259 1421 4333 praedestinatione,
1446 4260 1503 4315 in
1529 4276 1646 4332 quo
1677 4260 1749 4316 ad
1780 4259 1975 4315 locum

318 4353 458 4409 dicit
482 4353 626 4425 (cap.
654 4350 743 4421 10)
767 4366 815 4403 :c
844 4348 1098 4406 Misereor
1124 4350 1216 4404 cui
1243 4348 1557 4416 miserebor,
1590 4355 1642 4411 et
1665 4350 1977 4405 misericor-

319 4440 469 4496 diam
492 4438 766 4513 prcstabo
795 4438 888 4494 cui
912 4438 1223 4494 misericors
1246 4438 1403 4509 fuero
1428 4436 1621 4509 (Exod.
1644 4454 1841 4502 xxxm,
1867 4437 1976 4510 19),

321 4534 385 4585 ut
404 4529 669 4602 primum
686 4543 722 4583 a
737 4526 854 4583 Deo
875 4525 1337 4582 misericordiam
1352 4524 1652 4582 vocatione
1668 4525 1976 4582 credamus
2006 4548 2057 4618 D

2074 3301 2172 3341 eos
2202 3285 2303 3356 qui
2351 3284 2619 3339 nundum
2667 3288 2854 3353 erant,
2889 3283 3001 3339 nisi
3053 3284 3620 3358 prmdestinando?»
3654 3285 3725 3341 Et

2074 3377 2207 3446 post
2235 3371 2538 3444 aliquanta
2570 3387 2583 3427 :
2612 3372 2848 3445 «Elegit
2889 3388 3026 3446 ergo
3065 3390 3171 3428 nos
3218 3373 3373 3430 Deus
3404 3373 3462 3429 in
3493 3372 3723 3429 Christo

2076 3468 2209 3519 ante
2260 3460 2465 3516 mundi
2509 3460 3008 3527 constitutionem,
3040 3461 3460 3534 prtedestinans
3508 3479 3615 3518 nos
3662 3461 3722 3517 in

2076 3550 2449 3624 adoptionem
2472 3549 2725 3605 ﬁliorum
2744 3565 2759 3605 :
2784 3566 2899 3606 non
2921 3550 3061 3621 quia
3081 3567 3185 3622 per
3205 3567 3311 3607 nos
3331 3551 3518 3607 sancti
3540 3556 3599 3607 et
3621 3551 3727 3607 im-

2077 3639 2358 3697 maculati
2410 3637 2591 3694 futuri
2638 3654 2897 3708 eramus,
2921 3638 3021 3694 sed
3068 3637 3261 3712 elegit,
3295 3639 3727 3711 predestinavit

2078 3746 2192 3802 que
2213 3733 2279 3785 ut
2308 3744 2631 3793 essemus,»
2654 3726 2914 3799 alioquin
2945 3726 3133 3800 gratia
3169 3728 3297 3799 jam
3349 3730 3443 3784 41
3490 3745 3606 3784 non
3637 3731 3727 3784 est

2079 3819 2287 3895 gratia,
2312 3818 2361 3873 si
2385 3833 2500 3872 non
2533 3815 2708 3871 fuerit
2736 3816 2920 3888 gratis
2940 3817 3095 3871 data.
3120 3816 3390 3872 Secunda
3414 3820 3609 3873 autem
3638 3820 3729 3873 est

2081 3906 2480 3964 misericordia
2502 3904 2621 3960 sive
2640 3904 2829 3977 gratia
2849 3908 3000 3960 recte
3020 3905 3270 3974 vivendi,
3295 3906 3368 3961 ad
3390 3923 3569 3979 quam
3592 3923 3730 3979 prae-

2081 3997 2211 4054 sciti
2232 3999 2290 4052 et
2317 3993 2733 4068 praedestinati,
2757 3992 2923 4049 electi
2953 3998 3127 4066 atque
3146 3994 3332 4051 vocati
3354 3996 3555 4068 gratia:
3576 3996 3728 4052 dono

2082 4084 2379 4160 pervenire
2402 4085 2733 4139 merentur:
2759 4098 2878 4154 qua
2895 4083 3085 4155 gratia
3103 4083 3415 4155 justificati
3444 4083 3505 4139 in
3532 4084 3730 4139 futuro

2083 4173 2585 4249 gloriﬁcabuntur,
2620 4170 2971 4243 accipientes
3008 4172 3257 4244 gratiam
3294 4188 3398 4244 pro
3429 4171 3636 4244 gratia,
3668 4171 3729 4226 id

2083 4268 2173 4320 est
2201 4261 2450 4336 gratiam
2507 4261 2688 4316 beatae
2746 4259 3147 4315 retributionis
3180 4276 3282 4331 pro
3323 4257 3510 4331 gratia
3564 4259 3731 4314 bona:

2085 4350 2461 4425 operationis,
2494 4350 2648 4405 sicut
2694 4352 2935 4404 sanctus
2963 4346 3327 4420 Augustinus
3370 4347 3431 4402 in
3482 4345 3630 4403 libro
3660 4346 3733 4403 de

2086 4442 2243 4497 Bono
2276 4437 2713 4512 perseverantiae
2745 4436 2999 4508 scripsit.

2714 4550 2946 4606 CAPUT
2983 4550 3103 4606 XII.

321 4616 668 4673 hominibus
697 4613 1011 4688 praerogari
1034 4630 1048 4670 :
1073 4631 1201 4687 qua:
1231 4613 1355 4670 sola
1379 4615 1453 4670 ad
1485 4618 1638 4670 recte
1666 4614 1971 4671 vivendum

2094 4643 2369 4718 Difﬁnitio
2403 4641 2593 4718 sancti
2619 4639 2942 4718 Augustini,
2960 4640 3098 4712 quid
3124 4641 3201 4718 sit
3230 4649 3739 4718 sanctm'umgprze-

324 4723 438 4762 non
459 4703 765 4771 sufﬁcit,si
786 4704 1018 4760 deserat
1038 4702 1141 4776 qui
1159 4703 1403 4759 vocavit.
1424 4702 1673 4774 Ideoque
1692 4704 1981 4771 additum,

324 4803 377 4851 ct
400 4792 847 4850 misericordiam
873 4782 1142 4865 praestabo
1183 4794 1277 4847 cui
1312 4793 1623 4847 misericors
1650 4793 1825 4863 fuero,
1856 4798 1923 4848 ut
1952 4811 1987 4849 a

324 4884 442 4940 Deo
471 4881 661 4955 accipi
694 4881 1074 4951 manifestum
1098 4880 1177 4937 sit
1206 4880 1384 4936 etiam
1417 4880 1545 4952 ipsa
1571 4879 1983 4937 misericordiae

326 4987 522 5044 opera,
546 4987 678 5043 qua:
711 4986 849 5025 cum
869 4968 1138 5025 videmur
1166 4969 1505 5042 impendere
1532 4968 1629 5023 Dei
1664 4969 1988 5026 misericor-

329 5059 485 5116 diam
514 5073 945 5132 promeremur.
968 5058 1065 5114 Sic
1085 5058 1241 5114 enim
1272 5058 1332 5112 in
1364 5055 1675 5128 Evangelio
1692 5058 1986 5115 Dominus

328 5148 470 5205 dicit
512 5165 527 5204 :
568 5148 731 5203 Beati
783 5146 1183 5213 misericordes,
1239 5147 1500 5218 quoniam
1554 5147 1991 5204 misericordiam

329 5242 729 5309 consequentur
757 5234 962 5304 (lauit.
984 5251 1039 5301 v,
1060 5234 1317 5306 7).Quod
1350 5234 1465 5289 nisi
1496 5232 1579 5288 sic
1610 5233 1991 5293 intellexisset

327 5324 665 5397 Apostolus,
681 5340 990 5396 nunquam
1010 5323 1372 5397 probationis
1394 5321 1587 5396 gratia
1607 5323 1991 5396 disputationi

331 5429 449 5469 suae
477 5413 589 5470 hoc
619 5411 1029 5470 testimonium
1081 5416 1347 5469 curasset
1393 5412 1671 5467 inserere.
1706 5412 1766 5469 Si
1815 5431 1989 5487 quem

330 5518 463 5560 vero
491 5506 692 5560 movet
717 5501 877 5576 quod
906 5517 1025 5558 non
1055 5517 1282 5569 omnes,
1306 5502 1483 5557 etiam
1516 5500 1586 5556 de
1615 5499 1708 5558 his
1739 5503 1839 5577 qui
1862 5505 1989 5578 jam

328 5592 515 5654 vocati
543 5594 711 5665 sunt,
747 5589 823 5650 ad
854 5588 1173 5654 secundum
1205 5591 1479 5669 gratiam,
1508 5589 1569 5648 id
1612 5595 1703 5651 est
1733 5593 1805 5652 ad
1837 5603 1991 5658 recte

2162 4711 2487 4783 destinatio,
2507 4728 2681 4786 aqua
2704 4711 3092 4786 capitulorum
3117 4714 3364 4770 istorum
3392 4714 3738 4784 compilator

2161 4786 2504 4843 omnimodis
2524 4784 2862 4840 discordare
2879 4786 3262 4856 cognoscitur,
3276 4793 3332 4841 et
3350 4801 3457 4856 per
3470 4788 3739 4855 ambages

2161 4860 2329 4930 ﬁdem
2349 4857 2555 4912 divina‘
2578 4856 3108 4930 przedestinationis
3124 4859 3489 4915 extenuando
3512 4871 3739 4928 perver-

2165 4927 2262 5002 tit,
2279 4938 2333 4983 et
2363 4930 2537 4983 verba
2564 4927 2824 5002 veritatis
2843 4928 2919 4983 ad
2939 4928 3239 5002 mendacia
3258 4940 3534 5002 quantum
3555 4933 3741 4998 potest

2167 5001 2405 5074 inﬂectit
2428 5015 2440 5054 :
2467 5000 2615 5074 unde
2643 5015 2773 5054 eum
2794 5000 3213 5056 catholicorum
3241 5000 3503 5057 doctrina
3532 5003 3742 5069 aperta

2166 5071 2431 5140 veritate,
2460 5079 2515 5125 et
2559 5071 2609 5124 si
2648 5086 2760 5126 non
2787 5086 2920 5126 eum
2974 5073 3315 5141 pertinacia:
3370 5075 3743 5128 inha'rentem

2168 5146 2245 5200 ad
2269 5146 2566 5229 tramitem
2582 5144 2845 5229 veritatis
2865 5144 3058 5229 reflect
3066 5144 3109 5200 it
3120 5189 3134 5214 ,
3145 5160 3343 5201 verum
3358 5146 3428 5199 de
3446 5141 3748 5199 mendacio

2170 5222 2531 5273 contrarium
2561 5222 2795 5269 veritati
2825 5222 3087 5272 revincit.

2171 5354 2199 5381 ‹‹
2234 5331 2364 5386 Haec
2410 5332 2519 5398 est,
2566 5329 2861 5402 inquiens,
2909 5330 3338 5403 praedestinatio
3387 5332 3751 5400 sanctorum,

2101 5420 2249 5476 nihil
2280 5419 2464 5485 aliud,
2491 5418 2856 5491 praescientia
2876 5419 3097 5475 scilicet
3125 5422 3182 5475 et
3214 5418 3556 5493 praeparatio
3577 5419 3754 5478 bene-

2100 5510 2370 5567 ﬁciorum
2402 5508 2523 5576 Dei,
2548 5508 2765 5581 quibus
2791 5507 3117 5564 certissime
3145 5506 3472 5566 liberantur
3500 5508 3758 5583 quicun-

2101 5617 2214 5681 que
2254 5598 2650 5659 liberantur.»
2671 5598 2742 5658 Et
2785 5596 2927 5657 item
2957 5596 3020 5659 in
3048 5598 3253 5660 eodem
3274 5599 3414 5681 (cap.
3433 5599 3491 5678 7)
3516 5615 3530 5661 :
3556 5621 3584 5652 «
3619 5598 3762 5667 Post
