4006 6194
333 359 440 420 111

1248 357 1544 420 ΗΙΝΟΜᾹ
1562 359 1639 419 Ill
1687 358 2139 422 ltllEMENSlS
2186 358 2801 422 AltClllEPISCOPI.

3616 361 3729 420 “2

327 508 528 556 casum
560 496 758 547 autem
799 491 1074 560 hominis,
1111 510 1224 548 non
1255 493 1366 548 nisi
1409 494 1480 548 ad
1524 491 1772 564 gratiam
1802 509 1970 548 suam
2003 493 2053 560 Α
2088 491 2334 549 ricordia
2365 492 2570 576 miseri
2601 493 2916 566 eliguntur,
2950 497 3014 549 ut
3054 492 3191 550 boni
3223 493 3295 550 de
3332 491 3506 550 malis
3534 492 3684 548 ﬁant
3713 509 3731 550 :

325 582 480 637 Deus
507 579 691 636 voluit
719 581 1008 654 pertinere
1032 586 1096 636 ut
1126 581 1300 637 homo
1329 583 1564 636 accedat
1587 583 1657 636 ad
1691 598 1845 647 eum,
1875 598 1974 636 ne-

325 686 439 743 que
470 669 583 726 nisi
615 670 687 725 ad
718 670 964 742 gratiam
989 687 1158 726 suam
1181 670 1363 726 voluit
1386 669 1777 743 pertinere,ut
1799 669 1973 725 homo

325 775 442 816 non
479 759 710 814 recedat
739 759 814 814 ab
844 775 930 816 eo.
957 759 1116 815 Hanc
1155 759 1402 832 gratiam
1454 758 1649 832 posuit
1679 759 1736 814 in
1768 758 1866 815 illo
1913 757 1973 813 in

324 864 441 920 quo
481 851 697 903 sortem
725 850 1019 905 consecuti
1071 866 1300 916 sumus,
1321 847 1717 921 praedestinati
1767 865 1972 904 secun-

325 936 468 1007 dum
498 937 864 1008 propositum
887 939 1014 1010 ejus
1045 939 1145 1011 qui
1176 937 1446 994 universa
1475 941 1748 1010 operatur
1779 954 1841 992 ac
1875 955 1977 1010 per

323 1024 435 1081 hoc
449 1023 604 1082 sicut
623 1028 898 1099 operatur
917 1031 981 1082 ut
1003 1028 1370 1094 accedamus,
1395 1027 1479 1083 sic
1501 1031 1774 1099 operatur
1794 1043 1864 1080 ne
1887 1025 1973 1080 di-

326 1114 693 1172 scedamus.»
718 1115 786 1170 Et
811 1114 868 1170 in
894 1115 1060 1185 libro,
1087 1116 1240 1172 sicut
1260 1133 1436 1187 supra
1459 1114 1812 1181 diximus,de
1836 1114 1976 1168 Prie-

326 1202 715 1269 destinatione
745 1209 1083 1260 sanctorum
1115 1208 1254 1277 (cap.
1291 1205 1378 1273 10)
1411 1220 1424 1258 :
1455 1226 1492 1260 α.
1512 1203 1570 1258 Si
1603 1204 1972 1272 discutiatur,

326 1290 538 1364 inquit,
569 1295 627 1348 et
657 1297 952 1366 quazratur
989 1295 1143 1349 unde
1175 1294 1423 1366 quisque
1466 1291 1542 1349 sit
1589 1293 1825 1365 dignus,
1861 1309 1974 1348 non

326 1379 540 1444 desunt
569 1381 669 1454 qui
717 1382 914 1438 dicant
943 1383 1240 1438 voluntate
1288 1383 1548 1438 humana
1579 1399 1592 1437 :
1629 1399 1735 1437 nos
1781 1385 1975 1437 autem

326 1467 602 1538 dicimus,
643 1469 831 1542 gratia
877 1469 963 1526 vel
1017 1471 1523 1542 praedestinatione
1571 1471 1788 1526 divina.
1822 1470 1979 1525 Inter

245 1606 259 1622 ,
326 1557 576 1630 gratiam
609 1574 782 1630 porro
807 1563 863 1614 et
893 1559 1460 1632 praedestinationem
1494 1559 1603 1616 hoc
1634 1563 1862 1614 tantum
1897 1558 1979 1614 in-

327 1649 525 1718 terest,
550 1647 705 1718 quod
741 1647 1177 1718 praedestinatio
1226 1653 1315 1703 est
1362 1648 1559 1719 gratia:
1611 1648 1974 1720 praeparatio,

324 1733 518 1808 gratia
571 1751 706 1792 vero
757 1737 884 1807 jam
947 1737 1073 1809 ipsa
1132 1737 1389 1793 donatio.
1423 1739 1586 1804 Quod
1642 1737 1840 1810 itaque
1897 1736 1980 1792 ait

321 1822 638 1894 Apostolus
673 1839 686 1879 :
720 1825 837 1881 Non
865 1842 936 1881 ea:
977 1826 1248 1898 operibus,
1283 1845 1350 1881 ne
1392 1828 1531 1897 forte
1578 1829 1699 1898 quis
1749 1826 1976 1882 extolla-

323 1918 434 1978 tur,
465 1913 639 1984 ipsius
667 1914 818 1968 enim
856 1930 1046 1968 sumus
1095 1916 1429 1984 ﬁgmentum,
1463 1917 1632 1970 creati
1677 1917 1737 1970 in
1767 1915 1977 1972 Christo

320 2003 456 2059 Iesu
484 2001 546 2056 in
574 2001 826 2073 aperibus
857 2001 1010 2057 bonis
1036 2003 1250 2073 (Ephcs.
1276 2020 1336 2070 ιι,
1359 2003 1435 2070 9),
1462 2003 1648 2074 gratia
1670 2009 1758 2060 est
1783 2021 1795 2058 :
1821 2004 1974 2075 quod

325 2091 520 2142 autem
545 2088 815 2160 sequitur
839 2105 851 2144 :
879 2089 1009 2157 Qua’
1032 2093 1371 2162 praeparavit
1397 2093 1537 2147 Deus
1561 2101 1620 2147 ut
1643 2095 1700 2148 in
1730 2094 1844 2148 illis
1865 2111 1977 2148 am-

326 2173 592 2243 bulemus,
634 2177 1067 2250 praedestinatio
1116 2183 1224 2247 est,
1261 2197 1386 2251 qua:
1438 2180 1563 2237 sine
1612 2181 1976 2254 praescientia

325 2278 454 2322 esse
482 2281 598 2322 non
629 2268 838 2338 potest.
865 2290 888 2320 ι

396 2351 508 2411 Sed
541 2354 652 2411 iste
681 2360 1091 2427 commutator,
1123 2357 1446 2414 immutans
1474 2359 1648 2428 verba
1678 2363 1734 2414 et
1762 2376 1973 2416 sensus

325 2441 477 2503 Flori
508 2443 608 2516 qui
639 2449 878 2501 secutus
925 2448 1116 2502 fuerat
1163 2465 1403 2502 sensum
1451 2449 1784 2521 Augustini,
1818 2449 1974 2505 sicut

323 2531 540 2592 dicitur
572 2548 586 2588 :

443 2674 625 2724 Cattus
653 2675 710 2724 in
739 2675 980 2726 obscuris
1011 2679 1150 2742 cepit
1179 2693 1274 2742 pro
1307 2681 1474 2730 sorice
1504 2681 1694 2745 picum,

319 2800 599 2871 putamus
628 2801 784 2873 quod
816 2802 1053 2874 quando
1089 2804 1232 2859 dixit
1261 2805 1320 2860 in
1353 2805 1634 2862 electione
1664 2806 1969 2864 salvando-

320 2903 452 2944 rum
475 2887 937 2947 misericordiam
954 2891 1054 2948 Dei
1081 2895 1402 2966 przecedere
1427 2895 1700 2952 meritum
1723 2896 1965 2964 bonum,

323 2975 381 3034 in
403 2976 778 3036 damnatione
809 2984 1003 3036 autem
1028 2981 1418 3054 periturorum
1445 2984 1668 3040 malum
1691 2985 1967 3041 meritum

318 3067 640 3138 praecedere
660 3069 895 3141 justum
933 3069 1033 3126 Dei
1064 3071 1381 3143 judicium,
1414 3072 1522 3130 hoc
1551 3075 1742 3130 dicere
1773 3073 1968 3131 volue-

213 3151 221 3160 “
319 3153 415 3224 rit,
439 3157 593 3228 quod
628 3162 870 3214 sanctus
900 3160 1264 3232 Augustinus
1297 3163 1620 3219 rectissime
1645 3168 1701 3218 et
1721 3164 1967 3235 apertis-

2084 581 2300 654 quibus
2340 600 2443 654 per
2491 584 2755 638 eamdem
2801 579 3265 638 misericordiam
3313 579 3512 637 electis
3561 581 3735 636 datur

2083 671 2249 738 ﬁdes,
2284 677 2567 744 parantur
2613 688 2787 744 opera
2848 671 3019 740 bona,
3067 670 3127 725 in
3171 670 3390 743 quibus
3435 669 3732 742 praeventi,

2085 759 2295 830 adjuti,
2320 759 2711 828 ambulantes,
2735 763 2793 816 et
2823 763 2882 816 ut
2914 762 3284 831 perseverent
3314 758 3640 828 subsecuti,
3661 759 3736 819 ad

2084 847 2286 919 vitam,
2311 849 2372 905 id
2400 853 2490 905 est
2520 850 2591 905 ad
2623 849 2873 922 gratiam
2914 847 3256 921 perveniant
3293 847 3738 920 sempiternam.

2158 939 2318 1004 Quod
2349 955 2482 994 vero
2514 938 2844 1009 subjunxit,
2874 957 2894 986 ι
2921 937 2980 993 in
3011 936 3388 993 damnatione
3416 941 3616 992 autem
3647 953 3742 1010 pe,

2087 1027 2404 1083 riturorum
2435 1026 2660 1083 malum
2705 1026 2978 1082 meritum
3009 1026 3332 1099 praecedere
3369 1025 3606 1097 justum
3635 1025 3741 1082 Dei

2078 1115 2432 1187 judicium,»
2445 1115 2494 1171 si
2516 1115 2640 1170 vult
2660 1114 2850 1188 ipsam
2874 1113 3448 1187 prmdestinationem
3471 1114 3743 1186 reprobo-

2086 1223 2217 1261 rum
2241 1204 2519 1278 appellari
2534 1204 2828 1276 judicium
2855 1203 3135 1276 Dei,quod
3156 1201 3428 1258 videlicet
3439 1203 3742 1274 judicidm

2087 1294 2209 1361 Dei,
2234 1294 2291 1350 id
2315 1298 2404 1351 est
2423 1292 3015 1366 prmdestinatienem,
3039 1291 3326 1364 praecedat
3357 1289 3586 1348 malum
3618 1308 3742 1348 me-

2087 1383 2264 1440 ritum
2289 1383 2692 1456 reproborum,
2708 1399 2811 1454 pro
2824 1399 2939 1455 quo
2960 1381 3282 1440 secundum
3309 1379 3743 1453 prmscientiam

2089 1471 2520 1544 praedestinavit
2549 1471 2824 1543 reprobos
2871 1471 2944 1526 ad
2994 1467 3320 1535 interitum,
3341 1469 3484 1541 quia
3511 1468 3744 1526 malum

2089 1561 2364 1616 meritum
2398 1559 2630 1616 illorum
2658 1557 2968 1632 prmsciens
2999 1559 3153 1615 Deus
3175 1558 3248 1614 ad
3279 1557 3584 1615 interitum
3611 1557 3746 1614 illos

2089 1649 2538 1721 praedestinavit,
2555 1664 2734 1720 quam
2757 1646 2910 1704 male
2930 1647 3085 1702 dicat
3107 1645 3414 1720 intelligat.
3432 1645 3747 1704 Neminem

2087 1737 2241 1793 enim
2265 1737 2418 1792 Deus
2440 1733 2685 1792 damnat
2713 1740 3026 1808 antequam
3060 1739 3260 1806 peccet
3277 1734 3418 1807 quia
3445 1733 3748 1792 neminem

2089 1826 2305 1881 deserit
2334 1829 2651 1897 antequam
2693 1826 3013 1892 deseratur,
3045 1823 3203 1880 sicut
3230 1822 3504 1880 catholici
3537 1823 3749 1880 dicunt

2087 1915 2370 1970 doctores.
2406 1914 2475 1970 Et
2504 1918 2744 1969 sanctus
2781 1912 3150 1985 Augustinus
3193 1912 3252 1968 in
3301 1911 3450 1967 libro
3482 1911 3557 1967 de
3589 1911 3748 1968 Prata

2087 2004 2478 2060 destinatione
2509 2007 2868 2069 sanctorum,
2893 2006 2951 2057 et
2979 2001 3052 2056 de
3082 2001 3240 2056 Bono
3271 2001 3743 2073 perseverantiae,

2085 2093 2370 2148 latissime
2419 2096 2475 2148 et
2523 2089 2996 2164 frequentissime
3043 2095 3218 2162 atque
3277 2087 3745 2146 catholicissime

2085 2181 2223 2238 hinc
2264 2183 2551 2254 repugnat
2598 2181 2704 2246 eis,
2755 2178 3068 2252 Scriptqu
3117 2195 3298 2234 sacras
3345 2176 3653 2251 exemplis,
3689 2183 3750 2236 et

2082 2267 2477 2324 veracissimis
2498 2265 3071 2334 ratiocinationibus,
3089 2280 3339 2338 quorum
3360 2265 3538 2321 verba
3559 2263 3746 2326 talem

2083 2356 2436 2430 imperitiam
2469 2356 2842 2424 resonabant,
2873 2359 2932 2410 et
2961 2353 3299 2427 insipientia
3329 2352 3508 2410 talem
3540 2352 3746 2410 stulti-

2082 2445 2224 2501 tiam
2248 2445 2708 2502 demonstrabat.
2731 2443 2791 2500 Si
2813 2447 3009 2500 autem
3031 2441 3278 2514 intelligi
3300 2440 3423 2498 vult
3441 2441 3609 2513 justo
3628 2441 3738 2500 Dei

2073 2534 2320 2606 judicio,
2345 2535 2497 2607 quod
2547 2532 2822 2606 praecedit
2852 2531 3244 2605 periturorum
3283 2530 3506 2588 malum
3554 2532 3740 2589 meri-

2080 2627 2231 2691 tum,
2263 2640 2494 2696 pcenam
2525 2623 2611 2678 eis
2640 2639 2709 2678 ex
2737 2619 3120 2677 retributione
3150 2619 3398 2692 justitiae
3429 2620 3741 2694 predesti-

2081 2718 2302 2780 natam,
2337 2711 2461 2784 ipse
2500 2727 2672 2767 suam
2716 2709 3090 2776 sententiam,
3122 2725 3240 2782 qua
3285 2707 3743 2782 praedestinatos

2079 2801 2152 2858 ad
2184 2800 2488 2856 interitum
2531 2799 2692 2867 dicit,
2725 2815 2862 2855 cum
2899 2802 3148 2854 conatur
3186 2802 3468 2866 astruere,
3500 2797 3744 2858 videtur

2078 2907 2183 2963 pro
2205 2893 2361 2946 certe
2383 2889 2714 2946 destruere:
2739 2887 2880 2960 quia
2900 2892 3240 2959 utrumque,
3254 2890 3312 2943 et
3329 2887 3740 2960 praedestinati

2078 2985 2135 3037 et
2166 2979 2372 3048 relicti,
2399 2978 2458 3034 id
2485 2982 2574 3034 est
2601 2982 2658 3033 et
2679 2977 2868 3050 gratia
2897 2975 3226 3050 praeparati,
3251 2981 3311 3032 et
3341 2975 3740 3035 retributione

2069 3067 2317 3142 justitize
2339 3067 2398 3123 in
2427 3084 2623 3123 massa
2644 3064 2987 3138 perditionis
3005 3065 3098 3120 cui
3119 3068 3212 3122 est.
3233 3081 3406 3136 poena
3427 3064 3739 3138 praedesti-

2080 3161 2217 3214 nata
2245 3155 2448 3224 relicti,
2474 3172 2602 3210 esse
2649 3171 2765 3210 non
2805 3158 3053 3226 possunt
3086 3169 3099 3210 :
3133 3152 3413 3225 quoniam
3455 3152 3740 3212 catholici

318 3243 468 3302 sime
494 3244 554 3300 in
585 3245 827 3302 libro‘de
855 3229 1019 3302 Bono
1043 3251 1481 3319 perseverantiae
1509 3229 1808 3324 dicit(cap.
1836 3253 1922 3321 11)
1951 3269 1965 3309 :
1999 3229 2042 3298 (ἶ
2080 3243 2344 3318 magistri
2392 3243 2578 3299 nostri
2625 3243 2928 3298 sentiendo
2977 3243 3348 3314 confirmant,
3381 3240 3520 3313 quia
3570 3241 3738 3302 Deus

317 3353 346 3382 ‹‹
379 3332 462 3388 Ex
491 3348 610 3400 ore,
643 3331 937 3404 inquiens,
971 3335 1284 3392 infantium
1327 3344 1383 3393 et
1423 3338 1764 3394 lactentium
1813 3340 1969 3398 Deus

317 3434 492 3476 suam
523 3419 763 3490 perfecit
805 3419 1040 3478 laudem
1072 3424 1240 3495 (Psal.
1265 3443 1386 3494 vm,
1410 3429 1484 3499 3),
1509 3431 1574 3482 ut
1602 3427 1662 3482 in
1693 3427 1784 3484 his
1817 3447 1965 3501 quo-

313 3522 446 3562 rum
473 3505 899 3575 liberationem,
922 3510 982 3565 id
1003 3516 1094 3568 est
1116 3512 1476 3583 electionem,
1500 3516 1787 3586 videmus,
1813 3519 1966 3575 bona

311 3609 514 3652 eorum
563 3595 776 3654 merita
807 3597 967 3654 nulla
997 3600 1098 3656 48
1129 3604 1478 3673 praecedant,
1499 3610 1555 3659 et
1587 3603 1642 3660 in
1675 3605 1768 3663 his
1815 3625 1966 3680 quo-

311 3701 442 3740 rum
473 3685 913 3755 damnationem
961 3687 1248 3757 videmus,
1292 3709 1406 3747 non
1458 3699 1802 3751 cunctemur
1849 3697 1962 3752 nisi

310 3773 437 3832 suis
461 3774 688 3831 meritis
708 3791 1003 3848 quemque
1025 3778 1242 3849 puniri,
1266 3780 1385 3836 sive
1407 3799 1574 3852 pares
1593 3782 1694 3854 qui
1718 3783 1966 3841 liberan-

309 3866 408 3920 tur
431 3866 490 3918 et
518 3861 617 3934 qui
650 3863 996 3934 puniuntur,
1025 3866 1145 3922 sive
1175 3867 1438 3940 dispares
1469 3870 1723 3928 habeant
1751 3890 1963 3931 causas

311 3949 520 4007 malas.
547 3974 570 4004 ι
599 3951 746 4008 Nam
789 3951 918 4010 ideo
949 3953 1226 4012 dicuntur
1259 3957 1445 4028 electi,
1477 3960 1617 4031 quia
1655 3962 1725 4017 de
1765 3980 1964 4020 massa

313 4038 660 4111 perditionis
691 4045 836 4096 sunt
855 4043 1042 4115 gratia
1071 4044 1239 4101 electi
1269 4048 1496 4103 nullum
1530 4049 1810 4108 habentes
1839 4069 1960 4108 me-

311 4124 494 4188 ritum
527 4132 842 4200 antequam
867 4130 1178 4206 eligantur,
1203 4152 1450 4207 quorum
1481 4137 1685 4195 electio
1715 4139 1844 4212 ipsa
1873 4145 1963 4198 est

186 4236 197 4246 ·
305 4215 409 4276 Dei
431 4215 854 4289 misericordia,
880 4219 1036 4277 sicut
1056 4221 1115 4277 in
1135 4224 1418 4281 Asausica
1441 4227 1682 4298 synodo,
1707 4228 1801 4284 cui
1823 4229 1959 4286 bea-

313 4307 413 4364 tus
444 4305 732 4365 Caesarius
759 4325 828 4365 ex
871 4309 1230 4385 delegatione
1261 4314 1416 4370 sedis
1456 4315 1784 4387 apostolicae
1815 4335 1959 4390 prte-

303 4395 476 4465 sedit,
507 4401 566 4454 et
594 4399 851 4470 capitula
878 4401 950 4458 ab
982 4403 1302 4475 apostolica
1352 4405 1488 4460 sede
1539 4406 1777 4476 directa,
1811 4408 1960 4463 sub-

303 4481 612 4540 scribenda
641 4491 698 4542 et
728 4491 979 4546 tenenda
1029 4492 1305 4550 omnibus
1354 4493 1620 4567 protulit,
1653 4496 1840 4568 capite
1862 4515 1958 4553 xw

2077 3333 2376 3390 hominem
2417 3331 2652 3397 creavit,
2676 3348 2848 3404 quem
2879 3331 3196 3388 consistere
3233 3331 3304 3386 ad
3344 3328 3736 3389 mternitatem

2075 3422 2278 3492 voluit,
2311 3425 2370 3478 et
2399 3438 2513 3477 non
2544 3426 2611 3476 ut
2641 3419 2855 3492 periret
2897 3418 3358 3492 praedestinavit;
3392 3417 3738 3490 periturum

2075 3517 2271 3568 autem
2303 3510 2469 3566 illum
2502 3508 2809 3582 praescivit,
2836 3509 2934 3582 qui
2967 3508 3158 3564 factus
3186 3511 3276 3564 est
3305 3522 3504 3564 massa
3529 3507 3736 3578 perdi-

2070 3601 2247 3657 tionis
2277 3601 2458 3656 totius
2488 3598 2731 3655 humani
2772 3585 3023 3671 generis,
3047 3614 3116 3654 ex
3145 3613 3266 3669 qua
3295 3612 3494 3654 massa
3521 3595 3735 3668 perdi-

2074 3689 2252 3748 tionis
2282 3691 2383 3746 49
2407 3687 2693 3761 praescivit
2712 3691 2771 3742 et
2791 3685 3223 3759 praedestinavit
3245 3689 3381 3744 ante
3400 3684 3599 3742 omnia
3615 3701 3736 3742 saa-

2073 3778 2205 3836 cula
2226 3776 2513 3850 quosdam
2535 3775 2608 3831 ad
2631 3775 2832 3842 vitam,
2855 3777 2913 3830 et
2929 3773 3112 3830 vitam
3142 3772 3260 3829 illis
3289 3772 3735 3846 praadcstinavit

2072 3873 2368 3933 aeternam,
2394 3869 2458 3920 ut
2485 3863 2627 3920 dicit
2655 3862 2968 3936 Apostolus
3001 3879 3014 3918 :
3051 3863 3237 3919 Gratia
3263 3871 3445 3919 autem
3480 3863 3582 3918 Dei
3608 3865 3735 3920 vita

2070 3964 2278 4012 (talenta
2311 3955 2480 4023 (Rom.
2503 3970 2581 4024 v1,
2613 3954 2727 4022 23),
2751 3969 2879 4024 qua:
2928 3951 2988 4006 in
3035 3950 3346 4024 Evangelio
3393 3949 3734 4024 appellatur

2073 4061 2317 4116 regnum
2351 4046 2642 4114 paratum,
2666 4040 2724 4095 id
2751 4044 2842 4096 est
2869 4038 3370 4113 praedestinatum,
3392 4037 3593 4095 electis
3608 4040 3734 4098 sci-

2071 4133 2205 4189 licet
2235 4129 2660 4204 praedestinatis
2693 4128 2765 4184 ab
2796 4127 3020 4202 origine
3049 4128 3280 4184 mundi.

2141 4221 2359 4278 Deinde
2389 4216 2697 4289 subjungit
2742 4221 2918 4288 atque
2947 4213 3090 4271 dicit
3117 4231 3131 4270 :
3155 4238 3182 4265 «
3208 4213 3730 4276 Praedestinatione

2069 4314 2265 4368 autem
2291 4311 2470 4365 Deum
2503 4310 2736 4362 tantum
2767 4303 3044 4361 statuisse
3062 4319 3190 4376 quas
3211 4303 3338 4376 ipse
3351 4301 3440 4360 vel
3459 4303 3733 4376 gratuita

2069 4397 2471 4456 misericordia
2496 4394 2584 4452 vel
2610 4395 2774 4467 justo
2797 4392 3024 4465 judicio
3045 4394 3308 4450 facturus
3335 4396 3482 4462 erat,
3507 4408 3728 4450 secun-

2068 4489 2210 4545 dum
2251 4485 2614 4558 Seripturam
2667 4483 2959 4540 dicentem
2993 4497 3007 4538 :
3037 4481 3144 4550 Qui
3180 4482 3311 4553 fecit
3354 4495 3480 4554 quae
3523 4482 3730 4552 futura

302 4569 517 4671 dicitur
547 4588 562 4626 :
595 4572 806 4631 Nullus
835 4579 1016 4634 miser
1043 4582 1113 4635 de
1143 4587 1597 4656 quantacunque
1626 4584 1863 4641 miseria
1883 4585 1950 4640 li-
1981 4598 2035 4671 η
2065 4585 2193 4634 sunt
2219 4578 2346 4645 (Isa.
2373 4592 2498 4641 μιν,
2519 4590 2626 4630 sec.
2660 4574 2784 4628 LXX
2804 4589 2818 4628 :
2843 4572 2902 4628 in
2931 4570 3104 4632 malis
3131 4586 3265 4628 vero
3295 4570 3560 4644 ipsorum
3589 4587 3728 4628 ma-

299 4655 556 4728 beratur,
580 4660 692 4716 nisi
717 4664 816 4734 qui
845 4665 944 4722 Dei
980 4668 1380 4728 misericordia
1399 4655 1764 4744 praevenitur,
1799 4674 1952 4732 sicut
1981 4655 2035 4671 η’
2062 4667 2247 4722 litium
2280 4663 2605 4737 Ρΐωεείεεθ,
2638 4661 2779 4735 quia
2827 4677 2898 4718 ex
2943 4660 3090 4734 ἱρεὶε
3119 4665 3228 4728 est,
3269 4676 3386 4716 non
3415 4659 3726 4732 Ρΐωάθεῑὶ·

298 4743 443 4802 dicit
471 4746 818 4809 Psalmista:
849 4754 968 4810 Cito
1005 4759 1264 4830 anticipet
1297 4743 1804 4820 nosiitnisericordia
1833 4772 1947 4832 tua,

296 4833 524 4896 Domine
553 4836 721 4908 (Psat.
757 4856 987 4911 Lxxvm,
1018 4847 1104 4912 8);
1137 4853 1195 4902 et
1226 4848 1372 4903 illud
1407 4867 1418 4905 :
1453 4851 1594 4906 Deus
1639 4869 1810 4921 meus,
1841 4855 1948 4910 mi-

295 4923 593 5012 sericordia
623 4927 744 4997 ejus
767 4933 1061 5000 prwveniet
1083 4951 1169 4990 me
1195 4936 1363 5007 (Psal.
1391 4955 1544 5007 Lvnt,
1574 4941 1680 5012 11).
1713 4962 1734 4990 α
1760 4943 1828 4997 Et
1853 4960 1946 4998 ca-

295 5011 416 5086 pite
443 5029 582 5070 xvm
608 5031 620 5070 :
649 5017 899 5073 Debetur
927 5036 1148 5078 merces
1193 5024 1362 5080 bonis
1394 5011 1669 5097 operibus
1700 5029 1750 5085 si
1782 5032 1944 5100 fiant,

293 5103 398 5160 sed
435 5103 624 5178 gratia
675 5124 804 5179 qua:
861 5125 977 5164 non
1019 5111 1262 5168 debetur
1300 5117 1574 5186 praecedit
1614 5123 1678 5174 ut
1726 5120 1888 5176 ﬁant.
1918 5143 1946 5171 ››

292 5191 425 5280 limo
455 5197 546 5251 est
572 5195 829 5269 gratuita
852 5197 1076 5268 electio,
1101 5217 1226 5273 qum
1258 5205 1532 5276 praecedit
1561 5223 1734 5280 opera
1765 5208 1936 5278 bona,

291 5279 415 5338 haec
433 5288 522 5339 est
547 5285 966 5356 misericordia,
983 5306 1100 5361 qua
1122 5292 1320 5348 miseri
1341 5279 1682 5363 liberantur,
1697 5314 1852 5368 cum,
1868 5299 1938 5355 de

292 5383 492 5460 massa
521 5375 868 5445 perditionis
919 5377 1237 5452 eliguntur,
1270 5382 1328 5436 id
1361 5387 1451 5438 est
1494 5385 1678 5456 gratis
1727 5386 1938 5460 legun-

289 5457 408 5514 tur.
431 5459 616 5524 Quam
638 5466 1122 5538 misericordiam,
1147 5470 1206 5525 id
1227 5475 1315 5526 est
1335 5457 1811 5532 antesmculareni
1831 5477 1941 5534 ele~

289 5543 564 5635 stionem,
605 5550 706 5607 Dei
752 5555 973 5615 scilicet
1018 5562 1292 5615 aeternam
1342 5561 1932 5635 przedestinationem,

289 5629 408 5698 alia
435 5632 833 5702 misericordia
862 5663 977 5704 non
1007 5649 1302 5723 praecedit.
1327 5629 1452 5720 Qua
1471 5650 1737 5713 videlicet
1766 5629 1936 5715 mise;

2062 4771 2253 4821 nasse,
2288 4752 2428 4825 quia
2457 4768 2527 4806 ex
2571 4751 2672 4806 illo
2701 4767 2818 4807 non
2847 4755 2964 4818 est;
3000 4765 3232 4822 [insuam
3291 4765 3432 4806 sane
3487 4747 3724 4808 malum

2060 4842 2336 4899 meritum
2365 4855 2568 4895 eorum
2597 4831 3030 4910 exsequentem,
3056 4837 3143 4894 uti
3173 4836 3358 4893 Deum
3381 4835 3482 4908 qui
3513 4837 3726 4896 omnia

2059 4929 2341 5006 prospicit
2370 4926 2751 5000 praeseivisse,
2777 4930 2835 4982 et
2863 4926 3314 4998 praedestinasse
3343 4925 3486 4998 quia
3503 4926 3722 4998 justus

2058 5025 2224 5078 est.»
2257 5015 2659 5074 Ordinabilius
2715 5015 2920 5071 Florus
2978 5014 3038 5070 in
3095 5031 3202 5071 suo
3259 5014 3501 5087 scripto,
3551 5015 3719 5073 unde

2057 5111 2152 5167 hic
2182 5103 2640 5165 commisculans
2671 5103 2786 5159 ista
2823 5103 3134 5176 decerpsit,
3166 5102 3380 5176 legitur
3416 5101 3715 5177 posuisse.

2047 5196 2354 5264 Videlicet,
2389 5192 2661 5266 inquiens
2693 5216 2721 5243 «
2755 5191 3228 5264 Omnipotentem
3265 5197 3451 5250 Deum
3479 5191 3540 5250 in
3581 5209 3716 5251 ma-

2049 5288 2123 5344 lis
2152 5287 2418 5359 ipsorum
2452 5281 2738 5337 malitiam
2769 5281 3096 5354 praescisse,
3125 5281 3266 5354 quia
3303 5298 3373 5338 ex
3413 5280 3560 5356 ipsis
3591 5287 3712 5350 est,

2048 5395 2165 5436 non
2197 5370 2668 5448 prmdestinasse,
2704 5370 2844 5443 quia
2889 5388 2958 5428 ex
3004 5369 3106 5427 illo
3156 5387 3272 5428 non
3320 5376 3712 5444 estzpmnam

2045 5483 2178 5526 vero
2210 5463 2448 5520 illorum
2479 5463 2538 5516 et
2569 5459 2870 5532 praescisse
2895 5459 3036 5533 quia
3057 5465 3209 5518 Deus
3237 5465 3346 5531 est,
3372 5465 3431 5519 et
3451 5461 3714 5534 praedes-

2043 5557 2266 5616 tinasse
2296 5549 2436 5624 quia
2469 5549 2671 5621 justus
2700 5553 2818 5620 est;
2856 5554 2922 5606 ut
2959 5554 3014 5607 et
3055 5551 3116 5610 in
3155 5549 3271 5608 illis
3308 5551 3389 5628 sit
3426 5551 3714 5609 meritum

2045 5665 2164 5710 suae
2196 5637 2613 5711 damnationis,
2646 5643 2705 5698 et
2733 5638 2794 5696 in
2844 5639 2945 5700 illo
2992 5646 3256 5718 potestas
3307 5645 3367 5700 et
3405 5640 3714 5716 judicium
