4006 6194
321 819 556 929 decim:
575 819 784 921 quinta
808 826 1026 929 contra.
1047 822 1244 924 Gallos
1277 825 1420 929 dicit
1443 843 1502 928 ζα.
1531 827 1637 928 Qui
1669 831 1983 929 praescien-
2093 819 2425 910 relictosiet
2455 852 2589 917 post
2611 849 2683 904 ad
2711 819 3028 908 interitum
3046 819 3748 929 praid'estinatdginrn‘i:

317 908 468 964 tiam
499 909 600 966 Dei
633 909 694 965 in
725 909 888 966 nullo
907 911 980 967 ab
1012 911 1202 984 ipsius
1231 916 1744 986 praedestinatione
1770 919 1981 976 discer-

319 996 430 1064 nit,
454 997 614 1070 quod
644 999 1029 1056 tribuendum
1059 1004 1148 1057 est
1177 999 1294 1058 Deo
1337 1003 1409 1058 de
1447 1004 1638 1075 bonis’,
1663 1006 1771 1062 hoc
1800 1007 1977 1066 etiam

316 1083 392 1142 de
424 1085 601 1143 malis
629 1091 880 1144 conatur
905 1089 1214 1146 ascribere.
1241 1091 1352 1147 Sed
1377 1108 1511 1148 cum
1543 1094 1696 1150 bona
1716 1097 1785 1150 ad
1809 1095 1978 1170 largi-

314 1175 509 1230 torem
532 1179 1086 1250 cooperatoremque
1115 1195 1317 1234 eorum
1353 1180 1559 1249 Deum,
1594 1183 1749 1240 mala
1778 1190 1973 1242 autem

312 1263 388 1318 ad
417 1263 814 1321 voluntariam
847 1265 1150 1322 rationalis
1170 1273 1447 1325 creaturae
1477 1271 1798 1344 nequitiam
1827 1276 1970 1332 refe-

306 1352 498 1408 renda
527 1352 668 1422 sint,
705 1354 956 1410 dubium
1013 1371 1128 1411 non
1182 1362 1292 1425 est,
1327 1359 1455 1415 sine
1496 1359 1616 1416 ulla
1661 1364 1970 1436 temporali

306 1439 666 1513 differentia,
699 1442 884 1500 Deum
925 1448 982 1500 et
1029 1444 1330 1516 praescisse
1376 1447 1552 1504 simul
1585 1453 1642 1505 et
1669 1453 1967 1522 praedesti-

306 1545 485 1587 nasse
509 1547 643 1603 qua
672 1531 802 1604 ipso
833 1537 1000 1589 erant
1019 1537 1256 1590 auctore
1283 1535 1661 1604 facienda,vel
1683 1557 1810 1612 quae
1841 1559 1966 1600 ma-

301 1617 378 1676 lis
393 1619 630 1677 meritis
643 1621 808 1693 justo
824 1627 990 1679 erant
1005 1623 1230 1695 judicio
1247 1625 1648 1684 retribuenda:
1665 1631 1966 1704 praescisse

303 1711 505 1764 autem
534 1711 969 1784 tantummodo,
993 1728 1109 1768 non
1133 1712 1310 1769 etiam
1343 1717 1808 1787 przedestinasse,
1835 1739 1963 1794 qua:

301 1811 420 1854 non
464 1815 538 1854 ex
574 1799 706 1872 ipso
753 1807 922 1856 erant
967 1817 1208 1858 causam
1259 1804 1614 1875 operationis
1665 1806 1958 1867 habitura.

300 1885 502 1944 Potest
529 1887 733 1960 itaque
762 1889 890 1947 sine
931 1891 1442 1962 pradestinatione
1471 1911 1600 1951 esse
1651 1898 1958 1968 praescion-

298 1974 401 2044 tia,
433 1977 879 2048 praedestinatio
909 1982 1104 2035 autem
1132 1979 1260 2036 sine
1287 1982 1651 2054 praescientia
1683 2002 1812 2042 esse
1843 2005 1957 2043 non

293 2067 514 2138 potest.
543 2088 566 2116 ι
601 2067 827 2123 Tamen
858 2067 1345 2142 qualitercunque
1385 2071 1496 2128 iste
1535 2073 1810 2130 confusor
1847 2076 1960 2132 ista

295 2153 591 2227 posuerit,
624 2155 856 2212 videtur
903 2157 1240 2230 nobisquia
1271 2159 1594 2234 intelligere
1640 2179 1957 2234 possumus

293 2258 427 2315 qua:
459 2243 627 2312 dicit,
651 2267 681 2295 ‹‹
718 2244 1230 2303 Ρτωᾶθεῐὶηαιίοῐιθ
1261 2251 1457 2304 autem
1497 2249 1680 2307 Deum
1726 2256 1956 2309 tantum

287 2333 578 2391 statuisse
599 2351 730 2406 quae
754 2333 880 2406 ipse
891 2334 978 2391 vel
1000 2334 1678 2409 gratuita’misericordia
1687 2340 1774 2397 vel
1788 2342 1954 2414 justo

276 2417 514 2494 judicio
543 2423 810 2480 facturus
839 2428 982 2492 erat,
1005 2425 1330 2481 secundum
1364 2426 1723 2498 Scripturam
1757 2429 1954 2487 dicen-

219 2579 231 2585 _
285 2514 432 2579 tem,
458 2513 562 2584 qui
587 2512 721 2582 fecit
747 2528 874 2587 quae
895 2515 1088 2586 futura
1111 2522 1241 2571 sunt
1269 2533 1288 2570 :
1320 2515 1381 2571 in
1427 2515 1598 2573 malis
1627 2535 1760 2574 vero
1792 2520 1953 2592 ipso-

286 2611 423 2654 rum
470 2597 768 2656 malitiam
827 2603 1152 2674 praescisse,
1185 2603 1326 2675 quia
1380 2620 1448 2659 ex
1502 2603 1648 2677 ipsis
1704 2612 1812 2674 est,
1837 2626 1952 2666 non

285 2688 768 2761 pradestiuasse,
794 2690 935 2763 quia
965 2709 1033 2748 ex
1075 2691 1174 2749 illo
1216 2711 1332 2749 non
1365 2698 1454 2750 est
1485 2713 1498 2750 ς
1534 2713 1762 2768 pmnam
1812 2717 1952 2756 sane

284 2778 516 2835 malum
544 2781 829 2836 meritum
850 2799 1051 2838 eorum
1072 2788 1508 2856 exsequentem,
1535 2786 1620 2842 uti
1644 2787 1826 2844 Deum
1851 2791 1951 2862 qui

287 2868 491 2925 omnia
521 2868 811 2942 prospicit
840 2871 1220 2942 praescivisse,
1248 2876 1307 2928 et
1334 2875 1783 2944 praedestinasse
1813 2878 1953 2949 quia

281 2957 486 3030 justus
517 2963 632 3014 est.
659 2981 688 3007 »
729 2959 944 3016 Beatus
994 2977 1248 3033 namque
1293 2963 1658 3034 Augustinus
1702 2964 1861 3032 dicit,
1897 2971 1954 3023 et

288 3045 542 3119 Prosper
569 3063 642 3102 ex
669 3047 864 3103 verbis
895 3047 1056 3103 illius
1077 3047 1402 3104 clarissime
1433 3049 1792 3122 manifestat,
1815 3069 1954 3124 quo-

288 3136 448 3192 niam
471 3135 918 3209 praadestinatio
938 3137 1039 3192 Dei
1065 3140 1172 3205 est,
1189 3153 1316 3210 qua:
1340 3142 1442 3193 aut
1471 3139 1541 3193 ad
1576 3139 1794 3195 donum
1816 3157 1952 3213 per—

2092 927 2164 985 lis
2195 932 2320 988 suis
2359 937 2658 1006 praescitos
2707 957 2824 996 non
2873 927 3340 1018 praedestinatos,
3375 965 3608 1021 pernam
3639 968 3742 1009 au-

2087 1021 2204 1074 tem
2247 1021 2331 1078 eis
2382 1025 2878 1096 praedestinatam.
2915 1031 3290 1090 Monstruosa
3338 1037 3641 1108 confectio,
3677 1043 3744 1097 ut

2089 1109 2158 1164 de
2189 1115 2385 1168 monte
2409 1113 2591 1186 Lyciae
2618 1133 2720 1188 per
2743 1120 3322 1179 transformationem
3345 1126 3736 1201 conﬁngitur:

2177 1252 2352 1303 Prima
2381 1255 2484 1316 leo,
2514 1261 2785 1320 postrema
2815 1261 2994 1324 draco,
3028 1263 3204 1314 media
3231 1265 3347 1330 ipsa
3375 1267 3626 1322 chimera.

2153 1377 2299 1443 Quid
2335 1379 2543 1451 quierit
2572 1381 2854 1440 latibula?
2876 1387 3106 1444 Veritas
3127 1389 3375 1463 angulos
3397 1409 3513 1450 non
3534 1393 3729 1454 habet.

2080 1463 2227 1530 Quid
2253 1467 2685 1539 tergiversando
2711 1473 2782 1528 ad
2805 1475 3002 1530 omnia
3022 1492 3084 1531 se
3108 1478 3450 1551 componit?
3479 1483 3613 1548 Quae
3645 1500 3735 1541 ca-

2038 1559 2043 1569 '
2077 1552 2278 1610 tholici
2311 1555 2514 1613 dicunt
2545 1559 2704 1628 dicit,
2727 1562 2815 1618 vel
2848 1563 3044 1634 potius
3077 1566 3148 1620 ad
3180 1564 3282 1622 illa
3313 1584 3375 1624 se
3405 1569 3730 1630 affectando

2075 1644 2393 1716 componit,
2422 1649 2478 1701 et
2507 1665 2636 1719 qum
2668 1649 2920 1707 haeretici
2952 1651 3158 1710 dicunt
3189 1672 3292 1726 pro
3321 1655 3546 1716 viribus
3576 1676 3730 1718 asse-

2075 1731 2170 1787 rit.
2205 1731 2369 1788 Sicut
2399 1735 2470 1790 de
2501 1735 2916 1795 chamaeleonte
2967 1743 3232 1813 refertur,
3267 1745 3365 1816 qui
3415 1745 3474 1801 in
3523 1763 3728 1807 omnes

2073 1837 2221 1892 quos
2251 1821 2460 1878 viderit
2490 1841 2626 1879 mox
2655 1842 2716 1882 se
2748 1827 2968 1884 colores
3007 1831 3309 1899 convertit,
3344 1835 3402 1888 et
3430 1834 3501 1890 de
3530 1833 3726 1910 IEsopl

2071 1908 2254 1965 barba
2283 1910 2546 1968 fabulose
2575 1913 2840 1981 refertur,
2867 1916 3006 1988 quia
3028 1917 3313 1991 quidquid
3337 1921 3408 1976 de
3438 1939 3507 1978 ea
3535 1908 3722 1981 domi-

2070 2015 2182 2054 nus
2209 2000 2357 2063 servi
2389 2001 2572 2057 dolosi
2612 2002 2842 2073 dixerit,
2877 2005 3099 2062 dictum
3142 2025 3317 2064 suum
3345 2008 3406 2066 in
3436 2009 3534 2067 illa
3567 2013 3723 2070 inve-

2068 2084 2194 2142 nire
2223 2087 2474 2144 valebit:
2501 2089 2584 2146 sic
2616 2095 2672 2146 et
2699 2091 2810 2148 iste
2831 2110 2999 2150 suam
3029 2097 3380 2153 sententiam
3413 2102 3722 2174 temperat,

2067 2178 2217 2231 utet
2245 2176 2546 2234 catholicis
2595 2183 2652 2235 et
2705 2181 2962 2253 dyscolis
3019 2201 3080 2240 se
3136 2187 3544 2256 accomodans,
3585 2205 3722 2246 cum

2068 2263 2332 2337 utrisque
2364 2284 2424 2322 se
2454 2268 2722 2339 partibus
2748 2275 3006 2342 praestet,
3031 2273 3176 2328 nulli
3204 2275 3527 2334 conveniat.
3549 2277 3723 2337 Caete-

2066 2361 2197 2408 rum
2222 2359 2535 2428 postquam
2554 2357 2762 2414 dixitm
2785 2360 3019 2416 Poenam
3041 2379 3181 2418 sane
3203 2365 3425 2420 malum
3444 2365 3718 2425 meritum

2065 2458 2266 2498 eorum
2299 2450 2731 2518 exsequentem,
2758 2448 2844 2504 uti
2870 2449 3055 2506 Deum
3087 2449 3186 2523 qui
3211 2453 3411 2510 omnia
3439 2456 3722 2529 prospicit

2063 2531 2444 2603 prmscivisse,
2490 2539 2547 2590 et
2603 2538 3046 2608 prmdestinasse
3097 2541 3237 2613 quia
3285 2543 3488 2614 justus
3536 2549 3646 2614 est,
3683 2567 3712 2597 »

2065 2621 2352 2694 adjunxit,
2379 2647 2406 2672 «
2432 2624 2586 2694 apud
2618 2642 2792 2697 quem
2814 2632 2922 2695 est,
2948 2632 3012 2684 ut
3041 2630 3099 2685 S.
3123 2631 3490 2703 Augustinus
3521 2631 3620 2704 ait,
3645 2635 3720 2692 de

2063 2710 2340 2767 omnibus
2372 2713 2610 2768 omnino
2655 2715 2828 2770 rebus
2880 2721 3000 2772 tam
3051 2718 3166 2774 lixa
3212 2719 3504 2778 sententia
3534 2731 3714 2796 quam

2064 2803 2223 2854 certa
2266 2801 2650 2872 praescientia.
2679 2825 2707 2853 »
2740 2803 2856 2860 lloc
2909 2823 3166 2880 namque
3190 2826 3394 2866 verum
3442 2815 3533 2868 est
3561 2809 3718 2886 quod

2063 2887 2122 2942 S.
2148 2889 2515 2961 Augustinus
2538 2889 2596 2946 in
2619 2891 2766 2947 libro
2794 2910 2898 2948 suo
2922 2897 3473 2956 convenientissime
3501 2900 3718 2973 posuit,

2063 2980 2122 3030 et
2153 2975 2262 3032 iste
2293 2979 2649 3050 compositor
2690 2979 3118 3054 incompositus
3164 2985 3258 3041 hic
3307 2986 3720 3045 inconvenien-

2062 3064 2289 3121 tissime
2319 3068 2642 3138 usurpavit.
2677 3069 2832 3124 Nihil
2865 3071 3022 3126 enim
3068 3071 3222 3128 Deus
3273 3075 3525 3147 praescit,
3559 3077 3716 3149 quod

2063 3170 2178 3209 non
2211 3155 2290 3210 sit
2319 3155 2558 3211 omnino
2609 3157 2876 3214 futurum
2913 3176 2926 3214 :
2961 3177 3066 3216 nec
3097 3161 3360 3220 futurum
3393 3163 3535 3238 quid
3583 3181 3714 3224 esse

285 3225 430 3280 tinet
460 3224 671 3298 gratiae
693 3241 814 3297 qua
839 3225 1164 3320 liberantur
1191 3225 1384 3320 electi,
1407 3231 1513 3320 aut
1526 3228 1598 3320 ad
1621 3229 1944 3320 retributio-
1979 3216 2020 3282 C
2061 3246 2272 3314 potest,
2333 3245 2490 3315 quod
2549 3263 2663 3301 non
2720 3246 2873 3304 Deus
2930 3216 3710 3320 praesci'egifﬁof'laggﬁ

288 3331 417 3370 nem
429 3312 694 3386 justitiae
717 3331 836 3386 qua
864 3313 1192 3386 puniuntur
1223 3315 1450 3386 injusti.
1473 3315 1542 3370 Et
1560 3316 1706 3372 bene
1728 3317 1942 3390 posuit,

288 3419 396 3459 non
428 3402 780 3476 intelligens
811 3403 966 3474 quod
999 3404 1068 3460 de
1111 3403 1355 3460 alterius
1385 3403 1558 3460 dictis
1599 3407 1942 3478 assumpsit,

286 3491 808 3564 praedestinatione
849 3491 1032 3548 Deum
1076 3490 1352 3548 statuisse
1382 3509 1508 3564 quae
1545 3491 1671 3566 ipse
1699 3494 1784 3550 vel
1814 3511 1944 3568 gra-

285 3579 430 3636 tuita
459 3578 882 3636 misericordia
909 3579 996 3636 vel
1027 3581 1193 3653 justo
1215 3579 1442 3652 judicio
1482 3581 1744 3638 tacturus
1772 3589 1896 3639 erat
1929 3601 1941 3640 :

283 3663 566 3742 quaniam
601 3667 1008 3724 misericordia
1046 3669 1255 3726 statuit
1299 3668 1548 3726 liberare
1577 3669 1810 3743 electos,
1847 3673 1947 3729 50

273 3757 499 3829 judicio
527 3773 771 3830 poenam
793 3757 1226 3830 praedestinavit
1250 3758 1509 3830 injustis.
1533 3759 1603 3814 Et
1623 3759 1734 3816 hoc
1755 3764 1946 3817 totum

279 3851 362 3902 est
391 3845 500 3903 Dei
544 3845 1011 3918 praedestinatio,
1043 3863 1172 3919 quae
1205 3851 1309 3902 aut
1340 3847 1412 3902 ad
1445 3847 1666 3903 donum
1697 3851 1949 3922 pertinet

279 3935 500 4008 gratim,
535 3939 646 3991 aut
677 3935 751 3991 ad
800 3933 1246 3991 retributionem
1288 3935 1552 4008 justiﬁes.
1577 3937 1744 3992 Nunc
1793 3939 1950 3996 dicat

282 4023 580 4096 quomodo
593 4022 754 4080 Deus
770 4023 1060 4096 perituros
1077 4025 1150 4079 ad
1167 4023 1472 4079 interitum
1493 4025 1946 4096 praedestinavit,

283 4113 564 4185 quoniam
599 4111 661 4166 in
695 4113 954 4168 secundo
985 4111 1242 4184 capitulo
1265 4111 1431 4180 dixit,
1457 4135 1484 4162 ‹‹
1512 4112 1651 4184 quia
1669 4112 1729 4168 in
1751 4131 1949 4172 massa

281 4199 691 4258 damnationis
719 4200 808 4256 vel
839 4201 1050 4257 merito
1081 4199 1352 4273 originali
1395 4200 1483 4256 vel
1523 4201 1701 4257 etiam
1733 4205 1948 4260 actuali

281 4292 744 4364 permanserunt
777 4305 790 4343 :
822 4311 849 4339 ››
886 4294 942 4345 et
969 4288 1030 4344 in
1079 4289 1250 4344 tertio
1300 4290 1549 4346 fidenter
1595 4295 1684 4346 est
1729 4291 1944 4363 fassus,

281 4402 310 4429 α
341 4377 929 4452 praedestinationem
959 4377 1276 4434 electorum
1309 4379 1381 4434 ad
1411 4377 1610 4447 vitam,
1637 4383 1693 4435 et
1724 4383 1946 4454 praede-

281 4467 668 4531 stinationem
703 4465 1022 4539 impiorum
1053 4467 1126 4522 ad
1159 4471 1431 4536 mortem,
1455 4489 1482 4516 ››
1506 4471 1562 4523 et
1591 4473 1794 4540 postea
1815 4473 1950 4528 sub-

2057 3330 2394 3403 quicunque
2433 3337 2698 3404 pereunt,
2745 3335 2873 3391 ideo
2920 3343 3166 3408 pereunt
3213 3341 3352 3411 quia
3397 3342 3642 3414 perituri
3674 3361 3710 3402 a

2057 3419 2174 3474 Deo
2233 3420 2640 3492 praesciuntur,
2685 3424 2785 3478 sed
2841 3424 2980 3496 quia
3027 3426 3271 3498 perituri
3318 3433 3477 3498 sunt,
3512 3447 3547 3487 a
3594 3433 3710 3489 Deo

2057 3511 2194 3565 ante
2227 3509 2439 3564 saecula
2490 3511 2895 3582 praesciuntur.
2931 3515 3094 3570 Sicut
3144 3515 3394 3589 Prosper
3443 3517 3502 3574 in
3552 3519 3712 3577 deci-

2057 3613 2156 3652 ma
2201 3597 2376 3653 tertia
2421 3601 2798 3672 responsione
2849 3607 3052 3659 contra
3080 3603 3498 3664 Vincentianos
3549 3607 3708 3679 dicit,

2057 3707 2086 3736 ‹‹
2121 3687 2274 3758 quod
2325 3687 2432 3742 etsi
2483 3704 2552 3743 ex
2609 3693 2823 3745 aeterna
2876 3693 3246 3762 prazscientia
3289 3697 3713 3768 przecognitum

2057 3775 2236 3831 habet
2293 3777 2434 3848 quid
2494 3776 2962 3852 uniuscujusque
3031 3782 3258 3840 meritis
3321 3783 3716 3845 retributurus

2057 3863 2156 3931 sit,
2189 3864 2408 3920 nemini
2438 3870 2632 3922 tamen
2665 3885 2770 3939 per
2797 3868 2905 3924 hoc
2955 3871 3109 3942 quod
3157 3871 3278 3928 falli
3327 3890 3443 3929 non
3478 3875 3572 3933 Μ
3605 3873 3716 3950 pb-

2057 3957 2193 4022 test,
2225 3957 2328 4009 aut
2375 3955 2784 4011 necessitatem
2829 3962 2930 4012 aut
2957 3959 3317 4018 voluntatem
3365 3962 3568 4022 intulit
3613 3966 3713 4022 de-

2058 4041 2383 4115 linquendi.
2417 4043 2644 4116 Sijergo
2677 4062 2711 4100 a
2733 4045 2968 4115 justitia
2999 4053 3056 4104 et
3083 4049 3301 4125 pietate
3331 4051 3462 4124 quis
3494 4053 3712 4125 deﬁcit,

2059 4147 2165 4187 suo
2197 4129 2256 4184 in
2290 4148 2544 4204 praeceps
2575 4133 2762 4188 fertur
2801 4135 3064 4201 arbitrio,
3097 4155 3205 4194 sua
3235 4121 3714 4212 concupiscontia

2059 4219 2333 4285 trahitur,
2358 4238 2465 4276 sua
2495 4223 2876 4292 persuasione
2907 4225 3212 4298 decipitur.
3238 4227 3392 4283 Nihil
3417 4229 3496 4284 ibi
3521 4230 3708 4301 Pater,

2059 4307 2205 4363 nihil
2231 4309 2434 4375 Filius,
2460 4309 2606 4364 nihil
2629 4311 2749 4383 agit
2773 4313 3025 4384 Spiritus
3047 4319 3322 4372 sanctus:
3349 4333 3453 4372 nec
3476 4315 3576 4372 tali
3608 4333 3708 4373 ne-

2057 4397 2214 4471 gotio
2244 4397 2567 4470 quidquam
2603 4399 2808 4454 divinae
2833 4401 3150 4458 voluntatis
3182 4403 3512 4474 intervenit,
3537 4405 3708 4478 cujus

2057 4503 2227 4559 opere
2259 4485 2478 4542 multos
2503 4487 2724 4542 scimus
2755 4506 2824 4542 ne
2855 4488 3190 4546 laberentur
3215 4496 3490 4562 retentos,
3515 4493 3708 4551 nullos

279 4561 517 4614 secutus
548 4561 644 4612 est
676 4555 904 4624 dicens;
925 4579 952 4606 “
988 4554 1389 4650 Μίεθνίθονάίξι
1423 4555 1722 4650 εἴξῙνδεΠῖυΓ
1744 4558 1940 4650 flecti.
1973 4584 2018 4648 Ι)
2051 4554 2247 4634 autem
2279 4579 2344 4630 ut
2375 4574 2712 4631 laberentur
2741 4576 3050 4650 impulsos.
3079 4603 3106 4630 ››
3130 4581 3200 4637 Et
3224 4582 3364 4637 item
3396 4581 3458 4638 in
3477 4554 3710 4640 decima

270 4645 496 4718 judicio
551 4644 800 4716 injustis
849 4647 940 4700 est
991 4660 1165 4717 paena
1222 4643 1706 4716 praedestinata.»
1743 4648 1942 4706 Talem

277 4735 432 4792 enim
455 4750 708 4791 sensum
731 4732 1135 4810 exprimitcsua
1154 4733 1464 4789 contextio.
1485 4736 1786 4800 Quomodo
1805 4753 1942 4811 ergo

279 4840 434 4880 nunc
464 4823 687 4879 iterum
717 4821 926 4894 injusti
975 4825 1224 4895 possunt
1267 4821 1512 4894 intelligi
1545 4823 1618 4878 ad
1649 4841 1881 4896 pinnam
1910 4843 1944 4883 a

274 4912 390 4968 Deo
423 4910 878 4984 praedestinati?
909 4909 1195 4978 Quoniam
1235 4909 1284 4964 si
1323 4927 1358 4965 a
1387 4911 1502 4966 Deo
1535 4911 1606 4966 ad
1639 4912 1940 4970 interitum

275 4999 804 5074 predestinantur,
857 4999 960 5055 Dei
1020 4997 1532 5071 praedestinatione
1589 5000 1714 5056 sine
1763 5002 1940 5060 dubio

276 5091 547 5162 pereunt,
578 5088 737 5146 sicut
767 5087 838 5145 ad
871 5085 1124 5144 salutem
1157 5087 1556 5160 przedestinati
1587 5087 1688 5144 Dei
1720 5091 1940 5162 praede-

273 5177 600 5236 stinatioue
629 5176 952 5234 salvantur.
976 5177 1046 5232 Et
1075 5176 1127 5232 si
1170 5175 1399 5248 reprobi
1432 5175 1532 5233 Dei
1562 5179 1940 5250 praedestina-

274 5263 432 5323 tione
463 5267 738 5339 pereunt,
765 5263 965 5321 dicant
999 5263 1131 5336 quis
1162 5268 1366 5320 auctor
1393 5268 1482 5320 est
1512 5281 1714 5322 eorum
1742 5271 1940 5340 perdi-

271 5353 472 5410 tionis.
499 5354 668 5411 Unde
701 5353 951 5426 Prosper
997 5352 1220 5410 actione
1253 5353 1482 5410 decima
1529 5359 1693 5412 sexta
1740 5365 1943 5418 contra

269 5441 696 5500 Vincentianos
739 5443 885 5500 dicit
915 5460 929 5499 :
955 5463 986 5496 α
1027 5444 1153 5499 Non
1198 5444 1640 5516 perseveraturi,
1673 5447 1942 5508 videlicet

271 5531 540 5603 perituri,
561 5549 682 5589 non
705 5549 776 5588 ex
807 5531 908 5588 Dei
931 5549 1122 5604 opere,
1143 5531 1354 5606 inquit,
1379 5532 1477 5588 sed
1509 5549 1577 5588 ex
1607 5552 1715 5591 sua
1736 5537 1939 5596 volun-

273 5623 396 5677 tate
427 5621 737 5690 deﬁciunt,
773 5621 966 5678 casuri
999 5624 1198 5678 tamen
1235 5626 1293 5677 et
1325 5621 1612 5678 recessuri
1643 5625 1714 5682 ab
1745 5644 1812 5683 eo
1838 5632 1940 5702 qui

2053 4666 2296 4739 quinta:
2324 4665 2434 4720 «Si
2468 4681 2603 4738 ergo
2636 4665 2693 4720 in
2727 4667 3036 4726 sanctitate
3064 4669 3299 4740 vivitur,
3324 4670 3373 4726 si
3406 4671 3468 4728 in
3497 4671 3712 4729 virtute

2055 4753 2376 4827 proficitur,
2401 4753 2450 4808 si
2471 4753 2532 4807 in
2557 4754 2728 4810 bonis
2760 4756 2972 4811 studiis
3004 4763 3401 4830 permanetur,
3427 4759 3709 4816 manifes-

2051 4847 2178 4900 tum
2203 4859 2423 4898 munus
2445 4846 2534 4898 est
2557 4843 2678 4911 Dei,
2695 4843 2819 4898 sine
2837 4862 2956 4917 quo
2979 4847 3200 4904 nullius
3221 4847 3358 4904 boni
3376 4849 3571 4922 operis
3594 4847 3717 4929 ἶνα-θ

2053 4935 2182 4987 ctus
2203 4929 2550 5002 acquiritur.
2567 4929 2625 4985 Si
2647 4935 2845 4986 autem
2865 4933 2936 4988 ab
2959 4932 3052 4989 his
3075 4935 3384 5004 receditur,
3399 4939 3460 4992 et
3478 4937 3549 4992 ad
3567 4933 3708 4990 vitia
3757 4971 3774 4981 ε

2052 5037 2118 5076 ac
2143 5022 2379 5092 peccata
2399 5019 2706 5086 transitur,
2734 5019 2876 5075 nihil
2903 5021 2980 5078 ibi
3005 5007 3158 5080 Deus
3180 5023 3346 5080 malae
3366 5020 3706 5080 tentationis

2052 5107 2338 5175 immittit,
2364 5112 2420 5162 et
2439 5123 2809 5163 recessurum
2833 5126 2947 5164 non
2971 5112 3186 5168 deserit
3211 5116 3524 5183 antequam
3545 5109 3708 5164 dese-

2051 5201 2233 5265 ratur,
2265 5201 2323 5252 et
2352 5197 2493 5252 facit
2542 5195 2888 5270 plerumque
2921 5216 2991 5255 ne
3023 5201 3266 5270 deserat,
3299 5201 3402 5255 aut
3443 5195 3620 5252 etiam
3651 5195 3704 5254 si

2051 5285 2324 5342 discessit
2357 5290 2423 5341 ut
2451 5286 2670 5340 redeat.
2695 5286 2812 5341 Cur
2837 5292 3032 5343 autem
3057 5288 3219 5342 illum
3245 5287 3510 5352 retineat,
3533 5284 3704 5344 illum

2051 5394 2168 5431 non
2199 5375 2463 5442 retineat,
2499 5393 2604 5430 nec
2639 5377 2915 5448 possibile
2947 5382 3033 5432 cst
3064 5374 3571 5446 comprehendere,
3597 5393 3706 5435 nec

2050 5463 2276 5520 licitum
2308 5464 2612 5537 vestigare,
2639 5481 2772 5519 cum
2803 5464 2949 5519 scire
2980 5463 3255 5531 sufﬁciat,
3278 5465 3338 5519 et
3357 5463 3429 5518 ab
3452 5461 3553 5520 illo
3575 5481 3708 5526 esse

2027 5554 2207 5626 'quod
2241 5558 2450 5618 statur,
2487 5556 2543 5608 et
2573 5570 2689 5607 non
2721 5553 2794 5608 ab
2828 5553 2922 5607 illo
2968 5567 3096 5606 esse
3141 5552 3300 5624 quod
3331 5551 3543 5608 ruitur.
3574 5575 3603 5604 »
3635 5557 3712 5616 Et
3743 5613 3755 5624 ν

2052 5642 2192 5698 item
2255 5643 2500 5713 Prosper
2559 5641 2618 5694 in
2677 5639 2823 5696 libro
2873 5639 3309 5700 Sententiarum
3357 5641 3497 5716 (cap.
3529 5643 3708 5722 379):
