4042 6188
274 355 392 420 ηδ

1199 350 1582 416 HINCMARI
1631 349 2078 414 RHEMENSIS
2123 349 2747 416 ARCIilEPlSCOPl.

3555 350 3670 417 116

283 512 308 546 ι
342 487 649 546 Neminem
679 485 834 545 Deus
869 485 942 543 ad
972 486 1333 561 peccandum
1377 485 1558 560 cogit;
1611 483 1916 558 praevidet;
1942 485 2000 552 Α
2028 488 2094 539 ut
2122 482 2307 556 possit
2333 483 2730 558 qualicunque
2768 484 2942 542 modo
2981 488 3272 553 constare,
3301 482 3671 556 interpretari

276 583 474 635 tamen
495 595 595 634 eos
610 575 711 650 qui
731 575 967 650 propria
985 575 1282 631 voluntate
1304 573 1770 648 peccabunt.Cur
1787 589 1924 645 ergo

278 685 395 724 non
425 667 682 723 vindicet
701 666 906 737 justus
927 681 1055 736 quae
1077 664 1199 720 fieri
1232 681 1345 720 non
1375 663 1530 736 cogit
1560 663 1918 735 praescius?»

349 755 514 812 Unde
532 770 733 810 verum
751 757 841 810 est
851 752 1004 825 quod
1023 756 1292 824 exceptor
1307 751 1416 808 iste
1431 752 1501 808 de
1516 750 1664 807 Flori
1683 751 1920 823 scripto,

277 843 414 900 licet
441 842 772 898 inordinate
803 841 1026 910 ordine,
1050 840 1146 897 hic
1176 839 1526 912 interposuit
1555 839 1754 896 dicens
1779 856 1828 895 :«
1859 839 1923 894 In

277 931 450 990 malis
465 948 599 988 vero
621 930 883 1002 ipsorum
902 928 1183 984 malitiam
1207 927 1674 1001 przescisse,quia
1689 945 1758 984 ex
1778 927 1924 1000 ipsis

276 1024 386 1085 est,
410 1036 526 1076 non
547 1016 1166 1092 praedestinasse,quia
1184 1034 1254 1073 ex
1275 1017 1372 1073 illo
1398 1034 1513 1073 non
1544 1021 1664 1072 est:
1692 1033 1924 1088 pmnam

277 1125 417 1166 sane
434 1107 655 1164 malum
677 1105 955 1163 meritum
975 1123 1176 1162 eorum
1199 1105 1722 1178 exsequentem,uti
1740 1105 1925 1160 Deum

277 1195 379 1268 qui
409 1195 606 1252 omnia
635 1195 914 1268 prospicit
966 1193 1343 1267 praescivisse.
1373 1197 1432 1250 et
1479 1192 1926 1266 praedestinasse

278 1285 419 1358 quia
456 1285 658 1357 justus
705 1289 813 1340 est.
841 1306 868 1333 »
897 1283 978 1340 De
1008 1283 1296 1339 sententia
1341 1288 1536 1340 autem
1585 1281 1921 1354 Augustini,

277 1391 455 1447 quam
477 1373 787 1446 supposuit
806 1374 1006 1429 dicens
1023 1389 1071 1428 :«
1091 1373 1172 1428 De
1195 1371 1470 1428 omnibus
1489 1372 1729 1428 omnino
1749 1373 1926 1428 rebus

276 1467 397 1519 tam
427 1463 542 1519 ﬁxa
566 1467 656 1519 est
699 1462 1010 1532 sententia,
1058 1477 1238 1532 quam
1281 1465 1438 1517 certa
1486 1459 1920 1532 praescientia,»

276 1555 522 1608 sanctus
575 1553 822 1624 Prosper
856 1549 917 1605 in
968 1550 1206 1622 praefato
1264 1548 1412 1606 libro
1443 1554 1582 1622 (cap.
1604 1549 1730 1621 957)
1761 1549 1922 1616 dicit,

274 1641 590 1697 ostendens
609 1639 748 1712 quia
777 1655 891 1694 non
925 1639 1034 1694 sub
1063 1654 1130 1695 eo
1161 1654 1338 1694 sensu
1369 1637 1530 1694 illam
1561 1637 1926 1712 Augustinus

274 1728 441 1794 dixit,
457 1745 572 1801 quo
594 1727 687 1784 hic
710 1726 951 1800 capituli
975 1727 1331 1800 compositor
1350 1726 1718 1798 interposuit,
1737 1743 1806 1783 ex
1825 1727 1928 1782 illa

276 1817 522 1914 probare
553 1815 818 1914 cupiens,
841 1815 926 1914 sic
955 1816 1241 1914 reprobos
1263 1815 1707 1914 praedestinatps
1732 1815 1806 1871 ad
1837 1814 1925 1914 in-
1953 1849 2002 1914 Β

275 1905 707 1976 teritum,sicut
730 1903 896 1960 electi
921 1907 1062 1959 sunt
1088 1902 1487 1975 praedestinati
1507 1904 1578 1959 ad
1600 1903 1802 1960 vitam.
1833 1903 1927 1960 Ait

274 1993 433 2049 enim
465 1993 750 2064 Prosper:
779 2013 807 2042 ‹‹
833 1991 922 2047 Ira
951 1990 1052 2046 Dei
1093 2008 1208 2046 non
1254 1991 1615 2063 perturbatio
1653 1993 1783 2062 ejus
1813 1997 1922 2058 est,

275 2081 374 2136 sed
390 2079 683 2152 judicium
709 2095 824 2151 quo
846 2078 1143 2151 irrogatur
1162 2096 1334 2151 paena
1355 2084 1590 2151 peccato
1611 2096 1624 2135 :
1648 2080 1924 2152 cogitatio

274 2184 408 2224 vero
431 2167 620 2241 ipsius
638 2172 696 2224 et
714 2167 1052 2238 recogitatio
1074 2167 1492 2222 mutandarum
1515 2183 1709 2222 rerum
1727 2173 1814 2223 est
1835 2167 1924 2223 in-

274 2255 712 2312 commutabilis
734 2255 900 2311 ratio.
929 2255 1125 2327 Neque
1145 2255 1302 2311 enim
1328 2255 1482 2312 sicut
1513 2255 1811 2312 hominem
1843 2257 1926 2312 ita

275 2344 461 2400 Deum
484 2345 836 2416 cujusquam
859 2342 995 2398 facti
1026 2341 1118 2398 sui
1150 2344 1410 2416 paenitet,
1435 2344 1608 2414 cujus
1635 2345 1707 2400 de
1735 2344 1924 2400 omni-

273 2433 388 2490 bus
407 2432 648 2489 omnino
669 2433 844 2488 rebus
864 2437 984 2487 tam
1009 2432 1122 2487 fixa
1144 2431 1636 2503 sententia,quam
1661 2438 1818 2489 certa
1836 2438 1926 2490 est

274 2520 697 2594 praescientia.»
728 2524 914 2586 Quam
947 2519 1214 2576 ultimam
1247 2519 1549 2576 sententiae
1580 2521 1760 2594 hujus
1791 2539 1922 2594 par-

273 2611 392 2666 tem
419 2609 574 2665 idem
599 2608 844 2681 Prosper
872 2607 932 2662 in
964 2609 1166 2663 eodem
1207 2607 1354 2664 libro
1380 2612 1519 2682 (cap.
1541 2610 1669 2677 291)
1690 2611 1927 2682 exponit

273 2696 476 2753 dicens
502 2713 566 2755 :«
596 2697 791 2770 Magna
845 2713 1005 2768 opera
1058 2697 1300 2764 Domini,
1332 2699 1605 2770 exquisita
1635 2700 1692 2754 in
1741 2715 1925 2755 omnes

271 2786 574 2842 voluntates
601 2787 720 2858 ejus
741 2786 910 2856 (Psal.
933 2803 1022 2852 cx,
1045 2790 1122 2853 2).
1158 2785 1436 2841 Prsavidet
1466 2787 1648 2843 bonos
1698 2789 1925 2845 futuros

273 2879 332 2930 et
351 2879 528 2942 creat,
554 2874 829 2948 praevidet
850 2873 1035 2930 malos
1059 2875 1287 2930 futuros
1306 2880 1364 2930 et
1385 2875 1827 2948 creat,seipsum
1850 2879 1922 2934 ad

273 2961 586 3018 fruendum
615 2964 880 3034 praebens
912 2961 1100 3028 bonis,
1126 2961 1314 3018 multa
1336 2980 1648 3018 munerum
1680 2961 1923 3021 suorum

273 3048 528 3122 largiens
545 3051 723 3106 etiam
743 3049 938 3115 malis,
952 3050 1406 3106 misericorditer
1424 3051 1924 3125 ignoscens,juste

272 3137 584 3196 ulciscens.
603 3140 766 3206 Item,
784 3139 1239 3195 misericorditer
1261 3138 1572 3223 ulciscens,
1581 3142 1743 3212 juste
1766 3142 1922 3214 igno-

2029 571 2322 629 volumus.
2348 573 2429 629 De
2460 573 2568 630 boc
2611 573 2902 646 siquidem
2947 573 3282 631 testimonio
3327 574 3676 632 venerabilis

2033 661 2187 716 Beda
2217 662 2520 734 presbyter
2561 663 2799 718 Patrum
2847 679 3101 734 sequens
3155 663 3476 719 sententias
3533 663 3678 720 dicit

2033 749 2153 822 (lib.
2184 767 2241 805 ιιι
2269 751 2330 806 in
2355 752 2542 818 Prov.)
2565 769 2584 806 :
2607 774 2636 801 «
2667 753 2871 807 Parata
2905 759 3037 808 sunt
3066 751 3404 808 derisoribus
3439 751 3676 824 judicia,

2031 848 2084 896 et
2103 840 2296 895 mallei
2317 841 2674 912 percutientes
2710 841 3002 897 stultorum
3039 839 3376 912 corporibus.
3407 841 3479 896 Et
3508 840 3557 896 si
3588 857 3677 897 re-

2033 928 2222 1000 probi,
2247 927 2464 1000 inquit,
2487 927 2640 983 sicut
2669 928 3010 1000 praedictum
3039 933 3147 997 est,
3163 927 3254 985 vel
3273 927 3564 1000 jussionis
3589 927 3678 984 vel

2033 1015 2508 1073 comminationis
2549 1015 2755 1072 divinas
2793 1015 3092 1089 judicium
3143 1016 3428 1084 derident,
3476 1021 3682 1090 parata

2031 1109 2229 1161 tamen
2258 1121 2356 1160 eos
2386 1108 2724 1176 exspectant
2745 1103 2971 1176 judicia
2999 1104 3417 1174 damnationis,
3453 1122 3580 1178 quae
3611 1109 3680 1162 ut

2034 1192 2227 1249 mallei
2257 1193 2477 1250 ferrum
2510 1193 2786 1260 candens,
2810 1192 2894 1248 ita
2915 1210 3015 1250 eos
3046 1193 3105 1249 in
3137 1193 3368 1250 fornace
3397 1193 3678 1267 gehennae

2035 1283 2160 1339 sine
2190 1284 2306 1339 ﬁne
2333 1283 2656 1339 verberent.
2685 1304 2711 1330 ››
2742 1280 2888 1337 Hine
2917 1285 2974 1338 et
3004 1285 3247 1338 sanctus
3275 1281 3588 1355 Gregorius
3617 1281 3678 1338 in

2033 1370 2182 1427 libro
2214 1369 2439 1427 decimo
2478 1369 2683 1442 quinto
2723 1368 3030 1426 Moralium
3078 1367 3221 1426 dicit
3243 1387 3291 1427 τι
3317 1371 3463 1438 Quia
3488 1369 3680 1426 omni-

2033 1458 2310 1532 potentis,
2341 1457 2637 1530 inquiens,
2670 1455 2907 1528 justitia
2956 1459 3288 1514 futurorum
3326 1457 3568 1530 praescia
3605 1458 3680 1514 ab

2033 1548 2163 1618 ipsa
2194 1547 2399 1602 mundi
2431 1545 2658 1618 origine
2686 1544 2882 1618 ignem
2915 1546 3150 1614 creavit,
3164 1546 3265 1618 qui
3296 1545 3356 1602 in
3383 1563 3554 1619 poena
3582 1563 3678 1602 re-

2034 1635 2348 1708 proborum
2381 1651 2509 1692 esse
2540 1633 2722 1691 semel
2751 1633 3054 1707 inciperet,
3071 1635 3173 1691 sed
3205 1635 3473 1690 ardorem
3504 1650 3680 1690 suum

2033 1723 2208 1782 etiam
2241 1723 2368 1780 sine
2395 1723 2572 1797 lignis
2601 1739 2906 1795 nunquam
2939 1723 3152 1778 finiret.
3179 1745 3208 1773 ι»
3227 1724 3298 1778 Et
3326 1723 3386 1779 S.
3410 1723 3684 1797 Hierony-

2035 1830 2170 1869 mus
2192 1813 2250 1868 in
2272 1811 2420 1868 libro
2437 1811 2663 1868 decimo
2675 1810 3002 1867 Commenti
3023 1810 3184 1866 Isaiae
3207 1810 3499 1884 prophetis
3522 1827 3572 1867 τι
3593 1812 3680 1868 Ab

2032 1901 2157 1958 heri
2201 1901 2417 1974 quippe
2454 1905 2514 1957 et
2549 1899 2838 1973 praeterito
2897 1903 3161 1972 tempore
3219 1904 3540 1972 praeparata
3590 1903 3684 1957 est

2033 2007 2068 2045 a
2096 2006 2230 2063 rege
2259 1989 2496 2046 domino
2525 1987 2794 2056 Tbot‘eth,
2831 1987 2892 2043 id
2922 1991 3012 2043 est
3052 1986 3173 2044 lata
3209 1991 3268 2043 et
3305 1987 3563 2060 spatiosa
3588 2004 3684 2061 ge-

2032 2078 2245 2146 henna,
2266 2095 2391 2151 qua:
2421 2095 2542 2144 eos,
2572 2077 2629 2132 id
2657 2082 2748 2132 est
2776 2076 3012 2149 impios,
3034 2075 3268 2132 aaternis
3296 2081 3430 2132 urat
3457 2076 3682 2133 ardori-

2033 2167 2258 2223 ribus.»
2271 2167 2433 2234 Quod
2452 2183 2586 2222 mox
2605 2167 2959 2222 subsecutus
2976 2171 3034 2221 et
3051 2165 3122 2221 de
3144 2165 3254 2222 hac
3274 2165 3685 2222 immobilitate

2033 2255 2407 2329 praeseientize
2429 2260 2485 2312 et
2505 2252 3038 2326 praedestinationis
3058 2253 3181 2320 Dei,
3204 2271 3309 2326 per
3328 2270 3508 2326 quam
3527 2254 3684 2327 apud

2031 2361 2164 2400 eum
2189 2345 2386 2400 futura
2398 2345 2526 2414 jam
2550 2343 2701 2398 facta
2721 2347 2881 2413 sunt,
2898 2341 3075 2397 etiam
3095 2342 3252 2414 apud
3273 2341 3683 2398 Ecclesiastem

2032 2434 2178 2490 bene
2203 2432 2552 2505 intelligitur
2573 2431 2794 2487 dictum
2824 2431 3099 2503 :Cognovi
3127 2429 3268 2503 quod
3308 2431 3496 2487 omnia
3521 2447 3687 2504 opera

2033 2537 2158 2594 quae
2187 2524 2319 2593 fecit
2342 2537 2473 2576 acus
2500 2527 2840 2592 perseverent
2867 2521 2928 2576 in
2965 2526 3287 2592 perpetuum
3315 2537 3334 2574 ς
3364 2535 3476 2575 non
3498 2531 3688 2591 possu-

2030 2627 2154 2666 mus
2181 2611 2267 2666 his
2295 2610 2492 2666 addere
2520 2625 2618 2666 nec
2645 2611 2866 2681 auferre
2894 2623 3020 2682 quae
3049 2609 3180 2680 fecit
3213 2609 3354 2664 Deus
3393 2616 3456 2664 ut
3494 2609 3686 2664 timea-

2032 2705 2141 2755 tur.
2169 2699 2365 2766 (Eccle.
2397 2715 2482 2766 ιιι,
2518 2698 2628 2770 14).

2103 2786 2433 2842 Videndum
2463 2791 2553 2842 est
2582 2785 2642 2841 in
2689 2786 2992 2842 doctorum
3042 2784 3409 2852 tractatibus,
3433 2783 3686 2858 qualiter

2032 2875 2140 2930 hoc
2161 2874 2491 2946 exemplum
2513 2891 2635 2929 suas
2657 2873 3010 2946 astipuletur
3029 2873 3350 2942 sentcntiae,
3366 2891 3494 2946 quas
3517 2890 3684 2929 cona-

2030 2967 2128 3019 tur
2154 2980 2414 3019 asserere
2443 2962 2596 3019 sicut
2621 2961 2834 3018 clectas
2865 2963 2935 3018 ad
2975 2961 3176 3028 vitam,
3201 2960 3285 3016 ita
3313 2967 3370 3018 et
3400 2961 3676 3034 reprobus

2033 3069 2066 3108 a
2087 3053 2203 3108 Deo
2224 3050 2664 3124 praedestinatos
2685 3050 2756 3106 ad
2791 3066 3042 3122 pinnam.
3065 3049 3162 3105 Ait
3193 3065 3448 3122 namque
3481 3049 3676 3105 lliero-

2032 3157 2244 3214 nymus
2281 3140 2338 3195 in
2388 3140 2745 3212 expositione
2794 3138 2928 3195 libri
2983 3137 3363 3195 Ecclesiastes
3392 3145 3531 3211 (cap.
3561 3137 3676 3210 31),

271 3244 462 3294 scens,
497 3227 642 3284 nihil
694 3233 962 3284 metuens
991 3229 1061 3283 de
1092 3212 1443 3300 cujusquam
1494 3209 1736 3296 malitia,
1773 3209 1919 3286 nihil
1950 3209 1993 3276 C
2032 3209 2285 3301 Cognovi,
2319 3209 2614 3301 inquiens,
2639 3231 2770 3301 quia
2823 3230 3008 3285 omnia
3039 3243 3164 3301 qua?
3203 3229 3334 3300 fecit
3365 3209 3506 3283 Deus
3558 3229 3680 3299 ipsa

266 3313 538 3388 indigens
558 3317 629 3370 de
649 3318 1001 3388 cujusquam
1025 3316 1281 3388 justitia,
1305 3316 1449 3372 nihil
1473 3317 1582 3372 sibi
1605 3318 1918 3376 consulens

268 3405 339 3460 de
369 3405 645 3476 operibus
675 3406 984 3473 bonorum,
1009 3411 1067 3461 et
1097 3405 1264 3462 bonis
1293 3405 1608 3462 consulens
1638 3407 1816 3463 etiam
1847 3409 1918 3465 de

267 3491 457 3564 pomis
503 3491 815 3548 malorum.
845 3515 872 3542 ››
894 3495 964 3548 Et
1011 3493 1223 3549 iterum
1257 3494 1394 3566 (cap.
1421 3495 1548 3566 940)
1574 3511 1586 3549 :
1613 3518 1640 3545 ‹‹
1675 3495 1914 3552 Nullum

265 3579 420 3637 Deus
451 3581 539 3638 vel
569 3580 913 3655 angelorum
955 3583 1042 3637 vel
1093 3582 1399 3638 hominum
1449 3589 1691 3649 crearet,
1736 3601 1913 3656 quem

264 3668 484 3726 malum
519 3671 783 3726 futurum
809 3687 938 3726 esse
967 3670 1314 3742 praescisset,
1343 3670 1454 3726 nisi
1478 3672 1696 3744 pariter
1715 3679 1915 3730 nosset

175 3747 183 3751 ’
260 3757 480 3830 quibus
501 3775 600 3815 eos
620 3759 908 3815 bonorum
933 3758 1140 3814 usibus
1167 3760 1622 3828 commendaret,
1637 3766 1813 3833 atque
1833 3763 1914 3818 ita

263 3846 362 3904 52
393 3847 659 3902 ordinem
691 3846 1038 3902 saeculorum
1069 3845 1241 3918 quasi
1287 3846 1748 3919 pulcherrimum
1792 3867 1914 3905 car-

261 3948 395 3988 men
427 3934 604 3989 etiam
636 3951 704 3990 ex
733 3935 1088 4006 quibusdam
1120 3935 1464 3991 anthithetis
1504 3935 1855 3996 honestaret.
1881 3961 1909 3989 »

261 4021 390 4078 Haec
419 4023 542 4095 agit
567 4023 847 4096 praescius
877 4028 934 4079 et
964 4023 1389 4096 praedestinans
1427 4024 1692 4080 omnium
1726 4027 1900 4084 bono-

259 4125 391 4165 rum
422 4109 600 4178 Deus,
622 4111 902 4184 praescius
923 4129 1036 4167 non
1060 4111 1484 4183 praedestinans
1504 4113 1768 4169 omnium
1793 4131 1912 4170 ma-

257 4196 449 4255 lorum
481 4199 656 4266 Deus,
675 4200 830 4272 apud
858 4217 1031 4272 quem
1053 4201 1126 4255 de
1155 4200 1430 4256 omnibus
1451 4201 1691 4258 omnino
1734 4203 1908 4260 rebus

255 4290 376 4344 tam
401 4288 513 4344 lixa
533 4291 624 4344 est
643 4288 1135 4360 sententia,quem
1161 4293 1319 4344 certa
1345 4288 1708 4362 przsscientia
1731 4307 1744 4346 :
1769 4291 1909 4362 quia

255 4393 360 4431 nec
389 4375 576 4444 aliud,
599 4393 705 4432 nec
726 4376 896 4434 aliter
926 4377 1190 4433 futurum
1213 4381 1322 4443 est,
1346 4377 1456 4434 nisi
1481 4379 1636 4450 quod
1666 4383 1724 4434 et
1753 4379 1907 4436 sicut

251 4464 503 4535 praescit,
530 4470 588 4520 et
609 4465 766 4537 quod
788 4471 846 4521 et
865 4465 1020 4521 sicut
1041 4466 1304 4521 futurum
1325 4470 1414 4522 est
1435 4466 1588 4522 Deus
1609 4471 1742 4522 ante
1767 4485 1901 4540 prae-

2025 3327 2187 3376 erunt
2214 3320 2273 3374 in
2301 3325 2572 3375 κιαι-ηυντ
2597 3336 2616 3372 :
2645 3334 2810 3389 super
2838 3318 2938 3374 illa
2980 3333 3093 3373 non
3133 3322 3304 3388 potest
3349 3315 3500 3384 addi,
3531 3323 3582 3372 et
3607 3315 3679 3372 ab

2026 3409 2145 3463 illis
2168 3424 2280 3463 non
2305 3413 2476 3478 potest
2501 3408 2680 3477 au/‘en
2695 3408 2736 3472 i,
2759 3414 2812 3462 et
2836 3407 2966 3478 fecit
2982 3407 3122 3462 Deus
3140 3413 3202 3460 ut
3225 3407 3452 3461 timeant
3475 3421 3511 3460 α
3536 3405 3682 3476 facie

2022 3499 2140 3568 ejus
2160 3514 2212 3550 τα
2238 3495 2392 3551 Nihil
2425 3500 2536 3560 est,
2563 3495 2774 3566 inquit,
2805 3493 2864 3550 in
2899 3494 3120 3550 mundo
3149 3493 3304 3566 quod
3337 3509 3551 3549 novum
3575 3492 3674 3550 sit.

2023 3584 2175 3641 Solis
2204 3601 2436 3654 cursus,
2459 3588 2517 3639 et
2560 3582 2710 3638 luna:
2757 3583 2934 3651 vices,
2956 3587 3016 3638 et
3069 3587 3234 3638 terra:
3281 3582 3678 3654 arborumque

2022 3672 2255 3729 siccitas
2286 3671 2372 3728 vel
2405 3671 2576 3738 viror,
2601 3688 2737 3728 cum
2767 3671 2894 3744 ipso
2925 3671 3144 3726 mundo
3166 3673 3304 3726 nata
3333 3675 3473 3726 sunt
3500 3677 3676 3742 atque

2021 3765 2348 3818 conereata.
2382 3761 2450 3816 Et
2488 3759 2704 3816 ideirco
2755 3759 2910 3816 Deus
2969 3765 3126 3816 certa
3182 3759 3408 3815 ratione
3463 3765 3676 3816 cuncta

2020 3851 2358 3906 moderatus
2415 3854 2533 3914 est,
2592 3853 2650 3904 et
2699 3847 2883 3919 jussit
2952 3847 3231 3904 humanis
3291 3847 3498 3904 usibus
3554 3846 3674 3904 ele-

2020 3944 2219 3994 menta
2273 3937 2508 4006 servire,
2543 3942 2608 3993 ut
2665 3936 2934 3993 homines
2991 3936 3112 3992 haec
3138 3936 3402 3994 videntes
3455 3935 3673 3992 intelli-

2016 4031 2159 4100 gant
2215 4042 2344 4082 esse
2401 4024 2847 4098 providentiam,
2879 4029 2939 4080 et
2995 4024 3244 4080 timeant
3284 4024 3494 4080 afacie
3542 4023 3670 4092 Dei,

2017 4116 2160 4171 dum
2204 4132 2274 4171 ex
2321 4131 2515 4170 rerum
2574 4113 2924 4185 mqualitate,
2958 4129 3160 4191 cursu,
3213 4113 3438 4179 ordine,
3495 4117 3672 4186 atque

2019 4205 2117 4260 53
2175 4203 2505 4260 constantia
2560 4201 2900 4274 intelligunt
2945 4202 3300 4258 Creatorem.
3361 4201 3673 4258 Invisibilia

2013 4301 2162 4352 entm
2190 4293 2364 4364 ipsius
2391 4309 2427 4346 a
2456 4299 2708 4347 creatura
2758 4289 2957 4346 mundi
2981 4307 3082 4363 per
3104 4307 3166 4346 ea
3195 4305 3322 4363 quae
3358 4292 3502 4361 facta
3539 4298 3674 4346 sunt

2014 4383 2285 4437 intellecta
2312 4381 2744 4452 conspiciuntur.
2777 4379 3117 4451 Sempiterna
3155 4395 3367 4452 quoque
3398 4381 3516 4451 ejus
3553 4380 3668 4434 vir-

2010 4477 2096 4526 tus
2146 4477 2198 4526 et
2251 4469 2512 4525 divinitas
2555 4469 2729 4538 (Rom.
2762 4485 2802 4534 1,
2835 4467 2951 4539 20).
2985 4467 3150 4534 Quod
3202 4467 3248 4522 si
3307 4466 3669 4523 voluerimus

250 4551 439 4606 scivit.
463 4553 588 4607 Non
610 4558 807 4610 tamen
837 4553 994 4608 mala
1016 4555 1139 4610 ﬁeri
1173 4553 1538 4626 praescientia
1561 4573 1670 4610 sua
1690 4555 1900 4629 coegit,
1937 4570 1979 4634 ι)
2011 4558 2201 4630 priore
2245 4573 2424 4612 sensu
2462 4555 2626 4612 ﬁnito
2667 4555 2837 4628 quasi
2868 4572 2903 4611 a
2933 4555 3122 4628 capite
3152 4555 3362 4628 legere.
3394 4556 3461 4612 Et
3517 4560 3668 4612 Deus

249 4639 353 4695 sed
383 4656 511 4712 qua;
544 4641 742 4697 futura
769 4647 956 4708 erant,
990 4647 1053 4698 ut
1102 4643 1257 4699 Deus
1305 4649 1440 4698 ante
1488 4643 1795 4715 praescivit,
1830 4645 1902 4701 de

247 4743 365 4800 quo
417 4727 699 4800 scriptum
733 4735 858 4785 est:
890 4731 1031 4786 Deus
1068 4739 1291 4799 «τίει-ηε,
1315 4734 1412 4804 qui
1465 4733 1902 4789 absconditorum

245 4831 304 4872 es
359 4819 620 4889 cognitor,
651 4819 750 4891 qui
801 4821 948 4876 nosti
1001 4822 1188 4876 omnia
1234 4829 1518 4894 antequem
1572 4823 1710 4893 ﬁant
1737 4823 1896 4895 (Dan.

245 4921 369 4970 XIII,
403 4905 516 4972 42).

317 4993 387 5048 Et
415 4995 572 5066 quod
603 4994 663 5051 in
691 4995 950 5068 capitulo
971 4997 1318 5071 compilator
1347 4998 1670 5069 subjunxit,
1695 4998 1766 5053 ad
1789 4997 1898 5055 hoc

244 5080 535 5154 siquidem
570 5083 709 5140 facit
739 5084 1034 5158 Sapientis
1073 5087 1297 5142 dictum
1323 5103 1337 5141 :
1360 5087 1564 5142 Parata
1596 5095 1725 5142 sunt
1750 5087 1896 5142 deri-

240 5171 458 5228 soribus
475 5172 717 5244 judicia,
738 5182 791 5230 et
806 5176 996 5231 mallei
1020 5178 1380 5248 percutientes
1402 5176 1693 5231 stultorum
1719 5191 1900 5247 corpo-

239 5257 395 5314 ribus
408 5262 842 5334 (Prov.x1x,29),
859 5263 916 5318 in
939 5263 1049 5318 hoc
1071 5280 1248 5319 sensu
1274 5267 1464 5335 potest
1487 5263 1898 5319 convenienter

239 5343 486 5421 intelligi
520 5350 802 5422 positum,
827 5367 942 5422 quo
985 5349 1199 5422 posuit,
1229 5367 1456 5420 pmnam
1499 5366 1640 5405 sane
1671 5350 1894 5406 malum

240 5437 518 5492 meritum
551 5455 754 5494 eorum
786 5443 1222 5511 exsequentem,
1248 5439 1331 5492 uti
1359 5439 1541 5493 Deum
1565 5439 1662 5510 qui
1697 5441 1895 5496 omnia

240 5526 540 5597 prospicit,
565 5527 1022 5600 prmscivisse,et
1051 5527 1500 5599 prmdestinasse
1531 5527 1668 5598 quia
1691 5529 1894 5599 justus

239 5615 465 5670 est.Sed
489 5615 560 5669 ad
577 5615 716 5686 quid
736 5614 877 5670 illud
901 5615 1162 5686 posuerit
1175 5631 1293 5672 non
1309 5614 1679 5688 ignoramus:
1698 5621 1890 5675 tamen

2007 4648 2136 4718 fecit
2163 4653 2226 4702 ut
2245 4647 2473 4701 timeant
2491 4662 2525 4700 a
2543 4646 2688 4716 facie
2710 4646 2846 4717 ejus,
2876 4643 2970 4700 hic
2988 4648 3079 4700 est
3099 4660 3329 4710 sensus,
3354 4644 3509 4700 Deus
3530 4643 3669 4699 fecit

2009 4733 2130 4790 haec
2161 4733 2361 4790 omnia
2389 4739 2456 4788 ut
2481 4733 2730 4788 timeant
2759 4731 3026 4788 homines
3057 4732 3130 4788 ab
3172 4748 3239 4788 eo
3279 4731 3435 4804 quod
3481 4731 3664 4788 semel

2008 4822 2163 4878 Deus
2179 4822 2474 4895 disposuit
2494 4820 2554 4876 in
2575 4819 2691 4876 alia
2709 4817 3024 4876 declinai‘e.
3041 4819 3287 4876 Pulchre
3305 4823 3498 4876 autem
3521 4823 3667 4875 tem-

2007 4909 2228 4982 peravit
2253 4909 2475 4977 dicens,
2503 4917 2564 4966 ut
2591 4911 2817 4966 timeant
2835 4925 2870 4965 a
2897 4909 3044 4981 facie
3070 4906 3425 4980 ejus.Vultus
3445 4907 3665 4980 quippe

2007 4997 2239 5054 Domini
2274 5015 2452 5070 super
2481 4997 2757 5053 facientes
2802 4997 2976 5053 mala.
3006 5019 3034 5046 ››
3055 4997 3126 5052 Et
3162 4995 3446 5052 Alcuinus
3473 4994 3533 5050 in
3563 5012 3663 5050 ex-

2007 5087 2343 5160 planatione
2372 5087 2637 5157 ejusdem
2670 5085 2824 5153 libri,
2853 5085 2927 5141 ad
2959 5083 3167 5141 Oniam
3199 5084 3583 5154 sacerdotem,
3605 5089 3665 5140 et.

2006 5175 2333 5230 Candidum
2373 5175 2802 5247 presbyterum,
2834 5177 2892 5228 et
2931 5171 3308 5229 Natanaelem
3346 5173 3660 5228 diaconum

2006 5262 2329 5335 discipulos
2361 5279 2500 5319 suos
2527 5279 2575 5318 τε(
2599 5261 2780 5317 Didici
2808 5261 2948 5333 quod
2975 5264 3164 5317 omnia
3193 5278 3356 5334 opera
3388 5278 3506 5334 qu/r
3533 5265 3666 5333 fecit

2002 5352 2144 5408 Deus
2180 5358 2521 5424 perseverent
2576 5352 2636 5406 in
2689 5357 3032 5422 perpetuum.
3065 5351 3184 5406 Non
3233 5366 3522 5422 possumus
3579 5352 3661 5405 eis

2001 5441 2199 5497 addere
2239 5441 2561 5512 quidquam,
2584 5455 2684 5495 nec
2730 5441 2952 5510 auferre
2981 5456 3106 5512 quae
3132 5442 3263 5512 fecit
3289 5441 3429 5495 Deus
3477 5447 3540 5494 ut
3581 5440 3659 5494 ti-

2002 5537 2218 5584 meatur
2247 5529 2440 5595 (Eccle.
2477 5545 2560 5593 ιιι,
2595 5529 2703 5585 14).
2737 5526 2893 5583 Nihil
2936 5534 3026 5584 est
3065 5529 3124 5584 in
3165 5529 3409 5596 mundo,
3438 5527 3656 5598 inquit,

2001 5618 2158 5690 quod
2213 5631 2427 5672 novum
2460 5615 2558 5673 sit.
2593 5614 2746 5673 Solis
2791 5633 3020 5686 cursus,
3054 5622 3110 5673 et
3169 5617 3342 5674 Luna:
3393 5615 3566 5680 vices,
3598 5620 3657 5672 et
