4042 6188
282 355 400 421 117

1003 353 1106 416 ns
1145 334 1905 416 PRJEDESTINATIONE
1950 351 2462 418 mssa-arum
2508 353 2968 420 POSTERIOR.

3568 321 3714 424 us-

277 494 450 548 terra
481 487 878 560 arbotmmque
909 485 1144 545 siccitas
1175 487 1264 544 vel
1284 487 1602 554 viror,cnm
1623 485 1751 560 ipso
1773 503 1942 543 mun-
1967 485 2023 554 Α
2049 486 2248 560 vitque
2278 491 2343 544 ut
2371 504 2656 545 essemus.
2684 489 2844 546 Fecit
2869 493 3066 547 autem
3095 491 3205 549 hoc
3230 491 3556 551 secundum
3576 493 3697 568 pla-

281 579 358 636 do
387 582 530 634 nata
559 581 702 634 sunt
731 581 907 650 atque
937 577 1226 633 creata.Et
1245 575 1463 633 idcirco
1485 577 1641 632 Deus
1664 580 1821 632 certa
1841 593 1938 631 ra-

280 667 442 724 tione
462 669 679 723 cuncta
699 665 1036 721 moderatus
1057 663 1413 736 est,etjussit
1428 664 1710 720 humanis
1731 664 1939 720 usibus

280 756 574 814 elementa
603 754 839 820 servire,
871 759 935 809 ut
963 752 1236 810 homines
1261 753 1526 810 videntes
1570 752 1694 808 haec
1724 751 1938 809 intelli-

278 849 425 920 gant
454 860 584 902 esse
616 841 1042 916 providentiam
1073 841 1197 910 Dei,
1229 845 1287 898 et
1306 841 1554 906 timeant
1583 858 1617 897 a
1639 841 1784 898 facie
1813 841 1936 910 Dei,

281 936 427 992 dum
480 950 551 990 ex
607 948 806 988 rerum
863 929 1220 1004 aequalitate,
1273 947 1472 1001 cursu,
1506 930 1730 998 ordine,
1764 935 1939 1002 atque

280 1021 638 1088 constantia,
672 1018 1013 1092 intelligunt
1041 1023 1392 1076 Creatorem.
1427 1041 1456 1069 »

352 1113 424 1168 Et
456 1109 739 1184 quoniam
769 1108 877 1165 hoc
906 1108 976 1164 de
996 1107 1346 1165 Ecclesiaste
1367 1109 1769 1165 testimonium
1794 1126 1937 1182 qua-

280 1199 419 1257 liter
448 1217 571 1256 suae
605 1197 1010 1272 astipulationi
1041 1196 1361 1264 conveniat,
1386 1197 1666 1254 vcdelicet
1688 1199 1826 1270 quia
1845 1215 1940 1255 ne-

281 1304 585 1363 quaquam
603 1285 1240 1353 conveniat,doctorum
1259 1285 1564 1342 sententiis
1579 1287 1939 1343 demonstra-

281 1378 576 1444 vimus,ex
604 1375 711 1432 hoc
742 1375 898 1448 quod
930 1374 1319 1447 praemisit,De
1350 1374 1794 1448 hac,inquiens,
1827 1375 1938 1432 im-

281 1465 614 1524 mobilitate
643 1462 1020 1537 praecientiaa
1051 1466 1107 1519 et
1133 1463 1317 1536 praedi
1329 1463 1662 1520 stinationis
1691 1465 1814 1532 Dei,
1839 1482 1940 1538 per

282 1571 464 1630 quam
497 1554 653 1627 apud
685 1569 821 1608 eum
849 1551 1049 1608 futura
1069 1553 1198 1623 jam
1230 1552 1384 1608 facta
1412 1553 1826 1626 sunt,Prosper
1853 1553 1939 1610 illi

280 1662 350 1703 ex
379 1643 532 1701 libro
583 1641 841 1698 secundo
892 1641 1030 1713 (cap.
1064 1641 1179 1708 33),
1213 1641 1283 1696 de
1310 1639 1625 1698 Vocatione
1673 1642 1938 1716 gentium

281 1731 638 1806 respondeat
671 1747 684 1786 :
719 1751 747 1780 «
781 1729 906 1785 Non
937 1731 1048 1796 est,
1073 1727 1370 1801 inquiens,
1403 1729 1462 1785 in
1493 1729 1610 1786 Deo
1643 1731 1936 1800 accidens,

282 1826 506 1890 motus,
531 1822 635 1877 aut
655 1835 804 1876 nova
829 1817 1120 1886 voluntas,
1137 1821 1239 1874 aut
1259 1817 1579 1892 temporale
1600 1820 1935 1889 consilium,
1967 1859 2015 1924 Β

281 1927 387 1969 nec
419 1907 699 1984 cogitatio
720 1907 849 1980 ejus
872 1923 1006 1977 qum
1029 1923 1223 1963 rerum
1245 1907 1620 1964 mutabilium
1644 1909 1941 1982 inaequali-

281 2004 398 2057 tate
427 1998 728 2066 variatur;
758 1996 861 2053 sed
893 1999 1104 2052 cuncta
1126 1995 1346 2069 pariter
1364 2000 1628 2068 tempora
1646 2002 1704 2054 et
1726 2005 1941 2070 tempo-

281 2089 427 2148 ralia
445 2085 812 2160 sempiterno
833 2101 898 2140 ac
918 2083 1114 2142 stabili
1136 2085 1616 2158 comprenhendit
1636 2086 1939 2154 intuitu,et

281 2175 561 2236 omnibus
577 2171 909 2245 omniaiam
922 2172 1190 2229 retribuit
1203 2171 1442 2246 quiquae
1455 2179 1596 2230 sunt
1607 2174 1936 2248 futurajam

279 2264 597 2324 fecit.Hinc
627 2266 717 2319 est
735 2261 879 2317 illud
902 2261 1055 2318 beati
1077 2261 1240 2318 Pauli
1257 2261 1508 2335 apostoli
1529 2262 1840 2320 scribentis
1863 2267 1937 2322 ad

278 2352 569 2428 Ephesios
585 2369 599 2406 :
615 2349 936 2408 Benedictus
962 2349 1104 2406 Deus
1133 2357 1187 2406 et
1203 2351 1365 2406 Pater
1381 2351 1603 2406 Domini
1620 2353 1796 2408 nostri
1811 2353 1940 2410 Iesu

281 2442 618 2514 Christi,qui
646 2438 923 2497 benedixit
942 2455 1040 2496 nos
1060 2440 1122 2495 in
1141 2440 1293 2496 omni
1313 2439 1680 2496 benedictione
1697 2443 1940 2514 spiritali

283 2535 340 2590 in
369 2530 678 2589 aetatibus
710 2531 770 2584 in
790 2528 1024 2586 Christo.
1047 2527 1204 2584 Sicut
1227 2528 1390 2600 elegit
1414 2545 1513 2584 nos
1561 2531 1622 2584 in
1669 2531 1784 2601 ipso
1815 2539 1939 2587 ante

279 2620 480 2678 mundi
505 2619 1035 2686 constitutionem,ut
1052 2633 1289 2674 essemus
1318 2619 1496 2674 sancti
1521 2625 1573 2674 et
1599 2619 1940 2676 immaculati

283 2713 342 2768 in
373 2715 664 2782 conspectu
690 2709 808 2781 ejus
841 2709 900 2762 in
927 2706 1211 2764 charitate.
1247 2707 1354 2776 Qui
1381 2705 1796 2779 prwdestimwit
1839 2725 1938 2765 nos

285 2803 345 2856 in
372 2799 724 2871 adoptionem
751 2796 996 2868 ﬁliorum
1016 2811 1118 2868 per
1152 2796 1335 2852 Iesum
1385 2794 1662 2852 Christum
1706 2797 1768 2852 in
1799 2798 1936 2869 ipso,

283 2887 584 2946 sectandum
607 2887 950 2959 propositum
986 2885 1283 2940 voluntatis
1308 2899 1448 2952 sum,
1483 2885 1542 2938 in
1572 2883 1788 2940 laudem
1816 2887 1936 2957 glo-

285 2979 392 3036 ria:
417 2978 620 3050 gratiae
647 2990 767 3032 sua:
796 2972 1058 3047 (Ephes.1,
1090 2973 1165 3045 3),
1199 2976 1255 3028 et
1284 2976 1491 3028 caetera
1519 2972 1697 3042 (sicut
1718 2973 1936 3030 ibidem

287 3065 466 3123 lector
493 3064 749 3138 quisque
768 3063 1011 3120 devotus
1030 3060 1118 3118 vel
1141 3061 1410 3118 curiosus
1432 3059 1663 3134 plenius
1684 3066 1740 3118 et
1758 3061 1936 3119 latius

287 3155 498 3230 poterit
527 3150 968 3223 invenire,)quae
999 3149 1109 3206 sub
1139 3150 1403 3222 ejusdem
1425 3166 1636 3208 sensus
1657 3151 1935 3224 praedica-

2049 576 2232 632 citum
2262 577 2579 634 voluntatis
2611 596 2749 646 suae,
2785 583 2852 634 ut
2881 595 3050 634 nemo
3081 580 3153 635 de
3183 583 3417 650 sua,sed
3441 582 3512 640 de
3536 582 3695 642 illius

2048 681 2187 738 erga
2199 667 2585 735 se,voluntate
2605 667 3069 739 glorietur.Fecit
3084 669 3194 724 hoc
3215 673 3536 728 secundum
3559 673 3698 730 divi-

2047 753 2160 810 tias
2171 754 2367 827 gloriz-e
2391 757 2756 821 sua),secund
2767 774 2864 811 um
2888 759 3102 812 bonam
3124 757 3481 815 voluntatem
3503 779 3692 830 suam,

2049 860 2226 914 quam
2259 843 2563 916 proposuit
2591 844 2650 898 in
2683 844 2892 901 dilecto
2927 845 3068 901 Filio
3100 863 3228 914 suo,
3252 845 3311 901 in
3335 863 3449 919 quo
3481 854 3694 906 sortem

2047 932 2346 987 consecuti
2380 949 2610 1000 sumus,
2643 933 3037 1004 prmdestinati
3069 935 3394 991 secundum
3435 937 3695 1009 proposi-

2046 1023 2326 1087 tum,non
2359 1025 2645 1087 nostrum,
2671 1023 2771 1077 sed
2804 1023 2935 1092 ejus
2966 1023 3062 1094 qui
3098 1023 3370 1080 universa
3400 1009 3694 1098 operatur,

2048 1125 2236 1180 usque
2267 1109 2409 1164 adeo
2443 1114 2507 1164 ut
2526 1109 2654 1180 ipse
2679 1109 2736 1164 in
2763 1112 2929 1166 nobis
2951 1117 3220 1182 operetur
3239 1117 3295 1168 et
3313 1113 3710 1188 velle.0pera~-

2048 1201 2144 1253 tur
2175 1198 2372 1253 autem
2405 1199 2732 1254 secundum
2765 1200 3079 1256 consilium
3111 1201 3430 1259 voluntatis
3462 1221 3603 1272 suae,
3633 1207 3730 1260 ut-

2047 1285 2236 1342 simus
2267 1287 2324 1340 in
2357 1286 2589 1342 laudem
2621 1287 2816 1358 gloriae
2840 1289 3023 1359 ejus.»
3051 1291 3119 1345 Et
3141 1291 3540 1364 item,cap.17:
3567 1317 3595 1345 «
3619 1295 3700 1349 Ex

2047 1373 2156 1429 hoc
2189 1374 2484 1445 proposito
2517 1375 2644 1445 ejus
2677 1380 2766 1431 est
2797 1376 2898 1432 illa
2927 1377 3248 1434 electorum
3278 1382 3514 1453 propria
3541 1399 3703 1439 voca—
3791 1387 3796 1392 ’

2046 1461 2149 1532 tio,
2175 1462 2390 1535 quibus
2411 1463 2607 1518 omnia
2630 1469 3014 1536 cooperantur
3034 1467 3092 1522 in
3119 1469 3470 1542 bonum,qui
3497 1488 3702 1527 secun-

2049 1552 2190 1606 dum
2218 1551 2584 1623 propositum
2631 1553 2819 1608 vocati
2869 1559 3044 1623 sunt;
3077 1561 3135 1611 et
3180 1557 3306 1614 sine
3359 1559 3700 1630 pmnitentia

2047 1645 2188 1698 sunt
2218 1641 2370 1696 dona
2397 1645 2454 1697 et
2483 1641 2705 1696 voeatio
2747 1641 2869 1696 Dei.
2905 1664 2933 1690 »
2967 1643 3035 1698 Et
3065 1643 3202 1699 item
3237 1661 3250 1700 :
3289 1667 3316 1696 ‹‹
3347 1645 3533 1720 Elegit
3561 1664 3696 1720 ergo

2048 1747 2146 1786 eos
2178 1730 2248 1785 de
2297 1729 2518 1785 mundo
2561 1745 2694 1784 cum
2745 1729 2838 1784 hic
2891 1736 3090 1802 ageret
3137 1749 3392 1800 carnem,
3425 1736 3525 1791 sed
3567 1737 3696 1806 jam

2047 1817 2262 1875 electos
2289 1818 2346 1873 in
2379 1817 2570 1889 scipso
2604 1823 2738 1873 ante
2770 1819 2977 1874 mundi
3008 1821 3504 1878 constitutionem.
3542 1845 3570 1873 »

2115 1905 2276 1963 Talis
2301 1910 2390 1962 est
2418 1907 2564 1961 ﬁdes
2595 1906 3050 1963 orthodoxorum
3079 1910 3150 1964 de
3189 1911 3696 1981 praedestinatione

2045 2000 2407 2052 sanctorum.
2441 1995 2687 2050 Studeat
2715 2000 2772 2050 et
2802 1995 2958 2050 dicat
3004 1997 3394 2068 capitulorum
3445 1999 3695 2056 istorum

2045 2083 2560 2156 compilator,quia
2593 2083 2830 2139 relictos
2864 2085 3160 2156 reprobos,
3190 2087 3403 2158 impios
3429 2092 3486 2144 et
3509 2087 3698 2160 injus-

2046 2177 2156 2238 tos,
2191 2189 2258 2228 ac
2290 2173 2604 2245 perituros,
2639 2178 2772 2228 ante
2803 2174 3006 2228 mundi
3038 2175 3518 2232 constitutionem
3551 2194 3695 2249 prae-

2045 2261 2361 2319 destinavit
2415 2261 2568 2316 Deus
2617 2262 2689 2316 ad
2739 2261 3062 2331 interitum,
3099 2268 3156 2318 et
3204 2265 3608 2336 perditionem,
3640 2270 3698 2322 et

2044 2368 2298 2425 pmnam.
2331 2351 2448 2406 Nos
2481 2349 2672 2406 dicere
2703 2367 2818 2405 non
2865 2353 3152 2408 audemus
3201 2352 3340 2425 quia
3387 2370 3503 2410 non
3553 2354 3700 2410 dixit

2043 2439 2376 2514 Apostolus,
2411 2455 2518 2496 nec
2561 2456 2666 2511 per
2711 2457 2846 2496 eum
2897 2439 3142 2512 loquens
3190 2441 3475 2498 Dominus
3523 2443 3696 2500 Jesus

2045 2528 2334 2585 Christus.
2369 2529 2484 2584 Nec
2515 2528 2912 2584 emendatiore
2939 2529 3087 2601 style
3117 2535 3175 2586 et
3204 2548 3400 2603 ungue
3431 2533 3694 2589 censorio

2046 2617 2342 2690 corrigens
2373 2634 2482 2673 sua
2513 2615 2730 2689 scripta
2754 2619 2960 2673 beatus
2979 2619 3346 2692 Augustinus
3367 2620 3552 2691 jussit
3577 2620 3692 2677 eis-

2046 2705 2180 2762 dem
2201 2705 2434 2778 scriptis
2455 2722 2562 2760 nos
2583 2705 2778 2760 taliter
2799 2706 3290 2777 praedicareDieit
3308 2707 3462 2765 idem
3485 2709 3691 2766 beatus

2045 2793 2406 2867 Augustinus
2435 2793 2495 2848 in
2525 2794 2729 2849 eodem
2759 2793 2906 2849 libro
2938 2796 3228 2867 (cap.eod.)
3253 2813 3264 2853 :
3291 2820 3317 2848 ‹‹
3343 2797 3522 2854 Electi
3553 2801 3694 2855 sunt

2047 2883 2264 2955 itaque,
2290 2883 2432 2956 quin
2465 2883 2882 2954 praedestinati,
2915 2888 3048 2939 ante
3079 2887 3284 2941 mundi
3316 2887 3691 2945 constitutio—

2047 2987 2180 3027 nem
2194 2987 2261 3026 ea
2271 2970 2779 3044 praedestinatione
2801 2972 2858 3026 in
2883 2989 2998 3042 qua
3023 2973 3170 3027 Deus
3194 2990 3302 3028 sua
3321 2975 3520 3031 futura
3539 2977 3694 3032 facta

2047 3059 2366 3134 przescivit:
2390 3059 2559 3115 electi
2589 3063 2786 3114 autem
2815 3061 2884 3114 de
2913 3061 3133 3116 mundo
3159 3077 3228 3116 ea
3255 3063 3552 3120 vocatione
3575 3081 3694 3136 qua

2047 3149 2201 3206 Deus
2251 3148 2308 3203 id
2355 3148 2506 3219 quod
2560 3146 2991 3218 praedestinavit
3038 3147 3317 3220 implevit.
3351 3151 3506 3216 Quos
3533 3151 3692 3207 enim

286 3223 440 3300 tione
471 3239 791 3307 connectit,
815 3240 1029 3296 docens
1049 3239 1271 3294 donum
1295 3242 1467 3311 atque
1489 3256 1637 3312 opus
1658 3223 1855 3313 gratia:
1877 3240 1938 3296 in
1969 3223 2012 3290 C
2051 3235 2483 3310 prmdestinavit
2514 3235 2642 3291 illos
2672 3240 2730 3291 et
2761 3235 3108 3304 vocavit,illa
3139 3237 3361 3293 scilicet
3396 3239 3696 3296 vocatione

290 3338 501 3390 etei-no
550 3330 656 3386 Dei
704 3345 937 3400 semper
985 3328 1276 3385 mansisse
1324 3328 1588 3398 consilio,
1623 3345 1944 3401 omnesque

292 3418 623 3494 adoptionis
656 3417 831 3485 ﬁlios,
865 3433 982 3472 non
1014 3415 1208 3473 solum
1230 3415 1289 3471 in
1313 3432 1380 3472 eo
1400 3420 1662 3488 tempore
1687 3434 1800 3490 quo
1813 3419 1941 3490 jam

289 3509 603 3566 existentes
623 3505 812 3562 vocati
834 3505 1102 3572 sunt,sed
1115 3503 1291 3561 etiam
1316 3505 1660 3578 priusquam
1683 3508 1942 3562 mundus

291 3591 1012 3664 constitueretur,electos.
1037 3593 1100 3648 In
1135 3609 1250 3664 qua
1280 3590 1557 3648 electione
1579 3592 1828 3664 quisque
1848 3593 1945 3650 ho-

291 3684 517 3741 minum
549 3682 611 3738 in
642 3681 875 3744 Christo
906 3680 1298 3754 przscognitus
1321 3698 1437 3736 non
1457 3684 1546 3736 est
1568 3679 1730 3738 nulla
1751 3681 1941 3738 eidem

289 3773 512 3830 ratione
542 3769 888 3828 sociabitur.
921 3769 1323 3832 Omnesenim
1354 3769 1454 3842 qui
1477 3770 1548 3826 ad
1571 3787 1818 3844 regnum
1840 3770 1945 3828 Dei

290 3861 359 3918 de
387 3859 708 3934 cujuslibet
737 3857 1019 3932 temporis
1062 3857 1363 3914 vocatione
1408 3859 1636 3915 venturi
1687 3863 1848 3930 sunt,
1883 3859 1942 3916 in

291 3950 404 4006 ista
433 3966 567 4023 quae
597 3947 812 4006 saecula
840 3951 1055 4004 cuncta
1082 3946 1379 4020 praecessit
1399 3947 1706 4020 adoptione
1728 3947 1942 4021 signati

288 4039 525 4096 sunt.Et
555 4037 712 4095 sicut
740 4035 939 4092 nullus
969 4033 1295 4092 infidelium
1327 4035 1387 4090 in
1415 4035 1523 4091 hac
1553 4039 1706 4092 sorte
1738 4053 1940 4093 nume-

291 4127 563 4195 ratus,ita
595 4125 797 4182 nullus
825 4124 1055 4198 piorum
1087 4124 1159 4180 ab
1183 4123 1293 4180 hac
1316 4124 1714 4182 benedictione
1733 4125 1946 4182 discre-

289 4220 384 4272 tus
413 4215 612 4272 est.De
642 4213 1006 4287 plenitudine
1029 4213 1244 4286 quippe
1267 4213 1664 4268 membrorum
1687 4215 1944 4287 corporis

288 4304 392 4362 54
419 4301 642 4359 Christi
673 4300 1040 4375 praesoientia
1069 4300 1192 4368 Dei,
1225 4318 1353 4373 quis
1403 4299 1524 4356 falli
1570 4319 1685 4358 non
1733 4307 1940 4374 potest,

287 4391 434 4448 nihil
451 4389 715 4464 perditet
730 4388 894 4446 nullo
911 4388 1260 4445 detrimento
1278 4388 1464 4444 minui
1483 4391 1946 4461 potest.Summa

286 4479 646 4552 praecognita
675 4483 853 4551 atque
901 4477 963 4534 in
1011 4477 1242 4534 Christo
1287 4483 1423 4534 ante
1471 4477 1684 4534 smcula
1731 4483 1946 4536 aeterna

2052 3326 2378 3383 secundum
2418 3325 2802 3396 propositum.
2837 3325 2960 3379 Non
3012 3343 3147 3398 ergo
3197 3325 3362 3394 alios,
3396 3329 3498 3384 sed
3547 3345 3696 3401 quos

2052 3413 2484 3488 praedestinavit
2513 3413 2671 3485 ipsos
2699 3418 2754 3468 et
2785 3414 3026 3482 vocavit,
3063 3431 3164 3469 nec
3197 3413 3379 3471 alios:
3415 3417 3516 3472 sed
3547 3434 3698 3490 quos

2053 3504 2135 3560 ita
2163 3502 2387 3559 vocavit
2419 3502 2577 3573 ipsos
2608 3507 2664 3556 et
2686 3501 3166 3573 justiticavit,nec
3197 3503 3376 3573 alios;
3407 3507 3509 3562 sed
3549 3523 3698 3578 quos

2053 3592 2508 3666 praedestinavit,
2543 3591 2782 3658 vocavit,
2808 3593 3174 3663 justiﬁcavit,
3207 3595 3366 3664 ipsos
3395 3600 3451 3650 et
3479 3595 3697 3669 gloriﬁ-

2053 3681 2204 3739 cavit
2236 3697 2250 3736 :
2284 3679 2384 3736 illo
2418 3680 2618 3751 utique
2649 3681 2763 3734 line
2802 3679 2903 3752 qui
2952 3698 3067 3736 non
3115 3681 3294 3737 habet
3342 3683 3542 3739 tinem.
3574 3708 3602 3734 ››
3630 3686 3700 3740 Et

2051 3771 2190 3827 item
2211 3773 2353 3842 (cap.
2364 3771 2450 3837 18)
2475 3785 2489 3824 :
2515 3793 2542 3819 ‹‹
2567 3768 2751 3841 Elegit
2772 3769 3312 3842 Deus,inquiens,in
3325 3771 3553 3829 Christo
3567 3777 3698 3830 ante

2053 3861 2260 3916 mundi
2291 3858 2770 3916 constitutionem
2811 3859 3076 3914 membra
3123 3860 3272 3930 ejus.
3305 3861 3376 3916 Et
3407 3862 3697 3934 quomodo

2053 3949 2293 4022 eligeret
2321 3965 2420 4004 eos
2453 3945 2552 4019 qui
2585 3947 2845 4000 nondum
2868 3951 3034 4002 erant
3053 3947 3164 4004 nisi
3188 3949 3699 4020 prmdestinando?

2053 4037 2238 4110 Elegit
2268 4053 2405 4109 ergo
2437 4035 2858 4108 praedestinans
2889 4053 3016 4090 nos.
3040 4037 3316 4108 Nunquid
3339 4038 3578 4112 eligeret
3598 4041 3702 4096 im-

2053 4125 2182 4199 pios
2211 4129 2268 4181 et
2296 4123 2681 4180 immundos?
2711 4123 2856 4179 Nam
2883 4126 2932 4180 si
2957 4127 3200 4196 quaestio
3223 4135 3700 4198 proponatur,ut-

2052 4232 2183 4271 rum
2196 4213 2303 4270 hos
2316 4213 2592 4286 eligat,an
2607 4212 2799 4285 potius
2812 4219 3046 4270 sanctos
3059 4215 3703 4292 etimmaculatos,quid

2053 4303 2264 4359 horum
2289 4304 2640 4376 respondeat
2653 4303 2785 4375 quis
2808 4304 3100 4375 requirat?
3116 4321 3182 4359 ac
3204 4321 3317 4359 non
3337 4306 3536 4361 statim
3555 4308 3706 4363 ferat

2057 4391 2153 4448 55
2187 4409 2290 4464 pro
2322 4393 2542 4448 sanctis
2585 4391 3098 4462 immaculatisquc
3150 4393 3544 4450 sententiam?
3577 4418 3604 4444 ››
3636 4396 3706 4451 Et

2055 4481 2196 4537 item
2212 4481 2268 4536 in
2283 4480 2432 4537 libro
2446 4481 2516 4537 de
2538 4479 3048 4535 Prasdcstinatione
3070 4484 3407 4536 sanctorum
3428 4483 3662 4556 (cap.15)
3687 4502 3700 4540 :

284 4567 614 4642 praelecta.
648 4567 815 4624 Sicut
845 4567 918 4623 ad
950 4565 1326 4623 Timotheum
1351 4566 1612 4623 scribens
1631 4567 1944 4639 Apostolus
1975 4590 2022 4654 υ
2055 4592 2082 4619 ‹‹
2113 4570 2216 4624 Est
2245 4568 2444 4636 etiam,
2477 4567 2772 4639 inquiens,
2809 4567 3324 4639 praeclarissimum
3348 4569 3546 4627 lumen
3569 4590 3706 4645 pra:-

286 4656 434 4712 dicit
465 4673 480 4712 :
514 4655 802 4712 Collabora
844 4655 1137 4728 Evangelia
1183 4655 1482 4711 secundum
1531 4657 1787 4712 virtutem
1827 4658 1943 4726 Dei,

287 4748 390 4820 qui
414 4761 516 4802 nos
547 4745 803 4802 liberavit
827 4753 880 4802 et
906 4745 1114 4802 vocavit
1147 4745 1423 4802 vocatione
1468 4761 1571 4800 sua
1599 4753 1806 4810 sancta,
1836 4763 1948 4803 non

284 4834 594 4892 secundum
623 4851 785 4907 opera
811 4832 1145 4904 nostra,'sed
1171 4833 1470 4890 secundum
1497 4851 1661 4890 suum
1694 4837 1947 4908 proposi-

289 4933 431 4992 tum,
464 4931 518 4980 et
545 4925 783 4995 gratiam
803 4938 929 4996 quae
948 4922 1075 4980 data
1102 4931 1183 4980 est
1209 4923 1365 4980 nobis
1394 4929 1518 4980 ante
1539 4930 1777 4995 tempora
1795 4932 1952 4982 aeter-

289 5031 372 5070 na
391 5012 466 5085 (Il
491 5013 628 5068 Tim.
648 5029 690 5084 ι,
713 5013 790 5081 8).
819 5034 847 5062 ››
868 5012 938 5068 Et
959 5015 1199 5069 sanctus
1225 5011 1592 5084 Augustinus
1622 5011 1682 5068 in
1707 5012 1856 5070 libro
1879 5014 1951 5070 de

289 5099 818 5158 Praedestinatione
849 5103 1187 5156 sanctorum
1209 5099 1446 5172 (cap.18)
1470 5117 1484 5156 :
1509 5123 1538 5151 «
1560 5105 1694 5157 Haec
1722 5105 1811 5158 est
1840 5102 1950 5158 im-

289 5186 539 5246 mobilis
584 5187 798 5245 veritas
847 5185 1377 5260 praedestinationis
1433 5192 1490 5244 et
1545 5189 1765 5262 gratiae,
1797 5190 1956 5246 velut

286 5275 613 5350 Apostolus
644 5275 728 5332 ait
761 5293 774 5332 :
809 5276 962 5332 Sicut
987 5277 1147 5348 elegit
1173 5292 1271 5332 nos
1320 5278 1376 5332 in
1427 5278 1543 5349 ipso
1589 5286 1715 5334 ante
1759 5279 1956 5334 mundi

283 5367 738 5423 constitutionem
769 5365 985 5438 (Ephes.
1007 5383 1047 5434 ι,
1082 5367 1156 5434 4).
1191 5363 1378 5438 Elegit
1408 5382 1543 5438 ergo
1575 5383 1682 5422 nos
1709 5366 1864 5424 Deus
1893 5365 1954 5422 in

283 5453 528 5512 Christo
555 5459 692 5511 ante
741 5453 948 5510 mundi
997 5453 1498 5526 constitutionem,
1531 5455 1955 5527 praedestinans

283 5559 410 5601 nos
437 5540 495 5598 in
517 5542 898 5616 adoptionem
922 5540 1329 5598 ﬁliorum.Non
1353 5541 1494 5614 quia
1513 5560 1618 5616 per
1639 5561 1744 5600 nos
1767 5542 1956 5600 sancti

283 5637 350 5691 et
384 5630 752 5690 immaculati
787 5631 969 5689 futuri
999 5631 1365 5701 eramus,sed
1387 5631 1560 5704 elegit
1589 5631 1958 5704 praedestina-

2057 4656 2467 4714 destinationis
2499 4661 2556 4711 et
2585 4655 2782 4729 gratiae
2815 4655 2940 4727 ipse
2969 4655 3252 4726 Salvator,
3277 4659 3402 4730 ipse
3425 4660 3708 4718 Mediator

2056 4745 2159 4802 Dei
2189 4751 2244 4801 et
2283 4743 2591 4801 hominum
2641 4745 2817 4800 homo
2865 4743 3130 4801 Christus
3178 4747 3372 4803 Jesus.
3405 4769 3434 4798 »
3468 4751 3539 4804 Et
3567 4749 3704 4807 item

2058 4833 2240 4908 (ibid.)
2269 4851 2282 4888 :
2309 4855 2338 4883 «
2366 4833 2498 4905 Ipsa
2525 4838 2615 4889 est
2642 4833 2822 4905 igitur
2869 4835 3302 4904 praedestinatio
3345 4842 3706 4906 sanctorum,

2059 4940 2186 4995 quae
2220 4921 2280 4977 in
2309 4925 2510 4978 sancto
2541 4926 2880 4977 sanctorum
2904 4923 3156 4979 maxime
3178 4923 3593 4997 claruit,quam
3615 4943 3709 4981 ne-

2061 5028 2198 5084 gare
2228 5010 2364 5082 quis
2395 5015 2586 5082 potest
2606 5013 2758 5066 recte
2780 5010 3232 5083 intelligentiam
3257 5013 3487 5084 eloquia
3506 5013 3710 5068 verita-

2065 5100 2184 5156 tis?
2215 5100 2362 5154 Nam
2393 5102 2450 5154 et
2478 5099 2674 5172 ipsum
2707 5099 3024 5154 Dominum
3071 5100 3286 5173 gloriae,
3319 5101 3377 5154 in
3421 5105 3706 5170 quantum

2065 5189 2238 5244 homo
2271 5188 2460 5243 factus
2492 5191 2582 5242 est
2611 5186 2712 5241 Dei
2747 5187 2947 5256 Filius,
2977 5189 3451 5260 praedestinatum
3474 5204 3600 5242 esse
3621 5187 3707 5242 di-

2067 5276 2339 5332 dicimus.
2361 5275 2586 5330 Clamat
2608 5275 2820 5330 Doctor
2845 5276 3109 5346 geutium
3135 5275 3186 5329 in
3217 5274 3400 5346 capite
3423 5275 3708 5346 Epistola-

2065 5381 2196 5422 rum
2253 5381 2492 5420 suarum
2528 5381 2542 5418 :
2577 5366 2785 5420 Paulus
2840 5382 3026 5419 servus
3081 5365 3280 5418 Clu-isti
3325 5364 3452 5418 Jesu
3499 5373 3710 5422 vocatus

2064 5455 2344 5526 Apostolus
2376 5453 2548 5525 (Rom.
2586 5471 2620 5520 ι,
2661 5454 2732 5521 1),
2767 5457 2824 5507 et
2864 5458 3068 5507 caetera
3115 5468 3300 5521 usque
3345 5452 3486 5507 dum
3519 5455 3662 5510 dicit
3695 5473 3708 5510 :

2067 5545 2183 5616 Qui
2206 5541 2627 5614 prtulestirmtus
2656 5551 2735 5597 est
2762 5543 2934 5596 Filius
2963 5539 3063 5593 Dei
3093 5540 3152 5593 in
3184 5541 3398 5596 virtute.
3433 5565 3460 5589 »
3482 5544 3550 5597 Et
3570 5543 3711 5599 item

2067 5634 2126 5688 in
2157 5632 2360 5688 eodem
2393 5630 2540 5686 libro
2575 5647 2588 5684 :
2623 5654 2648 5680 α
2687 5629 2847 5685 Sicut
2875 5644 3011 5698 ergo
3042 5628 3488 5698 prcedcstinatus
3508 5631 3713 5688 estille
