4042 6188
262 375 372 436 121

977 377 1079 438 DE
1130 373 1886 437 PRZEDES'I‘INATIONE
1929 372 2452 435 DISSERTATIO
2497 373 2962 437 POSTERIOR.

3558 378 3672 439 122

260 513 538 577 mortem,
589 509 684 566 Sic
730 509 788 567 et
835 508 1140 583 spiritibus
1192 507 1430 582 refugis,
1481 511 1537 563 et
1577 505 1917 562 hominibus
1944 503 2000 572 Α
2027 504 2216 560 bitum
2249 505 2554 579 potuisset.
2588 506 2750 562 Unde
2779 507 3026 580 Prosper
3054 506 3113 563 in
3161 506 3308 568 libro
3344 507 3675 568 Sententia-

261 598 554 671 reprobis,
590 597 925 671 operatione
957 616 1064 655 sua
1094 598 1288 654 malus
1337 597 1404 653 ﬁt
1453 595 1604 669 ignis
1649 600 1919 664 aaternus,

262 685 560 741 creatione
592 687 791 742 divina
819 687 1032 743 bonus.

332 775 418 829 Ad
471 775 626 847 quod
679 775 858 830 etiam
906 772 1449 842 malum,videlicet
1495 777 1746 828 mortem
1796 772 1923 827 sine

263 867 606 928 morte,non
637 869 727 919 est
758 863 932 936 homo
963 881 997 919 a
1026 864 1142 919 Deo
1165 861 1796 936 przedestinatus,sicut
1818 877 1922 916 nec

262 951 335 1006 ad
367 953 580 1007 anima:
611 957 863 1008 mortem
911 951 998 1008 vel
1051 951 1332 1024 corporis.
1363 951 1548 1006 Adam
1595 949 1828 1022 quippe,
1859 953 1925 1004 ut

265 1045 473 1097 notum
533 1045 644 1113 est,
678 1041 974 1114 peccando
1025 1040 1234 1096 animae
1281 1044 1529 1096 mortem
1585 1056 1718 1094 cum
1762 1033 1924 1095 omni

262 1130 445 1204 stirpe
467 1147 579 1186 sua
608 1130 877 1197 incurrit,
897 1131 968 1186 de
999 1147 1116 1203 qua
1145 1129 1432 1202 scriptum
1463 1132 1586 1184 est:
1615 1129 1754 1185 Deus
1772 1145 1922 1184 mor-

261 1227 368 1275 tem
399 1235 510 1275 non
542 1221 674 1290 fecit
701 1218 847 1292 (Sap.
885 1235 923 1286 1,
953 1219 1060 1289 13).
1093 1219 1162 1274 Et
1193 1217 1322 1273 ideo
1354 1221 1603 1272 mortem
1651 1234 1686 1272 a
1723 1217 1924 1289 judice

253 1307 417 1380 justo
476 1306 814 1363 vindicante
863 1307 1100 1380 recepit,
1134 1306 1245 1362 hoc
1300 1310 1390 1361 est
1446 1305 1505 1360 in
1556 1306 1924 1378 separatione

265 1395 476 1451 animae
511 1399 567 1451 et
599 1395 880 1467 corporis,
915 1399 971 1450 et
1003 1395 1117 1450 nisi
1147 1394 1246 1450 Dei
1279 1393 1469 1466 gratia
1515 1397 1649 1449 ante
1689 1410 1922 1464 separa-

263 1483 487 1538 tionem
508 1482 760 1542 liberata
790 1482 1060 1554 fuerit,in
1094 1486 1311 1538 aeterna
1337 1481 1692 1538 cruciatione
1715 1481 1923 1537 animae

264 1571 455 1645 ipsius
474 1575 534 1628 et
556 1571 838 1644 corporis,
854 1571 954 1628 illa
975 1571 1216 1637 scilicet,
1232 1587 1350 1643 qua
1374 1569 1708 1626 discedente
1728 1569 1928 1626 anima

265 1677 400 1716 caro
431 1658 562 1715 sola
593 1659 861 1729 moritur,
881 1663 940 1716 et
967 1659 1164 1716 anima
1186 1659 1373 1732 poenis
1393 1661 1716 1732 torquetur,
1741 1675 1926 1731 usque

267 1749 407 1804 dum
430 1748 668 1804 rediens
698 1749 757 1803 in
780 1747 1115 1816 carnom,in
1147 1749 1350 1804 eadem
1381 1751 1438 1802 et
1467 1763 1602 1803 cum
1635 1747 1837 1803 eadem
1864 1747 1924 1802 in

267 1855 384 1910 qua
431 1835 714 1910 peccavit,
747 1837 1099 1892 aeternalitcr
1146 1835 1469 1909 puniatur:
1504 1840 1570 1892 ut
1617 1853 1750 1892 cum
1809 1854 1927 1910 qua

271 1924 733 1980 communicavit
759 1925 929 1980 morti
964 1923 1206 1998 peccati,
1240 1925 1396 1996 quod
1429 1922 1530 1979 Dei
1562 1923 1792 1978 bonitas
1837 1922 1926 1978 in-

269 2013 508 2068 terdixit
538 2013 786 2081 homini,
823 2031 954 2068 cum
985 2013 1115 2085 ipsa
1144 2012 1539 2068 communicet
1579 2011 1752 2067 morti
1784 2029 1928 2084 sup.

267 2091 452 2175 plicii,
487 2103 646 2174 quod
701 2102 1046 2174 praeparavit
1092 2101 1290 2158 divina
1328 2100 1565 2172 justitia
1615 2100 1926 2173 peccatori.

263 2191 344 2248 De
392 2189 506 2248 hac
558 2196 748 2246 morte
795 2190 1058 2246 Salvator
1096 2194 1296 2246 noster
1337 2189 1478 2244 dicit
1509 2207 1522 2244 :
1558 2191 1695 2244 Eum
1725 2192 1925 2258 timete,

264 2283 362 2353 qui
386 2287 564 2353 potest
599 2287 654 2336 et
677 2281 923 2335 animam
953 2288 1003 2336 et
1031 2296 1226 2352 corpus
1272 2279 1497 2350 perdere
1527 2281 1586 2334 in
1627 2279 1928 2350 gehennam

262 2369 475 2440 (Matth.
501 2387 558 2435 x,
577 2371 691 2436 28),
719 2373 776 2424 et
805 2369 875 2424 de
906 2385 1024 2440 qua
1054 2367 1340 2439 scriptum
1371 2373 1461 2422 est
1485 2384 1498 2422 :
1533 2367 1670 2422 Mors
1688 2375 1739 2422 et
1757 2369 1872 2422 vim
1893 2384 1928 2422 α

260 2459 491 2514 Domino
519 2458 627 2513 Deo
656 2466 735 2513 est
764 2459 953 2526 (Eccli.
989 2475 1066 2523 x1,
1098 2457 1214 2527 14):
1251 2460 1315 2510 ut
1341 2457 1708 2528 Augustinus
1753 2460 1925 2528 expc;

259 2547 364 2613 nit,
387 2547 515 2602 vita
546 2545 770 2602 scilicet
800 2564 834 2601 a
881 2547 1158 2613 donante,
1191 2562 1350 2600 mors
1399 2563 1432 2600 a
1471 2545 1822 2600 vindicantc.
1858 2547 1928 2600 Et

259 2640 324 2690 ut
364 2635 622 2708 Prosper
649 2634 794 2690 dicit
835 2635 892 2689 in
929 2633 1075 2689 libro
1107 2633 1543 2690 Sententiarum
1577 2639 1716 2706 (cap.
1748 2636 1873 2707 295)
1909 2651 1922 2690 :

263 2745 292 2772 ι(
321 2724 566 2779 Justum
586 2723 885 2795 judicium
922 2722 1022 2778 Dei
1056 2727 1165 2789 est,
1183 2726 1249 2776 ut
1279 2727 1516 2794 peccato
1539 2739 1645 2777 suo
1675 2722 1927 2796 quisque

265 2815 630 2885 pereat,cum
656 2817 958 2884 peceatum
983 2811 1137 2866 Deus
1161 2829 1275 2866 non
1301 2810 1657 2877 faciat,sicut
1678 2817 1928 2868 mortem

268 2918 384 2956 non
419 2901 578 2968 fecit,
601 2905 660 2955 et
689 2905 885 2956 tamen
919 2917 1092 2972 quem
1124 2904 1310 2955 morte
1341 2899 1586 2972 dignum
1610 2905 1808 2956 censet
1837 2918 1926 2956 oc-

267 2989 434 3044 cidit.
468 2989 635 3045 Unde
664 2988 900 3062 legitur,
935 2991 1074 3045 Deus
1103 2997 1330 3045 mortem
1375 3005 1486 3043 non
1529 2989 1661 3059 fecit
1701 2989 1850 3061 (Sap.
1883 3007 1924 3057 1,

265 3076 388 3144 13);
421 3079 503 3142 et,
533 3076 673 3132 Mors
719 3084 771 3132 et
814 3077 925 3131 vita
976 3093 1010 3130 τι
1059 3077 1160 3132 Deo
1203 3083 1284 3132 est
1323 3075 1508 3144 (Eccli.
1540 3093 1616 3142 x1,
1651 3075 1760 3147 14).
1793 3079 1926 3142 Qua:

263 3163 383 3218 duo
406 3163 564 3220 inter
592 3181 654 3219 se
687 3162 979 3219 contraria
1010 3164 1263 3236 profecto
1294 3180 1410 3218 non
1440 3162 1616 3232 videt,
1658 3162 1928 3236 quisquis

2029 611 2160 649 rum
2193 598 2330 667 (cap.
2361 597 2488 662 276)
2523 613 2536 650 :
2574 619 2601 646 «
2625 595 2898 652 Naturale
2945 595 3114 652 nobis
3162 601 3251 652 est
3291 598 3434 656 velle
3463 600 3672 670 vivere,

2031 681 2182 738 male
2215 688 2408 738 autem
2439 683 2626 740 vivere
2655 685 2783 756 jam
2818 701 2931 740 non
2981 689 3070 740 est
3115 689 3356 752 natura,
3390 688 3491 743 sed
3541 705 3675 761 per-

2027 788 2205 827 versae
2235 770 2575 839 voluntatis,
2609 789 2785 845 quam
2811 774 2970 844 juste
3005 790 3177 845 pcnna
3213 773 3609 846 consequitur.
3647 798 3674 827 »

2103 860 2251 927 Quia
2279 877 2412 915 vero
2445 860 2598 917 sicut
2628 877 2734 916 nec
2767 853 2837 916 ad
2863 860 3107 932 peccati,
3141 861 3224 918 ita
3243 877 3347 918 nec
3368 862 3441 918 ad
3474 863 3678 919 mortis

2032 948 2254 1004 malum
2277 948 2452 1004 homo
2475 948 2603 1005 sita
2625 949 2739 1005 Deo
2761 948 3602 1024 prmdestinatus,Augustinus
3619 951 3680 1008 in

2031 1035 2180 1092 libro
2212 1039 2421 1108 quarto
2453 1036 2523 1091 de
2555 1035 2840 1092 Trinitate
2888 1036 3254 1093 demonstrat
3299 1037 3500 1096 dicens
3539 1041 3678 1111 (cup.

2035 1125 2122 1193 12)
2158 1141 2170 1180 :
2203 1127 2309 1180 Per
2347 1141 2520 1180 unum
2569 1127 2766 1197 quippe
2812 1124 3090 1182 hominem
3128 1133 3408 1198 peccatum
3455 1129 3685 1184 intravit

2034 1217 2095 1270 in
2123 1213 2408 1283 mundum,
2440 1221 2490 1270 et
2516 1231 2614 1285 per
2658 1221 2934 1286 peccatum
2976 1230 3144 1281 mors,
3174 1222 3227 1271 et
3271 1217 3349 1271 ita
3394 1217 3453 1271 in
3497 1233 3682 1274 omnes

2032 1303 2276 1358 homines
2304 1304 2677 1375 pertransivit,
2691 1304 2751 1358 in
2771 1320 2874 1375 quo
2903 1319 3086 1359 omnes
3129 1313 3486 1376 peccaverunt
3507 1307 3676 1374 (Rom.

2031 1409 2087 1459 v,
2126 1393 2230 1460 12).
2259 1392 2446 1463 Hujus
2475 1392 2577 1446 viae
2611 1391 2896 1447 mediator
2923 1392 3192 1450 diabolus
3224 1393 3352 1460 fuit,
3372 1412 3684 1467 persuasor

2031 1480 2253 1553 peccati
2286 1485 2342 1535 et
2371 1479 2758 1553 praecipitator
2782 1479 2841 1535 in
2871 1484 3139 1536 mortem.
3173 1482 3319 1538 Nam
3349 1487 3408 1539 et
3453 1483 3577 1556 ipse
3607 1483 3681 1540 ad

2033 1570 2388 1642 operandam
2419 1569 2658 1642 duplam
2692 1573 2939 1624 mortem
2972 1573 3256 1641 nostram,
3290 1572 3565 1644 simplam
3595 1575 3682 1630 at-

2032 1657 2169 1714 tulit
2213 1675 2404 1716 suam.
2438 1659 2545 1714 Per
2591 1657 2954 1730 impietatem
3003 1675 3258 1730 namque
3308 1665 3576 1717 mortuus
3621 1661 3681 1718 in

2034 1746 2452 1820 spiritu,carne
2475 1746 2679 1818 utique
2701 1751 2970 1802 mortuus
3003 1764 3120 1802 non
3151 1751 3258 1803 est.
3285 1747 3463 1804 Nobis
3483 1753 3678 1806 autem

2033 1840 2091 1892 et
2125 1836 2482 1908 impietatem
2515 1834 2830 1907 persuasit,
2849 1839 2907 1890 et
2938 1840 3173 1908 propter
3187 1835 3338 1892 hanc
3368 1841 3432 1892 ut
3453 1837 3511 1893 in
3534 1855 3687 1894 mor-

2036 1929 2154 1980 tem
2187 1924 2382 1979 carnis
2425 1922 2619 1978 venire
2665 1939 3025 1979 merercmur
3071 1923 3280 1979 effecit.
3315 1924 3506 1981 Unum
3546 1943 3684 2000 ergo

2037 2012 2428 2086 appetivimus
2456 2011 2662 2084 iniqua
2692 2012 2986 2080 suasione,
3017 2011 3263 2068 alterum
3287 2031 3394 2069 nos
3415 2015 3684 2070 secutum

2036 2106 2126 2157 est
2147 2102 2314 2172 justa
2355 2100 2748 2158 damnatione.
2784 2101 3090 2174 Propterea
3135 2101 3351 2174 quippe
3397 2103 3684 2176 scriptum

2036 2194 2144 2258 est,
2167 2191 2308 2246 Deus
2336 2197 2563 2246 mortem
2598 2206 2710 2245 non
2754 2191 2885 2262 fecit
2923 2190 3073 2262 (Sap.
3105 2207 3146 2256 1,
3189 2191 3298 2260 13),
3331 2191 3471 2262 quia
3508 2209 3688 2250 causa

2037 2277 2244 2333 mortis
2276 2277 2290 2331 i
2299 2295 2400 2350 pse
2430 2295 2542 2333 non
2576 2277 2704 2334 fuit.
2739 2278 2850 2334 Sed
2883 2283 3078 2335 tamen
3118 2295 3222 2350 per
3257 2280 3386 2352 ejus
3435 2280 3685 2338 retribu-

2035 2367 2253 2422 tionem
2278 2367 2614 2439 justissima
2637 2363 2794 2424 niors
2814 2367 3068 2440 irrogata
3097 2371 3186 2424 est
3205 2369 3518 2442 peccatori,
3536 2369 3692 2426 sicut

2038 2455 2594 2528 supplieiumjudex
2617 2457 2832 2530 irrogat
2863 2474 2978 2523 reo,
2999 2473 3174 2511 causa
3194 2461 3389 2514 tamen
3413 2457 3686 2532 supplicii

2039 2563 2153 2600 non
2185 2550 2273 2600 est
2294 2545 2788 2617 justitiajudicis,
2814 2546 2914 2600 sed
2946 2545 3222 2605 meritum
3247 2545 3531 2603 criminis.
3565 2549 3688 2615 Quo

2035 2651 2172 2706 ergo
2206 2652 2311 2689 nos
2344 2633 2632 2701 mediator
2661 2632 2868 2687 mortis
2918 2631 3266 2700 transmisit,
3293 2637 3349 2689 et
3402 2633 3527 2706 ipse
3571 2650 3688 2690 non

2035 2723 2210 2790 venit,
2247 2722 2300 2778 id
2334 2727 2422 2778 est
2453 2722 2524 2777 ad
2559 2725 2804 2776 mortem
2835 2720 3051 2789 carnis,
3086 2719 3165 2776 ibi
3197 2721 3366 2778 nobis
3404 2722 3688 2779 Dominus

2036 2811 2190 2866 Deus
2208 2815 2403 2866 noster
2419 2809 2771 2866 medicinam
2786 2808 3214 2866 emendationis
3237 2810 3690 2884 inseruit,quam

2036 2899 2132 2954 ille
2166 2918 2278 2955 non
2313 2898 2546 2964 meruit,
2563 2897 2790 2954 occulta
2806 2903 2863 2952 et
2895 2898 3072 2953 nimis
3092 2915 3306 2954 arcana
3323 2899 3692 2956 ordinatione

2037 2985 2242 3040 divinae
2273 2984 2518 3058 altzequc
2531 2983 2796 3055 justitiaa.
2813 2984 2886 3040 Ut
2905 3000 3040 3058 ergo
3073 2983 3225 3039 sicut
3263 3003 3366 3056 per
3387 3004 3568 3042 unum
3593 2987 3692 3044 ho-

2038 3073 2256 3129 minem
2289 3091 2468 3142 mors,
2502 3073 2583 3128 ita
2614 3089 2718 3146 per
2747 3090 2931 3128 unum
2961 3072 3261 3128 hominem
3293 3075 3458 3130 ﬁeret
3495 3091 3688 3132 resur-

2037 3162 2213 3218 rectio
2263 3167 2650 3227 mortuorum,
2683 3161 2824 3233 quia
2873 3161 3063 3234 magis
3117 3160 3381 3219 vitabant
3418 3163 3689 3222 homines

263 3253 341 3308 ab
371 3253 653 3325 operibus
679 3252 894 3308 divinis
915 3251 1144 3324 judicia
1188 3250 1403 3308 divina‘
1431 3252 1711 3308 discernit
1743 3269 1756 3309 :
1791 3253 1929 3326 quia
1957 3241 2001 3307 C
2039 3252 2193 3324 quod
2223 3251 2436 3307 evitare
2478 3268 2591 3306 non
2645 3251 2931 3324 poterant,
2968 3254 3215 3306 mortem
3264 3251 3476 3323 carnis,
3509 3271 3688 3327 quam

259 3340 420 3396 aliud
459 3346 550 3397 est
581 3342 831 3397 creando
863 3358 977 3396 non
1027 3339 1351 3396 instituisse
1400 3340 1730 3410 mortalem,
1765 3341 1925 3397 aliud

251 3428 583 3501 judicando
629 3429 880 3503 plectere
927 3434 1314 3502 peccatorem.
1349 3452 1377 3478 ››
1408 3431 1480 3485 Et
1529 3431 1743 3486 iterum
1783 3432 1923 3504 (cap.

255 3519 390 3589 296)
417 3535 431 3572 :
458 3541 485 3568 «
513 3519 668 3573 Deus
691 3519 931 3590 quidem
957 3519 1244 3574 mundum
1264 3519 1418 3586 fecit,
1434 3523 1490 3574 et
1507 3536 1750 3592 corpora
1767 3537 1924 3592 pror-

255 3624 365 3662 sus
416 3607 646 3674 omnia;
684 3609 786 3662 sed
835 3612 900 3663 ut
955 3625 1167 3680 corpus
1227 3608 1606 3682 corruptibile
1653 3613 1928 3681 aggravet

205 3707 220 3712 ‘
253 3695 552 3766 animam,
585 3700 641 3751 et
685 3713 818 3751 caro
868 3695 1247 3769 concupiscat
1295 3697 1576 3752 adversus
1625 3697 1922 3769 spiritum,

253 3803 377 3840 non
429 3789 523 3841 est
571 3785 905 3857 praecedens
955 3793 1163 3842 natura
1207 3785 1466 3842 hominis
1513 3787 1790 3854 instituti,
1823 3787 1924 3844 sed

251 3891 439 3946 paena
471 3873 758 3929 damnati.
791 3897 818 3923 »
846 3875 916 3929 Et
947 3875 1086 3929 item
1133 3880 1339 3930 contra
1381 3874 1576 3931 Gallos
1607 3880 1748 3947 (cap.
1785 3877 1872 3945 14)
1908 3892 1921 3932 :

252 3986 284 4012 κ
317 3961 763 4018 Praedestinatio
793 3962 897 4019 Dei
928 3967 1034 4031 est,
1069 3980 1195 4035 qua:
1226 3961 1287 4018 in
1319 3963 1520 4020 electis
1567 3969 1624 4019 et
1662 3963 1925 4036 reprobis

253 4055 372 4107 aut
401 4051 474 4106 ad
508 4051 730 4106 donum
752 4051 1005 4123 pertinet
1024 4051 1246 4124 gratiae,
1263 4056 1365 4107 aut
1381 4053 1454 4108 ad
1478 4053 1922 4109 retributionem

241 4138 530 4212 justitiaa.
555 4161 584 4188 η
615 4139 685 4194 Et
713 4139 927 4195 Paulus
958 4139 1285 4206 conﬁrmat,
1302 4140 1587 4212 Stipendia
1625 4143 1775 4196 enim
1798 4158 1921 4214 pec-

245 4229 378 4283 cati
403 4243 573 4291 mors,
590 4229 769 4298 gratia
795 4236 978 4284 autem
1007 4230 1106 4284 Dei
1131 4230 1243 4284 vita
1270 4236 1479 4286 wterna
1508 4231 1683 4298 (Rom.
1707 4247 1785 4296 v1,
1807 4231 1920 4300 23),

247 4333 386 4388 qua
399 4315 594 4372 bonus
614 4321 669 4372 et
691 4316 1026 4372 misericors
1050 4321 1200 4372 Deus
1221 4316 1574 4372 mternaliter
1595 4317 1653 4372 in
1685 4317 1922 4376 homine

243 4408 511 4460 coronat
541 4404 637 4460 58
668 4405 824 4476 quod
875 4405 1278 4478 temporaliter
1323 4406 1472 4462 bene
1520 4409 1752 4479 gestum
1784 4412 1872 4464 est
1905 4425 1917 4464 :
1975 4457 1987 4464 .

243 4493 407 4566 quia
435 4492 630 4562 homo,
665 4492 764 4565 qui
796 4493 1208 4566 prazveniente,
1239 4494 1578 4562 comitante,
1612 4499 1669 4551 et
1718 4496 1922 4552 subse-

241 4586 482 4656 quente
508 4599 569 4674 se
587 4581 685 4638 Dei
706 4581 916 4655 gratia,
933 4600 1002 4674 ex
1021 4583 1316 4674 voluntate
1347 4587 1580 4674 etfrecta
1601 4584 1922 4641 intentione
1953 4608 1998 4674 Ι)

239 4690 277 4728 a
311 4670 606 4745 peccatis,
637 4676 926 4744 quantum
953 4672 1213 4728 humana
1261 4672 1546 4746 fragilitas
1584 4673 1822 4746 patitur,
1853 4692 1916 4731 se

240 4759 602 4826 custodivit,
635 4765 736 4816 aut
765 4765 903 4817 ante
933 4765 1182 4818 mortem
1213 4779 1248 4818 a
1294 4762 1550 4834 peccatis
1597 4762 1686 4818 vel
1733 4763 1918 4820 incre-

239 4848 514 4906 dulitate
544 4865 604 4904 se
637 4850 891 4918 retraxit,
926 4853 982 4905 et
1011 4850 1070 4905 in
1102 4850 1215 4906 fide
1246 4855 1404 4907 recta
1432 4855 1488 4906 et
1516 4851 1688 4907 bonis
1726 4852 1919 4924 operi-

237 4940 370 4996 bus
407 4953 596 5009 usque
626 4939 695 4993 ad
739 4939 916 4994 finem
969 4939 1289 5011 corporalis
1335 4939 1462 4995 vitae
1512 4941 1918 5011 perseveravit,

240 5043 502 5098 semper
559 5026 672 5082 Deo
719 5027 912 5084 vivere
963 5027 1157 5096 vellet,
1193 5027 1243 5083 si
1293 5045 1526 5100 semper
1570 5028 1628 5083 iu
1680 5046 1920 5102 corpore

238 5117 388 5174 sine
427 5113 636 5170 mortis
666 5115 1085 5172 intercessione
1121 5117 1308 5172 vivere
1339 5115 1648 5188 potuisset.
1673 5117 1921 5174 Econtra

235 5222 417 5271 vero,
436 5197 724 5276 stipendio
757 5204 1205 5276 peccati,morte
1236 5205 1504 5262 videlicet
1535 5206 1912 5279 sempiterna,

237 5295 418 5352 Deus
436 5299 684 5349 internus
707 5295 982 5365 etjustus
1007 5294 1133 5349 ideo
1155 5296 1308 5366 quod
1335 5293 1487 5350 male
1519 5295 1918 5367 temporaliter

237 5385 315 5440 ab
351 5381 595 5438 homine
640 5387 878 5454 gestum
927 5387 1017 5438 est
1065 5383 1416 5438 aeternaliter
1465 5384 1742 5452 vindicat,
1777 5386 1917 5456 quia

236 5473 455 5538 homo,
471 5472 568 5543 qui
601 5472 659 5526 in
693 5471 1108 5530 incredulitate
1139 5477 1196 5528 et
1226 5473 1285 5527 in
1319 5473 1573 5544 peccatis
1596 5473 1792 5528 volens
1824 5492 1918 5530 us-

237 5579 362 5636 que
400 5561 472 5615 ad
503 5561 680 5616 finem
713 5560 1037 5632 corporalis
1069 5561 1195 5616 vitaz
1247 5561 1649 5633 perseveravit,
1684 5579 1916 5635 semper

239 5665 495 5722 peccare
521 5648 714 5716 vellet,
736 5649 787 5704 si
823 5665 1056 5720 semper
1079 5648 1260 5705 vivere
1281 5651 1604 5708 secundum
1631 5667 1806 5707 suum
1839 5651 1912 5706 li-

2037 3346 2284 3396 mortem
2317 3340 2583 3413 spiritus,
2611 3339 2668 3394 id
2699 3341 2808 3406 est,
2836 3339 3026 3413 magis
3056 3356 3290 3412 poenam
3323 3359 3502 3414 quam
3524 3341 3692 3399 meri-

2036 3434 2164 3486 tum
2199 3448 2378 3503 pmnae
2409 3433 2570 3498 (nam
2601 3446 2718 3484 non
2745 3445 2984 3502 peccare
3013 3433 3115 3483 aut
3146 3446 3260 3484 non
3298 3435 3555 3502 curatur,
3589 3433 3691 3488 aut

2037 3537 2243 3592 parum
2293 3523 2567 3585 curatur;
2602 3535 2717 3573 non
2779 3516 2926 3572 mori
2985 3521 3204 3589 autem,
3249 3519 3520 3592 quamvis
3571 3537 3688 3578 non

2035 3608 2388 3672 obtineatur,
2444 3606 2818 3662 vehementer
2865 3606 3196 3679 satagitur),
3231 3607 3356 3662 vitae
3403 3609 3691 3666 mediator

2035 3697 2349 3752 ostendens
2371 3712 2549 3767 quam
2569 3712 2682 3750 non
2706 3695 2782 3750 sit
2815 3711 2972 3750 mors
2990 3695 3268 3763 timenda,
3289 3712 3417 3767 quae
3447 3715 3550 3770 per
3576 3698 3686 3756 hu-

2036 3803 2273 3840 manam
2305 3784 2701 3840 conditionem
2715 3785 2843 3856 jam
2874 3784 3036 3841 evadi
3069 3801 3185 3839 non
3219 3789 3428 3856 potest,
3445 3787 3546 3842 sed
3579 3805 3685 3859 po-

2033 3874 2155 3930 tius
2187 3873 2622 3946 impietas,qum
2645 3889 2747 3944 per
2765 3873 2940 3928 ﬁdem
2963 3871 3148 3928 caveri
3170 3877 3377 3946 potest,
3403 3897 3432 3924 »
3463 3879 3521 3931 et
3553 3875 3685 3932 reli-

2033 3980 2172 4034 qua,
2195 3980 2322 4034 qua:
2357 3961 2435 4017 ibi
2480 3962 2873 4035 prosequitur.
2898 3963 2968 4017 Et
2997 3961 3244 4034 Prosper
3272 3962 3332 4018 in
3363 3961 3512 4020 libro
3541 3965 3684 4022 Sen-

2031 4052 2348 4106 tentiarum
2375 4054 2514 4122 (cap.
2529 4051 2656 4120 251)
2684 4067 2698 4106 :
2723 4074 2750 4100 ‹‹
2772 4052 2951 4106 llomo
2970 4051 3159 4107 factus
3175 4050 3682 4110 eratimmortalis.

2034 4141 2188 4195 Deus
2209 4156 2336 4195 esse
2356 4139 2541 4194 voluit
2566 4155 2579 4194 :
2606 4157 2721 4195 non
2752 4139 3007 4212 perdidit
3025 4140 3180 4213 quod
3204 4140 3379 4197 homo
3411 4147 3557 4214 erat,
3581 4139 3682 4198 sed

2031 4228 2286 4302 perdidit
2316 4229 2473 4300 quod
2498 4227 2848 4284 immortalis
2880 4231 3024 4296 erat,
3045 4228 3146 4285 59
3167 4233 3225 4285 et
3253 4230 3323 4286 de
3353 4229 3687 4287 inohedien-

2029 4317 2113 4373 tia
2157 4316 2445 4390 superbia:
2495 4320 2793 4373 contracta
2839 4321 2930 4373 est
2977 4333 3150 4390 pcena
3199 4321 3442 4372 naturae.
3476 4339 3506 4367 ››
3537 4319 3682 4375 Ecce

2031 4407 2350 4462 ostendunt
2379 4404 2476 4462 isti
2507 4406 2772 4462 doctores
2804 4403 3096 4472 catholici,
3117 4404 3257 4476 quia
3284 4404 3458 4461 homo
3479 4423 3585 4462 nec
3605 4407 3681 4463 ad

2030 4495 2271 4567 peccati,
2293 4511 2482 4567 neque
2512 4494 2582 4549 ad
2607 4493 2880 4566 supplicii
2905 4491 3130 4548 malum
3153 4491 3284 4549 sita
3303 4497 3415 4550 Deo
3437 4495 3684 4566 praedes-

2031 4583 2272 4651 tinatus,
2307 4585 2407 4639 sed
2441 4600 2509 4638 ex
2540 4581 2921 4638 retributione
2941 4581 3210 4653 justitiaa,
3245 4581 3399 4639 sicut
3426 4588 3484 4640 et
3521 4601 3681 4642 mors

2029 4671 2309 4744 corporis,
2340 4671 2422 4727 ita
2452 4675 2509 4726 et
2539 4669 2799 4726 interitio
2828 4670 3115 4727 retributa
3142 4670 3220 4728 sit
3245 4670 3330 4728 illi
3357 4671 3566 4732 debite:
3599 4673 3658 4732 ul

2026 4759 2204 4816 tionis
2225 4761 2518 4834 justaeque
2549 4758 2895 4833 punitionis.

2643 4866 2874 4924 CAPUT
2913 4867 3064 4924 XIII.

2028 4960 2104 5014 De
2129 4975 2189 5015 eo
2221 4957 2359 5030 quod
2390 4958 2702 5030 Fulgentius
2733 4958 2794 5012 in
2814 4957 2953 5014 libro
2977 4973 3077 5014 suo
3106 4957 3178 5015 ad
3205 4957 3502 5017 Monimum
3538 4963 3678 5018 scri-

2094 5029 2785 5103 ρδίιίρνιτιιθδιίηᾳιίρηθητ
2813 5030 2928 5100 Dei,
2950 5045 3056 5086 non
3087 5037 3300 5088 tantum
3328 5033 3390 5088 in
3419 5031 3684 5103 b0n0,se(l

2099 5099 2264 5156 etiam
2295 5103 2356 5157 in
2386 5101 2528 5156 malo
2547 5099 2680 5156 dici.
2865 5131 2872 5140 ο
2904 5099 2921 5182 ς
3119 5124 3124 5131 ·

2097 5209 2264 5264 Nunc
2287 5207 2597 5262 videamus
2627 5207 2698 5262 de
2730 5206 2839 5282 hoc
2871 5204 3024 5282 quod
3057 5207 3202 5264 dixit
3233 5207 3577 5281 Fulgentius
3612 5207 3675 5266 in

2026 5295 2422 5369 suprascripto
2453 5295 2600 5351 libro
2631 5296 2701 5350 ad
2737 5283 3674 5374 Mdnimum,_praedestinationem

2030 5386 2125 5442 Dei
2159 5404 2270 5442 non
2295 5389 2520 5440 tantum
2550 5384 2607 5439 in
2631 5385 2782 5441 bono
2805 5385 2966 5453 dicit,
2983 5387 3084 5442 sed
3107 5386 3282 5440 etiam
3309 5384 3368 5440 in
3399 5384 3675 5443 malo.Ad

2025 5477 2177 5548 quod
2211 5476 2559 5547 respondeat
2588 5473 2674 5528 illi
2698 5475 2850 5549 idem
2876 5475 2938 5529 Β.
2962 5472 3326 5547 Augustinus
3345 5491 3414 5531 ex
3433 5473 3582 5533 libro
3604 5477 3676 5534 de

2024 5563 2536 5620 Prmdestinationc
2567 5568 3113 5633 sanetorum,quem
3147 5561 3300 5618 sicut
3322 5569 3410 5620 est
3428 5564 3673 5623 laudan-

2023 5655 2156 5722 dus,
2187 5671 2321 5710 eum
2375 5651 2713 5722 Fulgentius
2760 5650 2946 5706 isdem
2995 5649 3352 5711 laudaverat.
3383 5654 3478 5712 Ait
3515 5653 3672 5713 enim
