4042 6188
369 304 484 366 123

1295 293 1679 358 HINCMARI
1725 290 2177 355 RHEMENSIS
2220 289 2837 360 ARGHIEPISCOPI.

3662 297 3779 362 l2!

365 439 504 512 (cap.
554 433 644 508 10)
679 451 692 492 :
729 455 758 484 «
791 429 1073 515 Quocirca
1121 428 1556 504 praedestinatio
1607 428 1730 496 Dei,
1777 445 1904 500 qua}
1951 425 2011 482 in
2041 423 2098 492 Α
2125 424 2462 500 largitorem
2495 433 3045 504 cooperatoremque
3065 446 3268 488 eorum
3289 427 3661 500 Deum,ma1a
3679 446 3782 488 au-

361 529 514 585 bene
569 528 678 592 est,
713 521 900 596 gratia
947 524 1054 600 est,
1091 523 1153 575 ut
1207 518 1372 586 dixit,
1403 518 1774 592 prcharatie,
1827 515 2030 593 gratia,

359 633 494 674 vero
525 619 616 670 est
643 611 832 686 ipsius
863 607 1391 682 praedestinationis
1423 607 1682 663 effectus.
1719 629 1746 655 »
1777 607 1847 661 Et
1889 605 2016 677 ipse

364 703 704 777 Fulgentius
735 717 770 756 a
799 699 989 770 seipse
1019 696 1246 769 preposi
1259 699 1314 751 ta
1344 695 1632 750 medicina
1660 693 1854 751 sanari
1889 711 2014 766 pro-

362 797 546 850 curet.
570 791 664 845 Ait
693 787 850 844 enim
901 786 1076 852 idem,
1111 789 1176 840 ut
1226 782 1640 856 prmmisimus,
1672 782 1732 838 in
1773 783 2012 856 prazfate

360 882 509 938 libro
541 879 659 953 (lib.
695 877 716 933 Ι
745 876 816 932 ad
845 875 1007 942 Mam,
1026 891 1074 930 ε.
1097 874 1190 942 30)
1223 889 1236 928 :
1273 895 1301 922 «
1326 871 1472 928 Huic
1491 871 1689 944 itaque
1721 871 2009 944 pravitati,

361 969 654 1043 inquiens,
689 983 816 1038 qua:
847 965 910 1020 B.
939 960 1252 1034 Augustini
1285 960 1456 1016 dictis
1487 978 1604 1016 non
1648 977 1716 1015 ex
1749 959 2008 1031 veritate,

359 1059 461 1118 sed
511 1075 580 1114 ex
622 1055 800 1110 livore
848 1051 1256 1122 objiciebatur,
1291 1048 1390 1104 tali
1450 1049 1696 1120 Prosper
1743 1066 2010 1106 sermone

359 1145 661 1220 respondit
684 1161 696 1199 :
722 1140 1042 1198 Inﬁdelitas
1063 1156 1176 1194 non
1199 1136 1556 1193 credentium
1580 1135 1887 1210 Evangelio
1917 1155 2012 1194 nc-

359 1250 654 1310 quaquam
686 1249 754 1288 ex
784 1229 884 1286 Dei
918 1225 1425 1301 praedestinatiene
1453 1228 1794 1298 generatur;
1827 1226 2007 1289 bono-

359 1341 492 1381 rum
524 1321 679 1378 eniin
710 1320 864 1375 Deus
888 1319 1090 1373 auster
1110 1318 1216 1382 est,
1238 1332 1353 1370 non
1376 1313 1686 1371 malorum.
1707 1313 2006 1370 Prmdesti-

357 1413 515 1469 natio
538 1411 718 1484 igitur
743 1405 844 1463 Dei
883 1421 1114 1474 semper
1133 1403 1192 1458 in
1215 1403 1366 1464 bene
1402 1406 1508 1470 est,
1523 1407 1625 1458 aut
1653 1403 1725 1458 ad
1757 1401 2005 1458 retribu-

355 1496 958 1571 tionemjustitize,z~iut
977 1493 1047 1548 ad
1067 1491 1439 1548 donationem
1456 1491 1754 1562 pertinens
1775 1491 2002 1564 gratiae;

355 1591 632 1646 universa:
659 1585 818 1642 enim
861 1583 970 1638 vise
1017 1581 1241 1637 Domini
1287 1580 1663 1636 misericordia
1709 1587 1760 1636 et
1810 1583 2006 1637 veritas

355 1678 526 1748 (Psai.
559 1691 710 1738 xxiv,
737 1671 844 1744 10).
877 1692 904 1720 ››

2126 521 2242 571 tem
2277 517 2350 572 ad
2381 517 2772 575 voluntariam
2805 518 3108 575 rationalis
3138 523 3413 576 creaturae
3449 519 3780 592 nequitiam

2126 606 2428 662 referenda
2457 607 2859 674 sint,dubium
2891 625 3007 664 non
3028 612 3136 676 est,
3163 608 3290 664 sine
3319 607 3440 668 ulla
3469 608 3780 682 temporali

2124 694 2658 761 ditl'erentia,Dc'um
2681 701 2737 752 et
2748 697 3050 770 praescisse
3063 695 3239 753 simul
3251 699 3308 752 et
3329 697 3779 770 przedestinasse

2124 799 2250 854 qua:
2281 782 2408 855 ipso
2430 789 2595 841 erant
2619 789 2856 842 auctore
2877 785 3162 854 facienda,
3186 785 3276 843 vel
3304 801 3433 858 quae
3460 785 3632 842 malis
3651 803 3781 843 me-

2123 869 2251 927 ritis
2273 873 2436 944 justo
2461 879 2625 929 erant
2638 873 2864 945 judicio
2889 873 3265 930 retribuenda
3299 890 3314 930 :
3347 874 3648 946 praescisse
3678 892 3780 930 au-

2121 963 2240 1021 tem
2257 963 2810 1027 tantummodo,nen
2834 961 3008 1017 etiam
3032 961 3634 1036 praedestinasse,quze
3656 981 3775 1019 non

2120 1065 2188 1104 ex
2219 1049 2345 1120 ipso
2377 1054 2541 1105 erant
2572 1067 2810 1107 causam
2845 1049 3201 1122 operationis
3249 1050 3544 1106 habitura.
3575 1072 3604 1102 »
3639 1051 3778 1108 Post

2119 1135 2239 1193 haec
2270 1142 2465 1194 autem
2497 1140 2674 1195 finem
2701 1137 2848 1194 libro
2880 1137 3184 1211 imposuit.

2189 1225 2299 1280 Sed
2318 1242 2423 1280 cur
2443 1226 2759 1298 apertiores
2782 1225 3189 1297 responsiones
3212 1225 3498 1298 Prosperi,
3521 1227 3591 1282 ad
3626 1243 3776 1300 quas

2118 1329 2179 1368 se
2211 1313 2564 1381 reclamavit,
2601 1315 2892 1370 dimiserit
2923 1319 2980 1370 et
3017 1314 3161 1372 ist-as
3207 1315 3488 1386 posuerit,
3516 1315 3640 1388 ipse
3686 1315 3775 1371 vi-

2117 1401 2286 1456 derit.
2319 1403 2434 1458 Nos
2475 1407 2671 1458 autem
2713 1401 3172 1460 reclamantibus
3219 1420 3321 1477 per
3371 1403 3774 1477 Fulgentium,

2117 1489 2276 1562 ipsas
2306 1490 2663 1563 objectienes
2693 1495 2748 1548 et
2780 1492 3191 1564 responsiones
3221 1497 3712 1550 cemmemoratas
3739 1510 3776 1551 a

2117 1579 2441 1652 Fulgentis,
2457 1581 2526 1636 de
2550 1580 2807 1653 prmfatis
2829 1581 2893 1637 B.
2914 1579 3228 1654 Augustini
3259 1580 3427 1638 libris
3443 1598 3774 1655 proponere

2117 1667 2360 1740 dignum
2385 1669 2690 1737 duximus;
2715 1669 2961 1726 utsinos
2976 1669 3121 1726 forte
3134 1668 3772 1739 nelucrint,censilium

423 1765 629 1822 Adhuc
653 1760 932 1858 etiam,.ut
952 1775 1088 1813 cum
1107 1757 1502 1858 veniadomni
1540 1757 1826 1858 Fulgentii
1848 1757 2004 1814 dica-
2033 1792 2083 1858 B
2117 1755 2426 1858 Fulgentii,
2452 1758 2604 1814 sicut
2635 1757 2745 1830 ipsi
2767 1757 2970 1858 dicunt
2999 1773 3202 1858 eorum
3233 1758 3500 1858 fautor-is,
3518 1757 3672 1832 quod
3705 1759 3772 1815 in

353 1872 509 1920 mus,
531 1851 689 1907 aliud
721 1847 875 1921 quod
907 1864 1013 1902 nos
1042 1863 1110 1901 ex
1137 1845 1331 1902 verbis
1358 1845 1520 1902 illius
1550 1849 1740 1906 movet
1773 1847 2003 1903 demen-

353 1947 542 2000 strare
583 1937 876 1995 volumus.
917 1933 1070 1990 Dixit
1119 1934 1276 1990 enim
1325 1933 1384 1988 in
1440 1934 1775 2008 przsscripto
1830 1935 2004 2002 libro,

353 2031 507 2088 sicut
535 2025 906 2085 ostendimus
927 2028 1067 2096 (cap.
1099 2023 1241 2092 eod.)
1266 2040 1278 2078 :
1303 2046 1332 2074 «
1355 2024 1481 2079 Non
1525 2027 1719 2080 autem
1746 2023 2001 2096 ignoras,

351 2114 830 2192 inquiens,etiam
843 2112 1130 2186 preeterito
1152 2115 1412 2184 tempore
1431 2111 1517 2167 illi
1535 2111 2004 2192 luculentissimo

272 2270 281 2282 ,
353 2207 540 2266 sancti
562 2201 874 2278 Augustini
894 2201 1074 2274 operi,
1094 2201 1249 2273 quod
1272 2201 1510 2274 scripsit
1535 2202 1604 2257 de
1625 2201 2002 2273 praedestina-

351 2297 510 2354 tione
535 2295 935 2358 sanctorum,a
949 2288 1304 2362 quibusdam
1323 2289 1503 2346 Gallis
1525 2291 2002 2362 ebjectum,qued

353 2386 416 2442 B.
430 2381 796 2456 Augustinus
810 2379 870 2434 in
888 2377 1210 2444 assertione
1231 2378 1760 2450 prmdestinationis
1773 2379 1999 2446 divinze,

352 2475 686 2546 peccatores
716 2485 832 2524 non
864 2467 936 2522 ad
967 2465 1158 2522 solum
1191 2463 1632 2537 prazdestinates
1665 2466 1882 2523 diceret
1897 2469 2000 2539 ju—

352 2559 594 2626 dicium,
628 2558 732 2615 sed
757 2555 936 2613 etiam
981 2555 1055 2610 ad
1087 2559 1412 2626 peccatum.
1445 2554 1628 2625 Cujus
1657 2555 1830 2622 dicta,
1863 2557 2002 2628 quia

353 2650 479 2724 ipse
510 2646 682 2704 celeri
706 2647 1031 2718 prieventus
1051 2647 1142 2700 est
1161 2643 1346 2714 obitu,
1363 2643 1608 2716 Prosper
1627 2643 1714 2698 vir
1734 2645 1999 2700 eruditus

350 2742 409 2795 et
438 2739 677 2794 sanctus
713 2737 872 2791 recta
917 2731 1177 2788 defendit
1225 2731 1338 2786 fide
1386 2732 1509 2800 (aL,
1542 2736 1693 2789 recte
1741 2733 2002 2790 defendit

349 2825 530 2896 ﬁdeli)
560 2829 618 2881 et
647 2823 882 2897 copiose
911 2837 1200 2878 sermone.
1225 2821 1304 2875 Ex
1334 2820 1551 2893 quibus
1572 2820 1870 2878 Gallorum
1903 2841 1996 2879 ca-

348 2914 573 2990 pitulis,
607 2917 672 2969 ut
702 2929 818 2967 non
866 2909 1052 2966 multa
1100 2927 1256 2965 nunc
1287 2927 1596 2982 ponamus,
1630 2927 1701 2966 ne
1731 2910 1995 2971 libellum

345 3005 740 3074 istum,quem
762 2999 1052 3073 prolixum
1075 2999 1260 3056 facere
1291 2999 1644 3071 disputando
1677 3000 1996 3057 necessitas

347 3089 908 3167 cegit,prolixierem
938 3088 1206 3144 voluntas
1236 3088 1424 3147 facere
1451 3088 1993 3155 videatur,duarum

2117 1846 2410 1919 reliquum
2434 1848 2817 1920 proferemus,
2838 1847 3176 1903 obaudiunt.
3207 1846 3302 1903 Ait
3330 1847 3486 1910 enim
3510 1848 3574 1904 B.
3599 1848 3774 1906 Pres-

2114 1953 2218 2008 per
2237 1937 2309 1992 ad
2323 1935 2632 1992 Camillum
2654 1941 2711 1992 et
2729 1935 3094 1992 Theodotum
3117 1936 3486 2010 presbyteros
3506 1935 3770 1993 Januen-

2114 2025 2270 2080 sium
2293 2024 2545 2080 civitatis
2569 2039 2582 2080 :
2611 2048 2637 2073 ε(
2665 2023 2728 2079 In
2749 2021 2936 2093 libris,
2956 2023 3249 2097 inquiens,
3269 2025 3449 2082 beatae
3471 2026 3770 2082 memoria:

2111 2112 2445 2186 Augustini,
2477 2129 2727 2184 quorum
2759 2111 2966 2169 titulus
2997 2117 3088 2169 est
3135 2114 3205 2170 de
3253 2112 3772 2172 Prasdestinatione

2114 2206 2472 2270 sanctorum,
2490 2201 2757 2273 quaedam
2783 2201 3152 2258 sanctitatem
3164 2207 3443 2275 vestram,
3459 2201 3546 2265 vel
3567 2201 3772 2260 insoli-

2112 2293 2300 2358 ta,aut
2328 2289 2526 2346 minus
2559 2289 2736 2358 clara,
2761 2294 3086 2346 moverunt.
3118 2313 3146 2340 »
3165 2291 3237 2346 Et
3279 2291 3364 2347 sic
3404 2308 3507 2364 per
3535 2296 3764 2365 septem

2111 2377 2468 2450 ebjectienes
2489 2382 2548 2434 et
2565 2379 2974 2451 responsiones
2995 2379 3372 2452 progrediens
3403 2381 3476 2438 ad
3499 2385 3770 2440 octavam

2109 2467 2516 2540 pervenit,qua
2531 2467 2746 2522 dicitur
2769 2485 2781 2522 :
2807 2491 2836 2518 ‹‹
2852 2467 3128 2540 Sequitur
3143 2468 3418 2540 deinceps
3439 2469 3594 2542 quod
3620 2469 3678 2524 in
3699 2469 3771 2525 li-

2110 2556 2212 2612 bro
2243 2556 2536 2612 invenitur
2565 2555 2842 2624 secundo,
2867 2557 2950 2611 An
2973 2555 3288 2629 quisquam
3309 2556 3498 2614 dicere
3522 2556 3766 2614 audebit

2108 2646 2294 2701 Deum
2328 2661 2441 2700 non
2464 2644 2764 2718 praescisse
2788 2643 3002 2716 quibus
3032 2649 3186 2701 esset
3215 2645 3463 2702 daturus
3485 2648 3548 2702 ut
3570 2646 3766 2704 crede-

2109 2741 2256 2805 rent,
2272 2739 2374 2790 aut
2394 2751 2542 2806 quos
2563 2734 2810 2789 daturus
2841 2738 2995 2789 esset
3029 2731 3170 2789 Filio
3193 2751 3320 2803 suo,
3349 2738 3414 2790 ut
3433 2751 3499 2790 ex
3523 2733 3612 2792 eis
3643 2751 3765 2790 non

2107 2824 2374 2896 perderet
2403 2821 2800 2895 quemquam?
2821 2823 2954 2888 Quae
2979 2821 3178 2894 utique
3199 2821 3247 2878 si
3269 2821 3765 2895 praescivit,bene-

2106 2913 2239 2968 ﬁcia
2266 2911 2621 2984 suazquibus
2671 2927 2776 2967 nos
2829 2911 3108 2983 dignatur
3153 2909 3400 2966 liberare
3447 2911 3761 2984 praescivit.

2105 3001 2234 3058 Haec
2265 3004 2354 3058 est
2383 3000 2816 3074 prmdestinatio
2847 3005 3206 3070 sanctorum,
3229 2999 3376 3056 nihil
3407 2999 3587 3069 aliud,
3610 3017 3762 3072 prae-

2103 3088 2349 3146 scientia
2397 3087 2619 3146 scilicet
2667 3093 2724 3144 et
2771 3087 3114 3161 praeparati-0
3162 3088 3578 3168 beneﬁcierpm
3628 3088 3758 3158 Dei,

346 3157 794 3254 responsionum
825 3177 952 3233 loca
980 3175 1256 3232 duximus
1278 3175 1644 3232 inserenda.»
1677 3177 1746 3231 Et
1766 3181 1994 3248 prseter-
2023 3157 2066 3224 (ἶ
2105 3179 2321 3252 quibus
2352 3157 3018 3234 certissimeliberantur
3038 3177 3375 3250 quicunque
3394 3157 3760 3234 liberantur?

347 3268 586 3325 mittens
632 3265 766 3321 illas
813 3263 1223 3336 responsiones
1253 3263 1510 3335 apertius
1541 3263 1655 3319 sibi
1703 3266 1992 3321 contradi-

345 3360 563 3423 centes,
597 3351 863 3426 quamvis
895 3355 952 3408 et
982 3351 1105 3432 ista;
1152 3351 1292 3424 ipsae
1339 3349 1423 3405 illi
1472 3356 1667 3424 aperte
1698 3352 1991 3421 resistant,

347 3460 494 3516 quas
524 3442 738 3513 Proper
765 3439 1210 3512 ebjeetienibus,
1237 3439 1308 3494 de
1339 3439 1560 3495 eisdem
1600 3439 1766 3496 libris
1816 3441 1992 3497 colle-

345 3531 455 3589 ctis
478 3529 796 3603 respondit,
820 3529 890 3584 ad
923 3527 1068 3584 alias
1098 3545 1161 3584 se
1193 3527 1476 3584 convertit
1507 3527 1706 3586 dicens
1731 3545 1744 3584 :
1769 3554 1793 3580 ‹‹
1818 3533 1994 3598 Quar-

343 3619 636 3677 tadecima
665 3618 881 3692 quippe
911 3615 1211 3674 Gallorum
1263 3616 1512 3688 ebjectie
1561 3617 1645 3673 sic
1694 3615 1942 3674 habetur
1974 3636 1986 3674 :

343 3711 508 3778 Quod
559 3707 659 3781 qui
709 3705 1054 3779 evangelicae
1103 3704 1501 3777 praidicatieni
1547 3723 1664 3761 non
1723 3707 1986 3775 credunt,

343 3817 413 3854 ex
445 3797 538 3854 Dei
571 3793 1082 3868 prmdestinatiene
1113 3810 1228 3848 non
1249 3795 1524 3862 credunt;
1557 3799 1614 3850 et
1645 3797 1802 3867 quod
1833 3796 1988 3854 Deus

342 3887 424 3942 ita
454 3883 808 3954 diffiniverit,
841 3887 905 3938 ut
955 3883 1292 3954 quicunque
1337 3884 1438 3938 60
1480 3900 1597 3938 non
1634 3885 1896 3955 credunt,
1919 3905 1990 3942 ex

339 3973 530 4048 ipsius
559 3971 975 4029 constitutione
1006 3989 1122 4027 non
1143 3971 1444 4027 credunt.»
1465 3971 1611 4027 IIuic
1635 3971 1832 4045 itaque
1863 3993 1988 4047 pra-

339 4061 528 4129 vitati,
562 4078 689 4133 quae
717 4059 872 4117 beati
900 4059 1214 4134 Augustini
1245 4059 1438 4129 dictis,
1464 4077 1576 4116 non
1610 4077 1679 4116 ex
1725 4062 1984 4133 veritate,

340 4151 443 4208 sed
473 4167 541 4206 ex
571 4149 746 4206 livore
775 4147 1288 4222 ebjiciebatur,t’ali
1311 4148 1556 4221 Prosper
1577 4167 1846 4207 sermone
1867 4169 1986 4208 res-

281 4235 308 4256 ‘
339 4239 582 4314 pendit:
613 4261 640 4290 ‹‹
663 4237 984 4294 lnﬁdelitas
1012 4255 1128 4292 non
1159 4237 1523 4298 credentium
1555 4238 1864 4312 Evangelia
1896 4258 1990 4297 ue-

339 4345 638 4402 quaquam
668 4345 737 4383 ex
772 4326 866 4382 Dei
897 4324 1404 4400 praedestinatiene
1437 4332 1782 4398 generatur:
1808 4329 1987 4393 bone-

340 4434 473 4472 rum
504 4417 658 4474 enim
693 4415 846 4472 Deus
873 4419 1077 4470 auctor
1101 4418 1210 4480 est,
1242 4431 1357 4470 non
1389 4414 1700 4472 malorum.
1729 4416 1987 4474 Praedes-

2103 3268 2292 3333 caeteri
2324 3270 2520 3323 autem
2553 3266 2651 3322 ubi
2680 3265 2793 3322 nisi
2823 3265 2883 3320 in
2907 3283 3102 3321 massa
3123 3265 3468 3338 perditionis
3487 3266 3651 3338 justo
3673 3265 3761 3322 di-

2099 3357 2234 3413 vino
2249 3355 2474 3429 judicio
2504 3354 2952 3427 relinquuntur?
2975 3353 3075 3410 ubi
3113 3354 3271 3428 Tyrii
3311 3353 3497 3410 relicti
3519 3358 3661 3410 sunt
3689 3359 3756 3410 et

2102 3444 2346 3512 Sidonii,
2381 3443 2482 3516 qui
2508 3443 2684 3500 etiam
2716 3443 2948 3499 credere
2996 3447 3317 3516 potuerunt
3365 3442 3412 3498 si
3463 3442 3612 3498 mira
3651 3441 3759 3498 illa

2101 3533 2314 3589 Christi
2338 3533 2506 3605 signa
2526 3530 2846 3587 vidissent?
2866 3531 3070 3600 (Matth.
3092 3530 3298 3602 xx,‘2i.)
3332 3531 3444 3587 Sed
3467 3529 3752 3603 quoniam

2101 3626 2167 3678 ut
2189 3622 2492 3678 crederent
2514 3636 2627 3676 non
2649 3620 2734 3680 eis
2755 3623 2879 3675 erat
2914 3621 3138 3688 datum,
3159 3618 3337 3676 etiam
3361 3621 3516 3676 unde
3549 3621 3758 3677 crede-

2099 3714 2231 3766 rent
2242 3713 2330 3766 est
2343 3712 2617 3781 negatum
2630 3707 2768 3762 .»Ad
2782 3707 2902 3772 hac
2916 3707 3228 3780 S.Prosper
3243 3706 3756 3781 respondit,quem

2099 3799 2193 3855 6|
2219 3795 2558 3870 Fulgentius
2589 3796 2660 3852 de
2681 3795 2793 3851 ﬁde
2814 3799 2869 3852 et
2899 3795 3132 3868 cepiose
3163 3813 3432 3853 sermone
3449 3795 3752 3858 laudavit:

2101 3908 2130 3938 «
2153 3885 2261 3952 Qui
2281 3885 2412 3941 istis
2433 3882 2849 3953 resistunl,hoe
2871 3884 3086 3940 sentire
3109 3883 3478 3956 apertissime
3496 3885 3754 3958 proban-

2097 3979 2216 4044 tur,
2247 3975 2402 4048 quod
2437 3973 2580 4030 ﬁdes
2613 3989 2726 4029 non
2760 3971 2836 4028 sit
2855 3973 3096 4028 domum
3139 3972 3336 4042 Dei,et
3375 3974 3530 4046 quod
3558 3974 3757 4048 gratia

2099 4081 2212 4120 non
2248 4062 2564 4136 praeveniat
2591 4061 2840 4117 liberum
2873 4061 3204 4130 arbitrium,
3237 4063 3340 4118 sed
3373 4065 3672 4134 sequatur,
3697 4065 3760 4118 et

2098 4153 2253 4224 quod
2282 4151 2473 4224 gratia
2502 4149 2603 4206 Dei
2635 4150 2960 4206 secundum
2993 4149 3202 4206 merita
3247 4155 3450 4206 nostra
3495 4151 3688 4205 detur.
3727 4172 3759 4199 »ι

2097 4242 2168 4296 Et
2197 4245 2331 4313 past
2349 4238 2692 4312 paululum:
2719 4261 2745 4288 ‹‹
2771 4237 2916 4294 Vere
2933 4238 3033 4311 qui
3049 4237 3132 4294 ita
3155 4239 3419 4295 sentiunt
3442 4239 3615 4294 fidem
3637 4255 3762 4294 non

2097 4333 2470 4402 acceperunt,
2495 4331 2598 4382 aut
2627 4343 2805 4398 quam
2839 4331 3184 4400 acceperant
3213 4327 3614 4400 perdiderunt.
3639 4349 3668 4376 ››
3689 4327 3768 4382 Et

2096 4417 2237 4474 item
2269 4421 2400 4490 post
2431 4433 2618 4490 pauca
2651 4433 2664 4471 :
2699 4438 2727 4465 ‹‹
2759 4417 3166 4489 Agnescamus
3199 4415 3398 4489 itaque
3439 4415 3765 4488 sapienter,

340 4503 546 4560 tinatie
580 4504 761 4577 igitur
779 4503 880 4558 Dei
907 4520 1139 4575 semper
1179 4503 1235 4557 in
1277 4503 1429 4559 bene
1451 4507 1558 4572 est,
1582 4508 1684 4560 aut
1711 4505 1783 4560 ad
1818 4505 1990 4562 retri-
2025 4519 2068 4583 ι)
2098 4505 2308 4578 pieque
2341 4506 2650 4574 fateamur,
2666 4503 2968 4578 praescisse
3000 4501 3764 4561 incommutabiliterDeum

339 4592 641 4649 butionem
665 4590 936 4664 justitiae,
957 4595 1058 4647 aut
1089 4592 1160 4647 ad
1193 4593 1414 4648 donum
1443 4591 1739 4665 pertinens
1759 4593 1989 4666 gratiae;

337 4683 610 4738 universa:
659 4680 818 4736 enim
863 4681 973 4738 viae
1017 4682 1241 4738 Domini
1286 4682 1662 4738 misericordia
1706 4691 1758 4739 et
1800 4687 1998 4742 veritas

337 4771 503 4843 (Psal.
529 4786 679 4836 xxxv,
705 4769 814 4837 10).
841 4769 1086 4826 Proinde
1117 4769 1435 4829 inﬁdelitas
1464 4787 1582 4826 non
1611 4773 1994 4841 credentium,

339 4875 456 4915 non
473 4858 547 4914 ad
569 4857 1052 4914 constitutionem
1069 4859 1168 4914 Dei
1173 4859 1301 4930 ,scd
1325 4860 1396 4916 ad
1420 4859 1845 4932 praiscientiam
1859 4863 1999 4918 refe-

339 4947 522 5002 renda
552 4949 669 5014 est;
697 4963 823 5018 quae
856 4964 973 5002 non
994 4945 1124 5004 ideo
1146 4947 1558 5004 necessitatem
1581 4966 1698 5004 non
1721 4950 1996 5006 credendi

337 5034 558 5103 intulit,
595 5034 734 5107 quia
762 5035 882 5091 falli
915 5035 986 5091 de
1018 5053 1087 5092 ea
1111 5054 1238 5109 qua:
1271 5037 1470 5092 futura
1499 5041 1623 5092 erat
1652 5037 1999 5094 inﬁdelitate

339 5140 456 5179 non
477 5123 728 5196 potuit.»
750 5123 987 5179 Decima
999 5123 1206 5197 quinta
1226 5123 1400 5180 etiam
1424 5124 1673 5195 objectie
1695 5123 1788 5181 his
1804 5126 1996 5182 verbis

341 5211 562 5268 inserta
581 5216 670 5268 est
691 5229 704 5266 :
725 5235 752 5261 ‹‹
775 5212 936 5278 Quod
969 5211 1124 5268 idem
1158 5212 1234 5268 sit
1259 5211 1625 5284 priescientia
1653 5215 1807 5284 quod
1840 5232 1992 5286 pra:-

340 5300 672 5356 destinatio.
712 5323 740 5350 »
770 5299 875 5355 Cui
908 5301 1156 5371 Prosper
1176 5300 1259 5354 sic
1291 5299 1627 5370 respondit:
1667 5302 1824 5367 «Qui
1857 5321 1995 5374 pric-

341 5389 648 5445 scientiam
688 5387 788 5444 Dei
820 5387 880 5444 in
932 5387 1090 5442 nullo
1139 5388 1211 5442 ab
1261 5387 1446 5459 ipsius
1484 5389 1994 5460 prwdestinatiene

340 5476 642 5547 discernit,
663 5477 818 5548 quod
842 5475 1216 5532 tribuendum
1242 5481 1328 5532 est
1356 5476 1470 5531 Deo
1503 5476 1573 5532 de
1604 5478 1790 5546 benis,
1810 5478 1918 5534 hoc
1940 5480 1990 5534 ei

340 5563 516 5622 etiam
547 5565 618 5621 de
650 5564 822 5622 malis
837 5567 1084 5624 conatur
1105 5564 1541 5622 ascribere.Sed
1571 5582 1706 5622 cum
1737 5567 1890 5624 bona
1921 5569 1992 5624 ad

2103 4594 2320 4667 quibus
2346 4597 2502 4650 esset
2521 4593 2767 4649 daturus
2789 4598 2855 4648 ut
2876 4593 3196 4662 crederent,
3215 4595 3315 4648 aut
3336 4609 3484 4666 quos
3511 4591 3766 4648 daturus

2106 4687 2261 4739 esset
2291 4681 2434 4739 Filio
2464 4698 2594 4748 suo,
2618 4685 2684 4736 ut
2721 4697 2789 4736 ex
2818 4681 2902 4738 eis
2933 4699 3048 4737 non
3081 4681 3347 4754 perderet
3375 4697 3766 4753 quemquam,

2107 4775 2164 4827 et
2195 4770 2242 4828 si
2270 4770 2391 4826 haec
2421 4769 3024 4842 praescivit,beneficia
3053 4788 3162 4826 sua
3191 4768 3356 4834 illum
3387 4768 3606 4841 quibus
3651 4785 3767 4825 nos

2107 4859 2384 4933 dignatur
2411 4858 2678 4928 liberare,
2709 4858 3044 4930 praascisse;
3078 4858 3315 4914 et’hanc
3345 4874 3474 4914 esse
3503 4857 3764 4931 praedes-

2106 4949 2452 5004 tinationem
2483 4951 2840 5017 sanctorum,
2861 4947 3432 5020 przedestinationem
3454 4945 3678 5004 scilicet
3701 4950 3769 5004 et

2107 5036 2588 5110 praeparationem
2647 5036 3065 5092 beneﬁciorum
3117 5035 3217 5092 Dei
3263 5053 3382 5108 qua
3428 5033 3764 5092 certissime

2105 5124 2428 5184 liberantur
2472 5124 2810 5196 quicunque
2858 5123 3202 5180 liberantur.
3227 5125 3475 5180 Caeteros
3531 5125 3760 5192 autem,

2101 5231 2248 5286 ques
2277 5232 2312 5269 a
2340 5212 2594 5286 generali
2625 5211 2950 5283 perditione
2993 5213 3237 5268 humani
3287 5210 3516 5286 generis
3563 5211 3765 5284 gratia

2101 5321 2215 5359 non
2249 5301 2663 5372 exemit,justo
2693 5301 3026 5357 noverimus
3047 5301 3274 5374 judicio
3291 5319 3405 5357 non
3429 5303 3760 5372 exemptos,

2101 5395 2158 5448 et
2205 5391 2354 5462 'quid
2411 5389 2578 5444 nobis
2611 5388 2924 5444 remissum
2973 5391 3051 5446 sit
3104 5391 3164 5446 in
3213 5390 3296 5446 eis
3323 5389 3646 5456 discamus,
3683 5388 3766 5444 de

2103 5494 2352 5551 quorum
2386 5477 2549 5548 queri
2582 5477 2957 5534 damnatione
2989 5497 3103 5536 non
3135 5494 3473 5552 possumus.
3505 5475 3631 5544 Non
3664 5479 3768 5533 est.

2102 5567 2256 5624 enim
2284 5565 2565 5637 iniquitas
2592 5566 2747 5638 apud
2781 5566 2964 5624 Deum
2993 5570 3167 5641 (Rom.
3200 5585 3276 5636 ιχ,
3303 5567 3412 5638 14),
3441 5580 3546 5622 nec
3587 5564 3762 5636 quis-
