4042 6188
416 318 534 382 127
1349 313 1728 377 HINGMARI
1772 311 2221 378 RHEMENSIS
2264 311 2878 378 ARCHIEPISCOPI.
3700 311 3817 378 1‘18

414 469 538 511 rem
559 450 796 511 illorum
825 449 1230 509 haereticorum
1261 448 1545 505 catholica
1563 447 1909 504 auctoritate
1929 463 2060 503 con-
2085 445 2142 522 Α
2169 445 2345 503 etiam
2370 450 2504 520 post
2533 445 2827 520 baptisma
2855 451 3175 514 noverat,et
3204 445 3418 505 idcirco
3448 461 3583 504 eum
3617 447 3690 504 ad
3720 448 3819 505 ba-

359 591 370 601 .
411 543 713 600 damnant.
729 540 974 612 Scripsit
999 539 1216 595 librum
1249 539 1318 594 de
1347 537 1702 594 mortalitate
1731 536 2056 608 Cyprianus
2165 534 2463 608 ptismatis
2520 536 2771 610 gratiam
2821 553 2936 594 non
2988 538 3288 610 perducat.
3317 537 3481 616 Quod
3515 537 3564 593 si
3597 536 3677 593 ita
3705 542 3816 604 est,

411 631 668 706 (capit),
699 629 904 686 multis
927 645 992 684 ac
1015 645 1161 701 pene
1190 627 1466 684 omnibus
1495 626 1595 698 qui
1629 625 2056 682 ecclesiasticas
2164 628 2404 696 peccata
2449 627 2841 698 quorumdam
2881 626 3081 699 procul
3113 625 3292 683 dubio
3321 625 3665 699 priusquam
3697 627 3822 682 sint

409 722 634 778 litteras
653 722 855 775 amant
873 717 1245 774 laudabiliter
1272 721 1476 772 notum
1493 733 1506 783 ;
1523 715 1583 770 in
1606 731 1720 786 quo
1751 717 2058 786 propterea
2163 717 2496 786 perpetrata
2507 715 3070 788 puniuntur.thuis
3083 715 3164 771 ita
3185 719 3343 771 recta
3363 715 3557 771 sciens
3580 714 3816 784 dixerit,

409 809 550 866 dicit
563 827 677 865 non
700 807 891 864 solum
914 824 1028 864 non
1053 823 1181 863 esse
1204 804 1478 861 fidelibus
1498 800 1767 859 inutilem
1783 807 2051 868 mortem,
2163 801 2303 874 quia
2323 803 2696 876 omnipotens
2719 805 2998 878 Deus,qui
3013 803 3159 860 alios
3181 821 3216 860 a
3234 804 3582 878 perpetratis
3607 803 3822 861 facino-

407 915 610 955 verum
633 897 808 954 etiam
838 895 1040 952 utilem
1075 891 1620 966 reperiri,quoniam
1654 890 1932 964 peccandi
1964 905 2058 962 pe-
2164 891 2329 947 ribus
2353 891 2708 961 liberat,hzec
2731 893 2792 951 in
2815 892 2950 950 aliis
2980 891 3156 950 etiam
3183 909 3299 948 non
3331 897 3662 966 perpetrata
3682 909 3819 950 cou-

407 986 609 1044 riculis
629 986 924 1042 hominem
949 982 1261 1049 subtrahit,
1276 986 1334 1038 et
1359 982 1416 1036 in
1439 998 1554 1036 non
1587 979 1864 1052 peccandi
1888 995 2054 1035 sccu-
2163 980 2445 1037 demnat?
2465 981 2704 1038 Occulta
2719 981 2916 1055 itaque
2946 986 3086 1038 sunt
3115 983 3246 1054 ejus
3269 981 3578 1054 judicia,et
3591 986 3817 1054 quanta

408 1076 643 1132 ritatem
664 1072 1108 1132 conslituit.Sed
1139 1071 1280 1144 quid
1312 1069 1626 1142 prodest,si
1657 1067 1832 1123 etiam
1856 1067 2055 1123 futura
2162 1069 2518 1126 obscuritate
2545 1076 2845 1144 nequeunt
2865 1071 3316 1144 conspici,tanta
3341 1071 3554 1127 debent
3581 1069 3820 1127 humili-

407 1183 535 1238 quas
558 1162 875 1222 commissa
897 1179 1013 1218 non
1035 1164 1174 1217 sunt
1205 1162 1444 1232 peccata
1464 1157 1792 1229 puniuntur
1811 1157 1838 1212 ‘I
1857 1156 1954 1211 Ait
1974 1159 2055 1210 ta-
2161 1161 2279 1215 tate
2309 1160 2592 1216 venerari.
2627 1182 2656 1210 »

405 1243 2054 1326 menillecopiosissimeatqueoptime,peccandipcricula
2233 1247 2312 1303 De
2343 1247 2457 1304 alio
2502 1249 2748 1323 Prosper
2795 1253 3000 1306 contra
3054 1249 3249 1306 Gallos
3279 1251 3419 1322 (cap.
3452 1248 3539 1322 11)
3567 1249 3814 1306 demon-

405 1360 511 1400 nec
535 1344 738 1400 deesse
756 1341 813 1396 in
834 1341 947 1396 ista
962 1339 1100 1405 vita,
1123 1355 1230 1394 nec
1247 1353 1553 1410 superesse
1569 1341 1700 1409 post
1715 1333 1910 1392 istam.
1944 1332 2052 1390 Ubi
2162 1340 2330 1406 strat,
2355 1360 2381 1387 ‹‹
2399 1337 2540 1410 quia
2561 1338 2620 1394 in
2643 1337 2938 1411 baptismo
2961 1337 3174 1394 Christi
3200 1343 3413 1395 cuncta
3433 1337 3817 1400 remittuntur

404 1437 462 1490 et
483 1432 635 1488 illud
667 1429 1070 1488 testimonium
1103 1425 1268 1500 ponit
1298 1425 1370 1482 de
1401 1425 1548 1482 libro
1581 1424 1890 1498 Sapientia:
1917 1439 1930 1480 :
1955 1423 2055 1478 Ra-
2160 1429 2436 1498 peccata;
2461 1425 2565 1484 sed
2592 1427 2692 1500 qui
2714 1431 2850 1500 post
2881 1426 3242 1500 baptismum
3262 1443 3296 1482 a
3315 1425 3546 1484 Christo
3572 1425 3814 1498 recedit,

399 1530 526 1596 pius
548 1527 644 1587 est,
677 1536 750 1576 ne
780 1519 999 1574 mliti“
1052 1523 1290 1572 mutaret
1343 1515 1674 1572 intellectum
1728 1514 1845 1586 ejus
1901 1511 2049 1585 (Sap.
2159 1517 2217 1570 et
2237 1513 2466 1572 alienus
2495 1533 2530 1574 a
2556 1515 2746 1590 gratia
2775 1515 2904 1573 finit
2931 1515 3083 1573 hanc
3102 1517 3427 1584 vitam,non
3454 1514 3818 1590 propterilla

402 1628 481 1679 rv,
505 1612 614 1677 11).
638 1607 801 1675 Quod
825 1624 859 1662 a
882 1623 976 1662 me
1007 1621 1240 1678 quoque
1270 1603 1527 1676 positum
1558 1603 1768 1658 fratres
1797 1601 1943 1657 istos
1968 1599 2054 1656 ita
2161 1619 2287 1676 quae
2316 1605 2370 1662 ei
2401 1604 2463 1661 in
2492 1605 2787 1679 baptismo
2818 1605 3068 1663 remissa
3098 1610 3258 1678 sunt,
3293 1605 3396 1662 sed
3444 1608 3681 1678 propter
3707 1602 3814 1661 illa

403 1697 696 1771 respuisse
728 1693 980 1765 dixistis,
1013 1698 1297 1766 tanquam
1331 1709 1446 1748 non
1478 1692 1549 1747 de
1577 1690 1726 1746 libro
1766 1688 2051 1746 catholico
2161 1708 2288 1765 qua:
2318 1697 2521 1766 postea
2549 1695 2790 1751 admisit
2818 1694 3085 1764 erimina,
3110 1685 3563 1752 condemnatur.
3584 1694 3648 1750 In
3679 1709 3812 1766 quis

400 1785 755 1844 adhibitum.
789 1783 964 1851 Quasi
995 1786 1235 1855 excepta
1263 1781 1445 1853 hujus
1475 1779 1608 1835 libri
1653 1779 2047 1846 attestatione,

529 1874 541 1886 -
1037 1871 1108 1891 ,ει
1161 1887 1326 1891 ___-_
1362 1867 1634 1891 ___._______
1664 1866 1800 1891 μη
1835 1865 2021 1891 _.--__-

2161 1781 2555 1856 prolapsus,et
2583 1783 2710 1842 sine
2739 1783 3079 1857 paenitentia
3108 1781 3530 1853 deﬁciens,non
3547 1797 3699 1839 exeo
3712 1797 3814 1838 ne-

2507 1889 2530 1891 μ
3688 1887 3800 1891 μμ

401 1893 496 1932 res
526 1874 658 1947 ipsa
685 1890 801 1929 non
847 1873 1005 1928 clara
1032 1871 1131 1938 sit,
1155 1887 1331 1942 quam
1361 1867 1634 1926 volumus
1664 1866 1802 1924 hinc
1831 1865 2044 1924 doceri.
2082 1865 2134 1891 ¹¹
2160 1871 2490 1930 cessitatem
2504 1872 2782 1945 pereundi
2815 1871 3022 1929 habuit
3051 1871 3190 1945 quia
3219 1871 3666 1945 praedestinatus
3688 1887 3806 1928 non

403 1965 547 2032 Quis
573 1963 730 2019 enim
780 1961 997 2016 audeat
1039 1973 1252 2033 negare
1296 1957 1684 2026 Christianus,
1708 1956 1962 2028 justum,
1997 1955 2046 2012 si
2121 1961 2286 2029 ,fuit,
2309 1961 2411 2018 sed
2427 1960 2558 2018 ideo
2576 1961 2822 2018 nonluit
2841 1961 3310 2034 praedestinatus,
3343 1959 3484 2034 quia
3498 1959 3634 2017 talis
3655 1960 3812 2017 futu-

401 2055 587 2110 morte
619 2053 1062 2124 praeoccupatus
1092 2047 1288 2114 fuerit,
1315 2047 1374 2102 in
1407 2045 1705 2120 refrigerio
1737 2047 2000 2102 futurum
2018 2045 2047 2100 ‘I
2157 2066 2258 2106 rus
2287 2067 2356 2107 ex
2382 2049 2714 2108 voluntaria
2745 2050 3214 2124 praevaricatione
3245 2049 3355 2106 fuit
3375 2065 3409 2110 a
3427 2047 3543 2107 Deo
3572 2048 3812 2122 praesci-

402 2140 650 2216 quilibet
679 2137 788 2194 hoc
819 2136 1049 2209 dixerit,
1072 2135 1206 2209 quis
1237 2135 1411 2192 homo
1434 2153 1590 2192 sanas
1616 2133 1752 2190 ﬁdei
1779 2130 2050 2191 resisten-

402 2231 544 2286 dum
566 2225 836 2301 putabit?
849 2227 992 2282 Item
1006 2223 1056 2281 si
1068 2224 1538 2297 dixeritjustum,
1563 2223 1612 2280 si
1635 2241 1670 2280 a
1691 2241 1799 2280 sua
1811 2223 2050 2296 justitia

401 2316 727 2386 recesserit,
761 2315 819 2371 in
843 2331 962 2388 qua
983 2313 1091 2374 diu
1122 2313 1282 2381 vixit,
1299 2313 1438 2370 etin
1461 2330 1527 2370 ea
1559 2312 2047 2386 fueritimpietate

403 2401 805 2474 defunctus,ih
827 2420 946 2477 qua
967 2421 1083 2460 non
1105 2403 1234 2460 dico
1265 2420 1450 2458 unum
1481 2402 1836 2472 annum,sed
1861 2417 2046 2456 unum

401 2497 555 2554 diem
577 2494 867 2564 vixerit,in
901 2510 1103 2568 prunas
1135 2493 1356 2565 iniquis
1384 2491 1612 2548 debitas
1633 2491 1770 2547 hinc
1801 2490 2044 2558 iturum,

401 2585 548 2643 nihil
571 2585 683 2642 sibi
707 2601 816 2642 sua
833 2582 1126 2657 prietcrita
1143 2581 1448 2654 profutura
1468 2579 1724 2653 justitia,
1749 2579 1886 2636 huic
1917 2572 2046 2652 per-

401 2675 618 2750 spicuae
646 2672 875 2730 veritati
904 2673 1038 2746 quis
1067 2669 1332 2726 ﬁdelium
1371 2669 1765 2726 contradicit?
1792 2669 1964 2724 Porro
1994 2669 2046 2725 si

400 2769 696 2839 quaeratur
723 2781 758 2819 a
788 2762 957 2819 nobis
983 2764 1180 2816 utrum
1208 2758 1259 2815 si
1288 2763 1428 2814 tunc
1457 2762 1612 2814 esset
1644 2759 2048 2827 mortuus,04

401 2855 638 2928 quando
669 2856 794 2908 erat
816 2852 1040 2924 justus,
1065 2865 1266 2922 poenas
1296 2851 1451 2904 esset
1477 2847 1824 2904 inventurus
1853 2863 1926 2902 an
1958 2863 2048 2903 re-

399 2943 621 3018 quiem,
648 2939 916 3014 nunquid
947 2938 1205 3011 requiem
1238 2937 1588 3010 respondere
1617 2935 2050 2992 dubitabimus?

277 3049 286 3057 '
401 3033 532 3091 Haec
563 3036 656 3088 est
683 3034 805 3088 tota
835 3046 1014 3086 causa
1043 3045 1150 3084 cur
1177 3027 1403 3084 dictum
1424 3029 1514 3083 est
1535 3043 1570 3082 a
1598 3041 1950 3099 quocunque
1970 3026 2050 3082 sit

400 3122 621 3180 dictum
656 3137 670 3176 :
705 3121 905 3192 Raptus
933 3125 1030 3186 est,
1061 3133 1131 3174 ne
1157 3117 1374 3172 malitia
1428 3123 1664 3172 mutaret
1719 3115 2049 3172 intellectum

383 3178 517 3287 ejus
548 3211 696 3284 (Sap.
720 3178 798 3277 1V:
828 3209 936 3277 11).
960 3178 1196 3264 Dictum
1225 3208 1316 3261 est
1345 3205 1502 3260 enim
1535 3204 1860 3260 secundum
1891 3203 2043 3276 peri-

401 3300 536 3356 cuia
563 3299 691 3354 vitae
725 3297 924 3368 hujus,
959 3311 1074 3350 non
1108 3294 1433 3350 secundum
1467 3290 1890 3365 praescientiam
1923 3291 2046 3362 Dei,

404 3388 506 3462 qui
527 3388 636 3444 hoc
661 3385 948 3460 prmscivit
969 3384 1125 3457 quod
1151 3384 1413 3439 futurum
1435 3385 1700 3449 erat,non
1722 3382 1874 3454 quod
1901 3381 2052 3437 futu-

403 3491 535 3536 rum
568 3494 682 3534 non
712 3479 840 3532 erat
861 3492 874 3530 :
899 3474 958 3530 id
991 3477 1100 3542 est,
1126 3473 1282 3546 quod
1305 3472 1356 3528 ei
1391 3475 1640 3527 mortem
1669 3469 2047 3526 immaturam

403 3567 592 3625 fuerat
616 3565 959 3639 largiturus,
977 3567 1044 3618 ut
1072 3561 1464 3618 tentationum
1495 3559 1940 3616 subtraheretur
1968 3561 2051 3616 in-

402 3654 578 3727 certo,
612 3672 727 3712 non
760 3653 914 3728 quod
947 3655 1292 3724 peccaturus
1322 3653 1478 3706 esset
1506 3649 1608 3722 qui
1640 3665 1957 3710 mansurus
1987 3649 2045 3706 in

401 3745 724 3804 tentatione
745 3760 859 3799 non
881 3745 1098 3798 esset.»
1122 3740 1192 3796 Et
1215 3743 1347 3812 post
1375 3737 1702 3811 aliquanta:
1737 3761 1765 3789 ‹‹
1799 3739 1860 3795 Si
1889 3738 2047 3794 enim

394 3835 806 3908 judicarentur
826 3829 1098 3887 homines
1110 3845 1214 3902 pro
1231 3827 1456 3884 meritis
1477 3844 1594 3883 suae
1612 3828 1758 3896 vitae,
1779 3844 1906 3900 quae
1931 3843 2049 3884 non

402 3925 738 3982 habuerunt
758 3923 944 3976 morte
967 3916 1261 3992 praeventi,
1285 3917 1386 3972 sed
1408 3915 1664 3972 habituri
1687 3921 1884 3973 essent
1904 3917 1953 3974 si
1973 3916 2054 3972 vi-

400 4016 634 4081 verent;
664 4009 810 4066 nihil
863 4007 1100 4081 prodest
1147 4006 1198 4062 ei
1243 4004 1344 4078 qui
1374 4009 1578 4077 raptus
1606 4009 1696 4062 est
1724 4022 1796 4062 ne
1827 4005 2052 4063 malitia

376 4139 381 4142 -
404 4104 661 4160 mutaret
681 4097 1043 4156 intellectum
1065 4096 1215 4168 ejus,
1248 4093 1394 4149 nihil
1417 4095 1654 4167 prodest
1675 4094 1758 4151 eis
1783 4095 1881 4168 qui
1900 4095 2050 4168 lapsi

403 4190 757 4259 moriuntur,
774 4189 824 4245 si
853 4191 990 4244 ante
1019 4189 1408 4256 morerentur,
1441 4185 1597 4256 quod
1630 4184 1829 4240 nullus
1859 4185 2051 4242 dicere

401 4279 772 4340 Christianus
788 4273 1335 4342 audebit.Quocirca
1357 4290 1471 4328 non
1493 4273 1706 4330 debent
1725 4274 1936 4331 fratres
1955 4292 2054 4331 no-

401 4369 506 4429 stri
525 4373 783 4426 astruere
795 4365 951 4440 quod
964 4381 1080 4420 non
1093 4363 1222 4419 dice
1235 4363 1367 4418 cred
1375 4361 1722 4432 iturum,sed
1736 4361 2053 4420 somniatu-

402 4477 534 4516 rum
551 4457 842 4514 neminem
856 4458 1220 4528 putaremus,
1246 4451 1570 4508 secundum
1583 4467 1652 4508 ea
1663 4447 1921 4524 scilicetj
1931 4453 2052 4508 udi-

2155 2144 2274 2196 tus.
2311 2138 2587 2197 Liberum
2636 2140 2948 2197 arbitrium
2978 2140 3038 2196 in
3070 2140 3310 2197 homine
3334 2153 3463 2196 esse
3493 2137 3635 2195 dicit
3662 2139 3804 2212 (cap.

2153 2230 2246 2299 6);
2280 2230 2382 2286 sed
2414 2233 2548 2286 ante
2589 2229 3082 2286 illuminationem
3113 2229 3249 2286 fidei
3281 2227 3342 2284 in
3372 2227 3626 2285 tenebris
3655 2223 3715 2286 et
3744 2228 3806 2284 in

2155 2319 2366 2376 umbra
2387 2318 2594 2376 mortis
2607 2318 3217 2393 manere,priusquam
3232 2335 3266 2374 a
3277 2316 3676 2374 dominatione
3686 2317 3812 2374 dia-

2155 2407 2270 2464 boli
2287 2424 2388 2481 per
2401 2407 2498 2464 Dei
2509 2407 3142 2482 gratiamliberetur.ln
3155 2423 3270 2480 quo
3281 2405 3622 2464 voluntasin
3635 2406 3812 2463 bonis

2155 2496 2233 2553 sit
2259 2496 2639 2570 intelligenda
2667 2497 2740 2553 de
2769 2497 2977 2570 gratia,
3019 2496 3076 2552 in
3107 2495 3279 2552 malis
3309 2500 3505 2552 autem
3534 2494 3812 2552 voluntas

2149 2584 2534 2660 intelligenda
2559 2586 2638 2642 sit
2668 2586 2795 2642 sine
2825 2585 3351 2660 gratia.»Detertio
3372 2583 3525 2641 idem
3557 2584 3814 2658 Prosper

2154 2672 2608 2746 dicit(cap.i5),«
2619 2673 2756 2746 quia
2773 2691 2891 2730 non
2913 2679 3003 2732 est
3021 2673 3423 2741 dubium,sine
3439 2671 3560 2729 ulla
3578 2676 3812 2746 tempo-v

2155 2761 2262 2818 rali
2283 2762 2630 2831 differentia,
2645 2763 2832 2819 Deum
2853 2766 2910 2819 et
2930 2762 3232 2836 praescisse
3248 2760 3425 2819 simul
3442 2765 3498 2818 et
3513 2761 3813 2834 praedesti-

2155 2851 2455 2920 nas::e,05
2488 2868 2616 2925 quas
2647 2851 2776 2924 ipso
2807 2856 2974 2908 erant
3002 2855 3236 2908 auctore
3265 2845 3642 2919 facienda,vel
3671 2865 3810 2923 quas

2155 2940 2328 2998 malis
2359 2940 2586 2998 meritis
2609 2942 2774 3014 justo
2803 2944 2969 2998 erant
2989 2940 3214 3014 judicio
3240 2939 3804 3013 retribuenda;prae-

2155 3031 2338 3088 scisse
2361 3033 2559 3088 autem
2571 3030 3122 3098 tantummodo,non
3135 3029 3313 3086 etiam
3331 3027 3805 3102 praedestinasse,

2156 3137 2284 3192 quae
2311 3137 2426 3176 non
2447 3136 2516 3176 ex
2537 3120 2664 3192 ipso
2687 3124 2853 3177 erant
2872 3136 3112 3176 causam
3133 3118 3485 3193 operationis
3505 3119 3806 3177 habitura.

2158 3209 2352 3266 Potest
2371 3208 2570 3282 itaque
2592 3208 2718 3266 sine
2740 3208 3248 3283 praedestinatione
3268 3223 3396 3264 esse
3415 3207 3808 3281 praescientia,

2155 3297 2588 3371 praedestinatio
2620 3302 2817 3354 autem
2847 3299 2972 3354 sine
3003 3295 3369 3371 praescientia
3395 3313 3524 3354 esse
3552 3313 3668 3352 non
3699 3310 3810 3369 ρο-

2157 3391 2294 3444 test.
2313 3410 2340 3436 »
2362 3387 2444 3443 De
2466 3392 2675 3460 quarto
2696 3385 3082 3442 nihilominus
3111 3385 3267 3442 idem
3297 3385 3504 3442 beatus
3535 3385 3810 3458 Prosper,

2158 3477 2228 3532 de
2248 3475 2440 3532 verbis
2461 3476 2646 3532 sancti
2685 3475 2998 3549 Augustini
3021 3491 3090 3530 ex
3117 3473 3268 3531 libro
3297 3475 3396 3548 qui
3429 3473 3704 3530 titulatur
3731 3473 3812 3530 de

2157 3566 2314 3622 Bono
2345 3565 2806 3636 perseverantiae,
2841 3563 2902 3622 in
2935 3562 3310 3636 responsione
3352 3567 3555 3619 octava
3601 3565 3813 3640 contra

2155 3655 2482 3712 Januenses
2501 3651 2768 3710 dissolvit
2778 3657 2836 3709 et
2846 3649 3061 3726 repulit
3071 3654 3210 3724 (cap.
3231 3651 3308 3724 9):
3334 3673 3362 3701 «
3376 3651 3807 3724 Agnoscamus,

2158 3743 2450 3816 inquiens,
2477 3741 2793 3815 sapienter,
2815 3741 3025 3815 pieque
3053 3738 3680 3814 fateamur,przescisse
3707 3737 3813 3795 in-

2157 3829 2655 3889 commutabiliter
2683 3830 2868 3887 Deum
2895 3829 3116 3902 quibus
3143 3831 3298 3885 esset
3328 3829 3572 3885 datume
3604 3829 3670 3884 ut
3687 3844 3814 3885 cre-

2159 3921 2382 3990 derent,
2412 3923 2514 3976 aut
2543 3936 2692 3993 quos
2729 3919 2978 3974 daturus
3008 3921 3164 3974 esset
3194 3916 3337 3974 Filio
3367 3934 3494 3987 suo,
3528 3920 3594 3972 ut
3620 3931 3690 3972 ex
3719 3915 3812 3973 eis

2157 4027 2275 4067 non
2307 4009 2575 4082 perderet
2629 4023 3012 4082 quemquam.
3040 4007 3110 4064 Et
3141 4007 3190 4062 si
3220 4005 3344 4063 haec
3373 4003 3679 4079 praescivit,
3712 4005 3813 4062 be-

2158 4099 2368 4156 neficia
2395 4114 2504 4154 sua
2533 4097 2698 4154 illum
2731 4097 2948 4170 quibus
2969 4113 3078 4153 nos
3093 4096 3372 4169 dignatur
3400 4093 3647 4154 liberare
3667 4111 3814 4168 prae-

2159 4189 2361 4256 scisse,
2397 4192 2456 4244 et
2485 4186 2638 4244 hanc
2667 4202 2798 4244 esse
2827 4184 3396 4260 przedestinationem
3443 4188 3810 4252 sanctorum,

2158 4275 2727 4352 przedestinationem
2758 4274 2982 4333 scilicet
3006 4279 3063 4330 et
3092 4272 3574 4348 praeparationem
3603 4273 3814 4347 gratiae

2163 4366 2405 4438 Dei,qua
2425 4363 2750 4422 certissime
2769 4364 3096 4421 liberantur
3114 4361 3812 4436 quicunqueliberantur;

2159 4458 2395 4510 caeteros
2421 4458 2617 4509 autem
2649 4469 2797 4526 quos
2828 4470 2862 4509 a
2892 4451 3148 4525 generali
3209 4448 3530 4525 perditione
3558 4449 3816 4506 humani

403 4546 523 4604 cari
545 4561 838 4620 quemque
876 4545 1268 4607 mortuorum,
1300 4556 1427 4612 quae
1469 4544 1744 4612 gesturus
1782 4541 1971 4596 fuerat
2001 4540 2050 4597 si
2080 4565 2128 4631 D
2159 4542 2392 4618 generis
2420 4542 2611 4618 gratia
2639 4559 2756 4598 non
2781 4541 3014 4611 exemit,
3031 4541 3195 4614 justo
3225 4539 3560 4596 noverimus
3579 4537 3815 4611 judicio
3843 4533 3856 4544 ’

402 4641 664 4708 tempore
677 4629 1290 4706 prolixiorevixisset.»
1312 4629 1637 4685 Etsanctus
1657 4628 1968 4702 Gregorius
1989 4629 2049 4686 in

403 4723 554 4782 libro
570 4720 879 4780 Moralium
890 4717 1171 4794 vigesimo
1193 4717 1442 4791 septimo
1463 4721 1602 4790 (cap.
1619 4717 1710 4789 2):
1737 4737 1758 4768 ε
1779 4718 1949 4788 Bene,
1969 4718 2054 4775 in-

405 4813 552 4887 quit,
579 4829 680 4886 per
709 4809 1082 4869 Salomonem
1113 4807 1364 4865 dicitur:
1401 4807 1558 4863 Sicut
1583 4809 1806 4880 ignoras
1836 4824 1954 4880 quae
1980 4811 2056 4865 sit

402 4903 812 4975 viaspiritua,et
823 4916 930 4972 qua
955 4899 1173 4955 ratione
1200 4898 1618 4968 compingantur
1646 4912 1767 4952 ossa
1789 4899 1848 4952 in
1871 4905 2054 4954 ventre

400 4991 762 5066 praegnantis,
793 4991 875 5046 sic
925 4989 1102 5044 nescis
1157 5001 1319 5059 opera
1375 4986 1492 5053 Dei,
1528 4985 1626 5057 qui
1651 4984 1949 5056 fabricator
1975 4994 2056 5043 est

405 5083 653 5141 omnium
679 5080 868 5149 (Eccli.
889 5095 972 5150 x1,
993 5079 1071 5146 5).
1096 5075 1336 5132 Utenim
1357 5089 1539 5130 unum
1557 5089 1588 5128 e
1605 5071 1807 5128 multis
1825 5072 2050 5146 loquar,

407 5171 524 5227 duo
555 5169 628 5226 ad
663 5167 815 5224 hanc
844 5165 1036 5230 lucem
1068 5160 1292 5236 parvuli
1322 5159 1583 5224 veniunt,
1614 5159 1714 5215 sed
1747 5159 1847 5214 uni
1879 5160 2055 5216 datur

408 5261 473 5314 ut
489 5257 557 5314 ad
581 5255 1041 5330 redemptionem
1071 5268 1174 5324 per
1192 5248 1486 5322 baptisma
1507 5247 1722 5316 redeat,
1755 5245 1902 5304 alter
1921 5253 2054 5306 ante

407 5344 778 5402 subtrahitur
791 5360 970 5416 quam
984 5341 1143 5396 hunc
1161 5352 1508 5411 rcgenerans
1527 5335 1684 5390 unda
1706 5337 2051 5408 perfundat;

409 5439 466 5492 et
487 5451 638 5508 saepe
661 5432 921 5490 fidelium
941 5429 1098 5487 {ilius
1115 5428 1240 5485 sine
1265 5427 1378 5482 ﬁde
1412 5424 1656 5497 rapitur,
1691 5430 1748 5481 et
1779 5444 1930 5500 smpe
1959 5427 2052 5484 in—

411 5523 674 5580 ﬁdelium
702 5518 978 5580 concasso
1011 5517 1147 5574 fidei
1179 5518 1545 5572 sacramento
1577 5519 1906 5578 renovatur.
1940 5517 2051 5574 Sed

411 5613 658 5671 i‘Ortasse
681 5609 896 5688 aliquis
915 5608 1072 5666 dicat
1087 5606 1241 5684 quod
1258 5604 1415 5665 hunc
1432 5601 1587 5661 Deus
1600 5604 1865 5660 acturum
1879 5621 2054 5677 prave

2160 4649 2275 4689 non
2297 4635 2626 4705 exemptos;
2649 4653 2678 4684 »
2700 4635 2760 4688 et
2779 4631 2838 4686 in
2861 4628 3231 4687 absolutione
3260 4625 3604 4702 objectionis
3623 4627 3814 4684 tertiae

2159 4721 2456 4780 Gallorum
2479 4721 2562 4778 ita
2583 4719 2726 4778 dicit
2745 4721 2817 4777 ad
2840 4719 3032 4776 locum
3050 4737 3063 4776 :
3089 4718 3286 4786 «Quod
3307 4733 3445 4790 ergo
3465 4717 3815 4790 hujusmodi

2159 4811 2218 4867 in
2251 4809 2373 4867 haec
2400 4809 2657 4884 prolapsi
2688 4809 2844 4867 mala
2880 4808 3008 4866 sine
3057 4807 3409 4865 correctione
3456 4805 3814 4880 poenitentiae

2160 4900 2518 4966 defecerunt,
2541 4916 2658 4956 non
2678 4915 2747 4955 ex
2765 4915 2832 4958 co
2855 4897 3263 4954 necessitatem
3284 4893 3564 4969 pereundi
3596 4893 3820 4950 habue-

2161 4993 2318 5057 runt,
2351 4989 2490 5062 quia
2520 4986 2916 5061 przedestinati
2948 5003 3063 5043 non
3095 4989 3271 5055 sunt;
3306 4984 3408 5040 sed
3435 4983 3564 5040 ideo
3596 4982 3823 5056 praede-

2161 5075 2364 5133 stinati
2387 5093 2504 5132 non
2525 5075 2829 5148 sunt,quia
2847 5075 2995 5132 tales
3026 5075 3208 5131 futuri
3229 5092 3298 5131 ex
3323 5072 3651 5130 voluntaria
3661 5089 3821 5144 prs:-

2160 5164 2514 5222 varicatione
2543 5164 2794 5237 praesciti
2841 5167 3000 5221 sunt.
3036 5186 3064 5213 »
3094 5165 3164 5220 Et
3193 5165 3327 5236 post
3356 5177 3542 5236 pauca
3571 5177 3586 5217 :
3620 5182 3650 5210 ‹‹
3681 5160 3820 5218 Non

2161 5253 2320 5310 enim
2355 5253 2540 5310 relicti
2574 5257 2715 5310 sunt
2744 5269 2778 5308 a
2807 5253 2922 5308 Deo
2944 5255 3010 5308 ut
3041 5252 3437 5326 relinquerent
3465 5251 3670 5316 Deum,
3706 5251 3821 5307 sed

2163 5343 2525 5416 reliquerunt
2545 5345 2602 5398 et
2630 5341 2812 5399 relicti
2845 5346 3068 5410 sunt,et
3085 5360 3153 5398 ex
3172 5344 3326 5400 bono
3349 5342 3406 5398 in
3429 5336 3650 5396 malum
3675 5355 3822 5412 pro-

2162 5429 2290 5504 pria
2314 5429 2609 5486 voluntate
2640 5428 2850 5486 mutati
2878 5433 3044 5498 sunt;
3079 5435 3254 5502 atque
3283 5430 3357 5486 ob
3386 5428 3496 5485 hoc
3526 5426 3661 5483 licet
3691 5427 3828 5483 fue-

2163 5518 2281 5574 rint
2302 5517 2510 5586 renati,
2528 5517 2744 5574 fuerint
2765 5517 3096 5590 justificati,
3119 5519 3192 5575 ab
3223 5535 3288 5576 co
3317 5521 3516 5574 tamen
3548 5514 3646 5588 qui
3677 5513 3828 5573 illos

2161 5605 2308 5664 tales
2337 5605 2646 5679 praescivit,
2681 5623 2794 5664 non
2827 5611 2970 5665 sunt
2998 5604 3412 5682 praedestinati.
3447 5627 3476 5658 ››
