  <div class='ocr_page' id='page_1' title='image "/cluster/home/n/w/nwhite01/storage/ocr_20150623/125/hvd.32044054759873/071.png"; bbox 0 0 4042 6188; ppageno 0'>
   <div class='ocr_carea' id='block_1_1' title="bbox 407 313 542 404">
    <p class='ocr_par' dir='ltr' id='par_1_1' title="bbox 407 313 542 404">
     <span class='ocr_line' id='line_1_1' title="bbox 407 313 542 404; baseline 0 0"><span class='ocrx_word' id='word_1_1' title='bbox 407 313 413 321; x_wconf 83' lang='grc'><em>’</em></span> <span class='ocrx_word' id='word_1_2' title='bbox 435 332 542 404; x_wconf 62' lang='grc'>131</span> 
     </span>
    </p>
   </div>
   <div class='ocr_carea' id='block_1_2' title="bbox 1363 337 2897 420">
    <p class='ocr_par' dir='ltr' id='par_1_2' title="bbox 1363 337 2897 420">
     <span class='ocr_line' id='line_1_2' title="bbox 1363 337 2897 420; baseline 0.001 -18"><span class='ocrx_word' id='word_1_3' title='bbox 1363 339 1745 405; x_wconf 62' lang='lat' dir='ltr'><strong>HINCMARI</strong></span> <span class='ocrx_word' id='word_1_4' title='bbox 1793 337 2241 406; x_wconf 79' lang='lat' dir='ltr'><strong>RHEMENSIS</strong></span> <span class='ocrx_word' id='word_1_5' title='bbox 2282 340 2897 420; x_wconf 73' lang='lat' dir='ltr'><strong>ARCHIEPISCOPI.</strong></span> 
     </span>
    </p>
   </div>
   <div class='ocr_carea' id='block_1_3' title="bbox 3717 344 3834 406">
    <p class='ocr_par' dir='ltr' id='par_1_3' title="bbox 3717 344 3834 406">
     <span class='ocr_line' id='line_1_3' title="bbox 3717 344 3834 406; baseline 0 0"><span class='ocrx_word' id='word_1_6' title='bbox 3717 344 3834 406; x_wconf 75' lang='grc'><strong>132</strong></span> 
     </span>
    </p>
   </div>
   <div class='ocr_carea' id='block_1_4' title="bbox 434 472 3839 549">
    <p class='ocr_par' dir='ltr' id='par_1_4' title="bbox 434 472 3839 549">
     <span class='ocr_line' id='line_1_4' title="bbox 434 472 3839 549; baseline 0.001 -18"><span class='ocrx_word' id='word_1_7' title='bbox 434 476 632 549; x_wconf 82' lang='lat' dir='ltr'><strong>pejora</strong></span> <span class='ocrx_word' id='word_1_8' title='bbox 662 473 800 542; x_wconf 87' lang='lat' dir='ltr'><strong>labi,</strong></span> <span class='ocrx_word' id='word_1_9' title='bbox 828 474 970 529; x_wconf 90' lang='lat' dir='ltr'><strong>dum</strong></span> <span class='ocrx_word' id='word_1_10' title='bbox 1003 475 1228 546; x_wconf 82' lang='lat' dir='ltr'><strong>majora</strong></span> <span class='ocrx_word' id='word_1_11' title='bbox 1257 474 1598 545; x_wconf 56' lang='lat' dir='ltr'><strong>quaerimus,</strong></span> <span class='ocrx_word' id='word_1_12' title='bbox 1629 477 1687 530; x_wconf 90' lang='lat' dir='ltr'><strong>et</strong></span> <span class='ocrx_word' id='word_1_13' title='bbox 1724 473 1877 529; x_wconf 89' lang='lat' dir='ltr'><strong>ultra</strong></span> <span class='ocrx_word' id='word_1_14' title='bbox 1920 475 2076 529; x_wconf 90' lang='lat' dir='ltr'><strong>vires</strong></span> <span class='ocrx_word' id='word_1_15' title='bbox 2100 472 2160 542; x_wconf 72' lang='grc' dir='ltr'><strong>Α</strong></span> <span class='ocrx_word' id='word_1_16' title='bbox 2185 474 2502 547; x_wconf 86' lang='lat' dir='ltr'><strong>templatus</strong></span> <span class='ocrx_word' id='word_1_17' title='bbox 2533 475 2750 548; x_wconf 85' lang='lat' dir='ltr'><strong>quippe</strong></span> <span class='ocrx_word' id='word_1_18' title='bbox 2792 476 3024 532; x_wconf 88' lang='lat' dir='ltr'><strong>interna</strong></span> <span class='ocrx_word' id='word_1_19' title='bbox 3073 475 3288 547; x_wconf 83' lang='lat' dir='ltr'><strong>gaudia</strong></span> <span class='ocrx_word' id='word_1_20' title='bbox 3332 475 3577 533; x_wconf 82' lang='lat' dir='ltr'><strong>visionis</strong></span> <span class='ocrx_word' id='word_1_21' title='bbox 3625 477 3750 546; x_wconf 94' lang='lat' dir='ltr'><strong>Dei,</strong></span> <span class='ocrx_word' id='word_1_22' title='bbox 3780 481 3839 534; x_wconf 88' lang='lat' dir='ltr'><strong>et</strong></span> 
     </span>
    </p>
   </div>
   <div class='ocr_carea' id='block_1_5' title="bbox 433 561 2068 636">
    <p class='ocr_par' dir='ltr' id='par_1_5' title="bbox 433 561 2068 636">
     <span class='ocr_line' id='line_1_5' title="bbox 433 561 2068 636; baseline -0.001 -17"><span class='ocrx_word' id='word_1_23' title='bbox 433 567 664 619; x_wconf 87' lang='lat' dir='ltr'><strong>nostras</strong></span> <span class='ocrx_word' id='word_1_24' title='bbox 691 561 852 617; x_wconf 89' lang='lat' dir='ltr'><strong>varia</strong></span> <span class='ocrx_word' id='word_1_25' title='bbox 883 561 1268 634; x_wconf 87' lang='lat' dir='ltr'><strong>cogitamus.»</strong></span> <span class='ocrx_word' id='word_1_26' title='bbox 1298 563 1368 617; x_wconf 87' lang='lat' dir='ltr'><strong>Et</strong></span> <span class='ocrx_word' id='word_1_27' title='bbox 1388 562 1595 618; x_wconf 88' lang='lat' dir='ltr'><strong>beatus</strong></span> <span class='ocrx_word' id='word_1_28' title='bbox 1624 563 1986 636; x_wconf 76' lang='lat' dir='ltr'><strong>Augustinus</strong></span> <span class='ocrx_word' id='word_1_29' title='bbox 2011 563 2068 618; x_wconf 91' lang='lat' dir='ltr'><strong>in</strong></span> 
     </span>
    </p>
   </div>
   <div class='ocr_carea' id='block_1_6' title="bbox 431 649 2074 722">
    <p class='ocr_par' dir='ltr' id='par_1_6' title="bbox 431 649 2074 722">
     <span class='ocr_line' id='line_1_6' title="bbox 431 649 2074 722; baseline 0 -16"><span class='ocrx_word' id='word_1_30' title='bbox 431 650 578 706; x_wconf 92' lang='lat' dir='ltr'><strong>libro</strong></span> <span class='ocrx_word' id='word_1_31' title='bbox 609 651 680 706; x_wconf 92' lang='lat' dir='ltr'><strong>de</strong></span> <span class='ocrx_word' id='word_1_32' title='bbox 711 650 1081 722; x_wconf 88' lang='lat' dir='ltr'><strong>Correptione</strong></span> <span class='ocrx_word' id='word_1_33' title='bbox 1110 655 1169 706; x_wconf 93' lang='lat' dir='ltr'><strong>ct</strong></span> <span class='ocrx_word' id='word_1_34' title='bbox 1206 650 1405 706; x_wconf 83' lang='lat' dir='ltr'><strong>Gratia</strong></span> <span class='ocrx_word' id='word_1_35' title='bbox 1447 651 1520 706; x_wconf 88' lang='lat' dir='ltr'><strong>ad</strong></span> <span class='ocrx_word' id='word_1_36' title='bbox 1568 649 1762 707; x_wconf 82' lang='lat' dir='ltr'><strong>Iocum</strong></span> <span class='ocrx_word' id='word_1_37' title='bbox 1811 651 1911 706; x_wconf 71' lang='lat' dir='ltr'><strong>ita&quot;</strong></span> <span class='ocrx_word' id='word_1_38' title='bbox 1933 650 2074 706; x_wconf 81' lang='lat' dir='ltr'><strong>dicit</strong></span> 
     </span>
    </p>
   </div>
   <div class='ocr_carea' id='block_1_7' title="bbox 429 738 2071 812">
    <p class='ocr_par' dir='ltr' id='par_1_7' title="bbox 429 738 2071 812">
     <span class='ocr_line' id='line_1_7' title="bbox 429 738 2071 812; baseline 0.001 -18"><span class='ocrx_word' id='word_1_39' title='bbox 429 745 568 812; x_wconf 87' lang='lat' dir='ltr'><strong>(cap.</strong></span> <span class='ocrx_word' id='word_1_40' title='bbox 605 741 692 808; x_wconf 99' lang='lat'><strong>12)</strong></span> <span class='ocrx_word' id='word_1_41' title='bbox 725 755 738 794; x_wconf 91' lang='lat'>:</span> <span class='ocrx_word' id='word_1_42' title='bbox 775 761 802 789; x_wconf 88' lang='lat'>«</span> <span class='ocrx_word' id='word_1_43' title='bbox 840 738 1033 794; x_wconf 90' lang='lat' dir='ltr'><strong>Primo</strong></span> <span class='ocrx_word' id='word_1_44' title='bbox 1063 739 1260 812; x_wconf 84' lang='lat' dir='ltr'><strong>itaque</strong></span> <span class='ocrx_word' id='word_1_45' title='bbox 1292 739 1535 810; x_wconf 86' lang='lat' dir='ltr'><strong>homini,</strong></span> <span class='ocrx_word' id='word_1_46' title='bbox 1568 740 1667 812; x_wconf 89' lang='lat' dir='ltr'><strong>qui</strong></span> <span class='ocrx_word' id='word_1_47' title='bbox 1713 740 1769 794; x_wconf 91' lang='lat' dir='ltr'><strong>in</strong></span> <span class='ocrx_word' id='word_1_48' title='bbox 1804 756 1870 795; x_wconf 91' lang='lat' dir='ltr'><strong>eo</strong></span> <span class='ocrx_word' id='word_1_49' title='bbox 1920 741 2071 796; x_wconf 91' lang='lat' dir='ltr'><strong>bono</strong></span> 
     </span>
    </p>
   </div>
   <div class='ocr_carea' id='block_1_8' title="bbox 406 828 2070 902">
    <p class='ocr_par' dir='ltr' id='par_1_8' title="bbox 406 828 2070 902">
     <span class='ocr_line' id='line_1_8' title="bbox 406 828 2070 902; baseline 0.001 -19"><span class='ocrx_word' id='word_1_50' title='bbox 406 831 546 900; x_wconf 77' lang='lat' dir='ltr'><strong>‘quo</strong></span> <span class='ocrx_word' id='word_1_51' title='bbox 577 828 768 884; x_wconf 89' lang='lat' dir='ltr'><strong>factus</strong></span> <span class='ocrx_word' id='word_1_52' title='bbox 803 828 992 883; x_wconf 89' lang='lat' dir='ltr'><strong>fuerat</strong></span> <span class='ocrx_word' id='word_1_53' title='bbox 1022 832 1238 896; x_wconf 87' lang='lat' dir='ltr'><strong>rectus,</strong></span> <span class='ocrx_word' id='word_1_54' title='bbox 1269 832 1570 900; x_wconf 89' lang='lat' dir='ltr'><strong>acceperat</strong></span> <span class='ocrx_word' id='word_1_55' title='bbox 1600 845 1770 900; x_wconf 84' lang='lat' dir='ltr'><strong>posse</strong></span> <span class='ocrx_word' id='word_1_56' title='bbox 1798 845 1910 884; x_wconf 90' lang='lat' dir='ltr'><strong>non</strong></span> <span class='ocrx_word' id='word_1_57' title='bbox 1940 846 2070 902; x_wconf 89' lang='lat' dir='ltr'><strong>pec-</strong></span> 
     </span>
    </p>
   </div>
   <div class='ocr_carea' id='block_1_9' title="bbox 429 916 2072 990">
    <p class='ocr_par' dir='ltr' id='par_1_9' title="bbox 429 916 2072 990">
     <span class='ocr_line' id='line_1_9' title="bbox 429 916 2072 990; baseline 0.001 -18"><span class='ocrx_word' id='word_1_58' title='bbox 429 933 760 988; x_wconf 83' lang='lat' dir='ltr'><strong>care,posse</strong></span> <span class='ocrx_word' id='word_1_59' title='bbox 792 933 906 971; x_wconf 92' lang='lat' dir='ltr'><strong>non</strong></span> <span class='ocrx_word' id='word_1_60' title='bbox 940 916 1110 983; x_wconf 91' lang='lat' dir='ltr'><strong>mori,</strong></span> <span class='ocrx_word' id='word_1_61' title='bbox 1140 935 1310 990; x_wconf 91' lang='lat' dir='ltr'><strong>posse</strong></span> <span class='ocrx_word' id='word_1_62' title='bbox 1339 916 1536 989; x_wconf 88' lang='lat' dir='ltr'><strong>ipsum</strong></span> <span class='ocrx_word' id='word_1_63' title='bbox 1567 917 1787 973; x_wconf 91' lang='lat' dir='ltr'><strong>bonum</strong></span> <span class='ocrx_word' id='word_1_64' title='bbox 1833 935 1945 972; x_wconf 89' lang='lat' dir='ltr'><strong>non</strong></span> <span class='ocrx_word' id='word_1_65' title='bbox 1980 919 2072 974; x_wconf 88' lang='lat' dir='ltr'><strong>de-</strong></span> 
     </span>
    </p>
   </div>
   <div class='ocr_carea' id='block_1_10' title="bbox 428 1005 2066 1080">
    <p class='ocr_par' dir='ltr' id='par_1_10' title="bbox 428 1005 2066 1080">
     <span class='ocr_line' id='line_1_10' title="bbox 428 1005 2066 1080; baseline 0.001 -20"><span class='ocrx_word' id='word_1_66' title='bbox 428 1021 677 1061; x_wconf 81' lang='lat' dir='ltr'><strong>serere.»</strong></span> <span class='ocrx_word' id='word_1_67' title='bbox 710 1006 780 1060; x_wconf 59' lang='grc' dir='ltr'><strong>Εἰ,</strong></span> <span class='ocrx_word' id='word_1_68' title='bbox 809 1005 1109 1078; x_wconf 90' lang='lat' dir='ltr'><strong>aliquanto</strong></span> <span class='ocrx_word' id='word_1_69' title='bbox 1136 1005 1408 1077; x_wconf 88' lang='lat' dir='ltr'><strong>superius</strong></span> <span class='ocrx_word' id='word_1_70' title='bbox 1437 1005 1496 1061; x_wconf 91' lang='lat' dir='ltr'><strong>in</strong></span> <span class='ocrx_word' id='word_1_71' title='bbox 1526 1006 1729 1061; x_wconf 89' lang='lat' dir='ltr'><strong>eodem</strong></span> <span class='ocrx_word' id='word_1_72' title='bbox 1760 1006 1909 1062; x_wconf 90' lang='lat' dir='ltr'><strong>libro</strong></span> <span class='ocrx_word' id='word_1_73' title='bbox 1929 1007 2066 1080; x_wconf 86' lang='lat' dir='ltr'><strong>(cap.</strong></span> 
     </span>
    </p>
   </div>
   <div class='ocr_carea' id='block_1_11' title="bbox 429 1090 2072 1167">
    <p class='ocr_par' dir='ltr' id='par_1_11' title="bbox 429 1090 2072 1167">
     <span class='ocr_line' id='line_1_11' title="bbox 429 1090 2072 1167; baseline 0.002 -19"><span class='ocrx_word' id='word_1_74' title='bbox 429 1095 549 1164; x_wconf 89' lang='lat'><strong>10):</strong></span> <span class='ocrx_word' id='word_1_75' title='bbox 587 1117 615 1144; x_wconf 86' lang='lat'><strong><em>«</em></strong></span> <span class='ocrx_word' id='word_1_76' title='bbox 647 1097 1008 1166; x_wconf 78' lang='lat' dir='ltr'><strong>Quapropter</strong></span> <span class='ocrx_word' id='word_1_77' title='bbox 1037 1090 1418 1150; x_wconf 83' lang='lat' dir='ltr'><strong>saluberrime</strong></span> <span class='ocrx_word' id='word_1_78' title='bbox 1449 1095 1797 1150; x_wconf 74' lang='lat' dir='ltr'><strong>confitemur</strong></span> <span class='ocrx_word' id='word_1_79' title='bbox 1817 1096 1970 1167; x_wconf 85' lang='lat' dir='ltr'><strong>quod</strong></span> <span class='ocrx_word' id='word_1_80' title='bbox 1990 1113 2072 1151; x_wconf 90' lang='lat' dir='ltr'><strong>re-</strong></span> 
     </span>
    </p>
   </div>
   <div class='ocr_carea' id='block_1_12' title="bbox 427 1182 2071 1254">
    <p class='ocr_par' dir='ltr' id='par_1_12' title="bbox 427 1182 2071 1254">
     <span class='ocr_line' id='line_1_12' title="bbox 427 1182 2071 1254; baseline 0.001 -16"><span class='ocrx_word' id='word_1_81' title='bbox 427 1183 689 1238; x_wconf 83' lang='lat' dir='ltr'><strong>ctissime</strong></span> <span class='ocrx_word' id='word_1_82' title='bbox 717 1184 1031 1250; x_wconf 86' lang='lat' dir='ltr'><strong>credimus,</strong></span> <span class='ocrx_word' id='word_1_83' title='bbox 1052 1183 1235 1238; x_wconf 89' lang='lat' dir='ltr'><strong>Deum</strong></span> <span class='ocrx_word' id='word_1_84' title='bbox 1265 1182 1698 1254; x_wconf 88' lang='lat' dir='ltr'><strong>Dominumque</strong></span> <span class='ocrx_word' id='word_1_85' title='bbox 1723 1200 1918 1239; x_wconf 89' lang='lat' dir='ltr'><strong>rerum</strong></span> <span class='ocrx_word' id='word_1_86' title='bbox 1951 1201 2071 1239; x_wconf 89' lang='lat' dir='ltr'><strong>om-</strong></span> 
     </span>
    </p>
   </div>
   <div class='ocr_carea' id='block_1_13' title="bbox 425 1271 2068 1344">
    <p class='ocr_par' dir='ltr' id='par_1_13' title="bbox 425 1271 2068 1344">
     <span class='ocr_line' id='line_1_13' title="bbox 425 1271 2068 1344; baseline 0 -16"><span class='ocrx_word' id='word_1_87' title='bbox 425 1271 721 1344; x_wconf 88' lang='lat' dir='ltr'><strong>nium,qui</strong></span> <span class='ocrx_word' id='word_1_88' title='bbox 752 1271 963 1328; x_wconf 86' lang='lat' dir='ltr'><strong>creavit</strong></span> <span class='ocrx_word' id='word_1_89' title='bbox 992 1271 1189 1328; x_wconf 80' lang='lat' dir='ltr'><strong>omnia</strong></span> <span class='ocrx_word' id='word_1_90' title='bbox 1203 1271 1355 1326; x_wconf 92' lang='lat' dir='ltr'><strong>bona</strong></span> <span class='ocrx_word' id='word_1_91' title='bbox 1375 1271 1787 1336; x_wconf 87' lang='lat' dir='ltr'><strong>valde,etmala</strong></span> <span class='ocrx_word' id='word_1_92' title='bbox 1805 1289 1872 1328; x_wconf 85' lang='lat' dir='ltr'><strong>ex</strong></span> <span class='ocrx_word' id='word_1_93' title='bbox 1897 1273 2068 1330; x_wconf 85' lang='lat' dir='ltr'><strong>bonis</strong></span> 
     </span>
    </p>
   </div>
   <div class='ocr_carea' id='block_1_14' title="bbox 425 1359 2066 1433">
    <p class='ocr_par' dir='ltr' id='par_1_14' title="bbox 425 1359 2066 1433">
     <span class='ocr_line' id='line_1_14' title="bbox 425 1359 2066 1433; baseline 0.002 -18"><span class='ocrx_word' id='word_1_94' title='bbox 425 1365 695 1416; x_wconf 87' lang='lat' dir='ltr'><strong>exortura</strong></span> <span class='ocrx_word' id='word_1_95' title='bbox 723 1377 852 1417; x_wconf 90' lang='lat' dir='ltr'><strong>esse</strong></span> <span class='ocrx_word' id='word_1_96' title='bbox 882 1359 1187 1432; x_wconf 64' lang='lat' dir='ltr'><strong>praescivit,</strong></span> <span class='ocrx_word' id='word_1_97' title='bbox 1218 1364 1275 1414; x_wconf 90' lang='lat' dir='ltr'><strong>et</strong></span> <span class='ocrx_word' id='word_1_98' title='bbox 1321 1359 1490 1414; x_wconf 80' lang='lat' dir='ltr'><strong>scivit</strong></span> <span class='ocrx_word' id='word_1_99' title='bbox 1535 1359 1726 1433; x_wconf 87' lang='lat' dir='ltr'><strong>magis</strong></span> <span class='ocrx_word' id='word_1_100' title='bbox 1773 1361 1845 1416; x_wconf 87' lang='lat' dir='ltr'><strong>ad</strong></span> <span class='ocrx_word' id='word_1_101' title='bbox 1897 1379 2066 1418; x_wconf 87' lang='lat' dir='ltr'><strong>suam</strong></span> 
     </span>
    </p>
   </div>
   <div class='ocr_carea' id='block_1_15' title="bbox 423 1447 2066 1522">
    <p class='ocr_par' dir='ltr' id='par_1_15' title="bbox 423 1447 2066 1522">
     <span class='ocr_line' id='line_1_15' title="bbox 423 1447 2066 1522; baseline 0 -16"><span class='ocrx_word' id='word_1_102' title='bbox 423 1448 1058 1522; x_wconf 88' lang='lat' dir='ltr'><strong>omnipotentissimam</strong></span> <span class='ocrx_word' id='word_1_103' title='bbox 1093 1447 1411 1504; x_wconf 85' lang='lat' dir='ltr'><strong>bonitatem</strong></span> <span class='ocrx_word' id='word_1_104' title='bbox 1445 1449 1756 1521; x_wconf 88' lang='lat' dir='ltr'><strong>pertinere,</strong></span> <span class='ocrx_word' id='word_1_105' title='bbox 1786 1449 1961 1505; x_wconf 86' lang='lat' dir='ltr'><strong>etiam</strong></span> <span class='ocrx_word' id='word_1_106' title='bbox 1995 1451 2066 1506; x_wconf 92' lang='lat' dir='ltr'><strong>de</strong></span> 
     </span>
    </p>
   </div>
   <div class='ocr_carea' id='block_1_16' title="bbox 423 1535 2065 1608">
    <p class='ocr_par' dir='ltr' id='par_1_16' title="bbox 423 1535 2065 1608">
     <span class='ocr_line' id='line_1_16' title="bbox 423 1535 2065 1608; baseline 0.002 -16"><span class='ocrx_word' id='word_1_107' title='bbox 423 1537 598 1592; x_wconf 89' lang='lat' dir='ltr'><strong>malis</strong></span> <span class='ocrx_word' id='word_1_108' title='bbox 625 1537 984 1596; x_wconf 85' lang='lat' dir='ltr'><strong>benefacere.</strong></span> <span class='ocrx_word' id='word_1_109' title='bbox 1019 1553 1195 1608; x_wconf 85' lang='lat' dir='ltr'><strong>quam</strong></span> <span class='ocrx_word' id='word_1_110' title='bbox 1227 1535 1381 1591; x_wconf 91' lang='lat' dir='ltr'><strong>mala</strong></span> <span class='ocrx_word' id='word_1_111' title='bbox 1411 1553 1539 1592; x_wconf 91' lang='lat' dir='ltr'><strong>esse</strong></span> <span class='ocrx_word' id='word_1_112' title='bbox 1588 1554 1701 1593; x_wconf 91' lang='lat' dir='ltr'><strong>non</strong></span> <span class='ocrx_word' id='word_1_113' title='bbox 1733 1537 1945 1606; x_wconf 85' lang='lat' dir='ltr'><strong>sinere,</strong></span> <span class='ocrx_word' id='word_1_114' title='bbox 1981 1539 2065 1595; x_wconf 88' lang='lat' dir='ltr'><strong>sic</strong></span> 
     </span>
    </p>
   </div>
   <div class='ocr_carea' id='block_1_17' title="bbox 421 1623 2066 1695">
    <p class='ocr_par' dir='ltr' id='par_1_17' title="bbox 421 1623 2066 1695">
     <span class='ocr_line' id='line_1_17' title="bbox 421 1623 2066 1695; baseline 0.002 -15"><span class='ocrx_word' id='word_1_115' title='bbox 421 1625 723 1680; x_wconf 81' lang='lat' dir='ltr'><strong>ordinasse</strong></span> <span class='ocrx_word' id='word_1_116' title='bbox 753 1623 1092 1695; x_wconf 83' lang='lat' dir='ltr'><strong>angelorum</strong></span> <span class='ocrx_word' id='word_1_117' title='bbox 1125 1628 1182 1680; x_wconf 89' lang='lat' dir='ltr'><strong>et</strong></span> <span class='ocrx_word' id='word_1_118' title='bbox 1211 1624 1518 1680; x_wconf 88' lang='lat' dir='ltr'><strong>hominum</strong></span> <span class='ocrx_word' id='word_1_119' title='bbox 1562 1624 1764 1692; x_wconf 88' lang='lat' dir='ltr'><strong>vitam,</strong></span> <span class='ocrx_word' id='word_1_120' title='bbox 1797 1630 1862 1682; x_wconf 93' lang='lat' dir='ltr'><strong>ut</strong></span> <span class='ocrx_word' id='word_1_121' title='bbox 1907 1627 1966 1682; x_wconf 91' lang='lat' dir='ltr'><strong>in</strong></span> <span class='ocrx_word' id='word_1_122' title='bbox 1998 1645 2066 1684; x_wconf 87' lang='lat' dir='ltr'><strong>ea</strong></span> 
     </span>
    </p>
   </div>
   <div class='ocr_carea' id='block_1_18' title="bbox 419 1713 2064 1786">
    <p class='ocr_par' dir='ltr' id='par_1_18' title="bbox 419 1713 2064 1786">
     <span class='ocr_line' id='line_1_18' title="bbox 419 1713 2064 1786; baseline 0.002 -18"><span class='ocrx_word' id='word_1_123' title='bbox 419 1713 582 1786; x_wconf 90' lang='lat' dir='ltr'><strong>prius</strong></span> <span class='ocrx_word' id='word_1_124' title='bbox 611 1713 940 1768; x_wconf 87' lang='lat' dir='ltr'><strong>ostenderet</strong></span> <span class='ocrx_word' id='word_1_125' title='bbox 970 1713 1109 1785; x_wconf 91' lang='lat' dir='ltr'><strong>quid</strong></span> <span class='ocrx_word' id='word_1_126' title='bbox 1143 1717 1341 1785; x_wconf 83' lang='lat' dir='ltr'><strong>posset</strong></span> <span class='ocrx_word' id='word_1_127' title='bbox 1366 1730 1567 1769; x_wconf 88' lang='lat' dir='ltr'><strong>eorum</strong></span> <span class='ocrx_word' id='word_1_128' title='bbox 1611 1713 1862 1770; x_wconf 88' lang='lat' dir='ltr'><strong>liberum</strong></span> <span class='ocrx_word' id='word_1_129' title='bbox 1910 1715 2064 1771; x_wconf 90' lang='lat' dir='ltr'><strong>arbi-</strong></span> 
     </span>
    </p>
   </div>
   <div class='ocr_carea' id='block_1_19' title="bbox 419 1801 2142 1904">
    <p class='ocr_par' dir='ltr' id='par_1_19' title="bbox 419 1801 2142 1904">
     <span class='ocr_line' id='line_1_19' title="bbox 419 1801 2142 1904; baseline 0.002 -48"><span class='ocrx_word' id='word_1_130' title='bbox 419 1801 620 1902; x_wconf 75' lang='lat' dir='ltr'><strong>trium,</strong></span> <span class='ocrx_word' id='word_1_131' title='bbox 654 1802 863 1856; x_wconf 89' lang='lat' dir='ltr'><strong>deinde</strong></span> <span class='ocrx_word' id='word_1_132' title='bbox 895 1801 1034 1902; x_wconf 74' lang='lat' dir='ltr'><strong>quid</strong></span> <span class='ocrx_word' id='word_1_133' title='bbox 1069 1807 1266 1874; x_wconf 87' lang='lat' dir='ltr'><strong>posset</strong></span> <span class='ocrx_word' id='word_1_134' title='bbox 1293 1820 1413 1858; x_wconf 67' lang='lat' dir='ltr'><strong>suae</strong></span> <span class='ocrx_word' id='word_1_135' title='bbox 1462 1803 1661 1875; x_wconf 73' lang='lat' dir='ltr'><strong>gratiae</strong></span> <span class='ocrx_word' id='word_1_136' title='bbox 1713 1803 2060 1860; x_wconf 84' lang='lat' dir='ltr'><strong>beneficium</strong></span> <span class='ocrx_word' id='word_1_137' title='bbox 2091 1837 2142 1904; x_wconf 82' lang='grc' dir='ltr'><strong>Β</strong></span> 
     </span>
    </p>
   </div>
   <div class='ocr_carea' id='block_1_20' title="bbox 409 1890 2061 1964">
    <p class='ocr_par' dir='ltr' id='par_1_20' title="bbox 409 1890 2061 1964">
     <span class='ocr_line' id='line_1_20' title="bbox 409 1890 2061 1964; baseline 0.004 -20"><span class='ocrx_word' id='word_1_138' title='bbox 409 1890 775 1963; x_wconf 68' lang='lat' dir='ltr'><strong>justitiaaque</strong></span> <span class='ocrx_word' id='word_1_139' title='bbox 797 1890 1110 1962; x_wconf 89' lang='lat' dir='ltr'><strong>judicium.</strong></span> <span class='ocrx_word' id='word_1_140' title='bbox 1148 1913 1176 1939; x_wconf 94' lang='lat'><strong>»</strong></span> <span class='ocrx_word' id='word_1_141' title='bbox 1207 1892 1276 1946; x_wconf 88' lang='lat' dir='ltr'><strong>Et</strong></span> <span class='ocrx_word' id='word_1_142' title='bbox 1306 1896 1437 1964; x_wconf 89' lang='lat' dir='ltr'><strong>post</strong></span> <span class='ocrx_word' id='word_1_143' title='bbox 1468 1909 1682 1963; x_wconf 82' lang='lat' dir='ltr'><strong>pauca:</strong></span> <span class='ocrx_word' id='word_1_144' title='bbox 1704 1916 1731 1942; x_wconf 83' lang='lat'>«</span> <span class='ocrx_word' id='word_1_145' title='bbox 1767 1893 1862 1949; x_wconf 86' lang='lat' dir='ltr'><strong>Sic</strong></span> <span class='ocrx_word' id='word_1_146' title='bbox 1883 1898 1938 1948; x_wconf 92' lang='lat' dir='ltr'><strong>et</strong></span> <span class='ocrx_word' id='word_1_147' title='bbox 1960 1893 2061 1950; x_wconf 88' lang='lat' dir='ltr'><strong>ho-</strong></span> 
     </span>
    </p>
   </div>
   <div class='ocr_carea' id='block_1_21' title="bbox 417 1978 2060 2039">
    <p class='ocr_par' dir='ltr' id='par_1_21' title="bbox 417 1978 2060 2039">
     <span class='ocr_line' id='line_1_21' title="bbox 417 1978 2060 2039; baseline 0.003 -6"><span class='ocrx_word' id='word_1_148' title='bbox 417 1979 638 2034; x_wconf 85' lang='lat' dir='ltr'><strong>minem</strong></span> <span class='ocrx_word' id='word_1_149' title='bbox 670 1979 806 2033; x_wconf 89' lang='lat' dir='ltr'><strong>fecit</strong></span> <span class='ocrx_word' id='word_1_150' title='bbox 831 1995 965 2033; x_wconf 92' lang='lat' dir='ltr'><strong>cum</strong></span> <span class='ocrx_word' id='word_1_151' title='bbox 997 1978 1176 2034; x_wconf 90' lang='lat' dir='ltr'><strong>libero</strong></span> <span class='ocrx_word' id='word_1_152' title='bbox 1209 1979 1471 2034; x_wconf 88' lang='lat' dir='ltr'><strong>arbitrio.</strong></span> <span class='ocrx_word' id='word_1_153' title='bbox 1495 2002 1522 2028; x_wconf 91' lang='lat'><strong>»</strong></span> <span class='ocrx_word' id='word_1_154' title='bbox 1555 1981 1623 2035; x_wconf 89' lang='lat' dir='ltr'><strong>Et</strong></span> <span class='ocrx_word' id='word_1_155' title='bbox 1654 1981 1788 2036; x_wconf 87' lang='lat' dir='ltr'><strong>item</strong></span> <span class='ocrx_word' id='word_1_156' title='bbox 1823 1981 1880 2036; x_wconf 92' lang='lat' dir='ltr'><strong>in</strong></span> <span class='ocrx_word' id='word_1_157' title='bbox 1913 1981 2060 2039; x_wconf 88' lang='lat' dir='ltr'><strong>libro</strong></span> 
     </span>
    </p>
   </div>
   <div class='ocr_carea' id='block_1_22' title="bbox 415 2066 2059 2140">
    <p class='ocr_par' dir='ltr' id='par_1_22' title="bbox 415 2066 2059 2140">
     <span class='ocr_line' id='line_1_22' title="bbox 415 2066 2059 2140; baseline 0.003 -20"><span class='ocrx_word' id='word_1_158' title='bbox 415 2067 486 2121; x_wconf 90' lang='lat' dir='ltr'><strong>de</strong></span> <span class='ocrx_word' id='word_1_159' title='bbox 515 2067 736 2120; x_wconf 88' lang='lat' dir='ltr'><strong>Natura</strong></span> <span class='ocrx_word' id='word_1_160' title='bbox 765 2071 823 2121; x_wconf 91' lang='lat' dir='ltr'><strong>et</strong></span> <span class='ocrx_word' id='word_1_161' title='bbox 842 2066 1037 2122; x_wconf 80' lang='lat' dir='ltr'><strong>Gratia</strong></span> <span class='ocrx_word' id='word_1_162' title='bbox 1070 2069 1212 2140; x_wconf 87' lang='lat' dir='ltr'><strong>(cap.</strong></span> <span class='ocrx_word' id='word_1_163' title='bbox 1245 2068 1338 2135; x_wconf 82' lang='grc'>67)</span> <span class='ocrx_word' id='word_1_164' title='bbox 1371 2084 1383 2121; x_wconf 90' lang='lat'>:</span> <span class='ocrx_word' id='word_1_165' title='bbox 1421 2091 1449 2116; x_wconf 89' lang='lat'><strong><em>«</em></strong></span> <span class='ocrx_word' id='word_1_166' title='bbox 1483 2067 1627 2122; x_wconf 90' lang='lat' dir='ltr'><strong>Cum</strong></span> <span class='ocrx_word' id='word_1_167' title='bbox 1660 2074 1852 2125; x_wconf 88' lang='lat' dir='ltr'><strong>autem</strong></span> <span class='ocrx_word' id='word_1_168' title='bbox 1889 2071 1961 2124; x_wconf 93' lang='lat' dir='ltr'><strong>de</strong></span> <span class='ocrx_word' id='word_1_169' title='bbox 1993 2071 2059 2126; x_wconf 91' lang='lat' dir='ltr'><strong>li-</strong></span> 
     </span>
    </p>
   </div>
   <div class='ocr_carea' id='block_1_23' title="bbox 416 2152 2062 2227">
    <p class='ocr_par' dir='ltr' id='par_1_23' title="bbox 416 2152 2062 2227">
     <span class='ocr_line' id='line_1_23' title="bbox 416 2152 2062 2227; baseline 0.004 -19"><span class='ocrx_word' id='word_1_170' title='bbox 416 2153 554 2208; x_wconf 87' lang='lat' dir='ltr'><strong>bera</strong></span> <span class='ocrx_word' id='word_1_171' title='bbox 583 2152 878 2210; x_wconf 82' lang='lat' dir='ltr'><strong>voluntate</strong></span> <span class='ocrx_word' id='word_1_172' title='bbox 911 2158 1062 2210; x_wconf 90' lang='lat' dir='ltr'><strong>recte</strong></span> <span class='ocrx_word' id='word_1_173' title='bbox 1096 2154 1344 2210; x_wconf 89' lang='lat' dir='ltr'><strong>faciendi</strong></span> <span class='ocrx_word' id='word_1_174' title='bbox 1377 2155 1692 2227; x_wconf 80' lang='lat' dir='ltr'><strong>loquimur,</strong></span> <span class='ocrx_word' id='word_1_175' title='bbox 1724 2158 1795 2214; x_wconf 89' lang='lat' dir='ltr'><strong>de</strong></span> <span class='ocrx_word' id='word_1_176' title='bbox 1825 2158 1926 2214; x_wconf 88' lang='lat' dir='ltr'><strong>illa</strong></span> <span class='ocrx_word' id='word_1_177' title='bbox 1956 2159 2062 2214; x_wconf 90' lang='lat' dir='ltr'><strong>sci-</strong></span> 
     </span>
    </p>
   </div>
   <div class='ocr_carea' id='block_1_24' title="bbox 414 2241 1738 2316">
    <p class='ocr_par' dir='ltr' id='par_1_24' title="bbox 414 2241 1738 2316">
     <span class='ocr_line' id='line_1_24' title="bbox 414 2241 1738 2316; baseline -0.001 -20"><span class='ocrx_word' id='word_1_178' title='bbox 414 2241 550 2296; x_wconf 90' lang='lat' dir='ltr'><strong>licet</strong></span> <span class='ocrx_word' id='word_1_179' title='bbox 580 2241 640 2296; x_wconf 82' lang='lat' dir='ltr'><strong>in</strong></span> <span class='ocrx_word' id='word_1_180' title='bbox 672 2258 788 2314; x_wconf 88' lang='lat' dir='ltr'><strong>qua</strong></span> <span class='ocrx_word' id='word_1_181' title='bbox 818 2242 992 2297; x_wconf 91' lang='lat' dir='ltr'><strong>homo</strong></span> <span class='ocrx_word' id='word_1_182' title='bbox 1021 2243 1212 2298; x_wconf 88' lang='lat' dir='ltr'><strong>factus</strong></span> <span class='ocrx_word' id='word_1_183' title='bbox 1243 2248 1332 2300; x_wconf 91' lang='lat' dir='ltr'><strong>est</strong></span> <span class='ocrx_word' id='word_1_184' title='bbox 1361 2243 1675 2316; x_wconf 87' lang='lat' dir='ltr'><strong>loquimur.</strong></span> <span class='ocrx_word' id='word_1_185' title='bbox 1711 2269 1738 2295; x_wconf 83' lang='lat'><strong>»</strong></span> 
     </span>
    </p>
   </div>
   <div class='ocr_carea' id='block_1_25' title="bbox 484 2329 2056 2406">
    <p class='ocr_par' dir='ltr' id='par_1_25' title="bbox 484 2329 2056 2406">
     <span class='ocr_line' id='line_1_25' title="bbox 484 2329 2056 2406; baseline 0.001 -22"><span class='ocrx_word' id='word_1_186' title='bbox 484 2329 701 2385; x_wconf 89' lang='lat' dir='ltr'><strong>Deinde</strong></span> <span class='ocrx_word' id='word_1_187' title='bbox 731 2331 1167 2402; x_wconf 78' lang='lat' dir='ltr'><strong>subjunximus,</strong></span> <span class='ocrx_word' id='word_1_188' title='bbox 1206 2353 1233 2382; x_wconf 85' lang='lat'><strong>«</strong></span> <span class='ocrx_word' id='word_1_189' title='bbox 1266 2333 1335 2386; x_wconf 88' lang='lat' dir='ltr'><strong>Et</strong></span> <span class='ocrx_word' id='word_1_190' title='bbox 1365 2333 1421 2386; x_wconf 92' lang='lat' dir='ltr'><strong>in</strong></span> <span class='ocrx_word' id='word_1_191' title='bbox 1455 2333 1725 2406; x_wconf 85' lang='lat' dir='ltr'><strong>paradiso</strong></span> <span class='ocrx_word' id='word_1_192' title='bbox 1778 2335 1991 2406; x_wconf 90' lang='lat' dir='ltr'><strong>posuit,</strong></span> <span class='ocrx_word' id='word_1_193' title='bbox 2029 2360 2056 2386; x_wconf 85' lang='lat'><strong>»</strong></span> 
     </span>
    </p>
   </div>
   <div class='ocr_carea' id='block_1_26' title="bbox 412 2417 2053 2496">
    <p class='ocr_par' dir='ltr' id='par_1_26' title="bbox 412 2417 2053 2496">
     <span class='ocr_line' id='line_1_26' title="bbox 412 2417 2053 2496; baseline 0.004 -24"><span class='ocrx_word' id='word_1_194' title='bbox 412 2419 567 2490; x_wconf 90' lang='lat' dir='ltr'><strong>quod</strong></span> <span class='ocrx_word' id='word_1_195' title='bbox 599 2423 657 2474; x_wconf 90' lang='lat' dir='ltr'><strong>et</strong></span> <span class='ocrx_word' id='word_1_196' title='bbox 705 2417 874 2474; x_wconf 89' lang='lat' dir='ltr'><strong>lectio</strong></span> <span class='ocrx_word' id='word_1_197' title='bbox 927 2419 1168 2476; x_wconf 89' lang='lat' dir='ltr'><strong>Genesis</strong></span> <span class='ocrx_word' id='word_1_198' title='bbox 1216 2421 1400 2486; x_wconf 89' lang='lat' dir='ltr'><strong>docet,</strong></span> <span class='ocrx_word' id='word_1_199' title='bbox 1433 2422 1732 2488; x_wconf 84' lang='lat' dir='ltr'><strong>Planlavit,</strong></span> <span class='ocrx_word' id='word_1_200' title='bbox 1762 2423 2053 2496; x_wconf 71' lang='lat' dir='ltr'><strong>inquiens,</strong></span> 
     </span>
    </p>
   </div>
   <div class='ocr_carea' id='block_1_27' title="bbox 412 2507 2056 2584">
    <p class='ocr_par' dir='ltr' id='par_1_27' title="bbox 412 2507 2056 2584">
     <span class='ocr_line' id='line_1_27' title="bbox 412 2507 2056 2584; baseline 0.004 -23"><span class='ocrx_word' id='word_1_201' title='bbox 412 2507 551 2562; x_wconf 80' lang='lat' dir='ltr'><strong>Deus</strong></span> <span class='ocrx_word' id='word_1_202' title='bbox 578 2507 903 2579; x_wconf 74' lang='lat' dir='ltr'><strong>paradisum</strong></span> <span class='ocrx_word' id='word_1_203' title='bbox 933 2509 1222 2580; x_wconf 81' lang='lat' dir='ltr'><strong>voluptatis</strong></span> <span class='ocrx_word' id='word_1_204' title='bbox 1251 2525 1284 2564; x_wconf 85' lang='grc' dir='ltr'><strong><em>(ι</em></strong></span> <span class='ocrx_word' id='word_1_205' title='bbox 1305 2511 1602 2582; x_wconf 78' lang='lat' dir='ltr'><strong>principio,</strong></span> <span class='ocrx_word' id='word_1_206' title='bbox 1636 2513 1694 2566; x_wconf 85' lang='lat' dir='ltr'><strong>in</strong></span> <span class='ocrx_word' id='word_1_207' title='bbox 1723 2528 1826 2584; x_wconf 84' lang='lat' dir='ltr'><strong>quo</strong></span> <span class='ocrx_word' id='word_1_208' title='bbox 1853 2515 2056 2583; x_wconf 84' lang='lat' dir='ltr'><strong>posuit,</strong></span> 
     </span>
    </p>
   </div>
   <div class='ocr_carea' id='block_1_28' title="bbox 411 2595 2055 2668">
    <p class='ocr_par' dir='ltr' id='par_1_28' title="bbox 411 2595 2055 2668">
     <span class='ocr_line' id='line_1_28' title="bbox 411 2595 2055 2668; baseline 0.003 -17"><span class='ocrx_word' id='word_1_209' title='bbox 411 2595 686 2652; x_wconf 78' lang='lat' dir='ltr'><strong>hominem</strong></span> <span class='ocrx_word' id='word_1_210' title='bbox 741 2612 899 2668; x_wconf 78' lang='lat' dir='ltr'><strong>quem</strong></span> <span class='ocrx_word' id='word_1_211' title='bbox 945 2602 1278 2667; x_wconf 75' lang='lat' dir='ltr'><strong>formaverat</strong></span> <span class='ocrx_word' id='word_1_212' title='bbox 1323 2598 1472 2668; x_wconf 84' lang='lat' dir='ltr'><strong>(Gen.</strong></span> <span class='ocrx_word' id='word_1_213' title='bbox 1524 2616 1584 2664; x_wconf 81' lang='grc' dir='ltr'><strong>ιι,</strong></span> <span class='ocrx_word' id='word_1_214' title='bbox 1635 2603 1710 2668; x_wconf 86' lang='grc'><strong>8).</strong></span> <span class='ocrx_word' id='word_1_215' title='bbox 1761 2601 2055 2656; x_wconf 87' lang='lat' dir='ltr'><strong>Prosecuti</strong></span> 
     </span>
    </p>
   </div>
   <div class='ocr_carea' id='block_1_29' title="bbox 411 2685 2054 2760">
    <p class='ocr_par' dir='ltr' id='par_1_29' title="bbox 411 2685 2054 2760">
     <span class='ocr_line' id='line_1_29' title="bbox 411 2685 2054 2760; baseline 0.003 -20"><span class='ocrx_word' id='word_1_216' title='bbox 411 2701 675 2752; x_wconf 83' lang='lat' dir='ltr'><strong>sumus,«</strong></span> <span class='ocrx_word' id='word_1_217' title='bbox 701 2701 873 2758; x_wconf 87' lang='lat' dir='ltr'><strong>quem</strong></span> <span class='ocrx_word' id='word_1_218' title='bbox 903 2685 966 2740; x_wconf 91' lang='lat' dir='ltr'><strong>in</strong></span> <span class='ocrx_word' id='word_1_219' title='bbox 997 2686 1306 2742; x_wconf 88' lang='lat' dir='ltr'><strong>sanctitate</strong></span> <span class='ocrx_word' id='word_1_220' title='bbox 1329 2687 1576 2758; x_wconf 73' lang='lat' dir='ltr'><strong>justitize</strong></span> <span class='ocrx_word' id='word_1_221' title='bbox 1604 2705 1942 2760; x_wconf 79' lang='lat' dir='ltr'><strong>permanere</strong></span> <span class='ocrx_word' id='word_1_222' title='bbox 1965 2707 2054 2745; x_wconf 87' lang='lat' dir='ltr'><strong>vo-</strong></span> 
     </span>
    </p>
   </div>
   <div class='ocr_carea' id='block_1_30' title="bbox 409 2772 2052 2852">
    <p class='ocr_par' dir='ltr' id='par_1_30' title="bbox 409 2772 2052 2852">
     <span class='ocr_line' id='line_1_30' title="bbox 409 2772 2052 2852; baseline 0.004 -24"><span class='ocrx_word' id='word_1_223' title='bbox 409 2772 579 2828; x_wconf 89' lang='lat' dir='ltr'><strong>luit.»</strong></span> <span class='ocrx_word' id='word_1_224' title='bbox 595 2773 754 2830; x_wconf 90' lang='lat' dir='ltr'><strong>Unde</strong></span> <span class='ocrx_word' id='word_1_225' title='bbox 766 2778 824 2830; x_wconf 91' lang='lat' dir='ltr'><strong>et</strong></span> <span class='ocrx_word' id='word_1_226' title='bbox 846 2775 1052 2830; x_wconf 88' lang='lat' dir='ltr'><strong>beatus</strong></span> <span class='ocrx_word' id='word_1_227' title='bbox 1071 2774 1457 2847; x_wconf 87' lang='lat' dir='ltr'><strong>Grcgoriusin</strong></span> <span class='ocrx_word' id='word_1_228' title='bbox 1483 2775 2052 2852; x_wconf 85' lang='lat' dir='ltr'><strong>homiliaEvangelii,</strong></span> 
     </span>
    </p>
   </div>
   <div class='ocr_carea' id='block_1_31' title="bbox 411 2862 2058 2938">
    <p class='ocr_par' dir='ltr' id='par_1_31' title="bbox 411 2862 2058 2938">
     <span class='ocr_line' id='line_1_31' title="bbox 411 2862 2058 2938; baseline 0.005 -20"><span class='ocrx_word' id='word_1_229' title='bbox 411 2862 512 2918; x_wconf 71' lang='lat'><strong>88</strong></span> <span class='ocrx_word' id='word_1_230' title='bbox 541 2863 713 2918; x_wconf 84' lang='lat' dir='ltr'><strong>Erant</strong></span> <span class='ocrx_word' id='word_1_231' title='bbox 754 2865 1252 2936; x_wconf 71' lang='lat' dir='ltr'><strong>appropinquantes</strong></span> <span class='ocrx_word' id='word_1_232' title='bbox 1305 2863 1376 2919; x_wconf 85' lang='lat' dir='ltr'><strong>ad</strong></span> <span class='ocrx_word' id='word_1_233' title='bbox 1429 2869 1621 2921; x_wconf 80' lang='lat' dir='ltr'><strong>Jesum</strong></span> <span class='ocrx_word' id='word_1_234' title='bbox 1672 2867 1962 2938; x_wconf 80' lang='lat' dir='ltr'><strong>publicani</strong></span> <span class='ocrx_word' id='word_1_235' title='bbox 2007 2877 2058 2926; x_wconf 84' lang='lat' dir='ltr'><strong>et</strong></span> 
     </span>
    </p>
   </div>
   <div class='ocr_carea' id='block_1_32' title="bbox 405 2951 2053 3030">
    <p class='ocr_par' dir='ltr' id='par_1_32' title="bbox 405 2951 2053 3030">
     <span class='ocr_line' id='line_1_32' title="bbox 405 2951 2053 3030; baseline 0.004 -24"><span class='ocrx_word' id='word_1_236' title='bbox 405 2957 728 3024; x_wconf 77' lang='lat' dir='ltr'><strong>peccatores,</strong></span> <span class='ocrx_word' id='word_1_237' title='bbox 779 2953 850 3008; x_wconf 89' lang='lat' dir='ltr'><strong>ad</strong></span> <span class='ocrx_word' id='word_1_238' title='bbox 903 2951 1095 3008; x_wconf 90' lang='lat' dir='ltr'><strong>locum</strong></span> <span class='ocrx_word' id='word_1_239' title='bbox 1144 2953 1303 3022; x_wconf 89' lang='lat' dir='ltr'><strong>dicit,</strong></span> <span class='ocrx_word' id='word_1_240' title='bbox 1336 2954 1503 3022; x_wconf 86' lang='lat' dir='ltr'><strong>(hom.</strong></span> <span class='ocrx_word' id='word_1_241' title='bbox 1542 2956 1612 3010; x_wconf 82' lang='grc'><strong>34</strong></span> <span class='ocrx_word' id='word_1_242' title='bbox 1660 2958 1721 3012; x_wconf 86' lang='lat' dir='ltr'><strong>in</strong></span> <span class='ocrx_word' id='word_1_243' title='bbox 1773 2958 2002 3030; x_wconf 85' lang='lat' dir='ltr'><strong>Evang.)</strong></span> <span class='ocrx_word' id='word_1_244' title='bbox 2033 2978 2053 3014; x_wconf 90' lang='lat'><strong><em>:</em></strong></span> 
     </span>
    </p>
   </div>
   <div class='ocr_carea' id='block_1_33' title="bbox 409 3040 2055 3121">
    <p class='ocr_par' dir='ltr' id='par_1_33' title="bbox 409 3040 2055 3121">
     <span class='ocr_line' id='line_1_33' title="bbox 409 3040 2055 3121; baseline 0.005 -26"><span class='ocrx_word' id='word_1_245' title='bbox 409 3062 438 3090; x_wconf 84' lang='lat'><strong>«</strong></span> <span class='ocrx_word' id='word_1_246' title='bbox 457 3040 808 3114; x_wconf 87' lang='lat' dir='ltr'><strong>Angelorum</strong></span> <span class='ocrx_word' id='word_1_247' title='bbox 829 3042 1046 3115; x_wconf 86' lang='lat' dir='ltr'><strong>quippe</strong></span> <span class='ocrx_word' id='word_1_248' title='bbox 1068 3041 1439 3099; x_wconf 90' lang='lat' dir='ltr'><strong>cthominum</strong></span> <span class='ocrx_word' id='word_1_249' title='bbox 1457 3047 1726 3101; x_wconf 88' lang='lat' dir='ltr'><strong>naturam</strong></span> <span class='ocrx_word' id='word_1_250' title='bbox 1750 3047 1822 3102; x_wconf 91' lang='lat' dir='ltr'><strong>ad</strong></span> <span class='ocrx_word' id='word_1_251' title='bbox 1847 3064 2055 3121; x_wconf 88' lang='lat' dir='ltr'><strong>cogno-</strong></span> 
     </span>
    </p>
   </div>
   <div class='ocr_carea' id='block_1_34' title="bbox 410 3131 2056 3205">
    <p class='ocr_par' dir='ltr' id='par_1_34' title="bbox 410 3131 2056 3205">
     <span class='ocr_line' id='line_1_34' title="bbox 410 3131 2056 3205; baseline 0.004 -20"><span class='ocrx_word' id='word_1_252' title='bbox 410 3131 694 3186; x_wconf 87' lang='lat' dir='ltr'><strong>scendum</strong></span> <span class='ocrx_word' id='word_1_253' title='bbox 725 3147 782 3186; x_wconf 92' lang='lat' dir='ltr'><strong>se</strong></span> <span class='ocrx_word' id='word_1_254' title='bbox 815 3132 1098 3187; x_wconf 91' lang='lat' dir='ltr'><strong>Dominus</strong></span> <span class='ocrx_word' id='word_1_255' title='bbox 1129 3133 1392 3188; x_wconf 90' lang='lat' dir='ltr'><strong>condidit</strong></span> <span class='ocrx_word' id='word_1_256' title='bbox 1425 3150 1436 3188; x_wconf 93' lang='lat'><strong>:</strong></span> <span class='ocrx_word' id='word_1_257' title='bbox 1471 3150 1648 3205; x_wconf 90' lang='lat' dir='ltr'><strong>quam</strong></span> <span class='ocrx_word' id='word_1_258' title='bbox 1681 3136 1820 3190; x_wconf 91' lang='lat' dir='ltr'><strong>dum</strong></span> <span class='ocrx_word' id='word_1_259' title='bbox 1837 3137 2056 3192; x_wconf 85' lang='lat' dir='ltr'><strong>consis-</strong></span> 
     </span>
    </p>
   </div>
   <div class='ocr_carea' id='block_1_35' title="bbox 2181 563 3832 638">
    <p class='ocr_par' dir='ltr' id='par_1_35' title="bbox 2181 563 3832 638">
     <span class='ocr_line' id='line_1_35' title="bbox 2181 563 3832 638; baseline 0.003 -21"><span class='ocrx_word' id='word_1_260' title='bbox 2181 563 2457 619; x_wconf 82' lang='lat' dir='ltr'><strong>socialem</strong></span> <span class='ocrx_word' id='word_1_261' title='bbox 2481 563 2870 636; x_wconf 78' lang='lat' dir='ltr'><strong>frequentiam</strong></span> <span class='ocrx_word' id='word_1_262' title='bbox 2891 563 3234 638; x_wconf 85' lang='lat' dir='ltr'><strong>angelorum</strong></span> <span class='ocrx_word' id='word_1_263' title='bbox 3256 565 3720 638; x_wconf 88' lang='lat' dir='ltr'><strong>persistentium,</strong></span> <span class='ocrx_word' id='word_1_264' title='bbox 3735 583 3832 622; x_wconf 89' lang='lat' dir='ltr'><strong>res</strong></span> 
     </span>
    </p>
   </div>
   <div class='ocr_carea' id='block_1_36' title="bbox 2181 651 3834 726">
    <p class='ocr_par' dir='ltr' id='par_1_36' title="bbox 2181 651 3834 726">
     <span class='ocr_line' id='line_1_36' title="bbox 2181 651 3834 726; baseline 0.002 -20"><span class='ocrx_word' id='word_1_265' title='bbox 2181 651 2348 706; x_wconf 87' lang='lat' dir='ltr'><strong>duxit</strong></span> <span class='ocrx_word' id='word_1_266' title='bbox 2377 651 2578 708; x_wconf 91' lang='lat' dir='ltr'><strong>oculos</strong></span> <span class='ocrx_word' id='word_1_267' title='bbox 2609 653 2678 708; x_wconf 88' lang='lat' dir='ltr'><strong>ad</strong></span> <span class='ocrx_word' id='word_1_268' title='bbox 2712 653 2862 722; x_wconf 88' lang='lat' dir='ltr'><strong>ima;</strong></span> <span class='ocrx_word' id='word_1_269' title='bbox 2892 652 3042 708; x_wconf 85' lang='lat' dir='ltr'><strong>vidit</strong></span> <span class='ocrx_word' id='word_1_270' title='bbox 3070 669 3187 726; x_wconf 91' lang='lat' dir='ltr'><strong>quo</strong></span> <span class='ocrx_word' id='word_1_271' title='bbox 3208 653 3450 725; x_wconf 85' lang='lat' dir='ltr'><strong>jaceret,</strong></span> <span class='ocrx_word' id='word_1_272' title='bbox 3485 654 3586 726; x_wconf 92' lang='lat' dir='ltr'><strong>qui</strong></span> <span class='ocrx_word' id='word_1_273' title='bbox 3619 655 3691 710; x_wconf 89' lang='lat' dir='ltr'><strong>ad</strong></span> <span class='ocrx_word' id='word_1_274' title='bbox 3723 653 3834 710; x_wconf 88' lang='lat' dir='ltr'><strong>hoc</strong></span> 
     </span>
    </p>
   </div>
   <div class='ocr_carea' id='block_1_37' title="bbox 2179 739 3830 815">
    <p class='ocr_par' dir='ltr' id='par_1_37' title="bbox 2179 739 3830 815">
     <span class='ocr_line' id='line_1_37' title="bbox 2179 739 3830 815; baseline 0.002 -21"><span class='ocrx_word' id='word_1_275' title='bbox 2179 739 2454 796; x_wconf 89' lang='lat' dir='ltr'><strong>conditus</strong></span> <span class='ocrx_word' id='word_1_276' title='bbox 2485 739 2692 808; x_wconf 86' lang='lat' dir='ltr'><strong>fuerat,</strong></span> <span class='ocrx_word' id='word_1_277' title='bbox 2725 745 2792 796; x_wconf 84' lang='lat' dir='ltr'><strong>u&#39;t</strong></span> <span class='ocrx_word' id='word_1_278' title='bbox 2819 743 2879 796; x_wconf 92' lang='lat' dir='ltr'><strong>in</strong></span> <span class='ocrx_word' id='word_1_279' title='bbox 2914 741 3252 799; x_wconf 89' lang='lat' dir='ltr'><strong>coelestibus</strong></span> <span class='ocrx_word' id='word_1_280' title='bbox 3279 746 3440 799; x_wconf 81' lang='lat' dir='ltr'><strong>stare</strong></span> <span class='ocrx_word' id='word_1_281' title='bbox 3457 741 3764 815; x_wconf 85' lang='lat' dir='ltr'><strong>potuisset.</strong></span> <span class='ocrx_word' id='word_1_282' title='bbox 3801 764 3830 792; x_wconf 88' lang='lat'><strong>»</strong></span> 
     </span>
    </p>
   </div>
   <div class='ocr_carea' id='block_1_38' title="bbox 2181 827 3836 905">
    <p class='ocr_par' dir='ltr' id='par_1_38' title="bbox 2181 827 3836 905">
     <span class='ocr_line' id='line_1_38' title="bbox 2181 827 3836 905; baseline 0.003 -22"><span class='ocrx_word' id='word_1_283' title='bbox 2181 827 2325 883; x_wconf 84' lang='lat' dir='ltr'><strong>Item</strong></span> <span class='ocrx_word' id='word_1_284' title='bbox 2355 827 2416 883; x_wconf 90' lang='lat' dir='ltr'><strong>in</strong></span> <span class='ocrx_word' id='word_1_285' title='bbox 2447 827 2596 885; x_wconf 91' lang='lat' dir='ltr'><strong>libro</strong></span> <span class='ocrx_word' id='word_1_286' title='bbox 2623 827 2905 902; x_wconf 85' lang='lat' dir='ltr'><strong>vigesimo</strong></span> <span class='ocrx_word' id='word_1_287' title='bbox 2939 829 3202 902; x_wconf 86' lang='lat' dir='ltr'><strong>(cap.16):</strong></span> <span class='ocrx_word' id='word_1_288' title='bbox 3225 851 3254 882; x_wconf 86' lang='lat'><strong>«</strong></span> <span class='ocrx_word' id='word_1_289' title='bbox 3289 831 3624 887; x_wconf 78' lang='lat' dir='ltr'><strong>Humanum</strong></span> <span class='ocrx_word' id='word_1_290' title='bbox 3651 830 3836 905; x_wconf 80' lang='lat' dir='ltr'><strong>igitur</strong></span> 
     </span>
    </p>
   </div>
   <div class='ocr_carea' id='block_1_39' title="bbox 2179 917 3838 990">
    <p class='ocr_par' dir='ltr' id='par_1_39' title="bbox 2179 917 3838 990">
     <span class='ocr_line' id='line_1_39' title="bbox 2179 917 3838 990; baseline 0.003 -20"><span class='ocrx_word' id='word_1_291' title='bbox 2179 932 2368 988; x_wconf 85' lang='lat' dir='ltr'><strong>genus</strong></span> <span class='ocrx_word' id='word_1_292' title='bbox 2397 922 2553 974; x_wconf 84' lang='lat' dir='ltr'><strong>recto</strong></span> <span class='ocrx_word' id='word_1_293' title='bbox 2578 917 2674 973; x_wconf 88' lang='lat' dir='ltr'><strong>Dei</strong></span> <span class='ocrx_word' id='word_1_294' title='bbox 2698 917 2923 987; x_wconf 88' lang='lat' dir='ltr'><strong>judicio</strong></span> <span class='ocrx_word' id='word_1_295' title='bbox 2951 917 3013 973; x_wconf 92' lang='lat' dir='ltr'><strong>in</strong></span> <span class='ocrx_word' id='word_1_296' title='bbox 3040 918 3441 990; x_wconf 86' lang='lat' dir='ltr'><strong>voluptatibus</strong></span> <span class='ocrx_word' id='word_1_297' title='bbox 3473 919 3598 976; x_wconf 88' lang='lat' dir='ltr'><strong>suis</strong></span> <span class='ocrx_word' id='word_1_298' title='bbox 3619 920 3731 975; x_wconf 88' lang='lat' dir='ltr'><strong>sibi</strong></span> <span class='ocrx_word' id='word_1_299' title='bbox 3751 919 3838 976; x_wconf 89' lang='lat' dir='ltr'><strong>di-</strong></span> 
     </span>
    </p>
   </div>
   <div class='ocr_carea' id='block_1_40' title="bbox 2180 1003 3832 1080">
    <p class='ocr_par' dir='ltr' id='par_1_40' title="bbox 2180 1003 3832 1080">
     <span class='ocr_line' id='line_1_40' title="bbox 2180 1003 3832 1080; baseline 0.004 -22"><span class='ocrx_word' id='word_1_300' title='bbox 2180 1003 2450 1072; x_wconf 89' lang='lat' dir='ltr'><strong>missum,</strong></span> <span class='ocrx_word' id='word_1_301' title='bbox 2484 1009 2662 1078; x_wconf 89' lang='lat' dir='ltr'><strong>atque</strong></span> <span class='ocrx_word' id='word_1_302' title='bbox 2691 1022 2796 1078; x_wconf 91' lang='lat' dir='ltr'><strong>per</strong></span> <span class='ocrx_word' id='word_1_303' title='bbox 2822 1006 3058 1062; x_wconf 89' lang='lat' dir='ltr'><strong>easdem</strong></span> <span class='ocrx_word' id='word_1_304' title='bbox 3100 1005 3431 1078; x_wconf 86' lang='lat' dir='ltr'><strong>voluptates</strong></span> <span class='ocrx_word' id='word_1_305' title='bbox 3486 1007 3832 1080; x_wconf 85' lang='lat' dir='ltr'><strong>spontaneis</strong></span> 
     </span>
    </p>
   </div>
   <div class='ocr_carea' id='block_1_41' title="bbox 2178 1091 3834 1162">
    <p class='ocr_par' dir='ltr' id='par_1_41' title="bbox 2178 1091 3834 1162">
     <span class='ocr_line' id='line_1_41' title="bbox 2178 1091 3834 1162; baseline 0.005 -17"><span class='ocrx_word' id='word_1_306' title='bbox 2178 1092 2659 1150; x_wconf 84' lang='lat' dir='ltr'><strong>tribulationibus</strong></span> <span class='ocrx_word' id='word_1_307' title='bbox 2689 1091 3296 1162; x_wconf 78' lang='lat' dir='ltr'><strong>traditum,absinthio</strong></span> <span class='ocrx_word' id='word_1_308' title='bbox 3325 1099 3414 1152; x_wconf 89' lang='lat' dir='ltr'><strong>est</strong></span> <span class='ocrx_word' id='word_1_309' title='bbox 3441 1095 3691 1152; x_wconf 90' lang='lat' dir='ltr'><strong>ebrium.</strong></span> <span class='ocrx_word' id='word_1_310' title='bbox 3709 1117 3738 1146; x_wconf 89' lang='lat'><strong>»</strong></span> <span class='ocrx_word' id='word_1_311' title='bbox 3760 1096 3834 1152; x_wconf 87' lang='lat' dir='ltr'><strong>Et</strong></span> 
     </span>
    </p>
   </div>
   <div class='ocr_carea' id='block_1_42' title="bbox 2178 1179 3829 1254">
    <p class='ocr_par' dir='ltr' id='par_1_42' title="bbox 2178 1179 3829 1254">
     <span class='ocr_line' id='line_1_42' title="bbox 2178 1179 3829 1254; baseline 0.003 -19"><span class='ocrx_word' id='word_1_312' title='bbox 2178 1179 2236 1236; x_wconf 90' lang='lat' dir='ltr'><strong>in</strong></span> <span class='ocrx_word' id='word_1_313' title='bbox 2270 1180 2514 1236; x_wconf 90' lang='lat' dir='ltr'><strong>homilia</strong></span> <span class='ocrx_word' id='word_1_314' title='bbox 2542 1181 2772 1238; x_wconf 90' lang='lat' dir='ltr'><strong>decima</strong></span> <span class='ocrx_word' id='word_1_315' title='bbox 2802 1181 3090 1254; x_wconf 86' lang='lat' dir='ltr'><strong>septima:</strong></span> <span class='ocrx_word' id='word_1_316' title='bbox 3125 1205 3152 1232; x_wconf 84' lang='lat'><strong><em>«</em></strong></span> <span class='ocrx_word' id='word_1_317' title='bbox 3185 1183 3329 1250; x_wconf 86' lang='lat' dir='ltr'><strong>Quid</strong></span> <span class='ocrx_word' id='word_1_318' title='bbox 3365 1187 3562 1240; x_wconf 89' lang='lat' dir='ltr'><strong>autem</strong></span> <span class='ocrx_word' id='word_1_319' title='bbox 3594 1184 3829 1240; x_wconf 87' lang='lat' dir='ltr'><strong>animas</strong></span> 
     </span>
    </p>
   </div>
   <div class='ocr_carea' id='block_1_43' title="bbox 2176 1268 3830 1344">
    <p class='ocr_par' dir='ltr' id='par_1_43' title="bbox 2176 1268 3830 1344">
     <span class='ocr_line' id='line_1_43' title="bbox 2176 1268 3830 1344; baseline 0.003 -20"><span class='ocrx_word' id='word_1_320' title='bbox 2176 1268 2483 1324; x_wconf 88' lang='lat' dir='ltr'><strong>hominum</strong></span> <span class='ocrx_word' id='word_1_321' title='bbox 2519 1269 2632 1326; x_wconf 90' lang='lat' dir='ltr'><strong>nisi</strong></span> <span class='ocrx_word' id='word_1_322' title='bbox 2654 1269 2853 1326; x_wconf 88' lang='lat' dir='ltr'><strong>cibum</strong></span> <span class='ocrx_word' id='word_1_323' title='bbox 2883 1269 3116 1326; x_wconf 89' lang='lat' dir='ltr'><strong>Domini</strong></span> <span class='ocrx_word' id='word_1_324' title='bbox 3147 1270 3414 1337; x_wconf 81' lang='lat' dir='ltr'><strong>dixerim,</strong></span> <span class='ocrx_word' id='word_1_325' title='bbox 3446 1289 3573 1344; x_wconf 69' lang='lat' dir='ltr'><strong>qum</strong></span> <span class='ocrx_word' id='word_1_326' title='bbox 3601 1273 3674 1328; x_wconf 89' lang='lat' dir='ltr'><strong>ad</strong></span> <span class='ocrx_word' id='word_1_327' title='bbox 3716 1271 3830 1328; x_wconf 87' lang='lat' dir='ltr'><strong>hoc</strong></span> 
     </span>
    </p>
   </div>
   <div class='ocr_carea' id='block_1_44' title="bbox 2176 1358 3830 1432">
    <p class='ocr_par' dir='ltr' id='par_1_44' title="bbox 2176 1358 3830 1432">
     <span class='ocr_line' id='line_1_44' title="bbox 2176 1358 3830 1432; baseline 0.002 -19"><span class='ocrx_word' id='word_1_328' title='bbox 2176 1361 2316 1413; x_wconf 90' lang='lat' dir='ltr'><strong>sunt</strong></span> <span class='ocrx_word' id='word_1_329' title='bbox 2344 1358 2611 1424; x_wconf 79' lang='lat' dir='ltr'><strong>conditae,</strong></span> <span class='ocrx_word' id='word_1_330' title='bbox 2630 1362 2696 1413; x_wconf 91' lang='lat' dir='ltr'><strong>ut</strong></span> <span class='ocrx_word' id='word_1_331' title='bbox 2725 1358 2783 1412; x_wconf 92' lang='lat' dir='ltr'><strong>in</strong></span> <span class='ocrx_word' id='word_1_332' title='bbox 2816 1358 2945 1429; x_wconf 90' lang='lat' dir='ltr'><strong>ejus</strong></span> <span class='ocrx_word' id='word_1_333' title='bbox 2975 1375 3215 1430; x_wconf 89' lang='lat' dir='ltr'><strong>corpore</strong></span> <span class='ocrx_word' id='word_1_334' title='bbox 3237 1359 3628 1432; x_wconf 80' lang='lat' dir='ltr'><strong>trajiciantur,</strong></span> <span class='ocrx_word' id='word_1_335' title='bbox 3657 1360 3717 1416; x_wconf 90' lang='lat' dir='ltr'><strong>id</strong></span> <span class='ocrx_word' id='word_1_336' title='bbox 3737 1365 3830 1417; x_wconf 86' lang='lat' dir='ltr'><strong>est</strong></span> 
     </span>
    </p>
   </div>
   <div class='ocr_carea' id='block_1_45' title="bbox 2174 1445 3830 1521">
    <p class='ocr_par' dir='ltr' id='par_1_45' title="bbox 2174 1445 3830 1521">
     <span class='ocr_line' id='line_1_45' title="bbox 2174 1445 3830 1521; baseline 0.002 -19"><span class='ocrx_word' id='word_1_337' title='bbox 2174 1450 2242 1502; x_wconf 90' lang='lat' dir='ltr'><strong>ut</strong></span> <span class='ocrx_word' id='word_1_338' title='bbox 2285 1445 2345 1501; x_wconf 92' lang='lat' dir='ltr'><strong>in</strong></span> <span class='ocrx_word' id='word_1_339' title='bbox 2389 1450 2614 1502; x_wconf 55' lang='lat' dir='ltr'><strong>aeternae</strong></span> <span class='ocrx_word' id='word_1_340' title='bbox 2659 1446 2929 1503; x_wconf 65' lang='lat' dir='ltr'><strong>Ecclesiae</strong></span> <span class='ocrx_word' id='word_1_341' title='bbox 2981 1452 3364 1521; x_wconf 82' lang='lat' dir='ltr'><strong>augmentum</strong></span> <span class='ocrx_word' id='word_1_342' title='bbox 3395 1448 3658 1505; x_wconf 89' lang='lat' dir='ltr'><strong>tendant.</strong></span> <span class='ocrx_word' id='word_1_343' title='bbox 3693 1471 3723 1499; x_wconf 85' lang='lat'><strong>»</strong></span> <span class='ocrx_word' id='word_1_344' title='bbox 3756 1450 3830 1506; x_wconf 84' lang='lat' dir='ltr'><strong>Et</strong></span> 
     </span>
    </p>
   </div>
   <div class='ocr_carea' id='block_1_46' title="bbox 2175 1533 3832 1610">
    <p class='ocr_par' dir='ltr' id='par_1_46' title="bbox 2175 1533 3832 1610">
     <span class='ocr_line' id='line_1_46' title="bbox 2175 1533 3832 1610; baseline 0.004 -21"><span class='ocrx_word' id='word_1_345' title='bbox 2175 1534 2382 1590; x_wconf 89' lang='lat' dir='ltr'><strong>beatus</strong></span> <span class='ocrx_word' id='word_1_346' title='bbox 2400 1534 2747 1590; x_wconf 87' lang='lat' dir='ltr'><strong>Ambrosius</strong></span> <span class='ocrx_word' id='word_1_347' title='bbox 2781 1535 2841 1590; x_wconf 93' lang='lat' dir='ltr'><strong>in</strong></span> <span class='ocrx_word' id='word_1_348' title='bbox 2865 1533 3092 1608; x_wconf 90' lang='lat' dir='ltr'><strong>psalmo</strong></span> <span class='ocrx_word' id='word_1_349' title='bbox 3112 1552 3314 1593; x_wconf 84' lang='lat' dir='ltr'><strong>cxvm:</strong></span> <span class='ocrx_word' id='word_1_350' title='bbox 3335 1560 3362 1588; x_wconf 85' lang='lat'>«</span> <span class='ocrx_word' id='word_1_351' title='bbox 3397 1537 3560 1594; x_wconf 89' lang='lat' dir='ltr'><strong>Unde</strong></span> <span class='ocrx_word' id='word_1_352' title='bbox 3583 1539 3832 1610; x_wconf 84' lang='lat' dir='ltr'><strong>Aposto-</strong></span> 
     </span>
    </p>
   </div>
   <div class='ocr_carea' id='block_1_47' title="bbox 2173 1621 3829 1695">
    <p class='ocr_par' dir='ltr' id='par_1_47' title="bbox 2173 1621 3829 1695">
     <span class='ocr_line' id='line_1_47' title="bbox 2173 1621 3829 1695; baseline 0.003 -18"><span class='ocrx_word' id='word_1_353' title='bbox 2173 1621 2355 1691; x_wconf 89' lang='lat' dir='ltr'><strong>lus,in</strong></span> <span class='ocrx_word' id='word_1_354' title='bbox 2389 1639 2488 1679; x_wconf 91' lang='lat' dir='ltr'><strong>eos</strong></span> <span class='ocrx_word' id='word_1_355' title='bbox 2517 1621 2755 1694; x_wconf 90' lang='lat' dir='ltr'><strong>quidem</strong></span> <span class='ocrx_word' id='word_1_356' title='bbox 2785 1623 2883 1695; x_wconf 91' lang='lat' dir='ltr'><strong>qui</strong></span> <span class='ocrx_word' id='word_1_357' title='bbox 2905 1623 3274 1680; x_wconf 87' lang='lat' dir='ltr'><strong>ceeciderunt</strong></span> <span class='ocrx_word' id='word_1_358' title='bbox 3297 1625 3753 1693; x_wconf 89' lang='lat' dir='ltr'><strong>severitatem,in</strong></span> <span class='ocrx_word' id='word_1_359' title='bbox 3769 1631 3829 1682; x_wconf 84' lang='lat' dir='ltr'><strong>te</strong></span> 
     </span>
    </p>
   </div>
   <div class='ocr_carea' id='block_1_48' title="bbox 2173 1711 3827 1787">
    <p class='ocr_par' dir='ltr' id='par_1_48' title="bbox 2173 1711 3827 1787">
     <span class='ocr_line' id='line_1_48' title="bbox 2173 1711 3827 1787; baseline 0.003 -21"><span class='ocrx_word' id='word_1_360' title='bbox 2173 1717 2369 1768; x_wconf 90' lang='lat' dir='ltr'><strong>autem</strong></span> <span class='ocrx_word' id='word_1_361' title='bbox 2402 1712 2742 1768; x_wconf 83' lang='lat' dir='ltr'><strong>bonitatem.</strong></span> <span class='ocrx_word' id='word_1_362' title='bbox 2775 1711 2835 1768; x_wconf 90' lang='lat' dir='ltr'><strong>Si</strong></span> <span class='ocrx_word' id='word_1_363' title='bbox 2865 1711 3022 1768; x_wconf 90' lang='lat' dir='ltr'><strong>enim</strong></span> <span class='ocrx_word' id='word_1_364' title='bbox 3056 1730 3171 1768; x_wconf 91' lang='lat' dir='ltr'><strong>non</strong></span> <span class='ocrx_word' id='word_1_365' title='bbox 3218 1712 3586 1784; x_wconf 88' lang='lat' dir='ltr'><strong>cecidissent,</strong></span> <span class='ocrx_word' id='word_1_366' title='bbox 3617 1715 3827 1787; x_wconf 86' lang='lat' dir='ltr'><strong>utique</strong></span> 
     </span>
    </p>
   </div>
   <div class='ocr_carea' id='block_1_49' title="bbox 2173 1801 3828 1876">
    <p class='ocr_par' dir='ltr' id='par_1_49' title="bbox 2173 1801 3828 1876">
     <span class='ocr_line' id='line_1_49' title="bbox 2173 1801 3828 1876; baseline 0.001 -20"><span class='ocrx_word' id='word_1_367' title='bbox 2173 1804 2476 1857; x_wconf 87' lang='lat' dir='ltr'><strong>uterentur</strong></span> <span class='ocrx_word' id='word_1_368' title='bbox 2503 1805 2561 1856; x_wconf 91' lang='lat' dir='ltr'><strong>et</strong></span> <span class='ocrx_word' id='word_1_369' title='bbox 2590 1801 2699 1873; x_wconf 91' lang='lat' dir='ltr'><strong>ipsi</strong></span> <span class='ocrx_word' id='word_1_370' title='bbox 2734 1801 2833 1856; x_wconf 89' lang='lat' dir='ltr'><strong>Dei</strong></span> <span class='ocrx_word' id='word_1_371' title='bbox 2866 1801 3182 1857; x_wconf 90' lang='lat' dir='ltr'><strong>bonitate.»</strong></span> <span class='ocrx_word' id='word_1_372' title='bbox 3206 1802 3276 1857; x_wconf 89' lang='lat' dir='ltr'><strong>Et</strong></span> <span class='ocrx_word' id='word_1_373' title='bbox 3292 1807 3530 1858; x_wconf 88' lang='lat' dir='ltr'><strong>sanctus</strong></span> <span class='ocrx_word' id='word_1_374' title='bbox 3549 1803 3828 1876; x_wconf 86' lang='lat' dir='ltr'><strong>Augusti-</strong></span> 
     </span>
    </p>
   </div>
   <div class='ocr_carea' id='block_1_50' title="bbox 2173 1888 3819 1962">
    <p class='ocr_par' dir='ltr' id='par_1_50' title="bbox 2173 1888 3819 1962">
     <span class='ocr_line' id='line_1_50' title="bbox 2173 1888 3819 1962; baseline 0.002 -17"><span class='ocrx_word' id='word_1_375' title='bbox 2173 1907 2285 1945; x_wconf 89' lang='lat' dir='ltr'><strong>nus</strong></span> <span class='ocrx_word' id='word_1_376' title='bbox 2315 1889 2374 1944; x_wconf 91' lang='lat' dir='ltr'><strong>in</strong></span> <span class='ocrx_word' id='word_1_377' title='bbox 2405 1888 2553 1944; x_wconf 89' lang='lat' dir='ltr'><strong>libro</strong></span> <span class='ocrx_word' id='word_1_378' title='bbox 2583 1889 2808 1946; x_wconf 90' lang='lat' dir='ltr'><strong>decimo</strong></span> <span class='ocrx_word' id='word_1_379' title='bbox 2840 1890 3010 1945; x_wconf 87' lang='lat' dir='ltr'><strong>tertio</strong></span> <span class='ocrx_word' id='word_1_380' title='bbox 3062 1890 3200 1962; x_wconf 87' lang='lat' dir='ltr'><strong>(cap.</strong></span> <span class='ocrx_word' id='word_1_381' title='bbox 3236 1892 3324 1960; x_wconf 88' lang='lat'><strong>12)</strong></span> <span class='ocrx_word' id='word_1_382' title='bbox 3362 1891 3433 1947; x_wconf 92' lang='lat' dir='ltr'><strong>de</strong></span> <span class='ocrx_word' id='word_1_383' title='bbox 3483 1891 3773 1948; x_wconf 85' lang='lat' dir='ltr'><strong>Trinitate</strong></span> <span class='ocrx_word' id='word_1_384' title='bbox 3803 1909 3819 1948; x_wconf 87' lang='lat'><strong>:</strong></span> 
     </span>
    </p>
   </div>
   <div class='ocr_carea' id='block_1_51' title="bbox 2172 1977 3822 2052">
    <p class='ocr_par' dir='ltr' id='par_1_51' title="bbox 2172 1977 3822 2052">
     <span class='ocr_line' id='line_1_51' title="bbox 2172 1977 3822 2052; baseline 0.005 -24"><span class='ocrx_word' id='word_1_385' title='bbox 2172 2001 2199 2028; x_wconf 88' lang='grc'><strong><em>‹‹</em></strong></span> <span class='ocrx_word' id='word_1_386' title='bbox 2235 1978 2496 2044; x_wconf 88' lang='lat' dir='ltr'><strong>Quadam</strong></span> <span class='ocrx_word' id='word_1_387' title='bbox 2519 1977 2757 2049; x_wconf 90' lang='lat' dir='ltr'><strong>justitia</strong></span> <span class='ocrx_word' id='word_1_388' title='bbox 2785 1977 3190 2051; x_wconf 88' lang='lat' dir='ltr'><strong>Dei,inquit,in</strong></span> <span class='ocrx_word' id='word_1_389' title='bbox 3223 1984 3567 2052; x_wconf 89' lang='lat' dir='ltr'><strong>potestatem</strong></span> <span class='ocrx_word' id='word_1_390' title='bbox 3598 1980 3822 2036; x_wconf 86' lang='lat' dir='ltr'><strong>diaboli</strong></span> 
     </span>
    </p>
   </div>
   <div class='ocr_carea' id='block_1_52' title="bbox 2169 2067 3818 2140">
    <p class='ocr_par' dir='ltr' id='par_1_52' title="bbox 2169 2067 3818 2140">
     <span class='ocr_line' id='line_1_52' title="bbox 2169 2067 3818 2140; baseline 0.001 -19"><span class='ocrx_word' id='word_1_391' title='bbox 2169 2067 2450 2122; x_wconf 88' lang='lat' dir='ltr'><strong>traditum</strong></span> <span class='ocrx_word' id='word_1_392' title='bbox 2466 2072 2554 2122; x_wconf 86' lang='lat' dir='ltr'><strong>est</strong></span> <span class='ocrx_word' id='word_1_393' title='bbox 2563 2083 2749 2138; x_wconf 86' lang='lat' dir='ltr'><strong>genus</strong></span> <span class='ocrx_word' id='word_1_394' title='bbox 2761 2067 3087 2122; x_wconf 89' lang='lat' dir='ltr'><strong>humanum</strong></span> <span class='ocrx_word' id='word_1_395' title='bbox 3103 2071 3336 2140; x_wconf 87' lang='lat' dir='ltr'><strong>peccato</strong></span> <span class='ocrx_word' id='word_1_396' title='bbox 3350 2067 3520 2140; x_wconf 91' lang='lat' dir='ltr'><strong>primi</strong></span> <span class='ocrx_word' id='word_1_397' title='bbox 3537 2067 3818 2137; x_wconf 85' lang='lat' dir='ltr'><strong>hominis,</strong></span> 
     </span>
    </p>
   </div>
   <div class='ocr_carea' id='block_1_53' title="bbox 2169 2155 3822 2228">
    <p class='ocr_par' dir='ltr' id='par_1_53' title="bbox 2169 2155 3822 2228">
     <span class='ocr_line' id='line_1_53' title="bbox 2169 2155 3822 2228; baseline 0.002 -18"><span class='ocrx_word' id='word_1_398' title='bbox 2169 2156 2228 2210; x_wconf 90' lang='lat' dir='ltr'><strong>in</strong></span> <span class='ocrx_word' id='word_1_399' title='bbox 2261 2172 2466 2212; x_wconf 89' lang='lat' dir='ltr'><strong>omnes</strong></span> <span class='ocrx_word' id='word_1_400' title='bbox 2496 2156 2807 2228; x_wconf 89' lang='lat' dir='ltr'><strong>utriusque</strong></span> <span class='ocrx_word' id='word_1_401' title='bbox 2838 2173 3011 2212; x_wconf 86' lang='lat' dir='ltr'><strong>sexus</strong></span> <span class='ocrx_word' id='word_1_402' title='bbox 3058 2155 3464 2212; x_wconf 90' lang='lat' dir='ltr'><strong>commistione</strong></span> <span class='ocrx_word' id='word_1_403' title='bbox 3510 2161 3822 2213; x_wconf 84' lang='lat' dir='ltr'><strong>nascentes</strong></span> 
     </span>
    </p>
   </div>
   <div class='ocr_carea' id='block_1_54' title="bbox 2170 2243 3818 2318">
    <p class='ocr_par' dir='ltr' id='par_1_54' title="bbox 2170 2243 3818 2318">
     <span class='ocr_line' id='line_1_54' title="bbox 2170 2243 3818 2318; baseline 0 -18"><span class='ocrx_word' id='word_1_404' title='bbox 2170 2243 2904 2318; x_wconf 82' lang='lat' dir='ltr'><strong>originalitertranseunte,</strong></span> <span class='ocrx_word' id='word_1_405' title='bbox 2923 2250 2980 2301; x_wconf 88' lang='lat' dir='ltr'><strong>et</strong></span> <span class='ocrx_word' id='word_1_406' title='bbox 2991 2249 3298 2317; x_wconf 90' lang='lat' dir='ltr'><strong>parentum</strong></span> <span class='ocrx_word' id='word_1_407' title='bbox 3313 2245 3634 2318; x_wconf 89' lang='lat' dir='ltr'><strong>primorum</strong></span> <span class='ocrx_word' id='word_1_408' title='bbox 3650 2245 3818 2301; x_wconf 87' lang='lat' dir='ltr'><strong>debi-</strong></span> 
     </span>
    </p>
   </div>
   <div class='ocr_carea' id='block_1_55' title="bbox 2171 2333 3820 2406">
    <p class='ocr_par' dir='ltr' id='par_1_55' title="bbox 2171 2333 3820 2406">
     <span class='ocr_line' id='line_1_55' title="bbox 2171 2333 3820 2406; baseline 0.001 -18"><span class='ocrx_word' id='word_1_409' title='bbox 2171 2337 2230 2388; x_wconf 91' lang='lat' dir='ltr'><strong>to</strong></span> <span class='ocrx_word' id='word_1_410' title='bbox 2244 2333 2546 2387; x_wconf 85' lang='lat' dir='ltr'><strong>universos</strong></span> <span class='ocrx_word' id='word_1_411' title='bbox 2561 2337 2828 2405; x_wconf 87' lang='lat' dir='ltr'><strong>posteros</strong></span> <span class='ocrx_word' id='word_1_412' title='bbox 2840 2333 3294 2406; x_wconf 73' lang='lat' dir='ltr'><strong>obligante.Ha3c</strong></span> <span class='ocrx_word' id='word_1_413' title='bbox 3316 2333 3548 2389; x_wconf 90' lang='lat' dir='ltr'><strong>traditio</strong></span> <span class='ocrx_word' id='word_1_414' title='bbox 3562 2334 3724 2405; x_wconf 89' lang='lat' dir='ltr'><strong>prius</strong></span> <span class='ocrx_word' id='word_1_415' title='bbox 3755 2334 3820 2390; x_wconf 89' lang='lat' dir='ltr'><strong>in</strong></span> 
     </span>
    </p>
   </div>
   <div class='ocr_carea' id='block_1_56' title="bbox 2167 2421 3824 2495">
    <p class='ocr_par' dir='ltr' id='par_1_56' title="bbox 2167 2421 3824 2495">
     <span class='ocr_line' id='line_1_56' title="bbox 2167 2421 3824 2495; baseline 0.001 -18"><span class='ocrx_word' id='word_1_416' title='bbox 2167 2421 2376 2477; x_wconf 89' lang='lat' dir='ltr'><strong>Genesi</strong></span> <span class='ocrx_word' id='word_1_417' title='bbox 2411 2421 2740 2495; x_wconf 83' lang='lat' dir='ltr'><strong>significata</strong></span> <span class='ocrx_word' id='word_1_418' title='bbox 2770 2422 2986 2477; x_wconf 91' lang='lat' dir='ltr'><strong>est:ubi</strong></span> <span class='ocrx_word' id='word_1_419' title='bbox 3006 2438 3138 2477; x_wconf 90' lang='lat' dir='ltr'><strong>cum</strong></span> <span class='ocrx_word' id='word_1_420' title='bbox 3161 2421 3383 2494; x_wconf 90' lang='lat' dir='ltr'><strong>serpnti</strong></span> <span class='ocrx_word' id='word_1_421' title='bbox 3409 2421 3632 2477; x_wconf 90' lang='lat' dir='ltr'><strong>dictum</strong></span> <span class='ocrx_word' id='word_1_422' title='bbox 3662 2426 3824 2478; x_wconf 74' lang='lat' dir='ltr'><strong>esset</strong></span> 
     </span>
    </p>
   </div>
   <div class='ocr_carea' id='block_1_57' title="bbox 2166 2509 3820 2576">
    <p class='ocr_par' dir='ltr' id='par_1_57' title="bbox 2166 2509 3820 2576">
     <span class='ocr_line' id='line_1_57' title="bbox 2166 2509 3820 2576; baseline 0 -10"><span class='ocrx_word' id='word_1_423' title='bbox 2166 2519 2368 2566; x_wconf 82' lang='lat' dir='ltr'><strong>terram</strong></span> <span class='ocrx_word' id='word_1_424' title='bbox 2393 2511 2774 2568; x_wconf 73' lang='lat' dir='ltr'><strong>manducabis.</strong></span> <span class='ocrx_word' id='word_1_425' title='bbox 2801 2509 3026 2565; x_wconf 88' lang='lat' dir='ltr'><strong>homini</strong></span> <span class='ocrx_word' id='word_1_426' title='bbox 3049 2511 3271 2566; x_wconf 88' lang='lat' dir='ltr'><strong>dictum</strong></span> <span class='ocrx_word' id='word_1_427' title='bbox 3293 2519 3438 2566; x_wconf 88' lang='lat' dir='ltr'><strong>terra</strong></span> <span class='ocrx_word' id='word_1_428' title='bbox 3457 2527 3534 2576; x_wconf 75' lang='lat' dir='ltr'><strong>es,</strong></span> <span class='ocrx_word' id='word_1_429' title='bbox 3556 2513 3686 2567; x_wconf 85' lang='lat' dir='ltr'><strong>etin</strong></span> <span class='ocrx_word' id='word_1_430' title='bbox 3714 2519 3820 2567; x_wconf 84' lang='lat' dir='ltr'><strong>ter-</strong></span> 
     </span>
    </p>
   </div>
   <div class='ocr_carea' id='block_1_58' title="bbox 2164 2599 3821 2672">
    <p class='ocr_par' dir='ltr' id='par_1_58' title="bbox 2164 2599 3821 2672">
     <span class='ocr_line' id='line_1_58' title="bbox 2164 2599 3821 2672; baseline 0.001 -18"><span class='ocrx_word' id='word_1_431' title='bbox 2164 2615 2286 2654; x_wconf 86' lang='lat' dir='ltr'><strong>ram</strong></span> <span class='ocrx_word' id='word_1_432' title='bbox 2305 2599 2415 2654; x_wconf 77' lang='lat' dir='ltr'><strong>ibis</strong></span> <span class='ocrx_word' id='word_1_433' title='bbox 2447 2599 2597 2672; x_wconf 80' lang='lat' dir='ltr'><strong>(Gen.</strong></span> <span class='ocrx_word' id='word_1_434' title='bbox 2621 2617 2704 2662; x_wconf 83' lang='grc' dir='ltr'><strong>ιιι,</strong></span> <span class='ocrx_word' id='word_1_435' title='bbox 2727 2599 2942 2665; x_wconf 68' lang='lat'><strong>14,19).</strong></span> <span class='ocrx_word' id='word_1_436' title='bbox 2985 2599 3048 2653; x_wconf 93' lang='lat' dir='ltr'><strong>ln</strong></span> <span class='ocrx_word' id='word_1_437' title='bbox 3079 2615 3145 2654; x_wconf 91' lang='lat' dir='ltr'><strong>eo</strong></span> <span class='ocrx_word' id='word_1_438' title='bbox 3175 2599 3327 2670; x_wconf 89' lang='lat' dir='ltr'><strong>quod</strong></span> <span class='ocrx_word' id='word_1_439' title='bbox 3360 2599 3580 2654; x_wconf 88' lang='lat' dir='ltr'><strong>dictum</strong></span> <span class='ocrx_word' id='word_1_440' title='bbox 3611 2604 3718 2662; x_wconf 87' lang='lat' dir='ltr'><strong>est.</strong></span> <span class='ocrx_word' id='word_1_441' title='bbox 3755 2602 3821 2656; x_wconf 82' lang='lat' dir='ltr'><strong>in</strong></span> 
     </span>
    </p>
   </div>
   <div class='ocr_carea' id='block_1_59' title="bbox 2164 2686 3819 2760">
    <p class='ocr_par' dir='ltr' id='par_1_59' title="bbox 2164 2686 3819 2760">
     <span class='ocr_line' id='line_1_59' title="bbox 2164 2686 3819 2760; baseline 0 -16"><span class='ocrx_word' id='word_1_442' title='bbox 2164 2696 2368 2744; x_wconf 77' lang='lat' dir='ltr'><strong>terram</strong></span> <span class='ocrx_word' id='word_1_443' title='bbox 2398 2689 2692 2751; x_wconf 80' lang='lat' dir='ltr'><strong>ibis,mors</strong></span> <span class='ocrx_word' id='word_1_444' title='bbox 2722 2686 2980 2760; x_wconf 88' lang='lat' dir='ltr'><strong>corporis</strong></span> <span class='ocrx_word' id='word_1_445' title='bbox 3012 2687 3404 2760; x_wconf 83' lang='lat' dir='ltr'><strong>pramuntiata</strong></span> <span class='ocrx_word' id='word_1_446' title='bbox 3432 2688 3683 2760; x_wconf 89' lang='lat' dir='ltr'><strong>est,quia</strong></span> <span class='ocrx_word' id='word_1_447' title='bbox 3705 2706 3819 2744; x_wconf 83' lang='lat' dir='ltr'><strong>nec</strong></span> 
     </span>
    </p>
   </div>
   <div class='ocr_carea' id='block_1_60' title="bbox 2165 2775 3819 2849">
    <p class='ocr_par' dir='ltr' id='par_1_60' title="bbox 2165 2775 3819 2849">
     <span class='ocr_line' id='line_1_60' title="bbox 2165 2775 3819 2849; baseline 0.002 -19"><span class='ocrx_word' id='word_1_448' title='bbox 2165 2776 2354 2849; x_wconf 90' lang='lat' dir='ltr'><strong>ipsam</strong></span> <span class='ocrx_word' id='word_1_449' title='bbox 2374 2775 2989 2848; x_wconf 84' lang='lat' dir='ltr'><strong>fueratexperturus,si</strong></span> <span class='ocrx_word' id='word_1_450' title='bbox 3008 2775 3430 2848; x_wconf 80' lang='lat' dir='ltr'><strong>permansisset</strong></span> <span class='ocrx_word' id='word_1_451' title='bbox 3452 2781 3514 2832; x_wconf 93' lang='lat' dir='ltr'><strong>ut</strong></span> <span class='ocrx_word' id='word_1_452' title='bbox 3526 2778 3711 2832; x_wconf 87' lang='lat' dir='ltr'><strong>fuerat</strong></span> <span class='ocrx_word' id='word_1_453' title='bbox 3730 2794 3819 2834; x_wconf 87' lang='lat' dir='ltr'><strong>re-</strong></span> 
     </span>
    </p>
   </div>
   <div class='ocr_carea' id='block_1_61' title="bbox 2164 2863 3821 2937">
    <p class='ocr_par' dir='ltr' id='par_1_61' title="bbox 2164 2863 3821 2937">
     <span class='ocr_line' id='line_1_61' title="bbox 2164 2863 3821 2937; baseline 0.002 -16"><span class='ocrx_word' id='word_1_454' title='bbox 2164 2870 2315 2921; x_wconf 90' lang='lat' dir='ltr'><strong>ctus.</strong></span> <span class='ocrx_word' id='word_1_455' title='bbox 2336 2887 2363 2914; x_wconf 92' lang='lat'><strong>»</strong></span> <span class='ocrx_word' id='word_1_456' title='bbox 2378 2865 2448 2920; x_wconf 90' lang='lat' dir='ltr'><strong>Et</strong></span> <span class='ocrx_word' id='word_1_457' title='bbox 2459 2863 2894 2937; x_wconf 67' lang='lat' dir='ltr'><strong>paulos’nferius</strong></span> <span class='ocrx_word' id='word_1_458' title='bbox 2909 2882 2923 2920; x_wconf 90' lang='lat'><strong>:</strong></span> <span class='ocrx_word' id='word_1_459' title='bbox 2940 2888 2968 2914; x_wconf 84' lang='lat'><strong><em>«</em></strong></span> <span class='ocrx_word' id='word_1_460' title='bbox 2981 2865 3214 2920; x_wconf 74' lang='lat' dir='ltr'><strong>Eramu:</strong></span> <span class='ocrx_word' id='word_1_461' title='bbox 3224 2873 3425 2921; x_wconf 84' lang='lat' dir='ltr'><strong>natura</strong></span> <span class='ocrx_word' id='word_1_462' title='bbox 3437 2866 3548 2936; x_wconf 74' lang='lat' dir='ltr'><strong>ﬁlii</strong></span> <span class='ocrx_word' id='word_1_463' title='bbox 3558 2867 3821 2924; x_wconf 71' lang='lat' dir='ltr'><strong>irazsicut</strong></span> 
     </span>
    </p>
   </div>
   <div class='ocr_carea' id='block_1_62' title="bbox 2161 2951 3817 3026">
    <p class='ocr_par' dir='ltr' id='par_1_62' title="bbox 2161 2951 3817 3026">
     <span class='ocr_line' id='line_1_62' title="bbox 2161 2951 3817 3026; baseline 0.001 -16"><span class='ocrx_word' id='word_1_464' title='bbox 2161 2961 2214 3010; x_wconf 91' lang='lat' dir='ltr'><strong>et</strong></span> <span class='ocrx_word' id='word_1_465' title='bbox 2239 2955 2418 3010; x_wconf 75' lang='lat' dir='ltr'><strong>cceteri</strong></span> <span class='ocrx_word' id='word_1_466' title='bbox 2449 2953 2664 3026; x_wconf 79' lang='lat' dir='ltr'><strong>(Ephes.</strong></span> <span class='ocrx_word' id='word_1_467' title='bbox 2681 2969 2742 3020; x_wconf 84' lang='grc' dir='ltr'><strong>ιι,</strong></span> <span class='ocrx_word' id='word_1_468' title='bbox 2762 2951 2842 3024; x_wconf 72' lang='lat'><strong>&#39;3).</strong></span> <span class='ocrx_word' id='word_1_469' title='bbox 2871 2952 3151 3020; x_wconf 87' lang='lat' dir='ltr'><strong>Quocirca</strong></span> <span class='ocrx_word' id='word_1_470' title='bbox 3178 2969 3382 3010; x_wconf 89' lang='lat' dir='ltr'><strong>omnes</strong></span> <span class='ocrx_word' id='word_1_471' title='bbox 3412 2955 3515 3010; x_wconf 73' lang='grc' dir='ltr'><strong>ω</strong></span> <span class='ocrx_word' id='word_1_472' title='bbox 3544 2952 3817 3012; x_wconf 86' lang='lat' dir='ltr'><strong>homines</strong></span> 
     </span>
    </p>
   </div>
   <div class='ocr_carea' id='block_1_63' title="bbox 2161 3041 3816 3116">
    <p class='ocr_par' dir='ltr' id='par_1_63' title="bbox 2161 3041 3816 3116">
     <span class='ocr_line' id='line_1_63' title="bbox 2161 3041 3816 3116; baseline 0 -18"><span class='ocrx_word' id='word_1_473' title='bbox 2161 3043 2234 3098; x_wconf 89' lang='lat' dir='ltr'><strong>ab</strong></span> <span class='ocrx_word' id='word_1_474' title='bbox 2279 3041 2501 3116; x_wconf 86' lang='lat' dir='ltr'><strong>origine</strong></span> <span class='ocrx_word' id='word_1_475' title='bbox 2545 3042 2657 3098; x_wconf 88' lang='lat' dir='ltr'><strong>sub</strong></span> <span class='ocrx_word' id='word_1_476' title='bbox 2688 3041 2952 3115; x_wconf 88' lang='lat' dir='ltr'><strong>principe</strong></span> <span class='ocrx_word' id='word_1_477' title='bbox 3002 3047 3142 3098; x_wconf 89' lang='lat' dir='ltr'><strong>sunt</strong></span> <span class='ocrx_word' id='word_1_478' title='bbox 3171 3041 3477 3114; x_wconf 86' lang='lat' dir='ltr'><strong>potestatis</strong></span> <span class='ocrx_word' id='word_1_479' title='bbox 3505 3042 3676 3110; x_wconf 89' lang='lat' dir='ltr'><strong>aeris,</strong></span> <span class='ocrx_word' id='word_1_480' title='bbox 3709 3044 3816 3116; x_wconf 89' lang='lat' dir='ltr'><strong>qui</strong></span> 
     </span>
    </p>
   </div>
   <div class='ocr_carea' id='block_1_64' title="bbox 2162 3129 3815 3204">
    <p class='ocr_par' dir='ltr' id='par_1_64' title="bbox 2162 3129 3815 3204">
     <span class='ocr_line' id='line_1_64' title="bbox 2162 3129 3815 3204; baseline -0.001 -16"><span class='ocrx_word' id='word_1_481' title='bbox 2162 3136 2438 3204; x_wconf 90' lang='lat' dir='ltr'><strong>operatur</strong></span> <span class='ocrx_word' id='word_1_482' title='bbox 2466 3132 2525 3186; x_wconf 93' lang='lat' dir='ltr'><strong>in</strong></span> <span class='ocrx_word' id='word_1_483' title='bbox 2562 3131 2641 3186; x_wconf 81' lang='lat' dir='ltr'><strong>fili</strong></span> <span class='ocrx_word' id='word_1_484' title='bbox 2652 3131 2700 3187; x_wconf 91' lang='lat' dir='ltr'><strong>is</strong></span> <span class='ocrx_word' id='word_1_485' title='bbox 2717 3129 3154 3186; x_wconf 63' lang='lat' dir='ltr'><strong>diffidentiaeEt</strong></span> <span class='ocrx_word' id='word_1_486' title='bbox 3169 3131 3322 3204; x_wconf 87' lang='lat' dir='ltr'><strong>quod</strong></span> <span class='ocrx_word' id='word_1_487' title='bbox 3346 3131 3462 3186; x_wconf 85' lang='lat' dir='ltr'><strong>dixi</strong></span> <span class='ocrx_word' id='word_1_488' title='bbox 3482 3131 3555 3187; x_wconf 90' lang='lat' dir='ltr'><strong>ab</strong></span> <span class='ocrx_word' id='word_1_489' title='bbox 3567 3131 3815 3204; x_wconf 86' lang='lat' dir='ltr'><strong>origine,</strong></span> 
     </span>
    </p>
   </div>
   <div class='ocr_carea' id='block_1_65' title="bbox 409 3202 3820 3292">
    <p class='ocr_par' dir='ltr' id='par_1_65' title="bbox 409 3202 3820 3292">
     <span class='ocr_line' id='line_1_65' title="bbox 409 3202 3820 3292; baseline 0.001 -19"><span class='ocrx_word' id='word_1_490' title='bbox 409 3219 611 3273; x_wconf 87' lang='lat' dir='ltr'><strong>teread</strong></span> <span class='ocrx_word' id='word_1_491' title='bbox 627 3219 1013 3274; x_wconf 69' lang='lat' dir='ltr'><strong>azternitatem</strong></span> <span class='ocrx_word' id='word_1_492' title='bbox 1028 3219 1371 3287; x_wconf 89' lang='lat' dir='ltr'><strong>voluit,eam</strong></span> <span class='ocrx_word' id='word_1_493' title='bbox 1388 3202 1781 3292; x_wconf 70' lang='lat' dir='ltr'><strong>proculdubio</strong></span> <span class='ocrx_word' id='word_1_494' title='bbox 1795 3225 1864 3278; x_wconf 87' lang='lat' dir='ltr'><strong>ad</strong></span> <span class='ocrx_word' id='word_1_495' title='bbox 1881 3241 2049 3280; x_wconf 89' lang='lat' dir='ltr'><strong>suam</strong></span> <span class='ocrx_word' id='word_1_496' title='bbox 2081 3202 2124 3270; x_wconf 61' lang='grc' dir='ltr'><strong>(ἶ</strong></span> <span class='ocrx_word' id='word_1_497' title='bbox 2165 3202 2272 3276; x_wconf 77' lang='lat' dir='ltr'><strong>hoc</strong></span> <span class='ocrx_word' id='word_1_498' title='bbox 2302 3224 2411 3287; x_wconf 90' lang='lat' dir='ltr'><strong>est,</strong></span> <span class='ocrx_word' id='word_1_499' title='bbox 2445 3219 2600 3292; x_wconf 91' lang='lat' dir='ltr'><strong>quod</strong></span> <span class='ocrx_word' id='word_1_500' title='bbox 2639 3219 2782 3274; x_wconf 90' lang='lat' dir='ltr'><strong>dicit</strong></span> <span class='ocrx_word' id='word_1_501' title='bbox 2814 3219 3127 3292; x_wconf 86' lang='lat' dir='ltr'><strong>Apostolus</strong></span> <span class='ocrx_word' id='word_1_502' title='bbox 3157 3202 3386 3287; x_wconf 78' lang='lat' dir='ltr'><strong>natura,</strong></span> <span class='ocrx_word' id='word_1_503' title='bbox 3419 3227 3477 3275; x_wconf 91' lang='lat' dir='ltr'><strong>et</strong></span> <span class='ocrx_word' id='word_1_504' title='bbox 3521 3235 3584 3276; x_wconf 89' lang='lat' dir='ltr'><strong>se</strong></span> <span class='ocrx_word' id='word_1_505' title='bbox 3631 3202 3820 3276; x_wconf 82' lang='lat' dir='ltr'><strong>fuisse</strong></span> 
     </span>
    </p>
   </div>
   <div class='ocr_carea' id='block_1_66' title="bbox 409 3305 2057 3385">
    <p class='ocr_par' dir='ltr' id='par_1_66' title="bbox 409 3305 2057 3385">
     <span class='ocr_line' id='line_1_66' title="bbox 409 3305 2057 3385; baseline 0.005 -25"><span class='ocrx_word' id='word_1_506' title='bbox 409 3305 855 3360; x_wconf 86' lang='lat' dir='ltr'><strong>similitudinem</strong></span> <span class='ocrx_word' id='word_1_507' title='bbox 889 3307 1158 3362; x_wconf 90' lang='lat' dir='ltr'><strong>creavit.»</strong></span> <span class='ocrx_word' id='word_1_508' title='bbox 1183 3307 1243 3362; x_wconf 86' lang='lat' dir='ltr'><strong>In</strong></span> <span class='ocrx_word' id='word_1_509' title='bbox 1269 3325 1385 3379; x_wconf 91' lang='lat' dir='ltr'><strong>qua</strong></span> <span class='ocrx_word' id='word_1_510' title='bbox 1405 3309 1726 3364; x_wconf 55' lang='lat' dir='ltr'><strong>aeternitate</strong></span> <span class='ocrx_word' id='word_1_511' title='bbox 1745 3311 1917 3366; x_wconf 90' lang='lat' dir='ltr'><strong>homo</strong></span> <span class='ocrx_word' id='word_1_512' title='bbox 1930 3331 2057 3385; x_wconf 47' lang='lat' dir='ltr'><strong>per:</strong></span> 
     </span>
    </p>
   </div>
   <div class='ocr_carea' id='block_1_67' title="bbox 409 3393 2054 3468">
    <p class='ocr_par' dir='ltr' id='par_1_67' title="bbox 409 3393 2054 3468">
     <span class='ocr_line' id='line_1_67' title="bbox 409 3393 2054 3468; baseline 0.006 -20"><span class='ocrx_word' id='word_1_513' title='bbox 409 3393 746 3462; x_wconf 89' lang='lat' dir='ltr'><strong>mansisset,</strong></span> <span class='ocrx_word' id='word_1_514' title='bbox 769 3393 818 3448; x_wconf 88' lang='lat' dir='ltr'><strong>si</strong></span> <span class='ocrx_word' id='word_1_515' title='bbox 841 3393 896 3448; x_wconf 92' lang='lat' dir='ltr'><strong>in</strong></span> <span class='ocrx_word' id='word_1_516' title='bbox 923 3395 1229 3450; x_wconf 85' lang='lat' dir='ltr'><strong>sanctitate</strong></span> <span class='ocrx_word' id='word_1_517' title='bbox 1242 3396 1488 3466; x_wconf 67' lang='lat' dir='ltr'><strong>justitia:</strong></span> <span class='ocrx_word' id='word_1_518' title='bbox 1509 3397 1880 3468; x_wconf 85' lang='lat' dir='ltr'><strong>perstitisset,</strong></span> <span class='ocrx_word' id='word_1_519' title='bbox 1901 3401 2054 3458; x_wconf 89' lang='lat' dir='ltr'><strong>sicut</strong></span> 
     </span>
    </p>
   </div>
   <div class='ocr_carea' id='block_1_68' title="bbox 409 3483 2052 3562">
    <p class='ocr_par' dir='ltr' id='par_1_68' title="bbox 409 3483 2052 3562">
     <span class='ocr_line' id='line_1_68' title="bbox 409 3483 2052 3562; baseline 0.007 -26"><span class='ocrx_word' id='word_1_520' title='bbox 409 3487 648 3537; x_wconf 88' lang='lat' dir='ltr'><strong>sanctus</strong></span> <span class='ocrx_word' id='word_1_521' title='bbox 668 3483 1031 3554; x_wconf 83' lang='lat' dir='ltr'><strong>Augustinus</strong></span> <span class='ocrx_word' id='word_1_522' title='bbox 1062 3483 1118 3538; x_wconf 91' lang='lat' dir='ltr'><strong>in</strong></span> <span class='ocrx_word' id='word_1_523' title='bbox 1143 3485 1378 3556; x_wconf 77' lang='lat' dir='ltr'><strong>przefato</strong></span> <span class='ocrx_word' id='word_1_524' title='bbox 1402 3484 1550 3540; x_wconf 88' lang='lat' dir='ltr'><strong>libro</strong></span> <span class='ocrx_word' id='word_1_525' title='bbox 1581 3487 1652 3542; x_wconf 89' lang='lat' dir='ltr'><strong>de</strong></span> <span class='ocrx_word' id='word_1_526' title='bbox 1681 3490 2052 3562; x_wconf 86' lang='lat' dir='ltr'><strong>Correptioue</strong></span> 
     </span>
    </p>
   </div>
   <div class='ocr_carea' id='block_1_69' title="bbox 407 3570 2052 3648">
    <p class='ocr_par' dir='ltr' id='par_1_69' title="bbox 407 3570 2052 3648">
     <span class='ocr_line' id='line_1_69' title="bbox 407 3570 2052 3648; baseline 0.007 -23"><span class='ocrx_word' id='word_1_527' title='bbox 407 3575 467 3625; x_wconf 91' lang='lat' dir='ltr'><strong>et</strong></span> <span class='ocrx_word' id='word_1_528' title='bbox 488 3570 844 3644; x_wconf 86' lang='lat' dir='ltr'><strong>Gratia(cap.</strong></span> <span class='ocrx_word' id='word_1_529' title='bbox 880 3573 969 3639; x_wconf 91' lang='lat'><strong>10)</strong></span> <span class='ocrx_word' id='word_1_530' title='bbox 1003 3587 1016 3626; x_wconf 90' lang='lat'><strong>:</strong></span> <span class='ocrx_word' id='word_1_531' title='bbox 1059 3595 1086 3622; x_wconf 79' lang='grc' dir='ltr'>α</span> <span class='ocrx_word' id='word_1_532' title='bbox 1121 3573 1180 3626; x_wconf 91' lang='lat' dir='ltr'><strong>In</strong></span> <span class='ocrx_word' id='word_1_533' title='bbox 1205 3590 1322 3646; x_wconf 92' lang='lat' dir='ltr'><strong>quo</strong></span> <span class='ocrx_word' id='word_1_534' title='bbox 1345 3577 1522 3644; x_wconf 88' lang='lat' dir='ltr'><strong>statu,</strong></span> <span class='ocrx_word' id='word_1_535' title='bbox 1557 3575 1768 3648; x_wconf 90' lang='lat' dir='ltr'><strong>inquit,</strong></span> <span class='ocrx_word' id='word_1_536' title='bbox 1801 3583 1954 3634; x_wconf 90' lang='lat' dir='ltr'><strong>recto</strong></span> <span class='ocrx_word' id='word_1_537' title='bbox 1985 3597 2052 3637; x_wconf 90' lang='lat' dir='ltr'><strong>ae</strong></span> 
     </span>
    </p>
   </div>
   <div class='ocr_carea' id='block_1_70' title="bbox 409 3658 2054 3732">
    <p class='ocr_par' dir='ltr' id='par_1_70' title="bbox 409 3658 2054 3732">
     <span class='ocr_line' id='line_1_70' title="bbox 409 3658 2054 3732; baseline 0.006 -18"><span class='ocrx_word' id='word_1_538' title='bbox 409 3659 534 3715; x_wconf 86' lang='lat' dir='ltr'><strong>sine</strong></span> <span class='ocrx_word' id='word_1_539' title='bbox 553 3658 713 3726; x_wconf 88' lang='lat' dir='ltr'><strong>vitio,</strong></span> <span class='ocrx_word' id='word_1_540' title='bbox 735 3659 783 3714; x_wconf 89' lang='lat' dir='ltr'><strong>si</strong></span> <span class='ocrx_word' id='word_1_541' title='bbox 813 3677 916 3732; x_wconf 90' lang='lat' dir='ltr'><strong>per</strong></span> <span class='ocrx_word' id='word_1_542' title='bbox 936 3659 1128 3732; x_wconf 87' lang='lat' dir='ltr'><strong>ipsum</strong></span> <span class='ocrx_word' id='word_1_543' title='bbox 1154 3659 1401 3716; x_wconf 83' lang='lat' dir='ltr'><strong>liberum</strong></span> <span class='ocrx_word' id='word_1_544' title='bbox 1427 3663 1728 3720; x_wconf 89' lang='lat' dir='ltr'><strong>arbitrium</strong></span> <span class='ocrx_word' id='word_1_545' title='bbox 1751 3666 1922 3723; x_wconf 89' lang='lat' dir='ltr'><strong>homo</strong></span> <span class='ocrx_word' id='word_1_546' title='bbox 1937 3687 2054 3724; x_wconf 90' lang='lat' dir='ltr'><strong>ma-</strong></span> 
     </span>
    </p>
   </div>
   <div class='ocr_carea' id='block_1_71' title="bbox 410 3747 2056 3820">
    <p class='ocr_par' dir='ltr' id='par_1_71' title="bbox 410 3747 2056 3820">
     <span class='ocr_line' id='line_1_71' title="bbox 410 3747 2056 3820; baseline 0.005 -16"><span class='ocrx_word' id='word_1_547' title='bbox 410 3763 546 3804; x_wconf 89' lang='lat' dir='ltr'><strong>nere</strong></span> <span class='ocrx_word' id='word_1_548' title='bbox 575 3747 1137 3820; x_wconf 88' lang='lat' dir='ltr'><strong>voluisset,profecto</strong></span> <span class='ocrx_word' id='word_1_549' title='bbox 1169 3750 1295 3806; x_wconf 90' lang='lat' dir='ltr'><strong>sine</strong></span> <span class='ocrx_word' id='word_1_550' title='bbox 1316 3749 1435 3806; x_wconf 93' lang='lat' dir='ltr'><strong>ullo</strong></span> <span class='ocrx_word' id='word_1_551' title='bbox 1454 3753 1659 3808; x_wconf 91' lang='lat' dir='ltr'><strong>mortis</strong></span> <span class='ocrx_word' id='word_1_552' title='bbox 1677 3759 1734 3809; x_wconf 88' lang='lat' dir='ltr'><strong>et</strong></span> <span class='ocrx_word' id='word_1_553' title='bbox 1754 3754 2056 3812; x_wconf 86' lang='lat' dir='ltr'><strong>infelicita-</strong></span> 
     </span>
    </p>
   </div>
   <div class='ocr_carea' id='block_1_72' title="bbox 409 3836 2052 3915">
    <p class='ocr_par' dir='ltr' id='par_1_72' title="bbox 409 3836 2052 3915">
     <span class='ocr_line' id='line_1_72' title="bbox 409 3836 2052 3915; baseline 0.007 -24"><span class='ocrx_word' id='word_1_554' title='bbox 409 3837 486 3892; x_wconf 92' lang='lat' dir='ltr'><strong>tis</strong></span> <span class='ocrx_word' id='word_1_555' title='bbox 515 3836 932 3908; x_wconf 82' lang='lat' dir='ltr'><strong>experimento,</strong></span> <span class='ocrx_word' id='word_1_556' title='bbox 963 3839 1251 3910; x_wconf 90' lang='lat' dir='ltr'><strong>acciperet</strong></span> <span class='ocrx_word' id='word_1_557' title='bbox 1281 3837 1440 3895; x_wconf 90' lang='lat' dir='ltr'><strong>illam</strong></span> <span class='ocrx_word' id='word_1_558' title='bbox 1472 3841 1679 3898; x_wconf 89' lang='lat' dir='ltr'><strong>merito</strong></span> <span class='ocrx_word' id='word_1_559' title='bbox 1709 3841 2052 3915; x_wconf 89' lang='lat' dir='ltr'><strong>hujusmodi</strong></span> 
     </span>
    </p>
   </div>
   <div class='ocr_carea' id='block_1_73' title="bbox 409 3925 2056 4004">
    <p class='ocr_par' dir='ltr' id='par_1_73' title="bbox 409 3925 2056 4004">
     <span class='ocr_line' id='line_1_73' title="bbox 409 3925 2056 4004; baseline 0.007 -24"><span class='ocrx_word' id='word_1_560' title='bbox 409 3925 838 3997; x_wconf 88' lang='lat' dir='ltr'><strong>permansionis</strong></span> <span class='ocrx_word' id='word_1_561' title='bbox 854 3925 1231 3982; x_wconf 90' lang='lat' dir='ltr'><strong>beatitudinis</strong></span> <span class='ocrx_word' id='word_1_562' title='bbox 1245 3925 1813 4004; x_wconf 89' lang='lat' dir='ltr'><strong>plenitudinem,qua</strong></span> <span class='ocrx_word' id='word_1_563' title='bbox 1823 3937 1880 3989; x_wconf 89' lang='lat' dir='ltr'><strong>et</strong></span> <span class='ocrx_word' id='word_1_564' title='bbox 1891 3951 2056 3991; x_wconf 70' lang='lat' dir='ltr'><strong>sane:</strong></span> 
     </span>
    </p>
   </div>
   <div class='ocr_carea' id='block_1_74' title="bbox 407 4011 2051 4094">
    <p class='ocr_par' dir='ltr' id='par_1_74' title="bbox 407 4011 2051 4094">
     <span class='ocr_line' id='line_1_74' title="bbox 407 4011 2051 4094; baseline 0.007 -26"><span class='ocrx_word' id='word_1_565' title='bbox 407 4012 451 4068; x_wconf 87' lang='lat' dir='ltr'><strong>ti</strong></span> <span class='ocrx_word' id='word_1_566' title='bbox 474 4011 833 4085; x_wconf 77' lang='lat' dir='ltr'><strong>angelisunt</strong></span> <span class='ocrx_word' id='word_1_567' title='bbox 863 4014 1036 4076; x_wconf 86' lang='lat' dir='ltr'><strong>beati.</strong></span> <span class='ocrx_word' id='word_1_568' title='bbox 1067 4014 1124 4070; x_wconf 90' lang='lat' dir='ltr'><strong>id</strong></span> <span class='ocrx_word' id='word_1_569' title='bbox 1158 4021 1248 4071; x_wconf 91' lang='lat' dir='ltr'><strong>cst</strong></span> <span class='ocrx_word' id='word_1_570' title='bbox 1280 4020 1344 4072; x_wconf 91' lang='lat' dir='ltr'><strong>ut</strong></span> <span class='ocrx_word' id='word_1_571' title='bbox 1371 4018 1576 4074; x_wconf 86' lang='lat' dir='ltr'><strong>cadere</strong></span> <span class='ocrx_word' id='word_1_572' title='bbox 1599 4037 1714 4076; x_wconf 90' lang='lat' dir='ltr'><strong>non</strong></span> <span class='ocrx_word' id='word_1_573' title='bbox 1746 4029 1942 4094; x_wconf 90' lang='lat' dir='ltr'><strong>posset</strong></span> <span class='ocrx_word' id='word_1_574' title='bbox 1963 4025 2051 4080; x_wconf 84' lang='lat' dir='ltr'><strong>ul-</strong></span> 
     </span>
    </p>
   </div>
   <div class='ocr_carea' id='block_1_75' title="bbox 408 4101 2054 4188">
    <p class='ocr_par' dir='ltr' id='par_1_75' title="bbox 408 4101 2054 4188">
     <span class='ocr_line' id='line_1_75' title="bbox 408 4101 2054 4188; baseline 0.01 -32"><span class='ocrx_word' id='word_1_575' title='bbox 408 4101 612 4169; x_wconf 82' lang='lat' dir='ltr'><strong>terius,</strong></span> <span class='ocrx_word' id='word_1_576' title='bbox 635 4105 693 4158; x_wconf 90' lang='lat' dir='ltr'><strong>et</strong></span> <span class='ocrx_word' id='word_1_577' title='bbox 723 4101 832 4158; x_wconf 91' lang='lat' dir='ltr'><strong>hoc</strong></span> <span class='ocrx_word' id='word_1_578' title='bbox 863 4103 1188 4160; x_wconf 89' lang='lat' dir='ltr'><strong>certissime</strong></span> <span class='ocrx_word' id='word_1_579' title='bbox 1219 4105 1581 4181; x_wconf 74' lang='lat' dir='ltr'><strong>seiret.lNam</strong></span> <span class='ocrx_word' id='word_1_580' title='bbox 1613 4113 1906 4182; x_wconf 90' lang='lat' dir='ltr'><strong>quomodo</strong></span> <span class='ocrx_word' id='word_1_581' title='bbox 1931 4115 2054 4188; x_wconf 92' lang='lat' dir='ltr'><strong>ipse</strong></span> 
     </span>
    </p>
   </div>
   <div class='ocr_carea' id='block_1_76' title="bbox 409 4189 2061 4268">
    <p class='ocr_par' dir='ltr' id='par_1_76' title="bbox 409 4189 2061 4268">
     <span class='ocr_line' id='line_1_76' title="bbox 409 4189 2061 4268; baseline 0.01 -24"><span class='ocrx_word' id='word_1_582' title='bbox 409 4195 606 4264; x_wconf 89' lang='lat' dir='ltr'><strong>posset</strong></span> <span class='ocrx_word' id='word_1_583' title='bbox 633 4189 810 4246; x_wconf 89' lang='lat' dir='ltr'><strong>etiam</strong></span> <span class='ocrx_word' id='word_1_584' title='bbox 842 4190 900 4246; x_wconf 90' lang='lat' dir='ltr'><strong>in</strong></span> <span class='ocrx_word' id='word_1_585' title='bbox 934 4195 1204 4265; x_wconf 89' lang='lat' dir='ltr'><strong>paradiso</strong></span> <span class='ocrx_word' id='word_1_586' title='bbox 1236 4195 1442 4252; x_wconf 90' lang='lat' dir='ltr'><strong>beatus</strong></span> <span class='ocrx_word' id='word_1_587' title='bbox 1473 4215 1621 4266; x_wconf 90' lang='lat' dir='ltr'><strong>esse,</strong></span> <span class='ocrx_word' id='word_1_588' title='bbox 1649 4200 1790 4268; x_wconf 81' lang='lat' dir='ltr'><strong>(imo</strong></span> <span class='ocrx_word' id='word_1_589' title='bbox 1820 4203 1900 4258; x_wconf 89' lang='lat' dir='ltr'><strong>ibi</strong></span> <span class='ocrx_word' id='word_1_590' title='bbox 1935 4214 2061 4260; x_wconf 82' lang='lat' dir='ltr'><strong>norr</strong></span> 
     </span>
    </p>
   </div>
   <div class='ocr_carea' id='block_1_77' title="bbox 407 4279 2051 4359">
    <p class='ocr_par' dir='ltr' id='par_1_77' title="bbox 407 4279 2051 4359">
     <span class='ocr_line' id='line_1_77' title="bbox 407 4279 2051 4359; baseline 0.008 -24"><span class='ocrx_word' id='word_1_591' title='bbox 407 4283 582 4349; x_wconf 87' lang='lat' dir='ltr'><strong>esset,</strong></span> <span class='ocrx_word' id='word_1_592' title='bbox 606 4279 704 4336; x_wconf 91' lang='lat' dir='ltr'><strong>ubi</strong></span> <span class='ocrx_word' id='word_1_593' title='bbox 728 4297 856 4338; x_wconf 90' lang='lat' dir='ltr'><strong>esse</strong></span> <span class='ocrx_word' id='word_1_594' title='bbox 876 4282 1156 4338; x_wconf 89' lang='lat' dir='ltr'><strong>miserum</strong></span> <span class='ocrx_word' id='word_1_595' title='bbox 1185 4302 1298 4341; x_wconf 90' lang='lat' dir='ltr'><strong>non</strong></span> <span class='ocrx_word' id='word_1_596' title='bbox 1321 4286 1588 4359; x_wconf 88' lang='lat' dir='ltr'><strong>deceret),</strong></span> <span class='ocrx_word' id='word_1_597' title='bbox 1614 4287 1662 4343; x_wconf 90' lang='lat' dir='ltr'><strong>si</strong></span> <span class='ocrx_word' id='word_1_598' title='bbox 1693 4306 1829 4346; x_wconf 91' lang='lat' dir='ltr'><strong>eum</strong></span> <span class='ocrx_word' id='word_1_599' title='bbox 1850 4291 1940 4347; x_wconf 91' lang='lat' dir='ltr'><strong>sui</strong></span> <span class='ocrx_word' id='word_1_600' title='bbox 1965 4310 2051 4348; x_wconf 89' lang='lat' dir='ltr'><strong>ca-</strong></span> 
     </span>
    </p>
   </div>
   <div class='ocr_carea' id='block_1_78' title="bbox 409 4369 2055 4440">
    <p class='ocr_par' dir='ltr' id='par_1_78' title="bbox 409 4369 2055 4440">
     <span class='ocr_line' id='line_1_78' title="bbox 409 4369 2055 4440; baseline 0.009 -15"><span class='ocrx_word' id='word_1_601' title='bbox 409 4385 512 4425; x_wconf 86' lang='lat' dir='ltr'><strong>sus</strong></span> <span class='ocrx_word' id='word_1_602' title='bbox 535 4369 900 4440; x_wconf 72' lang='lat' dir='ltr'><strong>praescientia</strong></span> <span class='ocrx_word' id='word_1_603' title='bbox 927 4375 985 4427; x_wconf 91' lang='lat' dir='ltr'><strong>et</strong></span> <span class='ocrx_word' id='word_1_604' title='bbox 1010 4371 1188 4428; x_wconf 88' lang='lat' dir='ltr'><strong>timor</strong></span> <span class='ocrx_word' id='word_1_605' title='bbox 1219 4375 1362 4430; x_wconf 88' lang='lat' dir='ltr'><strong>tanti</strong></span> <span class='ocrx_word' id='word_1_606' title='bbox 1396 4374 1535 4431; x_wconf 90' lang='lat' dir='ltr'><strong>mali</strong></span> <span class='ocrx_word' id='word_1_607' title='bbox 1583 4377 1860 4435; x_wconf 88' lang='lat' dir='ltr'><strong>miserum</strong></span> <span class='ocrx_word' id='word_1_608' title='bbox 1909 4381 2055 4439; x_wconf 86' lang='lat' dir='ltr'><strong>face-</strong></span> 
     </span>
    </p>
   </div>
   <div class='ocr_carea' id='block_1_79' title="bbox 407 4455 2052 4534">
    <p class='ocr_par' dir='ltr' id='par_1_79' title="bbox 407 4455 2052 4534">
     <span class='ocr_line' id='line_1_79' title="bbox 407 4455 2052 4534; baseline 0.009 -23"><span class='ocrx_word' id='word_1_609' title='bbox 407 4455 533 4512; x_wconf 77' lang='lat' dir='ltr'><strong>ret?</strong></span> <span class='ocrx_word' id='word_1_610' title='bbox 553 4477 582 4508; x_wconf 83' lang='lat'><strong>»</strong></span> <span class='ocrx_word' id='word_1_611' title='bbox 606 4458 676 4513; x_wconf 89' lang='lat' dir='ltr'><strong>Et</strong></span> <span class='ocrx_word' id='word_1_612' title='bbox 696 4459 836 4514; x_wconf 91' lang='lat' dir='ltr'><strong>item</strong></span> <span class='ocrx_word' id='word_1_613' title='bbox 858 4459 1064 4516; x_wconf 89' lang='lat' dir='ltr'><strong>beatus</strong></span> <span class='ocrx_word' id='word_1_614' title='bbox 1089 4460 1402 4534; x_wconf 86' lang='lat' dir='ltr'><strong>Gregorius</strong></span> <span class='ocrx_word' id='word_1_615' title='bbox 1421 4463 1482 4518; x_wconf 91' lang='lat' dir='ltr'><strong>in</strong></span> <span class='ocrx_word' id='word_1_616' title='bbox 1505 4465 1653 4522; x_wconf 92' lang='lat' dir='ltr'><strong>libro</strong></span> <span class='ocrx_word' id='word_1_617' title='bbox 1682 4472 1882 4524; x_wconf 89' lang='lat' dir='ltr'><strong>octavo</strong></span> <span class='ocrx_word' id='word_1_618' title='bbox 1925 4469 2052 4526; x_wconf 89' lang='lat' dir='ltr'><strong>Mo-</strong></span> 
     </span>
    </p>
   </div>
   <div class='ocr_carea' id='block_1_80' title="bbox 2163 3307 3819 3380">
    <p class='ocr_par' dir='ltr' id='par_1_80' title="bbox 2163 3307 3819 3380">
     <span class='ocr_line' id='line_1_80' title="bbox 2163 3307 3819 3380; baseline 0.001 -18"><span class='ocrx_word' id='word_1_619' title='bbox 2163 3308 2317 3363; x_wconf 89' lang='lat' dir='ltr'><strong>sicut</strong></span> <span class='ocrx_word' id='word_1_620' title='bbox 2345 3313 2401 3363; x_wconf 91' lang='lat' dir='ltr'><strong>et</strong></span> <span class='ocrx_word' id='word_1_621' title='bbox 2447 3312 2713 3375; x_wconf 67' lang='lat' dir='ltr'><strong>caeteros,</strong></span> <span class='ocrx_word' id='word_1_622' title='bbox 2750 3312 2961 3362; x_wconf 89' lang='lat' dir='ltr'><strong>natura</strong></span> <span class='ocrx_word' id='word_1_623' title='bbox 2990 3307 3216 3363; x_wconf 91' lang='lat' dir='ltr'><strong>scilicet</strong></span> <span class='ocrx_word' id='word_1_624' title='bbox 3263 3312 3329 3362; x_wconf 91' lang='lat' dir='ltr'><strong>ut</strong></span> <span class='ocrx_word' id='word_1_625' title='bbox 3371 3311 3462 3362; x_wconf 89' lang='lat' dir='ltr'><strong>est</strong></span> <span class='ocrx_word' id='word_1_626' title='bbox 3496 3307 3819 3380; x_wconf 84' lang='lat' dir='ltr'><strong>depravata</strong></span> 
     </span>
    </p>
   </div>
   <div class='ocr_carea' id='block_1_81' title="bbox 2162 3395 3820 3469">
    <p class='ocr_par' dir='ltr' id='par_1_81' title="bbox 2162 3395 3820 3469">
     <span class='ocr_line' id='line_1_81' title="bbox 2162 3395 3820 3469; baseline 0.001 -17"><span class='ocrx_word' id='word_1_627' title='bbox 2162 3401 2420 3469; x_wconf 85' lang='lat' dir='ltr'><strong>peccato,</strong></span> <span class='ocrx_word' id='word_1_628' title='bbox 2453 3413 2568 3452; x_wconf 92' lang='lat' dir='ltr'><strong>non</strong></span> <span class='ocrx_word' id='word_1_629' title='bbox 2619 3401 2686 3451; x_wconf 93' lang='lat' dir='ltr'><strong>ut</strong></span> <span class='ocrx_word' id='word_1_630' title='bbox 2734 3400 2896 3452; x_wconf 88' lang='lat' dir='ltr'><strong>recta</strong></span> <span class='ocrx_word' id='word_1_631' title='bbox 2944 3399 3140 3451; x_wconf 89' lang='lat' dir='ltr'><strong>creata</strong></span> <span class='ocrx_word' id='word_1_632' title='bbox 3186 3400 3278 3452; x_wconf 89' lang='lat' dir='ltr'><strong>est</strong></span> <span class='ocrx_word' id='word_1_633' title='bbox 3324 3396 3397 3451; x_wconf 89' lang='lat' dir='ltr'><strong>ab</strong></span> <span class='ocrx_word' id='word_1_634' title='bbox 3442 3395 3629 3452; x_wconf 89' lang='lat' dir='ltr'><strong>initio.</strong></span> <span class='ocrx_word' id='word_1_635' title='bbox 3666 3419 3695 3447; x_wconf 89' lang='lat'><strong>»</strong></span> <span class='ocrx_word' id='word_1_636' title='bbox 3745 3399 3820 3453; x_wconf 85' lang='lat' dir='ltr'><strong>Et</strong></span> 
     </span>
    </p>
   </div>
   <div class='ocr_carea' id='block_1_82' title="bbox 2162 3483 3815 3558">
    <p class='ocr_par' dir='ltr' id='par_1_82' title="bbox 2162 3483 3815 3558">
     <span class='ocr_line' id='line_1_82' title="bbox 2162 3483 3815 3558; baseline 0 -17"><span class='ocrx_word' id='word_1_637' title='bbox 2162 3486 2547 3558; x_wconf 84' lang='lat' dir='ltr'><strong>Hieronymus</strong></span> <span class='ocrx_word' id='word_1_638' title='bbox 2575 3484 2635 3540; x_wconf 90' lang='lat' dir='ltr'><strong>in</strong></span> <span class='ocrx_word' id='word_1_639' title='bbox 2667 3483 2894 3540; x_wconf 89' lang='lat' dir='ltr'><strong>Miebea</strong></span> <span class='ocrx_word' id='word_1_640' title='bbox 2923 3483 3206 3556; x_wconf 87' lang='lat' dir='ltr'><strong>propheta</strong></span> <span class='ocrx_word' id='word_1_641' title='bbox 3233 3483 3293 3540; x_wconf 92' lang='lat' dir='ltr'><strong>in</strong></span> <span class='ocrx_word' id='word_1_642' title='bbox 3325 3485 3582 3540; x_wconf 87' lang='lat' dir='ltr'><strong>secundo</strong></span> <span class='ocrx_word' id='word_1_643' title='bbox 3612 3484 3765 3541; x_wconf 89' lang='lat' dir='ltr'><strong>libro</strong></span> <span class='ocrx_word' id='word_1_644' title='bbox 3799 3502 3815 3541; x_wconf 89' lang='lat'>:</span> 
     </span>
    </p>
   </div>
   <div class='ocr_carea' id='block_1_83' title="bbox 2163 3571 3820 3642">
    <p class='ocr_par' dir='ltr' id='par_1_83' title="bbox 2163 3571 3820 3642">
     <span class='ocr_line' id='line_1_83' title="bbox 2163 3571 3820 3642; baseline 0 -12"><span class='ocrx_word' id='word_1_645' title='bbox 2163 3597 2190 3624; x_wconf 89' lang='grc'><strong>‹‹</strong></span> <span class='ocrx_word' id='word_1_646' title='bbox 2213 3579 2362 3630; x_wconf 85' lang='lat' dir='ltr'><strong>Deus</strong></span> <span class='ocrx_word' id='word_1_647' title='bbox 2381 3573 2537 3629; x_wconf 92' lang='lat' dir='ltr'><strong>enim</strong></span> <span class='ocrx_word' id='word_1_648' title='bbox 2559 3573 2775 3628; x_wconf 88' lang='lat' dir='ltr'><strong>creavit</strong></span> <span class='ocrx_word' id='word_1_649' title='bbox 2795 3572 3093 3628; x_wconf 90' lang='lat' dir='ltr'><strong>hominem</strong></span> <span class='ocrx_word' id='word_1_650' title='bbox 3111 3588 3183 3628; x_wconf 89' lang='lat' dir='ltr'><strong>ne</strong></span> <span class='ocrx_word' id='word_1_651' title='bbox 3203 3571 3549 3642; x_wconf 87' lang='lat' dir='ltr'><strong>interiret,et</strong></span> <span class='ocrx_word' id='word_1_652' title='bbox 3563 3577 3820 3630; x_wconf 84' lang='lat' dir='ltr'><strong>mortem</strong></span> 
     </span>
    </p>
   </div>
   <div class='ocr_carea' id='block_1_84' title="bbox 2161 3660 3822 3734">
    <p class='ocr_par' dir='ltr' id='par_1_84' title="bbox 2161 3660 3822 3734">
     <span class='ocr_line' id='line_1_84' title="bbox 2161 3660 3822 3734; baseline -0.001 -15"><span class='ocrx_word' id='word_1_653' title='bbox 2161 3681 2276 3719; x_wconf 90' lang='lat' dir='ltr'><strong>non</strong></span> <span class='ocrx_word' id='word_1_654' title='bbox 2313 3663 2464 3719; x_wconf 87' lang='lat' dir='ltr'><strong>fecit.</strong></span> <span class='ocrx_word' id='word_1_655' title='bbox 2487 3685 2515 3712; x_wconf 89' lang='lat'><strong>»</strong></span> <span class='ocrx_word' id='word_1_656' title='bbox 2546 3664 2616 3718; x_wconf 90' lang='lat' dir='ltr'><strong>Et</strong></span> <span class='ocrx_word' id='word_1_657' title='bbox 2638 3663 2842 3717; x_wconf 90' lang='lat' dir='ltr'><strong>beatus</strong></span> <span class='ocrx_word' id='word_1_658' title='bbox 2863 3661 3179 3734; x_wconf 84' lang='lat' dir='ltr'><strong>Gregorius</strong></span> <span class='ocrx_word' id='word_1_659' title='bbox 3206 3661 3266 3715; x_wconf 91' lang='lat' dir='ltr'><strong>in</strong></span> <span class='ocrx_word' id='word_1_660' title='bbox 3297 3660 3444 3716; x_wconf 92' lang='lat' dir='ltr'><strong>libro</strong></span> <span class='ocrx_word' id='word_1_661' title='bbox 3467 3666 3676 3734; x_wconf 88' lang='lat' dir='ltr'><strong>quarto</strong></span> <span class='ocrx_word' id='word_1_662' title='bbox 3698 3661 3822 3718; x_wconf 85' lang='lat' dir='ltr'><strong>Mo-</strong></span> 
     </span>
    </p>
   </div>
   <div class='ocr_carea' id='block_1_85' title="bbox 2161 3748 3816 3824">
    <p class='ocr_par' dir='ltr' id='par_1_85' title="bbox 2161 3748 3816 3824">
     <span class='ocr_line' id='line_1_85' title="bbox 2161 3748 3816 3824; baseline -0.001 -16"><span class='ocrx_word' id='word_1_663' title='bbox 2161 3752 2373 3809; x_wconf 89' lang='lat' dir='ltr'><strong>ralium</strong></span> <span class='ocrx_word' id='word_1_664' title='bbox 2399 3753 2636 3824; x_wconf 87' lang='lat' dir='ltr'><strong>(cap.28)</strong></span> <span class='ocrx_word' id='word_1_665' title='bbox 2668 3767 2682 3806; x_wconf 89' lang='lat'>:</span> <span class='ocrx_word' id='word_1_666' title='bbox 2719 3772 2747 3802; x_wconf 74' lang='grc' dir='ltr'><strong>ιε</strong></span> <span class='ocrx_word' id='word_1_667' title='bbox 2775 3750 2921 3816; x_wconf 89' lang='lat' dir='ltr'><strong>Quia</strong></span> <span class='ocrx_word' id='word_1_668' title='bbox 2947 3751 3108 3806; x_wconf 90' lang='lat' dir='ltr'><strong>enim</strong></span> <span class='ocrx_word' id='word_1_669' title='bbox 3139 3749 3190 3805; x_wconf 90' lang='lat' dir='ltr'><strong>si</strong></span> <span class='ocrx_word' id='word_1_670' title='bbox 3217 3753 3528 3822; x_wconf 89' lang='lat' dir='ltr'><strong>parentum</strong></span> <span class='ocrx_word' id='word_1_671' title='bbox 3549 3748 3816 3822; x_wconf 87' lang='lat' dir='ltr'><strong>primum</strong></span> 
     </span>
    </p>
   </div>
   <div class='ocr_carea' id='block_1_86' title="bbox 2163 3839 3820 3913">
    <p class='ocr_par' dir='ltr' id='par_1_86' title="bbox 2163 3839 3820 3913">
     <span class='ocr_line' id='line_1_86' title="bbox 2163 3839 3820 3913; baseline -0.001 -16"><span class='ocrx_word' id='word_1_672' title='bbox 2163 3841 2324 3897; x_wconf 90' lang='lat' dir='ltr'><strong>nulla</strong></span> <span class='ocrx_word' id='word_1_673' title='bbox 2353 3839 2572 3913; x_wconf 86' lang='lat' dir='ltr'><strong>peccati</strong></span> <span class='ocrx_word' id='word_1_674' title='bbox 2610 3839 2857 3912; x_wconf 90' lang='lat' dir='ltr'><strong>putredo</strong></span> <span class='ocrx_word' id='word_1_675' title='bbox 2887 3842 3304 3911; x_wconf 86' lang='lat' dir='ltr'><strong>corrumperet,</strong></span> <span class='ocrx_word' id='word_1_676' title='bbox 3338 3854 3713 3911; x_wconf 87' lang='lat' dir='ltr'><strong>nequaquam</strong></span> <span class='ocrx_word' id='word_1_677' title='bbox 3743 3855 3820 3896; x_wconf 80' lang='lat' dir='ltr'><strong>ex</strong></span> 
     </span>
    </p>
   </div>
   <div class='ocr_carea' id='block_1_87' title="bbox 2163 3924 3818 4002">
    <p class='ocr_par' dir='ltr' id='par_1_87' title="bbox 2163 3924 3818 4002">
     <span class='ocr_line' id='line_1_87' title="bbox 2163 3924 3818 4002; baseline -0.002 -17"><span class='ocrx_word' id='word_1_678' title='bbox 2163 3947 2224 3986; x_wconf 91' lang='lat' dir='ltr'><strong>se</strong></span> <span class='ocrx_word' id='word_1_679' title='bbox 2256 3929 2406 3985; x_wconf 81' lang='lat' dir='ltr'><strong>filios</strong></span> <span class='ocrx_word' id='word_1_680' title='bbox 2437 3928 2713 4002; x_wconf 67' lang='lat' dir='ltr'><strong>gehennae</strong></span> <span class='ocrx_word' id='word_1_681' title='bbox 2745 3930 3070 4001; x_wconf 85' lang='lat' dir='ltr'><strong>generaret,</strong></span> <span class='ocrx_word' id='word_1_682' title='bbox 3104 3924 3206 3982; x_wconf 88' lang='lat' dir='ltr'><strong>sed</strong></span> <span class='ocrx_word' id='word_1_683' title='bbox 3238 3927 3338 3998; x_wconf 92' lang='lat' dir='ltr'><strong>qui</strong></span> <span class='ocrx_word' id='word_1_684' title='bbox 3386 3942 3543 3982; x_wconf 90' lang='lat' dir='ltr'><strong>nune</strong></span> <span class='ocrx_word' id='word_1_685' title='bbox 3587 3943 3693 4000; x_wconf 90' lang='lat' dir='ltr'><strong>per</strong></span> <span class='ocrx_word' id='word_1_686' title='bbox 3723 3943 3818 3983; x_wconf 85' lang='lat' dir='ltr'><strong>re-</strong></span> 
     </span>
    </p>
   </div>
   <div class='ocr_carea' id='block_1_88' title="bbox 2163 4013 3816 4090">
    <p class='ocr_par' dir='ltr' id='par_1_88' title="bbox 2163 4013 3816 4090">
     <span class='ocr_line' id='line_1_88' title="bbox 2163 4013 3816 4090; baseline -0.002 -16"><span class='ocrx_word' id='word_1_687' title='bbox 2163 4017 2558 4090; x_wconf 86' lang='lat' dir='ltr'><strong>demptionem</strong></span> <span class='ocrx_word' id='word_1_688' title='bbox 2591 4015 2850 4071; x_wconf 89' lang='lat' dir='ltr'><strong>salvandi</strong></span> <span class='ocrx_word' id='word_1_689' title='bbox 2883 4013 3159 4082; x_wconf 89' lang='lat' dir='ltr'><strong>sunt,soli</strong></span> <span class='ocrx_word' id='word_1_690' title='bbox 3187 4015 3259 4070; x_wconf 89' lang='lat' dir='ltr'><strong>ab</strong></span> <span class='ocrx_word' id='word_1_691' title='bbox 3292 4015 3392 4070; x_wconf 90' lang='lat' dir='ltr'><strong>illo</strong></span> <span class='ocrx_word' id='word_1_692' title='bbox 3423 4014 3592 4071; x_wconf 90' lang='lat' dir='ltr'><strong>electi</strong></span> <span class='ocrx_word' id='word_1_693' title='bbox 3609 4032 3816 4072; x_wconf 85' lang='lat' dir='ltr'><strong>nasce-</strong></span> 
     </span>
    </p>
   </div>
   <div class='ocr_carea' id='block_1_89' title="bbox 2163 4103 3820 4170">
    <p class='ocr_par' dir='ltr' id='par_1_89' title="bbox 2163 4103 3820 4170">
     <span class='ocr_line' id='line_1_89' title="bbox 2163 4103 3820 4170; baseline -0.002 -7"><span class='ocrx_word' id='word_1_694' title='bbox 2163 4113 2384 4164; x_wconf 89' lang='lat' dir='ltr'><strong>rentur.</strong></span> <span class='ocrx_word' id='word_1_695' title='bbox 2419 4128 2448 4156; x_wconf 90' lang='lat'><strong>»</strong></span> <span class='ocrx_word' id='word_1_696' title='bbox 2479 4107 2548 4160; x_wconf 89' lang='lat' dir='ltr'><strong>Et</strong></span> <span class='ocrx_word' id='word_1_697' title='bbox 2577 4108 2818 4160; x_wconf 89' lang='lat' dir='ltr'><strong>sanctus</strong></span> <span class='ocrx_word' id='word_1_698' title='bbox 2848 4103 3196 4158; x_wconf 85' lang='lat' dir='ltr'><strong>Ambrosius</strong></span> <span class='ocrx_word' id='word_1_699' title='bbox 3225 4119 3360 4159; x_wconf 90' lang='lat' dir='ltr'><strong>cum</strong></span> <span class='ocrx_word' id='word_1_700' title='bbox 3399 4107 3695 4170; x_wconf 88' lang='lat' dir='ltr'><strong>tractaret,</strong></span> <span class='ocrx_word' id='word_1_701' title='bbox 3727 4105 3820 4160; x_wconf 84' lang='lat' dir='ltr'><strong>In-</strong></span> 
     </span>
    </p>
   </div>
   <div class='ocr_carea' id='block_1_90' title="bbox 2163 4192 3814 4264">
    <p class='ocr_par' dir='ltr' id='par_1_90' title="bbox 2163 4192 3814 4264">
     <span class='ocr_line' id='line_1_90' title="bbox 2163 4192 3814 4264; baseline -0.002 -13"><span class='ocrx_word' id='word_1_702' title='bbox 2163 4197 2432 4252; x_wconf 80' lang='lat' dir='ltr'><strong>tellectum</strong></span> <span class='ocrx_word' id='word_1_703' title='bbox 2458 4195 2529 4250; x_wconf 87' lang='lat' dir='ltr'><strong>da</strong></span> <span class='ocrx_word' id='word_1_704' title='bbox 2552 4194 2695 4248; x_wconf 85' lang='lat' dir='ltr'><strong>mihi</strong></span> <span class='ocrx_word' id='word_1_705' title='bbox 2723 4200 2775 4248; x_wconf 87' lang='lat' dir='ltr'><strong>et</strong></span> <span class='ocrx_word' id='word_1_706' title='bbox 2802 4193 2984 4248; x_wconf 85' lang='lat' dir='ltr'><strong>vivam</strong></span> <span class='ocrx_word' id='word_1_707' title='bbox 3014 4193 3353 4260; x_wconf 77' lang='lat' dir='ltr'><strong>(Isa.cxvm,</strong></span> <span class='ocrx_word' id='word_1_708' title='bbox 3380 4193 3522 4264; x_wconf 82' lang='grc'>144),</span> <span class='ocrx_word' id='word_1_709' title='bbox 3547 4192 3667 4248; x_wconf 87' lang='lat' dir='ltr'><strong>ait:</strong></span> <span class='ocrx_word' id='word_1_710' title='bbox 3693 4215 3721 4242; x_wconf 86' lang='lat'><strong>«</strong></span> <span class='ocrx_word' id='word_1_711' title='bbox 3747 4193 3814 4248; x_wconf 90' lang='lat' dir='ltr'><strong>Si</strong></span> 
     </span>
    </p>
   </div>
   <div class='ocr_carea' id='block_1_91' title="bbox 2163 4279 3818 4358">
    <p class='ocr_par' dir='ltr' id='par_1_91' title="bbox 2163 4279 3818 4358">
     <span class='ocr_line' id='line_1_91' title="bbox 2163 4279 3818 4358; baseline -0.002 -18"><span class='ocrx_word' id='word_1_712' title='bbox 2163 4284 2405 4358; x_wconf 89' lang='lat' dir='ltr'><strong>petisset</strong></span> <span class='ocrx_word' id='word_1_713' title='bbox 2420 4283 2603 4338; x_wconf 90' lang='lat' dir='ltr'><strong>Adam</strong></span> <span class='ocrx_word' id='word_1_714' title='bbox 2634 4280 2787 4337; x_wconf 89' lang='lat' dir='ltr'><strong>sicut</strong></span> <span class='ocrx_word' id='word_1_715' title='bbox 2804 4280 3008 4354; x_wconf 87' lang='lat' dir='ltr'><strong>petivit</strong></span> <span class='ocrx_word' id='word_1_716' title='bbox 3035 4279 3658 4354; x_wconf 89' lang='lat' dir='ltr'><strong>David,nnequaquam</strong></span> <span class='ocrx_word' id='word_1_717' title='bbox 3678 4279 3818 4337; x_wconf 88' lang='lat' dir='ltr'><strong>illos</strong></span> 
     </span>
    </p>
   </div>
   <div class='ocr_carea' id='block_1_92' title="bbox 2163 4368 3822 4442">
    <p class='ocr_par' dir='ltr' id='par_1_92' title="bbox 2163 4368 3822 4442">
     <span class='ocr_line' id='line_1_92' title="bbox 2163 4368 3822 4442; baseline -0.001 -14"><span class='ocrx_word' id='word_1_718' title='bbox 2163 4369 2592 4430; x_wconf 82' lang='lat' dir='ltr'><strong>inextricabiles</strong></span> <span class='ocrx_word' id='word_1_719' title='bbox 2623 4369 2838 4426; x_wconf 88' lang='lat' dir='ltr'><strong>erroris</strong></span> <span class='ocrx_word' id='word_1_720' title='bbox 2867 4369 3108 4442; x_wconf 88' lang='lat' dir='ltr'><strong>laqueos</strong></span> <span class='ocrx_word' id='word_1_721' title='bbox 3128 4368 3675 4442; x_wconf 86' lang='lat' dir='ltr'><strong>incidisset,quibus</strong></span> <span class='ocrx_word' id='word_1_722' title='bbox 3693 4385 3822 4426; x_wconf 87' lang='lat' dir='ltr'><strong>om-</strong></span> 
     </span>
    </p>
   </div>
   <div class='ocr_carea' id='block_1_93' title="bbox 2163 4456 3818 4532">
    <p class='ocr_par' dir='ltr' id='par_1_93' title="bbox 2163 4456 3818 4532">
     <span class='ocr_line' id='line_1_93' title="bbox 2163 4456 3818 4532; baseline -0.001 -15"><span class='ocrx_word' id='word_1_723' title='bbox 2163 4461 2257 4518; x_wconf 90' lang='lat' dir='ltr'><strong>nis</strong></span> <span class='ocrx_word' id='word_1_724' title='bbox 2293 4461 2422 4532; x_wconf 89' lang='lat' dir='ltr'><strong>ejus</strong></span> <span class='ocrx_word' id='word_1_725' title='bbox 2457 4457 2765 4514; x_wconf 70' lang='lat' dir='ltr'><strong>haareditas</strong></span> <span class='ocrx_word' id='word_1_726' title='bbox 2795 4456 3220 4530; x_wconf 89' lang='lat' dir='ltr'><strong>strangulatur.</strong></span> <span class='ocrx_word' id='word_1_727' title='bbox 3252 4457 3501 4530; x_wconf 88' lang='lat' dir='ltr'><strong>Ideoque</strong></span> <span class='ocrx_word' id='word_1_728' title='bbox 3540 4461 3818 4516; x_wconf 81' lang='lat' dir='ltr'><strong>mortuus</strong></span> 
     </span>
    </p>
   </div>
   <div class='ocr_carea' id='block_1_94' title="bbox 408 4543 3820 4634">
    <p class='ocr_par' dir='ltr' id='par_1_94' title="bbox 408 4543 3820 4634">
     <span class='ocr_line' id='line_1_94' title="bbox 408 4543 3820 4634; baseline 0.001 -35"><span class='ocrx_word' id='word_1_729' title='bbox 408 4543 618 4634; x_wconf 77' lang='lat' dir='ltr'><strong>ralium</strong></span> <span class='ocrx_word' id='word_1_730' title='bbox 630 4545 893 4618; x_wconf 88' lang='lat' dir='ltr'><strong>Job(cap.</strong></span> <span class='ocrx_word' id='word_1_731' title='bbox 915 4549 971 4616; x_wconf 88' lang='lat'><strong>6)</strong></span> <span class='ocrx_word' id='word_1_732' title='bbox 998 4566 1012 4604; x_wconf 90' lang='lat'><strong>:</strong></span> <span class='ocrx_word' id='word_1_733' title='bbox 1036 4571 1064 4599; x_wconf 92' lang='lat'><strong>»</strong></span> <span class='ocrx_word' id='word_1_734' title='bbox 1079 4550 1163 4604; x_wconf 88' lang='lat' dir='ltr'><strong>Ad</strong></span> <span class='ocrx_word' id='word_1_735' title='bbox 1180 4549 1288 4606; x_wconf 89' lang='lat' dir='ltr'><strong>hoc</strong></span> <span class='ocrx_word' id='word_1_736' title='bbox 1314 4568 1570 4625; x_wconf 90' lang='lat' dir='ltr'><strong>namque</strong></span> <span class='ocrx_word' id='word_1_737' title='bbox 1588 4554 1764 4614; x_wconf 89' lang='lat' dir='ltr'><strong>homo</strong></span> <span class='ocrx_word' id='word_1_738' title='bbox 1781 4559 2054 4618; x_wconf 84' lang='lat' dir='ltr'><strong>conditus</strong></span> <span class='ocrx_word' id='word_1_739' title='bbox 2084 4569 2132 4634; x_wconf 80' lang='grc' dir='ltr'>Ι)</span> <span class='ocrx_word' id='word_1_740' title='bbox 2163 4554 2270 4619; x_wconf 81' lang='lat' dir='ltr'><strong>est,</strong></span> <span class='ocrx_word' id='word_1_741' title='bbox 2293 4554 2350 4606; x_wconf 88' lang='lat' dir='ltr'><strong>et</strong></span> <span class='ocrx_word' id='word_1_742' title='bbox 2379 4546 2534 4620; x_wconf 88' lang='lat' dir='ltr'><strong>quod</strong></span> <span class='ocrx_word' id='word_1_743' title='bbox 2564 4545 2799 4618; x_wconf 88' lang='lat' dir='ltr'><strong>gravius</strong></span> <span class='ocrx_word' id='word_1_744' title='bbox 2828 4549 2919 4602; x_wconf 90' lang='lat' dir='ltr'><strong>est</strong></span> <span class='ocrx_word' id='word_1_745' title='bbox 2955 4548 3143 4634; x_wconf 86' lang='lat' dir='ltr'><strong>morte</strong></span> <span class='ocrx_word' id='word_1_746' title='bbox 3193 4545 3435 4618; x_wconf 89' lang='lat' dir='ltr'><strong>peccati,</strong></span> <span class='ocrx_word' id='word_1_747' title='bbox 3463 4545 3630 4634; x_wconf 83' lang='lat' dir='ltr'><strong>quia</strong></span> <span class='ocrx_word' id='word_1_748' title='bbox 3678 4551 3820 4603; x_wconf 88' lang='lat' dir='ltr'><strong>ante</strong></span> 
     </span>
    </p>
   </div>
   <div class='ocr_carea' id='block_1_95' title="bbox 407 4631 2052 4718">
    <p class='ocr_par' dir='ltr' id='par_1_95' title="bbox 407 4631 2052 4718">
     <span class='ocr_line' id='line_1_95' title="bbox 407 4631 2052 4718; baseline 0.012 -31"><span class='ocrx_word' id='word_1_749' title='bbox 407 4631 689 4700; x_wconf 86' lang='lat' dir='ltr'><strong>fuerat,ut</strong></span> <span class='ocrx_word' id='word_1_750' title='bbox 716 4635 894 4690; x_wconf 90' lang='lat' dir='ltr'><strong>stanti</strong></span> <span class='ocrx_word' id='word_1_751' title='bbox 925 4642 1120 4693; x_wconf 88' lang='lat' dir='ltr'><strong>mente</strong></span> <span class='ocrx_word' id='word_1_752' title='bbox 1149 4639 1208 4694; x_wconf 92' lang='lat' dir='ltr'><strong>in</strong></span> <span class='ocrx_word' id='word_1_753' title='bbox 1239 4656 1432 4696; x_wconf 88' lang='lat' dir='ltr'><strong>arcem</strong></span> <span class='ocrx_word' id='word_1_754' title='bbox 1463 4659 1525 4698; x_wconf 90' lang='lat' dir='ltr'><strong>se</strong></span> <span class='ocrx_word' id='word_1_755' title='bbox 1545 4647 2052 4718; x_wconf 89' lang='lat' dir='ltr'><strong>contemplationis</strong></span> 
     </span>
    </p>
   </div>
   <div class='ocr_carea' id='block_1_96' title="bbox 407 4720 2051 4802">
    <p class='ocr_par' dir='ltr' id='par_1_96' title="bbox 407 4720 2051 4802">
     <span class='ocr_line' id='line_1_96' title="bbox 407 4720 2051 4802; baseline 0.012 -28"><span class='ocrx_word' id='word_1_756' title='bbox 407 4720 672 4793; x_wconf 87' lang='lat' dir='ltr'><strong>erigeret,</strong></span> <span class='ocrx_word' id='word_1_757' title='bbox 703 4727 762 4777; x_wconf 91' lang='lat' dir='ltr'><strong>et</strong></span> <span class='ocrx_word' id='word_1_758' title='bbox 810 4721 974 4779; x_wconf 90' lang='lat' dir='ltr'><strong>nulla</strong></span> <span class='ocrx_word' id='word_1_759' title='bbox 1020 4725 1177 4782; x_wconf 92' lang='lat' dir='ltr'><strong>hunc</strong></span> <span class='ocrx_word' id='word_1_760' title='bbox 1206 4730 1504 4802; x_wconf 90' lang='lat' dir='ltr'><strong>corruptio</strong></span> <span class='ocrx_word' id='word_1_761' title='bbox 1535 4748 1569 4787; x_wconf 92' lang='lat' dir='ltr'><strong>a</strong></span> <span class='ocrx_word' id='word_1_762' title='bbox 1598 4733 1928 4792; x_wconf 88' lang='lat' dir='ltr'><strong>Conditoris</strong></span> <span class='ocrx_word' id='word_1_763' title='bbox 1959 4739 2051 4794; x_wconf 89' lang='lat' dir='ltr'><strong>sui</strong></span> 
     </span>
    </p>
   </div>
   <div class='ocr_carea' id='block_1_97' title="bbox 407 4809 2052 4895">
    <p class='ocr_par' dir='ltr' id='par_1_97' title="bbox 407 4809 2052 4895">
     <span class='ocr_line' id='line_1_97' title="bbox 407 4809 2052 4895; baseline 0.012 -32"><span class='ocrx_word' id='word_1_764' title='bbox 407 4825 604 4866; x_wconf 89' lang='lat' dir='ltr'><strong>amore</strong></span> <span class='ocrx_word' id='word_1_765' title='bbox 634 4809 971 4890; x_wconf 83' lang='lat' dir='ltr'><strong>declinaret.</strong></span> <span class='ocrx_word' id='word_1_766' title='bbox 997 4835 1026 4864; x_wconf 88' lang='lat'><strong>»</strong></span> <span class='ocrx_word' id='word_1_767' title='bbox 1063 4814 1204 4870; x_wconf 90' lang='lat' dir='ltr'><strong>Item</strong></span> <span class='ocrx_word' id='word_1_768' title='bbox 1237 4816 1296 4872; x_wconf 91' lang='lat' dir='ltr'><strong>in</strong></span> <span class='ocrx_word' id='word_1_769' title='bbox 1327 4820 1529 4876; x_wconf 88' lang='lat' dir='ltr'><strong>eodem</strong></span> <span class='ocrx_word' id='word_1_770' title='bbox 1561 4821 1698 4895; x_wconf 88' lang='lat' dir='ltr'><strong>(cap.</strong></span> <span class='ocrx_word' id='word_1_771' title='bbox 1735 4825 1827 4894; x_wconf 87' lang='lat'><strong>10)</strong></span> <span class='ocrx_word' id='word_1_772' title='bbox 1861 4843 1874 4881; x_wconf 87' lang='lat'><strong>:</strong></span> <span class='ocrx_word' id='word_1_773' title='bbox 1910 4849 1938 4877; x_wconf 91' lang='lat'><strong>«</strong></span> <span class='ocrx_word' id='word_1_774' title='bbox 1967 4829 2052 4883; x_wconf 84' lang='lat' dir='ltr'><strong>Ad</strong></span> 
     </span>
    </p>
   </div>
   <div class='ocr_carea' id='block_1_98' title="bbox 407 4899 2052 4978">
    <p class='ocr_par' dir='ltr' id='par_1_98' title="bbox 407 4899 2052 4978">
     <span class='ocr_line' id='line_1_98' title="bbox 407 4899 2052 4978; baseline 0.012 -26"><span class='ocrx_word' id='word_1_775' title='bbox 407 4899 923 4972; x_wconf 86' lang='lat' dir='ltr'><strong>contemplandum</strong></span> <span class='ocrx_word' id='word_1_776' title='bbox 957 4901 1174 4978; x_wconf 85' lang='lat' dir='ltr'><strong>quippe</strong></span> <span class='ocrx_word' id='word_1_777' title='bbox 1201 4905 1526 4964; x_wconf 88' lang='lat' dir='ltr'><strong>Creatorem</strong></span> <span class='ocrx_word' id='word_1_778' title='bbox 1559 4909 1733 4968; x_wconf 88' lang='lat' dir='ltr'><strong>homo</strong></span> <span class='ocrx_word' id='word_1_779' title='bbox 1782 4915 2052 4972; x_wconf 88' lang='lat' dir='ltr'><strong>conditus</strong></span> 
     </span>
    </p>
   </div>
   <div class='ocr_carea' id='block_1_99' title="bbox 406 4987 2052 5074">
    <p class='ocr_par' dir='ltr' id='par_1_99' title="bbox 406 4987 2052 5074">
     <span class='ocr_line' id='line_1_99' title="bbox 406 4987 2052 5074; baseline 0.009 -30"><span class='ocrx_word' id='word_1_780' title='bbox 406 4987 614 5055; x_wconf 84' lang='lat' dir='ltr'><strong>fuerat,</strong></span> <span class='ocrx_word' id='word_1_781' title='bbox 649 4993 714 5044; x_wconf 91' lang='lat' dir='ltr'><strong>ut</strong></span> <span class='ocrx_word' id='word_1_782' title='bbox 740 4991 869 5062; x_wconf 88' lang='lat' dir='ltr'><strong>ejus</strong></span> <span class='ocrx_word' id='word_1_783' title='bbox 899 5008 1131 5065; x_wconf 91' lang='lat' dir='ltr'><strong>semper</strong></span> <span class='ocrx_word' id='word_1_784' title='bbox 1159 4996 1408 5066; x_wconf 90' lang='lat' dir='ltr'><strong>speciem</strong></span> <span class='ocrx_word' id='word_1_785' title='bbox 1454 5003 1753 5069; x_wconf 64' lang='lat' dir='ltr'><strong>quaereret,</strong></span> <span class='ocrx_word' id='word_1_786' title='bbox 1787 5006 1963 5074; x_wconf 89' lang='lat' dir='ltr'><strong>atque</strong></span> <span class='ocrx_word' id='word_1_787' title='bbox 1991 5003 2052 5058; x_wconf 89' lang='lat' dir='ltr'><strong>in</strong></span> 
     </span>
    </p>
   </div>
   <div class='ocr_carea' id='block_1_100' title="bbox 405 5075 2055 5164">
    <p class='ocr_par' dir='ltr' id='par_1_100' title="bbox 405 5075 2055 5164">
     <span class='ocr_line' id='line_1_100' title="bbox 405 5075 2055 5164; baseline 0.008 -32"><span class='ocrx_word' id='word_1_788' title='bbox 405 5075 775 5164; x_wconf 85' lang='lat' dir='ltr'><strong>solemnitate</strong></span> <span class='ocrx_word' id='word_1_789' title='bbox 795 5078 954 5137; x_wconf 91' lang='lat' dir='ltr'><strong>illius</strong></span> <span class='ocrx_word' id='word_1_790' title='bbox 978 5083 1195 5138; x_wconf 89' lang='lat' dir='ltr'><strong>amoris</strong></span> <span class='ocrx_word' id='word_1_791' title='bbox 1216 5083 1534 5154; x_wconf 86' lang='lat' dir='ltr'><strong>habitaret;</strong></span> <span class='ocrx_word' id='word_1_792' title='bbox 1565 5088 1664 5142; x_wconf 92' lang='lat' dir='ltr'><strong>sed</strong></span> <span class='ocrx_word' id='word_1_793' title='bbox 1687 5093 1848 5144; x_wconf 84' lang='lat' dir='ltr'><strong>extra</strong></span> <span class='ocrx_word' id='word_1_794' title='bbox 1868 5108 1930 5146; x_wconf 91' lang='lat' dir='ltr'><strong>se</strong></span> <span class='ocrx_word' id='word_1_795' title='bbox 1951 5109 2055 5164; x_wconf 91' lang='lat' dir='ltr'><strong>per</strong></span> 
     </span>
    </p>
   </div>
   <div class='ocr_carea' id='block_1_101' title="bbox 404 5163 2050 5250">
    <p class='ocr_par' dir='ltr' id='par_1_101' title="bbox 404 5163 2050 5250">
     <span class='ocr_line' id='line_1_101' title="bbox 404 5163 2050 5250; baseline 0.009 -30"><span class='ocrx_word' id='word_1_796' title='bbox 404 5163 858 5223; x_wconf 80' lang='lat' dir='ltr'><strong>iuobedienttam</strong></span> <span class='ocrx_word' id='word_1_797' title='bbox 891 5170 1132 5239; x_wconf 83' lang='lat' dir='ltr'><strong>missus,</strong></span> <span class='ocrx_word' id='word_1_798' title='bbox 1155 5174 1372 5230; x_wconf 90' lang='lat' dir='ltr'><strong>mentis</strong></span> <span class='ocrx_word' id='word_1_799' title='bbox 1401 5191 1520 5230; x_wconf 67' lang='lat' dir='ltr'><strong>suae</strong></span> <span class='ocrx_word' id='word_1_800' title='bbox 1551 5173 1744 5232; x_wconf 91' lang='lat' dir='ltr'><strong>locum</strong></span> <span class='ocrx_word' id='word_1_801' title='bbox 1777 5163 2050 5250; x_wconf 90' lang='lat' dir='ltr'><strong>perdidit,</strong></span> 
     </span>
    </p>
   </div>
   <div class='ocr_carea' id='block_1_102' title="bbox 404 5254 2047 5333">
    <p class='ocr_par' dir='ltr' id='par_1_102' title="bbox 404 5254 2047 5333">
     <span class='ocr_line' id='line_1_102' title="bbox 404 5254 2047 5333; baseline 0.009 -24"><span class='ocrx_word' id='word_1_802' title='bbox 404 5254 545 5327; x_wconf 89' lang='lat' dir='ltr'><strong>quia</strong></span> <span class='ocrx_word' id='word_1_803' title='bbox 564 5255 890 5313; x_wconf 86' lang='lat' dir='ltr'><strong>tenebrosis</strong></span> <span class='ocrx_word' id='word_1_804' title='bbox 907 5258 1216 5316; x_wconf 89' lang='lat' dir='ltr'><strong>itineribus</strong></span> <span class='ocrx_word' id='word_1_805' title='bbox 1237 5277 1498 5333; x_wconf 89' lang='lat' dir='ltr'><strong>sparsus,</strong></span> <span class='ocrx_word' id='word_1_806' title='bbox 1523 5262 1595 5317; x_wconf 90' lang='lat' dir='ltr'><strong>ab</strong></span> <span class='ocrx_word' id='word_1_807' title='bbox 1618 5263 2047 5324; x_wconf 89' lang='lat' dir='ltr'><strong>inhabitatione</strong></span> 
     </span>
    </p>
   </div>
   <div class='ocr_carea' id='block_1_103' title="bbox 404 5342 2048 5428">
    <p class='ocr_par' dir='ltr' id='par_1_103' title="bbox 404 5342 2048 5428">
     <span class='ocr_line' id='line_1_103' title="bbox 404 5342 2048 5428; baseline 0.007 -29"><span class='ocrx_word' id='word_1_808' title='bbox 404 5343 522 5399; x_wconf 90' lang='lat' dir='ltr'><strong>veri</strong></span> <span class='ocrx_word' id='word_1_809' title='bbox 546 5342 601 5399; x_wconf 89' lang='lat' dir='ltr'><strong>In</strong></span> <span class='ocrx_word' id='word_1_810' title='bbox 611 5343 786 5402; x_wconf 87' lang='lat' dir='ltr'><strong>minis</strong></span> <span class='ocrx_word' id='word_1_811' title='bbox 799 5345 1148 5420; x_wconf 88' lang='lat' dir='ltr'><strong>elongavit.»</strong></span> <span class='ocrx_word' id='word_1_812' title='bbox 1163 5348 1301 5404; x_wconf 89' lang='lat' dir='ltr'><strong>Item</strong></span> <span class='ocrx_word' id='word_1_813' title='bbox 1322 5349 1380 5404; x_wconf 90' lang='lat' dir='ltr'><strong>in</strong></span> <span class='ocrx_word' id='word_1_814' title='bbox 1400 5349 1548 5406; x_wconf 88' lang='lat' dir='ltr'><strong>libro</strong></span> <span class='ocrx_word' id='word_1_815' title='bbox 1561 5351 1786 5410; x_wconf 86' lang='lat' dir='ltr'><strong>decimo</strong></span> <span class='ocrx_word' id='word_1_816' title='bbox 1799 5355 2048 5428; x_wconf 91' lang='lat' dir='ltr'><strong>septimo</strong></span> 
     </span>
    </p>
   </div>
   <div class='ocr_carea' id='block_1_104' title="bbox 406 5431 2054 5509">
    <p class='ocr_par' dir='ltr' id='par_1_104' title="bbox 406 5431 2054 5509">
     <span class='ocr_line' id='line_1_104' title="bbox 406 5431 2054 5509; baseline 0.009 -24"><span class='ocrx_word' id='word_1_817' title='bbox 406 5431 546 5504; x_wconf 85' lang='lat' dir='ltr'><strong>(cap.</strong></span> <span class='ocrx_word' id='word_1_818' title='bbox 573 5434 696 5506; x_wconf 88' lang='lat'><strong>18):</strong></span> <span class='ocrx_word' id='word_1_819' title='bbox 723 5458 750 5485; x_wconf 90' lang='grc'><strong>‹‹</strong></span> <span class='ocrx_word' id='word_1_820' title='bbox 783 5435 869 5490; x_wconf 87' lang='lat' dir='ltr'><strong>Ad</strong></span> <span class='ocrx_word' id='word_1_821' title='bbox 898 5435 1078 5491; x_wconf 88' lang='lat' dir='ltr'><strong>vitam</strong></span> <span class='ocrx_word' id='word_1_822' title='bbox 1108 5452 1361 5509; x_wconf 89' lang='lat' dir='ltr'><strong>namque</strong></span> <span class='ocrx_word' id='word_1_823' title='bbox 1390 5436 1566 5494; x_wconf 90' lang='lat' dir='ltr'><strong>homo</strong></span> <span class='ocrx_word' id='word_1_824' title='bbox 1596 5443 1869 5500; x_wconf 89' lang='lat' dir='ltr'><strong>conditus</strong></span> <span class='ocrx_word' id='word_1_825' title='bbox 1897 5444 1956 5500; x_wconf 92' lang='lat' dir='ltr'><strong>in</strong></span> <span class='ocrx_word' id='word_1_826' title='bbox 1987 5443 2054 5500; x_wconf 89' lang='lat' dir='ltr'><strong>1i-</strong></span> 
     </span>
    </p>
   </div>
   <div class='ocr_carea' id='block_1_105' title="bbox 405 5519 2052 5598">
    <p class='ocr_par' dir='ltr' id='par_1_105' title="bbox 405 5519 2052 5598">
     <span class='ocr_line' id='line_1_105' title="bbox 405 5519 2052 5598; baseline 0.01 -23"><span class='ocrx_word' id='word_1_827' title='bbox 405 5519 628 5578; x_wconf 88' lang='lat' dir='ltr'><strong>bertate</strong></span> <span class='ocrx_word' id='word_1_828' title='bbox 649 5523 893 5596; x_wconf 84' lang='lat' dir='ltr'><strong>propriae</strong></span> <span class='ocrx_word' id='word_1_829' title='bbox 913 5523 1250 5592; x_wconf 88' lang='lat' dir='ltr'><strong>voluntatis,</strong></span> <span class='ocrx_word' id='word_1_830' title='bbox 1282 5530 1488 5598; x_wconf 90' lang='lat' dir='ltr'><strong>sponte</strong></span> <span class='ocrx_word' id='word_1_831' title='bbox 1505 5544 1613 5584; x_wconf 91' lang='lat' dir='ltr'><strong>sua</strong></span> <span class='ocrx_word' id='word_1_832' title='bbox 1636 5529 1827 5588; x_wconf 83' lang='lat' dir='ltr'><strong>factus</strong></span> <span class='ocrx_word' id='word_1_833' title='bbox 1843 5537 1934 5589; x_wconf 90' lang='lat' dir='ltr'><strong>est</strong></span> <span class='ocrx_word' id='word_1_834' title='bbox 1951 5534 2052 5590; x_wconf 90' lang='lat' dir='ltr'><strong>de-</strong></span> 
     </span>
    </p>
   </div>
   <div class='ocr_carea' id='block_1_106' title="bbox 404 5607 2058 5700">
    <p class='ocr_par' dir='ltr' id='par_1_106' title="bbox 404 5607 2058 5700">
     <span class='ocr_line' id='line_1_106' title="bbox 404 5607 2058 5700; baseline 0.006 -26"><span class='ocrx_word' id='word_1_835' title='bbox 404 5607 563 5674; x_wconf 81' lang='lat' dir='ltr'><strong>bitor</strong></span> <span class='ocrx_word' id='word_1_836' title='bbox 589 5612 852 5674; x_wconf 85' lang='lat' dir='ltr'><strong>mortis.»</strong></span> <span class='ocrx_word' id='word_1_837' title='bbox 885 5613 1028 5676; x_wconf 85' lang='lat' dir='ltr'><strong>Item</strong></span> <span class='ocrx_word' id='word_1_838' title='bbox 1059 5613 1120 5675; x_wconf 88' lang='lat' dir='ltr'><strong>in</strong></span> <span class='ocrx_word' id='word_1_839' title='bbox 1151 5615 1376 5676; x_wconf 84' lang='lat' dir='ltr'><strong>decimo</strong></span> <span class='ocrx_word' id='word_1_840' title='bbox 1407 5631 1560 5677; x_wconf 89' lang='lat' dir='ltr'><strong>nono</strong></span> <span class='ocrx_word' id='word_1_841' title='bbox 1581 5621 1839 5700; x_wconf 56' lang='grc' dir='ltr'><strong>(εαρλψ</strong></span> <span class='ocrx_word' id='word_1_842' title='bbox 1861 5644 1889 5677; x_wconf 85' lang='grc'><strong>‹‹</strong></span> <span class='ocrx_word' id='word_1_843' title='bbox 1911 5623 2058 5683; x_wconf 87' lang='lat' dir='ltr'><strong>Con-</strong></span> 
     </span>
    </p>
   </div>
   <div class='ocr_carea' id='block_1_107' title="bbox 2162 4633 3821 4710">
    <p class='ocr_par' dir='ltr' id='par_1_107' title="bbox 2162 4633 3821 4710">
     <span class='ocr_line' id='line_1_107' title="bbox 2162 4633 3821 4710; baseline -0.002 -16"><span class='ocrx_word' id='word_1_844' title='bbox 2162 4635 2468 4710; x_wconf 88' lang='lat' dir='ltr'><strong>usurpavit</strong></span> <span class='ocrx_word' id='word_1_845' title='bbox 2498 4634 2853 4708; x_wconf 89' lang='lat' dir='ltr'><strong>scire,quam</strong></span> <span class='ocrx_word' id='word_1_846' title='bbox 2887 4633 3250 4690; x_wconf 90' lang='lat' dir='ltr'><strong>intellectum</strong></span> <span class='ocrx_word' id='word_1_847' title='bbox 3275 4650 3392 4706; x_wconf 91' lang='lat' dir='ltr'><strong>quo</strong></span> <span class='ocrx_word' id='word_1_848' title='bbox 3421 4633 3821 4691; x_wconf 78' lang='lat' dir='ltr'><strong>viviﬂearetur</strong></span> 
     </span>
    </p>
   </div>
   <div class='ocr_carea' id='block_1_108' title="bbox 2163 4727 2528 4798">
    <p class='ocr_par' dir='ltr' id='par_1_108' title="bbox 2163 4727 2528 4798">
     <span class='ocr_line' id='line_1_108' title="bbox 2163 4727 2528 4798; baseline -0.014 -14"><span class='ocrx_word' id='word_1_849' title='bbox 2163 4727 2468 4798; x_wconf 89' lang='lat' dir='ltr'><strong>acciperet.</strong></span> <span class='ocrx_word' id='word_1_850' title='bbox 2501 4746 2528 4772; x_wconf 93' lang='lat'><strong>»</strong></span> 
     </span>
    </p>
   </div>
   <div class='ocr_carea' id='block_1_109' title="bbox 2234 4809 3818 4884">
    <p class='ocr_par' dir='ltr' id='par_1_109' title="bbox 2234 4809 3818 4884">
     <span class='ocr_line' id='line_1_109' title="bbox 2234 4809 3818 4884; baseline -0.003 -12"><span class='ocrx_word' id='word_1_851' title='bbox 2234 4815 2452 4872; x_wconf 90' lang='lat' dir='ltr'><strong>Deinde</strong></span> <span class='ocrx_word' id='word_1_852' title='bbox 2482 4812 2958 4884; x_wconf 84' lang='lat' dir='ltr'><strong>subjunximus,«</strong></span> <span class='ocrx_word' id='word_1_853' title='bbox 2989 4811 3172 4868; x_wconf 86' lang='lat' dir='ltr'><strong>Homo</strong></span> <span class='ocrx_word' id='word_1_854' title='bbox 3195 4809 3378 4868; x_wconf 89' lang='lat' dir='ltr'><strong>libero</strong></span> <span class='ocrx_word' id='word_1_855' title='bbox 3400 4810 3642 4868; x_wconf 88' lang='lat' dir='ltr'><strong>arbitrio</strong></span> <span class='ocrx_word' id='word_1_856' title='bbox 3659 4811 3818 4867; x_wconf 86' lang='lat' dir='ltr'><strong>male</strong></span> 
     </span>
    </p>
   </div>
   <div class='ocr_carea' id='block_1_110' title="bbox 2163 4898 3820 4975">
    <p class='ocr_par' dir='ltr' id='par_1_110' title="bbox 2163 4898 3820 4975">
     <span class='ocr_line' id='line_1_110' title="bbox 2163 4898 3820 4975; baseline -0.004 -14"><span class='ocrx_word' id='word_1_857' title='bbox 2163 4910 2335 4962; x_wconf 87' lang='lat' dir='ltr'><strong>utens</strong></span> <span class='ocrx_word' id='word_1_858' title='bbox 2363 4902 2621 4975; x_wconf 88' lang='lat' dir='ltr'><strong>peccavit</strong></span> <span class='ocrx_word' id='word_1_859' title='bbox 2650 4906 2707 4957; x_wconf 89' lang='lat' dir='ltr'><strong>et</strong></span> <span class='ocrx_word' id='word_1_860' title='bbox 2738 4901 3033 4968; x_wconf 90' lang='lat' dir='ltr'><strong>cecidit,et</strong></span> <span class='ocrx_word' id='word_1_861' title='bbox 3063 4901 3251 4956; x_wconf 90' lang='lat' dir='ltr'><strong>factus</strong></span> <span class='ocrx_word' id='word_1_862' title='bbox 3279 4904 3368 4956; x_wconf 91' lang='lat' dir='ltr'><strong>est</strong></span> <span class='ocrx_word' id='word_1_863' title='bbox 3397 4916 3596 4957; x_wconf 87' lang='lat' dir='ltr'><strong>massa</strong></span> <span class='ocrx_word' id='word_1_864' title='bbox 3625 4898 3820 4972; x_wconf 82' lang='lat' dir='ltr'><strong>perdi-</strong></span> 
     </span>
    </p>
   </div>
   <div class='ocr_carea' id='block_1_111' title="bbox 2163 4987 3814 5061">
    <p class='ocr_par' dir='ltr' id='par_1_111' title="bbox 2163 4987 3814 5061">
     <span class='ocr_line' id='line_1_111' title="bbox 2163 4987 3814 5061; baseline -0.003 -12"><span class='ocrx_word' id='word_1_865' title='bbox 2163 4993 2338 5049; x_wconf 90' lang='lat' dir='ltr'><strong>tionis</strong></span> <span class='ocrx_word' id='word_1_866' title='bbox 2394 4995 2576 5046; x_wconf 77' lang='lat' dir='ltr'><strong>totius</strong></span> <span class='ocrx_word' id='word_1_867' title='bbox 2624 4988 2869 5044; x_wconf 88' lang='lat' dir='ltr'><strong>humani</strong></span> <span class='ocrx_word' id='word_1_868' title='bbox 2928 4988 3200 5061; x_wconf 90' lang='lat' dir='ltr'><strong>generis._</strong></span> <span class='ocrx_word' id='word_1_869' title='bbox 3231 4987 3395 5044; x_wconf 90' lang='lat' dir='ltr'><strong>Unde</strong></span> <span class='ocrx_word' id='word_1_870' title='bbox 3441 4987 3814 5060; x_wconf 79' lang='lat' dir='ltr'><strong>Apostolus:</strong></span> 
     </span>
    </p>
   </div>
   <div class='ocr_carea' id='block_1_112' title="bbox 2162 5076 3823 5148">
    <p class='ocr_par' dir='ltr' id='par_1_112' title="bbox 2162 5076 3823 5148">
     <span class='ocr_line' id='line_1_112' title="bbox 2162 5076 3823 5148; baseline -0.005 -10"><span class='ocrx_word' id='word_1_871' title='bbox 2162 5087 2278 5138; x_wconf 83' lang='lat' dir='ltr'><strong>Per</strong></span> <span class='ocrx_word' id='word_1_872' title='bbox 2306 5095 2504 5148; x_wconf 86' lang='lat' dir='ltr'><strong>unum,</strong></span> <span class='ocrx_word' id='word_1_873' title='bbox 2535 5077 2752 5148; x_wconf 91' lang='lat' dir='ltr'><strong>inquit,</strong></span> <span class='ocrx_word' id='word_1_874' title='bbox 2789 5077 3080 5133; x_wconf 75' lang='lat' dir='ltr'><strong>hominem</strong></span> <span class='ocrx_word' id='word_1_875' title='bbox 3109 5078 3173 5132; x_wconf 82' lang='lat' dir='ltr'><strong>in</strong></span> <span class='ocrx_word' id='word_1_876' title='bbox 3195 5076 3348 5134; x_wconf 84' lang='lat' dir='ltr'><strong>hunc</strong></span> <span class='ocrx_word' id='word_1_877' title='bbox 3377 5076 3660 5134; x_wconf 82' lang='lat' dir='ltr'><strong>mundum</strong></span> <span class='ocrx_word' id='word_1_878' title='bbox 3684 5091 3823 5146; x_wconf 81' lang='lat' dir='ltr'><strong>pec-</strong></span> 
     </span>
    </p>
   </div>
   <div class='ocr_carea' id='block_1_113' title="bbox 2161 5166 3824 5236">
    <p class='ocr_par' dir='ltr' id='par_1_113' title="bbox 2161 5166 3824 5236">
     <span class='ocr_line' id='line_1_113' title="bbox 2161 5166 3824 5236; baseline -0.004 -9"><span class='ocrx_word' id='word_1_879' title='bbox 2161 5177 2259 5228; x_wconf 82' lang='lat' dir='ltr'><strong>cat</strong></span> <span class='ocrx_word' id='word_1_880' title='bbox 2267 5187 2362 5224; x_wconf 87' lang='lat' dir='ltr'><strong>um</strong></span> <span class='ocrx_word' id='word_1_881' title='bbox 2375 5171 2539 5225; x_wconf 86' lang='lat' dir='ltr'><strong>intra</strong></span> <span class='ocrx_word' id='word_1_882' title='bbox 2546 5167 2711 5230; x_wconf 85' lang='lat' dir='ltr'><strong>vit,et</strong></span> <span class='ocrx_word' id='word_1_883' title='bbox 2735 5181 2843 5234; x_wconf 81' lang='lat' dir='ltr'><strong>per</strong></span> <span class='ocrx_word' id='word_1_884' title='bbox 2863 5171 3169 5234; x_wconf 80' lang='lat' dir='ltr'><strong>peccatum</strong></span> <span class='ocrx_word' id='word_1_885' title='bbox 3180 5175 3418 5236; x_wconf 74' lang='lat' dir='ltr'><strong>mors,et</strong></span> <span class='ocrx_word' id='word_1_886' title='bbox 3440 5166 3526 5222; x_wconf 88' lang='lat' dir='ltr'><strong>ita</strong></span> <span class='ocrx_word' id='word_1_887' title='bbox 3546 5166 3604 5220; x_wconf 83' lang='lat' dir='ltr'><strong>in</strong></span> <span class='ocrx_word' id='word_1_888' title='bbox 3616 5181 3706 5220; x_wconf 86' lang='lat' dir='ltr'><strong>om</strong></span> <span class='ocrx_word' id='word_1_889' title='bbox 3713 5181 3824 5221; x_wconf 69' lang='lat' dir='ltr'><strong>ne:</strong></span> 
     </span>
    </p>
   </div>
   <div class='ocr_carea' id='block_1_114' title="bbox 2159 5253 3824 5327">
    <p class='ocr_par' dir='ltr' id='par_1_114' title="bbox 2159 5253 3824 5327">
     <span class='ocr_line' id='line_1_114' title="bbox 2159 5253 3824 5327; baseline -0.003 -12"><span class='ocrx_word' id='word_1_890' title='bbox 2159 5259 2420 5315; x_wconf 78' lang='lat' dir='ltr'><strong>homines</strong></span> <span class='ocrx_word' id='word_1_891' title='bbox 2463 5254 2848 5327; x_wconf 76' lang='lat' dir='ltr'><strong>pertransiit,</strong></span> <span class='ocrx_word' id='word_1_892' title='bbox 2909 5253 2971 5308; x_wconf 86' lang='lat' dir='ltr'><strong>in</strong></span> <span class='ocrx_word' id='word_1_893' title='bbox 3023 5269 3136 5326; x_wconf 86' lang='lat' dir='ltr'><strong>quo</strong></span> <span class='ocrx_word' id='word_1_894' title='bbox 3181 5269 3380 5310; x_wconf 76' lang='lat' dir='ltr'><strong>omnes</strong></span> <span class='ocrx_word' id='word_1_895' title='bbox 3416 5261 3824 5326; x_wconf 73' lang='lat' dir='ltr'><strong>peccaverunt</strong></span> 
     </span>
    </p>
   </div>
   <div class='ocr_carea' id='block_1_115' title="bbox 2159 5340 3825 5418">
    <p class='ocr_par' dir='ltr' id='par_1_115' title="bbox 2159 5340 3825 5418">
     <span class='ocr_line' id='line_1_115' title="bbox 2159 5340 3825 5418; baseline -0.004 -13"><span class='ocrx_word' id='word_1_896' title='bbox 2159 5353 2340 5418; x_wconf 83' lang='lat' dir='ltr'><strong>(Rom.</strong></span> <span class='ocrx_word' id='word_1_897' title='bbox 2373 5362 2432 5412; x_wconf 90' lang='lat' dir='ltr'><strong>v,</strong></span> <span class='ocrx_word' id='word_1_898' title='bbox 2466 5345 2576 5411; x_wconf 89' lang='grc'>12).</span> <span class='ocrx_word' id='word_1_899' title='bbox 2611 5363 2640 5390; x_wconf 86' lang='grc'><strong>››</strong></span> <span class='ocrx_word' id='word_1_900' title='bbox 2690 5341 2760 5396; x_wconf 85' lang='lat' dir='ltr'><strong>Et</strong></span> <span class='ocrx_word' id='word_1_901' title='bbox 2804 5340 2989 5396; x_wconf 88' lang='lat' dir='ltr'><strong>item:</strong></span> <span class='ocrx_word' id='word_1_902' title='bbox 3044 5363 3065 5392; x_wconf 78' lang='grc' dir='ltr'>ι</span> <span class='ocrx_word' id='word_1_903' title='bbox 3116 5341 3419 5400; x_wconf 74' lang='lat' dir='ltr'><strong>Iudicium</strong></span> <span class='ocrx_word' id='word_1_904' title='bbox 3464 5359 3542 5398; x_wconf 66' lang='lat' dir='ltr'><strong>ex</strong></span> <span class='ocrx_word' id='word_1_905' title='bbox 3585 5357 3703 5397; x_wconf 79' lang='lat' dir='ltr'><strong>uno</strong></span> <span class='ocrx_word' id='word_1_906' title='bbox 3748 5341 3825 5399; x_wconf 64' lang='lat' dir='ltr'><strong>in</strong></span> 
     </span>
    </p>
   </div>
   <div class='ocr_carea' id='block_1_116' title="bbox 2159 5428 3826 5503">
    <p class='ocr_par' dir='ltr' id='par_1_116' title="bbox 2159 5428 3826 5503">
     <span class='ocr_line' id='line_1_116' title="bbox 2159 5428 3826 5503; baseline -0.004 -8"><span class='ocrx_word' id='word_1_907' title='bbox 2159 5432 2720 5500; x_wconf 80' lang='lat' dir='ltr'><strong>condemnationem,</strong></span> <span class='ocrx_word' id='word_1_908' title='bbox 2773 5433 2832 5484; x_wconf 86' lang='lat' dir='ltr'><strong>et</strong></span> <span class='ocrx_word' id='word_1_909' title='bbox 2885 5430 3032 5485; x_wconf 73' lang='lat' dir='ltr'><strong>sicut</strong></span> <span class='ocrx_word' id='word_1_910' title='bbox 3075 5447 3186 5503; x_wconf 81' lang='lat' dir='ltr'><strong>per</strong></span> <span class='ocrx_word' id='word_1_911' title='bbox 3215 5432 3392 5488; x_wconf 71' lang='lat' dir='ltr'><strong>unius</strong></span> <span class='ocrx_word' id='word_1_912' title='bbox 3427 5428 3714 5487; x_wconf 80' lang='lat' dir='ltr'><strong>delictum</strong></span> <span class='ocrx_word' id='word_1_913' title='bbox 3745 5431 3826 5489; x_wconf 75' lang='lat' dir='ltr'><strong>in</strong></span> 
     </span>
    </p>
   </div>
   <div class='ocr_carea' id='block_1_117' title="bbox 2159 5517 3742 5589">
    <p class='ocr_par' dir='ltr' id='par_1_117' title="bbox 2159 5517 3742 5589">
     <span class='ocr_line' id='line_1_117' title="bbox 2159 5517 3742 5589; baseline -0.006 -8"><span class='ocrx_word' id='word_1_914' title='bbox 2159 5539 2357 5586; x_wconf 76' lang='lat' dir='ltr'><strong>omnes</strong></span> <span class='ocrx_word' id='word_1_915' title='bbox 2395 5518 2649 5578; x_wconf 76' lang='lat' dir='ltr'><strong>homines</strong></span> <span class='ocrx_word' id='word_1_916' title='bbox 2693 5518 2758 5574; x_wconf 85' lang='lat' dir='ltr'><strong>in</strong></span> <span class='ocrx_word' id='word_1_917' title='bbox 2801 5518 3346 5578; x_wconf 79' lang='lat' dir='ltr'><strong>condemnationem</strong></span> <span class='ocrx_word' id='word_1_918' title='bbox 3391 5517 3599 5589; x_wconf 80' lang='lat' dir='ltr'><strong>(tbid.,</strong></span> <span class='ocrx_word' id='word_1_919' title='bbox 3630 5518 3742 5587; x_wconf 84' lang='lat'><strong>16).</strong></span> 
     </span>
    </p>
   </div>
   <div class='ocr_carea' id='block_1_118' title="bbox 2163 5605 3822 5687">
    <p class='ocr_par' dir='ltr' id='par_1_118' title="bbox 2163 5605 3822 5687">
     <span class='ocr_line' id='line_1_118' title="bbox 2163 5605 3822 5687; baseline -0.006 -10"><span class='ocrx_word' id='word_1_920' title='bbox 2163 5615 2308 5678; x_wconf 79' lang='lat' dir='ltr'><strong>Hinc</strong></span> <span class='ocrx_word' id='word_1_921' title='bbox 2363 5611 2604 5670; x_wconf 84' lang='lat' dir='ltr'><strong>sanctus</strong></span> <span class='ocrx_word' id='word_1_922' title='bbox 2651 5606 2997 5668; x_wconf 81' lang='lat' dir='ltr'><strong>Ambrosius</strong></span> <span class='ocrx_word' id='word_1_923' title='bbox 3052 5609 3114 5668; x_wconf 91' lang='lat' dir='ltr'><strong>in</strong></span> <span class='ocrx_word' id='word_1_924' title='bbox 3170 5605 3532 5687; x_wconf 80' lang='lat' dir='ltr'><strong>expositione</strong></span> <span class='ocrx_word' id='word_1_925' title='bbox 3587 5607 3758 5669; x_wconf 72' lang='lat' dir='ltr'><strong>Luce</strong></span> <span class='ocrx_word' id='word_1_926' title='bbox 3795 5623 3822 5672; x_wconf 67' lang='grc' dir='ltr'>ε</span> 
     </span>
    </p>
   </div>
   <div class='ocr_carea' id='block_1_119' title="bbox 3782 5539 3830 5573">
    <p class='ocr_par' dir='ltr' id='par_1_119' title="bbox 3782 5539 3830 5573">
     <span class='ocr_line' id='line_1_119' title="bbox 3782 5539 3830 5573; baseline 0 0"><span class='ocrx_word' id='word_1_927' title='bbox 3782 5539 3830 5573; x_wconf 69' lang='grc' dir='ltr'>σι</span> 
     </span>
    </p>
   </div>
  </div>
