4042 6188
266 351 378 422 137

987 353 1088 412 DE
1133 353 1891 415 PRIEDESTINATIONE
1937 355 2454 417 DlSSEIl’l‘A'l‘IO
2500 358 2959 420 PUS'l‘ERIOR.

3556 321 3679 423 θέε·

263 485 391 536 tum
422 485 587 538 extra
617 485 954 538 sanctorum
1005 487 1218 539 coetum
1269 485 1422 540 foras
1461 485 1665 556 jactat.
1691 485 1917 540 Paravit
1947 494 1990 560 Α
2027 487 2126 542 sed
2159 505 2264 542 sua
2283 487 2590 561 iniquitate
2613 507 2874 556 consors,
2897 491 3012 547 imo
3034 493 3220 564 portio
3243 493 3457 550 diaboli
3486 493 3672 550 efﬁci-

261 570 496 638 cazlum,
521 571 625 627 sed
649 571 873 644 paravit
895 577 950 628 ct
971 573 1282 628 Tartarum
1310 591 1322 629 :
1351 574 1574 646 paravit
1597 575 1913 648 refrigeria,

259 660 359 715 sed
383 659 612 731 paravit
633 660 813 716 etiam
835 665 1051 718 aeterna
1073 663 1397 736 supplicia:
1422 663 1646 736 paravit
1667 664 1915 720 inacces-

257 745 491 804 sibilem
523 749 741 818 lucem,
771 751 873 806 sed
909 750 1135 824 paravit
1163 752 1341 808 etiam
1381 756 1674 825 perpetem
1726 753 1915 810 noctis

253 841 482 894 vastam
513 843 908 912 aeternamque
929 839 1296 914 caliginem,»
1318 846 1374 898 et
1395 846 1635 897 sanctus
1660 841 1915 898 Hilarius

258 927 316 982 in
347 927 714 1000 expositione
743 944 918 984 cxvm
949 929 1163 1002 psalmi
1186 929 1356 1002 (vers.
1381 930 1700 1003 Concupivit
1725 933 1916 987 animo

256 1019 396 1085 mea)
425 1033 442 1072 ε
480 1017 616 1072 «An
646 1033 784 1074 cum
815 1035 885 1074 ex
915 1018 1073 1074 omni
1106 1018 1294 1075 otioso
1326 1020 1498 1076 verbo
1531 1019 1814 1076 rationem
1845 1019 1917 1075 si-

260 1121 392 1162 mus
423 1105 772 1179 przestituri,
804 1105 959 1163 diem
991 1107 1204 1178 judicii
1253 1109 1822 1182 concupisceremus,
1854 1107 1914 1164 in

259 1211 372 1268 quo
406 1195 583 1251 nobis
603 1199 692 1251 est
721 1193 820 1250 ille
839 1195 1169 1252 indefessus
1192 1195 1346 1268 ignis
1366 1197 1691 1264 obeundus,
1717 1195 1775 1251 in
1801 1214 1914 1269 quo

258 1284 572 1340 subeunda
600 1288 742 1340 sunt
769 1284 966 1357 gravia
993 1283 1094 1340 illa
1123 1285 1417 1358 expiandae
1448 1303 1482 1341 a
1503 1283 1754 1358 peccatis
1785 1285 1914 1341 ani-

262 1391 363 1430 mae
385 1371 725 1446 supplicia?
750 1395 778 1423 »
801 1373 948 1440 Quia
967 1390 1138 1430 nemo
1160 1373 1260 1430 Dei
1293 1374 1803 1448 praedestinatione
1823 1391 1918 1448 pe-

263 1462 356 1530 rit,
387 1467 450 1518 et
481 1461 779 1518 neminem
803 1462 956 1519 Deus
997 1462 1214 1518 deserit
1243 1467 1557 1536 antequam
1587 1464 1912 1532 deseratur,

264 1552 318 1606 in
349 1550 504 1607 libro
536 1551 609 1608 de
642 1550 846 1624 Lapsis
879 1567 892 1606 ε
927 1575 954 1601 ‹‹
981 1553 1164 1618 Quam
1199 1551 1335 1620 vim,
1359 1551 1572 1624 inquit,
1597 1555 1790 1624 potest
1819 1551 1916 1607 ob-

263 1640 502 1696 tendere
532 1656 651 1712 qua
677 1639 898 1696 crimen
931 1643 1306 1712 purget,cum
1330 1639 1445 1696 vim
1467 1640 1657 1713 magis
1679 1640 1804 1714 ipse
1834 1640 1914 1696 fc-

261 1729 402 1786 cerit
433 1733 502 1785 ut
549 1728 804 1802 periret?
834 1750 863 1778 »
893 1729 965 1784 Et
995 1728 1076 1784 ita
1113 1729 1184 1784 de
1233 1728 1378 1784 libro
1431 1727 1914 1802 Paralipomenon

261 1818 536 1892 preponit
558 1817 741 1891 (Cypr.
770 1816 836 1874 de
863 1817 1074 1875 eccliort.
1095 1815 1368 1891 Martyrii,
1391 1820 1546 1890 epist.
1574 1818 1645 1873 ad
1667 1819 1868 1874 Fortun
1897 1861 1911 1886 ,

259 1926 374 1980 cap.
423 1909 535 1977 8):
563 1907 829 1964 Dominus
876 1905 1153 1970 vobiscum
1207 1914 1288 1963 est
1341 1907 1587 1980 quandiu
1641 1915 1766 1964 estts
1819 1923 1911 1963 vos

256 2014 378 2053 cum
427 2000 547 2070 ipso
577 2014 599 2051 :
629 1998 683 2052 si
729 2005 912 2052 autem
967 1995 1406 2070 derelinqueritis
1451 2013 1594 2066 eum,
1644 1996 1915 2069 relinquet

259 2103 346 2143 eos
367 2087 440 2159 (II
467 2087 602 2142 Par.
632 2103 727 2152 xv,
757 2085 836 2156 2).
857 2083 1287 2140 Praescientiam
1336 2101 1566 2157 quoque
1611 2101 1725 2140 non
1766 2101 1910 2157 pra:-

259 2173 712 2230 destinationem
743 2171 845 2228 Dei
877 2173 950 2227 ad
977 2188 1208 2244 pmnam
1239 2172 1474 2240 docens,
1507 2172 1576 2227 de
1605 2171 1752 2227 libro
1788 2171 1916 2226 Ma-

258 2266 636 2322 chabzeorum
694 2264 779 2320 ita
837 2263 1167 2337 exemplum
1217 2263 1488 2337 proponit
1543 2263 1741 2319 dicens
1771 2253 1909 2337 (cap.

261 2357 347 2424 15)
381 2373 397 2410 :
433 2379 460 2406 ι(
491 2353 772 2422 Quintus,
805 2353 1018 2426 inquit,
1053 2357 1260 2426 przeter
1307 2354 1460 2425 quod
1509 2353 1909 2409 carniﬁcinam

256 2443 509 2516 regis,et
541 2444 723 2500 duros
743 2443 1051 2514 variosque
1081 2441 1375 2497 cruciatus
1407 2442 1536 2497 ﬁdei
1567 2438 1760 2516 vigore
1789 2441 1911 2498 cal-

254 2533 444 2600 cabat,
481 2533 558 2588 ad
589 2531 1019 2605 przescientiam
1043 2547 1273 2604 quoque
1305 2536 1361 2587 et
1395 2531 1662 2587 notitiam
1686 2532 1909 2586 futuro-

252 2639 406 2690 rum,
438 2620 656 2695 spiritu
686 2620 1012 2676 divinitatis
1041 2621 1357 2688 animatus,
1393 2619 1758 2692 prophetavit
1789 2620 1908 2694 regi

251 2709 720 2784 indignationem
734 2709 834 2766 Dei
855 2713 912 2766 et
935 2708 1217 2764 ultionem
1248 2707 1524 2764 velociter
1543 2714 1906 2766 secuturam:

249 2801 591 2866 Potestutem,
627 2797 841 2870 inquit,
876 2799 1020 2854 inter
1057 2797 1302 2854 homines
1351 2797 1513 2853 habes
1544 2797 1612 2870 (II
1645 2798 1774 2854 Mac.
1808 2816 1907 2866 vn,

250 2889 354 2956 16),
387 2893 446 2944 et
495 2886 726 2959 reliqua
779 2903 906 2960 qua:
962 2887 1356 2960 prosequitur.
1395 2910 1422 2937 ››
1457 2887 1528 2941 Et
1584 2891 1716 2959 post
1761 2905 1908 2959 pau-

246 2976 434 3032 lulum
468 2994 483 3032 :
517 3001 547 3026 «
577 2976 694 3032 Nec
727 2975 875 3031 tanti
907 2975 1101 3048 inquit
1128 2993 1256 3032 esse
1289 2975 1734 3046 lucraribrevia
1779 2977 1907 3030 vita:

247 3071 567 3136 momenta,
599 3068 669 3120 ut
699 3063 918 3121 otl'euso
950 3065 1065 3121 Deo
1095 3065 1391 3121 incurrere
1422 3068 1638 3120 aeterna
1687 3064 1908 3138 suppli-

247 3155 354 3210 cia.
386 3179 420 3204 ››
445 3157 571 3221 Quo
601 3153 867 3227 exemplo
898 3154 1404 3226 ostenditur,quia
1425 3171 1541 3210 non
1559 3153 1734 3209 homo
1763 3171 1906 3226 pra:-

1944 1863 1990 1930 B

2026 579 2138 643 tur,
2169 581 2427 633 tractans
2475 595 2709 634 versum
2763 579 2896 634 Feci
2939 581 3228 646 iudicium
3275 589 3329 638 et
3361 581 3673 654 justitiam

2025 666 2202 734 (l’sal.
2221 685 2412 736 cxvm,
2434 668 2576 736 121),
2597 668 2713 722 ait:
2745 692 2764 717 «
2789 667 2900 739 Qui
2920 669 3119 724 colant
3138 669 3355 726 divites
3375 667 3510 742 ﬁeri
3529 671 3676 728 inci-

2023 754 2170 810 dunt
2194 757 2255 811 in
2273 757 2659 812 tentationcm
2679 762 2734 812 et
2762 756 3034 830 laqueum
3053 756 3156 814 dia
3166 757 3352 828 boli(l
3371 759 3521 815 Tim.
3534 758 3672 830 v1).»

2023 843 2093 898 Et
2111 843 2251 898 item
2278 861 2290 900 :
2323 865 2342 894 α
2359 845 2723 918 Mortificate
2746 863 2888 920 ergo
2912 847 3173 903 membra
3195 855 3393 904 vestra
3413 854 3677 921 quaesunt

2019 947 2196 1001 super
2224 937 2476 1002 terram,
2497 933 2972 1006 fornicationem,
2997 935 3460 1004 immunditiam,
3478 933 3678 992 libidi-

2022 1037 2176 1088 nem,
2198 1023 2725 1092 concupiscentiam
2748 1023 3001 1094 malam,
3025 1035 3080 1081 et
3101 1025 3421 1084 avaritiam
3437 1043 3562 1100 quae
3589 1035 3676 1090 est

2023 1109 2387 1167 idololatria
2412 1113 2557 1182 (Col.
2575 1115 2750 1182 111,5).
2777 1114 2838 1170 In
2871 1112 2964 1170 his
2987 1114 3144 1170 enim
3169 1113 3384 1172 diaboli
3407 1114 3673 1175 volunta-

2023 1202 2143 1273 tem
2187 1197 2454 1266 facimus,
2485 1204 2542 1256 et
2588 1201 2966 1273 exsequimur
3013 1207 3387 1276 potestatem,
3421 1204 3522 1278 qui
3573 1224 3676 1280 per

2023 1288 2216 1344 carnis
2243 1287 2418 1344 istius
2439 1289 2728 1346 desideria
2750 1289 3106 1346 incentivum
3125 1308 3244 1348 suae
3285 1291 3510 1350 fraudis
3539 1311 3674 1368 ope-

2025 1379 2634 1452 ratur.Quemcunque
2654 1395 2790 1451 ergo
2817 1377 2874 1433 in
2897 1379 3170 1436 vitiorum
3189 1397 3433 1438 suorum
3447 1400 3677 1457 posses-

2025 1463 2188 1520 sione
2219 1465 2515 1537 repererit,
2535 1469 2818 1538 tanquam
2839 1465 3154 1523 obnoxium
3195 1486 3302 1525 suo
3333 1469 3456 1541 juri
3486 1469 3673 1528 vindi-

2023 1553 2518 1610 cat.Adulterium
2545 1554 2678 1626 quis
2711 1553 3174 1624 t'acit,luxuriam
3214 1561 3460 1626 exercet,
3482 1558 3676 1618 aliena

2023 1641 2244 1714 diripit,
2262 1642 2448 1716 portio
2494 1643 2709 1699 diaboli
2740 1648 2828 1700 est
2853 1660 2865 1700 :
2892 1645 3140 1717 pudicus
3179 1651 3376 1702 autem
3399 1652 3454 1704 ct
3487 1646 3674 1704 conti-

2023 1748 2189 1800 nens,
2213 1737 2270 1786 et
2299 1732 2653 1802 misericors,
2681 1732 2896 1790 Christi
2929 1734 3114 1805 portio
3147 1739 3256 1792 est.
3289 1733 3505 1793 Christi
3537 1752 3674 1810 ergo

2023 1837 2254 1876 servum
2286 1820 2397 1877 sibi
2421 1839 2536 1878 non
2570 1827 2763 1895 potest
2784 1821 3098 1892 vindicare,
3123 1824 3237 1880 nisi
3260 1825 3408 1882 forte
3440 1819 3680 1898 lapSumj

2019 1909 2078 1964 in
2111 1909 2252 1966 vilia
2281 1910 2746 1982 deprehenderit.
2765 1911 2847 1968 Ne
2865 1917 2991 1968 tum
3015 1912 3253 1984 quidem
3273 1913 3550 1982 vindicat,
3570 1915 3671 1972 sed

2020 2003 2300 2070 tanquam
2324 2016 2498 2054 suum
2521 1997 2633 2056 sibi
2666 1999 2813 2056 tradi
2837 1999 3116 2072 postulat.
3141 2024 3170 2051 ››
3194 2003 3264 2057 Et
3293 1998 3468 2074 paulo
3497 2006 3632 2074 post
3655 2017 3670 2058 :

2021 2111 2048 2138 α
2074 2087 2243 2144 Ponit
2260 2087 2533 2144 thronum
2552 2105 2728 2144 suum
2741 2087 3011 2146 diabolus
3029 2107 3206 2162 super
3221 2089 3674 2164 sidera,quando

2019 2175 2272 2232 electum
2293 2177 2539 2250 decepit,
2565 2179 2797 2250 quando
2811 2179 3045 2250 justum
3079 2178 3479 2248 circumvenit,
3501 2181 3674 2252 cujus

2020 2283 2195 2338 opera
2217 2265 2412 2321 lucent
2427 2266 2582 2322 sicut
2603 2266 2782 2322 stella:
2807 2267 2863 2322 in
2887 2267 3260 2326 cmlo.Noune
3279 2269 3666 2343 etJudaspro—

2021 2355 2174 2410 diter
2195 2355 2346 2410 inter
2386 2360 2622 2410 caeteros
2654 2356 2950 2422 audiebat,
2975 2361 3090 2412 Vos
3119 2359 3258 2414 estis
3299 2359 3400 2414 tua:
3427 2358 3675 2416 rotundi?

2020 2443 2254 2512 (Matth.
2275 2445 2432 2516 ν,14)
2459 2461 2648 2500 nonne
2670 2443 2940 2500 diabolus
2963 2443 3162 2502 lumen
3195 2447 3324 2518 ejus
3361 2445 3675 2506 exstinxit?

2019 2533 2168 2598 Quin
2201 2532 2374 2588 etiam
2383 2576 2401 2604 ,
2417 2550 2564 2605 quos
2587 2550 2701 2588 non
2725 2533 2980 2605 potuerit
3002 2533 3672 2602 circumvenire,calum-

2020 2622 2220 2678 niatur
2240 2621 2506 2678 invidens
2533 2622 2694 2696 regni
2711 2621 2964 2679 cmlestis
2983 2622 3230 2696 gloriam
3254 2641 3267 2680 :
3293 2628 3358 2680 ut
3379 2641 3528 2698 quos
3545 2623 3672 2682 ille-

2018 2709 2209 2765 cebris
2230 2709 2354 2765 suis
2378 2726 2411 2764 a
2431 2707 2664 2766 Christo
2688 2711 3016 2786 non‘potuit
3036 2728 3435 2784 separarc,eos
3455 2711 3674 2778 calum-

2019 2797 2134 2854 niis
2165 2797 2288 2854 suis
2315 2797 2493 2853 debiti
2526 2797 2764 2854 honoris
2795 2799 2987 2855 fructu
3020 2799 3292 2856 fraudare
3343 2803 3608 2858 conetur.
3640 2824 3670 2852 »

2089 2888 2160 2942 Et
2187 2891 2429 2943 sanctus
2455 2886 2712 2944 Joannes
2743 2887 3426 2960 Constantinopolitanus
3455 2890 3676 2963 episco«

2018 2994 2149 3049 pus,
2173 2976 2343 3048 cujus
2373 2975 2656 3048 exemplis
2687 2977 2854 3032 sedes
2885 2975 3204 3048 apostolica
3233 2994 3370 3034 cum
3417 2977 3669 3036 aliorum

2017 3064 2223 3120 mundi
2242 3063 2630 3130 luminum,et
2650 3063 2856 3120 beatus
2875 3064 3242 3137 Augustinus
3263 3069 3466 3121 contra
3485 3065 3668 3120 Julia-

2018 3172 2160 3210 num
2192 3169 2612 3226 smpenumero,
2645 3157 2702 3209 et
2731 3152 2790 3208 in
2823 3151 2954 3208 aliis
2984 3151 3285 3226 opusculis
3329 3151 3474 3223 suis,
3507 3151 3666 3210 velut

249 3244 583 3300 destinatur
611 3243 783 3300 aDeo
805 3244 879 3299 ad
902 3261 1154 3316 pmnam,
1180 3245 1280 3299 sed
1314 3243 1440 3316 ipse
1478 3261 1580 3316 per
1609 3243 1904 3316 propriam
1946 3231 1988 3300 C
2020 3242 2228 3300 malleo
2273 3241 2596 3298 fortissimo
2645 3241 2716 3296 ad
2760 3241 3209 3313 conquassalnda
3257 3241 3450 3315 capita
3495 3241 3673 3298 haere-

250 3333 626 3407 iniquitatem
647 3349 880 3405 pmnam
911 3332 1252 3388 incurrit.Et
1271 3331 1410 3387 alibi
1435 3332 1522 3401 (de
1539 3333 1688 3389 Bono
1706 3335 1916 3406 patien-

252 3423 365 3494 tur)
389 3439 693 3495 exponens
711 3421 1078 3496 Apostolum,
1093 3420 1431 3476 thesaurizas
1459 3422 1560 3478 tibi
1582 3422 1908 3494 iram(Itom.

255 3513 352 3583 ιι),
385 3517 446 3567 et
474 3510 964 3584 reliqua,justum
987 3511 1282 3583 judicium
1304 3511 1406 3566 Dei
1435 3529 1562 3568 esse
1596 3511 1915 3584 dixit,quiu

255 3617 453 3656 serum
479 3601 741 3673 est,quia
761 3601 862 3656 diu
885 3599 1255 3674 multumque
1285 3601 1568 3666 differtur,
1593 3604 1658 3656 ut
1688 3599 1912 3657 homini

254 3689 324 3744 ad
356 3689 543 3745 vitam
565 3687 743 3762 longa
756 3688 851 3745 Dei
871 3689 1152 3762 patientia
1171 3687 1532 3745 consulatur.
1560 3690 1626 3744 Et
1653 3693 1750 3746 74
1775 3694 1911 3746 tunc

253 3781 710 3851 repraesentetur
740 3795 912 3852 pcnna
943 3777 1122 3850 impio
1143 3782 1200 3833 et
1218 3777 1770 3852 peccatori,quando
1784 3779 1910 3851 jam

252 3885 368 3922 non
401 3871 600 3940 potest
629 3865 975 3939 pmnitentia
1004 3867 1281 3939 prodesse
1304 3867 1588 3940 peccanti.

322 3955 395 4011 Et
423 3961 671 4012 sanctus
696 3955 1209 4022 Ambrosius,cum
1242 3962 1553 4028 exponeret
1575 3957 1646 4012 de
1682 3955 1913 4013 Psalmo

253 4060 454 4115 cxvxu,
484 4046 610 4101 Fiat
634 4045 1016 4102 misericordia
1038 4053 1131 4100 tua
1178 4053 1240 4101 ut
1285 4045 1589 4102 consoletur
1615 4063 1720 4112 me,
1755 4063 1913 4102 com-

255 4134 549 4190 mendans
574 4133 826 4206 gratiam
876 4133 1000 4202 Dei,
1022 4157 1050 4186 ‹‹
1083 4131 1267 4208 Moysi
1315 4133 1493 4202 enim,
1529 4134 1740 4206 inquit,
1773 4135 1917 4191 dicit

256 4222 435 4290 Deus,
490 4222 783 4279 Miserebor
815 4225 972 4296 cujus
1027 4225 1284 4281 misertus
1339 4240 1451 4290 ero,
1501 4231 1554 4280 et
1603 4224 1914 4281 misericor-

252 4311 412 4368 diam
455 4313 728 4385 pra’stabo
773 4314 868 4369 cui
913 4313 1348 4370 misericordiam
1391 4314 1692 4386 praestitero
1719 4312 1912 4381 (Exod.

253 4417 460 4469 χχχιιι,
494 4401 602 4468 19).
635 4401 808 4474 Igitur
848 4419 961 4460 non
1005 4410 1086 4460 est
1133 4403 1362 4459 volentis
1404 4419 1577 4476 neque
1623 4403 1914 4470 currentis,

251 4490 354 4548 sed
382 4493 690 4547 miserentis
717 4492 818 4568 Dei
845 4491 1018 4565 (Rom.
1049 4510 1126 4560 IX,
1160 4493 1268 4563 16).
1301 4493 1450 4564 Ergo
1482 4507 1598 4546 non
1637 4491 1918 4548 debemus

2020 3332 2291 3400 ticorum,
2329 3337 2386 3388 et
2439 3330 2714 3386 verticem
2763 3329 2956 3404 capilli
3014 3329 3550 3403 perambulantium
3609 3331 3670 3388 in

2021 3420 2248 3478 delictis
2307 3420 2452 3488 suis,
2500 3419 2902 3476 auctoritative
2962 3424 3226 3476 utuntur.
3279 3420 3344 3477 In
3401 3417 3549 3477 libro
3600 3421 3683 3476 de'

2023 3510 2408 3583 Reparatioue
2438 3507 2587 3581 lapsi
2617 3508 2702 3564 ita
2730 3507 2872 3565 dicit
2921 3509 2992 3564 ad
3024 3507 3218 3565 locum
3254 3526 3268 3566 :
3306 3531 3334 3561 ‹‹
3365 3509 3674 3583 Propterea

2022 3599 2200 3669 enim,
2235 3598 2526 3671 inquiens,
2560 3597 2775 3654 creavit
2805 3615 2910 3654 nos
2941 3598 3116 3666 Deus,
3143 3602 3200 3654 et
3236 3614 3364 3655 esse
3402 3597 3539 3656 fecit
3569 3598 3670 3672 qui

2023 3706 2138 3744 non
2193 3705 2449 3754 eramus,
2479 3691 2546 3742 ut
2604 3691 2818 3742 interna
2867 3686 2926 3742 in
2978 3703 3086 3742 nos
3117 3687 3378 3744 conferat
3409 3687 3581 3756 bona,
3615 3691 3674 3742 et

2022 3781 2256 3852 praestet
2286 3793 2465 3850 regna
2493 3774 2791 3832 cmlorum.
2823 3775 2949 3831 Non
2977 3775 3134 3832 enim
3173 3793 3281 3832 nos
3328 3775 3399 3832 ad
3437 3775 3530 3832 15
3563 3774 3672 3831 hoc

2023 3867 2159 3924 fecit
2190 3870 2254 3922 ut
2299 3865 2578 3939 gehennzn
2610 3882 2716 3920 nos
2749 3865 2942 3920 tradat
2971 3864 3211 3939 ignique
3236 3868 3537 3938 perpetuo.
3571 3865 3674 3922 Re-

2021 3973 2205 4030 gnum
2237 3953 2513 4010 ccelorum
2544 3957 2780 4027 propter
2809 3971 2936 4023 nos,
2957 3953 3226 4028 gebenna
3270 3957 3508 4028 propter
3543 3953 3673 4010 dia-

2023 4044 2226 4102 bolum
2267 4044 2419 4100 t'acta
2447 4049 2556 4099 est.
2588 4043 2658 4099 Et
2688 4043 2797 4099 hoc
2827 4043 2911 4098 ita
2939 4059 3069 4099 esse
3099 4060 3168 4100 ex
3210 4043 3536 4118 Evangeliis
3571 4041 3674 4100 do-

2024 4151 2208 4191 ceam.
2243 4135 2372 4206 Ipse
2401 4132 2618 4189 etenim
2645 4131 2924 4188 Dominus
2955 4131 3098 4188 dicit
3125 4131 3218 4188 his
3251 4131 3353 4204 qui
3383 4149 3417 4188 a
3457 4129 3679 4190 dextris

2025 4225 2184 4291 sunt,
2201 4224 2420 4288 Venite,
2436 4221 2726 4278 benedicti
2739 4221 2934 4276 Patris
2949 4221 3062 4276 mei
3086 4237 3100 4275 :
3121 4220 3408 4290 percipite
3425 4235 3678 4293 regnum

2025 4311 2174 4384 quod
2237 4321 2514 4380 paratum
2565 4320 2645 4367 est
2703 4311 2862 4366 vobis
2905 4326 2942 4364 ιι
2999 4308 3413 4366 constitutione
3473 4307 3680 4381 mundi

2026 4400 2254 4474 (Matth.
2286 4416 2415 4467 xxv,
2443 4400 2558 4469 34).
2593 4399 2713 4456 Illis
2773 4401 2971 4454 autem
3020 4396 3119 4470 qui
3167 4414 3202 4454 a
3249 4393 3508 4453 sinistris
3537 4399 3680 4454 sunt

2028 4489 2190 4559 dicit,
2210 4489 2500 4546 Discedite
2527 4506 2563 4544 a
2585 4486 3040 4557 me,maledicti,
3065 4487 3126 4542 in
3147 4487 3344 4561 ignem
3365 4491 3677 4555 aeternum,

251 4578 406 4636 velle
435 4577 534 4671 vel
555 4581 823 4636 currere?
849 4581 1025 4655 Atqui
1079 4579 1440 4654 negligentes
1471 4580 1627 4636 Deus
1657 4581 1918 4637 deserere
1946 4602 1994 4671 Β
2025 4581 2126 4655 qui
2153 4583 2536 4671 paratasest,
2561 4576 2863 4671 nondum
2894 4576 3460 4671 cobis,s_ed_diaboto
3485 4581 3547 4671 et
3576 4592 3680 4648 an:

252 4667 586 4726 consuevit.
609 4668 735 4725 Non
765 4685 902 4742 ergo
927 4669 1035 4726 hoc
1065 4669 1228 4738 dicit,
1252 4670 1352 4726 se'l
1385 4668 1529 4742 quid
1577 4668 1732 4724 dicat
1775 4686 1917 4724 con-

253 4758 616 4814 sideremus.
645 4757 770 4814 Non
808 4757 1052 4815 volentis
1084 4775 1273 4831 neque
1321 4757 1612 4814 currentis
1664 4757 1920 4818 hominis

252 4845 696 4920 perseverantia
725 4851 832 4902 est.
882 4846 1008 4903 Non
1057 4851 1148 4903 est
1194 4847 1351 4903 enim
1403 4847 1461 4902 in
1514 4846 1772 4918 hominis
1819 4863 1918 4918 po-

254 4939 500 5002 testate,
561 4933 663 4991 sed
711 4934 1044 4992 miserentis
1093 4937 1194 4992 Dei
1247 4941 1357 5004 est,
1406 4941 1471 4991 ut
1521 4935 1712 5007 possis
1756 4953 1919 4992 com-

250 5024 426 5098 plere
456 5041 584 5095 quae
617 5023 880 5097 coeperis.
913 5024 1175 5098 Denique
1226 5025 1440 5081 iterum
1495 5025 1656 5094 dicit,
1691 5025 1830 5096 Quin
1859 5027 1920 5080 in

252 5113 364 5170 hoc
397 5113 579 5184 ipsum
622 5121 674 5169 te
717 5115 1001 5182 suscitari,
1033 5122 1096 5171 ut
1139 5114 1416 5171 ostendam
1463 5116 1522 5170 in
1571 5123 1620 5170 te
1669 5115 1920 5170 virtutem

253 5201 763 5272 mam(£xod.1x,
790 5204 900 5272 16).
934 5202 1240 5278 Colligitur
1270 5220 1426 5277 ergo,
1447 5202 1916 5260 adhortationem

253 5291 480 5346 divinae
513 5290 927 5347 misericordiae
981 5293 1402 5366 deputandum.
1440 5292 1602 5348 Unde
1649 5291 1936 5365 sequitur,

258 5381 424 5454 Ergo
448 5381 546 5436 cui
571 5381 690 5436 vult
715 5383 1030 5448 miseretur,
1060 5391 1114 5438 et
1139 5399 1296 5460 quem
1335 5383 1451 5438 vult
1494 5383 1720 5438 indurat
1763 5383 1932 5455 (Rom.

254 5486 342 5538 ιι,
387 5469 649 5539 17,18):
686 5468 845 5526 hunc
894 5470 1212 5526 miseratus
1260 5470 1548 5536 hortatur,
1600 5468 1766 5525 illum
1823 5488 1938 5527 non

260 5561 508 5614 revocat
537 5562 942 5616 exsecratus.»
968 5559 1114 5617 Item
1146 5559 1287 5632 quia
1313 5578 1429 5616 non
1457 5559 1756 5614 hominem
1786 5559 1940 5616 Deus

259 5643 719 5724 praedestinavit
753 5647 826 5706 ad
857 5646 1076 5722 ignem,
1105 5653 1161 5706 et
1190 5647 1407 5708 diaboli
1435 5647 1564 5706 ﬁeri
1591 5651 1940 5719 consortem,

592 5775 864 5841 PATBOL.
911 5768 1135 5841 CXXV.

2027 4664 2838 4742 gelisejas(ibid.,4l).Siergo
2849 4663 3399 4737 propterdiabolum
3413 4664 3683 4740 gehenua

2028 4757 2202 4830 ignis,
2222 4759 2458 4828 propter
2483 4753 2780 4810 hominem
2812 4770 3060 4827 regnum
3091 4752 3371 4810 caelorum
3401 4771 3436 4810 ο.
3464 4753 3682 4811 consti-

2029 4845 2254 4902 tutione
2285 4843 2478 4900 saeculi
2513 4847 2902 4916 praeparatum
2925 4846 3282 4910 est,tantum
3308 4847 3398 4901 est
3437 4859 3510 4900 ne
3541 4860 3679 4902 nos-

2029 4935 2164 4992 meti
2173 4950 2310 5008 psos
2332 4933 2405 4988 ab
2437 4933 2705 5005 ingressu
2728 4932 3016 4988 bonorum
3040 4932 3407 5005 persistendo
3429 4931 3489 4988 in
3511 4931 3683 4988 malis

2028 5023 2405 5098 pertinaciter
2429 5021 2832 5078 excludamus.
2848 5023 3042 5078 Donec
3063 5022 3218 5077 enim
3242 5039 3451 5078 sumus
3473 5021 3534 5076 in
3571 5021 3682 5077 hac

2026 5115 2144 5170 vita
2181 5116 2636 5184 quantacunque
2675 5111 2843 5167 nobis
2883 5110 3200 5168 acciderint
3227 5097 3686 5183 pcccata,possi-

1999 5252 2006 5259 .
2029 5201 2143 5257 bile
2175 5203 2264 5255 est
2294 5199 2514 5255 absolvi
2537 5199 2736 5255 omnia
2756 5216 2859 5272 per
2879 5199 3305 5273 pmnitentiam.
3321 5198 3464 5254 Cum
3487 5200 3684 5254 autem

2043 5288 2280 5344 abducti
2314 5287 2599 5345 fuerimus
2621 5289 2692 5344 de
2721 5287 2832 5344 hoc
2861 5288 3185 5356 saeculo,ibi
3205 5288 3334 5360 jam
3365 5283 3541 5340 etiam
3573 5301 3690 5360 pm:

2047 5379 2254 5434 nitebit
2286 5395 2392 5434 nos
2427 5395 2438 5432 :
2474 5377 2639 5434 valde
2668 5379 2824 5434 enim
2871 5377 3188 5451 pmnitebit,
3220 5375 3323 5432 sed
3376 5371 3538 5430 nulla
3578 5373 3689 5432 erit

2048 5467 2272 5525 utilitas
2288 5466 2663 5540 poenitentiae.
2679 5468 2750 5522 Et
2765 5466 2896 5522 licet
2919 5467 2995 5521 sit
3015 5463 3230 5520 stridor
3248 5462 3536 5532 dentium,
3553 5461 3691 5529 licet

2049 5556 2308 5614 ululatus
2325 5561 2382 5613 et
2402 5557 2630 5625 ﬂetus,»
2647 5561 2706 5612 ct
2722 5555 2943 5626 reliqua
2959 5569 3083 5625 qua:
3104 5552 3499 5626 prosequitur.
3523 5551 3686 5622 Quod

2047 5645 2382 5724 exemplum
2393 5641 2834 5706 catholicissimi
2846 5641 2951 5700 viri
2961 5640 3135 5712 ,sicut
3151 5642 3534 5721 etcujuslibet
3551 5641 3689 5705 alio~

3317 5772 3356 5836 5
