4042 6188
360 323 474 384 139

1209 319 1662 384 HINCMARUS
1709 317 2160 381 RHEMENSIS
2208 317 2902 384 ARCHIEPISCOPUS.

3645 321 3782 382 140

354 472 482 512 rum
508 471 656 526 quos
669 455 976 526 posuimus
993 471 1056 508 ac
1069 455 1654 525 ponexnus,sul'licere
1677 455 1904 524 poterat
1933 452 2002 506 ad
2036 452 2090 518 Α
2122 435 2379 507 hominis
2409 451 2757 520 amittimus,
2792 452 2892 524 qui
2917 452 3168 525 gratiam
3199 452 3456 508 hominis
3485 468 3601 508 non
3623 456 3758 510 tene

355 546 576 598 rectam
605 542 1050 613 intelligentiam
1069 534 1618 607 etauetoritatem,si
1647 542 1704 596 in
1730 539 2017 596 contradi-

354 631 622 686 centibus
653 633 902 702 majores
925 636 1118 702 partes
1155 633 1442 703 potuisset
1483 632 1696 687 habere
1719 631 1858 686 recti
1885 648 2017 684 eon-

353 721 568 786 sensio,
592 737 768 792 quam
792 721 1294 790 pravacontentio.
1323 723 1506 786 Quem
1529 737 1807 793 magnum
1825 719 2014 774 virum

355 808 416 877 in
440 808 681 880 synodo,
707 813 768 862 ct
789 807 963 862 etiam
985 807 1044 862 in
1062 808 1186 864 suis
1200 809 1454 881 scriptis,
1481 808 1898 864 Gothescaleus
1927 825 2014 862 re-

359 897 579 969 probus
597 896 989 968 reprehendit.
1017 899 1126 952 Sed
1146 899 1532 971 Augustinus.
1557 899 1777 970 probus
1791 898 1863 951 ad
1878 913 2016 950 suas

359 985 794 1040 conﬁrmandus
849 986 1189 1054 sententias,
1215 986 1536 1058 smpissime
1589 984 2010 1058 apprehendit:

360 1089 534 1145 quem
549 1077 604 1129 et
617 1090 722 1129 nos
737 1079 1048 1146 sequentes
1065 1073 1604 1146 amplectimur,qui
1618 1074 1809 1144 gratia
1820 1071 1918 1128 Dei
1935 1072 2016 1126 di-

358 1161 556 1217 vinam
571 1163 877 1217 scientiam
895 1166 950 1216 et
968 1163 1142 1218 ﬁdem
1157 1161 1505 1218 catholicam
1519 1161 1984 1234 comprehendit.

429 1251 503 1306 Et
533 1268 605 1306 ne
635 1251 879 1323 quilibet
909 1251 1254 1322 pertinaces,
1276 1253 1420 1306 ﬁdes
1454 1252 1669 1306 (idibus
1701 1250 2018 1306 contentio-

361 1355 504 1394 num
537 1343 836 1412 augentes,
868 1339 1084 1412 quibus
1125 1341 1193 1394 ad
1246 1341 1337 1395 sui
1394 1339 1709 1412 perniciem
1759 1338 2016 1410 amplius

360 1428 1144 1502 constringantur,jaetitcnt
1166 1430 1303 1500 quia
1325 1429 1582 1484 diximus
1603 1427 1864 1501 reprobis
1895 1445 2013 1499 pm-

358 1535 495 1574 nam
520 1517 1015 1590 praedestinatum,
1035 1522 1090 1572 et
1117 1535 1184 1572 ex
1214 1517 1393 1588 hujus
1423 1517 1760 1574 testimonio
1781 1518 2016 1572 demon-

357 1611 773 1674 stramus,non
805 1605 1170 1675 hominibus,
1191 1607 1290 1662 sed
1325 1606 1556 1662 diabolo
1582 1607 1772 1677 ignem
1801 1623 2016 1677 praapa-

357 1699 551 1750 ratum
565 1697 1030 1760 asternum,atten
1041 1693 1153 1748 tius
1167 1695 1409 1749 audiant
1427 1712 1553 1766 qua:
1572 1695 1664 1748 hic
1678 1693 1762 1749 vir
1774 1699 2014 1749 sanctus

358 1781 769 1854 prosequitur:
798 1783 1092 1838 «Tantum
1115 1784 1604 1856 est,inquiens,ne
1623 1783 2016 1854 nosmetipsos

359 1875 432 1926 ab
455 1870 722 1943 ingressu
747 1871 1031 1926 bonorum
1058 1871 1404 1942 persistendi
1431 1873 1488 1927 in
1513 1871 1684 1927 malis
1706 1871 2016 1944 pertinaci-

362 1962 452 2013 ter
479 1957 860 2014 exeludamus
893 1976 906 2014 :
941 1960 1274 2015 desinentes
1307 1961 1530 2016 scilicet
1549 1978 1677 2016 esse
1699 1961 1855 2032 quod
1885 1961 2019 2014 l‘acti

365 2046 954 2118 Sumus,incipialnus
977 2065 1102 2102 esse
1119 2047 1254 2102 vitio
1278 2053 1474 2104 nostro
1496 2049 1649 2120 quod
1679 2047 1801 2102 fieri
1823 2047 2018 2119 prohi-

367 2135 832 2202 bemus,dicente
863 2135 1056 2192 divino
1089 2153 1376 2203 sermone,
1404 2138 1568 2192 Homo
1594 2153 1718 2192 cum
1739 2138 1799 2191 in
1820 2132 2022 2192 honoré

363 2230 501 2279 esset
524 2239 634 2279 non
665 2225 937 2279 intellexit
965 2243 983 2278 :
1015 2233 1357 2296 comparatus
1386 2234 1463 2280 cst
1471 2227 1500 2296 j
1507 2227 1738 2280 umentis
1760 2225 2021 2296 insipien-

364 2313 536 2382 tibus,
554 2321 607 2368 et
623 2314 827 2368 similis
855 2315 1030 2385 [nctus
1053 2322 1130 2370 est
1151 2315 1268 2370 illis
1288 2315 1666 2384 (Psal.x1.vm,
1687 2315 1833 2381 '13).»
1857 2313 2020 2368 Unde

366 2405 608 2456 sanctus
628 2403 974 2458 Ambrosius
1017 2420 1149 2457 cum
1201 2407 1475 2458 tractaret
1521 2420 1755 2458 versum
1801 2401 2018 2456 Psalmi

364 2506 556 2558 CXVIII,
590 2490 779 2546 Manus
827 2498 932 2546 tute
958 2494 1202 2562 fecerunt
1232 2509 1334 2555 me,
1367 2501 1418 2548 et
1461 2493 1873 2564 plasmaverunt
1909 2507 2018 2557 me,

361 2577 444 2633 ita
475 2578 618 2634 dicit
649 2595 662 2634 :
703 2603 724 2630 α
760 2580 1062 2652 Scriptura
1093 2581 1272 2648 enim,
1309 2581 1606 2652 inquiens,
1647 2597 1782 2636 eum
1824 2579 2019 2634 homi-

361 2669 498 2722 nem
527 2665 692 2734 dicit,
727 2669 829 2740 qui
859 2673 948 2723 est
975 2670 1044 2723 ad
1093 2669 1408 2740 imaginem
1461 2673 1518 2724 et
1567 2668 2017 2724 similitudinem

363 2755 468 2812 Dei
500 2773 514 2812 :
548 2762 886 2828 peccantem
918 2762 1135 2825 autem,
1171 2775 1284 2812 non
1318 2758 1640 2822 hominem,
1666 2761 1768 2812 aut
1791 2772 2022 2828 serpen-

365 2848 619 2912 tem,aut
642 2863 860 2918 equum
884 2846 1328 2902 adhinnientem
1354 2847 1609 2916 feminis,
1629 2851 1730 2900 aut
1751 2845 2022 2917 vulpecu-

363 2932 482 2990 lam
505 2937 607 2988 aut
618 2935 643 3006 j
655 2939 959 2990 amentum
979 2937 1182 2992 vocare
1209 2936 1527 2990 consuevit.
1544 2935 1721 2990 Nolite
1737 2935 1860 3006 fieri
1879 2934 2022 2988 sicut

364 3038 536 3096 equus
565 3031 616 3079 et
642 3025 828 3080 mulus
867 3027 1068 3096 quibus
1097 3043 1208 3081 non
1236 3031 1319 3081 cst
1350 3026 1670 3081 intellectus.
1703 3025 1767 3079 In
1795 3026 1951 3095 freno
1971 3030 2024 3078 et

363 3113 516 3168 camo
542 3115 806 3168 maxillas
825 3131 1013 3170 eorum
1041 3117 1370 3185 constringe,
1404 3116 1500 3186 qui
1530 3114 1599 3169 ad
1619 3123 1669 3169 te
1686 3130 1796 3168 non
1829 3127 2020 3184 appro-

2125 558 2279 595 mus.
2318 561 2345 592 «
2377 541 2446 594 Et
2474 544 2714 596 sanctus
2733 541 3100 613 Augustinus
3131 541 3190 596 in
3224 557 3492 597 sermone
3517 541 3589 596 de
3619 557 3779 614 sym-

2125 629 2256 685 bolo
2288 631 2361 684 ad
2394 629 2748 702 Neophytos,
2781 651 2809 678 ‹‹
2842 631 3192 685 Mementote
3225 629 3305 684 ita
3331 629 3564 685 credere
3595 629 3782 684 omni-

2123 724 2418 789 potentem
2449 719 2655 785 Deum,
2692 723 2756 772 ut
2789 718 2950 774 nulla
2978 719 3218 774 omnino
3260 723 3473 774 natura
3503 717 3580 773 sit
3600 735 3784 791 quam

2123 805 2250 879 ipse
2268 823 2382 861 non
2409 805 2672 862 condidit
2695 823 2708 860 :
2734 811 2792 862 et
2815 806 2942 862 ideo
2965 813 3266 878 peceatum
3291 806 3460 878 punit
3479 807 3634 878 quod
3655 806 3784 878 ipse

2124 911 2240 950 non
2273 896 2430 966 fecit,
2454 895 2592 967 quia
2623 913 2688 950 eo
2719 895 2969 950 fmdatur
2999 899 3210 950 natura
3240 911 3420 966 quam
3451 895 3606 952 fecit.
3646 918 3674 944 ››

2195 983 2340 1039 Hinc
2353 983 2735 1040 solertissime
2749 984 3228 1055 perpendendum
3257 989 3548 1055 est,quam
3583 999 3788 1039 conso-

2124 1089 2200 1127 na
2223 1072 2318 1128 isti
2342 1072 2529 1128 sancti
2551 1073 2839 1143 doctores,
2857 1089 2974 1128 uno
2998 1072 3198 1144 repleti
3222 1071 3584 1144 spiritu,sint
3601 1072 3788 1127 diver-

2123 1161 2204 1216 sis
2227 1161 2426 1216 oribus
2447 1160 2624 1216 variis
2660 1159 2838 1216 locuti
2874 1161 3168 1233 gentibus.
3188 1161 3348 1217 Unde
3377 1166 3436 1217 et
3465 1161 3787 1234 apostolica

2123 1249 2387 1304 doctrina
2407 1249 2478 1304 ad
2503 1249 2818 1322 imaginem
2844 1249 3049 1314 Dei,ad
3073 1265 3250 1320 quam
3274 1248 3450 1304 creati
3471 1265 3702 1315 sumus,
3727 1253 3788 1304 et

2123 1337 2448 1405 retormari,
2475 1342 2532 1392 et
2564 1337 2828 1392 renovari
2863 1337 3074 1410 spiritu
3126 1337 3342 1393 mentis
3373 1341 3584 1392 nostrze
3604 1338 3782 1404 (Rom.

2121 1431 2299 1495 xn,2;
2327 1426 2526 1498 Eplies.
2556 1444 2629 1494 IV,
2655 1427 2766 1497 23),
2801 1432 2859 1482 et
2891 1426 3283 1498 nosmetipsos
3334 1425 3650 1482 salubriter
3679 1425 3785 1481 ad-

2123 1520 2322 1572 monet
2352 1513 2696 1586 dijudicare,
2733 1520 2796 1570 ut
2825 1532 2940 1570 non
2985 1515 3344 1586 jndicemur,
3379 1531 3452 1570 ne
3499 1530 3634 1570 cum
3667 1513 3779 1570 hoc

2123 1605 2344 1665 mundo
2361 1605 2744 1660 damnamur:
2773 1604 2844 1658 Et
2865 1609 3106 1660 sanctus
3120 1604 3435 1676 Gregorius
3455 1603 3516 1658 in
3534 1602 3682 1659 libro
3693 1603 3792 1658 de-

2123 1693 2274 1748 cimo
2297 1698 2504 1764 quarto
2529 1693 2837 1748 Moralium
2860 1693 2969 1748 Job
2993 1696 3133 1764 (cap.
3158 1691 3270 1764 11),
3289 1692 3430 1764 quia
3450 1709 3566 1746 non
3591 1691 3788 1747 homi-

2125 1798 2228 1836 nes
2269 1798 2303 1836 a
2346 1781 2462 1836 Deo
2486 1781 2604 1835 sint
2627 1780 3024 1852 prazdestinati
3048 1780 3116 1835 ad
3152 1797 3404 1852 pmnam,
3423 1781 3524 1835 sed
3554 1778 3790 1835 diabolo

2128 1886 2264 1924 cum
2284 1886 2522 1941 corpore
2553 1885 2660 1923 suo
2692 1886 2760 1922 ex
2790 1868 3169 1924 retributione
3190 1867 3433 1936 justitize
3455 1868 3531 1924 sit
3558 1883 3732 1940 paena
3756 1883 3792 1922 θ,

2128 1957 2246 2014 Deo
2295 1957 2728 2030 praedestinata,
2761 1957 2843 2011 ita
2888 1956 3067 2012 dicit:
3098 1957 3216 2012 «Et
3257 1973 3472 2012 omnes
3514 1955 3792 2028 inquiens

2129 2047 2230 2118 qui
2257 2047 2329 2100 de
2353 2047 2501 2116 ejus,
2522 2045 2578 2100 id
2607 2051 2696 2100 est
2727 2044 3093 2111 Antichristi,
3110 2062 3382 2116 perversa
3410 2045 3792 2116 persuasione

2129 2135 2184 2190 in
2213 2135 2408 2207 pravis
2429 2133 2760 2190 actionibus
2782 2135 2902 2190 nati
2926 2133 3482 2200 sunt,illustratione
3501 2134 3791 2189 adventus

2129 2223 2362 2279 Domini
2395 2227 2608 2278 aeterno
2641 2222 2883 2278 interitu
2915 2240 3051 2278 cum
3082 2223 3285 2278 eodem
3333 2240 3439 2278 suo
3483 2222 3672 2295 capite
3700 2223 3794 2278 fe-

2129 2313 2373 2369 rientur.
2413 2335 2433 2360 n
2484 2313 2626 2368 Item
2660 2329 2673 2366 :
2705 2335 2733 2362 «
2766 2313 2894 2367 Haec
2937 2316 3078 2368 sunt
3125 2311 3502 2368 tabernacula
3548 2311 3738 2384 iniqui
3773 2327 3790 2366 :

2125 2400 2396 2457 videlicet
2418 2400 2855 2472 indicans,quia
2883 2399 2933 2456 is
2964 2401 3063 2472 qui
3089 2417 3246 2456 nunc
3269 2399 3589 2472 ignorando
3609 2399 3791 2456 extol-

2125 2488 2288 2556 litur,
2303 2494 2444 2544 tunc
2465 2489 2537 2544 ad
2562 2489 2799 2561 prepria
2819 2488 3196 2544 tabernacula
3217 2487 3529 2560 perveniet,
3545 2487 3786 2560 quando

2127 2597 2262 2635 enm
2295 2596 2405 2634 sua
2433 2578 2718 2650 iniquitas
2748 2579 2820 2633 ad
2853 2577 3142 2650 supplicia
3171 2579 3523 2650 demerget.»
3547 2577 3690 2632 Item
3721 2575 3787 2631 in

2127 2667 2278 2722 libro
2299 2667 2526 2722 decimo
2549 2667 2754 2738 quinto
2776 2668 2986 2739 (cap.5)
3011 2683 3024 2720 :
3051 2690 3071 2716 οι
3091 2667 3300 2722 Manus
3329 2666 3525 2738 itaque
3548 2664 3707 2720 illius
3731 2664 3789 2720 ei

2128 2756 2383 2812 dolorem
2421 2757 2841 2828 reddunt,quia
2870 2755 3308 2811 damnationem
3321 2755 3548 2826 justam
3579 2771 3646 2809 ex
3669 2752 3787 2808 ini-

2128 2862 2248 2918 qua
2279 2843 2518 2916 recipiet
2548 2843 2900 2916 operatione.
2929 2844 3082 2900 Bene
3133 2847 3327 2900 autem
3378 2859 3492 2898 non
3538 2843 3793 2911 dabunt,

2128 2934 2226 2988 red
2261 2933 2502 2988 reddent
2535 2932 2750 2988 dicitur
2781 2949 2793 2986 :
2826 2931 2966 3004 quia
3013 2949 3294 3004 perversa:
3347 2933 3476 3004 ejus
3524 2930 3789 2987 actiones

2127 3027 2408 3078 aeternum
2431 3021 2482 3076 ei
2499 3020 2855 3094 supplicium
2880 3020 3047 3092 quasi
3067 3021 3364 3093 quoddam
3389 3019 3651 3076 debitum
3676 3017 3793 3078 sol-

2123 3116 2316 3167 vent.»
2349 3112 2492 3166 Item
2524 3111 2662 3184 (cap.
2693 3112 2779 3180 17)
2816 3127 2828 3166 :
2865 3134 2891 3160 (ι
2927 3109 3213 3166 Devorabit
3238 3126 3365 3165 eum
3393 3111 3536 3181 ignis
3559 3111 3660 3182 qui
3675 3125 3793 3166 non

361 3202 636 3273 pinquant
682 3203 854 3270 (Psal.
899 3221 1051 3269 xxxx,
1083 3205 1138 3271 9,
1177 3205 1284 3271 10).
1333 3205 1401 3257 Et
1433 3221 1446 3258 :
1479 3203 1642 3258 dicite
1687 3203 1817 3256 huic
1864 3201 2016 3272 vulpi
2045 3187 2088 3253 C
2125 3199 2472 3255 succenditur
2503 3200 2644 3268 (Job.
2676 3217 2768 3267 xx,
2801 3201 2916 3269 26).
2951 3199 3094 3256 Miro
3141 3199 3306 3254 valde
3355 3199 3528 3254 modo
3580 3199 3790 3270 paucis

363 3289 522 3358 (Luc.
570 3306 693 3356 xm,
725 3292 816 3358 32)
847 3291 917 3345 de
973 3292 1196 3346 Herode
1241 3291 1341 3345 ait.
1378 3291 1658 3345 Gener-alio
1704 3292 2022 3360 viperarum

367 3371 634 3445 (Luc.1n,
665 3379 720 3448 7)
765 3382 1002 3432 vocatur
1059 3379 1130 3434 ab
1189 3379 1412 3433 Joanne
1471 3377 1634 3450 plebs
1687 3377 2020 3433 hominum.

365 3463 644 3535 Magnum
666 3480 802 3537 ergo
825 3483 974 3538 opus
997 3466 1094 3520 Dei
1129 3484 1211 3532 es,
1229 3465 1425 3534 homo,
1452 3483 1732 3536 magnum
1755 3470 1843 3521 est
1866 3465 2018 3536 quod

363 3551 524 3608 dedit
573 3553 679 3609 tibi
731 3553 905 3610 Deus.
941 3555 1084 3610 Vide
1138 3573 1208 3610 ne
1261 3555 1417 3626 quod
1467 3555 1572 3609 tibi
1625 3555 1779 3610 Deus
1819 3553 2025 3608 tribuit

366 3641 602 3698 amittas
637 3659 649 3696 :
685 3643 922 3697 amittas
955 3661 1236 3716 magnum
1271 3643 1412 3698 illud
1451 3661 1666 3698 munus
1688 3643 1843 3715 quod
1866 3659 1927 3697 es
1949 3643 2020 3697 ad

369 3730 684 3803 imaginem
719 3731 837 3799 Dei,
871 3737 927 3786 et
957 3731 1066 3788 hoc
1097 3732 1155 3786 in
1199 3737 1251 3786 te
1299 3733 1581 3804 puniatur
1628 3733 1836 3804 magis.
1871 3732 2024 3788 Deus

367 3819 525 3876 enim
558 3837 672 3876 non
711 3821 810 3875 76
851 3819 1019 3891 punit
1059 3821 1510 3876 similitudinem
1543 3838 1732 3889 suam,
1757 3820 1858 3876 sed
1889 3838 2022 3875 eum

368 3907 560 3980 punit,
593 3907 692 3979 qui
727 3909 798 3963 ad
833 3907 1281 3964 similitudinem
1335 3909 1428 3964 Dei
1483 3910 1692 3980 factus,
1721 3910 1829 3964 hoc
1869 3911 2022 3980 quod

371 3995 594 4068 accepit
623 4013 851 4052 servare
884 4014 998 4052 non
1033 3999 1241 4069 potuit.
1277 3997 1448 4053 Ponit
1495 4016 1632 4070 ergo
1683 3999 1829 4054 illud
1871 3999 2027 4070 quod

375 4084 449 4140 ad
472 4082 921 4141 similitudinem
942 4086 1041 4142 Dei
1069 4103 1197 4142 esse
1218 4086 1468 4154 desistit,
1485 4086 1594 4141 hoc
1613 4091 1703 4141 est
1725 4088 2043 4158 peccatum

372 4175 566 4228 tuum.
597 4173 745 4228 Nam
778 4191 947 4230 suam
981 4174 1134 4230 Deus
1168 4191 1280 4228 non
1307 4174 1548 4228 damnat
1569 4172 2030 4245 imaginem,nec

379 4261 442 4316 in
471 4259 617 4316 illud
649 4261 985 4317 incendium
1024 4262 1204 4316 mittit
1224 4267 1507 4317 aeternum
1533 4279 1546 4316 :
1569 4261 1670 4317 sed
1697 4261 1884 4334 magis
1907 4261 2028 4316 vin-

381 4349 537 4406 dicat
556 4349 872 4422 imaginem
896 4352 964 4407 de
986 4351 1179 4424 eo,qui
1202 4351 1444 4423 imagini
1469 4350 1551 4404 illi.
1577 4351 1710 4406 fecit
1729 4349 2030 4422 injuriam,

379 4441 447 4494 ut
476 4455 580 4510 per
607 4438 894 4496 malitiam
926 4442 1078 4512 quod
1113 4457 1243 4495 eras
1275 4456 1402 4495 esse
1433 4438 1748 4508 desineres,
1771 4441 1828 4494 et
1865 4441 2033 4495 ﬁeres

2130 3288 2321 3344 verbis
2365 3304 2676 3360 expressus
2724 3293 2814 3344 est
2861 3287 3014 3360 ignis
3059 3287 3359 3360 gehennae.
3406 3287 3564 3360 Ignis
3613 3303 3789 3345 nam-

2132 3393 2246 3448 que
2276 3393 2612 3448 corporeus,
2648 3379 2712 3431 ut
2741 3393 2868 3432 esse
2917 3375 3072 3448 ignis
3115 3374 3322 3444 valeat,
3357 3375 3648 3448 corporeis
3695 3376 3790 3430 in-

2132 3465 2293 3538 diget
2323 3465 2602 3520 fomentis
2635 3482 2648 3520 :
2681 3465 2783 3521 Cui
2815 3482 2949 3520 cum
3003 3481 3240 3520 necesse
3285 3470 3374 3520 est
3413 3469 3478 3520 ut
3507 3469 3794 3536 servetur,

2134 3571 2237 3626 per
2267 3558 2550 3626 congesta
2581 3553 2740 3626 ligna
2767 3553 2967 3626 procul
2999 3553 3176 3608 dubio
3209 3553 3486 3623 nutritur,
3505 3569 3610 3608 nec
3638 3553 3796 3609 valet

2133 3641 2246 3696 nisi
2307 3658 2627 3697 succensus
2673 3658 2822 3710 esse,
2874 3645 2933 3696 et
2989 3641 3104 3696 nisi
3163 3641 3381 3696 refotus
3439 3641 3788 3697 subsistere.

2131 3732 2204 3784 At
2233 3735 2436 3786 contra
2467 3729 2743 3802 gehennze
2786 3729 2961 3802 ignis,
2995 3746 3130 3784 cum
3180 3729 3257 3784 sit
3302 3728 3702 3801 incorporeus,
3733 3735 3798 3786 et

2133 3818 2192 3874 in
2227 3837 2287 3874 se
2319 3819 2533 3877 missus
2583 3819 2860 3890 reprobos
2907 3817 3284 3890 corporaliter
3329 3823 3552 3888 exurat,
3585 3833 3691 3874 nec
3722 3834 3796 3874 ex

2137 3907 2330 3964 studio
2353 3907 2612 3962 humano
2633 3907 3030 3972 succenditur,
3046 3922 3152 3962 nec
3175 3906 3352 3979 lignis
3377 3909 3415 3962 7
3431 3909 3467 3962 7
3495 3907 3791 3964 nutritur:

2135 3997 2235 4052 sed
2267 4001 2498 4052 creatus
2529 3995 2708 4070 semel
2742 3996 2913 4051 durat
2943 3994 3533 4068 inexstinguibilis,et
3554 4011 3794 4052 succen-

2136 4083 2299 4140 sione
2329 4102 2444 4140 non
2477 4085 2718 4157 indiget,
2753 4089 2810 4140 et
2841 4085 3048 4140 ardore
3079 4101 3196 4139 non
3243 4089 3417 4140 caret.
3446 4084 3599 4140 Bene
3651 4100 3795 4158 ergo

2139 4175 2209 4228 de
2256 4173 2364 4229 hoc
2412 4174 2614 4245 iniquo
2663 4173 2826 4240 dicit,
2860 4173 3154 4230 Devorabit
3196 4190 3323 4230 eum
3372 4175 3516 4245 ignis
3559 4175 3658 4246 qui
3679 4191 3797 4231 non

2137 4263 2502 4330 succenditur,
2537 4263 2678 4335 quia
2705 4261 3128 4335 omnipotentis
3169 4263 3428 4334 justitia,
3456 4263 3795 4318 futurorum

2140 4351 2400 4424 praescia,
2435 4352 2506 4407 ab
2557 4352 2685 4424 ipsa
2735 4350 2940 4407 mundi
2990 4351 3214 4424 origine
3263 4350 3541 4423 gehennae
3593 4351 3796 4424 ignem

2141 4440 2372 4508 creavit,
2407 4440 2506 4513 qui
2537 4441 2596 4496 in
2622 4458 2794 4514 poena
2823 4440 3206 4513 reproborum
3250 4456 3378 4496 esse
3423 4439 3601 4496 semel
3645 4440 3796 4514 inci-

381 4523 582 4581 mulus
611 4542 679 4580 ex
709 4511 965 4582 homine.
989 4527 1334 4582 Vindicatur
1359 4544 1494 4600 ergo
1516 4527 1730 4600 imago,
1757 4545 1873 4582 non
1895 4545 2032 4584 con-
2061 4551 2110 4618 Β
2143 4511 2442 4601 peret,sed
2471 4511 2736 4586 ardorem
2755 4511 2930 4586 suum
2948 4530 3125 4586 etiam
3144 4528 3270 4584 sine
3290 4527 3467 4602 lignis
3487 4511 3798 4602 nunquam

381 4613 693 4668 demnatur
721 4630 733 4669 :
768 4614 1101 4670 vindicatur
1131 4617 1300 4688 quasi
1331 4615 1591 4688 expulsa,
1617 4634 1731 4671 non
1764 4617 2035 4672 condem-

381 4703 558 4756 natur
585 4701 755 4772 quasi
787 4719 904 4757 rea.
921 4703 1236 4775 Postquam
1258 4705 1413 4760 enim
1439 4704 1711 4776 peccasti,
1727 4705 1883 4760 aliud
1906 4721 2034 4762 esse

379 4788 626 4862 coepisti,
659 4789 804 4846 illud
853 4792 1008 4862 quod
1059 4809 1188 4848 eras
1241 4793 1468 4850 desisti.
1499 4794 1798 4860 Quomodo
1855 4794 2036 4867 igitur

379 4878 623 4950 punitur
651 4879 712 4934 in
759 4884 815 4934 te
860 4882 1016 4951 quod
1064 4881 1122 4935 in
1168 4887 1223 4938 te
1264 4900 1376 4937 non
1428 4882 1758 4938 invenitur?
1791 4884 1936 4938 Nam
1981 4885 2031 4940 si

379 4965 708 5024 inveniatur
733 4969 791 5024 in
819 4975 872 5024 te
904 4969 1097 5043 imago
1131 4971 1231 5026 Dei
1265 4976 1322 5026 et
1353 4971 1702 5039 similitudo,
1737 4988 1852 5026 non
1887 4989 2033 5045 sup-

377 5053 554 5129 plicio
587 5056 797 5129 incipis
827 5058 1044 5130 dignus
1073 5075 1223 5124 esse,
1258 5061 1359 5115 sed
1411 5058 1669 5130 praemio.
1703 5059 1791 5114 Ita
1837 5059 2030 5133 imago

377 5143 500 5213 illa,
535 5163 660 5218 quas
692 5147 764 5201 ad
795 5146 1113 5221 imaginem
1156 5153 1212 5203 et
1241 5147 1687 5202 similitudinem
1710 5146 1810 5202 Dei
1841 5147 2032 5204 factus

377 5249 461 5304 es,
494 5251 608 5290 non
643 5235 1066 5292 condemnatur
1095 5237 1196 5292 sed
1245 5239 1574 5291 coronatur.
1611 5235 2030 5294 Condemnaris

378 5327 577 5379 autem
609 5325 666 5378 in
689 5341 755 5380 eo
778 5326 932 5397 quod
977 5325 1098 5396 ipse
1131 5328 1396 5378 mutatus
1427 5340 1512 5392 es,
1536 5329 1600 5377 ut
1631 5325 1798 5380 ﬁeres
1829 5342 1896 5380 ex
1928 5325 2030 5382 ho-

377 5410 536 5467 mine
585 5429 846 5486 serpens,
877 5413 1095 5480 mulus,
1126 5429 1333 5484 equus,
1384 5410 1708 5483 vulpecula.
1764 5413 1864 5469 His
1925 5432 2030 5472 nos

377 5498 535 5556 enim
565 5501 904 5558 nominibus
927 5502 1053 5574 jam
1100 5499 1400 5572 Scriptura
1441 5499 1850 5558 condemnavit
1879 5519 1893 5558 :
1929 5504 2030 5576 qui

378 5589 533 5656 exuti
582 5590 834 5649 cmlestis
879 5589 1154 5665 imaginis
1193 5593 1556 5660 ornamento,
1589 5589 1769 5649 etiam
1815 5608 2028 5651 nomen

2142 4618 2354 4674 ﬁniret.
2389 4641 2417 4668 »
2449 4619 2519 4674 Et
2549 4622 2788 4674 sanctus
2842 4617 3228 4690 Hieronymus
3274 4616 3335 4673 in
3387 4617 3534 4674 libro
3565 4618 3798 4676 decimo

2143 4706 2568 4778 explanationis
2600 4707 2760 4763 Isaiae
2793 4706 3087 4779 prophetae
3122 4723 3134 4762 :
3173 4729 3202 4758 «
3221 4707 3306 4762 Ab
3331 4705 3455 4762 heri
3489 4705 3708 4778 quippe
3737 4712 3802 4764 et

2143 4813 2178 4851 a
2206 4796 2494 4868 praeterito
2519 4801 2782 4869 tempore
2813 4799 3139 4868 praeparata
3177 4800 3266 4851 est
3295 4812 3329 4850 a
3368 4811 3502 4867 rege
3544 4795 3800 4852 Domino

2142 4883 2392 4940 Thol‘eth
2425 4885 2552 4956 (Isa.
2583 4903 2713 4955 xxx,
2745 4885 2858 4956 33),
2891 4883 2949 4939 id
2981 4888 3070 4939 est
3118 4882 3238 4940 lata
3283 4887 3340 4939 et
3391 4884 3652 4956 spatiosa
3689 4899 3802 4957 ge-

2141 4971 2354 5042 henna,
2389 4991 2514 5044 quae
2547 4991 2664 5041 eos,
2684 4973 2742 5028 id
2777 4978 2865 5029 est
2897 4971 3440 5044 reprobos,zeternis
3469 4977 3602 5028 urat
3622 4973 3800 5028 ardo-

2141 5061 2326 5132 ribus.
2354 5085 2382 5111 n
2415 5063 2558 5118 Item
2592 5062 2746 5118 idem
2778 5062 2836 5117 in
2871 5063 3018 5118 libro
3049 5061 3218 5118 tertio
3249 5077 3428 5133 super
3448 5060 3802 5134 prophetam

2141 5151 2336 5218 Amos,
2375 5173 2401 5201 «
2431 5150 2837 5206 Paenitentiam
2867 5155 3064 5206 autem
3095 5150 3197 5206 Dei
3235 5150 3294 5205 in
3337 5150 3656 5223 Scripturis
3709 5149 3805 5206 sic

2141 5237 2424 5294 debemus
2451 5237 3040 5310 accipere,quomodo
3071 5255 3345 5294 somnum
3368 5243 3426 5294 et
3463 5237 3609 5294 iram
3634 5254 3648 5292 :
3675 5254 3805 5294 non

2139 5343 2256 5397 quo
2277 5327 2463 5383 Deum
2493 5326 2855 5398 pceuiteat,et
2871 5331 3061 5382 mutet
3085 5327 3457 5394 sententiam,
3483 5326 3580 5398 qui
3602 5325 3807 5399 loqui-

2137 5419 2236 5470 tur
2270 5432 2373 5488 per
2403 5415 2893 5488 prophetam,Ego
2923 5419 3074 5472 Deus
3099 5423 3288 5472 etnon
3315 5423 3499 5472 mutor
3523 5414 3668 5488 (Mal.
3705 5431 3801 5484 ιιι,

2136 5505 2214 5577 6),
2239 5509 2296 5560 et
2321 5504 2414 5559 cui
2446 5519 2553 5558 nos
2584 5502 2857 5570 dicimus,
2877 5505 2953 5559 Tu
2977 5511 3160 5560 autem
3180 5504 3324 5560 idem
3351 5505 3467 5576 ipse
3479 5519 3556 5570 es,
3579 5511 3634 5559 et
3648 5507 3807 5562 anni

2135 5595 2224 5657 tui
2269 5609 2381 5652 non
2431 5591 2880 5668 deﬁeient(Psal.
2931 5609 3005 5668 cr,
3037 5594 3160 5670 28);
3195 5593 3295 5652 sed
3347 5608 3462 5671 quo
3515 5591 3685 5656 nobis
3717 5591 3804 5657 ad
