4042 6188
315 313 429 372 143

1254 313 1639 375 I-IINCMABI
1684 312 2136 377 RHEMENSIS
2181 313 2776 375 ARCHIEPISCOPI

3595 313 3713 372 144

317 441 501 499 relicti
532 447 670 497 sunt
699 458 731 497 a
761 441 876 499 Deo
909 447 975 498 ut
1001 443 1394 516 relinquerent
1439 444 1646 515 Deum,
1677 445 1776 502 sed
1825 444 1958 502 reli-
1987 453 2041 521 Α
2071 445 2281 515 cantis,
2312 445 2395 502 ita
2418 444 2616 503 nullus
2645 445 2838 502 obviat
2859 443 3072 516 jutitiae
3103 440 3712 515 relinquentis.Inclu-

316 535 569 603 querunt
596 535 653 586 et
681 530 864 586 relicti
899 533 1121 602 Sunt,et
1142 551 1210 589 ex
1230 534 1382 590 bono
1404 535 1462 589 in
1486 534 1705 590 malum
1728 535 1963 608 prepria

313 619 609 676 voluntate
639 619 848 676 mutati
882 625 1039 688 sunt,
1073 627 1246 695 atque
1279 625 1350 679 ab
1381 641 1447 679 eo
1497 623 1597 695 qui
1646 623 1778 680 illos
1817 623 1962 680 tales

313 707 623 780 praescivit,
650 726 764 764 non
794 714 933 765 sunt
963 711 1380 782 prcedestiuati.
1409 735 1436 761 »
1462 713 1533 768 Et
1553 711 1690 769 item
1717 713 1772 768 in
1799 713 1963 769 abso-

313 795 534 853 lutione
565 798 907 868 objectionis
937 801 1294 857 duodecimae
1320 819 1332 858 :
1365 824 1392 852 «
1413 802 1578 858 Vires
1599 803 1796 875 itaque
1826 803 1960 859 obe-

314 885 544 942 dientize
573 904 688 943 non
716 887 846 944 ideo
877 889 1152 961 cuiquam
1183 891 1491 959 subtraxit,
1510 892 1648 965 quia
1677 909 1812 948 eum
1845 909 1960 948 non

312 975 790 1047 praedestinavit:
826 979 927 1034 sed
975 979 1104 1034 ideo
1155 998 1269 1036 non
1319 981 1770 1054 przedestinavit,
1823 981 1963 1053 quia

313 1080 682 1121 recessurum
709 1066 782 1122 ab
812 1067 940 1139 ipsa
969 1069 1302 1125 obedientia
1321 1087 1447 1126 esse
1470 1069 1875 1142 praevidit.»Et
1899 1070 1960 1125 in

312 1153 679 1211 absolutione
711 1155 1054 1226 objectionis
1085 1158 1322 1214 decimae
1361 1159 1546 1214 tertiac
1591 1163 1796 1216 contra
1821 1159 1960 1214 Vin-

312 1241 614 1299 centianos
647 1261 660 1299 :
695 1267 724 1294 «
759 1246 920 1312 Quod
955 1247 1062 1303 etsi
1096 1265 1162 1302 ex
1194 1253 1418 1303 aeternae
1449 1247 1694 1304 scientia
1740 1265 1959 1320 praeco-

313 1329 542 1402 gnitum
593 1332 788 1401 habet,
829 1335 1049 1392 scilicet
1095 1337 1270 1404 Deus,
1305 1337 1446 1410 quid
1494 1338 1963 1411 uniuscujusque

312 1419 538 1478 meritis
570 1423 964 1480 retributurus
988 1424 1310 1493 sit,nemini
1333 1430 1527 1483 tamen
1551 1444 1656 1501 per
1674 1427 1783 1484 hoc
1805 1427 1961 1500 quod

312 1508 436 1566 falli
465 1527 580 1567 non
629 1515 840 1584 potest,
876 1519 978 1570 aut
1026 1515 1434 1572 necessitatem
1475 1521 1577 1572 aut
1605 1516 1962 1573 voluntatem

313 1597 512 1654 intulit
558 1599 1017 1672 delinquendi.»
1052 1605 1199 1658 Item
1245 1603 1631 1678 Hieronymus
1678 1606 1738 1661 in
1786 1607 1963 1662 Amos

311 1687 654 1760 prophetam
680 1707 692 1744 :
719 1713 746 1740 ‹‹
773 1691 878 1756 Qui
902 1691 1143 1747 veniunt
1167 1693 1224 1746 in
1249 1693 1406 1748 diem
1438 1695 1963 1768 malum,parantes

312 1775 425 1832 sibi
455 1776 594 1833 vitio
625 1796 729 1833 suo
761 1779 915 1835 diem
948 1781 1206 1849 malum;
1241 1800 1353 1838 non
1380 1784 1536 1855 quod
1562 1785 1687 1839 dies
1709 1783 1866 1840 ullus
1888 1783 1966 1840 sit

312 1863 633 1934 malus,sed
649 1868 804 1939 quod
822 1869 1233 1942 unusquisque
1246 1873 1535 1942 paretsibi
1550 1872 1962 1945 malum,juxta

313 1951 456 2008 illud
489 1956 642 2025 quod
675 1955 734 2010 in
767 1956 1114 2014 Ecclesiaste
1142 1959 1394 2032 legimus
1422 1978 1432 2016 :
1465 1961 1546 2018 Ne
1597 1961 1810 2017 dixeris
1839 1961 1964 2018 dies

311 2041 536 2112 priores
556 2043 824 2100 meliores
855 2051 1022 2102 erant
1043 2045 1186 2102 mihi
1211 2065 1388 2119 quam
1417 2048 1822 2122 isti,quoniam
1846 2067 1962 2106 non

313 2129 373 2184 in
405 2131 690 2202 sapientia
720 2134 1047 2206 interrogas
1085 2153 1263 2208 super
1310 2137 1418 2192 hoc
1470 2141 1678 2206 (Ecclc.
1715 2157 1814 2205 vu,
1851 2141 1959 2208 11).

314 2217 574 2276 Stultum
605 2226 693 2277 est
717 2223 871 2278 enim
907 2225 1115 2279 referre
1139 2226 1209 2280 ad
1237 2229 1658 2298 tempora,eum
1681 2227 1741 2282 in
1765 2231 1965 2283 nostra

315 2307 394 2365 sit
423 2311 818 2381 potestate,vcl
851 2313 1071 2368 bonum
1105 2313 1258 2370 diem
1294 2315 1463 2371 nobis
1495 2306 1702 2384 facere,
1727 2315 1813 2372 vel
1845 2332 1966 2372 ma-

314 2395 460 2454 lum.
495 2399 636 2455 Item
668 2400 726 2454 in
759 2401 988 2456 Nahum
1021 2403 1367 2476 prephetam
1397 2404 1456 2459 in
1488 2404 1676 2476 capite
1698 2404 1959 2478 capituli,

318 2489 518 2546 Ubicst
534 2489 936 2546 habitaculum
957 2491 1571 2560 leonum(Nahum,u,t
1586 2493 1634 2565 1)
1651 2511 1664 2560 ;
1679 2493 1963 2550 Jeremias

316 2593 550 2650 quoque
581 2579 652 2635 de
676 2581 1080 2652 peccatoribus
1117 2581 1398 2653 loquitur,
1433 2584 1719 2638 Percussit
1745 2600 1840 2638 eos
1872 2581 1962 2638 leo

315 2665 386 2723 de
411 2665 574 2723 silva
605 2670 888 2737 (Jcr.v,5).
915 2691 944 2718 »
966 2670 1034 2724 Et
1056 2674 1188 2742 post
1208 2670 1513 2742 paululum
1537 2687 1552 2726 :
1577 2695 1604 2722 «
1632 2676 1842 2730 Omnes
1861 2671 1966 2744 qui

315 2755 694 2828 egrediantur
721 2773 796 2812 ea:
821 2759 928 2827 eis,
959 2757 1016 2812 id
1051 2763 1139 2814 est
1170 2758 1524 2829 civitatibus,
1555 2761 1882 2834 capientur.
1899 2760 1963 2817 In

317 2860 433 2916 quo
458 2843 852 2902 animadverte
885 2848 1037 2919 quod
1071 2865 1241 2904 nemo
1281 2848 1565 2920 capiatur,
1598 2849 1712 2906 nisi
1761 2849 1860 2923 qui
1892 2850 1964 2906 de

315 2930 650 2990 civitatibus
682 2933 782 2990 Dei
814 2935 989 2991 fuerit
1027 2953 1318 3010 egressus.
1354 2937 1614 3010 Denique
1659 2939 1846 2996 Judas
1892 2940 1964 2996 de

314 3021 448 3078 Ovili
479 3021 692 3079 Christi
723 3023 852 3094 fuit,
879 3029 934 3080 et
963 3030 1168 3098 raptus
1199 3045 1232 3082 a
1261 3027 1424 3083 leone
1444 3029 1762 3101 suspendio
1784 3029 1962 3085 sull'o-

315 3115 482 3168 catus
511 3115 620 3168 est.
655 3113 765 3168 Sed
796 3117 852 3168 et
882 3113 978 3170 ille
1007 3116 1311 3188 propheta,
1345 3117 1438 3172 cui
1473 3124 1825 3190 przecepcrat
1845 3119 1962 3174 Do-

2070 535 2205 591 dere
2235 534 2434 608 itaque
2461 534 2558 590 Dei
2586 533 2944 601 cst,_clausis
2987 550 3102 589 non
3152 531 3376 605 aperire
3407 547 3422 586 :
3457 531 3610 586 unde
3639 529 3714 586 ad

2071 623 2328 696 Moysem
2350 623 2570 679 dicitur
2588 624 2658 679 de
2679 623 2978 678 Pharaone
2995 639 3008 678 :
3023 623 3144 696 Ego
3156 621 3458 677 obdurabo
3479 623 3718 693 corejus

2071 713 2374 782 (Exode,
2407 713 2520 781 21),
2555 712 2854 768 Obdurare
2885 710 3099 784 quippe
3129 727 3234 783 per
3255 707 3548 782 justitiam
3579 709 3719 766 dici-

2069 806 2186 869 tur,
2222 801 2456 873 quando
2489 817 2588 857 cor
2617 801 2930 873 reprobum
2961 815 3065 871 per
3093 797 3342 871 gratiam
3375 814 3488 853 non
3534 796 3716 853 emol-

2070 889 2422 945 lit.Includit
2451 889 2650 962 itaque
2681 887 3186 959 hominem,quem
3221 887 3279 942 in
3311 903 3555 944 suorum
3581 903 3718 958 ope-

2070 996 2203 1035 rum
2227 977 2486 1035 tenebris
2519 977 2815 1050 relinquit.
2846 999 2874 1028 »
2908 977 3053 1034 Item
3083 977 3295 1050 (eap.7)
3331 993 3342 1032 :
3383 999 3412 1026 «
3439 973 3606 1032 Novit
3625 975 3721 1032 de-

2071 1067 2408 1140 cipientem,
2429 1067 2569 1140 quia
2587 1067 2647 1122 in
2670 1084 2850 1123 manu
2873 1083 3116 1123 suorum
3139 1082 3380 1139 operum
3405 1064 3719 1122 dimissum

2071 1157 2228 1213 hunc
2254 1160 2319 1212 ut
2347 1157 2420 1212 ad
2451 1157 2653 1230 pejora
2682 1159 2922 1229 proruat
2969 1155 3204 1226 deserit,
3235 1153 3387 1212 sicut
3431 1154 3719 1226 scriptum

2071 1249 2197 1302 est:
2233 1247 2355 1319 Qui
2381 1251 2571 1314 uocet,
2594 1251 2804 1302 noceat
2834 1246 3072 1302 adhuc:
3105 1249 3160 1301 et
3200 1244 3299 1318 qui
3347 1245 3412 1300 in
3455 1243 3723 1300 sordibus

2071 1345 2176 1402 est,
2203 1335 2500 1392 sordescat
2532 1337 2723 1392 adhuc
2752 1338 2956 1407 (Apoc.
2985 1352 3126 1403 χχιι,
3151 1335 3258 1406 11).
3285 1333 3456 1390 Novit
3485 1349 3721 1405 quoque

2071 1428 2130 1481 et
2157 1441 2292 1480 eum
2325 1424 2427 1496 qui
2457 1423 2746 1496 decipitur
2769 1441 2782 1479 :
2808 1424 2946 1497 quia
2961 1441 3114 1497 saepe
3133 1421 3510 1480 committunt
3529 1421 3722 1478 homi-

2073 1529 2179 1570 nes
2201 1512 2358 1569 mala
2377 1529 2502 1585 qua:
2528 1513 2809 1582 sciunt,et
2829 1512 3044 1568 idcirco
3067 1511 3492 1584 permittuntur
3509 1509 3720 1582 decipi,

2074 1607 2140 1658 ut
2163 1603 2377 1658 cadant
2405 1602 2582 1658 etiam
2611 1601 2671 1656 in
2694 1601 2850 1658 mala
2869 1619 2997 1673 quae
3020 1600 3290 1658 nesciunt
3313 1617 3325 1657 :
3346 1600 3502 1672 quod
3524 1603 3723 1656 tamen

2073 1691 2332 1764 deceptis
2363 1691 2678 1764 aliquando
2712 1691 2782 1746 ad
2818 1689 3568 1764 purgationem,aliquando
3587 1705 3724 1745 vero

2075 1783 2147 1838 ad
2177 1781 2419 1838 ultionis
2452 1781 2688 1836 initium
2725 1779 2846 1836 fieri
2877 1779 3080 1836 solet.»
3105 1780 3250 1836 Ecce
3273 1779 3565 1852 quomodo
3586 1796 3728 1852 prte-

2073 1869 2382 1927 destinatio
2413 1870 2536 1936 Dei,
2571 1875 2670 1926 aut
2699 1871 2770 1925 ad
2805 1870 3026 1925 donum
3070 1867 3322 1942 pertinet
3370 1866 3588 1940 gratiae,
3623 1871 3728 1924 aut

2073 1960 2146 2016 ad
2179 1959 2620 2016 retributionem
2647 1957 2914 2030 justitiae.
2939 1958 3081 2014 Item
3113 1957 3268 2014 idem
3289 1957 3350 2012 in
3372 1957 3575 2013 eodem
3595 1955 3726 2029 (Job

2072 2049 2268 2121 1111,18)
2293 2065 2305 2104 ε
2333 2071 2360 2100 α
2386 2049 2657 2104 Balleum
2687 2063 2896 2122 regum
2925 2047 3192 2102 dissolvit
3221 2045 3620 2119 (cap.8).Cum
3652 2045 3726 2101 de

2073 2135 2203 2208 ipsa
2232 2135 2590 2192 continentia
2620 2135 2871 2192 elatione
2902 2151 3070 2190 mens
3094 2133 3726 2206 tangitur,plerumque

2074 2224 2444 2298 omnipotens
2475 2225 2628 2280 Deus
2659 2225 2788 2296 ejus
2820 2222 3157 2296 superbiam
3190 2223 3468 2280 deserens
3492 2223 3643 2278 hanc
3663 2223 3725 2279 in

2072 2313 2510 2371 immunditiam
2533 2313 2725 2386 operis
2747 2313 2952 2369 cadere
2974 2311 3728 2385 permittitllegumitaque

2073 2402 2335 2460 balteum
2366 2403 2656 2470 dissolvit,
2683 2401 2918 2474 quando
2952 2401 3013 2457 in
3043 2401 3137 2458 his
3181 2401 3285 2474 qui
3334 2401 3480 2456 bene
3528 2415 3728 2472 regere

2073 2510 2182 2549 sua
2213 2493 2479 2548 membra
2505 2492 2874 2559 videbantur,
2909 2493 3148 2563 propter
3173 2488 3442 2546 elationis
3490 2487 3727 2560 culpam

2073 2582 2365 2638 castitatis
2397 2579 2700 2654 cingulum
2731 2579 3001 2636 destruit.
3037 2601 3066 2629 ››
3097 2579 3242 2635 Item
3272 2578 3425 2651 (cap.
3455 2577 3510 2650 9)
3545 2595 3558 2634 :
3591 2601 3620 2628 «
3654 2582 3727 2635 Et

2072 2672 2384 2744 optimates
2401 2669 2752 2744 supplantat
2773 2668 2904 2738 (Job
2915 2667 3287 2739 xu,19).Quia
3308 2683 3442 2724 cum
3469 2671 3724 2723 mentem

2072 2760 2402 2834 regentium
2445 2760 2608 2831 justo
2651 2756 2876 2830 judicio
2927 2757 3164 2824 deserit,
3199 2755 3320 2812 haec
3351 2757 3411 2812 in
3441 2759 3724 2812 aeternum

2071 2847 2470 2906 retributionis
2500 2847 2808 2921 praemium
2837 2864 2952 2902 non
2985 2845 3290 2918 requirit.»
3319 2847 3463 2902 Item
3485 2844 3544 2900 in
3574 2844 3726 2902 libro

2071 2938 2298 2994 decimo
2329 2937 2498 2994 tertio
2528 2937 2771 3010 (cap.lt)
2801 2954 2814 2991 :
2840 2959 2868 2987 «
2901 2936 3098 3008 Neque
3129 2935 3212 2992 ita
3244 2935 3354 2990 hoc
3385 2933 3619 3006 dicitur,
3652 2950 3719 2990 ac

2072 3027 2122 3084 si
2153 3029 2523 3100 omnipotens
2543 3031 2602 3082 et
2623 3025 2958 3082 misericors
2983 3025 3132 3080 Deus
3153 3023 3324 3097 longe
3344 3040 3444 3080 cor
3461 3021 3721 3080 hominis

2071 3135 2108 3172 a
2137 3116 2450 3190 disciplina
2481 3115 2657 3172 faciat
2689 3133 2702 3171 ε
2738 3115 2840 3171 sed
2871 3113 3025 3186 quod
3056 3117 3263 3186 sponte
3301 3111 3606 3184 delapsum
3637 3111 3719 3168 ibi

316 3198 514 3256 minus
544 3217 616 3256 ne
645 3203 972 3258 comederet
1004 3221 1185 3276 panes
1205 3221 1234 3260 e
1257 3205 1489 3278 regione
1521 3206 1642 3274 illa,
1667 3208 1768 3262 ubi
1799 3211 1965 3262 erant
1995 3201 2038 3266 C
2078 3222 2378 3262 remanere
2406 3205 2503 3261 ubi
2539 3204 2748 3260 cecidit
2768 3202 3090 3276 judicando
3124 3200 3410 3275 permittit
3439 3217 3454 3256 :
3487 3201 3640 3258 sicut
3659 3200 3721 3256 in

312 3286 478 3344 vituli
508 3289 670 3346 aurci
700 3295 758 3345 et
789 3291 1031 3346 mentita
1062 3292 1430 3365 religio,quia
1451 3295 1704 3350 comedit
1734 3312 1767 3350 a
1795 3294 1961 3351 leone

316 3393 630 3448 percussus
661 3383 750 3435 cst
772 3380 878 3452 (IIl
903 3385 1176 3452 Itcg.xm,
1209 3384 1321 3452 24).
1356 3384 1518 3449 Quod
1549 3387 1736 3438 totum
1769 3385 1842 3439 ad
1872 3382 1960 3439 re-

314 3464 692 3524 tributionem
720 3469 924 3525 divinte
950 3471 1195 3541 justitizn
1227 3472 1498 3543 pertinet.
1536 3494 1562 3522 »

388 3555 552 3612 Unde
583 3561 639 3613 et
669 3562 908 3614 sanctus
939 3559 1254 3632 Gregorius
1283 3561 1342 3615 in
1365 3561 1513 3617 libro
1535 3561 1760 3618 decimo
1781 3562 1964 3618 Mora-

313 3643 462 3700 lium
491 3645 600 3702 Jeb
632 3648 1012 3720 (ca.p.8),quia
1037 3666 1152 3703 non
1185 3653 1248 3704 ut
1277 3651 1348 3704 ad
1378 3649 1622 3722 gloriam
1657 3651 1846 3724 electi,
1880 3653 1964 3710 ita

315 3732 434 3790 sint
464 3734 693 3808 reprobi
719 3754 752 3790 a
781 3736 896 3792 Deo
928 3737 996 3791 ad
1042 3755 1272 3809 poenam
1322 3739 1740 3810 praadestinati,
1768 3742 1869 3797 sed
1901 3741 1960 3798 in

315 3839 512 3880 massa
541 3822 884 3896 perditionis
914 3825 1000 3880 vel
1030 3824 1088 3880 in
1115 3825 1524 3898 iniquitatibus
1557 3829 1681 3885 suis
1710 3835 1778 3885 ex
1800 3831 1964 3886 retri-

314 3911 554 3967 butione
565 3911 810 3982 justitiac
825 3913 988 3983 justo
1003 3914 1228 3985 judicio
1241 3914 1425 3972 relicti
1443 3933 1454 3971 :
1472 3939 1498 3966 ‹‹
1511 3919 1580 3974 Si
1587 3918 1958 3992 subcertcrit,
1973 3988 1976 3992 ι

313 3999 527 4070 inquit,
571 4001 796 4072 omnia,
845 4003 970 4074 quis
1023 4005 1384 4061 contradieet
1415 4007 1506 4062 ei?
1535 4009 1660 4074 (Job
1712 4025 1796 4073 -x1,
1849 4008 1960 4081 10.)

314 4091 476 4161 Saepe
509 4105 761 4160 namque
794 4091 852 4146 in
875 4090 1184 4148 elationem
1209 4111 1308 4150 cor
1328 4093 1630 4164 attollitur,
1656 4112 1791 4152 cum
1813 4095 1960 4154 laetis

311 4177 417 4235 80
445 4177 818 4234 successibus
847 4179 908 4234 in
936 4179 1150 4236 virtute
1182 4182 1490 4238 roboratur
1519 4199 1532 4238 :
1569 4183 1670 4238 sed
1701 4183 1843 4239 dum
1875 4183 1958 4240 Ia-

311 4268 500 4322 tentes
532 4269 728 4322 motus
759 4268 1014 4324 audaciae
1045 4268 1106 4323 in
1138 4269 1487 4341 cogitatione
1531 4271 1794 4327 conditor
1822 4289 1959 4328 con-

312 4353 506 4428 spicit,
541 4372 604 4411 se
637 4354 749 4411 sibi
783 4356 1084 4414 hominem
1105 4359 1464 4414 ostendendo
1485 4358 1868 4434 derelinquit;
1894 4365 1960 4417 ut

311 4444 440 4515 ejus
470 4459 637 4500 mens
667 4445 944 4502 derelicta
967 4447 1106 4519 quid
1132 4447 1208 4503 sit
1229 4447 1637 4520 inveniat,quaa
1659 4449 1810 4506 male
1831 4450 1960 4523 ipsa

2071 3295 2329 3350 oratione
2361 3310 2592 3366 quoque
2621 3292 2874 3348 dicimus
2897 3308 2911 3347 :
2939 3295 3018 3348 Et
3035 3309 3106 3348 ne
3125 3308 3228 3348 nos
3249 3291 3497 3347 inducas
3515 3291 3575 3346 in
3595 3296 3720 3347 ten-

2069 3385 2353 3440 tationem
2385 3383 2716 3454 (Matthxi,
2738 3383 2846 3451 13),
2870 3381 2928 3438 id
2962 3385 3052 3436 est
3081 3379 3279 3436 induci
3313 3379 3556 3435 minime
3587 3395 3721 3450 per-

2073 3473 2333 3530 mittas.»
2366 3475 2513 3528 Item
2547 3472 2605 3526 in
2639 3470 2788 3526 libro
2819 3469 3046 3527 decimo
3078 3469 3282 3543 quinto
3315 3485 3330 3525 :
3367 3492 3395 3519 ‹‹
3436 3469 3722 3525 Tradidit

2069 3561 2210 3620 illos
2260 3567 2410 3618 Deus
2458 3561 2519 3616 in
2564 3561 2874 3633 reprobum
2920 3576 3170 3630 sensum,
3212 3564 3277 3614 ut
3319 3557 3549 3634 faciant
3593 3571 3723 3630 quae

2069 3669 2180 3708 non
2208 3652 2552 3709 conveniunt
2583 3654 2768 3720 (Rom.
2803 3667 2844 3716 1,
2874 3651 2987 3716 28).
3019 3646 3166 3714 Quia
3207 3646 3361 3703 enim
3393 3645 3722 3719 gloriﬁcare

2071 3742 2387 3797 noluerunt
2415 3757 2588 3812 quem
2621 3741 3036 3811 cognoverunt,
3065 3736 3309 3808 reprobo
3353 3735 3554 3792 sensui
3600 3738 3718 3791 tra-

2071 3829 2178 3884 diti
2210 3830 2282 3885 ad
2313 3829 2422 3884 hoc
2452 3825 2636 3884 relicti
2667 3830 2824 3896 sunt,
2859 3830 2926 3882 ut
2963 3825 3258 3882 nescirent
3297 3825 3426 3895 jam
3474 3839 3722 3895 pensare

2071 3917 2226 3974 mala
2254 3935 2382 3990 quae
2410 3917 2718 3972 faciebant.
2753 3938 2782 3965 »
2815 3915 2959 3970 Item
2986 3913 3046 3968 in
3076 3913 3224 3970 libro
3253 3912 3536 3986 vigesimo
3566 3915 3718 3984 (cap.

2071 4008 2160 4074 16)
2193 4021 2206 4060 :
2241 4029 2268 4057 ‹‹
2301 4007 2633 4061 llumanum
2655 3996 2862 4077 'igitur
2901 4018 3106 4075 genus,
3141 4007 3298 4058 recto
3349 4001 3451 4057 Dei
3492 4000 3718 4072 judicio

2069 4095 2129 4150 in
2162 4093 2558 4167 voluptatibus
2587 4092 2714 4148 suis
2744 4091 2857 4148 sibi
2891 4091 3230 4159 dimissum,
3259 4095 3434 4162 atque
3466 4106 3570 4162 per
3598 4105 3720 4146 eas-

2070 4184 2202 4240 dem
2232 4183 2560 4255 voluptates
2606 4180 2947 4254 spontaneis
2998 4178 3480 4236 tribulationibus
3530 4177 3719 4234 tradi-

2068 4278 2216 4341 tum,
2251 4270 2546 4328 absinthio
2573 4275 2663 4328 est
2703 4271 2955 4326 ebrium.
2988 4292 3016 4322 »
3052 4270 3123 4325 Et
3151 4271 3394 4325 sanctus
3442 4266 3717 4340 Augusti-

2070 4379 2183 4418 nus
2239 4363 2298 4417 in
2356 4359 2854 4434 propositionibus
2913 4357 3170 4432 epistolae
3229 4358 3302 4414 ad
3362 4357 3716 4414 Romanos:

2069 4475 2097 4502 ‹‹
2127 4451 2293 4518 Quod
2324 4454 2517 4505 autem
2541 4447 2682 4503 dicit
2701 4447 2971 4516 tradidit,
2997 4445 3347 4520 intelligitur
3369 4443 3597 4501 dimisit
3617 4443 3714 4500 81

313 4547 520 4634 secura
549 4533 860 4634 gaudebat.
889 4556 915 4583 »
941 4535 1165 4634 Itemin
1186 4535 1332 4592 libro
1363 4537 1674 4594 undecimo
1695 4541 1950 4610 (cap.2):
1989 4568 2036 4634 D
2066 4541 2127 4596 in
2179 4537 2466 4596 desideria
2514 4536 2704 4593 cordis
2756 4536 3014 4592 illorum.
3046 4559 3074 4587 «
3107 4535 3178 4591 Et
3225 4534 3608 4628 Cassiodorus
3656 4533 3720 4588 in

313 4641 342 4670 ‹‹
376 4617 689 4674 Sciendum
720 4625 826 4688 est,
862 4622 1001 4693 quia
1039 4622 1198 4679 aliud
1245 4629 1333 4680 est
1381 4627 1536 4697 quod
1585 4626 1956 4700 omnipotens

312 4707 470 4764 Deus
501 4707 959 4764 misericorditer
987 4711 1212 4780 tribuit,
1250 4713 1409 4768 aliud
1449 4715 1604 4786 quod
1636 4711 1823 4774 iratus
1851 4717 1961 4774 ha-

312 4795 449 4852 bere
480 4795 640 4851 sinit.
673 4797 820 4853 Nam
871 4800 1026 4870 quod
1079 4817 1345 4872 perverse
1383 4805 1685 4875 praedones
1717 4805 1956 4876 faciunt,

311 4883 421 4940 hoc
433 4882 800 4956 dispensator
811 4887 1182 4959 aequissimus
1196 4908 1310 4946 non
1324 4891 1436 4948 nisi
1442 4892 1466 4964 j
1477 4896 1603 4948 uste
1616 4895 1958 4966 permittit.»

312 4972 456 5029 Item
507 4972 641 5045 (Job
672 4991 773 5043 xu,
805 4976 930 5048 14):
961 4998 982 5027 α
1009 4979 1080 5034 Si
1112 4980 1496 5052 destruxerit,
1525 4997 1692 5038 nemo
1737 4989 1822 5040 est
1859 4989 1962 5058 qui

2068 4628 2298 4686 Psalmo
2331 4644 2538 4682 LXXXII.
2577 4649 2604 4677 «
2638 4625 2934 4698 Sequitur,
2961 4621 3339 4682 revereanlur
3365 4629 3421 4680 et
3449 4631 3717 4693 pereant.

2069 4720 2199 4792 Ipse
2229 4733 2440 4774 sensus
2470 4719 2578 4784 est,
2615 4732 2790 4788 quem
2820 4715 3092 4787 superius
3123 4713 3436 4786 dixit,quia
3455 4711 3535 4768 ibi
3567 4727 3724 4768 reve-

2070 4807 2248 4864 rendo
2275 4821 2392 4862 non
2423 4803 2757 4878 proﬁciunt,
2791 4803 2892 4860 sed
2923 4807 3171 4875 pereunt
3199 4801 3302 4875 qui
3332 4801 3404 4857 ad
3436 4805 3720 4856 aeternum

2069 4894 2425 4969 supplicium
2456 4892 2846 4962 destinantur,
2879 4891 3103 4948 scilicet
3132 4891 3192 4946 in
3237 4889 3411 4946 malis
3457 4888 3720 4946 obstina-

2067 4987 2224 5042 tione
2246 4999 2496 5051 sua,nou
2521 4979 3032 5054 praedestinatione
3051 4976 3724 5048 divina,sicutmoxsub-

309 5061 666 5134 aedi/ieeusi
679 5063 981 5122 incluserit
1001 5069 1484 5140 hominem,nemo
1503 5079 1584 5126 est
1603 5073 1709 5144 qui
1725 5076 1960 5146 aperiat
2059 5074 2084 5146 j
2094 5072 2276 5140 unxit,
2309 5080 2364 5128 et
2392 5077 2746 5146 cognoscant
2774 5070 2909 5144 quia
2945 5085 3155 5126 ποηιεη
3199 5069 3332 5137 tibi,
3359 5067 3623 5138 Domine,
3652 5069 3724 5122 tu

309 5152 461 5223 (cap.
491 5152 568 5225 5).
597 5153 976 5228 Omnipotens
1021 5157 1174 5214 Deus
1205 5158 1533 5215 humanum
1561 5176 1660 5216 cor
1689 5161 1958 5232 destruit,

312 5254 448 5294 cum
478 5240 753 5314 relinquit
787 5261 798 5298 :
833 5245 1101 5313 aediﬁcat,
1135 5247 1276 5302 dum
1323 5247 1522 5320 replet.
1557 5249 1754 5321 Neque
1803 5253 1959 5308 enim

311 5325 633 5386 humanam
664 5338 919 5388 mentem
959 5333 1303 5391 debellando
1352 5336 1618 5406 destruit,
1653 5339 1754 5394 sed
1803 5358 1959 5398 rece-

313 5415 502 5472 dendo
538 5433 550 5474 :
579 5419 719 5490 quia
747 5422 819 5476 ad
849 5421 1236 5494 perditionem
1279 5439 1446 5478 suam
1479 5426 1699 5481 sufﬁcit
1727 5429 1841 5484 sibi
1871 5429 1958 5486 di-

311 5504 515 5563 missa.
545 5529 573 5558 »
606 5508 750 5565 Item
775 5527 788 5566 :
815 5521 848 5561 ‹‹·
876 5511 936 5568 Si
967 5510 1270 5567 incluserit
1298 5511 1618 5583 hominem,
1643 5517 1841 5575 nullus
1873 5524 1962 5576 est

310 5594 414 5673 qui
445 5597 669 5671 aperiat
703 5615 715 5655 :
751 5599 891 5676 quia
921 5599 1075 5659 sicut
1105 5616 1276 5659 nemo
1303 5599 1539 5660 obsistit
1576 5601 1832 5681 largitati
1860 5625 1958 5668 vo-

2065 5160 2226 5218 solus
2255 5159 2590 5216 Altissimus
2617 5159 2678 5215 in
2723 5159 2882 5216 omni
2925 5163 3090 5216 terra
3137 5155 3327 5226 (Psal.
3363 5173 3568 5222 mxxu,
3604 5153 3720 5224 19).

2069 5251 2436 5324 Cognoscant
2464 5249 2536 5304 ad
2586 5265 2771 5322 genus
2819 5247 3058 5320 respicit
3102 5251 3423 5318 utrumque
3467 5259 3725 5317 peccan-
3823 5263 3835 5268 -

2066 5341 2238 5408 tium,
2269 5337 2388 5395 sive
2437 5337 2539 5408 qui
2571 5335 2962 5392 obstinatione
2992 5352 3101 5392 sua
3130 5333 3376 5408 perituri
3402 5336 3564 5398 sunt,
3598 5329 3724 5388 sive

2069 5429 2170 5502 qui
2219 5427 2422 5483 habita
2473 5423 2870 5481 satisfactione
2917 5423 3264 5481 liberantur.
3297 5423 3513 5480 Omnes
3559 5419 3722 5477 enim

2069 5517 2424 5591 cognoscent
2453 5512 2940 5584 omnipotentiam
2965 5512 3218 5581 Domini,
3239 5511 3380 5585 quia
3407 5511 3534 5584 ipse
3554 5506 3723 5566 solus

2069 5610 2159 5666 est
2174 5599 2539 5676 Altissimus,
2572 5618 2707 5662 cum
2735 5601 2848 5679 ipsi
2898 5601 3292 5680 cognoverint,
3325 5605 3382 5662 ct
3424 5596 3724 5662 conversis
