4006 6194
293 331 410 394 145

1021 332 1128 394 DE
1163 329 1923 393 PRJEDESTINATIONE
1965 325 2480 390 DISSEB’I‘ATIO
2523 327 2984 392 posrsmoa.
3071 301 3088 311 ’

3585 331 3714 393 146-

288 481 549 540 parcere,
583 468 642 522 et
667 463 993 522 obduratos
1020 469 1234 522 mterna
1269 464 1490 522 ultione
1520 465 1800 520 damnare
1831 485 1857 512 ››
1878 462 1948 518 Et
1973 461 2031 530 Α
2059 461 2586 536 praedestinationis
2615 463 2877 520 effectus.
2901 485 2929 514 »
2955 463 3025 518 Et
3052 463 3190 521 item
3221 464 3277 521 in
3319 439 3520 524 eodem
3550 463 3700 524 libro

285 554 348 611 in
383 554 618 612 Psalmo
663 553 915 610 Lxxxviu
949 571 961 611 :
1001 576 1022 604 ι
1057 555 1364 611 Dissolviin
1408 570 1534 610 eum
1579 554 1646 610 ub
1693 553 1949 610 emunda-

285 647 453 712 tione,
489 653 543 701 et
567 643 752 700 sedem
797 646 914 717 eius
975 646 1033 700 in
1089 651 1235 700 terra
1289 645 1560 701 collisisli.
1595 645 1948 716 Frequenter

281 734 572 792 smundat
595 731 879 790 divinitas
903 750 1050 806 quos
1071 732 1348 806 ﬂagellat,
1371 738 1437 789 ut
1465 736 1781 806 purgatum
1801 732 1946 788 reci-

283 825 411 898 piat
440 839 622 896 quem
655 823 912 894 peccatis
943 822 1247 879 sordidum
1279 823 1610 896 respuebat,
1639 838 1786 894 quos
1813 839 1946 878 vero

285 914 360 970 ab
391 911 820 970 emundatione
849 911 1132 980 dissolvit,
1165 911 1224 966 id
1268 916 1357 967 cst
1393 911 1656 981 removit,
1690 911 1796 968 hos
1819 912 1945 983 jam

283 1009 342 1059 et
370 1003 664 1058 damnare
692 1001 964 1057 decrevit.
984 1002 1349 1074 Quapropter
1377 998 1496 1056 illis
1527 999 1622 1056 hic
1653 1000 1948 1074 signiﬁcat

283 1089 669 1162 Judaeos,qui
689 1089 1083 1146 obstinatione
1114 1089 1329 1145 mentis
1351 1089 1648 1144 Christum
1676 1107 1949 1160 spernere

284 1179 653 1236 maluerunt.
675 1179 856 1235 Sedes
877 1195 1108 1251 quoque
1129 1195 1330 1234 eorum
1353 1178 1410 1232 in
1431 1182 1585 1232 terra
1605 1174 1808 1233 collisa
1837 1182 1946 1244 est,

283 1268 528 1343 quando
581 1271 928 1340 respueutes
973 1283 1163 1339 regem
1211 1267 1526 1322 Dominum
1577 1267 1945 1335 salvatorem,

172 1389 184 1400 -
282 1373 670 1430 nequaquam
692 1357 762 1411 de
792 1360 966 1429 gente
987 1373 1096 1412 sua
1117 1355 1442 1428 principem
1465 1354 1711 1411 ulterius
1735 1356 1949 1412 habere

281 1451 657 1504 meruerunt.
691 1446 874 1502 Sedes
903 1447 1060 1502 enim
1106 1463 1209 1518 pro
1251 1461 1428 1518 regno
1465 1446 1656 1518 posita
1686 1450 1794 1502 est.
1823 1470 1850 1497 ››
1881 1449 1952 1502 Et

279 1536 426 1593 item
460 1536 526 1591 in
558 1535 768 1592 eodem
803 1551 855 1590 :u
879 1535 1012 1607 Ipsa
1041 1539 1129 1590 est
1157 1534 1541 1590 commutatio
1563 1534 1799 1602 Christi,
1822 1553 1950 1608 quae

281 1624 624 1682 obstinatos
644 1622 986 1692 deseruit,et
1007 1623 1206 1679 fideles
1225 1623 1378 1678 dono
1402 1640 1519 1679 sua:
1543 1623 1778 1696 pietatis
1800 1624 1949 1682 asci-

279 1713 383 1769 vit.
412 1737 442 1762 ››
464 1714 539 1769 Et
569 1713 632 1768 in
663 1711 898 1768 Psalmo
927 1728 1100 1768 cvm:
1125 1712 1255 1768 Sive
1287 1712 1476 1786 magis
1507 1730 1625 1768 una
1654 1713 1950 1786 generatio

2055 555 2266 626 (0011.8)
2289 570 2346 608 zu
2372 553 2486 608 Cur
2515 568 2650 625 ergo
2691 571 2808 609 non
2839 569 3040 608 omnes
3071 554 3238 610 docet
3269 559 3334 610 ut
3360 555 3594 612 veniant
3625 556 3698 612 ad

2053 643 2374 711 Christum,
2399 641 2666 713 nisiquia
2694 660 2899 700 omnes
2929 659 3076 715 quos
3109 643 3276 698 docet
3305 644 3703 702 misericordia

2056 733 2242 799 docet,
2277 749 2423 805 quos
2453 737 2651 788 autem
2699 750 2812 788 non
2847 733 3032 800 docet,
3059 733 3282 804 judicio
3337 751 3453 790 non
3484 737 3700 792 docet?

2055 820 2333 894 quoniam
2365 823 2534 893 cujus
2565 821 2690 876 vult
2718 821 3047 888 miseretur,
3071 826 3128 876 et
3158 839 3332 894 quem
3365 823 3487 878 vult
3517 825 3700 880 obdu-

2055 915 2174 979 rat;
2200 912 2299 966 sed
2333 911 2641 967 miseretur
2669 913 2822 968 bona
2844 911 3393 980 tribuens,obdurat
3417 913 3594 986 digna
3623 931 3706 971 re-

2055 1001 2606 1057 tribuens.»Etitem
2621 1001 3301 1073 sanctusAugustinnsin
3320 1001 3467 1059 libro
3479 1005 3550 1060 de
3565 1005 3706 1060 Prai-

2057 1090 2443 1146 destinatione
2474 1091 2670 1162 gratiae
2694 1091 2832 1163 (cap.
2858 1092 2909 1158 4,
2933 1093 2989 1158 5)
3009 1107 3058 1146 ;‹‹
3081 1092 3230 1164 Ergo
3253 1091 3538 1165 quidquid
3571 1099 3704 1166 post

2057 1178 2216 1234 illam
2240 1179 2770 1250 praevaricationem
2789 1183 2964 1235 natus
2981 1179 3252 1252 supplicii
3271 1182 3442 1238 homo
3462 1183 3700 1256 patitur,

2049 1267 2196 1340 justi
2223 1266 2738 1340 reddilmeritoque
2770 1270 3038 1324 fateatur.
3065 1271 3342 1327 Indurare
3371 1273 3526 1327 enim
3560 1272 3703 1329 dici-
3810 1313 3820 1323 .

2058 1363 2156 1414 tur
2171 1358 2326 1414 Deus
2343 1374 2680 1429 eum,quem
2701 1359 2926 1414 mollire
2946 1360 3214 1416 noluerit.
3231 1361 3324 1416 Sic
3342 1362 3516 1417 etiam
3535 1379 3709 1418 excae-

2057 1465 2188 1504 care
2209 1447 2491 1503 dicendus
2505 1451 2603 1520 est
2618 1463 2752 1502 eum
2771 1465 2944 1520 quem
2969 1448 3300 1506 illuminare
3323 1451 3595 1508 noluerit.
3611 1453 3706 1510 Sic

2058 1537 2234 1593 etiam
2292 1535 2568 1608 repellere
2607 1553 2762 1605 eum,
2797 1554 2971 1608 quem
3002 1555 3205 1594 vocare
3261 1541 3530 1596 noluerit.
3556 1548 3706 1616 Quos

2057 1628 2206 1684 enim
2235 1626 2666 1699 prmdeslz‘navit,
2687 1627 2812 1682 illos
2831 1634 2882 1682 et
2902 1629 3122 1698 vomuit,
3140 1629 3262 1684 illos
3291 1639 3342 1684 et
3359 1632 3703 1702 jewtiﬁcavit.

2060 1717 2189 1788 Ipse
2210 1715 2366 1771 enim
2383 1715 2542 1771 dedit
2562 1718 2625 1770 ut
2644 1714 2850 1782 simus,
2868 1717 2989 1788 ipse
3007 1720 3070 1772 ut
3089 1717 3224 1771 boni
3242 1735 3367 1774 esse
3387 1721 3702 1791 possimus.

281 1801 387 1858 illa
415 1801 677 1858 dicenda
723 1806 832 1868 est,
859 1801 1094 1874 quando
1124 1801 1182 1856 in
1216 1801 1468 1874 peccatis
1516 1801 1816 1858 nascimur
1848 1819 1861 1858 :
1894 1806 1953 1858 et
1980 1833 2028 1899 Β
2062 1804 2354 1861 Prsescivit
2382 1821 2487 1860 nos
2519 1805 2648 1875 ejus
2679 1804 2974 1870 divinitas,
2999 1806 3283 1876 sapientia
3307 1808 3586 1876 condidit,
3604 1811 3702 1882 ju-

282 1891 415 1948 ideo
445 1891 604 1965 petit
633 1895 700 1946 ut
730 1891 802 1946 ad
848 1891 1186 1958 secundam,
1222 1891 1280 1944 id
1311 1895 1400 1946 est
1429 1891 1947 1964 regenerationem,

281 1998 401 2037 non
435 1980 806 2054 perveniant.
836 1980 944 2045 Qui
985 1983 1179 2035 tamen
1227 1979 1283 2034 in
1323 1979 1830 2052 praedestinatione
1860 1997 1947 2038 re-

279 2069 443 2144 pulsi
495 2073 667 2141 sunt,
693 2073 756 2124 ut
783 2068 846 2124 in
878 2067 1069 2142 prima
1097 2073 1467 2142 peccatorum
1517 2086 1760 2125 suorum
1815 2071 1950 2126 fazce

281 2159 654 2232 dispereant,
691 2175 798 2214 nec
847 2159 1114 2214 secundas
1164 2157 1484 2214 nativitatis
1534 2158 1816 2214 beneficio
1865 2159 1948 2215 la-

279 2265 512 2322 queum
543 2248 753 2304 mortis
782 2249 1052 2304 evadant.
1083 2249 1194 2304 Sed
1226 2249 1346 2304 haec
1377 2253 1436 2305 et
1463 2249 1556 2306 his
1589 2249 1807 2306 similia
1833 2250 1950 2307 illis

281 2338 598 2409 dicuntur,
614 2337 716 2411 qui
737 2338 798 2393 in
820 2337 1049 2394 Domini
1067 2337 1430 2408 judicatione
1446 2339 1766 2394 damnandi
1789 2343 1948 2396 sunt.

355 2429 432 2483 Et
447 2427 593 2500 quia
617 2445 734 2482 una
748 2432 839 2483 est
859 2426 1314 2499 przedestinatio,
1331 2432 1571 2484 sanctus
1586 2429 1950 2501 Augustinus

282 2516 349 2573 in
376 2533 536 2588 saepe
565 2519 888 2572 memorato
923 2515 1069 2571 libro
1101 2516 1590 2589 Hypomnesticon
1617 2521 1821 2574 contra
1851 2519 1951 2574 Pe-

280 2605 526 2680 lagium
556 2609 618 2661 et
662 2603 1014 2670 Caelestium,
1038 2605 1108 2660 de
1148 2605 1347 2661 Gratia
1364 2604 1599 2674 Christi,
1641 2611 1698 2662 et
1746 2607 1952 2663 Libero

279 2693 577 2762 Arbitrio,
599 2711 664 2750 ac
685 2693 957 2766 originali
979 2693 1237 2760 Peccato,
1258 2697 1324 2748 ut
1342 2694 1950 2764 commemoravimus,

282 2783 385 2839 ita.
417 2783 558 2838 dicit
577 2783 696 2852 (lib.
720 2801 777 2839 vr
803 2783 862 2838 in
895 2783 1110 2854 princ.)
1134 2799 1182 2838 :u
1208 2782 1640 2838 Praedestiuatio
1672 2783 1888 2856 quippe
1921 2801 1956 2840 a

284 2872 676 2946 praevidendo
705 2877 764 2928 et
787 2871 1308 2944 praeveniendo,vel
1331 2872 1776 2943 prazordinando
1796 2873 1954 2929 futu-

287 2975 443 3016 rum
473 2959 692 3032 aliquid
725 2960 958 3027 dicitur,
993 2964 1049 3016 et
1076 2958 1206 3016 ideo
1248 2959 1422 3028 Deus,
1447 2960 1540 3014 cui
1590 2960 1957 3037 praescientia

286 3065 428 3104 non
460 3049 728 3104 accidens
770 3052 878 3115 est,
906 3049 1006 3104 sed
1038 3048 1294 3104 essentia
1321 3047 1432 3103 fuit
1469 3063 1702 3121 semper
1741 3053 1798 3104 et
1844 3053 1952 3122 est,

288 3136 598 3212 quidquid
621 3142 935 3210 antequam
959 3136 1034 3193 sit
1053 3137 1304 3209 praescit,
1331 3137 1731 3210 praedestinat,
1754 3141 1811 3193 et
1831 3155 1958 3210 pro-

2059 1894 2223 1951 stitia
2237 1894 2748 1966 damnavit,gratia
2763 1893 3046 1948 liberavit.
3063 1895 3317 1951 Mundus
3333 1896 3487 1953 enim
3506 1916 3706 1970 quam.

2059 1985 2146 2041 vis
2168 2000 2270 2056 pro
2293 1987 2552 2055 tempore
2574 1999 2642 2037 ex
2663 1999 2777 2054 quo
2809 1983 2994 2037 factus
3015 1987 3102 2038 est
3125 1985 3384 2056 coeperit,
3402 1987 3458 2040 in
3491 1985 3591 2043 illa
3611 1990 3704 2044 di-

2057 2073 2204 2128 vina:
2236 2070 2610 2146 praescientia:
2643 2070 2770 2126 luce
2797 2071 3096 2126 faciendus
3120 2072 3347 2128 nullum
3381 2077 3572 2146 potuit
3601 2077 3704 2134 ha-

2059 2163 2195 2218 bere
2251 2160 2604 2234 principium
2639 2176 2651 2215 :
2687 2164 2744 2216 et
2787 2160 3224 2234 quanticumque
3255 2163 3341 2217 vel
3400 2182 3468 2220 ex
3518 2167 3703 2223 Adam

2063 2267 2261 2323 usque,
2281 2249 2337 2304 in
2370 2248 2718 2304 hodiernum
2760 2248 3028 2304 homines
3079 2251 3197 2304 uati
3248 2256 3404 2319 sunt,
3439 2252 3526 2308 vel
3574 2259 3708 2327 post

2061 2345 2288 2396 aetatem
2322 2341 2581 2394 nostram
2605 2336 2999 2410 generationis
3021 2343 3160 2393 sunt
3187 2341 3500 2413 propagine
3524 2343 3709 2398 nasci-

2061 2429 2196 2496 turi,
2223 2427 2378 2501 apud
2403 2427 2585 2482 Deum
2617 2431 2674 2481 et
2693 2427 2819 2496 jam
2851 2427 2967 2482 nati
2993 2430 3154 2494 sunt,
3176 2433 3232 2482 ct
3252 2429 3496 2486 decurso
3527 2433 3706 2489 totius

2060 2519 2188 2573 vitae
2219 2519 2478 2588 tempore
2505 2515 2880 2581 transierunt,
2909 2516 2964 2570 in
2996 2515 3095 2572 illo
3118 2517 3504 2576 nihilominus
3528 2519 3708 2578 divini

2062 2605 2302 2662 obtutus
2331 2603 2554 2659 lumine
2605 2607 3035 2676 permanentes.
3066 2605 3219 2662 Deus
3269 2606 3444 2676 enim,
3469 2609 3570 2681 qui
3603 2627 3708 2668 nec
3788 2669 3796 2675 ,

2061 2695 2186 2750 loco
2216 2692 2529 2764 clauditur,
2562 2709 2664 2749 nec
2725 2697 2984 2763 tempore
3039 2696 3407 2766 praevenitur,
3440 2699 3706 2757 omnium

2063 2800 2257 2840 rerum
2281 2786 2401 2838 tam
2423 2781 2848 2854 praeteritarum
2871 2782 3175 2850 memoria,
3193 2801 3370 2856 quam
3402 2785 3710 2844 imminen-

2061 2873 2212 2928 tium
2244 2869 2490 2926 scientia
2519 2869 2728 2942 plenus
2757 2873 2846 2924 est
2871 2886 2883 2924 :
2909 2887 3014 2925 nec
3051 2871 3433 2928 reminiscens
3462 2875 3710 2932 volvitur

2063 2961 2122 3016 in
2155 2957 2532 3032 praeteritum,
2557 2973 2661 3013 nec
2694 2974 2937 3029 sperans
2961 2959 3218 3013 tenditur
3247 2960 3306 3014 in
3330 2961 3615 3018 futurum.
3641 2966 3712 3020 Et

2064 3063 2427 3122 quaecunque
2457 3046 2694 3102 omnino
2734 3051 2894 3116 sunt,
2917 3062 3042 3117 quae
3085 3051 3412 3119 temporum
3453 3051 3712 3110 motibus

2065 3137 2384 3210 agitantur,
2415 3153 2448 3190 a
2474 3152 2540 3192 eo
2581 3133 2863 3207 principio
2919 3134 2980 3189 in
3021 3152 3136 3207 quo
3194 3141 3316 3192 erat
3343 3138 3622 3209 Verbum,
3655 3145 3713 3198 et

287 3203 512 3300 pterea
541 3203 1073 3298 predestinat,quia
1097 3225 1267 3298 quale
1291 3203 1562 3282 futurum
1595 3227 1675 3282 sit
1701 3203 1952 3300 praescit.
1985 3203 2028 3271 G
2065 3203 2318 3283 Vlerbum
2371 3229 2496 3280 erat
2543 3203 2698 3296 apud
2730 3203 2936 3291 Deum,
2971 3203 3056 3279 et_
3076 3225 3228 3282 Deus
3280 3231 3404 3283 erat
3430 3203 3710 3300 Verbum,

291 3317 446 3373 Ideo
477 3317 536 3370 et
562 3314 908 3388 Apostolus:
942 3316 1087 3370 Nam
1140 3331 1272 3388 quos
1315 3317 1615 3388 praescivit,
1666 3315 1877 3388 inquit,
1910 3323 1962 3372 et

283 3404 720 3479 prmanavit
739 3405 1049 3472 (Rom.vm,
1064 3403 1213 3473 29).»
1229 3405 1298 3460 Et
1317 3404 1376 3460 in
1397 3404 1547 3460 libro
1565 3405 1636 3460 de
1659 3405 1815 3461 Bono
1837 3421 1960 3478 per-

287 3491 645 3552 severantia:
657 3495 797 3564 (cap.
819 3493 907 3564 14)
925 3509 976 3548 ;‹‹
1004 3493 1127 3548 llaec
1154 3496 1243 3549 est
1271 3493 1700 3566 prwdestinatio
1728 3498 1958 3550 sancto-

289 3599 442 3640 mm
459 3580 606 3637 nihil
625 3581 804 3649 aliud,
821 3580 1184 3654 praescientia
1199 3580 1422 3640 scilicet
1436 3585 1490 3636 et
1509 3581 1850 3654 praeparatio
1867 3581 1962 3638 be-

288 3671 652 3730 neﬁciorum
665 3669 1012 3742 Dei,quibus
1029 3670 1355 3725 certissime
1379 3669 1703 3725 liberantur
1719 3669 1964 3742 quicun-

291 3776 424 3836 que
447 3759 918 3816 liberantur.»Et
937 3759 997 3814 in
1017 3759 1164 3814 libro
1187 3760 1257 3814 de
1288 3759 1800 3814 Prmdestinationc
1825 3775 1960 3816 san-

291 3855 548 3908 ctorum
568 3864 616 3903 τε(
642 3849 774 3921 Ipsa
793 3853 903 3916 est,
919 3849 1132 3921 inquit,
1147 3847 1579 3920 prazdestinatio
1601 3850 1960 3912 sanctorum,

293 3955 440 4014 qua:
481 3937 546 3992 in
575 3939 785 3994 Sancto
833 3942 1174 3993 sanctorum
1221 3936 1474 3991 maxime
1522 3935 1748 4004 claruit,
1785 3951 1962 4008 quam

295 4042 534 4100 negare
554 4026 684 4098 quis
708 4031 900 4098 potest
921 4031 1074 4081 recte
1095 4024 1547 4098 intelligentiam
1569 4024 1801 4096 eloquia
1815 4025 1963 4080 veri-

297 4115 495 4174 tatis?
518 4115 662 4170 Nam
693 4119 750 4170 et
780 4115 974 4187 ipsum
998 4114 1311 4170 Dominum
1343 4113 1558 4186 gloria),
1585 4113 1642 4167 in
1675 4117 1965 4185 quantum

294 4207 489 4264 homo
527 4203 714 4260 factus
743 4209 800 4260 et
831 4203 932 4260 Dei
970 4202 1172 4270 Filius,
1205 4201 1682 4276 praedestinatum
1720 4219 1848 4258 esse
1878 4203 1964 4257 di-

294 4295 594 4352 dicimus.
619 4314 647 4342 »
670 4293 740 4348 Et
768 4293 909 4348 item
943 4292 1002 4346 in
1033 4291 1235 4348 eodem
1267 4291 1414 4346 libro
1445 4294 1586 4362 (cap.
1612 4291 1698 4359 10)
1724 4308 1783 4346 :«
1813 4290 1968 4346 Inter

293 4382 566 4457 gratiam
591 4397 758 4454 porro
777 4385 835 4436 et
854 4380 1423 4454 praedestinationem
1449 4379 1556 4435 hoc
1578 4383 1809 4435 tantum
1828 4379 1968 4434 inte-

294 4477 452 4539 rest,
474 4469 634 4542 quod
661 4469 761 4526 82
786 4468 1220 4542 prmdestinatio
1251 4473 1341 4524 est
1369 4467 1568 4540 gratias
1599 4469 1963 4540 praeparatio,

2068 3331 2255 3388 usque
2277 3315 2336 3369 in
2358 3315 2534 3368 ﬁnem
2553 3313 2817 3368 omnium
2839 3312 3185 3369 seeculorum
3199 3315 3292 3386 (de
3310 3333 3426 3388 quo
3444 3318 3558 3374 ﬁne
3577 3335 3713 3375 cum

2069 3405 2286 3462 diceret
2317 3403 2523 3458 beatus
2555 3403 2781 3475 Moyses
2815 3418 2828 3458 :
2859 3403 3104 3470 Domine,
3140 3402 3350 3476 inquit,
3385 3409 3484 3478 qui
3519 3423 3716 3480 regnas

2069 3496 2129 3549 in
2157 3493 2425 3549 saeculum
2453 3499 2504 3547 et
2533 3493 2593 3547 in
2621 3492 2906 3556 saeculum,
2938 3499 2988 3546 et
3015 3491 3234 3559 adhuc),
3270 3509 3374 3548 nec
3405 3501 3718 3568 sperantur

2070 3583 2284 3649 futura,
2315 3597 2420 3635 nec
2451 3579 2738 3652 praeterita
2780 3580 3160 3646 transierunt,
3185 3583 3284 3637 sed
3318 3582 3376 3636 in
3407 3585 3716 3654 praesentia

2069 3668 2391 3725 divinitatis
2415 3667 2683 3740 praesenti
2706 3684 2935 3739 semper
2954 3667 3079 3723 luce
3099 3675 3473 3726 cernuntur.»
3487 3673 3556 3728 Et
3576 3673 3714 3730 item

2071 3762 2203 3831 post
2234 3758 2534 3829 aliquanta
2556 3761 2695 3828 (mp.
2724 3758 2808 3828 13)
2835 3773 2881 3811 ;‹‹
2909 3758 2989 3811 De
3012 3757 3102 3811 his
3124 3759 3340 3829 puibus
3361 3777 3592 3832 poenam
3625 3779 3715 3818 se-

2069 3847 2286 3903 veritas
2309 3846 2471 3917 juste
2497 3846 2846 3914 decreverat,
2871 3847 3196 3901 secundum
3219 3847 3572 3906 ineli'abilem
3607 3851 3718 3908 dis-

2072 3933 2380 4008 positionis
2419 3934 2658 3990 occultze
2699 3933 3180 4005 miscricordiam,
3213 3936 3388 4010 elegit
3416 3956 3555 3995 vasa
3590 3957 3717 4013 quae

2074 4026 2290 4080 faceret
2348 4023 2408 4077 in
2467 4022 2768 4088 honorem,
2800 4028 2858 4078 et
2896 4022 3040 4078 alios
3072 4042 3106 4079 a
3134 4029 3377 4080 ventura
3433 4026 3522 4083 ira
3568 4028 3718 4084 dono

2073 4112 2340 4187 gratuitos
2373 4110 2690 4166 vocationis
2731 4111 2996 4178 absolvit,
3030 4111 3175 4168 alios
3204 4113 3616 4186 derelinquens
3646 4118 3718 4171 ad

2075 4199 2427 4275 aequalitatis
2450 4198 2742 4271 judicium
2777 4199 3084 4255 reservavit
3109 4218 3120 4255 :
3149 4199 3292 4254 nulli
3327 4206 3516 4257 tamen
3542 4219 3718 4274 agno-

2075 4291 2300 4348 SOCDdtB
2331 4288 2590 4345 veritatis
2637 4287 2881 4344 abstulit
2920 4287 3274 4344 facultatem.
3308 4291 3376 4343 Et
3414 4289 3498 4346 ita
3537 4289 3720 4362 pleni-

2074 4381 2216 4436 tudo
2247 4379 2455 4435 divinm
2489 4377 2861 4449 przcseientia:
2894 4377 2951 4431 in
2985 4376 3128 4431 alios
3169 4382 3443 4434 manante
3474 4379 3574 4436 88
3597 4380 3722 4451 jus-

2075 4469 2227 4541 titia,
2250 4468 2309 4523 in
2343 4466 2488 4523 alios
2513 4465 2700 4539 gratia
2729 4465 3049 4537 profluente
3081 4465 3368 4538 completa
3397 4471 3505 4537 est,
3531 4473 3596 4524 ut
3625 4485 3721 4542 pc-

294 4560 510 4634 gratia
539 4575 672 4614 vero
694 4559 822 4631 jam
853 4558 984 4631 ipsa
1009 4556 1265 4614 donatio.
1288 4579 1316 4608 ››
1341 4558 1412 4612 Et
1441 4559 1572 4628 post
1607 4555 1916 4628 paululum
1952 4574 1965 4612 :
1997 4573 2046 4638 D
2078 4557 2386 4614 reuntibus
2421 4572 2570 4627 quos
2601 4553 2931 4627 praescierat
2969 4554 3124 4611 Deus
3159 4571 3286 4612 esse
3323 4557 3638 4629 perituros,
3667 4561 3726 4613 et

296 4673 328 4701 ιι
359 4647 808 4705 Praedestinatio
832 4651 922 4702 est
941 4663 1067 4718 qua
1096 4646 1222 4702 sine
1253 4643 1620 4719 presscientia
1644 4662 1758 4701 non
1782 4649 1972 4718 potest

295 4754 479 4795 esse:
509 4741 702 4810 potest
732 4741 928 4792 autem
959 4753 1086 4792 esse
1117 4737 1244 4792 sine
1285 4735 1792 4808 praedestinatione
1822 4752 1968 4807 pra:-

299 4826 584 4886 scientia.
621 4823 1131 4881 Praedestinatione
1179 4824 1393 4898 quippe
1439 4825 1595 4880 Deus
1633 4841 1702 4880 ea
1741 4823 1971 4896 praescit

297 4933 441 4990 qua:
465 4915 659 4970 fuerat
678 4915 806 4986 ipse
827 4913 1110 4983 facturus,
1128 4914 1282 4969 unde
1298 4913 1521 4968 dictum
1543 4919 1630 4968 est
1648 4931 1660 4968 :
1683 4915 1828 4968 Fecit
1846 4928 1971 4986 quae

297 5009 510 5078 futura
535 5011 696 5071 sunt;
727 5002 997 5076 praiscire
1037 5005 1232 5058 autem
1263 5005 1468 5074 potens
1508 5005 1596 5057 est
1634 5001 1812 5057 etiam
1843 5017 1970 5074 quae

301 5094 442 5167 ipse
471 5091 636 5159 facit,
665 5091 822 5147 sicut
851 5107 1214 5164 quaecunque
1244 5095 1482 5163 peccata
1515 5107 1528 5145 :
1562 5089 1662 5162 qui
1694 5090 1804 5146 etsi
1835 5093 1974 5146 sunt

303 5182 590 5256 quaedam
623 5198 753 5253 quas
784 5179 868 5236 ita
899 5184 1136 5252 peccata
1162 5183 1320 5246 sunt,
1345 5184 1408 5234 ut
1439 5196 1620 5251 poena:
1653 5177 1772 5233 sint
1800 5178 1977 5234 etiam

301 5275 694 5346 peccatorum
727 5269 909 5342 (unde
949 5269 1171 5324 dictum
1215 5273 1348 5324 est:
1389 5268 1631 5323 Tradidit
1668 5268 1791 5323 illos
1838 5269 1978 5324 Deus

299 5365 374 5418 in
406 5361 696 5432 reprobam
722 5365 982 5414 mentem.
1007 5365 1064 5414 ut
1095 5361 1304 5428 faciant
1333 5375 1457 5430 quvr
1476 5375 1587 5412 mm
1608 5359 1976 5429 conveniunt),

296 5451 490 5520 (Rmn.
521 5467 563 5517 1,
585 5452 704 5518 28),
741 5465 858 5503 non
918 5445 998 5502 ibi
1058 5450 1362 5518 peccatum
1398 5445 1494 5501 Dei
1525 5451 1632 5514 est,
1658 5445 1756 5500 sed
1809 5445 1978 5516 judi-

298 5537 807 5604 oium.Quocirca
838 5535 1272 5609 praedestinatio
1299 5534 1400 5590 Dei
1431 5552 1559 5608 qua:
1589 5532 1649 5588 in
1682 5533 1834 5590 bono
1867 5537 1976 5601 est,

301 5627 514 5701 gratia
545 5630 656 5696 est,
682 5629 749 5681 ut
781 5623 926 5692 dixi,
969 5622 1314 5696 praeparatio
1347 5640 1359 5679 :
1395 5622 1583 5695 gratia
1611 5638 1745 5676 vero
1791 5621 1978 5693 ipsius

2081 4645 2318 4703 salvatis
2349 4661 2496 4716 quos
2529 4643 2583 4698 in
2618 4643 2717 4698 illa
2748 4647 2970 4698 secreta
3007 4660 3116 4698 sua
3151 4643 3428 4700 electione
3459 4644 3724 4718 praescie-

2077 4739 2167 4790 rat
2196 4749 2323 4789 esse
2349 4732 2680 4800 salvandos,
2704 4735 2824 4787 toto
2846 4731 2982 4788 orbe
3003 4731 3217 4788 diffusa
3238 4732 3728 4805 multiplicaretur

2079 4821 2408 4878 Ecclesia.»
2436 4823 2506 4877 Et
2544 4825 2676 4894 post
2716 4819 3021 4894 paululum
3053 4821 3190 4894 (cap.
3227 4823 3316 4888 14,
3349 4823 3438 4891 15)
3461 4840 3514 4877 εει
3545 4823 3603 4878 Si
3635 4821 3728 4894 pie

2081 4913 2152 4968 de
2181 4911 2298 4967 Deo
2329 4911 2482 4967 sicut
2513 4910 2744 4983 expedit
2775 4909 3084 4976 sentimus,
3110 4912 3286 4968 etiam
3319 4909 3602 4967 Pharaoni
3633 4911 3728 4964 da-

2081 5005 2201 5056 tam
2234 4999 2694 5056 misericordiam
2741 4999 3085 5071 reperimus.
3119 5000 3403 5056 Patientia
3440 4998 3595 5053 enim
3625 4995 3726 5052 Dei

2080 5089 2272 5146 valere
2304 5089 2356 5145 ei
2387 5089 2588 5144 debuit
2619 5089 2690 5142 ad
2725 5087 2972 5142 salutem
2999 5105 3012 5144 :
3039 5088 3176 5161 quia
3198 5089 3467 5144 differens
3494 5087 3726 5157 justum

2088 5181 2482 5251 meritumque
2513 5175 2868 5250 supplicium
2902 5177 3315 5232 miraculorum
3345 5176 3586 5230 verbera
3613 5189 3730 5229 cre-

2087 5269 2194 5325 bra
2215 5269 2516 5324 densabat.
2541 5266 2817 5338 Nunquid
2847 5285 2956 5322 non
2983 5265 3190 5338 potuit,
3207 5265 3356 5319 sicut
3381 5261 3623 5334 ﬂagellis
3644 5281 3732 5320 ce-

2088 5359 2233 5413 dens
2254 5356 2475 5429 expulit
2503 5355 2806 5430 populum,
2835 5357 2912 5410 ita
2945 5353 3241 5408 mirau-ulis
3271 5353 3510 5406 credens
3544 5353 3730 5409 Deum

2087 5450 2260 5502 tanta:
2275 5446 2508 5502 virtutis
2523 5461 2836 5520 agnoscere
2847 5445 2874 5498 ’ἶ
2888 5443 2998 5497 Sed
3012 5441 3223 5495 dicitur
3228 5441 3354 5509 jam
3370 5441 3732 5500 Pharaonem

2087 5553 2203 5592 non
2235 5536 2493 5608 potuisse
2517 5531 2897 5602 mutari,quia
2915 5545 3048 5584 eum
3081 5529 3412 5600 praescierat
3430 5531 3584 5588 Deus
3615 5551 3734 5591 non

2088 5642 2214 5681 esse
2239 5625 2620 5682 mutandum:
2643 5619 3028 5690 respondetur
3049 5617 3146 5672 Dci
3173 5621 3597 5689 praescicntiam
3616 5639 3732 5678 non
