4042 6188
305 366 420 434 147

1231 361 1613 426 HINCMARI
1659 355 2110 423 RHEMENSIS
2151 353 2772 418 AHCHIEPISCOPI.

3589 351 3708 414 148

303 519 509 576 cogere
529 500 826 558 hominem
850 503 912 556 ut
934 497 1069 556 talis
1089 498 1165 554 sit
1186 497 1417 570 qualem
1442 495 1730 570 praescivit
1751 494 1904 549 Deus
1929 509 1942 547 :
1976 491 2030 559 Α
2057 490 2197 563 quia
2225 490 2400 545 verba
2431 507 2558 562 quae
2590 487 2735 544 dixit
2764 489 2939 544 etiam
2974 504 3077 560 per
3105 487 3408 544 doctorum
3441 487 3706 544 studium

303 593 404 648 sed
423 591 693 664 priescire
709 590 880 646 talem
903 589 1166 644 futurum
1181 587 1372 659 qualis
1391 588 1624 641 futurus
1636 589 1954 654 est,quam-

301 683 392 737 vis
422 698 556 736 eum
589 697 700 735 non
736 679 819 733 sic
866 677 1060 732 fecerit
1091 677 1264 732 Deus.
1289 675 1572 741 Quoniam
1625 673 1671 728 si
1725 675 1956 742 cogeret

309 787 456 837 esse,
482 770 589 824 hoc
611 769 813 840 utique
841 772 1068 839 cogeret
1092 767 1248 836 quod
1281 782 1392 819 nun
1426 768 1534 818 est.
1562 763 1734 818 Porro
1765 761 1810 816 si
1847 761 1955 815 hoc

308 859 642 932 prmscierat
671 861 933 912 futurum
967 871 1094 910 esse
1124 855 1278 926 quod
1312 870 1424 908 non
1453 857 1560 917 est,
1595 849 1958 924 praescientia

307 964 420 1002 non
445 954 533 1002 est
557 963 570 1000 :
595 947 750 1018 quod
775 947 845 1000 de
875 945 991 1000 Deo
1025 959 1200 1016 quam
1233 941 1409 1012 impie
1441 940 1686 1006 dicatur,
1711 937 1958 997 advertit

307 1035 684 1106 quisque,qui
711 1033 964 1106 peccatis
989 1031 1120 1086 inde
1145 1029 1625 1100 blanditur,quod
1648 1027 1800 1082 Deus
1821 1042 1956 1080 eum

309 1128 671 1196 peccatorein
697 1123 962 1178 futurum
995 1136 1122 1175 esse
1153 1117 1484 1190 praescierit.
1515 1139 1541 1165 ››

382 1213 525 1267 Ecce
547 1213 616 1268 de
638 1228 886 1283 quorum
913 1209 1104 1264 verbis
1126 1207 1450 1279 capitulum
1482 1205 1638 1260 istud
1671 1203 1959 1275 excerpsi-

311 1317 466 1358 mus.
500 1301 830 1356 Ascendant
863 1297 1307 1370 reprehensores
1331 1301 1378 1350 et
1401 1301 1832 1367 oppugnatores
1863 1311 1959 1348 no-

313 1390 438 1456 stri,
465 1390 582 1445 imo
615 1389 1056 1461 impugnatores
1077 1387 1175 1440 sed
1208 1402 1322 1440 non
1343 1388 1766 1456 expugnatores
1794 1387 1960 1438 recta:

313 1479 468 1546 fidei,
485 1484 542 1533 et
561 1478 806 1533 afferant
829 1493 1055 1548 ungues
1082 1473 1456 1529 acutissimos
1481 1490 1612 1528 cum
1644 1472 1960 1527 subtilissi-

313 1549 430 1622 mis
448 1567 691 1636 acubus,
706 1571 760 1620 et
782 1565 840 1618 in
865 1581 1083 1618 morem
1107 1562 1455 1618 feminarum
1480 1561 1959 1633 acupingentium

313 1656 648 1724 extendant,
670 1660 725 1708 et
747 1652 992 1707 diversis
1017 1651 1308 1707 coloribus
1339 1667 1647 1722 pravorum
1679 1668 1959 1706 sensuum

313 1759 554 1798 suorum
587 1741 870 1798 divariare
902 1745 1076 1812 atque
1098 1739 1429 1796 decolorare
1450 1739 1773 1811 capitulum
1802 1739 1958 1795 istud

2062 579 2236 635 scribi
2271 579 2514 652 largitus
2543 583 2650 642 est,
2685 578 2742 633 in
2793 595 2972 634 manu
3015 576 3310 633 calamum
3358 576 3566 633 tenuit.
3599 577 3708 643 Qui

2063 667 2326 724 calamus
2350 685 2634 722 mensurae
2659 667 2892 726 dicitur.
2917 667 3058 738 quia
3085 665 3216 738 ipsa
3237 667 3550 722 Doctorum
3583 670 3712 722 stu-

2063 756 2162 811 dia
2177 757 2286 812 sub
2305 757 2555 827 quadam
2571 755 2998 827 occultijudicii
3014 755 3449 828 dispensatione
3465 756 3716 812 retinen-

2064 850 2178 908 tur,
2196 850 2261 900 ut
2279 850 2338 900 et
2357 844 2488 900 aliis
2514 843 2842 917 legentibus
2875 845 3119 917 prosint,
3144 849 3203 900 et
3225 844 3357 900 aliis
3382 844 3714 916 legentibus

2065 935 2339 1006 prodesse
2372 950 2486 989 non
2517 927 2763 1005 possint.
2785 933 2944 989 Unde
2973 937 3032 988 et
3061 933 3248 989 sancti
3280 932 3546 1005 apostoli,
3575 950 3714 990 cum

2067 1023 2407 1093 magistram
2431 1023 2732 1077 veritatem
2754 1023 2864 1077 sibi
2886 1023 3147 1094 apertius
3171 1021 3501 1094 loquentem
3527 1022 3717 1094 requi-

2067 1117 2259 1166 rerent
2281 1127 2386 1166 cur
2405 1111 2593 1166 turbis
2613 1111 2670 1165 in
2696 1111 2987 1183 parabolis
3007 1111 3358 1184 loqueretur,
3377 1112 3712 1167 audierunt.

2071 1199 2208 1266 Quia
2228 1201 2376 1255 vobis
2399 1199 2583 1254 datum
2613 1208 2693 1255 est
2718 1215 2874 1255 nosse
2901 1203 3220 1271 mysterium
3249 1202 3408 1272 regni
3433 1202 3712 1268 cwlorum,

2069 1289 2185 1344 illis
2230 1296 2410 1343 autem
2455 1303 2566 1342 non
2596 1287 2798 1357 (Matth.
2820 1289 3074 1360 xm,il).
3099 1288 3199 1344 Vel
3248 1294 3404 1345 certe
3449 1289 3716 1345 calamus

2070 1393 2358 1432 mensurae
2387 1377 2650 1448 est,quia
2681 1377 2737 1431 in
2769 1377 2895 1448 ipso
2925 1393 3090 1433 sacro
3121 1378 3250 1449 ejus
3280 1377 3532 1451 eloquio,
3555 1379 3714 1452 quod

2069 1465 2239 1520 nobis
2263 1466 2658 1538 conscriptum
2685 1471 2796 1531 est,
2821 1466 3078 1522 occultas
3099 1483 3228 1523 esse
3246 1467 3718 1540 dispensationes

2068 1555 2198 1624 ejus
2228 1555 2623 1626 agnoscimus.
2659 1557 2800 1610 Nam
2837 1573 2940 1628 per
2971 1555 3557 1632 incomprehensibile
3585 1559 3718 1630 ejus

2061 1641 2376 1713 judicium,
2401 1641 2548 1698 alter
2577 1643 2731 1698 intra
2752 1660 3090 1700 mensuram
3113 1643 3429 1701 electorum
3454 1647 3716 1713 metitur,

2069 1735 2127 1785 et
2155 1730 2300 1785 alter
2333 1733 2484 1787 foras
2513 1732 2884 1804 relinquitur,
2908 1738 2972 1788 ut
3000 1732 3161 1789 nullo
3189 1735 3362 1790 modo
3399 1735 3472 1791 ad
3504 1735 3718 1792 electo-

311 1835 598 1888 uueutuut
627 1848 639 1888 ;
675 1835 732 1886 ει
770 1831 1105 1901 ubicunque
1134 1829 1223 1885 γε]
1264 1829 1322 1883 iu
1363 1828 1485 1884 εοιο
1525 1829 1720 1896 verbo,
1743 1832 1961 1901 quanto
1992 1853 2039 1918 Β
2071 1835 2202 1873 rum
2226 1837 2535 1874 numerum
2561 1821 2846 1892 pertinere
2869 1827 3180 1878 mereatur.
3201 1823 3386 1878 Habet
3403 1841 3538 1898 ergo
3562 1823 3718 1880 funi-

311 1921 502 1994 magis
527 1921 583 1974 in
609 1919 1140 1983 sensu,orthodoxe
1163 1918 1294 1972 fidei
1318 1935 1382 1972 ac
1413 1917 1833 1973 catholicorum
1859 1918 1960 1972 Pa-

312 2013 471 2064 trum
498 2008 773 2062 doctrina:
819 2008 1125 2061 adversum
1157 2005 1243 2061 vel
1285 2005 1580 2061 diversum
1612 2005 1960 2072 invenerint,

313 2095 652 2150 minutatim
686 2098 1138 2165 transpungant.
1160 2093 1319 2158 Quod
1347 2093 1394 2148 si
1422 2093 1679 2148 invenire
1701 2090 1964 2164 nequive-

314 2185 455 2248 rint,
475 2183 710 2239 malitia:
730 2201 848 2238 suae
873 2199 1150 2236 mucrone
1172 2183 1487 2253 perfossos.
1501 2185 1559 2235 et
1576 2179 1812 2260 victoria
1828 2178 1967 2234 veri-

314 2273 456 2329 tatis
487 2273 784 2339 confusos,
803 2275 978 2342 atque
1011 2269 1420 2342 redargutione
1452 2270 1638 2341 ipsius
1670 2267 1820 2324 beati
1849 2268 1965 2323 Au-

315 2361 535 2434 gustini
560 2365 735 2433 atque
755 2360 1300 2431 Prosperi,quorum
1321 2375 1382 2414 se
1399 2359 1572 2414 dictis
1588 2357 1833 2414 victores
1847 2361 1972 2431 jac-

315 2449 904 2516 tabant,verecundiae
927 2449 1136 2503 rubore
1155 2449 1422 2520 perfusos
1447 2447 1967 2518 intelligentes,nos

315 2556 552 2610 carpere
579 2537 868 2603 desinant,
895 2542 952 2592 et
977 2555 1118 2592 sano
1151 2536 1470 2592 intellectui
1493 2553 1706 2591 rnanus
1726 2537 1964 2592 donent.

386 2627 550 2694 Quod
577 2626 626 2682 si
650 2633 705 2682 et
736 2625 926 2680 adhuc
957 2643 1127 2697 agere
1147 2626 1699 2690 detractant,veniat
1729 2631 1969 2682 sanctus

317 2716 724 2789 Gregorius,et
755 2715 1038 2786 percutiat
1068 2732 1186 2778 eos,
1209 2731 1322 2768 non
1354 2713 1514 2768 clava
1545 2713 1968 2780 Herculea,‘-scd

315 2804 663 2860 auctoritate
701 2803 1118 2873 ecclesiastica,
1157 2803 1326 2858 beato
1368 2802 1969 2874 Petro’apostolorum

315 2893 504 2966 primo
535 2911 569 2948 a
600 2892 860 2948 vivorum
904 2897 960 2947 et
1001 2891 1600 2961 mortuorumjjudice
1639 2892 1872 2956 tradita,
1907 2895 1972 2947 ut

317 2987 692 3040 convertatur
713 2982 878 3038 dolor
902 2999 1102 3036 eorum
1129 2981 1184 3035 in
1210 2985 1384 3052 caput
1417 2982 1699 3054 ipsorum,
1723 2987 1772 3036 et
1799 3000 1971 3037 arcus

313 3090 517 3128 eorum
548 3073 1044 3144 confringatur,ct
1076 3071 1133 3126 in
1157 3070 1429 3126 verticem
1461 3069 1724 3143 ipsorum
1755 3070 1969 3142 iniqui-

316 3167 408 3219 tas
439 3181 642 3218 eorum
673 3163 990 3217 descendat
1022 3177 1034 3216 :
1071 3178 1178 3215 nos
1208 3165 1400 3215 autem
1435 3163 1820 3216 conﬁteamur
1857 3161 1966 3216 Do-

316 3250 476 3307 mino
502 3251 558 3305 in
583 3249 979 3322 ejusjustitia.
1000 3248 1094 3304 Ait
1123 3247 1276 3302 enim
1311 3247 1366 3302 in
1393 3248 1642 3303 Homilia
1672 3247 1964 3319 Evangelii

315 3339 545 3394 decima
601 3338 852 3409 septima
885 3353 937 3390 :«
970 3340 1034 3391 In
1083 3352 1404 3408 quacunque
1457 3337 1697 3402 domum,
1750 3337 1960 3408 inquit,

315 3427 673 3492 intraveritis,
691 3427 935 3496 primum
963 3423 1128 3479 dicite
1148 3442 1166 3478 :
1188 3425 1310 3479 Pax
1338 3425 1468 3479 huic
1495 3424 1700 3491 domui,
1722 3433 1773 3480 et
1801 3427 1852 3480 si
1884 3426 1966 3480 ibi

313 3515 485 3585 fuerit
511 3514 662 3585 ﬁlius
688 3515 862 3584 pacis,
885 3515 1180 3583 requiescet
1215 3530 1380 3582 super
1419 3514 1575 3568 illam
1601 3531 1712 3583 pax
1741 3523 1912 3569 vestra
1945 3533 1964 3568 :

311 3603 400 3657 sin
432 3611 631 3669 autem,
665 3601 734 3656 ad
775 3619 863 3656 vos
895 3609 1192 3656 revertetur
1220 3603 1368 3670 (Luc.
1392 3619 1446 3668 x,
1470 3603 1547 3667 5).
1575 3601 1686 3656 Pax
1725 3620 1851 3674 qua:
1891 3603 1964 3658 ab

312 3707 410 3746 ore
439 3690 836 3762 prmdieatoris
865 3690 1125 3755 ali‘ertur,
1147 3695 1248 3743 aut
1277 3689 1588 3759 requiescit
1614 3691 1671 3744 in
1698 3689 1964 3757 domo,'si

313 3778 373 3834 in
404 3796 472 3834 ea
506 3779 662 3835 filius
695 3779 853 3850 pacis
877 3777 1065 3841 fuerit,
1087 3782 1188 3832 aut
1217 3778 1288 3832 ad
1325 3778 1594 3833 eumdem
1627 3779 1964 3850 praedicato-

313 3884 435 3922 rem
463 3867 771 3921 revertitur
794 3883 806 3922 ;
833 3867 972 3936 quia
993 3870 1095 3920 aut
1115 3865 1223 3920 erit
1244 3865 1493 3937 quisque
1517 3867 1966 3938 prazdestinatus

311 3956 383 4009 ad
419 3955 617 4019 vitam,
645 3960 702 4008 et
735 3953 964 4009 cwleste
996 3955 1236 4009 verbum
1268 3955 1534 4026 sequitur
1563 3957 1714 4026 quod
1749 3957 1914 4010 audit
1947 3973 1960 4010 :

311 4048 412 4098 aut
443 4043 490 4097 si
526 4041 722 4098 nullus
753 4042 954 4098 audire
999 4041 1267 4110 voluerit,
1297 4043 1421 4116 ipse
1465 4045 1808 4116 praedicator
1840 4049 1966 4100 sine

312 4136 504 4187 fructu
541 4148 656 4186 non
689 4132 820 4192 erit,
843 4131 984 4202 quia
1011 4132 1081 4186 ad
1117 4149 1250 4186 eum
1285 4149 1396 4203 pax
1426 4137 1747 4188 revertetur
1775 4149 1787 4186 :
1820 4150 1964 4204 quo-

313 4220 471 4276 niam
503 4219 553 4276 ei
586 4239 619 4275 a
650 4219 896 4276 Domino
930 4237 1032 4291 pro
1064 4219 1261 4274 labore
1287 4219 1378 4274 sui
1410 4219 1604 4291 operis
1635 4237 1857 4276 merces
1887 4239 1966 4276 re-

308 4314 788 4381 compensatur.»
811 4309 913 4364 84
947 4309 1268 4364 Attendunt
1305 4314 1362 4362 ct
1402 4309 1736 4379 appendant
1775 4327 1964 4382 repre-

311 4396 595 4453 hensores
617 4399 788 4452 istius
811 4397 1182 4468 capi!uli,qui
1201 4397 1402 4451 volunt
1429 4397 1512 4452 sic
1535 4415 1568 4451 a
1592 4402 1701 4452 lico
1725 4400 1968 4468 praedes-

312 4486 532 4539 tinatos
566 4486 719 4540 credi
743 4493 799 4540 et
821 4487 932 4540 dici
959 4487 1028 4540 ad
1065 4486 1387 4554 interitum,
1411 4487 1703 4556 quomodo
1725 4488 1967 4542 credun-

2071 1908 2293 1975 culum,
2315 1909 2490 1965 habet
2511 1910 2568 1965 in
2596 1928 2775 1966 manu
2800 1929 3087 1968 mensura:
3109 1911 3536 1981 calamum.Qui
3558 1913 3720 1970 enim

2072 1997 2332 2052 funiculo
2390 1997 2582 2054 locum
2643 2000 2900 2068 metitur,
2933 2001 3071 2057 alibi
3132 2003 3458 2059 funiculum
3515 2005 3718 2072 trahit,

2074 2085 2309 2143 aliunde
2339 2088 2600 2156 retrahit,
2625 2094 2683 2145 et
2706 2090 2818 2146 huc
2849 2090 3010 2146 ducit
3039 2108 3212 2163 quem
3235 2091 3470 2148 aliunde
3493 2094 3720 2150 subdu-

2074 2174 2171 2230 cit.
2198 2176 2292 2230 Sic
2323 2177 2602 2233 nimirum
2636 2177 2719 2234 sic
2750 2180 3104 2252 Redemptor
3130 2185 3328 2236 noster
3355 2183 3414 2238 in
3435 2182 3724 2239 collectio-

2076 2281 2146 2318 ne
2177 2264 2484 2321 hominum
2517 2268 2672 2334 i‘acit,
2707 2270 2846 2324 dum
2898 2269 3045 2326 alios
3074 2287 3108 2325 a
3138 2269 3263 2326 suis
3311 2271 3722 2344 iniquitatibus

2075 2353 2383 2422 abstrahit,
2407 2361 2464 2410 ct
2506 2355 2652 2411 alios
2684 2356 2741 2412 in
2774 2375 2884 2414 sua
2912 2357 3221 2431 iniquitate
3250 2359 3620 2433 derelinquit.
3653 2361 3720 2417 In

2075 2440 2168 2496 his
2197 2443 2354 2498 enim
2387 2461 2535 2516 quos
2566 2444 2837 2518 colligere
2857 2445 3138 2518 dignatus
3159 2452 3267 2515 est,
3293 2448 3531 2505 occultae
3563 2466 3724 2506 men-

2077 2547 2226 2586 sura:
2259 2532 2581 2588 funiculum
2612 2534 2804 2598 traxit,
2823 2540 2881 2591 et
2901 2536 2972 2590 ab
3004 2535 3097 2592 bis
3127 2553 3275 2608 quos
3305 2537 3724 2611 relinquendos

2076 2621 2520 2692 essejudicavit,
2535 2623 2677 2695 quid
2699 2623 2855 2678 aliud
2879 2624 2992 2680 nisi
3018 2624 3343 2682 funiculum
3361 2627 3636 2682 retraxit?
3657 2632 3727 2683 ut.

2077 2714 2134 2764 et
2165 2709 2298 2764 boni
2335 2709 2488 2765 intra
2545 2724 2882 2767 mensuram
2917 2711 3168 2769 cmlestis
3199 2713 3428 2770 fabrica:
3486 2719 3724 2771 tenean-

2079 2803 2194 2865 tur,
2220 2804 2270 2853 et
2306 2799 2444 2854 mali
2466 2806 2626 2854 extra
2647 2801 2946 2868 fabricam,
2977 2801 3034 2856 in
3067 2800 3282 2874 quibus
3303 2803 3456 2859 bona
3478 2821 3603 2876 qua:
3624 2822 3728 2859 sas-

2079 2887 2365 2943 timantur
2386 2905 2500 2943 non
2531 2890 2871 2961 sunt.,quasi
2895 2890 3022 2946 sine
3055 2908 3332 2947 mensura
3361 2898 3723 2949 remaneant.

2079 2978 2244 3034 Hunc
2269 2977 2592 3034 funiculum
2617 2985 2671 3032 et
2695 2996 2981 3036 mensura:
3005 2979 3294 3036 calamum
3325 2981 3384 3036 in
3415 2998 3592 3038 manu
3617 2999 3728 3038 sua

2080 3067 2434 3140 Redemptor
2447 3067 2997 3133 uostertenuit,cum
3016 3068 3256 3124 Paulum
3272 3070 3600 3142 apostolum
3623 3089 3729 3143 per

2079 3162 2454 3228 apparentem
2478 3155 2663 3210 virum
2699 3157 3070 3213 Macedonem
3104 3158 3418 3214 admonere.
3447 3159 3728 3232 dignatus

1994 3220 2037 3283 C
2072 3220 2197 3298 est:
2228 3245 2309 3300 ita
2342 3251 2406 3300 ut
2438 3244 2621 3300 isdem
2657 3247 2892 3302 Macedo
2924 3247 3012 3302 vir
3040 3247 3277 3304 diceret.
3307 3220 3594 3304 Transie’ns
3621 3249 3722 3304 ad-

2063 3334 2199 3406 juva
2227 3351 2325 3389 nos
2356 3334 2487 3404 (Act.
2517 3352 2630 3402 xvr,
2653 3336 2728 3405 9),
2754 3340 2812 3389 et
2841 3340 3036 3390 tamen
3081 3335 3410 3392 volentibus
3439 3337 3723 3410 apostolis

2073 3422 2144 3476 ad
2179 3423 2610 3494 prmdicandum
2643 3423 2724 3478 ire
2751 3423 2808 3479 in
2831 3423 3027 3480 Asiam
3049 3441 3162 3480 non
3188 3423 3452 3497 permisit
3476 3426 3723 3499 spiritus

2072 3513 2234 3567 Jesu.
2257 3511 2401 3578 Quid
2429 3513 2691 3583 estquod
2725 3513 2908 3568 sancti
2933 3512 3179 3584 apostoli
3203 3520 3484 3570 vocantur
3502 3515 3722 3583 ire,ubi

2074 3602 2321 3656 fortasse
2345 3600 2427 3655 ire
2452 3619 2565 3656 non
2589 3601 3016 3672 engitabant.et
3039 3601 3177 3657 illuc
3194 3602 3294 3658 ubi
3313 3603 3732 3660 desiderabant

2075 3707 2332 3761 pergere,
2366 3689 2449 3746 ire
2495 3689 2894 3761 perhibentur,
2928 3689 3038 3746 nisi
3071 3691 3212 3761 quia
3258 3691 3469 3747 occulti
3511 3691 3726 3763 judicii

2075 3778 2374 3834 funiculus
2405 3784 2462 3834 et
2495 3795 2783 3833 mensurae
2814 3778 3077 3835 calamus
3101 3785 3334 3836 tenetur
3353 3781 3412 3835 in
3435 3797 3638 3847 manu,
3664 3785 3735 3836 ut

2073 3871 2130 3922 et
2159 3865 2255 3921 alii
2290 3867 2465 3921 verba
2493 3867 2622 3920 vitae
2655 3867 2918 3934 audiant,
2943 3872 3000 3923 et
3029 3867 3126 3922 alii
3161 3867 3498 3925 nullatenus
3527 3869 3732 3925 audire

2075 3956 2446 4011 mereantur?
2466 3955 2782 4011 Funiculus
2800 3973 2936 4028 ergo
2954 3974 3240 4012 mensurae
3256 3959 3470 4030 est,qui
3490 3957 3726 4014 aliunde

2073 4050 2296 4099 tractus
2327 4049 2435 4110 est,
2461 4044 2698 4100 aliunde
2729 4050 3033 4101 retractus.
3060 4046 3273 4102 Sancto
3295 4063 3527 4119 quoque
3549 4047 3730 4102 Evan-

2074 4132 2224 4205 gelio
2255 4137 2402 4188 testo
2442 4133 2777 4200 didicimus,
2803 4134 2954 4204 quod
2991 4133 3148 4189 venit
3197 4134 3295 4206 qui
3347 4135 3583 4201 diceret,
3616 4135 3732 4190 Ha.-

2073 4222 2262 4292 gister,
2291 4237 2491 4292 sequar
2515 4227 2564 4276 lc
2585 4235 2900 4292 quocunque
2931 4222 3064 4276 ieris
3087 4239 3106 4275 :
3130 4221 3222 4276 cui
3247 4238 3592 4294 responsum
3615 4227 3727 4286 est,

2075 4309 2174 4366 85
2226 4310 2414 4379 Vulpes
2471 4310 2652 4378 [tineas
2709 4309 2927 4376 habent,
2955 4317 3008 4368 et
3060 4311 3303 4367 voliwres
3359 4311 3482 4366 certi
3534 4311 3731 4378 nidos;

2073 4399 2254 4452 Filius
2285 4405 2464 4452 autem
2501 4397 2740 4452 hmnim's
2778 4415 2890 4452 non
2930 4399 3088 4454 habet
3113 4399 3211 4453 ubi
3247 4407 3408 4471 caput
3443 4417 3608 4454 suum
3649 4417 3733 4455 re-

2073 4487 2238 4541 clinet
2265 4485 2478 4552 (Matth.
2511 4503 2632 4544 VIII.
2664 4489 2754 4553 9t),
2787 4489 2898 4558 30).
2927 4486 3098 4542 Venit
3146 4487 3292 4544 alter
3336 4487 3436 4558 qui
3486 4489 3730 4553 diceret,

307 4577 402 4627 tur
425 4573 834 4628 ctdicunlura
857 4573 1127 4628 fidelibus
1152 4573 1544 4646 praedestinati
1569 4575 1666 4629 sed
1687 4576 1759 4629 ad
1783 4575 1957 4630 vitam
1992 4583 2037 4646 υ
2070 4575 2340 4644 Magister,
2373 4575 2494 4628 sine
2547 4590 2635 4628 me
2682 4576 2927 4645 primum
2985 4577 3066 4630 ire
3123 4583 3176 4631 et
3229 4577 3461 4648 sepelire
3515 4585 3732 4648 patrem

305 4660 494 4725 electi,
529 4665 587 4715 et
627 4660 856 4732 reprobi
909 4679 1020 4714 non
1074 4661 1462 4731 praadcstinati
1521 4663 1620 4717 sed
1671 4663 1856 4718 relicti
1887 4665 1960 4718 ad

303 4748 833 4820 interitum,quare
878 4769 991 4804 non
1047 4751 1192 4804 dixit
1242 4757 1481 4807 sanctus
1531 4754 1862 4820 Gregorius.
1896 4755 1966 4807 Et

301 4837 411 4891 erit
441 4837 691 4907 quisque
725 4836 1173 4908 przeilestinaius
1205 4839 1275 4892 ad
1313 4840 1634 4899 interitum,
1661 4847 1718 4895 et
1745 4859 1853 4894 non
1881 4859 1962 4895 se-

301 4931 519 4996 quetur
549 4925 786 4989 verbmn
833 4927 988 4996 quiuit
1028 4927 1297 4992 audierit,
1321 4927 1473 4982 sicut
1514 4927 1680 4988 dixit,
1709 4934 1813 4982 aut
1851 4929 1963 4982 erit

301 5014 470 5084 quisq
484 5031 553 5068 ue
579 5014 1024 5084 pivedestinaius
1045 5016 1115 5069 ad
1134 5017 1333 5078 vitam,
1349 5021 1404 5068 et
1426 5022 1702 5086 sequetur
1719 5017 1957 5070 verbum

300 5102 532 5156 cades-te
556 5103 708 5173 quod
745 5103 928 5157 audit.
953 5103 1037 5158 Ad
1073 5102 1544 5174 preedestiuatum
1578 5103 1733 5156 enim
1767 5103 1838 5157 ad
1869 5105 1957 5157 vi-

300 5194 419 5245 tam
453 5190 618 5256 dixit,
644 5197 923 5263 seqUelur
951 5194 1190 5246 verbum
1221 5207 1234 5243 ε
1261 5192 1332 5243 ad
1368 5209 1478 5243 non
1515 5192 1956 5261 prwdestinatos

300 5285 518 5346 autem,
554 5280 656 5334 sed
691 5280 746 5334 in
795 5297 992 5334 massa
1023 5277 1366 5350 perditionis
1416 5277 1645 5333 relictos
1694 5279 1950 5346 veniens,

300 5367 347 5421 si
384 5367 582 5423 nullus
612 5369 815 5422 audire
847 5368 1089 5422 voluerit
1118 5365 1282 5420 dixit.

367 5457 528 5520 Quod
561 5456 609 5510 si
654 5456 788 5511 hinc
818 5456 1117 5510 veritatem
1167 5471 1280 5508 non
1332 5458 1580 5525 possunt
1631 5456 1944 5526 percipere,

294 5545 534 5596 audiunt
565 5543 702 5614 quid
754 5543 810 5599 in
861 5543 1087 5598 ilcciina
1117 5543 1286 5597 tertia
1338 5540 1586 5596 Humilia
1631 5543 1944 5599 Ezechielis

291 5629 586 5712 prophetae
619 5631 750 5685 dicit
789 5649 800 5685 :
830 5657 854 5680 ‹‹
895 5633 1244 5703 Reilmnptor
1277 5631 1454 5702 igitur
1486 5635 1702 5696 uester,
1728 5631 1940 5704 inquit,

2069 4679 2252 4718 meum
2283 4680 2301 4714 :
2337 4661 2429 4717 cui
2463 4662 2574 4716 diei
2586 4668 2700 4728 tur,
2735 4663 2866 4718 Sine
2893 4672 3153 4732 mortuos,
3187 4664 3453 4736 sepeliant
3485 4673 3732 4721 mortuos

2070 4769 2194 4806 suos
2223 4769 2238 4803 :
2273 4759 2330 4805 tu
2360 4759 2541 4805 autem
2569 4769 2654 4804 me
2693 4769 2936 4822 sequere,
2967 4759 3017 4806 ct
3051 4755 3322 4808 annuntia
3363 4769 3593 4824 regnum
3631 4753 3735 4808 Dei

2071 4840 2276 4907 (Matth.
2293 4857 2414 4905 vni,
2437 4843 2497 4894 :21
2515 4841 2653 4910 ,22).
2671 4841 2814 4906 Quid
2841 4841 3106 4912 estquod
3130 4841 3227 4895 ille
3249 4841 3541 4912 promittit
3561 4857 3622 4895 se
3645 4841 3734 4896 ire

2069 4936 2127 4984 et
2148 4927 2456 4993 deseritur,
2479 4927 2586 4982 iste
2609 4929 2850 4983 domum
2874 4928 2998 4983 vult
3019 4929 3225 4996 redire,
3249 4935 3300 4983 et
3326 4933 3521 4984 tamen
3545 4933 3608 4982 ut
3629 4947 3730 4984 se-

2070 5017 2166 5088 qui
2193 5017 2403 5071 debeat
2425 5017 2710 5086 juhetur?
2737 5017 2833 5072 ille
2865 5035 2978 5072 non
3013 5017 3352 5090 suscipitur,
3374 5018 3484 5074 iste
3515 5034 3619 5073 nec
3652 5019 3727 5073 ad

2070 5105 2225 5160 hui-aa
2245 5111 2607 5160 momentum
2630 5107 2701 5161 ab
2715 5106 2996 5178 obsequio
3016 5105 3576 5162 relaxatur?lnterno
3587 5123 3730 5178 ergo

2068 5195 2297 5248 occulto
2319 5194 2546 5263 judicio
2570 5193 2867 5250 funiculus
2886 5201 2938 5249 ct
2963 5212 3250 5250 mensura:
3273 5195 3536 5250 calamus
3553 5195 3730 5250 duci--

2064 5283 2248 5349 tui-,in
2271 5299 2386 5354 quo
2405 5287 2460 5336 et
2477 5281 2586 5337 iste
2607 5282 2942 5346 trahitur,ct
2960 5283 3055 5338 ille
3072 5283 3510 5356 relinquitur,ut
3531 5282 3734 5338 caeles-

2061 5369 2139 5425 tis
2153 5369 2374 5426 fabrica
2388 5386 2502 5423 non
2521 5369 2646 5423 sine
2667 5370 2758 5439 pio
2772 5377 2819 5423 et
2835 5372 3000 5439 justo
3015 5371 3278 5427 examine
3291 5375 3690 5426 construatur.
3702 5393 3734 5421 κ

2130 5460 2200 5514 Et
2231 5461 2368 5513 item
2403 5462 2642 5512 sanctus
2675 5457 2990 5528 Gregorius
3023 5459 3079 5513 in
3113 5459 3264 5514 libro
3295 5458 3608 5515 Moralium
3638 5459 3736 5514 vi-

2054 5546 2280 5618 gesimo
2303 5545 2401 5616 qui
2413 5551 2510 5600 nto
2536 5546 2674 5616 (cap.
2700 5550 2757 5612 ὅ)
2782 5563 2830 5599 :u
2857 5547 3052 5602 Polum
3080 5565 3263 5604 incum
3294 5564 3422 5602 cum
3448 5548 3578 5617 ﬂetu
3603 5554 3740 5602 tem-

2050 5635 2310 5706 perabam
2346 5635 2519 5704 (Psal.
2547 5651 2622 5705 ei,
2652 5635 2758 5706 10).
2781 5635 2958 5691 Pctus
2989 5636 3202 5708 quippe
3235 5637 3308 5691 ab
3340 5635 3734 5692 exterioribus
