4042 6188
226 268 328 327 161

944 268 1046 330 DE
1091 267 1843 332 PRIEDESTINATIONE
1887 267 2407 330 DISSERTATIO
2450 270 2916 332 POSTERIOR.

3525 275 3644 334 162

222 400 334 458 boli
367 405 648 458 tenentur
678 400 927 470 astricti,
951 418 1083 458 cum
1117 401 1345 474 possint
1373 402 1564 458 dicere
1588 419 1601 458 :
1635 403 1881 458 Disrum-
1909 409 1962 474 Α
1991 401 2231 457 cundum
2259 418 2418 473 opera
2449 419 2552 458 sua
2574 421 2594 457 :
2625 401 2712 457 his
2742 401 2960 474 quidem
2991 405 3086 474 qui
3114 405 3409 462 secundum
3433 408 3645 480 patien-

216 506 412 562 pamus
446 490 669 545 vincula
698 507 909 546 eorum.
945 489 1114 546 Dedit
1145 489 1301 545 enim
1336 489 1440 546 tibi
1477 491 1779 562 Scriptura
1808 491 1890 546 di-

219 577 370 644 vina,
403 582 470 632 ut
525 595 642 634 non
695 577 891 634 solum
945 595 1148 634 caveas
1197 577 1416 634 diaboli
1463 579 1890 651 laqueum,sed

220 665 394 722 etiam
419 685 528 740 per
551 667 962 739 pmnitentiam
988 669 1116 740 ejus
1145 667 1380 724 vincula
1409 669 1766 741 disrumpas.
1788 689 1816 718 ››

289 757 594 820 Quantum
615 773 872 828 namque
895 757 1049 813 Deus
1067 757 1464 829 paenitentiam
1481 757 1674 814 omnis
1696 775 1890 830 pecca-

229 845 372 900 toris
402 848 671 916 acceptet
700 850 759 900 et
789 844 1018 918 diligat,
1047 846 1147 918 qui
1179 863 1294 902 non
1325 845 1449 902 vult
1478 852 1725 903 mortem
1757 863 1887 918 pec-

221 933 461 1001 catoris,
480 933 583 989 sed
607 938 675 990 ut
693 939 1065 990 convertatur
1085 940 1142 990 et
1160 935 1332 1002 vivat,
1357 939 1413 990 et
1433 935 1492 990 in
1514 919 1884 1009 evangelicis,

221 1028 274 1078 et
297 1023 358 1076 in
382 1021 748 1094 apostolicis,
766 1027 824 1077 et
843 1021 903 1077 in
934 1021 1288 1096 propheticis
1309 1023 1616 1096 scripturis
1637 1025 1759 1096 ipse
1781 1025 1886 1080 de-

224 1115 540 1167 monstrat.
566 1109 785 1166 Videns
807 1111 965 1167 enim
998 1111 1290 1168 civitatem
1321 1113 1700 1184 peccatricem
1733 1113 1888 1170 ﬂevit

222 1217 398 1272 super
458 1198 625 1254 illam
676 1199 898 1267 dicens,
926 1201 1062 1268 Quia
1109 1202 1160 1256 si
1205 1204 1540 1273 cognovisses
1568 1211 1619 1258 et
1643 1211 1703 1258 tu
1732 1205 1882 1270 (Luc.

221 1307 331 1354 XIX,
365 1289 485 1356 42),
528 1287 908 1358 subauditur,
955 1289 1307 1362 pcenitentia:
1355 1291 1630 1364 lacrymis
1680 1292 1882 1360 ﬂeres;

223 1377 358 1448 quia
383 1377 681 1448 gaudium
702 1382 792 1433 est
813 1395 993 1450 super
1014 1395 1132 1434 uno
1153 1384 1454 1452 peccatore
1481 1381 1884 1452 pcenitentiam

221 1469 432 1537 agente
465 1466 622 1534 (Luc.
655 1482 749 1532 xv,
779 1469 858 1536 7),
891 1483 1019 1538 quae
1061 1468 1360 1524 multoties
1397 1469 1764 1540 prmdicatur,
1799 1474 1882 1537 ut,

224 1557 617 1611 Panitentiam
642 1557 806 1626 agite,
839 1558 1302 1629 appropinquavit
1335 1560 1486 1613 enim
1523 1575 1749 1630 regnum
1778 1575 1885 1614 az:-

225 1643 746 1717 lorum(Matth.1u,
783 1647 856 1712 1).
890 1645 958 1700 Et
1017 1645 1078 1700 in
1133 1644 1442 1718 Evangelio
1502 1647 1702 1713 Marci,
1738 1649 1889 1704 Venit

223 1734 372 1790 Iesus
402 1736 466 1788 in
500 1733 788 1789 Galila‘am
806 1732 1118 1804 praedicans
1137 1735 1181 1788 Ε
1187 1735 1494 1806 vangelium
1517 1738 1672 1806 regni
1697 1738 1814 1802 Dei,
1838 1745 1888 1792 et

225 1822 407 1878 dicens
430 1841 451 1877 :
477 1823 750 1890 Quoniam
773 1822 1058 1894 impletum
1077 1830 1157 1879 est
1176 1831 1404 1896 tempus,
1424 1833 1476 1880 et
1495 1827 1894 1898 appropinqua-

233 1914 305 1967 vit
345 1927 586 1982 regnum
639 1911 757 1976 Dei,
809 1913 1152 1983 penite-mini
1207 1921 1258 1969 et
1312 1913 1512 1970 credite
1565 1915 1888 1988 Evangelio.

223 2001 410 2070 (Mare.
445 2017 488 2068 ι,
538 2000 648 2072 14.)
681 2001 752 2056 Et
807 2000 1064 2057 Joannes
1125 2001 1409 2074 Baptista,
1451 2005 1630 2060 Facite
1680 2006 1892 2074 fructus

229 2091 419 2162 dignos
463 2091 788 2162 pcenientia?
825 2091 974 2163 (Luc.
1010 2108 1094 2158 ιιι,
1141 2091 1218 2163 8).
1262 2092 1332 2146 Et
1383 2092 1608 2162 Petrus,
1665 2097 1894 2150 Paenite-

226 2182 370 2234 mini
403 2187 459 2235 et
487 2181 874 2235 convertimini
903 2188 963 2235 ut
990 2179 1276 2236 deleantur
1305 2189 1478 2236 vestra
1515 2191 1731 2254 peccata
1755 2183 1888 2252 (.let.

233 2285 310 2332 ιιι,
343 2268 455 2336 19).
479 2268 554 2322 Et
589 2267 731 2324 item
785 2267 1107 2340 Scriptura,
1143 2271 1426 2326 Misereris
1475 2273 1742 2337 omnium,
1788 2273 1891 2327 Do-

231 2359 394 2424 mine,
429 2363 486 2412 et
513 2355 664 2412 nihil
694 2355 860 2412 odisti
897 2373 1086 2414 eorum
1127 2374 1253 2430 quae
1299 2359 1502 2433 fecisti,
1535 2359 1892 2415 dissimulans

228 2454 444 2520 peccata
477 2446 768 2503 hominum
810 2455 1033 2518 propter
1073 2449 1453 2519 paenitentiam
1485 2449 1634 2520 (Sap.
1665 2467 1743 2518 ιιι,
1775 2451 1888 2518 24),

233 2537 341 2607 25).
365 2539 560 2604 Quam
582 2535 684 2607 qui
716 2552 886 2608 agere
907 2535 1076 2608 fugit,
1107 2554 1220 2592 non
1257 2537 1354 2592 Dei
1384 2537 1892 2609 praedestinatione

235 2625 400 2697 perit,
435 2624 544 2681 sed
590 2624 718 2697 ipse
750 2625 809 2678 in
841 2623 1229 2696 perditionem
1267 2643 1330 2681 se
1370 2625 1566 2698 ipsum
1595 2625 1888 2698 dimergit,

237 2712 486 2768 Domino
518 2716 834 2768 attestante
866 2711 924 2766 in
951 2711 1263 2786 Evangelio
1295 2714 1484 2783 Lucae,
1508 2713 1641 2770 Cum
1667 2717 1720 2770 ei
1745 2732 1890 2770 nun-

239 2804 428 2857 tiatum
451 2809 592 2857 esset
619 2814 653 2856 τι
684 2801 1010 2873 quibusdam
1037 2801 1102 2858 de
1123 2801 1387 2872 Galilteis,
1409 2819 1641 2876 quorum
1673 2807 1894 2875 sangui-

231 2907 356 2946 nem
405 2891 628 2946 Pilatus
658 2891 883 2946 miscuit
908 2907 1034 2945 cum
1061 2892 1352 2962 sacriﬁciis
1409 2908 1626 2960 eorum;
1674 2893 1892 2965 quibus

232 2979 598 3052 respondens
629 2978 814 3034 dixit:
837 2980 1048 3035 Putatis
1073 2979 1213 3050 quod
1241 2981 1302 3035 hi
1333 2981 1553 3038 Galilaei
1572 2999 1688 3054 prce
1713 2983 1891 3038 omni-

235 3069 328 3124 bus
361 3069 613 3126 Galilzis
635 3075 938 3140 peccatores
966 3070 1211 3139 fuerunt,
1235 3071 1366 3142 quia
1390 3071 1526 3126 talia
1549 3074 1704 3142 passi
1731 3076 1894 3127 sunt?

1999 492 2126 545 tiam
2153 491 2281 545 boni
2299 493 2494 562 operis,
2509 493 2743 562 gloriam
2765 498 2816 546 et
2837 490 3091 546 honorem
3111 501 3162 548 et
3183 495 3644 566 incorruptionem

1998 587 2273 650 quamn-nt,
2299 581 2468 635 vitam
2487 587 2782 647 aeternam,-
2813 579 2901 634 his
2929 595 3054 635 vero
3074 582 3168 652 qui
3193 589 3322 636 sunt
3339 599 3408 637 ea:
3433 592 3646 639 cmiter:-

1996 670 2161 734 tione,
2183 677 2235 724 et
2264 671 2362 741 qui
2387 687 2496 724 non
2533 671 2883 741 acquiescant
2927 671 3162 734 veritati,
3197 670 3424 726 credunt
3467 681 3646 728 autem

1996 757 2299 829 iniquitati,
2334 760 2420 813 ira
2452 766 2505 814 et
2533 758 2861 830 indignatio,
2885 765 2936 813 et
2963 759 3218 830 angustia
3245 775 3409 830 super
3435 775 3648 816 omnem

1993 849 2241 903 animam
2273 847 2516 903 homin-is
2543 849 2819 920 operantis
2851 847 3063 902 malum
3095 849 3267 920 (Rom.
3299 865 3364 913 ιι,
3397 847 3535 919 4ο9).
3569 848 3650 904 De

1996 935 2212 1007 quibus
2243 935 2576 1002 Psalmista,
2609 936 2929 992 Statuerunt
2973 937 3155 992 oculos
3201 952 3328 992 suos
3374 935 3651 992 declinare

1997 1026 2054 1078 in
2080 1032 2302 1090 terram,
2321 1033 2374 1080 et
2417 1041 2532 1080 ecce
2563 1027 2660 1098 qui
2687 1026 2949 1098 elongant
2971 1041 3029 1080 se
3057 1043 3091 1080 a
3120 1034 3188 1090 te,
3225 1026 3474 1094 Domine,
3499 1027 3650 1098 peri-

1995 1113 2468 1186 bunt,(Psal.xv1,
2505 1116 2614 1182 11).
2648 1115 2717 1169 Et
2751 1131 2763 1168 :
2795 1113 3096 1170 Perdidisti
3131 1130 3316 1170 omnes
3347 1117 3444 1187 qui
3470 1116 3650 1186 forni-

1992 1210 2188 1258 cantur
2216 1202 2311 1258 abs
2341 1210 2390 1258 te
2417 1204 2586 1272 (Psal.
2613 1220 2781 1268 Lxxn,
2805 1206 2914 1271 27).
2943 1205 3098 1268 Quos
3127 1203 3337 1258 invitat
3366 1203 3650 1259 Dominus

1994 1291 2194 1346 dicens
2219 1307 2231 1345 :
2257 1291 2418 1358 Audi,
2437 1292 2674 1364 populus
2710 1308 2883 1359 meus,
2909 1299 2960 1348 et
2984 1293 3318 1348 contestabor
3347 1300 3426 1360 te;
3454 1293 3648 1361 Israel,

1991 1381 2044 1435 si
2070 1379 2316 1436 audieris
2346 1397 2450 1436 me.
2471 1381 2588 1436 Non
2613 1382 2720 1436 erit
2748 1382 2804 1436 in
2832 1389 2881 1436 te
2911 1380 3043 1436 deus
3089 1397 3293 1450 recens,
3317 1398 3491 1454 neque
3514 1380 3654 1437 ado¢

1993 1469 2144 1524 rubis
2174 1469 2334 1525 datm
2383 1470 2648 1525 alienum.
2681 1470 2797 1542 Ego
2845 1471 2999 1524 enim
3039 1486 3162 1525 sum
3200 1471 3466 1526 Dominus
3511 1471 3652 1526 Deus

1993 1566 2119 1614 tuus
2154 1558 2324 1630 (Psal.
2352 1576 2512 1626 xxxx,
2537 1559 2714 1632 9-11).
2741 1560 2811 1613 Et
2833 1559 2903 1613 de
2925 1559 3140 1629 quibus
3171 1559 3382 1614 iterum
3406 1575 3655 1630 conque-

1994 1633 2144 1702 ritur
2171 1647 2372 1704 dieens
2405 1664 2417 1704 :
2450 1649 2516 1704 Et
2541 1664 2647 1704 non
2709 1647 2926 1702 audivit
2976 1648 3212 1718 populus
3265 1663 3419 1702 meus
3474 1664 3654 1703 vocem

1995 1754 2192 1804 meam,
2224 1747 2274 1793 et
2328 1739 2496 1793 Israel
2524 1755 2634 1793 non
2695 1736 2930 1792 intendit
2959 1736 3120 1790 mihi.
3154 1735 3274 1792 Ideo
3329 1735 3522 1791 dimisi
3565 1752 3652 1792 eos

1997 1826 2295 1882 secundum
2324 1827 2595 1882 desideria
2626 1827 2802 1882 cordis
2831 1842 3018 1881 eorum
3049 1843 3067 1878 :
3101 1826 3259 1880 ibunt
3299 1827 3360 1881 in
3398 1825 3654 1880 adiuven-

1999 1916 2240 1971 tionibus
2267 1917 2404 1970 suis.
2439 1915 2504 1970 Si
2543 1915 2779 1986 populus
2807 1930 2958 1968 meus
3005 1913 3246 1968 audisset
3269 1930 3374 1978 me,
3407 1913 3574 1968 Israel
3602 1914 3656 1968 si

2001 2006 2057 2058 in
2091 2006 2198 2060 viis
2222 2005 2359 2060 meis
2397 2005 2746 2068 ambulasset,
2776 2019 2876 2074 pro
2904 2002 3086 2057 nihilo
3123 2003 3356 2073 forsitan
3403 2003 3654 2057 inimicos

1998 2110 2186 2149 eorum
2222 2093 2620 2160 humiliassem,
2644 2100 2694 2146 et
2722 2108 2886 2162 super
2918 2091 3240 2147 tribulantes
3268 2107 3356 2148 eos
3383 2093 3656 2146 misissem

1998 2199 2226 2237 manum
2253 2199 2450 2237 meam.
2480 2182 2700 2237 Inimici
2724 2181 2946 2236 Domini
2971 2182 3190 2236 mentiti
3216 2188 3346 2236 sunt
3371 2183 3444 2247 ei,
3475 2188 3528 2236 et
3551 2181 3660 2236 erit

2000 2279 2208 2344 tempus
2236 2287 2424 2326 eorum
2457 2276 2516 2326 in
2543 2271 2750 2327 siccata
2797 2269 2982 2338 (ibid,
3019 2271 3228 2338 12-16).
3263 2271 3417 2334 Quos
3465 2268 3656 2325 adhuc

2000 2360 2060 2415 in
2092 2360 2376 2432 singulari
2409 2377 2658 2432 persona
2681 2359 3063 2432 Evangelium
3089 2360 3256 2414 Luca:
3288 2358 3557 2414 hortatur
3577 2357 3658 2414 die

2001 2465 2138 2504 cens
2171 2466 2184 2505 :
2221 2449 2355 2504 Cum
2384 2457 2564 2504 autem
2594 2448 2747 2504 vadis
2785 2464 2910 2502 cum
2949 2447 3264 2503 adversario
3292 2455 3382 2504 tuo
3410 2447 3481 2502 ad
3504 2447 3659 2520 prin-

2001 2539 2173 2609 cipem
2204 2539 2263 2592 in
2291 2538 2400 2605 via,
2429 2537 2500 2592 da
2529 2553 2748 2609 operam
2779 2536 3009 2592 liberari
3037 2536 3103 2590 ab
3137 2537 3253 2603 illo,
3285 2553 3354 2591 ne
3380 2538 3520 2608 forte
3549 2543 3657 2592 tra-

1999 2626 2092 2681 dat
2121 2635 2169 2682 te
2197 2627 2342 2698 apud
2379 2626 2642 2699 judieem,
2673 2633 2726 2681 et
2753 2625 2934 2697 juden
2977 2625 3156 2680 tradat
3208 2633 3258 2680 te
3308 2627 3572 2692 exactori,
3607 2631 3663 2681 et

2000 2723 2218 2771 exactor
2244 2717 2422 2770 mittat
2451 2717 2508 2769 in
2539 2731 2808 2770 carcerem
2835 2715 2990 2783 (Luc.
3013 2730 3112 2782 xu,
3136 2715 3250 2783 58).
3271 2713 3658 2769 Adversarius

2002 2808 2218 2872 noster,
2241 2803 2628 2875 inquitheda,
2653 2801 2714 2857 in
2743 2801 2836 2857 via
2865 2807 2954 2857 est
2983 2818 3176 2857 sermo
3207 2801 3308 2858 Dei
3331 2801 3659 2858 contrarius

2001 2891 2220 2949 nostr’s
2250 2891 2582 2947 carnalibus
2603 2889 2910 2946 desideriis
2938 2889 2999 2945 in
3029 2889 3299 2962 praisenti
3327 2890 3468 2946 vita:
3489 2909 3524 2946 a
3542 2907 3658 2962 quo

1960 3043 1970 3052 ,
2003 2982 2129 3053 ipse
2153 2982 2436 3035 liberatur
2451 2979 2549 3051 qui
2573 2979 2876 3052 praeceptis
2893 2979 3021 3050 ejus
3043 2976 3344 3032 humiliter
3363 2979 3656 3035 subditur.

2001 3069 2270 3142 Alioquin
2289 3067 2874 3140 advorsariusjudici,
2889 3072 2946 3121 et
2957 3066 3140 3137 judex
3162 3066 3352 3120 tradet
3367 3067 3617 3120 exactori
3640 3084 3654 3135 ;

233 3158 368 3223 Non,
393 3157 519 3214 dico
548 3157 699 3213 vobis
710 3177 732 3224 ;
761 3156 855 3212 sed
880 3158 997 3213 nisi
1020 3159 1395 3229 paenitentiam
1425 3159 1750 3228 habueritis,
1783 3177 1891 3216 om—
1919 3154 1961 3219 C
2001 3159 2141 3232 quia
2169 3177 2237 3214 ex
2267 3175 2535 3214 sermone
2578 3156 2806 3212 Domini
2841 3159 3172 3227 contempto
3205 3171 3338 3210 reus
3384 3158 3652 3227 peccator

233 3263 326 3302 nes
349 3247 620 3302 similiter
643 3247 917 3317 peribitis.
941 3245 1095 3302 Sicut
1118 3254 1173 3302 et
1200 3248 1291 3303 illi
1317 3248 1496 3304 decem
1515 3257 1567 3306 et
1585 3258 1696 3306 octo
1723 3267 1894 3322 supra

233 3353 362 3408 quos
389 3334 594 3390 cecidit
621 3336 795 3391 turris
827 3337 886 3391 in
915 3335 1078 3404 Siloe,
1102 3343 1155 3392 et
1179 3336 1373 3393 occidit
1401 3354 1508 3404 eos,
1529 3341 1732 3410 putatis
1763 3341 1895 3411 quia

231 3433 282 3480 et
309 3426 421 3497 ipsi
447 3423 721 3480 debitores
745 3425 972 3493 fuerunt
1011 3433 1219 3499 prceter
1247 3443 1430 3482 omnes
1463 3427 1711 3484 homines
1737 3427 1892 3483 habi-

233 3522 402 3570 tantes
434 3517 498 3569 in
525 3511 835 3570 Jerusalem
856 3517 881 3567 .9
909 3514 1047 3584 Non,
1085 3515 1204 3571 dico
1232 3515 1414 3583 vobis;
1443 3517 1535 3572 sed
1565 3520 1616 3572 si
1650 3534 1760 3573 non
1782 3535 1893 3589 pa:-

233 3605 525 3658 nitentiam
554 3605 806 3675 egeritis,
834 3619 1018 3658 omnes
1039 3605 1298 3660 similiter
1321 3605 1575 3676 peribitis
1596 3609 1745 3674 (Luc.
1769 3625 1893 3675 xm,

237 3694 349 3747 1-5.
369 3691 538 3748 Unde
563 3692 719 3746 Beda
742 3708 756 3746 :
784 3691 855 3746 Et
885 3690 982 3747 isti
1023 3692 1481 3766 Hierosolymita}
1513 3696 1896 3766 quemadmo-

2000 3248 2296 3304 tenebitur
2325 3247 2384 3302 in
2415 3245 2680 3302 examine
2701 3244 2960 3317 .judiois;
2992 3261 3166 3316 quem
3190 3243 3375 3314 judex
3400 3243 3655 3298 exac'tori

2001 3339 2208 3402 tradet,
2232 3337 2370 3408 quia
2401 3337 2558 3390 hunc
2590 3333 2848 3406 maligno
2870 3331 3104 3404 spiritui
3130 3333 3202 3387 ad
3225 3331 3508 3386 ultionem
3543 3335 3658 3386 tra-

2002 3428 2140 3483 here
2169 3426 2482 3498 permittet,
2508 3429 2574 3479 ut
2604 3422 2970 3494 compulsam
2999 3422 3257 3476 animam
3293 3421 3416 3492 ipse
3441 3423 3513 3476 ad
3549 3437 3662 3493 pm-

2005 3517 2245 3584 namdc
2275 3531 2513 3586 corpore
2557 3513 2770 3584 exigat,
2800 3529 2927 3584 qua:
2957 3510 3009 3565 ei
3044 3511 3116 3565 ad
3168 3509 3400 3582 culpam
3448 3513 3660 3580 sponte

2005 3604 2319 3660 consensit.
2339 3605 2582 3658 Exactor
2602 3601 2784 3656 mittit
2802 3599 2861 3654 in
2885 3615 3196 3665 carcerem,
3211 3598 3350 3670 quia
3371 3615 3474 3670 per
3495 3596 3656 3652 mali-

2006 3711 2188 3767 gnum
2210 3691 2481 3764 spiritum
2509 3691 2566 3744 in
2591 3689 2819 3745 inferno
2841 3687 3184 3754 retruditur,
3201 3703 3511 3758 quousque
3533 3685 3658 3740 dies

235 3779 376 3834 dum
399 3784 462 3835 et
487 3778 577 3834 illi
607 3779 852 3845 Galiltei,
878 3797 992 3835 non
1024 3779 1130 3836 soli
1153 3782 1392 3838 fuerunt
1419 3789 1771 3856 peccatores,
1795 3786 1896 3840 sed
1999 3781 2212 3854 judicii
2237 3779 2448 3846 veniat,
2484 3797 2552 3834 ex
2581 3794 2698 3848 quo
2723 3778 2848 3847 jam
2883 3776 2942 3831 in
2974 3775 3186 3830 inferni
3217 3773 3450 3847 ignibus
3481 3771 3660 3829 simul

237 3867 298 3922 in
315 3873 600 3924 terrorem
618 3873 760 3924 sunt
779 3867 1137 3941 reliquorum
1160 3871 1386 3943 puniti:
1407 3873 1505 3944 qui
1530 3874 1701 3930 ruina
1716 3875 1899 3930 turris

235 3957 500 4028 oppressi
524 3957 926 4029 praenuntiant
942 3976 1146 4015 omnes
1161 3961 1262 4031 qui
1284 3961 1563 4033 poenitere
1585 3963 1901 4019 noluerunt

239 4045 550 4117 perituros.
575 4045 790 4112 Quales
831 4046 1057 4120 plangit
1099 4048 1316 4106 Paulus
1347 4049 1568 4118 dicens,
1597 4053 1660 4108 Ut
1687 4053 1901 4125 lugeam

237 4134 438 4189 multos
465 4151 536 4190 ex
567 4135 659 4190 his
691 4138 789 4207 qui
837 4145 964 4192 ante
1013 4147 1390 4209 peccaverunt,
1422 4147 1474 4196 et
1517 4157 1629 4196 non
1675 4157 1905 4214 egerunt

233 4225 615 4295 penitentiam
646 4224 720 4295 (II
747 4224 867 4281 Cor.
891 4243 994 4285 xu.
1019 4227 1136 4295 11);
1171 4232 1228 4283 et
1269 4229 1340 4284 de
1381 4229 1656 4301 qualibus
1705 4232 1902 4288 Domi-

243 4328 356 4368 nus
385 4312 552 4382 dicit,
601 4313 815 4381 Voeavi,
846 4313 1047 4370 dicens
1094 4316 1498 4386 pmnitentiam
1531 4318 1709 4392 agito,
1739 4329 1791 4377 et
1815 4338 1902 4378 re-

243 4403 445 4457 nuistis
478 4420 498 4455 :
523 4402 747 4458 extendi
773 4419 1004 4459 manum
1045 4421 1243 4474 meam,
1266 4414 1320 4461 et
1342 4423 1454 4462 non
1481 4410 1594 4478 fuit
1629 4410 1726 4481 qui
1748 4413 1904 4484 aspi-

2007 3877 2064 3929 et
2095 3872 2218 3943 ipse
2265 3868 2575 3924 crucietur.
2601 3867 2739 3922 Dico
2771 3864 2897 3932 tibi,
2933 3865 3058 3920 Non
3107 3863 3260 3918 exies
3308 3862 3444 3918 inde
3475 3862 3661 3918 donec

2009 3960 2186 4016 etiam
2217 3957 2602 4014 novissimum
2642 3955 2940 4010 minutum
2985 3953 3217 4018 reddas,
3249 3952 3309 4008 id
3349 3957 3440 4008 est
3479 3953 3663 4008 donec

2009 4049 2184 4106 etiam
2211 4046 2459 4102 minima
2485 4049 2722 4117 peccata
2751 4041 3048 4114 persolvas
3073 4058 3086 4096 :
3109 4058 3236 4112 qua:
3267 4041 3406 4113 quia
3435 4057 3666 4112 semper

2011 4137 2230 4195 solvere
2269 4152 2469 4208 pmnas
2515 4133 2808 4206 patiendo,
2843 4131 2942 4186 sed
2979 4147 3284 4202 nunquam
3339 4128 3664 4200 persolvere

2019 4227 2238 4284 veniam
2261 4223 2670 4295 consequendo
2703 4220 2941 4293 poteris,
2966 4235 3156 4290 neque
3185 4217 3341 4274 enim
3373 4217 3454 4270 ibi
3483 4217 3663 4272 venite

2013 4317 2177 4372 locus
2205 4315 2335 4380 erit,
2359 4327 2663 4384 nunquam
2695 4309 2851 4366 exies
2881 4308 3037 4374 inde,
3064 4305 3163 4360 ubi
3195 4309 3504 4378 perpetuas
3535 4321 3664 4376 ope-

2016 4424 2146 4462 rum
2181 4421 2380 4478 poenas
2428 4401 2576 4467 lues,
2601 4399 2822 4455 scilicet
2873 4395 3283 4469 przedcstinato
3322 4393 3550 4467 judicio
3597 4410 3666 4450 ex

245 4499 402 4556 ceret,
433 4490 768 4562 Despexistis
806 4508 965 4548 omne
1001 4495 1294 4548 consilium
1322 4511 1525 4562 meum,
1557 4505 1610 4552 et
1652 4500 1900 4571 increpa-
1933 4526 1979 4590 D
2015 4493 2396 4550 retributione
2419 4489 2688 4563 justitizn.

243 4579 490 4648 potiones
514 4595 667 4635 meas
695 4581 1023 4653 neglexistis
1044 4582 1225 4653 (Prov.
1248 4599 1290 4651 ι,
1310 4585 1424 4652 24).
1451 4584 1728 4657 Proptera
1756 4604 1900 4658 prie-

249 4666 610 4722 destinatum
639 4667 786 4724 tales
834 4669 1039 4741 puniet
1061 4670 1357 4741 judicium
1401 4673 1472 4729 de
1521 4691 1636 4746 quo
1681 4675 1900 4730 ibidem

251 4753 652 4827 subsequitur,
675 4757 793 4830 Ego
822 4774 1030 4832 quoque
1067 4760 1125 4814 in
1159 4761 1386 4816 interitu
1426 4771 1598 4818 uestro
1626 4763 1831 4832 ridebo,
1853 4772 1905 4820 et

249 4842 613 4913 subsannabo,
633 4863 761 4903 cum
789 4847 938 4903 vobis
971 4848 1112 4920 quod
1140 4849 1411 4906 timebatis
1439 4852 1754 4909 advenerit:
1781 4871 1904 4909 cum

251 4931 478 4988 irruerit
504 4937 798 5006 repentina
824 4938 1131 5004 calamitas,
1153 4948 1206 4995 et
1221 4939 1500 5012 judicium
1518 4943 1601 4997 vel
1623 4941 1902 4999 damnatio

253 5022 409 5092 quasi
429 5029 716 5096 tempestas
747 5026 1050 5096 ingruerit;
1079 5043 1214 5082 cum
1243 5031 1452 5085 venerit
1484 5046 1648 5102 super
1680 5049 1767 5087 vos
1797 5033 1904 5088 tri-

255 5109 456 5166 bulatio
483 5113 588 5168 98
616 5121 670 5168 et
695 5117 952 5185 angustia
982 5117 1165 5184 (Prov.
1193 5133 1234 5184 1,
1258 5119 1348 5185 26,
1373 5121 1485 5186 27).
1517 5118 1727 5184 Quales
1757 5119 1906 5176 allo-

253 5197 451 5269 quitur
479 5199 720 5270 Paulus,
744 5203 826 5258 An
865 5204 1089 5261 divitias
1123 5206 1381 5263 bonitatis
1409 5209 1509 5264 Dei
1535 5216 1587 5276 et
1627 5210 1910 5280 patientiae

249 5291 584 5344 contemnis?
613 5292 836 5362 ignoras
886 5297 1146 5366 quoniam
1172 5295 1380 5352 bonitas
1409 5297 1525 5369 ejus
1554 5297 1624 5352 ad
1653 5299 1910 5370 paeniten-

247 5378 382 5432 tiam
409 5383 462 5433 te
486 5377 752 5436 adducit?
791 5390 851 5437 tu
896 5392 1077 5439 autem
1121 5384 1420 5440 secundum
1450 5385 1713 5442 duritiam
1747 5377 1910 5442 tuam

251 5474 300 5520 et
323 5482 418 5523 eor
442 5468 818 5542 impwnitens,
851 5473 1192 5530 thesaurizas
1223 5475 1326 5530 tibi
1356 5477 1499 5531 iram
1527 5477 1585 5530 in
1615 5475 1704 5532 die
1732 5478 1838 5533 irae
1861 5485 1914 5534 et

232 5556 598 5617 zinaelationzs
615 5560 764 5634 justi
788 5561 999 5636 judicii
1025 5564 1142 5636 Dei,
1175 5565 1272 5641 qui
1299 5564 1482 5624 reddet
1509 5567 1806 5642 unicuique
1834 5582 1912 5626 se-

2081 4585 2150 4640 Et
2177 4583 2316 4656 quia
2346 4581 2478 4653 plus
2510 4593 2686 4633 sensu
2720 4574 3120 4648 pertinacibus
3143 4591 3318 4646 quam
3341 4573 3662 4641 vivacibus,

2009 4677 2066 4728 et
2097 4673 2292 4744 potius
2323 4667 2570 4724 curiosis
2602 4682 2780 4738 quam
2813 4663 3098 4720 studiosis
3129 4663 3395 4737 cogimur
3427 4679 3666 4734 respon-

2010 4763 2164 4829 dere,
2181 4761 2447 4815 dicamus
2471 4754 2589 4810 illis
2612 4754 2766 4826 quod
2791 4757 3031 4808 sanctus
3049 4752 3414 4826 Augustinus
3435 4751 3494 4806 in
3517 4749 3666 4808 libro

2012 4851 2083 4906 de
2106 4844 2619 4904 Praedestinatione
2651 4847 2989 4898 sanctorum
3023 4841 3147 4897 suis
3181 4840 3480 4914 respondit
3501 4840 3668 4896 dero-

2011 4938 2312 5014 gatoribus
2337 4953 2385 4991 ;‹‹
2413 4933 2617 5001 Multa,
2647 4931 2859 5005 inquit,
2886 4929 3164 4998 diximus,
3185 4935 3244 4986 et
3268 4931 3517 4986 fortasse
3539 4930 3667 4999 jam

2013 5029 2233 5086 dudum
2253 5024 2555 5099 potuimus
2576 5021 2928 5094 persuadere
2947 5036 3074 5092 qua:
3095 5018 3388 5084 volumus,
3403 5023 3460 5072 et
3476 5016 3666 5070 adhuc

2015 5125 2135 5175 tam
2153 5117 2320 5173 bonis
2337 5113 2590 5186 ingeniis
2609 5110 2692 5166 sic
2709 5109 3009 5181 loquimur
3024 5106 3192 5180 quasi
3219 5104 3509 5169 obtunsis,
3535 5101 3665 5174 qui-

2016 5210 2126 5264 bus
2150 5213 2206 5263 et
2227 5204 2382 5277 quod
2415 5201 2668 5256 nimium
2698 5202 2806 5264 est,
2831 5214 2948 5252 non
2979 5202 3068 5252 est
3097 5193 3260 5251 satis.
3282 5193 3393 5248 Sed
3413 5192 3554 5245 dent
3571 5206 3666 5246 ve-

2017 5298 2175 5352 niam
2192 5313 2204 5351 :
2224 5311 2370 5350 nova
2386 5290 2543 5348 enim
2563 5287 2806 5360 quaestio
2823 5285 2894 5341 ad
2913 5285 3023 5340 hoc
3041 5301 3148 5339 nos
3159 5277 3669 5352 compulit.aUnde

2016 5388 2117 5444 99
2139 5389 2196 5441 et
2215 5382 2503 5456 explosor,
2525 5379 2641 5433 imo
2667 5375 3002 5448 quicunque
3025 5371 3242 5428 fuerint
3258 5369 3328 5456 de
3349 5366 3548 5456 schola
3564 5368 3670 5424 Go-

2017 5454 2306 5531 thescalci
2325 5464 2589 5524 moderni
2634 5455 3312 5528 Praedestinatiani,quia
3356 5454 3672 5511 audierunt

2019 5583 2144 5645 qua:
2177 5563 2387 5622 beatus
2413 5552 2780 5632 Augustinus
2809 5554 2867 5608 et
2897 5551 3135 5607 sanctus
3161 5545 3408 5620 Prosper
3427 5544 3672 5622 scripse-
