4042 6188
455 325 572 386 163

1386 319 1684 380 HINCMA
1699 318 1773 379 Ill
1823 315 2273 378 RilEMENSlS
2322 315 2936 377 ARCHIEPISCOPI.

3745 315 3864 375 164

453 463 587 516 rant
615 461 818 514 contra
843 454 1058 518 Gallos,
1083 453 1370 525 accipiant
1399 469 1526 524 quis
1560 453 1714 508 idem
1749 453 1956 508 beatus
1985 452 2101 506 Au-
2131 453 2186 517 Α
2219 447 2444 504 tiﬁcati.
2471 449 2631 515 Quod
2663 454 2857 504 autem
2888 448 3084 522 posuit
3114 448 3172 503 in
3205 447 3342 514 ﬁne,
3364 447 3489 504 illo:
3517 453 3570 504 et
3592 446 3868 518 gloriﬁca-

451 547 728 622 gustinus
750 544 1064 614 scripserat
1085 545 1290 596 contra
1309 541 1613 596 Africanos
1639 537 2104 594 Prazdestinatia-

453 653 562 692 nos
583 635 640 689 in
664 633 812 688 libro
834 632 904 685 de
923 629 1297 701 Correptione
1319 633 1378 683 et
1399 629 1620 697 Gratia,
1635 629 1706 683 de
1727 644 1843 700 quo
1871 631 2112 683 sanctus

454 727 701 794 Prosper
729 721 800 775 ad
836 719 1074 774 beatum
1117 717 1514 790 Augustinum
1546 717 1711 782 dicit,
1744 717 1820 794 in
1863 713 2112 788 epistola

452 827 555 884 pro
587 792 927 881 bujusmodi
979 807 1212 879 negotio
1243 807 1313 861 ad
1349 805 1516 861 illum
1564 792 1788 862 directa
1811 821 1859 860 ;‹‹
1882 804 2108 860 Evenit-

453 899 664 971 inquit,
696 914 765 954 ex
805 895 1190 968 dispositione
1247 895 1665 950 misericordiae
1710 893 1826 960 Dei,
1859 898 1926 948 ut
1971 909 2108 948 cum

450 989 693 1062 quidam
726 987 882 1042 intra
913 985 1166 1040 Africam
1215 983 1434 1038 similia
1473 983 1809 1050 movissent,
1844 981 2109 1038 videlicet

451 1077 604 1134 sicut
631 1075 759 1148 ipse
789 1071 1166 1146 praescripsit,
1199 1071 1294 1128 his
1325 1072 1427 1143 qui
1470 1072 1526 1125 in
1561 1071 1912 1127 Massiliensi
1964 1070 2107 1125 urbe

450 1165 802 1228 consistunt,
825 1162 1040 1218 librum
1073 1161 1144 1215 de
1167 1159 1540 1232 Correptione
1560 1164 1618 1215 et
1637 1161 1835 1216 Gratia
1864 1158 2103 1232 plenum

450 1253 656 1310 divinae
697 1250 1060 1308 auctoritatis
1109 1249 1428 1304 emitteres.
1463 1249 1543 1303 De
1595 1265 1730 1320 quo,
1765 1247 1918 1303 sicut
1947 1251 2004 1302 et
2032 1247 2103 1301 de

450 1341 584 1398 aliis
611 1341 778 1396 libris
821 1356 968 1411 quos
1012 1337 1625 1403 commemoravimus,
1667 1335 2105 1392 convenientius

449 1437 542 1487 est
559 1431 632 1486 ad
649 1427 1026 1484 revineendos
1047 1443 1271 1482 errores
1293 1425 1560 1498 exempla
1579 1443 1813 1499 ponere,
1831 1442 1935 1498 per
1955 1441 2102 1498 quos

448 1519 631 1576 voluit
649 1519 777 1590 ipse
807 1516 1042 1572 eosdem
1073 1531 1299 1570 errores
1330 1515 1644 1583 revincere,
1668 1531 1846 1587 quam
1871 1515 1944 1569 de
1962 1513 2102 1579 illis,

449 1623 597 1678 quos
629 1605 686 1659 in
716 1603 884 1658 libris
915 1603 1046 1657 istis
1079 1602 1306 1657 studuit
1346 1603 1501 1658 sicut
1538 1607 1628 1658 est
1667 1608 1901 1670 certum.
1923 1601 2101 1657 corri-

448 1711 602 1768 gere.
637 1693 752 1749 Nos
784 1691 840 1746 in
875 1691 1212 1764 praiscripto
1245 1691 1520 1762 capitulo,
1555 1692 1708 1746 sicut
1739 1708 1920 1763 supra
1947 1695 2104 1746 taxa-

446 1789 573 1838 tum
605 1786 716 1846 est,
750 1780 1007 1835 diximus
1041 1795 1054 1832 :
1089 1779 1242 1834 Deus
1275 1780 1464 1834 bonus
1505 1784 1563 1834 et
1595 1781 1800 1850 justus
1829 1778 2004 1852 elegit
2033 1795 2102 1834 ex

448 1873 651 1928 eadem
687 1888 882 1925 massa
923 1868 1266 1941 perditionis
1306 1871 1630 1925 secundum
1675 1869 2102 1941 praescientiam

446 1977 615 2016 suam
649 1975 797 2029 quos
828 1974 930 2028 per
958 1957 1206 2028 gratiam
1241 1957 1673 2028 praedestinavit
1702 1959 1772 2012 ad
1827 1959 2026 2024 vitam,
2050 1963 2107 2013 et

449 2049 626 2102 vitam
656 2046 771 2100 illis
802 2044 1240 2115 praedestinavit
1268 2050 1545 2099 aeternam
1571 2061 1584 2098 :
1612 2051 1851 2099 caeteros
1883 2051 2101 2112 autem,

448 2154 594 2209 quos
619 2138 782 2205 justo
807 2132 1032 2205 judicio
1057 2131 1114 2186 in
1139 2149 1336 2188 massa
1361 2133 1705 2204 perditionis
1728 2133 1981 2206 reliquit,
2003 2150 2102 2205 pe-

449 2225 664 2280 rituros
690 2221 994 2295 praescivit,
1021 2222 1120 2276 sed
1147 2238 1256 2276 non
1280 2227 1346 2276 ut
1367 2221 1621 2292 perirent
1642 2221 2098 2294 prmdestinavit,

447 2328 676 2385 poenam
709 2316 903 2367 autem
939 2309 1052 2364 illis
1109 2310 1250 2381 quia
1271 2310 1472 2380 justus
1529 2314 1618 2365 est
1673 2309 2104 2383 praedestinavit

447 2409 782 2458 aeternam.»
807 2401 876 2455 Et
901 2399 1106 2454 beatus
1131 2398 1489 2469 Augustinus
1515 2399 1568 2453 in
1604 2403 1924 2454 memorato
1953 2399 2101 2453 libro

452 2493 523 2547 de
553 2489 930 2561 Correptione
961 2492 1020 2542 et
1040 2487 1241 2543 Gratia
1260 2489 1398 2559 (cap.
1420 2491 1479 2556 7)
1504 2505 1552 2542 :«
1578 2489 1682 2553 Qui
1707 2505 1860 2550 vero,
1885 2488 2100 2560 inquit,

448 2577 868 2652 perseveraturi
903 2593 1016 2630 non
1051 2580 1210 2642 sunt,
1243 2593 1309 2631 ac
1355 2576 1440 2631 sic
1471 2594 1506 2631 a
1537 2577 1647 2631 tide
1676 2576 2016 2648 (Christiana
2047 2583 2104 2632 et

448 2664 884 2724 conversatione
911 2662 1133 2735 lapsuri
1165 2669 1323 2729 sunt,
1358 2669 1422 2718 ut
1453 2663 1598 2718 tales
1627 2681 1727 2719 eos
1754 2665 1885 2718 vitae
1920 2665 2100 2734 hujus

449 2755 585 2811 linis
613 2752 889 2820 inveniat,
915 2750 1116 2823 procul
1158 2751 1336 2806 dubio
1384 2767 1489 2806 nec
1533 2751 1635 2807 illo
1678 2757 1938 2824 tempore
1983 2768 2099 2822 quo

449 2846 595 2901 bene
644 2843 852 2916 pieque
901 2841 1103 2896 vivunt
1150 2839 1210 2894 in
1261 2841 1804 2910 praedestinatorum
1857 2857 2098 2895 numero

447 2931 825 3006 computandi
850 2934 1010 2985 sunt.
1031 2929 1154 2984 Non
1179 2928 1335 2984 enim
1357 2935 1495 2985 sunt
1520 2947 1553 2985 a
1575 2947 1772 2985 massa
1792 2929 1893 2990 illa
1913 2928 2099 3002 perdi-

445 3023 624 3079 tionis
655 3021 1020 3094 praascientia
1051 3019 1144 3074 Dei
1177 3023 1236 3074 et
1266 3019 1773 3091 praedestinatione
1803 3017 2098 3074 discreti.»

450 3115 516 3168 Et
543 3112 680 3168 item
709 3113 847 3183 (cap.
879 3109 936 3176 9)
961 3125 1010 3164 τι(
1035 3108 1150 3163 Nec
1182 3125 1289 3163 nos
1326 3113 1573 3174 moveat,
1606 3109 1761 3180 quod
1797 3107 1934 3162 ﬁliis
1974 3108 2098 3163 suis

2220 537 2317 600 vit,
2341 535 2631 606 siquidem
2665 536 2761 592 illa
2783 537 2967 610 gloria
2998 542 3088 591 est
3117 535 3211 590 hic
3242 534 3640 608 intelligenda,
3662 536 3734 591 de
3753 551 3872 608 qua

2218 622 2374 679 idem
2407 625 2570 692 dicit,
2597 626 2731 680 Cum
2761 626 3008 681 Christus
3038 625 3360 696 apparuerit
3385 626 3497 680 vita
3526 633 3720 692 vestra,
3743 631 3874 679 tunc

2217 721 2269 767 et
2299 729 2386 769 vos
2415 715 2748 786 apparebitis
2779 731 2901 770 cum
2925 717 3040 786 ipso
3073 717 3132 769 in.
3159 715 3339 785 gloria
3358 713 3497 780 (Col.
3523 731 3606 780 ιιι,
3633 715 3708 781 4),
3733 729 3875 768 non-

2219 801 2362 856 dum
2395 803 2613 857 factum
2643 807 2752 858 est.
2787 801 3062 868 Quamvis
3101 807 3160 857 et
3201 801 3303 856 illa
3330 807 3468 868 duo,
3501 801 3558 856 id
3590 806 3681 857 est
3710 817 3870 858 voca-

2217 891 2295 944 vit
2322 897 2374 945 et
2393 891 2738 961 justi/icavit,
2765 907 2880 946 non
2911 890 2970 944 in
2995 891 3272 946 omnibus
3303 890 3454 946 facta
3483 889 3620 957 sint,
3644 891 3716 946 de
3747 889 3872 962 quia

2217 977 2327 1034 bus
2359 979 2516 1034 dicta
2546 985 2722 1034 sunt:
2747 979 2939 1035 adhuc
2970 979 3126 1035 enim
3155 995 3341 1050 usque
3369 977 3430 1033 in
3463 979 3640 1034 tinem
3670 977 3869 1034 saeculi

2216 1067 2385 1122 multi
2417 1067 2662 1123 vocandi
2693 1071 2749 1124 et
2770 1067 3138 1139 justiticandi
3173 1073 3350 1123 sunt:
3384 1071 3442 1122 et
3469 1072 3662 1123 tamen
3695 1068 3871 1122 verba

2214 1157 2489 1228 praeteriti
2521 1161 2802 1230 temporis
2851 1157 3049 1229 posuit
3077 1157 3147 1212 de
3179 1157 3354 1212 rebus
3403 1155 3578 1212 etiam
3630 1155 3866 1224 futuris,

2213 1248 2494 1317 tanquam
2519 1245 2646 1316 jam
2677 1245 2876 1301 fecerit
2913 1249 3084 1312 Deus,
3115 1261 3241 1317 quin
3281 1246 3408 1316 jam
3457 1249 3524 1299 ut
3565 1245 3773 1300 tierent
3802 1261 3869 1300 ex

2212 1333 2533 1389 aeternitate
2566 1333 2878 1406 disposuit.
2913 1335 3046 1390 Ideo
3080 1334 3150 1390 de
3181 1333 3280 1389 illo
3313 1333 3456 1388 dicit
3487 1339 3545 1390 et
3587 1333 3871 1406 propheta

2213 1423 2397 1479 lsaias
2421 1440 2434 1478 :
2462 1424 2569 1491 Qui
2595 1425 2726 1494 fecit
2744 1423 3086 1496 quaazfulum
3115 1431 3262 1479 sunt.
3286 1422 3630 1495 Quicunque
3649 1439 3788 1495 ergo
3809 1422 3868 1479 in

2211 1510 2313 1566 Dei
2345 1510 2856 1583 providentissime
2901 1512 3286 1584 dispositione
3333 1511 3607 1584 praesciti,
3649 1512 3866 1583 praede-

2211 1599 2432 1665 stinati,
2451 1601 2787 1671 justiticati,
2808 1604 2866 1656 et
2883 1599 3190 1673 glorificati
3213 1605 3373 1668 sunt,
3397 1617 3513 1656 non
3541 1599 3670 1655 dico
3689 1600 3868 1655 etiam

2210 1689 2472 1743 nondum
2515 1689 2724 1758 renati,
2759 1690 2861 1744 sed
2893 1689 3070 1745 etiam
3125 1690 3385 1746 nondum
3437 1690 3580 1755 nati,
3603 1690 3731 1760 jam
3767 1689 3869 1744 filii

2209 1777 2309 1832 Dei
2343 1781 2587 1844 suut,jet
2626 1778 2865 1832 omnino
2895 1778 3084 1850 perire
3131 1796 3245 1833 non
3278 1781 3546 1851 possunt.
3575 1799 3605 1826 ιι
3628 1778 3700 1832 Et
3739 1781 3870 1850 post

2215 1866 2678 1938 aliquantaf(cap.
2705 1867 2790 1937 10)
2807 1883 2858 1920 ;‹‹
2883 1867 2940 1922 Si
2965 1866 3121 1922 enim
3144 1868 3468 1922 secundum
3494 1867 3866 1940 propositum

2212 1960 2453 2009 vocatus
2486 1955 2616 2026 iste,
2636 1954 3036 2026 proculdubio
3069 1954 3152 2009 illi
3180 1955 3354 2010 etiam
3376 1956 3532 2028 quod
3555 1954 3870 2027 corripitur

2215 2043 2368 2098 Deus
2381 2049 2725 2114 cooperatur
2741 2043 2797 2097 in
2815 2044 3266 2099 bonum.Utrum
3282 2048 3476 2099 autem
3491 2043 3604 2099 ista
3614 2043 3870 2099 sitvoca-

2211 2130 2600 2201 tio,quoniam
2616 2130 2712 2202 qui
2728 2130 2968 2202 corripit
2987 2130 3374 2195 nescit,faciat
3389 2131 3512 2203 ipse
3530 2147 3663 2186 cum
3683 2131 3870 2186 chari-

2210 2223 2326 2274 tate
2341 2219 2494 2291 quod
2513 2218 2760 2274 scitesse
2775 2219 3256 2276 faciendum.Scit
3271 2220 3425 2275 enim
3440 2219 3540 2275 tali
3555 2219 3871 2291 corripien-

2211 2308 2284 2362 do
2303 2309 2592 2362 facturum
2614 2308 2795 2364 Deum
2815 2313 2917 2363 aut
2938 2307 3399 2364 misericordiam
3419 2308 3869 2381 autjudicium:

2210 2396 2668 2451 misericordiam
2685 2397 2999 2468 quidem,si
3019 2416 3053 2452 a
3070 2415 3267 2453 massa
3286 2398 3632 2470 perditionis
3648 2397 3748 2453 ille
3765 2397 3869 2470 qui

2210 2485 2525 2558 corripitur
2539 2485 2736 2556 gratim
2755 2485 3023 2558 largitate
3040 2487 3332 2543 discretus
3347 2491 3521 2552 est,et
3543 2504 3656 2542 non
3675 2492 3768 2541 est
3786 2486 3872 2540 in-

2211 2579 2299 2629 ter
2326 2591 2465 2629 vasa
2495 2575 2614 2642 ira},
2632 2592 2758 2646 qua;
2789 2575 3043 2647 perfecta
3071 2581 3212 2631 sunt
3241 2576 3296 2630 in
3330 2575 3736 2648 perditionem,
3762 2574 3868 2630 sed

2209 2663 2361 2718 inter
2375 2679 2511 2718 vasa
2526 2663 3092 2735 misericordiamque:
3113 2665 3456 2736 praeparavit
3478 2665 3534 2719 in
3554 2663 3868 2737 gloriam.»

2278 2751 2440 2806 Unde
2461 2755 2518 2805 et
2538 2751 2692 2806 idem
2719 2753 2927 2807 beatus
2946 2753 3313 2824 Augustinus
3345 2753 3404 2808 in
3436 2752 3587 2813 libro
3609 2751 3680 2808 de
3713 2751 3866 2808 Pris-

2209 2838 2595 2896 destinatione
2623 2840 2822 2912 gratia:
2856 2840 2996 2896 dicit
3015 2841 3156 2914 (cap.
3179 2843 3235 2912 5)
3261 2859 3310 2898 :a
3331 2842 3417 2897 Ab
3449 2841 3550 2897 illo
3578 2857 3737 2912 ergo,
3762 2840 3867 2913 qui

2207 2933 2539 3001 mternuspt
2561 2929 2858 3001 praescius,
2874 2929 2975 3002 qui
2997 2934 3056 2985 et
3073 2931 3276 3002 justus
3295 2934 3352 2986 et
3373 2931 3506 3003 pius
3525 2935 3633 2996 est,
3668 2931 3773 3002 qui
3794 2935 3856 2985 et

2206 3019 2387 3074 exerit
2431 3017 2688 3073 debitam
2736 3019 3121 3086 severitatem,
3155 3024 3212 3074 et
3249 3019 3479 3075 exhibet
3528 3019 3853 3074 indebitam

2207 3109 2503 3180 pietatem,
2518 3112 2576 3162 et
2596 3105 2771 3162 habet
2790 3106 2849 3162 in
2872 3109 3138 3164 creandis
3159 3113 3334 3181 atque
3354 3108 3640 3181 eligendis
3662 3108 3855 3163 homi-

448 3201 801 3272 quibusdam
828 3198 982 3252 Deus
1005 3213 1118 3251 non
1143 3197 1244 3250 dat
1262 3197 1438 3251 istam
1460 3197 1970 3268 perseverantiam.
1989 3199 2096 3250 Ab-
2124 3185 2166 3248 C
2202 3198 2398 3264 nibus,
2431 3196 2583 3252 sicut
2613 3195 2671 3250 iu
2711 3195 2835 3251 luto
2867 3195 3103 3268 figulus,
3139 3202 3504 3270 potestatem.
3531 3199 3681 3253 facta
3713 3201 3860 3252 sunt

449 3290 526 3343 sit
545 3289 702 3343 enim
727 3290 792 3341 ut
817 3286 900 3340 ita
921 3290 1094 3350 esset,
1118 3283 1260 3338 side
1284 3283 1400 3339 illis
1431 3285 1858 3356 preedestinatis
1879 3288 2096 3351 essent,

448 3385 506 3432 et
535 3375 858 3431 secundum
893 3373 1259 3444 propositum
1280 3373 1519 3437 vocatis,
1544 3373 1643 3445 qui
1667 3390 1795 3428 vere
1822 3377 1963 3428 sunt
1996 3372 2097 3427 filii

449 3460 879 3537 promissionis.
903 3461 1050 3516 Nam
1078 3459 1173 3516 isti
1199 3477 1332 3515 cum
1360 3462 1452 3533 pie
1477 3460 1677 3516 vivunt
1697 3462 1976 3517 dicuntur
1995 3461 2098 3516 ﬁlii

451 3555 552 3610 Dei
578 3570 592 3608 :
618 3551 714 3608 sed
750 3549 1032 3624 quoniam
1071 3548 1278 3604 victuri
1309 3555 1450 3605 sunt
1481 3549 1678 3621 impie,
1703 3554 1760 3604 et
1789 3549 1848 3604 in
1895 3551 2099 3606 eadem

450 3643 747 3715 impietate
771 3637 1059 3702 morituri,
1076 3655 1191 3692 non
1213 3655 1312 3693 eos
1333 3639 1475 3692 dicit
1499 3638 1646 3692 ﬁlios
1674 3637 1768 3693 Dei
1795 3637 2099 3708 przescien-

452 3733 536 3788 tia
570 3731 691 3786 Dei.
732 3753 757 3779 ››
797 3727 1043 3782 Attende
1080 3744 1258 3798 quare
1281 3743 1391 3780 non
1417 3727 1562 3781 dixit
1599 3726 2102 3790 hic,sicutdicunt

454 3815 974 3880 Prmdestinatiani,
1009 3815 1080 3870 ad
1133 3815 1436 3869 interitum
1487 3815 1916 3888 prmdestinatio
1948 3816 2046 3871 Dei
2084 3833 2097 3873 :

452 3909 554 3965 sed
577 3906 722 3962 dixit
743 3907 813 3961 de
832 3903 1030 3960 electis
1050 3903 1294 3976 loquens
1319 3903 1984 3976 prmdestinatiouemﬁe
2014 3923 2100 3962 re-

454 3996 652 4070 probis
668 3999 861 4050 autem
882 3992 1328 4065 praiscientiam.
1346 3993 1412 4048 Et
1430 3998 1560 4064 post
1578 4009 1765 4064 pauca
1779 4009 1826 4046 ;‹‹
1848 3994 1952 4060 Qui
1971 4012 2103 4050 vere

453 4084 561 4141 filii
591 4087 751 4151 sunt,
785 4081 1036 4153 praasciti
1065 4085 1124 4136 et
1167 4081 1557 4153 praedestinati
1599 4085 1738 4136 sunt
1775 4084 2102 4138 conl'ormes

454 4172 732 4247 imaginis
763 4169 869 4226 lilii
897 4171 1048 4241 ejus,
1074 4173 1132 4224 et
1163 4170 1486 4226 secundum
1521 4169 1885 4242 propositum
1915 4171 2103 4227 vocati

452 4267 594 4321 sunt
623 4267 689 4316 ut
717 4259 883 4316 electi
911 4263 1130 4314 essent.
1153 4257 1277 4313 Non
1305 4257 1462 4313 enim
1495 4257 1644 4330 perit
1673 4258 1830 4314 ﬁlius
1861 4259 2106 4331 promis-

453 4351 668 4419 sionis;
701 4349 802 4406 sed
837 4346 994 4403 filius
1041 4345 1402 4419 perditionis.
1440 4348 1698 4403 Fuerunt
1727 4364 1863 4420 ergo
1908 4349 2002 4405 isti
2036 4366 2106 4404 ex

455 4437 834 4496 multitudine
854 4441 1212 4502 vocatorum,
1231 4453 1300 4490 ex
1319 4435 1634 4491 electorum
1669 4440 1864 4492 autem
1899 4438 2105 4509 pauci-

345 4569 355 4573 -
453 4533 572 4584 tate
593 4543 709 4582 non
733 4527 989 4582 fuerunt.
1013 4525 1134 4581 Non
1161 4525 1342 4596 igitur
1363 4523 1500 4580 filiis
1531 4525 1657 4580 suis
1680 4525 2106 4597 prmdestinatis

455 4617 611 4672 Deus
632 4613 1119 4688 perseverantiam
1141 4630 1254 4669 non
1275 4613 1453 4668 dedit.
1471 4613 1760 4668 Haberent
1775 4613 1932 4669 enim
1949 4631 2102 4686 eam,

457 4705 506 4760 si
529 4703 588 4759 in
610 4720 676 4759 eo
699 4701 954 4758 filiorum
980 4717 1224 4756 numero
1245 4707 1460 4757 essent.
1487 4701 1600 4774 Ipsi
1631 4706 1771 4757 sunt
1799 4703 2104 4773 praedesti-

455 4792 597 4860 nati,
621 4791 705 4847 illi
737 4789 1127 4863 praedestinati
1162 4795 1220 4845 et
1249 4791 1572 4846 secundum
1606 4791 1972 4863 propositum
2001 4809 2104 4848 vo-

456 4881 590 4949 cati,
615 4897 863 4953 quorum
889 4878 1085 4934 nullus
1115 4879 1320 4951 perit.»
1342 4881 1409 4934 Et
1429 4878 1567 4934 item
1593 4895 1642 4934 :«
1669 4880 1737 4934 Et
1758 4879 1882 4950 jam
1916 4880 1974 4934 in
2007 4881 2106 4938 illa

457 4968 968 5044 prmdestinatione
990 4968 1094 5022 lilii
1117 4973 1256 5023 sunt
1286 4970 1474 5040 ejus.»
1498 4969 1565 5023 Et
1593 4973 1724 5040 post
1754 4967 2054 5040 aliquanta
2088 4987 2102 5025 :

461 5064 668 5127 «Quos
707 5063 840 5114 ante
880 5057 1170 5130 praescivit
1207 5063 1265 5114 et
1303 5057 1734 5130 praedestinavit
1778 5058 2105 5115 conformes

456 5148 732 5222 imaginis
759 5145 887 5203 Filii
910 5147 1038 5218 ejus
1063 5163 1076 5202 :
1101 5164 1250 5220 quos
1281 5152 1474 5202 autem
1502 5145 1950 5216 praedestinavit,
1971 5145 2106 5204 illos

457 5243 516 5295 et
537 5236 792 5294 vocavit:
812 5252 959 5308 quos
985 5241 1182 5291 autem
1210 5234 1452 5301 vocavit,
1478 5233 1609 5289 illos
1637 5237 1694 5288 et
1714 5234 2062 5303 justiticavit
2088 5254 2101 5292 :

459 5344 606 5400 quos
641 5331 840 5382 autem
865 5324 1233 5398 justitieavit,
1265 5323 1426 5395 ipsos
1477 5327 1536 5378 et
1581 5320 1927 5394 glorilicavit
1960 5341 1972 5379 :
2008 5325 2108 5382 illa

460 5417 614 5472 100
630 5414 828 5470 omnia
834 5414 961 5485 jam
981 5413 1132 5468 facta
1147 5415 1307 5477 sunt,
1329 5410 1636 5482 praescivit,
1652 5411 2104 5482 praedestinavit,

458 5502 701 5569 vocavit,
719 5500 1092 5574 justiticavit;
1117 5497 1394 5572 quoniam
1415 5502 1472 5554 et
1490 5515 1695 5554 omnes
1706 5499 1833 5570 jam
1858 5504 2107 5572 praesciti

461 5607 528 5652 ac
551 5589 944 5669 praedestinati
969 5594 1128 5663 sunt,
1152 5591 1210 5648 et
1230 5586 1400 5650 multi
1423 5588 1550 5664 jam
1571 5586 1760 5646 vocati
1780 5592 1956 5668 atque
1976 5592 2108 5666 jus.

2208 3286 2322 3341 alia
2342 3285 2579 3358 quidem
2600 3301 2740 3340 vasa
2763 3284 2824 3339 in
2857 3285 3158 3353 honorem,
3182 3285 3296 3342 alia
3315 3303 3447 3342 vero
3467 3287 3525 3341 in
3549 3291 3860 3342 contume-

2206 3373 2368 3430 liam.
2387 3375 2714 3445 Antequam
2739 3373 2952 3430 iaceret
2981 3375 3268 3446 praescivit
3287 3392 3416 3442 nos,
3431 3381 3488 3432 et
3507 3374 3566 3430 in
3597 3375 3726 3447 ipsa
3750 3391 3871 3430 nos

2208 3461 2571 3536 praescientia
2591 3478 2726 3517 cum
2755 3463 3016 3518 nondum
3051 3463 3284 3519 fecisset
3310 3463 3504 3537 elegit.
3530 3464 3640 3521 Sed
3673 3481 3709 3519 a
3739 3480 3862 3536 quo

2209 3552 2319 3607 hoc
2341 3551 2462 3605 ﬁeri
2487 3550 2698 3621 potuit,
2721 3549 2834 3604 nisi
2857 3551 2928 3605 ab
2950 3568 3016 3606 eo
3038 3552 3136 3624 qui
3164 3561 3316 3608 rocat
3341 3569 3406 3608 ea
3435 3567 3558 3626 qtk'B
3576 3568 3686 3608 nou
3705 3561 3862 3617 sunt,

2209 3651 2469 3712 tanquam
2497 3657 2558 3694 ea
2591 3656 2716 3711 qum
2745 3649 2873 3696 sunt
2892 3642 3067 3709 (Rom.
3094 3659 3168 3707 iv,
3199 3644 3327 3710 t7)?
3355 3641 3668 3715 Apostolus
3696 3641 3862 3696 enim

2209 3731 2352 3786 dicit
2376 3747 2389 3784 :
2415 3731 2531 3800 ()ui
2551 3730 2712 3799 elegit
2737 3746 2836 3785 nos
2863 3738 2988 3786 ante
3015 3730 3212 3786 mundi
3235 3734 3668 3788 constitutionem
3697 3731 3863 3804 (Eph.

2209 3836 2248 3888 ι,
2274 3819 2348 3888 4).
2379 3820 2534 3873 intra
2563 3818 2852 3873 mundum
2885 3819 3022 3874 facti
3053 3836 3282 3890 sumus,
3313 3825 3371 3876 et
3400 3825 3536 3875 ante
3567 3821 3866 3875 mundum

2210 3908 2375 3964 electi
2408 3924 2648 3974 sumus;
2683 3911 2858 3980 atque
2886 3909 2968 3963 ita
2997 3926 3113 3964 uno
3152 3910 3496 3982 eodemque,
3520 3925 3626 3965 nec
3658 3913 3866 3965 trans-

2209 4001 2404 4065 eunte,
2426 4013 2530 4051 nec
2561 3996 2778 4060 futuro,
2803 3996 2903 4052 sed
2935 3995 3210 4053 continuo
3242 3997 3628 4070 tempore,vel
3660 3997 3712 4053 si
3741 4013 3867 4070 quo

2211 4086 2326 4142 alio
2349 4086 2520 4142 modo
2543 4085 2654 4141 dici
2683 4089 2892 4157 potest,
2917 4086 3019 4142 sed
3043 4091 3236 4142 tamen
3269 4091 3476 4158 potest,
3497 4086 3647 4157 apud
3675 4086 3866 4142 Deum

2211 4181 2318 4238 est.
2341 4180 2399 4231 et
2427 4174 2715 4246 praescire,
2741 4179 2796 4229 et
2826 4175 3031 4242 facere,
3057 4179 3115 4230 et
3142 4175 3376 4248 eligere,
3407 4180 3465 4231 et
3495 4174 3873 4248 prmseientia

2211 4281 2320 4320 sua
2335 4261 2897 4318 incommutabiliter
2917 4268 3291 4335 permanente
3307 4263 3519 4337 eligere
3538 4263 3870 4333 faciendos,

2213 4369 2362 4424 quos
2386 4353 2647 4408 facturus
2668 4353 2859 4407 fuerat
2878 4351 3234 4424 eligendos.«
3258 4353 3328 4408 Et
3352 4353 3494 4408 item
3515 4352 3670 4408 idem
3692 4352 3754 4406 in
3776 4369 3876 4408 eo-

2213 4443 2346 4497 dem
2377 4441 2526 4496 libro
2555 4445 2696 4513 (cap.
2723 4442 2808 4513 16)
2829 4458 2880 4496 :«
2911 4443 3065 4497 lianc
3094 4441 3292 4514 itaque
3337 4441 3594 4497 divinam
3627 4439 3874 4497 electio-

2133 4551 2183 4618 Ι)
2213 4547 2368 4597 nem,
2394 4547 2509 4586 non
2542 4529 2768 4586 meritis
2799 4530 2983 4600 reddi,
3017 4531 3117 4586 sed
3161 4530 3287 4586 sola
3315 4530 3635 4587 voluntatis
3666 4529 3874 4585 muni-

2213 4619 2444 4675 ﬁcentia
2473 4620 2675 4675 donari
2719 4618 3080 4685 hominibus,
3113 4619 3341 4692 Moyses
3371 4635 3506 4675 cum
3542 4619 3671 4690 jam
3720 4622 3880 4674 tune

2211 4708 2480 4782 quamvis
2512 4707 2805 4764 carnalem
2850 4707 3132 4781 populum
3183 4709 3417 4764 doceret
3458 4706 3734 4762 ostendit.
3770 4707 3880 4764 Sic

2211 4797 2366 4853 enim
2400 4797 2460 4852 in
2493 4797 2940 4856 Deuteronomio
2968 4796 3109 4852 dicit
3145 4797 3216 4852 ad
3257 4795 3580 4870 populum:
3610 4797 3742 4851 Ecce
3771 4795 3880 4852 do-

2211 4887 2352 4942 mini
2381 4887 2480 4941 Dei
2515 4888 2598 4942 tui
2653 4887 2870 4953 cadum,
2900 4894 2952 4942 et
2977 4887 3172 4942 malum
3201 4887 3343 4952 caeli,
3377 4893 3523 4943 terra
3575 4892 3630 4942 et
3679 4887 3886 4940 mia

2214 4991 2340 5046 quae
2366 4983 2495 5031 sunt
2522 4977 2581 5030 in
2609 4992 2690 5030 ea.
2709 4976 3083 5031 Verumtamen
3121 4984 3301 5048 patres
3342 4983 3543 5031 vestros
3579 4974 3746 5046 elegit
3776 4973 3890 5030 Do-

2198 5068 2400 5138 minus
2426 5065 2654 5137 diligere
2681 5080 2789 5134 eos,
2814 5066 2912 5136 qui
2937 5066 3099 5136 elegit
3126 5082 3308 5121 semen
3335 5080 3524 5120 eorum
3549 5070 3671 5136 post
3697 5063 3886 5134 ipsos,

2213 5169 2304 5209 vos
2332 5167 2452 5225 pra'
2489 5152 2741 5208 omnibus
2783 5153 3033 5223 gentibus
3062 5153 3238 5221 (Deut.
3261 5152 3450 5225 ι,14).
3484 5152 3554 5207 Et
3601 5149 3835 5222 adjecit
3870 5167 3887 5206 :

2216 5241 2692 5298 Circumcidimini
2709 5256 2834 5312 ergo
2851 5257 2885 5294 a
2904 5240 3115 5296 duritia
3133 5241 3314 5298 cordis
3331 5242 3517 5308 vestri,
3539 5247 3592 5296 et
3607 5239 3897 5296 emicem

2215 5339 2447 5388 vestram
2474 5347 2545 5386 ne
2576 5329 2845 5386 indu/etis
2873 5331 3114 5402 amplius
3136 5330 3321 5400 (ibid.,
3347 5329 3454 5402 16).
3480 5329 3591 5386 Sed
3621 5327 3788 5384 hanc
3822 5327 3896 5386 in

2219 5423 2363 5477 101
2402 5419 2486 5475 eis
2507 5418 2796 5474 mansisse
2817 5419 3098 5474 duritiam
3119 5418 3333 5486 cordis,
3357 5418 3513 5474 sicut
3539 5432 3723 5490 supra
3739 5415 3902 5488 jam

2217 5509 2357 5577 dixi,
2381 5509 2587 5565 beatus
2609 5506 2940 5580 Stephanus
2962 5524 3096 5565 cum
3125 5507 3349 5565 Iudaeos
3378 5507 3642 5580 increpat
3669 5507 3902 5564 esten-

2217 5597 2322 5658 dit.
2355 5597 2420 5658 In
2448 5596 2692 5657 Actibus
2730 5595 2887 5658 enim
2939 5595 3340 5676 apostolorum
3369 5595 3497 5674 ipse
3541 5593 3629 5655 sio
3675 5591 3845 5658 dicit
3879 5609 3902 5660 :
