4042 6188
260 288 385 348 165

981 285 1084 348 DE
1127 284 1894 348 PBIEDESTINATIONE
1938 286 2460 348 DlSSERTATIO
2503 285 2970 350 POSTERIOB.

3570 290 3686 352 166

253 426 415 478 Dura
473 421 682 476 cervice
710 427 762 475 et
805 421 1184 476 incircumcisi
1233 420 1393 476 corde
1447 428 1500 476 ct
1548 419 1801 485 auribus,
1833 436 1924 475 vos
1952 423 2008 486 Α
2041 419 2291 474 rantiam
2317 436 2505 491 usque
2528 419 2584 474 in
2611 420 2808 474 ﬁnem.
2829 420 2959 476 Haec
2981 421 3135 478 Deus
3156 424 3448 479 facturum
3472 439 3535 480 se
3559 441 3688 480 esse

253 525 473 580 semper
499 508 741 580 Spiritui
785 516 969 564 sanae
1015 509 1294 564 restitistis
1326 508 1460 580 (Art.
1492 525 1592 575 vn,
1623 509 1735 576 51).
1761 507 1924 562 Unde

256 599 408 654 dura
429 597 624 653 cervix
643 597 704 652 in
727 614 794 653 eo
817 597 1051 670 populo,
1067 597 1167 670 qui
1187 614 1256 652 ex
1280 599 1501 652 mundo
1521 597 1740 652 electus
1762 597 1920 652 est?»

256 689 327 743 Et
376 691 514 758 post
571 685 962 758 aliquantam
988 689 1130 740 Cum
1190 685 1309 753 illo,
1344 685 1568 740 scilicet
1621 684 1921 758 Apostolo,

257 777 496 850 quando
518 777 590 831 de
609 773 830 830 talibus
851 773 1136 846 qumritur
1160 775 1542 843 admiremur,
1567 779 1625 830 et
1653 777 1926 829 manente

257 865 558 922 sententia
577 865 733 936 quod
756 880 871 920 non
895 863 974 919 sit
994 861 1278 936 iniquitas
1297 863 1448 934 apud
1477 863 1685 932 Deum,
1711 862 1759 916 si
1784 861 1926 934 quid

255 955 400 1010 illud
431 955 675 1009 modum
700 951 885 1008 nostri
918 969 1130 1008 sensus
1151 951 1486 1017 excesserit,
1509 956 1564 1006 et
1595 950 1928 1006 intellectus

257 1041 444 1098 nostri
469 1057 588 1096 non
613 1041 895 1113 dignatur
915 1039 1241 1112 angustias,
1267 1040 1326 1096 in
1351 1039 1731 1111 illajustitiaz,
1759 1039 1930 1094 mise-

262 1130 556 1197 ricordias,
574 1129 1067 1202 prmscientizeque
1088 1129 1296 1184 divina;
1318 1127 1684 1201 plenitudine
1705 1144 1929 1201 perma-

262 1237 398 1276 nere
432 1219 793 1275 inconcussa
841 1219 1111 1290 aequitate
1151 1218 1500 1273 fateamur.»
1529 1218 1600 1272 Et
1630 1217 1770 1272 item
1821 1215 1926 1271 ali-

260 1315 484 1382 quanto
517 1307 792 1380 superius
819 1308 956 1378 (cap.
983 1309 1072 1374 13)
1097 1323 1149 1362 ευ
1173 1305 1362 1379 Elegit
1391 1323 1530 1362 vasa
1551 1323 1678 1378 quze
1710 1307 1928 1360 faceret

259 1400 315 1454 in
349 1399 666 1464 honorem,
689 1403 746 1450 et
770 1395 902 1451 illos
929 1412 962 1450 ει
987 1399 1232 1450 ventura
1255 1395 1343 1450 ira
1367 1395 1518 1450 dono
1539 1394 1806 1467 gratuitae
1828 1411 1926 1450 vo-

253 1487 508 1542 cationis
540 1483 812 1552 absolvit,
847 1483 992 1540 alios
1023 1483 1441 1556 derelinquens
1471 1483 1542 1538 ad
1575 1482 1926 1555 mqualitatis

248 1575 546 1648 judicium
584 1573 938 1630 reservavit:
964 1571 1108 1628 nulli
1139 1576 1336 1628 tamen
1369 1572 1750 1646 agnoscenda;
1779 1571 1926 1626 veri-

256 1665 396 1720 tatis
438 1662 693 1718 abstulit
723 1661 1084 1718 facultatem.
1109 1662 1182 1717 Et
1229 1660 1313 1716 ita
1352 1661 1656 1734 plenitudo
1717 1661 1924 1716 divina:

257 1751 645 1826 praescientiaa
668 1750 728 1805 in
753 1749 902 1806 alios
923 1755 1198 1805 manante
1211 1749 1464 1821 justitia,
1480 1749 1540 1804 in
1567 1749 1712 1803 alios
1735 1749 1926 1821 gratia

259 1841 590 1916 proﬂuente
619 1838 912 1910 completa
943 1843 1050 1894 est.
1078 1861 1106 1888 ››
1129 1839 1272 1894 Item
1318 1839 1522 1894 beatus
1552 1837 1919 1910 Augustinus

258 1931 314 1985 in
347 1930 501 1984 libro
537 1929 612 1983 de
652 1926 1027 2000 Correptione
1079 1931 1136 1982 et
1185 1927 1381 1982 Gratia
1401 1933 1540 1999 (cap.
1575 1927 1662 1997 12)
1687 1943 1700 1981 :
1729 1949 1756 1975 «
1795 1927 1922 1998 Ipse

261 2019 436 2092 igitur
456 2035 563 2074 eos
585 2017 724 2072 facit
744 2033 1109 2088 perseverare
1131 2016 1190 2072 in
1213 2016 1386 2083 bono,
1413 2015 1512 2088 qui
1538 2015 1674 2070 facit
1696 2015 1879 2070 bonos
1905 2031 1918 2068 :

261 2108 354 2180 qui
389 2111 595 2162 autem
627 2105 852 2160 cadunt
881 2108 938 2160 et
967 2109 1232 2176 pereunt,
1263 2103 1324 2160 in
1370 2105 1920 2178 praedestinatorum

263 2212 512 2252 numero
547 2211 664 2250 non
697 2195 958 2249 fuerunt.
987 2215 1014 2242 ››

327 2285 550 2340 Audiat
577 2299 714 2340 cum
765 2282 968 2338 schola
1023 2299 1130 2338 sua
1181 2282 1596 2339 Gothescalcus
1652 2282 1922 2354 princeps

265 2378 662 2440 narratorum,
689 2375 747 2427 et
778 2371 956 2442 hujus
989 2371 1200 2443 iniqua:
1231 2371 1610 2427 fabulationis
1639 2369 1923 2426 ressusci-

264 2470 368 2528 tor,
389 2461 539 2535 quid
557 2460 718 2517 dicat
739 2465 982 2516 sanctus
1001 2459 1366 2532 Augustinus
1391 2476 1441 2514 :«
1467 2460 1529 2515 In
1553 2457 1926 2532 praedestina-

265 2557 454 2606 torum
492 2565 738 2605 numero
772 2566 888 2604 non
939 2549 1191 2604 fuerunt.
1214 2547 1272 2604 Si
1304 2547 1474 2602 vellet
1521 2552 1576 2602 et
1605 2545 1922 2612 debuisset,

267 2639 678 2696 convenienter
701 2637 896 2694 dicere
928 2639 1233 2708 potuisset,
1253 2635 1359 2702 Qui
1392 2640 1586 2690 autem
1621 2635 1840 2690 cadunt
1868 2639 1927 2690 et

269 2733 534 2803 pereunt,
559 2727 636 2782 ad
663 2726 971 2782 interitum
1004 2725 1400 2798 praedestinati
1436 2725 1687 2791 fuerunt,
1711 2727 1768 2778 et
1797 2723 1926 2777 ideo

269 2817 606 2873 ceciderunt
637 2818 694 2872 et
723 2813 1040 2888 perierunt.
1060 2837 1087 2862 ››
1108 2815 1178 2869 Et
1207 2814 1346 2870 item
1379 2816 1619 2868 sanctus
1648 2811 1924 2882 Augusti-

270 2924 376 2962 nus
409 2906 470 2961 in
501 2905 746 2977 preet‘ato
775 2903 924 2960 libro
976 2903 1048 2958 ad
1096 2902 1287 2958 locum
1313 2904 1454 2974 (cap.
1482 2903 1572 2970 13)
1597 2918 1609 2956 :
1635 2924 1662 2950 «
1691 2901 1819 2955 HERC
1857 2901 1927 2954 de

269 2995 362 3051 his
389 2994 607 3067 loquor
636 2993 736 3066 qui
766 2991 1163 3066 praedestinati
1213 2996 1352 3048 sunt
1398 2991 1471 3047 ad
1528 3006 1772 3062 regnum
1803 2988 1925 3059 Dei,

269 3099 522 3157 quorum
553 3083 638 3138 ita
664 3087 858 3138 certus
883 3086 972 3137 est
1003 3097 1308 3152 numerus,
1333 3083 1398 3136 ut
1427 3095 1533 3135 nec
1565 3079 1814 3134 addatur
1842 3077 1927 3132 eis

2035 508 2362 580 pnes-civit:
2398 508 2525 579 ipsa
2555 512 2646 562 est
2685 507 3122 580 prmdestinatio
3153 516 3508 577 sanctorum,
3539 529 3688 584 quos

2033 595 2211 668 elegit
2239 597 2298 650 in
2332 597 2560 652 Christo
2584 601 2716 652 ante
2740 596 3218 652 constitutionem
3252 601 3478 667 mundi,
3503 606 3567 655 ut
3596 618 3686 656 es-

2035 691 2166 740 sent
2186 686 2372 740 sancti
2403 690 2460 740 et
2493 685 2854 743 immaculati
2889 685 2946 740 in
2974 691 3286 758 conspectu
3311 687 3438 756 ejus
3469 688 3526 743 in
3558 689 3689 746 cha-

2034 774 2226 843 ritate,
2252 774 2676 846 prmdestinans
2699 790 2799 830 eos
2821 773 2879 828 in
2905 775 3278 846 adoptionem
3313 775 3566 830 ﬁliorum
3589 794 3690 848 per

2033 863 2236 919 Jesum
2268 863 2639 917 Christum.»
2664 865 2733 918 Et
2761 863 2900 918 item
2927 880 2975 918 ευ
3003 863 3149 918 Illud
3186 875 3377 918 tamen
3421 864 3690 921 ﬁdelibus

2036 953 2203 1007 debet
2227 969 2353 1008 esse
2375 951 2792 1020 certissimum,
2818 953 2975 1008 hunc
2995 970 3123 1008 esse
3145 969 3214 1008 ex
3240 952 3690 1026 prazdestinatis,

2037 1039 2204 1094 illum
2237 1057 2352 1095 non
2384 1056 2531 1095 esse.
2553 1063 2580 1090 ι)

2106 1129 2175 1184 Et
2221 1128 2606 1184 Cassiodorus
2652 1129 2711 1184 in
2764 1129 3064 1185 Psalmum
3098 1149 3194 1187 XIV
3225 1147 3238 1187 :
3264 1153 3292 1181 «
3325 1131 3562 1198 Revera,
3596 1130 3688 1186 in-

2037 1217 2184 1289 quit,
2208 1215 2318 1290 ipsi
2347 1218 2618 1273 restituta
2649 1222 2738 1273 est
2768 1219 3207 1287 haereditas,-cui
3239 1224 3372 1276 ante
3404 1219 3690 1274 conditio-

2036 1323 2172 1361 nem
2202 1323 2400 1360 rerum
2435 1306 2622 1362 fuerat
2664 1307 2721 1360 in
2764 1307 3272 1378 prtedestinatione
3311 1307 3542 1364 collata.
3569 1329 3598 1358 ››
3621 1309 3692 1364 Et

2036 1395 2212 1450 item:
2240 1418 2268 1444 «
2302 1394 2620 1450 Hmreditas
2651 1394 2865 1450 Christi
2911 1401 3000 1451 est
3040 1397 3452 1468 prmdestinata
3491 1396 3690 1452 multi-

2036 1486 2177 1540 tudo
2209 1489 2571 1540 sanctorum.
2601 1485 2720 1538 »Et
2764 1485 2822 1540 in
2867 1484 3100 1540 Psalmo
3145 1504 3366 1542 xr.1x:«
3401 1487 3690 1542 Memento

1997 1577 2010 1587 ‘
2035 1574 2192 1645 quod
2215 1591 2318 1644 per
2339 1573 2444 1628 has
2467 1573 2785 1630 allusiones
2809 1573 3348 1651 prmdestinatorum
3378 1591 3689 1631 numerum

2033 1661 2346 1734 significat,
2370 1679 2486 1716 non
2511 1663 2582 1718 de
2613 1663 2737 1718 sola
2769 1664 3076 1736 Synagoga
3099 1665 3458 1730 Judzeorum,
3484 1665 3584 1720 sed
3621 1665 3691 1720 de

2034 1750 2264 1805 cunctis
2295 1751 2568 1822 gentibus
2600 1768 2728 1808 esse
2767 1752 3144 1824 completum.
3203 1775 3230 1802 »
3261 1753 3418 1808 Et‘in
3463 1753 3690 1808 Psalmo

2045 1855 2227 1895 cxxvn
2253 1856 2303 1894 ει(
2339 1841 2558 1896 Parasti
2586 1843 2645 1896 in
2675 1841 2962 1897 dulcedine
2992 1850 3085 1897 tua
3111 1843 3359 1913 pauperi.
3395 1843 3553 1909 Deus,
3585 1842 3689 1896 Pa-

2031 1927 2198 1994 rasti,
2222 1927 2516 2000 signiﬁcat
2541 1929 3111 2001 przedestinatos,qui
3135 1930 3206 1984 ab
3232 1929 3454 2001 origine
3481 1930 3690 1985 mundi

2031 2015 2158 2088 ipso
2175 2015 2488 2072 miserante
2501 2017 2803 2089 praeparati
2817 2020 3089 2074 sunt.»Et
3104 2018 3163 2074 in
3181 2017 3410 2074 Psalmo
3425 2033 3690 2073 Lxxxvm:

2033 2128 2060 2153 ((
2083 2105 2367 2160 Exaltelur
2391 2104 2611 2160 dextera
2639 2113 2751 2160 tua.
2772 2105 3138 2162 Clariﬁcetur
3168 2123 3451 2163 numerus
3480 2107 3696 2178 praede-

2031 2193 2410 2258 stinatorum,
2439 2192 2538 2264 qui
2571 2197 2660 2249 est
2688 2193 2760 2248 ad
2809 2194 3105 2248 dexteram
3141 2193 3536 2249 collocandus.
3564 2215 3590 2242 ››
3624 2194 3694 2248 Et

2033 2281 2092 2335 in
2128 2279 2359 2336 Psalmo
2391 2299 2459 2336 xc
2483 2299 2532 2338 ;‹‹
2562 2283 2689 2337 Non
2719 2281 2876 2337 enim
2909 2287 3159 2354 possunt
3189 2301 3222 2338 a
3255 2282 3432 2338 latere
3467 2281 3692 2337 Domini

2031 2369 2120 2425 vel
2153 2387 2187 2424 a
2215 2369 2436 2426 dextris
2465 2371 2594 2441 ejus
2626 2370 2854 2440 cadere,
2879 2371 2979 2442 qui
3002 2371 3130 2441 jam
3167 2371 3560 2427 iubeaturum
3591 2363 3696 2426 nu-

2035 2475 2195 2515 mero
2213 2459 2609 2530 prmdestinati
2637 2477 2764 2515 esse
2797 2463 3140 2515 noscuntur.
3167 2461 3275 2516 Sed
3309 2461 3418 2516 hoc
3447 2460 3519 2516 de
3550 2477 3694 2532 prai-

2035 2547 2442 2619 sumptoribus
2476 2548 2620 2603 bene
2643 2549 2876 2614 dicitur,
2897 2548 2994 2621 qui
3024 2548 3169 2604 illud
3194 2566 3254 2604 se
3280 2548 3556 2621 consequi
3579 2565 3698 2604 cre-

2035 2638 2184 2692 dunt
2200 2637 2354 2708 quod
2379 2635 2623 2690 minime
2648 2643 3112 2708 promerentur.»
3136 2639 3202 2692 Et
3225 2638 3281 2692 in
3312 2637 3540 2693 Psalmo
3562 2655 3653 2693 xei
3678 2655 3691 2693 :

2037 2749 2063 2775 ‹‹
2081 2725 2230 2780 Dum
2255 2724 2540 2796 plantatio
2560 2725 2794 2792 dicitur,
2816 2726 3250 2798 prmdestinatio
3269 2726 3498 2781 Domini
3519 2727 3698 2801 signi-

2035 2815 2264 2879 ﬁcatur,
2289 2813 2429 2884 quia
2465 2813 2578 2868 nisi
2608 2815 2742 2885 quis
2775 2815 2834 2868 in
2881 2831 2950 2870 ea
2995 2815 3298 2886 plantatus
3346 2815 3542 2881 fuerit,
3573 2832 3694 2870 cre-

2035 2907 2302 2957 mentum
2336 2902 2744 2972 felicissimum
2797 2919 2912 2957 non
2943 2903 3186 2958 habebit
3217 2920 3230 2958 :
3261 2925 3288 2952 »
3311 2903 3382 2958 Et
3430 2902 3490 2957 in
3536 2901 3694 2958 Psal-

2037 3007 2132 3044 mo
2152 3007 2259 3046 xcv
2283 3007 2333 3045 :«
2358 2991 2578 3046 Domus
2623 2990 2778 3046 enim
2831 2991 2966 3056 ista,
2989 2991 3045 3045 id
3077 2993 3166 3046 est
3213 2989 3561 3046 universalis
3587 2992 3692 3046 Ee-

2036 3078 2233 3144 clesia,
2269 3096 2384 3150 qua
2409 3079 2676 3133 Christus
2707 3079 3020 3146 inhabitat,
3041 3079 3186 3135 vivis
3217 3077 3518 3150 lapidibus
3549 3095 3696 3133 sem-

270 3154 614 3245 quisquam,
633 3187 738 3226 nec
755 3171 1062 3226 minuatur
1081 3185 1148 3224 ex
1170 3169 1286 3225 eis:
1309 3185 1423 3224 non
1451 3169 1523 3223 de
1544 3167 1637 3222 his
1659 3165 1779 3238 qui,
1795 3182 1930 3220 cum
1963 3154 2004 3220 C
2038 3184 2142 3238 per
2171 3168 2512 3234 exstruitur,
2535 3166 2674 3238 quia
2695 3167 2956 3240 quotidie
2987 3169 3058 3223 de
3079 3167 3497 3223 conﬁtentibus
3523 3165 3700 3222 aediﬁ-

268 3261 683 3317 annuntiasset
713 3263 770 3316 et
800 3259 1034 3316 locutus
1065 3262 1238 3324 esset,
1259 3255 1631 3330 multiplicati
1664 3259 1799 3312 sunt
1831 3272 1929 3310 su-

271 3367 370 3422 per
387 3365 768 3405 numerum.»
788 3349 858 3402 Et
879 3349 1019 3403 item
1043 3346 1100 3402 in
1123 3347 1326 3402 eodem
1351 3345 1501 3401 libro
1516 3362 1566 3400 ;‹‹
1587 3343 1654 3399 Hi
1675 3360 1808 3399 vero
1830 3343 1929 3416 qui

271 3455 380 3494 non
415 3437 718 3511 pertinent
739 3437 812 3492 ad
835 3436 993 3492 hunc
1016 3435 1566 3508 przedestinalorum
1591 3448 1928 3500 numerum,

271 3543 416 3599 quos
441 3526 547 3581 Dei
580 3525 790 3598 gratia,
816 3525 936 3581 sive
969 3524 1228 3578 nondum
1252 3523 1536 3578 habentes
1569 3521 1755 3576 ullum
1788 3520 1930 3576 libe-

272 3633 398 3671 rum
449 3632 574 3670 suae
606 3612 926 3669 voluntatis
976 3611 1310 3681 arbitrium,
1333 3611 1452 3666 sive
1503 3627 1636 3665 cum
1689 3608 1932 3664 arbitrio

239 3741 244 3744 -
269 3703 614 3769 voluntatis,
637 3702 768 3757 ideo
793 3718 926 3757 vero
957 3699 1138 3755 libero
1161 3699 1301 3772 quia
1330 3716 1434 3772 per
1463 3698 1650 3771 ipsam
1683 3697 1932 3769 gratiam

272 3791 545 3858 liberato,
565 3789 835 3864 perducit
865 3790 938 3845 ad
971 3805 1239 3860 regnum,
1263 3787 1321 3842 hi
1353 3786 1625 3858 ergo,qui
1659 3803 1773 3840 non
1805 3802 1934 3858 per-

272 3881 460 3936 tinent
481 3881 556 3936 ad
591 3881 772 3935 istum
799 3877 1194 3934 certissimum
1216 3883 1273 3932 et
1293 3875 1712 3933 electissimum
1737 3891 1936 3930 nume-

273 3987 428 4039 rum,
451 3961 559 4041 pro
590 3968 818 4024 meritis
849 3967 1183 4038 justissime
1216 3965 1618 4037 judicantur.»
1643 3965 1712 4019 Et
1754 3963 1930 4019 item:

277 4081 302 4108 ιι
327 4057 385 4114 Si
407 4058 458 4112 is
483 4057 583 4130 qui
610 4055 927 4128 corripitur
947 4055 1018 4110 ad
1045 4053 1594 4126 praedestinatorum
1619 4068 1935 4107 numerum

275 4145 548 4218 pertinet,
569 4144 650 4200 sit
671 4145 722 4199 ei
745 4142 1032 4214 correptio
1059 4142 1294 4198 salubre
1325 4141 1820 4197 medicamentum
1846 4157 1859 4196 :
1885 4137 1936 4197 si

276 4238 474 4289 autem
508 4249 626 4288 non
662 4231 932 4304 pertinet,
958 4229 1036 4285 sit
1056 4230 1108 4286 ei
1133 4229 1419 4303 correptio
1441 4229 1668 4302 poenale
1689 4234 1942 4284 tormen-

277 4327 428 4377 tum.
453 4343 483 4372 ι»
507 4322 580 4377 Et
625 4320 768 4376 item
791 4320 933 4392 (cap.
960 4321 1047 4392 15)
1074 4335 1086 4374 :
1116 4343 1143 4370 ‹‹
1170 4319 1349 4374 Nobis
1397 4319 1635 4392 quidem
1685 4321 1846 4384 tunc,
1879 4317 1938 4372 id

278 4415 365 4467 est
394 4409 634 4482 quando
665 4409 1154 4482 evangelizam'us,
1181 4407 1388 4480 incipit
1425 4424 1553 4464 esse
1591 4407 1842 4480 quisque
1872 4407 1937 4460 ﬁ-

2041 3255 2288 3311 cationis
2321 3257 2506 3310 sumit
2549 3260 2954 3328 augmentum,
2981 3274 3086 3312 nec
3135 3255 3408 3311 aediﬁcari
3458 3254 3694 3324 desinit,

2041 3345 2223 3400 donec
2247 3361 2434 3417 usque
2461 3346 2530 3400 ad
2567 3346 2742 3401 ﬁnem
2775 3345 2970 3402 saeculi
3005 3345 3554 3418 prmdestinatorum
3587 3361 3697 3400 nu-

2041 3451 2238 3489 merus
2261 3433 2714 3506 impleatur.»Et
2734 3434 2792 3488 in
2815 3434 3044 3488 Psalmo
3067 3451 3163 3489 cm
3183 3449 3234 3488 :«
3252 3434 3318 3488 Et
3335 3433 3486 3489 cedri
3507 3433 3702 3488 Libani

2041 3539 2174 3594 quas
2203 3523 2489 3594 plan-tristi,
2524 3523 2581 3578 id
2615 3525 2705 3578 est
2735 3539 2862 3594 qua:
2894 3528 2995 3577 tua
3025 3521 3532 3594 praedestinatione
3563 3525 3702 3578 sunt

2043 3611 2100 3665 in
2136 3611 2434 3683 religionis
2466 3611 2868 3666 ammnissimo
2897 3611 3169 3682 paradiso
3192 3611 3546 3666 constituta).
3572 3634 3598 3658 n
3631 3611 3702 3665 Et

2043 3699 2179 3754 item
2215 3699 2272 3754 in
2305 3701 2507 3755 eodem
2536 3717 2582 3755 :«
2611 3699 2816 3755 Omnis
2844 3701 3046 3770 justus
3077 3715 3210 3754 cum
3245 3699 3348 3754 Dei
3381 3697 3698 3754 Ecclesiam

2044 3791 2206 3863 cupit
2234 3791 2456 3864 augeri,
2478 3795 2809 3863 peccatores
2833 3793 2992 3861 optat
3024 3789 3150 3845 sine
3171 3787 3534 3844 dubitatione
3555 3805 3697 3843 con-

2041 3881 2218 3935 verti:
2242 3880 2492 3935 maxime
2516 3895 2649 3934 cum
2673 3878 2896 3934 noverit
2912 3875 3361 3932 desiderabilem
3384 3877 3697 3932 adventum

2045 3967 2276 4024 Domini
2301 3985 2486 4040 usque
2507 3968 2578 4023 ad
2613 3967 3160 4038 praedestinatorum
3183 3983 3496 4022 numerum
3528 3981 3701 4037 posse

2045 4057 2350 4129 suspendi.
2379 4079 2404 4105 ››
2428 4057 2498 4112 Et
2541 4057 2601 4111 in
2660 4055 2890 4111 Psalmo
2921 4072 3090 4112 cxvm
3116 4072 3129 4110 :
3155 4078 3182 4104 ‹‹
3208 4056 3332 4110 Non
3380 4056 3699 4127 incongrue

2044 4144 2362 4201 Ecclesiam
2388 4144 2756 4211 catholicam,
2779 4161 2905 4217 qua:
2927 4144 3118 4218 adhuc
3143 4143 3200 4198 in
3223 4143 3334 4199 isto
3355 4143 3576 4198 mundo
3601 4159 3698 4215 ge-

2047 4235 2214 4302 ritur,
2245 4239 2496 4308 quatuor
2525 4234 2794 4289 cardines
2826 4233 3030 4288 mundi
3063 4232 3320 4287 indicare
3352 4235 3696 4298 noscuntur,

2049 4325 2284 4396 quando
2317 4323 2508 4378 adimo
2538 4323 2882 4394 imperfecta
2914 4326 3022 4388 est,
3051 4321 3235 4376 donec
3267 4318 3701 4391 praedestinato-

2048 4430 2178 4468 rum
2213 4429 2525 4468 numerum
2557 4415 2956 4483 competenter
2985 4407 3268 4481 acquirat.
3292 4429 3320 4458 ››
3343 4409 3412 4464 Et
3439 4407 3498 4462 in
3534 4406 3698 4464 Psal-

280 4497 394 4554 lius
427 4497 592 4570 pacis
622 4514 758 4554 cum
789 4495 1074 4552 obedierit
1103 4495 1242 4552 huic
1285 4496 1617 4568 Evangelio,
1641 4500 1698 4552 et
1727 4512 1795 4551 ex
1829 4495 1941 4551 ﬁde
1969 4523 2018 4588 Β
2049 4518 2146 4572 mo
2195 4517 2363 4555 cxun
2390 4517 2439 4556 ;‹‹
2466 4503 2718 4571 Reputas
2751 4515 2910 4568 eum,
2933 4498 3136 4570 utique
3161 4497 3220 4552 in
3251 4496 3460 4554 ovibus
3489 4495 3606 4552 tuis
3637 4497 3696 4553 in

277 4585 639 4658 iustiﬁcatus
661 4601 864 4658 pacem
889 4585 960 4640 ad
983 4585 1167 4640 Deum
1193 4584 1408 4640 habere
1437 4585 1676 4656 cceperit
1696 4601 1708 4639 :
1731 4601 1937 4640 secun-

284 4675 418 4730 dum
449 4673 1029 4748 pradestinationem
1062 4677 1258 4729 autem
1289 4672 1555 4745 Dei,jam
1588 4673 1746 4729 ﬁlius
1777 4673 1937 4745 pacis

284 4769 424 4820 erat.
449 4765 654 4837 Neque
677 4763 832 4821 enim
859 4763 1082 4818 dictum
1113 4767 1221 4832 est,
1245 4779 1422 4834 super
1441 4778 1615 4835 quem
1638 4763 1935 4834 requieve-

284 4855 356 4908 rit
385 4871 499 4926 pax
531 4858 746 4921 vestra,
771 4855 870 4910 ﬁet
901 4852 1058 4909 ﬁlius
1101 4851 1263 4925 pacis
1297 4869 1308 4908 :
1343 4853 1442 4906 sed
1491 4851 1588 4909 Ubi
1624 4854 1814 4924 fuerit,
1849 4852 1937 4906 in-

283 4941 428 5014 quit,
458 4943 615 5014 ﬁlius
641 4943 819 5014 pacis,
849 4944 1148 5014 requiescet
1183 4957 1348 5014 super
1378 4941 1536 4996 illam
1573 4940 1794 4998 domum
1825 4959 1940 5014 pax

281 5037 454 5086 ucstra
487 5031 640 5098 (Luc.
663 5048 720 5096 x,
741 5031 820 5099 6).
838 5052 865 5080 »
892 5031 963 5086 Et
994 5030 1134 5086 item
1160 5047 1172 5086 :
1199 5053 1226 5080 ‹‹
1260 5029 1504 5086 Proinde
1544 5033 1832 5102 quantum
1864 5031 1938 5086 ad

283 5136 386 5174 nos
411 5119 686 5192 pertinet,
703 5119 802 5192 qui
836 5119 1280 5191 prazdestinatos
1301 5137 1335 5174 a
1357 5135 1470 5175 non
1505 5119 1938 5192 praedestinatis

281 5191 612 5264 discernere
661 5223 778 5262 non
824 5207 1108 5263 valemus.
1149 5231 1177 5256 »
1209 5209 1280 5263 Et
1338 5207 1433 5264 hic
1490 5191 1934 5279 attendendum,

280 5311 461 5370 quare
493 5313 610 5351 non
644 5295 790 5351 dixit
821 5301 1064 5352 sanctus
1093 5297 1478 5370 Augustinus,
1504 5296 1604 5369 qui
1637 5298 1938 5370 praedesti-

277 5390 448 5442 natos
481 5385 636 5442 102
675 5385 747 5440 ad
787 5382 968 5440 vitam
995 5401 1028 5440 a
1057 5385 1487 5457 praedestinatis
1519 5387 1590 5442 ad
1634 5387 1936 5442 interitum

254 5470 616 5530 discernere
646 5490 761 5529 non
792 5473 1080 5530 valemus.
1103 5475 1173 5531 Et
1197 5475 1350 5548 quod
1375 5475 1502 5547 jam
1535 5475 1842 5549 posuimus
1871 5493 1940 5532 ex

275 5559 428 5627 libro
460 5561 535 5626 de
569 5561 727 5626 Bono
757 5563 1204 5641 perseverantia:
1227 5581 1279 5627 ;‹‹
1300 5563 1456 5627 Deus
1477 5563 1656 5624 donat
1683 5582 1943 5644 perseve-

2049 4606 2294 4645 numero
2339 4587 2912 4660 przedestinatorum.
2940 4609 2968 4636 »
2991 4585 3092 4642 His
3130 4585 3414 4642 sententis
3460 4591 3696 4642 sancto-

2045 4696 2176 4734 rnm
2208 4678 2513 4734 doctorum
2556 4675 2938 4732 animadverti
2971 4679 3182 4749 potest,
3215 4675 3356 4748 quia
3385 4693 3498 4732 non
3553 4693 3697 4748 pra:-

2045 4767 2434 4825 destinatione
2465 4765 2564 4821 Dei
2599 4765 2912 4838 quisquam
2946 4765 3118 4838 perit,
3151 4781 3257 4821 nec
3292 4765 3476 4821 Judas
3507 4765 3695 4838 periit,

2046 4875 2151 4913 nec
2183 4857 2356 4912 etiam
2386 4855 2512 4929 ipse
2547 4855 2946 4912 Antichristus
2993 4855 3285 4910 maximus
3335 4855 3518 4928 periet
3549 4870 3562 4910 :
3596 4854 3694 4910 sed

2047 4944 2390 5001 inﬁdelitate
2420 4949 2477 5000 et
2508 4943 2896 5016 perseveranti
2947 4941 3254 5015 iniquitate
3285 4947 3530 5014 pereunt
3567 4939 3699 5012 qui-

2047 5051 2278 5107 cunque
2311 5036 2582 5105 pereunt;
2617 5031 2758 5104 quia
2787 5031 2941 5087 Deus
2973 5031 3270 5086 neminem
3301 5029 3512 5086 deserit
3543 5032 3700 5082 ante-

2047 5141 2222 5196 quam
2253 5123 2575 5178 deseratur.
2603 5120 2898 5177 Prascivit
2925 5124 3123 5177 tamen
3153 5120 3307 5175 Deus
3339 5121 3469 5174 ante
3499 5113 3699 5170 omnia

2047 5211 2278 5279 saecula,
2303 5211 2456 5268 sicut
2477 5215 2534 5266 et
2563 5210 2799 5277 Judam,
2824 5226 3028 5265 omnes
3051 5209 3340 5280 perituros
3361 5203 3696 5276 quicunque

2048 5299 2416 5374 perennt,vel
2441 5299 2686 5372 perituri
2719 5302 2876 5366 sunt,
2893 5299 3066 5368 juxta
3088 5295 3242 5368 quod
3267 5293 3551 5364 scriptum
3583 5297 3695 5361 est,

2047 5390 2258 5447 Sciebat
2283 5391 2433 5446 enim
2461 5391 2614 5445 103
2645 5390 2800 5445 Iesus
2841 5387 2938 5458 qui
2971 5393 3148 5442 essent
3176 5399 3286 5438 non
3323 5381 3616 5449 credentes,
3647 5390 3701 5440 et

2049 5481 2170 5554 quis
2199 5479 2505 5534 traditurus
2535 5485 2671 5534 esset
2696 5493 2818 5532 cum
2850 5475 3008 5543 (Joan
3035 5489 3110 5540 τι,
3140 5473 3254 5540 65).

2118 5569 2188 5631 Et
2207 5566 2485 5647 quoniam
2508 5568 2748 5626 sanctus
2767 5559 3131 5652 Augustinus
3153 5559 3319 5639 plura
3356 5560 3588 5624 locutus
3609 5567 3699 5625 est
