4006 6194
247 368 369 428 1⁸73

884 364 901 372 ’
975 368 1076 429 DE
1118 346 1897 432 PRIEDESTINATIONE
1926 370 2443 433 DISSElt'l‘ATIO
2486 373 2951 438 POSTERIOR.

3542 384 3656 445 174

243 500 321 555 ad
355 515 613 572 poenam,
648 500 721 554 ad
756 516 933 571 quam
966 517 1067 572 per
1095 501 1281 572 poenis
1312 500 1492 573 digna
1521 518 1691 574 opera
1716 519 1908 575 perve-
1934 517 1987 582 Α
2019 504 2216 576 sbyter
2238 504 2357 560 :«In
2388 505 2676 561 hmreticis
2706 510 2765 562 et
2792 507 2964 563 malis
2992 509 3294 568 catholicis
3324 530 3437 570 non
3469 531 3658 571 sacra-

242 587 441 656 uitur;
476 588 617 660 quia
644 592 705 644 et
735 588 1054 644 infidelitas
1085 589 1312 660 pwnalc
1335 607 1481 661 opus
1511 596 1617 657 est,
1652 590 1805 645 sicut
1845 595 1904 646 et

241 695 399 752 opus
429 676 644 733 salutis
673 682 767 733 est
797 678 962 743 ﬁdes,
986 677 1211 734 dicente
1233 678 1480 735 Domino
1512 696 1525 734 :
1563 684 1680 736 lloc
1699 689 1784 735 est
1804 696 1903 735 au-

240 778 362 824 tem
383 783 531 837 opus
560 769 709 837 ejus,
735 775 800 823 ut
829 767 1080 823 credatis
1121 767 1181 823 in
1221 783 1354 822 eum
1402 784 1570 839 quem
1616 769 1774 824 misit
1806 770 1903 824 ille

240 862 437 925 (Joan.
471 873 551 922 v1,
582 857 707 924 29);
740 860 807 910 ut
836 856 1172 928 quicunque
1200 857 1273 912 ad
1306 874 1536 929 pmnam
1575 859 1753 926 vadit,
1786 857 1900 913 ori-

238 945 426 1019 ginali
458 943 549 1000 vel
583 944 799 999 actuali
824 950 1060 1017 peccato
1082 946 1141 999 in
1162 945 1505 1002 inﬁdelitate
1527 963 1897 1018 permanens,

237 1039 343 1092 aut
372 1051 496 1089 non
528 1034 947 1100 credendo,aut
977 1032 1150 1089 malis
1181 1034 1637 1106 cperibus,sicut
1663 1037 1902 1107 Aposto-

234 1122 331 1180 lus
362 1123 534 1187 dicit,
570 1122 758 1179 Deum
789 1124 1078 1194 negando,
1107 1140 1220 1179 non
1257 1124 1768 1194 praedestinatione
1798 1123 1898 1180 Dei

237 1214 309 1268 ad
343 1211 513 1268 illam
548 1211 833 1284 pervenit.
864 1210 1136 1284 Alioquin
1187 1212 1417 1283 opilicio
1465 1211 1624 1267 illius
1664 1216 1897 1284 reputa-

236 1306 420 1368 retur,
477 1305 547 1356 ut
577 1301 896 1372 deputatur
941 1301 1070 1372 ejus
1113 1300 1343 1372 opiﬁcio
1388 1302 1545 1372 quod
1602 1300 1898 1372 prmdesti-

234 1389 359 1446 nati
391 1390 470 1446 ad
499 1389 686 1444 vitam
716 1388 1064 1461 perveniunt
1106 1388 1545 1461 sempiternam.
1580 1390 1743 1445 Sicut
1792 1406 1898 1447 nec

235 1479 472 1552 primus
533 1478 712 1534 homo
771 1478 867 1534 Dei
927 1477 1435 1550 praedestinatione
1492 1478 1767 1550 peccavit,
1808 1478 1897 1534 vel

233 1566 761 1641 praedestinatione
790 1571 1037 1622 mortem
1086 1565 1354 1643 incurrit,
1388 1567 1529 1638 quia
1575 1567 1731 1622 Deus
1780 1583 1896 1622 non

232 1657 623 1731 prmdestinat
644 1655 756 1711 nisi
780 1671 848 1711 ea
869 1673 996 1728 quae
1017 1655 1145 1728 ipso
1168 1660 1403 1712 auctore
1434 1659 1573 1711 sunt
1608 1655 1894 1711 facienda.

233 1746 326 1803 Sic
357 1746 545 1803 etiam
583 1748 641 1800 et
664 1745 736 1800 de
766 1744 1131 1817 prmscientia
1178 1744 1279 1800 Dei
1325 1744 1699 1801 sentiendum
1747 1748 1836 1801 est
1877 1762 1891 1801 :

234 1835 371 1908 quia
398 1833 566 1890 sicut
596 1850 712 1889 non
744 1832 1109 1905 praescientia
1146 1832 1268 1899 Dei,
1321 1834 1421 1889 sed
1476 1833 1709 1905 proprio
1756 1832 1895 1889 vitio

232 1925 468 1996 primus
511 1922 695 1979 homo
744 1922 1001 1994 peccavit
1043 1927 1099 1978 et
1146 1923 1376 1987 cecidit,
1408 1923 1489 1977 ita
1516 1923 1691 1978 etiam
1723 1938 1894 1978 nemo

231 2011 583 2086 propaginis
612 2011 776 2067 illius
806 2011 1168 2084 praescientia
1198 2011 1297 2066 Dei
1331 2012 1388 2065 in
1430 2011 1649 2082 peccati
1696 2028 1896 2067 massa

231 2105 465 2174 cogitur
494 2116 863 2174 permanere,
894 2099 982 2155 vel
1020 2101 1091 2155 ad
1144 2117 1373 2171 pmnam
1405 2100 1723 2172 pervenire,
1756 2099 1894 2171 quia

229 2208 347 2248 non
358 2190 497 2245 ideo
514 2190 749 2261 primus
780 2188 954 2244 homo
975 2189 1231 2260 peccavit
1247 2188 1386 2259 quia
1403 2189 1556 2243 Deus
1579 2187 1746 2242 illum
1769 2204 1893 2259 pec-

230 2284 509 2336 caturum
542 2277 858 2351 prmscivit,
891 2277 990 2332 sed
1023 2277 1160 2347 quia
1192 2280 1537 2347 peccaturus
1564 2281 1688 2330 erat
1717 2276 1891 2331 homo

229 2368 656 2440 primus,Deus
669 2364 972 2439 pmscivit.
983 2364 1266 2421 Similiter
1287 2381 1400 2419 non
1420 2364 1648 2436 reprobi
1670 2381 1893 2436 perma-

228 2464 369 2513 nent
397 2456 640 2530 reprobi
674 2455 814 2527 quia
836 2456 993 2512 Deus
1021 2453 1130 2510 hoc
1160 2454 1466 2527 prmscivit,
1501 2454 1598 2509 sed
1635 2453 1888 2525 quiajlli

229 2544 609 2619 permansuri
640 2548 808 2600 erant
836 2543 1088 2616 reprobi,
1118 2543 1273 2599 Deus
1304 2541 1609 2615 prmscivit,
1642 2542 1742 2597 sed
1773 2559 1888 2597 non

228 2632 706 2707 praedestinavit:
731 2632 871 2704 quia
890 2632 1045 2704 quod
1070 2632 1333 2687 futurum
1362 2638 1450 2689 est
1475 2648 1587 2685 non
1621 2631 1889 2702 praescire

228 2723 385 2780 Deus
415 2740 539 2778 non
571 2721 946 2794 potest,sicut
965 2726 1023 2776 et
1044 2721 1199 2792 quod
1231 2720 1383 2775 Deus
1406 2719 1636 2792 praescit
1654 2736 1766 2774 non
1793 2737 1891 2791 po-

228 2817 343 2868 test
365 2828 485 2868 non
499 2827 630 2867 esse
644 2810 941 2877 futurum;
967 2809 1143 2865 veluti
1166 2826 1280 2864 non
1304 2809 1460 2864 aliud
1478 2826 1580 2863 nec
1599 2808 1884 2875 aliterest,

229 2901 342 2956 nisi
357 2902 514 2956 sicut
534 2900 694 2955 Deus
715 2898 971 2970 praescit:
987 2915 1093 2954 nec
1115 2897 1283 2953 aliter
1301 2897 1388 2953 vel
1410 2896 1567 2952 aliud
1583 2897 1737 2952 Deus
1749 2914 1890 2968 pra)-

229 2990 361 3056 scit,
379 2988 503 3047 nisi
529 2988 689 3044 sicut
716 2992 776 3043 et
804 2988 958 3059 quod
987 2992 1076 3043 est
1104 3004 1207 3058 pro
1227 2991 1384 3042 certo
1415 2987 1703 3040 futurum.
1738 2985 1884 3039 Prae-

228 3077 475 3133 scientia
506 3077 694 3149 igitur
737 3076 837 3130 Dei
888 3075 946 3131 in
995 3075 1167 3131 malis
1207 3075 1334 3131 sine
1380 3073 1885 3147 przedestinatione

228 3168 356 3237 ejus
378 3167 438 3220 in
464 3164 638 3221 bonis
660 3168 857 3220 autem
881 3180 1014 3219 cum
1038 3163 1311 3236 praescien
1322 3162 1401 3218 tia
1424 3167 1483 3217 et
1509 3161 1883 3234 praedestina-

2013 597 2209 647 menta
2238 594 2596 660 communia,
2628 594 2685 648 in
2718 594 2934 667 quibus
2966 597 3270 655 nobiscum
3298 607 3455 669 sunt,
3473 607 3532 659 et
3559 605 3658 660 ad-

2009 698 2243 736 versum
2276 698 2382 738 nos
2423 700 2537 738 non
2588 689 2747 756 sunt,
2795 685 2898 740 sed
2948 685 3294 743 divisionem
3342 690 3471 762 paci
3516 693 3659 749 veri-

2010 769 2236 841 tatique
2262 772 2760 844 contrariam,qua
2788 774 3096 829 adversum
3130 792 3238 832 nos
3267 782 3430 846 sunt,
3456 783 3517 835 et
3544 780 3655 836 Do-

2011 856 2236 913 minum
2260 876 2376 915 non
2400 866 2730 932 sequuntur
2750 862 3362 932 nobiscum,detestari
3391 871 3450 921 et
3467 868 3659 938 prohi-

2009 948 2143 1002 bere
2172 948 2473 1005 debemus.
2506 970 2535 1000 »

2082 1036 2367 1102 Quoniam
2392 1037 2809 1096 Gotbescalcus
2829 1045 2886 1096 et
2906 1040 2998 1096 sui
3021 1040 3336 1114 complices
3356 1045 3655 1117 geminam

2009 1126 2581 1197 przedestinationem
2624 1128 2848 1197 dicunt,
2882 1147 2998 1186 non
3029 1147 3130 1202 per
3155 1135 3343 1187 totum
3376 1150 3565 1206 neque
3594 1135 3654 1192 in
3762 1194 3775 1201 ,

2007 1218 2129 1269 toto
2159 1212 2267 1269 hoc
2298 1216 2551 1272 refutare
2580 1216 2882 1286 debemus,
2926 1220 3027 1275 sed
3068 1236 3310 1277 sensum
3357 1221 3655 1279 catholicas

2008 1301 2144 1357 ﬁdei
2191 1303 2551 1360 contrarium
2583 1305 2643 1361 in
2676 1305 2786 1362 hoc
2816 1306 2992 1373 dicto,
3041 1324 3157 1380 quo
3198 1310 3656 1381 prmdestinatio-

2008 1405 2141 1444 nem
2167 1389 2267 1446 Dei
2296 1393 2593 1463 geminam
2615 1397 2910 1463 astruunt,
2929 1395 3064 1450 fidei
3084 1396 3383 1453 catholicae
3406 1397 3509 1454 filii
3526 1399 3660 1456 abo-

2010 1477 2221 1533 minari
2254 1483 2311 1534 et
2342 1479 2837 1538 anathematizare
2866 1483 3172 1540 debemus.
3225 1485 3438 1542 Dicunt
3473 1487 3653 1557 enim,

2008 1570 2072 1620 ut
2103 1566 2664 1640 praemisimus,quia
2680 1569 2833 1626 sicut
2848 1570 3016 1627 electi
3043 1589 3078 1628 a
3098 1573 3213 1629 Deo
3244 1575 3659 1647 praedestinan-

2004 1657 2101 1709 tur
2131 1656 2201 1709 ad
2232 1656 2435 1723 vitam,
2470 1657 2551 1713 ita
2580 1658 2810 1731 reprobi
2841 1676 2876 1715 a
2905 1652 3017 1716 Deo
3049 1662 3538 1733 prazdestinantur
3580 1667 3653 1723 ad

2006 1747 2276 1799 mortem.
2307 1745 2415 1810 Qui
2449 1750 2569 1801 tam
2610 1747 2827 1802 vitandi
2861 1753 3001 1804 sunt
3029 1749 3323 1819 Ecclesiae,
3353 1755 3420 1808 ut
3446 1752 3496 1807 si
3525 1754 3652 1809 fieri

2011 1836 2219 1902 potest,
2254 1833 2407 1889 sicut
2435 1834 2506 1890 de
2537 1834 2781 1907 leprosis
2831 1836 3131 1895 haereticos
3180 1839 3652 1912 signiﬁcantibus

2007 1919 2506 1995 legiturglongius
2555 1925 2761 1979 remoti
2792 1942 3006 1999 magno
3052 1926 3305 1984 clamore
3352 1929 3649 1987 Christum

2001 2007 2389 2081 interpellent,
2424 2016 2480 2066 et
2510 2028 2643 2067 cum
2673 2011 2804 2068 aliis
2843 2013 3031 2069 turbis
3077 2032 3192 2071 non
3235 2016 3646 2090 comprimunt,

2002 2096 2073 2151 de
2105 2097 2322 2168 quibus
2354 2099 2586 2171 legitur,
2619 2102 2718 2173 qui
2745 2111 3030 2158 steterunt
3060 2120 3098 2158 a
3129 2104 3293 2175 longe
3321 2104 3477 2176 (Luc.
3506 2123 3648 2175 xvu,

2001 2186 2110 2256 12).
2145 2187 2253 2252 Qui
2301 2203 2434 2242 vero
2484 2189 2541 2243 in
2595 2190 3074 2247 sinu'catholica:
3124 2193 3333 2250 matris
3380 2194 3648 2251 Ecclesia:

1999 2273 2246 2345 positus,
2275 2274 2357 2330 ita
2398 2275 2497 2332 Dei
2546 2278 3115 2349 praadestinationem
3164 2281 3412 2337 voluerit
3456 2283 3650 2340 dicere

1998 2362 2315 2434 geminam,
2349 2371 2415 2419 ut
2456 2365 2516 2419 in
2566 2366 2773 2422 effectu
2805 2384 3047 2439 operum
3079 2369 3204 2437 Dei,
3235 2370 3334 2442 qui
3357 2371 3497 2441 fecit
3523 2387 3650 2445 quae

1992 2452 2201 2522 futura
2218 2452 2488 2523 sunt,hoc
2509 2458 2664 2510 recto
2686 2468 2867 2510 sensu
2890 2455 3210 2530 intelligat;
3243 2457 3468 2516 scilicet
3487 2464 3553 2515 ut
3572 2461 3645 2517 ad

1997 2539 2211 2596 electos
2239 2542 2459 2596 donum
2490 2542 2689 2615 gratiae
2722 2543 3094 2615 pertinere,et
3123 2547 3448 2603 secundum
3481 2565 3650 2621 supe-

1997 2629 2208 2684 riorem
2238 2647 2477 2685 sensum
2507 2631 2579 2686 ad
2617 2632 2891 2703 reprobos
2920 2634 3363 2691 retributionem
3398 2636 3646 2707 justitiaa

1995 2718 2265 2787 fateatur,
2301 2722 2367 2773 ut
2396 2719 2547 2775 dono
2577 2720 2773 2792 gratim
2803 2721 2970 2777 electi
3002 2721 3119 2778 sint
3145 2724 3544 2796 prmdestinati
3570 2726 3644 2783 ad

1992 2806 2195 2878 vitam,
2228 2811 2286 2862 et
2315 2806 2432 2863 illis
2462 2808 2579 2863 vita
2610 2808 2688 2864 sit
2715 2810 3111 2881 praedestinati
3145 2816 3378 2885 (eterna,
3412 2814 3642 2887 reprobi

1995 2900 2190 2951 autem
2222 2913 2338 2951 non
2386 2914 2421 2952 a
2468 2897 2584 2953 Deo
2632 2898 3122 2971 praedestinentur
3145 2902 3218 2957 ad
3250 2918 3503 2975 poenam,
3538 2903 3640 2960 sed

1993 2984 2377 3039 retributione
2380 2984 2404 3054 j
2416 2984 2625 3040 ustitiae
2637 2984 2753 3040 illis
2766 3002 2936 3058 pcena
2946 2988 3639 3060 prmdestineturzeterna,

1994 3088 2110 3127 non
2131 3071 2423 3127 discordat
2451 3089 2486 3127 a
2512 3089 2664 3140 vero,
2684 3074 2733 3129 si
2766 3073 2914 3130 hanc
2946 3074 3047 3130 Dei
3069 3077 3642 3148 praedestinationem

1995 3159 2080 3215 sic
2110 3160 2253 3215 dicit
2283 3159 2602 3231 geminam,
2621 3162 2773 3217 sicut
2801 3162 3072 3219 catholici
3104 3164 3369 3223 doctores
3396 3166 3643 3224 charita-

228 3255 309 3309 tio
330 3254 431 3310 Dei
455 3259 583 3321 est;
607 3259 667 3308 et
688 3252 1119 3325 prmdestinatio
1143 3252 1243 3307 Dei
1267 3251 1578 3323 scmperjn
1600 3250 1751 3307 bono
1772 3256 1879 3319 est,
1912 3243 1956 3311 C
1997 3254 2113 3304 tem
2144 3249 2439 3320 geminam
2472 3248 2837 3322 dicunt,qua3
2871 3267 2989 3306 una
3019 3256 3131 3320 est,
3161 3256 3218 3307 et
3246 3253 3306 3309 in
3336 3255 3641 3327 prameptis

232 3359 378 3415 quae.
412 3342 573 3398 sicut
602 3342 826 3397 dictum
857 3346 964 3408 est,
999 3346 1099 3396 aut
1125 3340 1199 3395 ad
1229 3339 1603 3395 donationem
1636 3340 1887 3411 pertinet

232 3430 449 3504 gratiae,
485 3434 591 3485 aut
618 3429 694 3485 ad
744 3429 1188 3484 retributionem
1231 3428 1498 3499 justitiae,
1530 3433 1587 3482 et
1633 3428 1882 3499 υνξεεοὶιί

229 3537 293 3575 ac
322 3518 729 3592 praedestinati
778 3518 1089 3574 donatione
1129 3518 1327 3589 gratiae
1360 3517 1430 3571 ad
1460 3516 1641 3571 vitam
1684 3533 1883 3589 perve-

232 3610 495 3676 niunt,et
521 3607 644 3663 vita
673 3607 793 3664 illis
821 3608 1075 3662 donatur
1102 3610 1320 3661 aeterna
1353 3621 1366 3659 :
1401 3605 1652 3678 praesciti
1684 3609 1882 3660 autem

230 3704 460 3753 tantum
490 3702 551 3753 et
580 3714 697 3753 non
728 3694 1222 3769 praedestinati,ad
1254 3711 1484 3766 poenam
1517 3694 1881 3765 perveniunt,

230 3791 285 3841 et
311 3805 380 3842 ex
417 3785 810 3841 retributione
841 3784 1086 3857 justitiaz
1134 3800 1305 3855 poma
1348 3782 1468 3837 illis
1515 3782 1783 3854 praescita
1826 3787 1884 3837 et

230 3876 649 3947 praedestinata
698 3874 965 3929 redditur
1011 3873 1387 3945 sempiterna.
1436 3870 1721 3938 Quocirca
1768 3888 1884 3926 una

229 3969 315 4019 est
360 3964 467 4019 Dei
515 3961 950 4035 przedestinatio
998 3979 1125 4034 quae
1173 3978 1407 4034 semper
1452 3959 1511 4015 in
1562 3961 1713 4015 bono
1761 3964 1879 4028 est;

229 4060 285 4108 et
311 4059 399 4108 est
429 4069 467 4108 a
494 4052 613 4107 Deo
643 4050 1079 4123 praedestinatio
1104 4050 1420 4106 electorum
1452 4050 1524 4105 ad
1557 4049 1880 4116 vitam,non

232 4148 424 4197 autem
455 4145 547 4198 est
566 4141 748 4196 a-Deo
768 4138 1200 4212 praedestinatio
1227 4140 1607 4212 reproborum
1640 4138 1712 4194 ad
1736 4154 1883 4194 mor-

228 4234 368 4286 tem.

294 4318 537 4385 Verum,
572 4321 637 4374 ut
668 4317 1015 4374 venerabilis
1065 4317 1218 4373 Beda
1260 4317 1561 4390 presbyter
1610 4316 1668 4370 in
1713 4319 1879 4372 Com-

227 4414 427 4464 menta
455 4405 757 4480 Evangelii
788 4407 957 4462 Luem
986 4404 1128 4462 dicit
1159 4422 1206 4461 :«
1242 4404 1416 4461 Nulla
1446 4405 1594 4461 falsa
1614 4404 1881 4461 doctrina

225 4501 469 4569 est,qum
500 4512 618 4552 non
650 4494 851 4567 aliqua
870 4511 1007 4551 vera
1036 4494 1452 4550 intermisceat.
1487 4516 1515 4543 ››
1538 4494 1608 4548 Et
1639 4497 1880 4550 sanctus

1995 3336 2561 3405 duobus,dilectione
2591 3338 2858 3394 videlicet
2887 3339 2986 3394 Dei
3018 3344 3075 3395 et
3100 3341 3639 3415 proximi,gemina,

1993 3426 2225 3481 dicitur.
2243 3426 2353 3481 Sed
2386 3443 2501 3482 non
2533 3424 2648 3482 alia
2679 3432 2768 3483 est
2796 3427 3052 3484 charitas
3080 3444 3208 3500 quas
3239 3430 3432 3504 diligit
3450 3426 3641 3505 proXi-

1992 3531 2157 3570 mum
2172 3531 2350 3586 quam
2366 3513 2469 3570 illa
2488 3532 2616 3587 qua:
2633 3514 2826 3588 diligit
2846 3516 3059 3586 Deum;
3095 3519 3363 3591 quamvis
3385 3519 3461 3576 sit
3479 3518 3641 3577 aliud

1992 3603 2167 3671 Deus,
2202 3603 2362 3659 aliud
2390 3603 2917 3675 proximus,tamen
2950 3624 3068 3663 una
3096 3607 3378 3664 charitate
3401 3608 3644 3684 diligen-

1992 3691 2103 3745 dus
2126 3697 2215 3747 est
2238 3692 2391 3748 Deus
2422 3697 2479 3748 et
2506 3693 2909 3764 proximus.Et
2931 3694 3085 3750 sicut
3102 3712 3258 3752 unus
3278 3701 3368 3752 est
3388 3697 3641 3770 Spiritus

1991 3784 2048 3835 et
2078 3781 2192 3835 duo
2224 3780 2378 3848 data,
2401 3780 2483 3836 ita
2510 3798 2630 3837 una
2659 3787 2749 3839 est
2776 3781 2872 3839 Dei
2902 3784 3356 3856 praedestinatio,
3379 3802 3507 3858 quae
3539 3792 3642 3844 aut

1991 3869 2063 3923 ad
2094 3869 2313 3924 donum
2354 3870 2606 3941 pertinet
2652 3870 2872 3943 gratias,
2924 3877 3027 3928 aut
3074 3873 3148 3929 ad
3196 3874 3639 3932 retributionem

1982 3958 2250 4029 justitize.
2284 3959 2430 4025 Quia
2459 3959 2612 4015 sicut
2642 3960 2850 4016 beatus
2878 3961 3193 4035 Gregorius
3215 3962 3275 4018 in
3301 3961 3545 4020 homilia
3575 3965 3642 4021 17

1988 4048 2115 4115 (sub
2139 4048 2417 4116 medium)
2448 4047 2762 4105 Ezechielis
2789 4049 3084 4122 propheta:
3115 4050 3258 4107 dicit
3289 4068 3339 4106 :«
3372 4052 3498 4109 Non
3527 4052 3643 4110 alia

1991 4135 2339 4207 cogitatione
2370 4136 2525 4193 Deus
2547 4137 2746 4209 justos
2778 4139 3220 4212 adjuvat,atque
3241 4140 3357 4196 alia
3385 4141 3642 4213 injustos

1991 4225 2360 4294 damnat,sed
2381 4242 2500 4280 una
2514 4226 2837 4298 eademque
2851 4226 2905 4281 vi
2925 4232 3144 4283 natura:
3173 4227 3512 4302 singularis,
3527 4230 3641 4287 sibi

1989 4329 2220 4385 semper
2242 4313 2569 4385 dissimilis,
2615 4314 2930 4371 dissimilia
2975 4315 3255 4387 disponit.
3288 4317 3406 4373 Cur
3443 4321 3640 4375 autem

1989 4401 2100 4458 hoc
2129 4402 2200 4458 de
2230 4402 2493 4474 potentia
2538 4403 2830 4460 Creatoris
2860 4403 3239 4471 admiremur,
3273 4404 3375 4477 qui
3405 4401 3641 4464 virtutis

1987 4493 2118 4563 ejus
2145 4490 2391 4565 vestigia
2434 4496 2490 4547 et
2534 4492 2594 4546 in
2644 4496 2911 4548 creatura
2947 4492 3390 4565 conspicimus?
3416 4493 3642 4551 Natura

226 4584 580 4676 Cyrillusad
611 4584 923 4676 Eulogium
956 4583 1495 4676 presbyterum(sub_
1508 4582 1742 4676 initium
1763 4583 1879 4653 epi-
1906 4609 1955 4676 D
1990 4580 2209 4676 quippe
2240 4580 2348 4676 luti
2379 4585 2437 4636 et
2465 4596 2606 4635 certe
2625 4581 2867 4676 diversa
2908 4584 3021 4649 est,
3069 4580 3212 4676 solis
3255 4599 3389 4639 vero
3437 4583 3641 4676 radius

226 4674 599 4742 διοιδνκαΝοιί
629 4671 1435 4744 οωῃία,ἰῐι(ιι1ἱι,ᾳυωουῐιῳιθ
1464 4671 1669 4726 dicunt
1699 4671 1876 4728 haere-

227 4761 347 4827 tici,
376 4762 581 4834 fugere
610 4766 670 4818 et
697 4761 951 4817 refutare
976 4761 1158 4816 decet.
1191 4759 1377 4815 Multa
1404 4759 1560 4815 enim
1601 4762 1879 4816 conﬁten-

228 4854 324 4905 tur
350 4852 506 4906 sicut
539 4855 599 4906 et
628 4867 737 4907 nos
768 4850 1134 4906 confitemur.
1178 4848 1352 4904 Velut
1397 4849 1595 4905 Ariani
1645 4852 1881 4921 quando

228 4939 427 4993 dicunt
440 4939 673 4995 Patrem
695 4939 837 5011 quia
855 4938 1090 4995 Creator
1100 4941 1191 4993 est
1207 4938 1472 4993 omnium
1496 4943 1552 4993 et
1574 4938 1877 5007 Dominus,

228 5027 491 5100 nunquid
515 5032 755 5100 propter
782 5027 892 5083 hoc
925 5026 1124 5099 fugere
1153 5043 1517 5099 consequens
1546 5031 1636 5082 est
1679 5027 1883 5097 hujus-

230 5116 383 5171 modi
415 5115 853 5173 confessiones?
882 5116 977 5173 Sic
1008 5115 1153 5172 etin
1197 5114 1480 5183 Nestorio,
1535 5117 1690 5172 no
1747 5114 1882 5172 licet

230 5204 374 5260 duas
405 5210 648 5261 naturas
678 5204 856 5273 dicat,
890 5204 1284 5261 diversitatem
1317 5203 1658 5277 significans
1688 5204 1881 5261 carnis

229 5298 285 5348 et
313 5292 507 5365 Verbi,
539 5293 726 5350 altera
764 5293 923 5349 enim
952 5292 1125 5350 Verbi
1176 5297 1405 5359 natura,
1458 5292 1639 5348 altera
1687 5292 1881 5349 carnis

228 5387 335 5454 est,
366 5384 468 5439 sed
497 5388 698 5440 tamen
730 5399 1105 5456 nequaquam
1137 5383 1424 5438 unitatem
1456 5384 1767 5438 confitetur
1785 5400 1884 5438 no-

230 5470 475 5528 biscum.
497 5472 616 5529 Nos
644 5476 844 5528 autem
891 5470 1013 5527 haec
1060 5471 1328 5541 unientes
1358 5471 1418 5526 in
1451 5488 1657 5540 unum,
1692 5488 1879 5527 unum

228 5560 740 5632 Christum,unum
772 5559 984 5617 Filium
1015 5561 1498 5627 eumdem,unum
1530 5565 1709 5616 Deum
1741 5577 1877 5617 con-

230 5647 514 5710 ﬁtemur.»
538 5651 612 5711 Et
641 5651 787 5711 item
808 5651 910 5709 ubi
943 5666 1123 5726 supra
1153 5648 1551 5709 memorabilis
1573 5649 1729 5709 Beda
1757 5667 1881 5728 pre-

1989 4686 2104 4724 non
2130 4672 2219 4723 est
2245 4667 2513 4725 diversus
2542 4683 2555 4722 :
2585 4671 2643 4722 et
2671 4672 2870 4723 tamen
2912 4683 3048 4723 cum
3098 4667 3365 4727 diversus
3392 4687 3509 4727 non
3542 4669 3642 4742 sit,
3742 4671 3765 4687 ‘

1991 4760 2218 4814 diversa
2248 4761 2387 4812 sunt
2417 4773 2546 4828 quas
2577 4756 2638 4813 in
2668 4756 2791 4813 luto
2811 4761 3087 4830 operatur
3105 4761 3163 4814 et
3182 4774 3343 4815 cera:
3362 4758 3502 4833 quia
3522 4776 3641 4817 uno

1991 4849 2313 4920 eodemque
2339 4845 2432 4902 sui
2463 4845 2618 4919 ignis
2649 4846 2840 4903 calore
2879 4846 3071 4903 lutum
3121 4847 3295 4904 durat
3340 4854 3400 4906 et
3445 4865 3640 4907 ceram

1992 4937 2198 5010 liquat.
2233 4937 2344 4994 Sed
2372 4936 2621 4992 fortasse
2652 4935 2761 4993 hoc
2792 4936 2851 4991 in
2884 4941 3096 4992 natura
3124 4936 3234 4993 luti
3251 4936 3338 4994 vel
3360 4955 3504 4995 cerae
3529 4942 3639 5009 est,

1990 5043 2106 5082 non
2139 5027 2196 5081 in
2222 5026 2352 5098 ipsa
2381 5023 2523 5081 solis
2553 5025 3041 5098 substantia,quae
3065 5024 3125 5080 in
3148 5025 3375 5082 naturis
3395 5025 3637 5083 diversis

1989 5116 2216 5171 diversa
2226 5116 2454 5170 videtur
2465 5116 2505 5169 ι
2519 5116 2559 5169 Ι
2571 5115 2612 5168 Ι
2630 5130 2662 5168 ο
2669 5113 2854 5186 parari
2865 5114 3054 5171 .Omni
3060 5120 3269 5187 potens
3279 5117 3473 5171 autem
3482 5113 3637 5168 Deus

1992 5204 2049 5258 in
2066 5203 2379 5276 semetipso
2401 5203 2577 5259 habet
2602 5201 3151 5260 sineimmutatione
3180 5200 3488 5258 mutabilia
3507 5200 3634 5256 dis-

1989 5309 2222 5365 ponere,
2257 5293 2384 5348 sine
2407 5291 2742 5348 diversitate
2767 5292 2861 5347 sui
2883 5291 3111 5348 diversa
3129 5306 3316 5364 agere,
3339 5288 3464 5345 sine
3486 5290 3639 5363 cogi-

1989 5381 2279 5436 tationum
2311 5380 2716 5437 vicissitudine
2767 5378 3079 5436 dissimilia
3124 5379 3393 5433 formare.
3441 5377 3638 5452 Longe

1988 5487 2124 5545 ergo
2155 5469 2518 5527 dissimiliter
2544 5474 2821 5543 Operatur
2848 5467 3158 5525 dissimilia
3187 5483 3493 5540 nunquam
3524 5466 3639 5525 sibi

1990 5558 2295 5616 dissimilis
2308 5560 2486 5627 Deus,
2504 5560 2606 5632 qui
2619 5565 2675 5615 et
2689 5559 2904 5630 ubique
2916 5561 3070 5612 estet
3087 5554 3305 5629 ubique
3317 5560 3473 5614 totus
3485 5561 3636 5616 est.»

2059 5649 2129 5708 Et
2159 5649 2312 5709 sicut
2343 5648 2558 5709 Paulus
2588 5647 2731 5706 dicit
2761 5662 2775 5704 :
2812 5644 3032 5704 Christi
3056 5645 3234 5706 bonus
3262 5646 3410 5710 odor
3435 5663 3637 5711 sumus
