4042 6188
233 367 355 444 1‘1"!

963 385 1064 446 DE
1107 385 1874 451 Pii/EDESTINATIONE
1919 389 2436 456 DISSERTATIO
2481 395 2942 466 POSTERIOR.

3491 359 3498 366 ’
3535 371 3701 497 iis"

226 511 360 612 dies
392 515 604 573 aderit.
619 514 972 612 Quinetiam
1003 516 1062 612 in
1098 519 1472 612 assumendis
1498 521 1771 612 ﬁdelibus
1801 523 1893 578 fu-
1923 498 2196 608 A'sancti
2227 527 2478 602 Spiritus
2509 529 2665 586 dona
2692 545 2795 602 per
2822 529 3256 604 impositionem
3282 551 3495 596 manus
3522 514 3676 612 ειη-.

223 608 434 662 turum
463 621 596 662 esse
615 605 932 662 discrimen
956 607 1232 677 ostendit,
1259 623 1394 664 cum
1417 609 1649 667 duobus
1666 611 1726 666 in
1749 613 1888 686 agro

223 693 441 772 positis
461 694 792 750 assumitur
813 711 988 764 unus,
1003 699 1060 752 et
1084 695 1236 752 alius
1259 696 1631 770 relinquitur,
1656 704 1714 756 et
1745 702 1887 758 dua-

221 784 338 842 bus
354 783 721 840 molentibus
742 783 1107 857 improbetur
1121 784 1322 852 altera,
1336 789 1394 842 et
1413 786 1596 844 altera
1614 788 1888 863 eligatur,

220 865 278 930 et
306 891 379 929 ex
409 871 646 928 duobus
676 871 776 945 qui
807 872 867 926 in
911 871 1060 928 lecto
1097 877 1289 942 erunt,
1323 875 1616 940 adhaereat
1645 895 1801 934 unus
1831 882 1890 935 et

223 954 378 1019 alius
409 962 741 1018 deseratur.
767 960 1094 1017 Infidelium
1123 961 1280 1018 enim
1309 967 1364 1018 et
1394 963 1657 1021 ﬁdelium
1687 967 1888 1024 discri-

225 1042 360 1106 men
395 1051 458 1106 in
492 1049 898 1122 relinquendis
919 1048 1051 1107 aliis
1073 1054 1130 1106 et
1149 1049 1282 1106 aliis
1305 1054 1680 1111 assumendis
1699 1055 1886 1112 docet.

225 1137 326 1214 Dei
350 1137 515 1195 enim
552 1137 639 1193 ira
658 1137 1116 1212 ingravescente,
1141 1139 1351 1207 sancti,
1375 1144 1439 1196 ut
1469 1141 1756 1215 Propheta
1785 1142 1886 1211 ait,

226 1227 282 1283 in
312 1226 747 1302 promptuariis
778 1227 1186 1295 recondantur,
1211 1228 1418 1301 perfidi
1447 1247 1581 1286 vero
1613 1232 1684 1286 ad
1714 1231 1888 1288 coele-

227 1303 331 1372 stis
371 1314 538 1388 ignis
584 1313 888 1371 materiem
938 1313 1364 1388 relinquentur.
1397 1321 1552 1374 Duos
1601 1319 1781 1392 igitur
1827 1320 1888 1375 in

229 1411 386 1479 agro,
417 1403 481 1458 id
514 1407 607 1460 est
634 1403 783 1459 duos
814 1401 1062 1476 populos
1091 1403 1353 1461 ﬁdelium
1385 1409 1442 1462 et
1468 1406 1795 1464 infidelium
1828 1407 1887 1464 in

227 1493 464 1560 saeculo,
497 1495 786 1566 tanquam
819 1491 880 1548 in
909 1491 1036 1548 vitae
1067 1492 1249 1565 hujus
1279 1511 1470 1568 opere,
1500 1495 1625 1552 dies
1656 1496 1889 1553 Domini

226 1581 650 1656 deprehendet.
685 1581 1128 1655 Separabuntur
1174 1587 1393 1650 tamen,
1430 1583 1629 1640 relicto
1680 1584 1793 1642 alio
1833 1589 1891 1642 et

225 1672 330 1745 alio
358 1674 698 1744 assumpto.
723 1670 804 1726 De
827 1669 1182 1727 molentibus
1203 1689 1431 1744 quoque
1462 1690 1568 1745 par
1598 1673 1744 1730 ratio
1774 1679 1884 1731 est.

225 1743 382 1820 Licia
399 1778 559 1834 opus
584 1743 740 1833 legis
767 1761 874 1816 est.
907 1760 1016 1817 Sed
1051 1760 1190 1832 quia
1221 1743 1371 1833 pars
1415 1743 1776 1832 Judzeorum,
1813 1768 1879 1820 ut

222 1849 317 1924 per
341 1847 650 1922 apostolos
679 1847 946 1920 credidit,
967 1847 1049 1904 ita
1089 1865 1195 1922 per
1222 1847 1408 1904 Eliam
1441 1853 1532 1906 est
1561 1848 1878 1919 creditura,

222 1937 318 2012 δι’]
329 1937 695 1995 ustiﬁcanda
715 1954 822 2010 per
841 1937 1015 1993 fidem
1039 1941 1129 1994 est
1153 1955 1166 1992 :
1192 1939 1322 1995 ideo
1343 1955 1464 1994 una
1489 1955 1594 2011 per
1623 1941 1892 1998 eamdem

224 2028 395 2085 ﬁdem
427 2027 586 2083 boni
603 2026 798 2099 operis
819 2026 1310 2098 apprehendatur,
1335 2025 1452 2082 alia
1470 2044 1606 2084 vero
1633 2027 1693 2084 in
1715 2027 1896 2087 infru-

227 2123 429 2174 ctuoso
463 2115 620 2189 legis
649 2131 822 2187 opere
863 2113 1246 2186 relinquetur,
1283 2114 1510 2172 molens
1541 2115 1600 2170 in
1633 2133 1892 2188 cassum,

231 2206 615 2276 nonfactura
654 2202 908 2260 caelestis
940 2203 1053 2258 cibi
1099 2219 1334 2276 panem.
1357 2204 1483 2260 Duo
1513 2207 1710 2262 autem
1759 2211 1898 2263 sunt

234 2294 488 2366 in'le'cto,
511 2293 786 2350 eamdem
808 2290 1100 2365 passionis
1122 2291 1436 2348 Dominicis
1459 2293 1720 2366 requiem
1751 2313 1895 2369 prie-

232 2383 516 2451 dieantes,
541 2381 700 2439 circa
730 2398 912 2455 quam
953 2383 1010 2437 et
1053 2379 1460 2438 hereticorum
1491 2387 1550 2438 et
1577 2383 1896 2442 catholico-

239 2489 362 2529 rum
383 2471 600 2529 eadem
622 2475 802 2542 atque
830 2486 952 2526 una
969 2469 1257 2526 confessio
1278 2475 1387 2526 est.
1413 2471 1525 2526 Sed
1557 2471 1688 2544 qnis
1710 2473 1900 2530 unita-

239 2565 350 2618 tem
372 2560 572 2618 Patris
593 2563 652 2616 et
672 2557 826 2629 Filii,
849 2562 905 2614 et
923 2575 1296 2615 communem
1329 2575 1532 2615 eorum
1557 2559 1894 2628 theoteiam,

241 2667 413 2724 quam
445 2648 734 2705 deitatem
765 2652 1202 2719 nu'ncupamus,
1235 2647 1655 2704 catholicorum
1685 2648 1898 2704 veritas

241 2727 594 2812 prredicavit,
609 2743 666 2792 et
681 2737 949 2798 eamdem
975 2752 1209 2792 rursum
1231 2734 1504 2808 plurimis
1524 2736 1900 2813 contumeliis

243 2827 648 2884 hereticorum
673 2823 901 2880 falsitas
924 2824 1310 2897 impugnavit,
1337 2825 1553 2882 idcirco
1574 2843 1644 2881 ex
1667 2826 1902 2882 duobus

244 2915 302 2972 in
329 2915 479 2972 lecto
511 2913 669 2969 alius
699 2913 1082 2984 relinquetur,
1103 2917 1160 2969 et
1179 2911 1332 2969 alius
1363 2919 1702 2970 assumatur
1723 2931 1736 2970 :
1761 2914 1902 2987 quia

247 3005 414 3060 ﬁdem
447 3001 844 3060 confessionis
875 3001 1180 3074 utriusque
1207 3001 1264 3056 in
1293 3019 1410 3058 uno
1441 3003 1820 3070 assumendo,
1845 3007 1902 3059 et

245 3092 354 3150 alio
385 3092 798 3165 relinquendo,
831 3089 1012 3146 divini
1045 3090 1270 3147 arbitrii
1303 3091 1597 3163 judicium
1627 3109 1898 3165 compro-

250 3181 425 3239 babit.
455 3205 484 3232 η

1999 605 2249 686 εὸορθλίε
2279 621 2337 672 et
2367 617 2869 691 consignationem
2894 619 3046 674 sacri
3066 619 3400 682 chrismatis
3430 625 3490 681 in
3519 605 3675 684 con?

1999 703 2327 761 firmatione
2360 705 2624 760 ﬁdelium
2668 706 2898 764 caelitus
2941 706 3242 781 largiendo
3273 717 3476 770 sancta
3503 714 3649 773 cele-

1998 791 2130 848 brat
2149 796 2205 848 et
2225 793 2555 866 frequentat
2573 793 2888 850 Ecclesia.»
2901 793 3064 852 Unde
3082 797 3291 854 beatus
3307 785 3674 859 Ambrosius

1997 872 2058 960 in
2082 880 2253 936 tertio
2283 880 2432 938 libro
2453 883 2524 938 de
2545 882 2942 938 Sacramentis
2964 887 3104 956 (cap.
3126 884 3177 960 1)
3203 884 3346 942 dicit
3369 902 3423 942 :«
3445 871 3676 960 Sequi:

1997 972 2095 1025 tur
2123 968 2383 1042 spiritale
2413 969 2808 1044 signaculum,
2832 972 2988 1042 quod
3033 973 3282 1030 audistis
3311 973 3484 1032 hodie
3512 974 3649 1050 legi,

1999 1055 2138 1130 quia
2158 1061 2290 1130 post
2309 1057 2528 1114 fontem
2551 1063 2818 1131 superest
2837 1063 2902 1115 ut
2919 1061 3194 1132 perfectio
3215 1062 3344 1133 ﬁat;
3369 1063 3649 1136 quoniam
3674 1071 3678 1076 ’

2000 1147 2072 1202 ad
2103 1145 2527 1202 invocationem
2561 1147 2880 1204 sacerdotis
2913 1147 3168 1220 Spiritus
3197 1155 3440 1209 sanctus
3461 1151 3676 1230 infun—f‘

1999 1231 2178 1299 ditur,
2202 1231 2445 1304 spiritus
2469 1233 2768 1306 sapientiae
2793 1238 2850 1290 et
2880 1234 3230 1306 intellectus,
3255 1237 3500 1312 spiritus
3519 1257 3652 1298 con-

1998 1319 2116 1376 silii
2148 1325 2322 1392 atque
2350 1321 2606 1390 virtutis,
2629 1321 2872 1394 spiritus
2892 1325 3244 1398 cognitionis
3269 1331 3442 1401 atque
3471 1320 3674 1403 picta?

1998 1408 2095 1473 tis,
2123 1407 2376 1480 Spiritus
2416 1409 2605 1465 sancti
2653 1409 2905 1467 timoris.
2940 1413 3173 1484 Septem
3204 1415 3374 1489 quasi
3401 1414 3676 1475 virtutes

1999 1499 2139 1552 sunt
2167 1500 2224 1552 et
2253 1513 2458 1554 omnes
2497 1496 2738 1570 quidem
2767 1499 3015 1558 virtutes
3047 1503 3118 1558 ad
3159 1504 3442 1577 Spiritum
3469 1505 3646 1578 perti-

1999 1589 2140 1640 nent
2169 1601 2183 1640 :
2219 1586 2320 1641 sed
2353 1585 2476 1642 istae
2509 1587 2677 1659 quasi
2708 1588 3055 1658 cardinales,
3087 1591 3257 1662 quasi
3295 1593 3646 1668 principales

1999 1673 2123 1729 istae
2156 1677 2295 1729 sunt
2325 1679 2546 1748 septem
2579 1675 2840 1744 virtutes,
2873 1693 3018 1749 quas
3049 1679 3266 1752 accipis
3297 1682 3532 1752 quando
3567 1682 3646 1739 si-

1997 1762 2219 1835 gnaris.
2243 1762 2485 1830 Nam,ut
2506 1763 2589 1819 ait
2607 1764 2920 1836 Apostolus
2941 1771 3202 1835 sanctus,
3229 1769 3368 1841 quia
3381 1767 3654 1842 multi/or-

2001 1853 2106 1908 mis
2135 1860 2215 1908 est
2235 1853 2505 1924 sapientia
2523 1853 2746 1908 Domini
2763 1856 2958 1921 nostri,
2977 1863 3027 1911 et
3053 1857 3410 1928 multiformis
3437 1859 3648 1931 sapien-

2004 1942 2082 1997 tia
2111 1942 2211 1996 Dei
2234 1940 2452 2014 (Ephes.
2477 1943 2674 2010 111,10,
2708 1942 2790 1998 ita
2837 1943 3222 2018 multiformis,
3266 1949 3356 2001 est
3402 1930 3658 2018 Spiritus

2004 2033 2266 2096 sanctus,
2299 2028 2400 2102 qui
2458 2029 2674 2085 haheat
2729 2031 2990 2088 diversas
3039 2031 3348 2105 variasque
3391 2022 3666 2091 virtutes;

2005 2117 2168 2174 Unde
2183 2117 2340 2174 Deus
2352 2115 2637 2172 virtutum
2650 2115 2882 2186 dicitur,
2891 2117 3044 2191 quod
3067 2105 3254 2192 aptari
3276 2122 3467 2192 potest
3482 2107 3658 2190 Patri,

2005 2207 2062 2260 et
2082 2203 2248 2270 Filio,
2263 2207 2321 2260 et
2341 2203 2586 2276 Spiritui
2609 2209 2872 2261 sancto.»
2895 2206 2964 2262 Et
2993 2211 3234 2263 sanctus
3256 2193 3570 2282 Gregorius
3597 2209 3659 2266 in

2005 2291 2154 2348 libro
2187 2291 2498 2348 Moralium
2529 2309 2676 2348 xxxv
2697 2285 2838 2365 (cap.
2857 2296 2894 2348 7
2919 2311 2967 2350 :«
2999 2294 3256 2352 Joannes
3295 2297 3521 2370 septem
3549 2298 3661 2354 Ec-

2005 2380 2200 2436 clesiis
2229 2379 2290 2435 in
2319 2379 2667 2453 Apocalypsi
2717 2381 2956 2454 scripsit
2995 2383 3176 2454 (Apoc.
3203 2399 3244 2452 1,
3271 2385 3347 2455 4),
3380 2401 3485 2457 per
3513 2401 3664 2458 quas

2006 2468 2394 2526 universalem
2440 2469 2761 2526 Ecclesiam
2803 2469 3050 2544 intelligi
3073 2467 3277 2527 voluit.
3303 2475 3437 2540 Quae
3487 2469 3661 2529 nimi-

2005 2576 2137 2614 rum
2161 2555 2506 2614 universalis
2528 2557 2786 2614 Ecclesia
2807 2562 2871 2613 ut
2889 2559 3063 2630 plena
3081 2559 3442 2632 septiformis
3461 2561 3662 2636 gratim

2005 2646 2216 2720 spiritu
2265 2645 2616 2720 signaretur,
2649 2642 2894 2703 Elisaeus
2943 2664 3122 2721 super
3168 2653 3468 2706 mortuum
3518 2665 3660 2724 pue-

2005 2751 2138 2792 rum
2161 2733 2377 2808 septies
2398 2733 2679 2790 oscitasse
2701 2734 3071 2792 describitur.
3095 2732 3284 2810 Super
3303 2733 3659 2797 exstinctum

2006 2824 2222 2896 quippe
2274 2821 2558 2896 populum
2591 2823 2876 2880 Dominus
2930 2824 3168 2882 veniens
3215 2827 3386 2899 quasi
3443 2825 3662 2902 septies

2006 2911 2236 2977 oscitat,
2251 2911 2392 2983 quia
2411 2909 2462 2968 ei
2485 2911 2638 2968 dona
2661 2911 2917 2984 Spiritus
2948 2914 3308 2985 septiformis
3334 2916 3533 2989 gratiae
3555 2915 3662 2973 mi-

2007 2997 2378 3057 sericorditer
2407 2999 2646 3072 aspirat.
2678 3001 2749 3056 Et
2778 2999 3030 3056 haeretici
3063 3005 3243 3073 atque
3269 3002 3331 3058 hi
3363 3003 3466 3076 qui
3496 3011 3662 3078 neque

2007 3093 2169 3146 extra
2189 3087 2494 3145 ecclesiam
2516 3087 2690 3161 positi
2719 3092 2878 3157 sunt,
2894 3093 3091 3145 reatus
3115 3089 3205 3146 sui
3229 3085 3662 3149 absolutionem

2006 3195 2124 3234 non
2156 3176 2470 3250 accipiunt,
2503 3175 2617 3232 nisi
2655 3177 2854 3250 gratiae
2897 3177 3252 3250 scptiformis
3282 3175 3494 3254 spiritu
3524 3180 3664 3237 uni-4

312 3270 472 3328 Unde
494 3268 825 3344 praamissis
845 3267 1126 3341 exemplis
1147 3268 1517 3340 apertissime
1539 3270 1899 3326 demonstra-
1921 3255 1966 3324 C
1987 3265 2212 3324 ‘versali
2260 3255 2478 3338 paci,'a
2507 3279 2624 3337 qua
2673 3262 2847 3321 excisi
2898 3267 3146 3336 fuerant,
3183 3267 3594 3342 aggregentur.
3631 3291 3661 3321 »

247 3363 355 3429 tur,
380 3359 522 3432 quia
549 3358 676 3414 haec
701 3357 801 3412 Dei
837 3357 1270 3429 praedestinatio
1301 3357 1386 3414 ita
1413 3362 1568 3414 recto
1595 3375 1771 3416 sensu
1803 3375 1900 3432 po-

245 3453 352 3506 test
379 3447 621 3522 gemina
654 3445 794 3512 dici,
821 3461 936 3500 non
968 3461 1084 3518 quo
1115 3462 1184 3501 ea
1221 3445 1352 3518 ipsa
1389 3447 1898 3518 praedestinatione

245 3536 324 3592 sic
354 3533 852 3609 prindestinentur
879 3533 1110 3605 reprobi
1133 3533 1204 3590 ad
1228 3532 1550 3603 interitum,
1577 3535 1729 3592 sicut
1753 3553 1896 3608 prae-

245 3624 622 3682 destinantur
649 3620 816 3677 electi
863 3621 936 3676 ad
967 3621 1145 3677 vitam
1179 3639 1192 3678 :
1228 3623 1329 3678 sed
1361 3623 1501 3696 quia
1550 3621 1751 3680 electis
1801 3625 1901 3680 dat

245 3713 427 3788 gratia
442 3711 602 3785 quod
629 3727 746 3766 non
766 3714 1026 3766 meretur
1046 3709 1289 3779 malitia,
1311 3711 1540 3768 relectis
1555 3715 1752 3768 autem
1776 3713 1898 3769 red-

245 3803 328 3857 dit
356 3801 606 3874 aequitas
629 3798 782 3872 quod
817 3803 1075 3856 meretur
1102 3797 1406 3871 iniquitas.
1432 3800 1541 3856 Sed
1565 3805 1622 3856 et
1643 3799 1900 3856 charita-

246 3895 379 3958 tem,
403 3906 537 3962 quae
586 3904 706 3943 una
753 3889 862 3954 est,
891 3887 1030 3960 quia
1055 3887 1210 3944 Deus
1241 3887 1498 3944 charitas
1542 3893 1652 3960 est,
1675 3906 1803 3962 quae
1835 3892 1902 3944 ut

245 3980 303 4034 et
316 3994 491 4034 omne
513 3977 719 4032 datum
743 3977 1052 4049 optimum,
1069 3980 1128 4032 et
1142 3993 1314 4032 omne
1335 3977 1555 4032 donum
1578 3977 1899 4050 perfectum

246 4066 608 4124 descendens
640 4065 682 4120 εἰ
703 4064 872 4120 Patre
900 4064 1197 4121 luminum
1218 4071 1336 4134 est,
1362 4083 1477 4121 non
1501 4065 1691 4121 solum
1725 4065 1902 4139 gemi-

248 4153 380 4210 nam
409 4153 556 4209 dicit
574 4155 784 4210 beatus
818 4153 1152 4226 Gregorius,
1167 4171 1370 4210 verum
1410 4156 1566 4210 114
1603 4159 1662 4210 et
1701 4155 1771 4209 de
1799 4171 1901 4210 ea-

247 4244 375 4300 dem
407 4243 680 4300 scribens
701 4257 753 4298 :«
768 4242 941 4298 Sicut
970 4257 1038 4298 ex
1068 4259 1204 4310 una,
1237 4241 1449 4314 inquit,
1484 4241 1680 4299 radice
1727 4241 1901 4297 multi

247 4331 471 4388 arboris
521 4328 673 4385 rami
725 4331 1039 4402 prodeunt,
1071 4330 1152 4386 ita
1180 4335 1238 4386 et
1267 4348 1334 4386 ex
1386 4348 1504 4387 una
1557 4330 1901 4387 charitatem

247 4419 443 4476 multae
466 4419 712 4474 virtutes
731 4423 1105 4490 generantur.
1124 4420 1194 4474 Et
1214 4419 1284 4474 de
1311 4423 1513 4476 sancto
1535 4419 1778 4492 Spiritu,
1803 4418 1904 4492 qui

247 4527 402 4564 unus
433 4512 546 4574 est,
571 4511 629 4563 et
657 4507 774 4562 duo
795 4511 934 4562 sunt
961 4507 1224 4579 ejusdem
1248 4506 1434 4563 sancti
1463 4508 1719 4580 Spiritus
1741 4509 1900 4576 data,

249 4615 379 4653 cum
411 4595 547 4652 laus
570 4595 873 4668 sapientia:
895 4595 1250 4652 describitur
1277 4595 1339 4651 in
1370 4595 1642 4668 libro‘qui
1665 4597 1903 4652 nomine

248 4679 561 4758 Sapientiae
586 4682 876 4751 titulatur,
906 4687 1218 4756 postquam
1251 4683 1472 4739 dictum
1502 4687 1592 4740 est
1623 4701 1636 4740 :
1667 4685 1906 4759 Spiritus

251 4775 468 4829 Domini
526 4771 756 4844 replevit
808 4772 994 4828 orbem
1039 4781 1311 4828 terrarum
1340 4771 1488 4845 (Sap.
1523 4789 1562 4840 ι,
1583 4775 1662 4842 7),
1695 4774 1905 4846 adjun-

251 4867 407 4918 ctum
437 4866 530 4916 est
561 4876 575 4914 :
605 4861 698 4915 Est
744 4862 896 4915 enim
952 4861 1073 4930 illa,
1107 4859 1248 4932 quin
1299 4859 1586 4932 sapientia
1619 4877 1632 4916 :
1666 4862 1908 4934 Spiritus

250 4952 575 5018 intellectus,
607 4950 839 5022 spiritus
877 4951 1092 5017 unicus,
1125 4950 1436 5021 multiplex,
1469 4949 1709 5017 subtilis,
1741 4951 1915 5008 mobi-

254 5041 338 5107 lis,
369 5041 673 5107 humanus,
705 5037 922 5093 stabilis
953 5038 1102 5109 (Sep.
1125 5055 1225 5104 vn,
1247 5037 1360 5109 22).
1385 5037 1493 5105 Qui
1531 5043 1722 5094 tamen
1755 5058 1909 5096 unus

253 5146 374 5186 esse
394 5145 514 5185 non
541 5125 954 5183 dubitatur.Et
975 5125 1192 5182 dicitur
1208 5125 1418 5182 unicus
1439 5125 1581 5198 quia
1599 5127 1909 5199 indivisus,

255 5217 558 5290 multiplex
609 5233 767 5289 vero,
809 5215 1090 5289 quoniam
1147 5215 1208 5270 in
1261 5215 1547 5272 virtutum
1605 5218 1908 5274 effectibus

255 5305 654 5363 multiformis.
678 5306 751 5361 Et
782 5305 842 5360 in
875 5305 1180 5379 prophetia
1208 5305 1390 5372 Isaiae,
1415 5322 1595 5378 quam
1626 5307 1908 5364 Dominus

255 5396 310 5452 in
341 5395 651 5469 Evangelio
693 5395 751 5450 in
787 5395 980 5468 seipse
1011 5396 1326 5452 montravit
1363 5414 1490 5452 esse
1531 5395 1904 5469 completam,

254 5485 461 5542 dicitur
483 5503 495 5542 ;
519 5486 767 5558 Spiritus
797 5488 1082 5560 sapientiae
1099 5493 1152 5542 et
1180 5487 1502 5553 intellectus,
1527 5489 1758 5559 spiritus
1787 5505 1909 5544 con-

255 5575 369 5631 silii
393 5583 445 5632 et
469 5575 840 5646 fortitudinis,
871 5576 1120 5632 scientiae
1145 5583 1197 5630 et
1221 5577 1460 5647 pietatis,
1493 5583 1544 5631 et
1568 5577 1798 5648 spiritus
1828 5579 1904 5633 ti-

205 5725 217 5730 _
261 5665 414 5721 moris
469 5665 693 5722 Domini
723 5665 872 5732 (lsa.
905 5680 983 5733 x1,
1013 5667 1077 5718 2:
1114 5665 1239 5718 Luc.
1274 5681 1350 5732 1v,
1382 5665 1504 5732 2t);
1540 5681 1668 5736 quae
1718 5665 1904 5738 ipsius

2007 3355 2119 3411 Sed
2149 3359 2206 3412 et
2237 3354 2444 3410 beatus
2476 3352 2692 3409 Paulus
2715 3351 2893 3410 dicit:
2919 3355 3030 3412 Alii
3057 3355 3221 3412 datur
3245 3356 3423 3414 sermo
3450 3359 3664 3432 sapien-

2006 3445 2119 3515 tia’,
2143 3443 2248 3499 alii
2275 3458 2452 3499 sermo
2480 3443 2740 3510 scientiae,
2765 3447 2822 3498 et
2850 3447 3054 3500 caetera
3086 3461 3274 3517 usque
3304 3447 3446 3502 dum
3480 3447 3658 3504 dicit:

2005 3534 2134 3590 Haec
2161 3540 2342 3588 autem
2371 3532 2556 3587 omnia
2587 3539 2845 3603 operatur
2873 3527 3018 3587 unus
3051 3541 3212 3606 atque
3240 3533 3383 3590 idm
3409 3537 3658 3608 spiritus,

2006 3613 2254 3677 dividens
2301 3621 2540 3692 singulis
2583 3627 2748 3692 prout
2791 3621 2909 3676 vult
2949 3621 2999 3692 (l
3025 3621 3146 3677 Cor.
3178 3638 3278 3688 xu,
3309 3624 3478 3693 8-11).
3511 3625 3658 3680 Nam

2007 3711 2162 3770 sicut
2182 3711 2326 3767 fides
2347 3727 2496 3782 opus
2516 3713 2605 3766 est
2633 3709 2734 3764 Dei
2750 3711 2921 3781 juxta
2940 3710 3332 3782 evangelicam
3356 3709 3659 3769 veritatem

2008 3818 2137 3874 qua:
2169 3800 2312 3855 dicit
2344 3816 2356 3855 :
2391 3799 2498 3854 Hoc
2541 3805 2620 3854 est
2665 3805 2849 3854 autem
2903 3797 3036 3870 opus
3084 3800 3198 3868 Dei,
3233 3808 3295 3857 ut
3337 3799 3568 3857 credatis
3598 3802 3661 3856 in

2007 3906 2132 3947 eum
2161 3879 2320 3962 auem
2347 3887 2502 3942 misit
2531 3887 2627 3943 ille
2651 3889 2836 3956 (Joan.
2859 3904 2938 3952 vr,
2960 3887 3072 3959 29),
3096 3887 3178 3944 ita
3207 3892 3264 3944 et
3293 3887 3528 3962 reliquae
3551 3888 3663 3945 vir-

2007 3983 2165 4051 tutes
2195 3979 2268 4034 ad
2297 3978 2584 4033 donorum
2631 3975 2987 4032 charismata
3034 3976 3231 4033 divina
3278 3982 3418 4034 sunt
3463 3995 3659 4052 opera,

2010 4085 2136 4142 qua:
2169 4071 2310 4123 tunc
2335 4082 2404 4121 ex
2428 4065 2526 4122 Dei
2559 4065 3078 4137 praedestinatione
3098 4065 3401 4124 effectibus
3421 4083 3664 4141 operum

2009 4156 2420 4223 ostenduntur,
2472 4170 2608 4210 cum
2665 4153 2937 4226 largitate
2993 4154 3272 4211 bonitatis
3329 4155 3668 4212 divitiarum

2011 4246 2160 4317 ejus,
2184 4243 2284 4317 qui
2306 4243 2466 4299 dives
2485 4245 2574 4298 est
2599 4241 2660 4296 in
2683 4241 2981 4310 omnibus,
3007 4257 3110 4314 pro
3134 4259 3244 4298 sua
3263 4243 3670 4299 misericordia

2010 4339 2069 4392 et
2087 4333 2385 4390 voluntate
2403 4331 2746 4388 hominibus
2769 4332 2840 4387 ad
2862 4331 3225 4387 credentium
3247 4331 3562 4388 utilitatem
3584 4331 3668 4386 di-

2012 4423 2406 4489 stribuuntur,
2432 4420 2585 4476 sicut
2609 4419 2750 4476 dicit
2776 4418 3090 4492 Apostolus
3123 4436 3136 4474 :
3177 4417 3480 4494 Unicuique
3503 4419 3668 4476 datur

2012 4511 2164 4569 “5
2204 4511 2576 4582 manifestatio
2618 4509 2848 4580 spiritus
2897 4507 2966 4562 ad
3014 4507 3305 4564 utilitatem
3334 4508 3382 4580 (Ι
3406 4511 3529 4566 Cor.
3563 4525 3664 4579 χιι,

1936 4622 1984 4688 D
2009 4605 2089 4672 7).
2123 4601 2192 4656 Hi
2223 4599 2388 4688 enim
2407 4613 2612 4654 omnes
2634 4595 2827 4688 operis
2857 4593 3035 4650 divini
3068 4597 3308 4653 effectus
3337 4597 3410 4653 ad
3441 4597 3665 4654 donum

2016 4687 2214 4764 gratiae
2246 4685 2534 4760 pertinere
2569 4686 2912 4740 noscuntur.

2645 4787 2878 4845 CAPUT
2917 4788 3030 4844 XX.

2019 4884 2264 4954 Qualiter
2286 4880 2527 4952 intelligi
2553 4877 2908 4954 debeatquod
2929 4878 3114 4954 beatus
3141 4879 3428 4951 Gregorius
3453 4863 3672 4952 plurali
3712 4937 3716 4940 .

2347 4949 2574 5007 numero
2599 4949 3106 5022 praedestinationes
3133 4949 3333 5024 posuit.

2091 5045 2301 5100 Beatus
2331 5039 2505 5097 etiam
2531 5038 2846 5112 Gregorius
2868 5040 3107 5094 effectus
3139 5037 3667 5111 praedestinationis

2018 5133 2120 5190 Dei
2143 5133 2201 5187 in
2224 5131 2372 5187 libro
2391 5127 2699 5185 Moralium
2716 5129 3044 5200 xxvm)cap.
3065 5131 3154 5197 18)
3171 5127 3382 5201 plurali
3400 5141 3666 5197 numero,

2017 5219 2470 5294 dispositionum
2505 5215 2730 5272 scilicet
2759 5220 2818 5271 et
2847 5215 3450 5288 prmdcstinationum,
3479 5211 3668 5268 nomi-

2018 5311 2194 5375 navit,
2231 5308 2430 5364 dicens
2455 5322 2504 5360 :«
2531 5304 2828 5371 Ordinem,
2853 5304 3064 5376 inquit,
3094 5303 3220 5358 εωιί
3251 5318 3423 5358 nosse
3450 5305 3540 5356 est
3567 5318 3668 5357 su-

2017 5415 2336 5474 pernarum
2366 5394 2818 5466 dispositionum
2841 5392 3099 5448 occultas
3129 5389 3672 5462 praedestinationes

2013 5489 2208 5546 videre
2241 5505 2254 5542 :
2291 5487 2579 5542 rationem
2628 5499 2762 5538 vero
2792 5482 2920 5552 ejus
2951 5480 3008 5534 in
3043 5484 3258 5534 terram
3311 5495 3525 5551 ponere
3554 5484 3668 5548 est,

2015 5583 2150 5636 ante
2179 5578 2442 5633 humana
2472 5572 2647 5628 corda
2677 5569 2883 5626 talium
2915 5569 3268 5622 secretorum
3295 5584 3508 5625 causas
3538 5583 3670 5640 ape-

2016 5668 2151 5724 rire.
2175 5690 2204 5718 ››
2229 5667 2299 5722 Et
2329 5661 2503 5736 paulo
2534 5663 2664 5732 post
2703 5655 2921 5712 multos
2951 5654 3192 5711 effectus
3241 5654 3422 5712 divini
3471 5655 3664 5730 operis
